  <div class='ocr_page' id='page_1' title='image "/cluster/home/n/w/nwhite01/storage/ocr_20150623/55/mdp.39015028539511/030.png"; bbox 0 0 3928 6276; ppageno 0'>
   <div class='ocr_carea' id='block_1_1' title="bbox 222 356 3433 428">
    <p class='ocr_par' dir='ltr' id='par_1_1' title="bbox 222 356 3433 428">
     <span class='ocr_line' id='line_1_1' title="bbox 222 356 3433 428; baseline -0.004 0"><span class='ocrx_word' id='word_1_1' title='bbox 222 372 272 428; x_wconf 75' lang='lat'><strong>31</strong></span> <span class='ocrx_word' id='word_1_2' title='bbox 1400 359 1753 419; x_wconf 72' lang='lat' dir='ltr'><strong>EXPOSITIO</strong></span> <span class='ocrx_word' id='word_1_3' title='bbox 1792 357 1855 414; x_wconf 73' lang='lat' dir='ltr'><strong>IN</strong></span> <span class='ocrx_word' id='word_1_4' title='bbox 1894 356 2217 415; x_wconf 72' lang='lat' dir='ltr'><strong>PSALMUM</strong></span> <span class='ocrx_word' id='word_1_5' title='bbox 2258 356 2346 414; x_wconf 80' lang='lat' dir='ltr'><strong>lli.</strong></span> <span class='ocrx_word' id='word_1_6' title='bbox 3367 360 3433 414; x_wconf 79' lang='lat'><strong>38</strong></span> 
     </span>
    </p>
   </div>
   <div class='ocr_carea' id='block_1_2' title="bbox 221 475 1758 555">
    <p class='ocr_par' dir='ltr' id='par_1_2' title="bbox 221 475 1758 555">
     <span class='ocr_line' id='line_1_2' title="bbox 221 475 1758 555; baseline -0.008 -15"><span class='ocrx_word' id='word_1_7' title='bbox 221 484 460 555; x_wconf 69' lang='lat' dir='ltr'><strong>Scriptura.</strong></span> <span class='ocrx_word' id='word_1_8' title='bbox 498 481 639 550; x_wconf 82' lang='lat' dir='ltr'><strong>Quid</strong></span> <span class='ocrx_word' id='word_1_9' title='bbox 680 479 826 536; x_wconf 78' lang='lat' dir='ltr'><strong>enim</strong></span> <span class='ocrx_word' id='word_1_10' title='bbox 869 479 1007 534; x_wconf 97' lang='lat' dir='ltr'><strong>dicat</strong></span> <span class='ocrx_word' id='word_1_11' title='bbox 1036 477 1160 533; x_wconf 81' lang='lat' dir='ltr'><strong>audi</strong></span> <span class='ocrx_word' id='word_1_12' title='bbox 1197 495 1209 531; x_wconf 90' lang='lat'><strong>:</strong></span> <span class='ocrx_word' id='word_1_13' title='bbox 1251 476 1437 531; x_wconf 72' lang='lat' dir='ltr'><strong>Mulier</strong></span> <span class='ocrx_word' id='word_1_14' title='bbox 1476 476 1612 529; x_wconf 77' lang='lat' dir='ltr'><strong>mola</strong></span> <span class='ocrx_word' id='word_1_15' title='bbox 1652 475 1758 529; x_wconf 77' lang='lat' dir='ltr'><strong>viro</strong></span> 
     </span>
    </p>
   </div>
   <div class='ocr_carea' id='block_1_3' title="bbox 220 569 1759 648">
    <p class='ocr_par' dir='ltr' id='par_1_3' title="bbox 220 569 1759 648">
     <span class='ocr_line' id='line_1_3' title="bbox 220 569 1759 648; baseline -0.006 -17"><span class='ocrx_word' id='word_1_16' title='bbox 220 575 425 648; x_wconf 69' lang='lat' dir='ltr'><strong>pessumi</strong></span> <span class='ocrx_word' id='word_1_17' title='bbox 463 574 670 628; x_wconf 67' lang='lat' dir='ltr'><strong>dabitur</strong></span> <span class='ocrx_word' id='word_1_18' title='bbox 709 573 810 643; x_wconf 76' lang='grc' dir='ltr'><strong>(α).</strong></span> <span class='ocrx_word' id='word_1_19' title='bbox 854 569 916 627; x_wconf 80' lang='grc' dir='ltr'><strong>Εἰ</strong></span> <span class='ocrx_word' id='word_1_20' title='bbox 955 571 1166 626; x_wconf 77' lang='lat' dir='ltr'><strong>dabitur</strong></span> <span class='ocrx_word' id='word_1_21' title='bbox 1211 579 1476 638; x_wconf 84' lang='lat' dir='ltr'><strong>tamquam</strong></span> <span class='ocrx_word' id='word_1_22' title='bbox 1520 582 1759 623; x_wconf 83' lang='lat' dir='ltr'><strong>amarum</strong></span> 
     </span>
    </p>
   </div>
   <div class='ocr_carea' id='block_1_4' title="bbox 218 660 1761 733">
    <p class='ocr_par' dir='ltr' id='par_1_4' title="bbox 218 660 1761 733">
     <span class='ocr_line' id='line_1_4' title="bbox 218 660 1761 733; baseline -0.005 -13"><span class='ocrx_word' id='word_1_23' title='bbox 218 666 472 720; x_wconf 79' lang='lat' dir='ltr'><strong>antidotum</strong></span> <span class='ocrx_word' id='word_1_24' title='bbox 492 704 508 727; x_wconf 90' lang='lat'><strong>,</strong></span> <span class='ocrx_word' id='word_1_25' title='bbox 538 663 685 733; x_wconf 89' lang='lat' dir='ltr'><strong>quod</strong></span> <span class='ocrx_word' id='word_1_26' title='bbox 715 672 1052 732; x_wconf 75' lang='lat' dir='ltr'><strong>peccatorum</strong></span> <span class='ocrx_word' id='word_1_27' title='bbox 1079 660 1246 714; x_wconf 82' lang='lat' dir='ltr'><strong>malos</strong></span> <span class='ocrx_word' id='word_1_28' title='bbox 1284 661 1533 714; x_wconf 83' lang='lat' dir='ltr'><strong>humores</strong></span> <span class='ocrx_word' id='word_1_29' title='bbox 1562 673 1761 713; x_wconf 82' lang='lat' dir='ltr'><strong>consu-</strong></span> 
     </span>
    </p>
   </div>
   <div class='ocr_carea' id='block_1_5' title="bbox 216 751 1761 824">
    <p class='ocr_par' dir='ltr' id='par_1_5' title="bbox 216 751 1761 824">
     <span class='ocr_line' id='line_1_5' title="bbox 216 751 1761 824; baseline -0.005 -12"><span class='ocrx_word' id='word_1_30' title='bbox 216 766 317 812; x_wconf 72' lang='lat' dir='ltr'><strong>mat.</strong></span> <span class='ocrx_word' id='word_1_31' title='bbox 341 755 490 824; x_wconf 80' lang='lat' dir='ltr'><strong>Quod</strong></span> <span class='ocrx_word' id='word_1_32' title='bbox 517 764 697 811; x_wconf 89' lang='lat' dir='ltr'><strong>autem</strong></span> <span class='ocrx_word' id='word_1_33' title='bbox 725 754 887 809; x_wconf 88' lang='lat' dir='ltr'><strong>etiam</strong></span> <span class='ocrx_word' id='word_1_34' title='bbox 912 752 1143 808; x_wconf 78' lang='lat' dir='ltr'><strong>obsideri</strong></span> <span class='ocrx_word' id='word_1_35' title='bbox 1175 768 1202 805; x_wconf 92' lang='lat' dir='ltr'><strong>a</strong></span> <span class='ocrx_word' id='word_1_36' title='bbox 1236 752 1355 806; x_wconf 86' lang='lat' dir='ltr'><strong>filiis</strong></span> <span class='ocrx_word' id='word_1_37' title='bbox 1373 790 1388 817; x_wconf 94' lang='lat'><strong>,</strong></span> <span class='ocrx_word' id='word_1_38' title='bbox 1417 751 1488 807; x_wconf 81' lang='lat' dir='ltr'><strong>sit</strong></span> <span class='ocrx_word' id='word_1_39' title='bbox 1518 759 1761 820; x_wconf 79' lang='lat' dir='ltr'><strong>peccato-</strong></span> 
     </span>
    </p>
   </div>
   <div class='ocr_carea' id='block_1_6' title="bbox 215 841 1761 918">
    <p class='ocr_par' dir='ltr' id='par_1_6' title="bbox 215 841 1761 918">
     <span class='ocr_line' id='line_1_6' title="bbox 215 841 1761 918; baseline -0.006 -14"><span class='ocrx_word' id='word_1_40' title='bbox 215 862 310 904; x_wconf 81' lang='lat' dir='ltr'><strong>rum</strong></span> <span class='ocrx_word' id='word_1_41' title='bbox 332 849 643 918; x_wconf 81' lang='lat' dir='ltr'><strong>supplicium</strong></span> <span class='ocrx_word' id='word_1_42' title='bbox 666 887 683 913; x_wconf 92' lang='lat'><strong>,</strong></span> <span class='ocrx_word' id='word_1_43' title='bbox 714 846 868 900; x_wconf 84' lang='lat' dir='ltr'><strong>testis</strong></span> <span class='ocrx_word' id='word_1_44' title='bbox 893 853 976 899; x_wconf 88' lang='lat' dir='ltr'><strong>est</strong></span> <span class='ocrx_word' id='word_1_45' title='bbox 1004 843 1164 899; x_wconf 85' lang='lat' dir='ltr'><strong>David</strong></span> <span class='ocrx_word' id='word_1_46' title='bbox 1188 885 1204 907; x_wconf 94' lang='lat'><strong>,</strong></span> <span class='ocrx_word' id='word_1_47' title='bbox 1231 844 1321 913; x_wconf 87' lang='lat' dir='ltr'><strong>qui</strong></span> <span class='ocrx_word' id='word_1_48' title='bbox 1365 851 1577 911; x_wconf 81' lang='lat' dir='ltr'><strong>propter</strong></span> <span class='ocrx_word' id='word_1_49' title='bbox 1613 841 1761 896; x_wconf 87' lang='lat' dir='ltr'><strong>nefa-</strong></span> 
     </span>
    </p>
   </div>
   <div class='ocr_carea' id='block_1_7' title="bbox 212 930 1761 1007">
    <p class='ocr_par' dir='ltr' id='par_1_7' title="bbox 212 930 1761 1007">
     <span class='ocr_line' id='line_1_7' title="bbox 212 930 1761 1007; baseline -0.008 -12"><span class='ocrx_word' id='word_1_50' title='bbox 212 941 326 995; x_wconf 78' lang='lat' dir='ltr'><strong>rium</strong></span> <span class='ocrx_word' id='word_1_51' title='bbox 346 950 687 1007; x_wconf 83' lang='lat' dir='ltr'><strong>congressum</strong></span> <span class='ocrx_word' id='word_1_52' title='bbox 716 951 746 989; x_wconf 88' lang='lat' dir='ltr'><strong>a</strong></span> <span class='ocrx_word' id='word_1_53' title='bbox 772 950 874 990; x_wconf 88' lang='lat' dir='ltr'><strong>suo</strong></span> <span class='ocrx_word' id='word_1_54' title='bbox 889 934 998 989; x_wconf 88' lang='lat' dir='ltr'><strong>filio</strong></span> <span class='ocrx_word' id='word_1_55' title='bbox 1019 933 1286 988; x_wconf 82' lang='lat' dir='ltr'><strong>Absalone</strong></span> <span class='ocrx_word' id='word_1_56' title='bbox 1306 932 1448 987; x_wconf 90' lang='lat' dir='ltr'><strong>bello</strong></span> <span class='ocrx_word' id='word_1_57' title='bbox 1472 930 1761 1000; x_wconf 81' lang='lat' dir='ltr'><strong>impetitur,</strong></span> 
     </span>
    </p>
   </div>
   <div class='ocr_carea' id='block_1_8' title="bbox 210 1021 1764 1100">
    <p class='ocr_par' dir='ltr' id='par_1_8' title="bbox 210 1021 1764 1100">
     <span class='ocr_line' id='line_1_8' title="bbox 210 1021 1764 1100; baseline -0.006 -14"><span class='ocrx_word' id='word_1_58' title='bbox 210 1041 258 1086; x_wconf 80' lang='lat' dir='ltr'><strong>ut</strong></span> <span class='ocrx_word' id='word_1_59' title='bbox 291 1032 527 1100; x_wconf 80' lang='lat' dir='ltr'><strong>superius</strong></span> <span class='ocrx_word' id='word_1_60' title='bbox 566 1027 922 1082; x_wconf 81' lang='lat' dir='ltr'><strong>ostendimus.</strong></span> <span class='ocrx_word' id='word_1_61' title='bbox 962 1024 1113 1092; x_wconf 82' lang='lat' dir='ltr'><strong>Quod</strong></span> <span class='ocrx_word' id='word_1_62' title='bbox 1157 1033 1333 1078; x_wconf 87' lang='lat' dir='ltr'><strong>autem</strong></span> <span class='ocrx_word' id='word_1_63' title='bbox 1371 1024 1529 1076; x_wconf 88' lang='lat' dir='ltr'><strong>etiam</strong></span> <span class='ocrx_word' id='word_1_64' title='bbox 1573 1021 1764 1077; x_wconf 79' lang='lat' dir='ltr'><strong>fratrea</strong></span> 
     </span>
    </p>
   </div>
   <div class='ocr_carea' id='block_1_9' title="bbox 208 1112 1759 1189">
    <p class='ocr_par' dir='ltr' id='par_1_9' title="bbox 208 1112 1759 1189">
     <span class='ocr_line' id='line_1_9' title="bbox 208 1112 1759 1189; baseline -0.008 -12"><span class='ocrx_word' id='word_1_65' title='bbox 208 1124 442 1177; x_wconf 83' lang='lat' dir='ltr'><strong>adversus</strong></span> <span class='ocrx_word' id='word_1_66' title='bbox 483 1120 673 1174; x_wconf 87' lang='lat' dir='ltr'><strong>fratres</strong></span> <span class='ocrx_word' id='word_1_67' title='bbox 708 1128 930 1189; x_wconf 81' lang='lat' dir='ltr'><strong>propter</strong></span> <span class='ocrx_word' id='word_1_68' title='bbox 972 1126 1187 1185; x_wconf 87' lang='lat' dir='ltr'><strong>peccata</strong></span> <span class='ocrx_word' id='word_1_69' title='bbox 1234 1115 1425 1168; x_wconf 88' lang='lat' dir='ltr'><strong>bellum</strong></span> <span class='ocrx_word' id='word_1_70' title='bbox 1465 1112 1759 1183; x_wconf 87' lang='lat' dir='ltr'><strong>gesserint,</strong></span> 
     </span>
    </p>
   </div>
   <div class='ocr_carea' id='block_1_10' title="bbox 206 1202 1765 1280">
    <p class='ocr_par' dir='ltr' id='par_1_10' title="bbox 206 1202 1765 1280">
     <span class='ocr_line' id='line_1_10' title="bbox 206 1202 1765 1280; baseline -0.008 -11"><span class='ocrx_word' id='word_1_71' title='bbox 206 1217 341 1269; x_wconf 82' lang='lat' dir='ltr'><strong>testis</strong></span> <span class='ocrx_word' id='word_1_72' title='bbox 363 1224 443 1268; x_wconf 88' lang='lat' dir='ltr'><strong>est</strong></span> <span class='ocrx_word' id='word_1_73' title='bbox 467 1212 603 1266; x_wconf 89' lang='lat' dir='ltr'><strong>liber</strong></span> <span class='ocrx_word' id='word_1_74' title='bbox 624 1210 868 1266; x_wconf 84' lang='lat' dir='ltr'><strong>Judicutn</strong></span> <span class='ocrx_word' id='word_1_75' title='bbox 899 1207 1046 1280; x_wconf 83' lang='lat' dir='ltr'><strong>(Jud.</strong></span> <span class='ocrx_word' id='word_1_76' title='bbox 1077 1206 1144 1260; x_wconf 85' lang='grc'><strong>19</strong></span> <span class='ocrx_word' id='word_1_77' title='bbox 1170 1216 1214 1260; x_wconf 83' lang='lat' dir='ltr'><strong>et</strong></span> <span class='ocrx_word' id='word_1_78' title='bbox 1241 1205 1355 1276; x_wconf 68' lang='lat'><strong>20).</strong></span> <span class='ocrx_word' id='word_1_79' title='bbox 1382 1203 1602 1272; x_wconf 82' lang='lat' dir='ltr'><strong>Quando</strong></span> <span class='ocrx_word' id='word_1_80' title='bbox 1623 1202 1765 1256; x_wconf 89' lang='lat' dir='ltr'><strong>enim</strong></span> 
     </span>
    </p>
   </div>
   <div class='ocr_carea' id='block_1_11' title="bbox 208 1296 1763 1365">
    <p class='ocr_par' dir='ltr' id='par_1_11' title="bbox 208 1296 1763 1365">
     <span class='ocr_line' id='line_1_11' title="bbox 208 1296 1763 1365; baseline -0.01 -5"><span class='ocrx_word' id='word_1_81' title='bbox 208 1308 253 1360; x_wconf 84' lang='lat' dir='ltr'><strong>in</strong></span> <span class='ocrx_word' id='word_1_82' title='bbox 289 1304 498 1359; x_wconf 83' lang='lat' dir='ltr'><strong>viatoris</strong></span> <span class='ocrx_word' id='word_1_83' title='bbox 532 1301 885 1357; x_wconf 89' lang='lat' dir='ltr'><strong>concubinam</strong></span> <span class='ocrx_word' id='word_1_84' title='bbox 929 1298 1166 1354; x_wconf 89' lang='lat' dir='ltr'><strong>fornicati</strong></span> <span class='ocrx_word' id='word_1_85' title='bbox 1202 1308 1359 1358; x_wconf 87' lang='lat' dir='ltr'><strong>sunt,</strong></span> <span class='ocrx_word' id='word_1_86' title='bbox 1387 1296 1475 1365; x_wconf 88' lang='lat' dir='ltr'><strong>qui</strong></span> <span class='ocrx_word' id='word_1_87' title='bbox 1510 1300 1661 1347; x_wconf 89' lang='lat' dir='ltr'><strong>erant</strong></span> <span class='ocrx_word' id='word_1_88' title='bbox 1700 1307 1763 1346; x_wconf 81' lang='lat' dir='ltr'><strong>ex</strong></span> 
     </span>
    </p>
   </div>
   <div class='ocr_carea' id='block_1_12' title="bbox 205 1384 1769 1463">
    <p class='ocr_par' dir='ltr' id='par_1_12' title="bbox 205 1384 1769 1463">
     <span class='ocr_line' id='line_1_12' title="bbox 205 1384 1769 1463; baseline -0.009 -12"><span class='ocrx_word' id='word_1_89' title='bbox 205 1396 331 1451; x_wconf 87' lang='lat' dir='ltr'><strong>tribu</strong></span> <span class='ocrx_word' id='word_1_90' title='bbox 359 1393 630 1463; x_wconf 80' lang='lat' dir='ltr'><strong>Beitjamin</strong></span> <span class='ocrx_word' id='word_1_91' title='bbox 651 1432 668 1457; x_wconf 93' lang='lat'><strong>,</strong></span> <span class='ocrx_word' id='word_1_92' title='bbox 701 1393 787 1445; x_wconf 80' lang='lat' dir='ltr'><strong>illa</strong></span> <span class='ocrx_word' id='word_1_93' title='bbox 818 1400 993 1444; x_wconf 85' lang='lat' dir='ltr'><strong>autem</strong></span> <span class='ocrx_word' id='word_1_94' title='bbox 1019 1404 1138 1442; x_wconf 91' lang='lat' dir='ltr'><strong>cum</strong></span> <span class='ocrx_word' id='word_1_95' title='bbox 1176 1387 1440 1456; x_wconf 90' lang='lat' dir='ltr'><strong>ingentem</strong></span> <span class='ocrx_word' id='word_1_96' title='bbox 1471 1400 1577 1439; x_wconf 83' lang='lat' dir='ltr'><strong>non</strong></span> <span class='ocrx_word' id='word_1_97' title='bbox 1607 1384 1769 1439; x_wconf 89' lang='lat' dir='ltr'><strong>ferret</strong></span> 
     </span>
    </p>
   </div>
   <div class='ocr_carea' id='block_1_13' title="bbox 202 1475 1768 1541">
    <p class='ocr_par' dir='ltr' id='par_1_13' title="bbox 202 1475 1768 1541">
     <span class='ocr_line' id='line_1_13' title="bbox 202 1475 1768 1541; baseline -0.006 -1"><span class='ocrx_word' id='word_1_98' title='bbox 202 1486 568 1541; x_wconf 75' lang='lat' dir='ltr'><strong>contumeliam</strong></span> <span class='ocrx_word' id='word_1_99' title='bbox 606 1492 814 1538; x_wconf 83' lang='lat' dir='ltr'><strong>mortua</strong></span> <span class='ocrx_word' id='word_1_100' title='bbox 853 1489 937 1535; x_wconf 88' lang='lat' dir='ltr'><strong>est</strong></span> <span class='ocrx_word' id='word_1_101' title='bbox 973 1496 990 1533; x_wconf 87' lang='lat'><strong>:</strong></span> <span class='ocrx_word' id='word_1_102' title='bbox 1024 1478 1265 1534; x_wconf 85' lang='lat' dir='ltr'><strong>undecim</strong></span> <span class='ocrx_word' id='word_1_103' title='bbox 1306 1478 1474 1533; x_wconf 86' lang='lat' dir='ltr'><strong>tribus</strong></span> <span class='ocrx_word' id='word_1_104' title='bbox 1516 1475 1768 1530; x_wconf 86' lang='lat' dir='ltr'><strong>adversus</strong></span> 
     </span>
    </p>
   </div>
   <div class='ocr_carea' id='block_1_14' title="bbox 204 1565 1767 1642">
    <p class='ocr_par' dir='ltr' id='par_1_14' title="bbox 204 1565 1767 1642">
     <span class='ocr_line' id='line_1_14' title="bbox 204 1565 1767 1642; baseline -0.008 -12"><span class='ocrx_word' id='word_1_105' title='bbox 204 1593 353 1630; x_wconf 81' lang='lat' dir='ltr'><strong>unam</strong></span> <span class='ocrx_word' id='word_1_106' title='bbox 397 1575 587 1627; x_wconf 80' lang='lat' dir='ltr'><strong>belium</strong></span> <span class='ocrx_word' id='word_1_107' title='bbox 629 1580 956 1642; x_wconf 84' lang='lat' dir='ltr'><strong>gesserunt:</strong></span> <span class='ocrx_word' id='word_1_108' title='bbox 988 1579 1042 1624; x_wconf 91' lang='lat' dir='ltr'><strong>et</strong></span> <span class='ocrx_word' id='word_1_109' title='bbox 1081 1566 1203 1638; x_wconf 82' lang='lat' dir='ltr'><strong>quia</strong></span> <span class='ocrx_word' id='word_1_110' title='bbox 1248 1568 1490 1622; x_wconf 88' lang='lat' dir='ltr'><strong>undecim</strong></span> <span class='ocrx_word' id='word_1_111' title='bbox 1531 1565 1698 1619; x_wconf 90' lang='lat' dir='ltr'><strong>tribus</strong></span> <span class='ocrx_word' id='word_1_112' title='bbox 1737 1579 1767 1618; x_wconf 89' lang='lat' dir='ltr'><strong>a</strong></span> 
     </span>
    </p>
   </div>
   <div class='ocr_carea' id='block_1_15' title="bbox 204 1656 1760 1727">
    <p class='ocr_par' dir='ltr' id='par_1_15' title="bbox 204 1656 1760 1727">
     <span class='ocr_line' id='line_1_15' title="bbox 204 1656 1760 1727; baseline -0.006 -6"><span class='ocrx_word' id='word_1_113' title='bbox 204 1670 306 1721; x_wconf 86' lang='lat' dir='ltr'><strong>Deo</strong></span> <span class='ocrx_word' id='word_1_114' title='bbox 332 1666 664 1727; x_wconf 85' lang='lat' dir='ltr'><strong>defecerant,</strong></span> <span class='ocrx_word' id='word_1_115' title='bbox 693 1673 749 1718; x_wconf 92' lang='lat' dir='ltr'><strong>et</strong></span> <span class='ocrx_word' id='word_1_116' title='bbox 783 1663 1055 1718; x_wconf 76' lang='lat' dir='ltr'><strong>fornicata:</strong></span> <span class='ocrx_word' id='word_1_117' title='bbox 1080 1660 1289 1714; x_wconf 87' lang='lat' dir='ltr'><strong>fuerant</strong></span> <span class='ocrx_word' id='word_1_118' title='bbox 1312 1660 1364 1713; x_wconf 91' lang='lat' dir='ltr'><strong>in</strong></span> <span class='ocrx_word' id='word_1_119' title='bbox 1395 1658 1531 1713; x_wconf 89' lang='lat' dir='ltr'><strong>idola</strong></span> <span class='ocrx_word' id='word_1_120' title='bbox 1556 1698 1570 1724; x_wconf 91' lang='lat'><strong>,</strong></span> <span class='ocrx_word' id='word_1_121' title='bbox 1601 1656 1760 1711; x_wconf 65' lang='lat' dir='ltr'><strong>undeo</strong></span> 
     </span>
    </p>
   </div>
   <div class='ocr_carea' id='block_1_16' title="bbox 204 1749 1768 1818">
    <p class='ocr_par' dir='ltr' id='par_1_16' title="bbox 204 1749 1768 1818">
     <span class='ocr_line' id='line_1_16' title="bbox 204 1749 1768 1818; baseline -0.008 -6"><span class='ocrx_word' id='word_1_122' title='bbox 204 1761 301 1813; x_wconf 77' lang='lat' dir='ltr'><strong>cini</strong></span> <span class='ocrx_word' id='word_1_123' title='bbox 341 1758 504 1811; x_wconf 86' lang='lat' dir='ltr'><strong>tribus</strong></span> <span class='ocrx_word' id='word_1_124' title='bbox 539 1757 610 1809; x_wconf 88' lang='lat' dir='ltr'><strong>ab</strong></span> <span class='ocrx_word' id='word_1_125' title='bbox 648 1771 749 1809; x_wconf 89' lang='lat' dir='ltr'><strong>una</strong></span> <span class='ocrx_word' id='word_1_126' title='bbox 789 1755 928 1810; x_wconf 89' lang='lat' dir='ltr'><strong>tribu</strong></span> <span class='ocrx_word' id='word_1_127' title='bbox 957 1754 1108 1808; x_wconf 72' lang='lat' dir='ltr'><strong>victae</strong></span> <span class='ocrx_word' id='word_1_128' title='bbox 1144 1760 1299 1815; x_wconf 81' lang='lat' dir='ltr'><strong>sont,</strong></span> <span class='ocrx_word' id='word_1_129' title='bbox 1326 1761 1374 1805; x_wconf 90' lang='lat' dir='ltr'><strong>et</strong></span> <span class='ocrx_word' id='word_1_130' title='bbox 1406 1764 1550 1818; x_wconf 73' lang='lat' dir='ltr'><strong>sa-pe</strong></span> <span class='ocrx_word' id='word_1_131' title='bbox 1577 1749 1645 1804; x_wconf 86' lang='lat' dir='ltr'><strong>ab</strong></span> <span class='ocrx_word' id='word_1_132' title='bbox 1668 1762 1768 1801; x_wconf 92' lang='lat' dir='ltr'><strong>una</strong></span> 
     </span>
    </p>
   </div>
   <div class='ocr_carea' id='block_1_17' title="bbox 206 1837 1771 1909">
    <p class='ocr_par' dir='ltr' id='par_1_17' title="bbox 206 1837 1771 1909">
     <span class='ocr_line' id='line_1_17' title="bbox 206 1837 1771 1909; baseline -0.005 -10"><span class='ocrx_word' id='word_1_133' title='bbox 206 1850 351 1901; x_wconf 75' lang='lat' dir='ltr'><strong>victa:</strong></span> <span class='ocrx_word' id='word_1_134' title='bbox 374 1848 534 1901; x_wconf 85' lang='lat' dir='ltr'><strong>semel</strong></span> <span class='ocrx_word' id='word_1_135' title='bbox 562 1847 701 1899; x_wconf 90' lang='lat' dir='ltr'><strong>illam</strong></span> <span class='ocrx_word' id='word_1_136' title='bbox 731 1846 990 1909; x_wconf 84' lang='lat' dir='ltr'><strong>vicerunt,</strong></span> <span class='ocrx_word' id='word_1_137' title='bbox 1017 1853 1069 1897; x_wconf 88' lang='lat' dir='ltr'><strong>et</strong></span> <span class='ocrx_word' id='word_1_138' title='bbox 1094 1843 1281 1895; x_wconf 73' lang='lat' dir='ltr'><strong>fratres</strong></span> <span class='ocrx_word' id='word_1_139' title='bbox 1304 1840 1559 1895; x_wconf 87' lang='lat' dir='ltr'><strong>adversus</strong></span> <span class='ocrx_word' id='word_1_140' title='bbox 1581 1837 1771 1892; x_wconf 78' lang='lat' dir='ltr'><strong>fiatrca</strong></span> 
     </span>
    </p>
   </div>
   <div class='ocr_carea' id='block_1_18' title="bbox 209 1934 1771 2009">
    <p class='ocr_par' dir='ltr' id='par_1_18' title="bbox 209 1934 1771 2009">
     <span class='ocr_line' id='line_1_18' title="bbox 209 1934 1771 2009; baseline -0.006 -15"><span class='ocrx_word' id='word_1_141' title='bbox 209 1941 392 1995; x_wconf 79' lang='lat' dir='ltr'><strong>bellum</strong></span> <span class='ocrx_word' id='word_1_142' title='bbox 432 1948 745 2009; x_wconf 83' lang='lat' dir='ltr'><strong>gesserunt,</strong></span> <span class='ocrx_word' id='word_1_143' title='bbox 781 1934 1204 2006; x_wconf 85' lang='lat' dir='ltr'><strong>quandoquidem</strong></span> <span class='ocrx_word' id='word_1_144' title='bbox 1245 1934 1383 1988; x_wconf 83' lang='lat' dir='ltr'><strong>Deus</strong></span> <span class='ocrx_word' id='word_1_145' title='bbox 1409 1941 1623 2002; x_wconf 88' lang='lat' dir='ltr'><strong>propter</strong></span> <span class='ocrx_word' id='word_1_146' title='bbox 1646 1944 1771 2001; x_wconf 86' lang='lat' dir='ltr'><strong>pec-</strong></span> 
     </span>
    </p>
   </div>
   <div class='ocr_carea' id='block_1_19' title="bbox 207 2022 1773 2096">
    <p class='ocr_par' dir='ltr' id='par_1_19' title="bbox 207 2022 1773 2096">
     <span class='ocr_line' id='line_1_19' title="bbox 207 2022 1773 2096; baseline -0.004 -12"><span class='ocrx_word' id='word_1_147' title='bbox 207 2040 315 2084; x_wconf 82' lang='lat' dir='ltr'><strong>cata</strong></span> <span class='ocrx_word' id='word_1_148' title='bbox 344 2044 523 2084; x_wconf 79' lang='lat' dir='ltr'><strong>eorum</strong></span> <span class='ocrx_word' id='word_1_149' title='bbox 565 2028 934 2083; x_wconf 78' lang='lat' dir='ltr'><strong>intermedium</strong></span> <span class='ocrx_word' id='word_1_150' title='bbox 976 2026 1179 2096; x_wconf 84' lang='lat' dir='ltr'><strong>peccati</strong></span> <span class='ocrx_word' id='word_1_151' title='bbox 1216 2026 1498 2079; x_wconf 90' lang='lat' dir='ltr'><strong>maceriam</strong></span> <span class='ocrx_word' id='word_1_152' title='bbox 1537 2022 1773 2077; x_wconf 88' lang='lat' dir='ltr'><strong>sustulit.</strong></span> 
     </span>
    </p>
   </div>
   <div class='ocr_carea' id='block_1_20' title="bbox 208 2113 1772 2184">
    <p class='ocr_par' dir='ltr' id='par_1_20' title="bbox 208 2113 1772 2184">
     <span class='ocr_line' id='line_1_20' title="bbox 208 2113 1772 2184; baseline -0.005 -11"><span class='ocrx_word' id='word_1_153' title='bbox 208 2120 458 2184; x_wconf 78' lang='lat' dir='ltr'><strong>Quoniam</strong></span> <span class='ocrx_word' id='word_1_154' title='bbox 482 2119 625 2173; x_wconf 86' lang='lat' dir='ltr'><strong>enim</strong></span> <span class='ocrx_word' id='word_1_155' title='bbox 653 2133 758 2173; x_wconf 87' lang='lat' dir='ltr'><strong>una</strong></span> <span class='ocrx_word' id='word_1_156' title='bbox 787 2117 956 2171; x_wconf 87' lang='lat' dir='ltr'><strong>tribus</strong></span> <span class='ocrx_word' id='word_1_157' title='bbox 989 2116 1041 2170; x_wconf 92' lang='lat' dir='ltr'><strong>in</strong></span> <span class='ocrx_word' id='word_1_158' title='bbox 1069 2116 1341 2170; x_wconf 88' lang='lat' dir='ltr'><strong>mulierem</strong></span> <span class='ocrx_word' id='word_1_159' title='bbox 1368 2113 1640 2177; x_wconf 87' lang='lat' dir='ltr'><strong>fornicata,</strong></span> <span class='ocrx_word' id='word_1_160' title='bbox 1672 2127 1772 2166; x_wconf 87' lang='lat' dir='ltr'><strong>un-</strong></span> 
     </span>
    </p>
   </div>
   <div class='ocr_carea' id='block_1_21' title="bbox 209 2201 1774 2268">
    <p class='ocr_par' dir='ltr' id='par_1_21' title="bbox 209 2201 1774 2268">
     <span class='ocr_line' id='line_1_21' title="bbox 209 2201 1774 2268; baseline -0.007 -1"><span class='ocrx_word' id='word_1_161' title='bbox 209 2213 379 2267; x_wconf 82' lang='lat' dir='ltr'><strong>decim</strong></span> <span class='ocrx_word' id='word_1_162' title='bbox 404 2222 578 2265; x_wconf 88' lang='lat' dir='ltr'><strong>autem</strong></span> <span class='ocrx_word' id='word_1_163' title='bbox 609 2209 776 2264; x_wconf 89' lang='lat' dir='ltr'><strong>tribus</strong></span> <span class='ocrx_word' id='word_1_164' title='bbox 807 2210 860 2262; x_wconf 92' lang='lat' dir='ltr'><strong>in</strong></span> <span class='ocrx_word' id='word_1_165' title='bbox 900 2208 1040 2262; x_wconf 84' lang='lat' dir='ltr'><strong>idola</strong></span> <span class='ocrx_word' id='word_1_166' title='bbox 1068 2206 1339 2261; x_wconf 69' lang='lat' dir='ltr'><strong>fornicata:</strong></span> <span class='ocrx_word' id='word_1_167' title='bbox 1366 2205 1607 2268; x_wconf 83' lang='lat' dir='ltr'><strong>fuerant,</strong></span> <span class='ocrx_word' id='word_1_168' title='bbox 1637 2211 1692 2259; x_wconf 87' lang='lat' dir='ltr'><strong>et</strong></span> <span class='ocrx_word' id='word_1_169' title='bbox 1720 2201 1774 2256; x_wconf 87' lang='lat' dir='ltr'><strong>hi</strong></span> 
     </span>
    </p>
   </div>
   <div class='ocr_carea' id='block_1_22' title="bbox 209 2288 1775 2363">
    <p class='ocr_par' dir='ltr' id='par_1_22' title="bbox 209 2288 1775 2363">
     <span class='ocr_line' id='line_1_22' title="bbox 209 2288 1775 2363; baseline -0.008 -5"><span class='ocrx_word' id='word_1_170' title='bbox 209 2311 259 2358; x_wconf 84' lang='lat' dir='ltr'><strong>et</strong></span> <span class='ocrx_word' id='word_1_171' title='bbox 282 2304 402 2357; x_wconf 89' lang='lat' dir='ltr'><strong>illia</strong></span> <span class='ocrx_word' id='word_1_172' title='bbox 423 2301 533 2355; x_wconf 86' lang='lat' dir='ltr'><strong>Deo</strong></span> <span class='ocrx_word' id='word_1_173' title='bbox 555 2288 890 2355; x_wconf 79' lang='lat' dir='ltr'><strong>exterminati</strong></span> <span class='ocrx_word' id='word_1_174' title='bbox 917 2306 1058 2363; x_wconf 89' lang='lat' dir='ltr'><strong>sunt,</strong></span> <span class='ocrx_word' id='word_1_175' title='bbox 1082 2297 1218 2352; x_wconf 85' lang='lat' dir='ltr'><strong>sicut</strong></span> <span class='ocrx_word' id='word_1_176' title='bbox 1241 2297 1492 2363; x_wconf 90' lang='lat' dir='ltr'><strong>scriptum</strong></span> <span class='ocrx_word' id='word_1_177' title='bbox 1519 2302 1601 2349; x_wconf 90' lang='lat' dir='ltr'><strong>est</strong></span> <span class='ocrx_word' id='word_1_178' title='bbox 1625 2311 1639 2347; x_wconf 92' lang='lat'><strong>:</strong></span> <span class='ocrx_word' id='word_1_179' title='bbox 1669 2291 1775 2346; x_wconf 71' lang='lat' dir='ltr'><strong>Ex-</strong></span> 
     </span>
    </p>
   </div>
   <div class='ocr_carea' id='block_1_23' title="bbox 208 2382 1772 2460">
    <p class='ocr_par' dir='ltr' id='par_1_23' title="bbox 208 2382 1772 2460">
     <span class='ocr_line' id='line_1_23' title="bbox 208 2382 1772 2460; baseline -0.009 -12"><span class='ocrx_word' id='word_1_180' title='bbox 208 2393 475 2448; x_wconf 74' lang='lat' dir='ltr'><strong>ternu&#39;nasti</strong></span> <span class='ocrx_word' id='word_1_181' title='bbox 511 2406 709 2444; x_wconf 81' lang='lat' dir='ltr'><strong>omnem</strong></span> <span class='ocrx_word' id='word_1_182' title='bbox 749 2390 836 2458; x_wconf 83' lang='lat' dir='ltr'><strong>qui</strong></span> <span class='ocrx_word' id='word_1_183' title='bbox 879 2389 1156 2460; x_wconf 76' lang='lat' dir='ltr'><strong>fornicatur</strong></span> <span class='ocrx_word' id='word_1_184' title='bbox 1188 2403 1220 2440; x_wconf 90' lang='lat' dir='ltr'><strong>a</strong></span> <span class='ocrx_word' id='word_1_185' title='bbox 1253 2398 1299 2440; x_wconf 90' lang='lat' dir='ltr'><strong>te</strong></span> <span class='ocrx_word' id='word_1_186' title='bbox 1324 2384 1505 2458; x_wconf 82' lang='lat' dir='ltr'><strong>(Psal.</strong></span> <span class='ocrx_word' id='word_1_187' title='bbox 1539 2384 1624 2439; x_wconf 73' lang='lat'><strong>72.</strong></span> <span class='ocrx_word' id='word_1_188' title='bbox 1654 2382 1772 2453; x_wconf 75' lang='lat'><strong>27).</strong></span> 
     </span>
    </p>
   </div>
   <div class='ocr_carea' id='block_1_24' title="bbox 206 2473 1775 2552">
    <p class='ocr_par' dir='ltr' id='par_1_24' title="bbox 206 2473 1775 2552">
     <span class='ocr_line' id='line_1_24' title="bbox 206 2473 1775 2552; baseline -0.008 -13"><span class='ocrx_word' id='word_1_189' title='bbox 206 2485 415 2539; x_wconf 79' lang='lat' dir='ltr'><strong>Fratres</strong></span> <span class='ocrx_word' id='word_1_190' title='bbox 449 2497 578 2552; x_wconf 87' lang='lat' dir='ltr'><strong>ergo</strong></span> <span class='ocrx_word' id='word_1_191' title='bbox 615 2481 872 2537; x_wconf 86' lang='lat' dir='ltr'><strong>adversus</strong></span> <span class='ocrx_word' id='word_1_192' title='bbox 915 2478 1106 2533; x_wconf 82' lang='lat' dir='ltr'><strong>fratres</strong></span> <span class='ocrx_word' id='word_1_193' title='bbox 1144 2487 1357 2547; x_wconf 89' lang='lat' dir='ltr'><strong>propter</strong></span> <span class='ocrx_word' id='word_1_194' title='bbox 1396 2484 1606 2545; x_wconf 86' lang='lat' dir='ltr'><strong>peccata</strong></span> <span class='ocrx_word' id='word_1_195' title='bbox 1636 2473 1775 2531; x_wconf 86' lang='lat' dir='ltr'><strong>bella</strong></span> 
     </span>
    </p>
   </div>
   <div class='ocr_carea' id='block_1_25' title="bbox 202 2565 1777 2645">
    <p class='ocr_par' dir='ltr' id='par_1_25' title="bbox 202 2565 1777 2645">
     <span class='ocr_line' id='line_1_25' title="bbox 202 2565 1777 2645; baseline -0.006 -16"><span class='ocrx_word' id='word_1_196' title='bbox 202 2584 491 2645; x_wconf 81' lang='lat' dir='ltr'><strong>gesserunt.</strong></span> <span class='ocrx_word' id='word_1_197' title='bbox 518 2573 574 2628; x_wconf 86' lang='lat' dir='ltr'><strong>Si</strong></span> <span class='ocrx_word' id='word_1_198' title='bbox 601 2583 654 2627; x_wconf 91' lang='lat' dir='ltr'><strong>te</strong></span> <span class='ocrx_word' id='word_1_199' title='bbox 676 2571 867 2627; x_wconf 88' lang='lat' dir='ltr'><strong>fratres</strong></span> <span class='ocrx_word' id='word_1_200' title='bbox 885 2578 1208 2640; x_wconf 79' lang='lat' dir='ltr'><strong>oppugnant,</strong></span> <span class='ocrx_word' id='word_1_201' title='bbox 1232 2583 1337 2623; x_wconf 91' lang='lat' dir='ltr'><strong>non</strong></span> <span class='ocrx_word' id='word_1_202' title='bbox 1360 2574 1558 2622; x_wconf 87' lang='lat' dir='ltr'><strong>tantum</strong></span> <span class='ocrx_word' id='word_1_203' title='bbox 1580 2566 1648 2622; x_wconf 86' lang='lat' dir='ltr'><strong>de</strong></span> <span class='ocrx_word' id='word_1_204' title='bbox 1671 2565 1777 2621; x_wconf 89' lang='lat' dir='ltr'><strong>illis</strong></span> 
     </span>
    </p>
   </div>
   <div class='ocr_carea' id='block_1_26' title="bbox 204 2658 1778 2736">
    <p class='ocr_par' dir='ltr' id='par_1_26' title="bbox 204 2658 1778 2736">
     <span class='ocr_line' id='line_1_26' title="bbox 204 2658 1778 2736; baseline -0.006 -16"><span class='ocrx_word' id='word_1_205' title='bbox 204 2667 536 2736; x_wconf 84' lang='lat' dir='ltr'><strong>ingemiscas,</strong></span> <span class='ocrx_word' id='word_1_206' title='bbox 556 2672 811 2733; x_wconf 90' lang='lat' dir='ltr'><strong>quantum</strong></span> <span class='ocrx_word' id='word_1_207' title='bbox 841 2661 981 2730; x_wconf 86' lang='lat' dir='ltr'><strong>apud</strong></span> <span class='ocrx_word' id='word_1_208' title='bbox 1011 2661 1234 2730; x_wconf 87' lang='lat' dir='ltr'><strong>teipsum</strong></span> <span class='ocrx_word' id='word_1_209' title='bbox 1265 2659 1524 2714; x_wconf 89' lang='lat' dir='ltr'><strong>rationem</strong></span> <span class='ocrx_word' id='word_1_210' title='bbox 1553 2658 1699 2713; x_wconf 86' lang='lat' dir='ltr'><strong>ineas</strong></span> <span class='ocrx_word' id='word_1_211' title='bbox 1723 2665 1778 2713; x_wconf 91' lang='lat' dir='ltr'><strong>et</strong></span> 
     </span>
    </p>
   </div>
   <div class='ocr_carea' id='block_1_27' title="bbox 202 2747 1779 2824">
    <p class='ocr_par' dir='ltr' id='par_1_27' title="bbox 202 2747 1779 2824">
     <span class='ocr_line' id='line_1_27' title="bbox 202 2747 1779 2824; baseline -0.003 -16"><span class='ocrx_word' id='word_1_212' title='bbox 202 2754 434 2824; x_wconf 81' lang='lat' dir='ltr'><strong>inquiras</strong></span> <span class='ocrx_word' id='word_1_213' title='bbox 463 2765 681 2822; x_wconf 87' lang='lat' dir='ltr'><strong>propter</strong></span> <span class='ocrx_word' id='word_1_214' title='bbox 705 2766 949 2820; x_wconf 77' lang='lat' dir='ltr'><strong>quamam</strong></span> <span class='ocrx_word' id='word_1_215' title='bbox 990 2760 1202 2820; x_wconf 88' lang='lat' dir='ltr'><strong>peccata</strong></span> <span class='ocrx_word' id='word_1_216' title='bbox 1233 2749 1423 2804; x_wconf 83' lang='lat' dir='ltr'><strong>fratres</strong></span> <span class='ocrx_word' id='word_1_217' title='bbox 1452 2749 1524 2804; x_wconf 90' lang='lat' dir='ltr'><strong>tui</strong></span> <span class='ocrx_word' id='word_1_218' title='bbox 1551 2749 1656 2803; x_wconf 83' lang='lat' dir='ltr'><strong>sint</strong></span> <span class='ocrx_word' id='word_1_219' title='bbox 1682 2747 1779 2804; x_wconf 86' lang='lat' dir='ltr'><strong>bo-</strong></span> 
     </span>
    </p>
   </div>
   <div class='ocr_carea' id='block_1_28' title="bbox 196 2837 1780 2911">
    <p class='ocr_par' dir='ltr' id='par_1_28' title="bbox 196 2837 1780 2911">
     <span class='ocr_line' id='line_1_28' title="bbox 196 2837 1780 2911; baseline -0.003 -14"><span class='ocrx_word' id='word_1_220' title='bbox 196 2854 329 2897; x_wconf 69' lang='lat' dir='ltr'><strong>otes.</strong></span> <span class='ocrx_word' id='word_1_221' title='bbox 355 2841 469 2896; x_wconf 81' lang='lat' dir='ltr'><strong>Non</strong></span> <span class='ocrx_word' id='word_1_222' title='bbox 495 2841 637 2911; x_wconf 88' lang='lat' dir='ltr'><strong>quod</strong></span> <span class='ocrx_word' id='word_1_223' title='bbox 664 2856 853 2897; x_wconf 86' lang='lat' dir='ltr'><strong>omnes</strong></span> <span class='ocrx_word' id='word_1_224' title='bbox 881 2849 1093 2909; x_wconf 84' lang='lat' dir='ltr'><strong>prOpter</strong></span> <span class='ocrx_word' id='word_1_225' title='bbox 1118 2847 1328 2908; x_wconf 80' lang='lat' dir='ltr'><strong>peccata</strong></span> <span class='ocrx_word' id='word_1_226' title='bbox 1354 2853 1382 2892; x_wconf 93' lang='lat' dir='ltr'><strong>a</strong></span> <span class='ocrx_word' id='word_1_227' title='bbox 1408 2837 1657 2893; x_wconf 86' lang='lat' dir='ltr'><strong>fratribus</strong></span> <span class='ocrx_word' id='word_1_228' title='bbox 1685 2852 1780 2908; x_wconf 79' lang='lat' dir='ltr'><strong>op-</strong></span> 
     </span>
    </p>
   </div>
   <div class='ocr_carea' id='block_1_29' title="bbox 196 2927 1777 3001">
    <p class='ocr_par' dir='ltr' id='par_1_29' title="bbox 196 2927 1777 3001">
     <span class='ocr_line' id='line_1_29' title="bbox 196 2927 1777 3001; baseline -0.001 -17"><span class='ocrx_word' id='word_1_229' title='bbox 196 2941 498 3001; x_wconf 86' lang='lat' dir='ltr'><strong>pugnentur</strong></span> <span class='ocrx_word' id='word_1_230' title='bbox 529 2949 542 2984; x_wconf 87' lang='lat'><strong>:</strong></span> <span class='ocrx_word' id='word_1_231' title='bbox 570 2930 772 2999; x_wconf 82' lang='lat' dir='ltr'><strong>Joseph</strong></span> <span class='ocrx_word' id='word_1_232' title='bbox 808 2929 951 2984; x_wconf 90' lang='lat' dir='ltr'><strong>enim</strong></span> <span class='ocrx_word' id='word_1_233' title='bbox 994 2928 1392 2999; x_wconf 83' lang='lat' dir='ltr'><strong>oppugnabatur</strong></span> <span class='ocrx_word' id='word_1_234' title='bbox 1422 2942 1453 2982; x_wconf 91' lang='lat' dir='ltr'><strong>a</strong></span> <span class='ocrx_word' id='word_1_235' title='bbox 1490 2927 1777 2994; x_wconf 86' lang='lat' dir='ltr'><strong>fratribus;</strong></span> 
     </span>
    </p>
   </div>
   <div class='ocr_carea' id='block_1_30' title="bbox 195 3018 1782 3093">
    <p class='ocr_par' dir='ltr' id='par_1_30' title="bbox 195 3018 1782 3093">
     <span class='ocr_line' id='line_1_30' title="bbox 195 3018 1782 3093; baseline -0.003 -16"><span class='ocrx_word' id='word_1_236' title='bbox 195 3040 372 3093; x_wconf 72' lang='lat' dir='ltr'><strong>neque</strong></span> <span class='ocrx_word' id='word_1_237' title='bbox 395 3038 524 3077; x_wconf 89' lang='lat' dir='ltr'><strong>sane</strong></span> <span class='ocrx_word' id='word_1_238' title='bbox 551 3032 768 3092; x_wconf 90' lang='lat' dir='ltr'><strong>propter</strong></span> <span class='ocrx_word' id='word_1_239' title='bbox 797 3031 1049 3091; x_wconf 87' lang='lat' dir='ltr'><strong>peccata:</strong></span> <span class='ocrx_word' id='word_1_240' title='bbox 1076 3029 1130 3077; x_wconf 89' lang='lat' dir='ltr'><strong>et</strong></span> <span class='ocrx_word' id='word_1_241' title='bbox 1161 3020 1295 3076; x_wconf 87' lang='lat' dir='ltr'><strong>Jobo</strong></span> <span class='ocrx_word' id='word_1_242' title='bbox 1330 3034 1463 3076; x_wconf 83' lang='lat' dir='ltr'><strong>uxor</strong></span> <span class='ocrx_word' id='word_1_243' title='bbox 1496 3018 1782 3074; x_wconf 85' lang='lat' dir='ltr'><strong>insidiaba-</strong></span> 
     </span>
    </p>
   </div>
   <div class='ocr_carea' id='block_1_31' title="bbox 196 3110 1780 3184">
    <p class='ocr_par' dir='ltr' id='par_1_31' title="bbox 196 3110 1780 3184">
     <span class='ocr_line' id='line_1_31' title="bbox 196 3110 1780 3184; baseline -0.001 -17"><span class='ocrx_word' id='word_1_244' title='bbox 196 3126 312 3181; x_wconf 85' lang='lat' dir='ltr'><strong>tur;</strong></span> <span class='ocrx_word' id='word_1_245' title='bbox 338 3130 443 3168; x_wconf 88' lang='lat' dir='ltr'><strong>non</strong></span> <span class='ocrx_word' id='word_1_246' title='bbox 465 3124 685 3184; x_wconf 82' lang='lat' dir='ltr'><strong>propter</strong></span> <span class='ocrx_word' id='word_1_247' title='bbox 704 3123 920 3183; x_wconf 84' lang='lat' dir='ltr'><strong>peccata</strong></span> <span class='ocrx_word' id='word_1_248' title='bbox 947 3120 1090 3167; x_wconf 89' lang='lat' dir='ltr'><strong>certe</strong></span> <span class='ocrx_word' id='word_1_249' title='bbox 1111 3129 1125 3165; x_wconf 92' lang='lat'><strong>:</strong></span> <span class='ocrx_word' id='word_1_250' title='bbox 1148 3111 1243 3167; x_wconf 91' lang='lat' dir='ltr'><strong>sed</strong></span> <span class='ocrx_word' id='word_1_251' title='bbox 1263 3110 1401 3182; x_wconf 87' lang='lat' dir='ltr'><strong>quod</strong></span> <span class='ocrx_word' id='word_1_252' title='bbox 1426 3111 1580 3180; x_wconf 87' lang='lat' dir='ltr'><strong>longe</strong></span> <span class='ocrx_word' id='word_1_253' title='bbox 1600 3110 1780 3180; x_wconf 83' lang='lat' dir='ltr'><strong>plures</strong></span> 
     </span>
    </p>
   </div>
   <div class='ocr_carea' id='block_1_32' title="bbox 195 3201 1778 3274">
    <p class='ocr_par' dir='ltr' id='par_1_32' title="bbox 195 3201 1778 3274">
     <span class='ocr_line' id='line_1_32' title="bbox 195 3201 1778 3274; baseline -0.003 -15"><span class='ocrx_word' id='word_1_254' title='bbox 195 3206 437 3259; x_wconf 83' lang='lat' dir='ltr'><strong>homines</strong></span> <span class='ocrx_word' id='word_1_255' title='bbox 467 3214 688 3274; x_wconf 80' lang='lat' dir='ltr'><strong>prepter</strong></span> <span class='ocrx_word' id='word_1_256' title='bbox 721 3213 933 3273; x_wconf 87' lang='lat' dir='ltr'><strong>peccata</strong></span> <span class='ocrx_word' id='word_1_257' title='bbox 969 3203 1108 3259; x_wconf 89' lang='lat' dir='ltr'><strong>bella</strong></span> <span class='ocrx_word' id='word_1_258' title='bbox 1143 3201 1432 3258; x_wconf 86' lang='lat' dir='ltr'><strong>habeamus</strong></span> <span class='ocrx_word' id='word_1_259' title='bbox 1464 3201 1778 3256; x_wconf 88' lang='lat' dir='ltr'><strong>domestica.</strong></span> 
     </span>
    </p>
   </div>
   <div class='ocr_carea' id='block_1_33' title="bbox 191 3288 1781 3363">
    <p class='ocr_par' dir='ltr' id='par_1_33' title="bbox 191 3288 1781 3363">
     <span class='ocr_line' id='line_1_33' title="bbox 191 3288 1781 3363; baseline -0.003 -14"><span class='ocrx_word' id='word_1_260' title='bbox 191 3294 603 3363; x_wconf 78' lang='lat' dir='ltr'><strong>Nonnumquam</strong></span> <span class='ocrx_word' id='word_1_261' title='bbox 645 3296 805 3349; x_wconf 85' lang='lat' dir='ltr'><strong>etiam</strong></span> <span class='ocrx_word' id='word_1_262' title='bbox 844 3294 998 3348; x_wconf 88' lang='lat' dir='ltr'><strong>amici</strong></span> <span class='ocrx_word' id='word_1_263' title='bbox 1034 3288 1087 3348; x_wconf 85' lang='lat' dir='ltr'><strong>in</strong></span> <span class='ocrx_word' id='word_1_264' title='bbox 1115 3292 1359 3348; x_wconf 88' lang='lat' dir='ltr'><strong>inimicos</strong></span> <span class='ocrx_word' id='word_1_265' title='bbox 1395 3301 1781 3348; x_wconf 79' lang='lat' dir='ltr'><strong>convertuntur</strong></span> 
     </span>
    </p>
   </div>
   <div class='ocr_carea' id='block_1_34' title="bbox 194 3383 1782 3454">
    <p class='ocr_par' dir='ltr' id='par_1_34' title="bbox 194 3383 1782 3454">
     <span class='ocr_line' id='line_1_34' title="bbox 194 3383 1782 3454; baseline 0 -16"><span class='ocrx_word' id='word_1_266' title='bbox 194 3395 411 3454; x_wconf 85' lang='lat' dir='ltr'><strong>propter</strong></span> <span class='ocrx_word' id='word_1_267' title='bbox 452 3392 672 3453; x_wconf 84' lang='lat' dir='ltr'><strong>peccata</strong></span> <span class='ocrx_word' id='word_1_268' title='bbox 696 3423 712 3450; x_wconf 91' lang='lat'><strong>,</strong></span> <span class='ocrx_word' id='word_1_269' title='bbox 756 3392 811 3438; x_wconf 92' lang='lat' dir='ltr'><strong>et</strong></span> <span class='ocrx_word' id='word_1_270' title='bbox 848 3384 938 3453; x_wconf 92' lang='lat' dir='ltr'><strong>qui</strong></span> <span class='ocrx_word' id='word_1_271' title='bbox 979 3383 1106 3437; x_wconf 91' lang='lat' dir='ltr'><strong>olim</strong></span> <span class='ocrx_word' id='word_1_272' title='bbox 1147 3384 1424 3450; x_wconf 88' lang='lat' dir='ltr'><strong>amabant,</strong></span> <span class='ocrx_word' id='word_1_273' title='bbox 1463 3383 1690 3438; x_wconf 88' lang='lat' dir='ltr'><strong>oderunt</strong></span> <span class='ocrx_word' id='word_1_274' title='bbox 1727 3392 1782 3439; x_wconf 90' lang='lat' dir='ltr'><strong>et</strong></span> 
     </span>
    </p>
   </div>
   <div class='ocr_carea' id='block_1_35' title="bbox 195 3473 1781 3544">
    <p class='ocr_par' dir='ltr' id='par_1_35' title="bbox 195 3473 1781 3544">
     <span class='ocr_line' id='line_1_35' title="bbox 195 3473 1781 3544; baseline 0.001 -17"><span class='ocrx_word' id='word_1_275' title='bbox 195 3486 541 3543; x_wconf 81' lang='lat' dir='ltr'><strong>aversantur,</strong></span> <span class='ocrx_word' id='word_1_276' title='bbox 572 3474 687 3528; x_wconf 90' lang='lat' dir='ltr'><strong>Deo</strong></span> <span class='ocrx_word' id='word_1_277' title='bbox 725 3474 828 3529; x_wconf 89' lang='lat' dir='ltr'><strong>tale</strong></span> <span class='ocrx_word' id='word_1_278' title='bbox 866 3473 1047 3528; x_wconf 88' lang='lat' dir='ltr'><strong>odium</strong></span> <span class='ocrx_word' id='word_1_279' title='bbox 1087 3474 1404 3529; x_wconf 87' lang='lat' dir='ltr'><strong>immittente</strong></span> <span class='ocrx_word' id='word_1_280' title='bbox 1445 3484 1660 3544; x_wconf 88' lang='lat' dir='ltr'><strong>propter</strong></span> <span class='ocrx_word' id='word_1_281' title='bbox 1689 3489 1781 3529; x_wconf 88' lang='lat' dir='ltr'><strong>eas</strong></span> 
     </span>
    </p>
   </div>
   <div class='ocr_carea' id='block_1_36' title="bbox 192 3562 1782 3634">
    <p class='ocr_par' dir='ltr' id='par_1_36' title="bbox 192 3562 1782 3634">
     <span class='ocr_line' id='line_1_36' title="bbox 192 3562 1782 3634; baseline 0.001 -16"><span class='ocrx_word' id='word_1_282' title='bbox 192 3580 324 3634; x_wconf 84' lang='lat' dir='ltr'><strong>quas</strong></span> <span class='ocrx_word' id='word_1_283' title='bbox 361 3565 512 3619; x_wconf 84' lang='lat' dir='ltr'><strong>novit</strong></span> <span class='ocrx_word' id='word_1_284' title='bbox 556 3564 809 3619; x_wconf 88' lang='lat' dir='ltr'><strong>rationes.</strong></span> <span class='ocrx_word' id='word_1_285' title='bbox 852 3562 925 3617; x_wconf 86' lang='lat' dir='ltr'><strong>Ita</strong></span> <span class='ocrx_word' id='word_1_286' title='bbox 967 3564 1107 3618; x_wconf 88' lang='lat' dir='ltr'><strong>enim</strong></span> <span class='ocrx_word' id='word_1_287' title='bbox 1147 3565 1201 3618; x_wconf 88' lang='lat' dir='ltr'><strong>in</strong></span> <span class='ocrx_word' id='word_1_288' title='bbox 1244 3565 1453 3620; x_wconf 83' lang='lat' dir='ltr'><strong>Psalmo</strong></span> <span class='ocrx_word' id='word_1_289' title='bbox 1490 3565 1782 3620; x_wconf 83' lang='lat' dir='ltr'><strong>centesimo</strong></span> 
     </span>
    </p>
   </div>
   <div class='ocr_carea' id='block_1_37' title="bbox 194 3654 1780 3726">
    <p class='ocr_par' dir='ltr' id='par_1_37' title="bbox 194 3654 1780 3726">
     <span class='ocr_line' id='line_1_37' title="bbox 194 3654 1780 3726; baseline 0.002 -18"><span class='ocrx_word' id='word_1_290' title='bbox 194 3666 386 3726; x_wconf 89' lang='lat' dir='ltr'><strong>quarto</strong></span> <span class='ocrx_word' id='word_1_291' title='bbox 414 3656 674 3725; x_wconf 89' lang='lat' dir='ltr'><strong>scriptum</strong></span> <span class='ocrx_word' id='word_1_292' title='bbox 703 3665 787 3709; x_wconf 92' lang='lat' dir='ltr'><strong>est</strong></span> <span class='ocrx_word' id='word_1_293' title='bbox 810 3655 878 3709; x_wconf 90' lang='lat' dir='ltr'><strong>de</strong></span> <span class='ocrx_word' id='word_1_294' title='bbox 916 3654 1176 3726; x_wconf 74' lang='lat' dir='ltr'><strong>A-Igyptiis</strong></span> <span class='ocrx_word' id='word_1_295' title='bbox 1208 3674 1222 3711; x_wconf 94' lang='lat'><strong>:</strong></span> <span class='ocrx_word' id='word_1_296' title='bbox 1249 3654 1542 3711; x_wconf 85' lang='lat' dir='ltr'><strong>Convertisti</strong></span> <span class='ocrx_word' id='word_1_297' title='bbox 1571 3672 1657 3710; x_wconf 88' lang='lat' dir='ltr'><strong>cor</strong></span> <span class='ocrx_word' id='word_1_298' title='bbox 1691 3673 1780 3711; x_wconf 79' lang='lat' dir='ltr'><strong>eo—</strong></span> 
     </span>
    </p>
   </div>
   <div class='ocr_carea' id='block_1_38' title="bbox 194 3748 1777 3819">
    <p class='ocr_par' dir='ltr' id='par_1_38' title="bbox 194 3748 1777 3819">
     <span class='ocr_line' id='line_1_38' title="bbox 194 3748 1777 3819; baseline 0.001 -18"><span class='ocrx_word' id='word_1_299' title='bbox 194 3765 306 3801; x_wconf 72' lang='lat' dir='ltr'><strong>rum</strong></span> <span class='ocrx_word' id='word_1_300' title='bbox 331 3759 389 3801; x_wconf 77' lang='lat' dir='ltr'><strong>ut</strong></span> <span class='ocrx_word' id='word_1_301' title='bbox 413 3750 612 3803; x_wconf 82' lang='lat' dir='ltr'><strong>adirent</strong></span> <span class='ocrx_word' id='word_1_302' title='bbox 638 3748 879 3818; x_wconf 81' lang='lat' dir='ltr'><strong>populum</strong></span> <span class='ocrx_word' id='word_1_303' title='bbox 906 3749 1017 3818; x_wconf 85' lang='lat' dir='ltr'><strong>ejus</strong></span> <span class='ocrx_word' id='word_1_304' title='bbox 1042 3748 1210 3818; x_wconf 82' lang='lat' dir='ltr'><strong>(Psal.</strong></span> <span class='ocrx_word' id='word_1_305' title='bbox 1244 3750 1365 3805; x_wconf 76' lang='grc'><strong>104.</strong></span> <span class='ocrx_word' id='word_1_306' title='bbox 1393 3750 1506 3819; x_wconf 76' lang='grc'><strong>25).</strong></span> <span class='ocrx_word' id='word_1_307' title='bbox 1537 3749 1652 3804; x_wconf 89' lang='lat' dir='ltr'><strong>Non</strong></span> <span class='ocrx_word' id='word_1_308' title='bbox 1678 3750 1777 3803; x_wconf 89' lang='lat' dir='ltr'><strong>im-</strong></span> 
     </span>
    </p>
   </div>
   <div class='ocr_carea' id='block_1_39' title="bbox 196 3840 1781 3913">
    <p class='ocr_par' dir='ltr' id='par_1_39' title="bbox 196 3840 1781 3913">
     <span class='ocr_line' id='line_1_39' title="bbox 196 3840 1781 3913; baseline 0.003 -20"><span class='ocrx_word' id='word_1_309' title='bbox 196 3842 416 3895; x_wconf 79' lang='lat' dir='ltr'><strong>missum</strong></span> <span class='ocrx_word' id='word_1_310' title='bbox 461 3850 646 3895; x_wconf 89' lang='lat' dir='ltr'><strong>autem</strong></span> <span class='ocrx_word' id='word_1_311' title='bbox 681 3851 823 3896; x_wconf 89' lang='lat' dir='ltr'><strong>esset</strong></span> <span class='ocrx_word' id='word_1_312' title='bbox 858 3856 889 3894; x_wconf 91' lang='lat' dir='ltr'><strong>a</strong></span> <span class='ocrx_word' id='word_1_313' title='bbox 926 3840 1037 3896; x_wconf 92' lang='lat' dir='ltr'><strong>Deo</strong></span> <span class='ocrx_word' id='word_1_314' title='bbox 1071 3842 1284 3909; x_wconf 91' lang='lat' dir='ltr'><strong>odium,</strong></span> <span class='ocrx_word' id='word_1_315' title='bbox 1314 3843 1416 3897; x_wconf 90' lang='lat' dir='ltr'><strong>nisi</strong></span> <span class='ocrx_word' id='word_1_316' title='bbox 1458 3843 1605 3913; x_wconf 89' lang='lat' dir='ltr'><strong>prius</strong></span> <span class='ocrx_word' id='word_1_317' title='bbox 1642 3842 1781 3897; x_wconf 89' lang='lat' dir='ltr'><strong>male</strong></span> 
     </span>
    </p>
   </div>
   <div class='ocr_carea' id='block_1_40' title="bbox 195 3932 1776 4004">
    <p class='ocr_par' dir='ltr' id='par_1_40' title="bbox 195 3932 1776 4004">
     <span class='ocr_line' id='line_1_40' title="bbox 195 3932 1776 4004; baseline 0.001 -18"><span class='ocrx_word' id='word_1_318' title='bbox 195 3943 487 3988; x_wconf 84' lang='lat' dir='ltr'><strong>amassent.</strong></span> <span class='ocrx_word' id='word_1_319' title='bbox 523 3932 724 4000; x_wconf 83' lang='lat' dir='ltr'><strong>Quibus</strong></span> <span class='ocrx_word' id='word_1_320' title='bbox 752 3932 896 3987; x_wconf 89' lang='lat' dir='ltr'><strong>enim</strong></span> <span class='ocrx_word' id='word_1_321' title='bbox 921 3933 1150 3988; x_wconf 89' lang='lat' dir='ltr'><strong>amicitia</strong></span> <span class='ocrx_word' id='word_1_322' title='bbox 1174 3933 1514 4004; x_wconf 72' lang='lat' dir='ltr'><strong>comparabat</strong></span> <span class='ocrx_word' id='word_1_323' title='bbox 1537 3934 1776 4000; x_wconf 82' lang='lat' dir='ltr'><strong>exitium,</strong></span> 
     </span>
    </p>
   </div>
   <div class='ocr_carea' id='block_1_41' title="bbox 195 4020 1783 4094">
    <p class='ocr_par' dir='ltr' id='par_1_41' title="bbox 195 4020 1783 4094">
     <span class='ocr_line' id='line_1_41' title="bbox 195 4020 1783 4094; baseline 0 -18"><span class='ocrx_word' id='word_1_324' title='bbox 195 4020 258 4076; x_wconf 88' lang='lat' dir='ltr'><strong>iis</strong></span> <span class='ocrx_word' id='word_1_325' title='bbox 283 4025 469 4078; x_wconf 88' lang='lat' dir='ltr'><strong>odium</strong></span> <span class='ocrx_word' id='word_1_326' title='bbox 501 4032 618 4078; x_wconf 89' lang='lat' dir='ltr'><strong>erat</strong></span> <span class='ocrx_word' id='word_1_327' title='bbox 650 4022 863 4077; x_wconf 85' lang='lat' dir='ltr'><strong>occasio</strong></span> <span class='ocrx_word' id='word_1_328' title='bbox 899 4023 1125 4079; x_wconf 89' lang='lat' dir='ltr'><strong>virtutis.</strong></span> <span class='ocrx_word' id='word_1_329' title='bbox 1157 4023 1269 4078; x_wconf 91' lang='lat' dir='ltr'><strong>lmo</strong></span> <span class='ocrx_word' id='word_1_330' title='bbox 1302 4038 1455 4079; x_wconf 88' lang='lat' dir='ltr'><strong>serva</strong></span> <span class='ocrx_word' id='word_1_331' title='bbox 1485 4037 1693 4094; x_wconf 91' lang='lat' dir='ltr'><strong>quoque</strong></span> <span class='ocrx_word' id='word_1_332' title='bbox 1728 4030 1783 4078; x_wconf 91' lang='lat' dir='ltr'><strong>et</strong></span> 
     </span>
    </p>
   </div>
   <div class='ocr_carea' id='block_1_42' title="bbox 192 4115 1781 4186">
    <p class='ocr_par' dir='ltr' id='par_1_42' title="bbox 192 4115 1781 4186">
     <span class='ocr_line' id='line_1_42' title="bbox 192 4115 1781 4186; baseline 0.001 -17"><span class='ocrx_word' id='word_1_333' title='bbox 192 4116 408 4169; x_wconf 80' lang='lat' dir='ltr'><strong>subdita</strong></span> <span class='ocrx_word' id='word_1_334' title='bbox 438 4130 666 4185; x_wconf 84' lang='lat' dir='ltr'><strong>corpora</strong></span> <span class='ocrx_word' id='word_1_335' title='bbox 705 4130 850 4186; x_wconf 65' lang='lat' dir='ltr'><strong>sa&#39;pe</strong></span> <span class='ocrx_word' id='word_1_336' title='bbox 890 4123 1108 4185; x_wconf 68' lang='lat' dir='ltr'><strong>promer</strong></span> <span class='ocrx_word' id='word_1_337' title='bbox 1135 4123 1404 4184; x_wconf 87' lang='lat' dir='ltr'><strong>peccatum</strong></span> <span class='ocrx_word' id='word_1_338' title='bbox 1446 4115 1781 4170; x_wconf 84' lang='lat' dir='ltr'><strong>insurrexere</strong></span> 
     </span>
    </p>
   </div>
   <div class='ocr_carea' id='block_1_43' title="bbox 192 4206 1779 4280">
    <p class='ocr_par' dir='ltr' id='par_1_43' title="bbox 192 4206 1779 4280">
     <span class='ocr_line' id='line_1_43' title="bbox 192 4206 1779 4280; baseline 0.001 -19"><span class='ocrx_word' id='word_1_339' title='bbox 192 4206 241 4261; x_wconf 88' lang='lat' dir='ltr'><strong>in</strong></span> <span class='ocrx_word' id='word_1_340' title='bbox 265 4209 572 4263; x_wconf 87' lang='lat' dir='ltr'><strong>dominum.</strong></span> <span class='ocrx_word' id='word_1_341' title='bbox 609 4209 740 4263; x_wconf 87' lang='lat' dir='ltr'><strong>Vide</strong></span> <span class='ocrx_word' id='word_1_342' title='bbox 767 4209 909 4263; x_wconf 90' lang='lat' dir='ltr'><strong>enim</strong></span> <span class='ocrx_word' id='word_1_343' title='bbox 936 4209 1122 4273; x_wconf 89' lang='lat' dir='ltr'><strong>Adam,</strong></span> <span class='ocrx_word' id='word_1_344' title='bbox 1149 4225 1270 4264; x_wconf 90' lang='lat' dir='ltr'><strong>cum</strong></span> <span class='ocrx_word' id='word_1_345' title='bbox 1297 4209 1527 4264; x_wconf 87' lang='lat' dir='ltr'><strong>nondum</strong></span> <span class='ocrx_word' id='word_1_346' title='bbox 1562 4223 1779 4280; x_wconf 87' lang='lat' dir='ltr'><strong>peccas-</strong></span> 
     </span>
    </p>
   </div>
   <div class='ocr_carea' id='block_1_44' title="bbox 188 4300 1777 4368">
    <p class='ocr_par' dir='ltr' id='par_1_44' title="bbox 188 4300 1777 4368">
     <span class='ocr_line' id='line_1_44' title="bbox 188 4300 1777 4368; baseline -0.001 -13"><span class='ocrx_word' id='word_1_347' title='bbox 188 4309 289 4366; x_wconf 76' lang='lat' dir='ltr'><strong>set,</strong></span> <span class='ocrx_word' id='word_1_348' title='bbox 322 4301 528 4356; x_wconf 83' lang='lat' dir='ltr'><strong>bestias</strong></span> <span class='ocrx_word' id='word_1_349' title='bbox 555 4312 824 4368; x_wconf 85' lang='lat' dir='ltr'><strong>tamquam</strong></span> <span class='ocrx_word' id='word_1_350' title='bbox 863 4314 1044 4357; x_wconf 89' lang='lat' dir='ltr'><strong>servas</strong></span> <span class='ocrx_word' id='word_1_351' title='bbox 1068 4309 1121 4355; x_wconf 90' lang='lat' dir='ltr'><strong>et</strong></span> <span class='ocrx_word' id='word_1_352' title='bbox 1143 4300 1448 4356; x_wconf 84' lang='lat' dir='ltr'><strong>obedientes</strong></span> <span class='ocrx_word' id='word_1_353' title='bbox 1475 4300 1777 4367; x_wconf 84' lang='lat' dir='ltr'><strong>habentem,</strong></span> 
     </span>
    </p>
   </div>
   <div class='ocr_carea' id='block_1_45' title="bbox 188 4389 1775 4465">
    <p class='ocr_par' dir='ltr' id='par_1_45' title="bbox 188 4389 1775 4465">
     <span class='ocr_line' id='line_1_45' title="bbox 188 4389 1775 4465; baseline -0.001 -20"><span class='ocrx_word' id='word_1_354' title='bbox 188 4403 238 4445; x_wconf 80' lang='lat' dir='ltr'><strong>et</strong></span> <span class='ocrx_word' id='word_1_355' title='bbox 259 4393 347 4446; x_wconf 85' lang='lat' dir='ltr'><strong>eis</strong></span> <span class='ocrx_word' id='word_1_356' title='bbox 382 4403 653 4462; x_wconf 82' lang='lat' dir='ltr'><strong>tamquam</strong></span> <span class='ocrx_word' id='word_1_357' title='bbox 684 4393 856 4446; x_wconf 82' lang='lat' dir='ltr'><strong>servis</strong></span> <span class='ocrx_word' id='word_1_358' title='bbox 881 4392 1093 4445; x_wconf 88' lang='lat' dir='ltr'><strong>nomina</strong></span> <span class='ocrx_word' id='word_1_359' title='bbox 1130 4392 1485 4460; x_wconf 89' lang='lat' dir='ltr'><strong>imponentem</strong></span> <span class='ocrx_word' id='word_1_360' title='bbox 1525 4389 1685 4465; x_wconf 85' lang='lat' dir='ltr'><strong>(Gen.</strong></span> <span class='ocrx_word' id='word_1_361' title='bbox 1719 4389 1775 4444; x_wconf 82' lang='grc'><strong>2.</strong></span> 
     </span>
    </p>
   </div>
   <div class='ocr_carea' id='block_1_46' title="bbox 191 4481 1775 4552">
    <p class='ocr_par' dir='ltr' id='par_1_46' title="bbox 191 4481 1775 4552">
     <span class='ocr_line' id='line_1_46' title="bbox 191 4481 1775 4552; baseline -0.001 -16"><span class='ocrx_word' id='word_1_362' title='bbox 191 4481 299 4552; x_wconf 83' lang='grc'><strong>19).</strong></span> <span class='ocrx_word' id='word_1_363' title='bbox 340 4482 637 4552; x_wconf 72' lang='lat' dir='ltr'><strong>Pustquam</strong></span> <span class='ocrx_word' id='word_1_364' title='bbox 675 4490 851 4536; x_wconf 90' lang='lat' dir='ltr'><strong>autem</strong></span> <span class='ocrx_word' id='word_1_365' title='bbox 878 4493 1149 4551; x_wconf 83' lang='lat' dir='ltr'><strong>aspectum</strong></span> <span class='ocrx_word' id='word_1_366' title='bbox 1180 4492 1398 4552; x_wconf 87' lang='lat' dir='ltr'><strong>peccato</strong></span> <span class='ocrx_word' id='word_1_367' title='bbox 1421 4482 1775 4537; x_wconf 82' lang='lat' dir='ltr'><strong>commacula-</strong></span> 
     </span>
    </p>
   </div>
   <div class='ocr_carea' id='block_1_47' title="bbox 188 4574 1779 4643">
    <p class='ocr_par' dir='ltr' id='par_1_47' title="bbox 188 4574 1779 4643">
     <span class='ocr_line' id='line_1_47' title="bbox 188 4574 1779 4643; baseline 0.004 -20"><span class='ocrx_word' id='word_1_368' title='bbox 188 4574 277 4637; x_wconf 79' lang='lat' dir='ltr'><strong>vit,</strong></span> <span class='ocrx_word' id='word_1_369' title='bbox 310 4585 449 4629; x_wconf 88' lang='lat' dir='ltr'><strong>tunc</strong></span> <span class='ocrx_word' id='word_1_370' title='bbox 475 4575 661 4628; x_wconf 74' lang='lat' dir='ltr'><strong>beSIia:</strong></span> <span class='ocrx_word' id='word_1_371' title='bbox 682 4589 804 4628; x_wconf 91' lang='lat' dir='ltr'><strong>eum</strong></span> <span class='ocrx_word' id='word_1_372' title='bbox 830 4589 937 4627; x_wconf 89' lang='lat' dir='ltr'><strong>non</strong></span> <span class='ocrx_word' id='word_1_373' title='bbox 965 4574 1371 4643; x_wconf 83' lang='lat' dir='ltr'><strong>cognoscebant,</strong></span> <span class='ocrx_word' id='word_1_374' title='bbox 1395 4582 1450 4629; x_wconf 90' lang='lat' dir='ltr'><strong>et</strong></span> <span class='ocrx_word' id='word_1_375' title='bbox 1472 4590 1589 4643; x_wconf 68' lang='lat' dir='ltr'><strong>quae</strong></span> <span class='ocrx_word' id='word_1_376' title='bbox 1612 4589 1779 4629; x_wconf 67' lang='lat' dir='ltr'><strong>servae</strong></span> 
     </span>
    </p>
   </div>
   <div class='ocr_carea' id='block_1_48' title="bbox 182 4667 1780 4737">
    <p class='ocr_par' dir='ltr' id='par_1_48' title="bbox 182 4667 1780 4737">
     <span class='ocr_line' id='line_1_48' title="bbox 182 4667 1780 4737; baseline -0.001 -15"><span class='ocrx_word' id='word_1_377' title='bbox 182 4680 344 4723; x_wconf 77' lang='lat' dir='ltr'><strong>erant</strong></span> <span class='ocrx_word' id='word_1_378' title='bbox 366 4671 418 4723; x_wconf 87' lang='lat' dir='ltr'><strong>ei</strong></span> <span class='ocrx_word' id='word_1_379' title='bbox 440 4711 456 4731; x_wconf 93' lang='lat'><strong>,</strong></span> <span class='ocrx_word' id='word_1_380' title='bbox 485 4668 671 4721; x_wconf 86' lang='lat' dir='ltr'><strong>hostes</strong></span> <span class='ocrx_word' id='word_1_381' title='bbox 707 4676 1008 4722; x_wconf 89' lang='lat' dir='ltr'><strong>evaserunt.</strong></span> <span class='ocrx_word' id='word_1_382' title='bbox 1046 4669 1121 4721; x_wconf 83' lang='lat' dir='ltr'><strong>Ac</strong></span> <span class='ocrx_word' id='word_1_383' title='bbox 1152 4667 1595 4737; x_wconf 87' lang='lat' dir='ltr'><strong>quemadmodum</strong></span> <span class='ocrx_word' id='word_1_384' title='bbox 1633 4667 1780 4721; x_wconf 78' lang='lat' dir='ltr'><strong>canis</strong></span> 
     </span>
    </p>
   </div>
   <div class='ocr_carea' id='block_1_49' title="bbox 184 4757 1781 4828">
    <p class='ocr_par' dir='ltr' id='par_1_49' title="bbox 184 4757 1781 4828">
     <span class='ocr_line' id='line_1_49' title="bbox 184 4757 1781 4828; baseline -0.001 -14"><span class='ocrx_word' id='word_1_385' title='bbox 184 4760 270 4828; x_wconf 77' lang='lat' dir='ltr'><strong>qui</strong></span> <span class='ocrx_word' id='word_1_386' title='bbox 301 4760 365 4813; x_wconf 86' lang='lat' dir='ltr'><strong>in</strong></span> <span class='ocrx_word' id='word_1_387' title='bbox 393 4758 560 4813; x_wconf 89' lang='lat' dir='ltr'><strong>domo</strong></span> <span class='ocrx_word' id='word_1_388' title='bbox 585 4767 685 4819; x_wconf 89' lang='lat' dir='ltr'><strong>est,</strong></span> <span class='ocrx_word' id='word_1_389' title='bbox 712 4759 761 4812; x_wconf 91' lang='lat' dir='ltr'><strong>ei</strong></span> <span class='ocrx_word' id='word_1_390' title='bbox 788 4757 970 4822; x_wconf 89' lang='lat' dir='ltr'><strong>servit,</strong></span> <span class='ocrx_word' id='word_1_391' title='bbox 998 4757 1087 4826; x_wconf 89' lang='lat' dir='ltr'><strong>qui</strong></span> <span class='ocrx_word' id='word_1_392' title='bbox 1112 4773 1230 4812; x_wconf 88' lang='lat' dir='ltr'><strong>eum</strong></span> <span class='ocrx_word' id='word_1_393' title='bbox 1260 4757 1371 4824; x_wconf 85' lang='lat' dir='ltr'><strong>alit,</strong></span> <span class='ocrx_word' id='word_1_394' title='bbox 1401 4766 1454 4813; x_wconf 92' lang='lat' dir='ltr'><strong>et</strong></span> <span class='ocrx_word' id='word_1_395' title='bbox 1482 4773 1602 4812; x_wconf 88' lang='lat' dir='ltr'><strong>eum</strong></span> <span class='ocrx_word' id='word_1_396' title='bbox 1631 4758 1781 4812; x_wconf 87' lang='lat' dir='ltr'><strong>timet</strong></span> 
     </span>
    </p>
   </div>
   <div class='ocr_carea' id='block_1_50' title="bbox 182 4848 1778 4919">
    <p class='ocr_par' dir='ltr' id='par_1_50' title="bbox 182 4848 1778 4919">
     <span class='ocr_line' id='line_1_50' title="bbox 182 4848 1778 4919; baseline 0.002 -17"><span class='ocrx_word' id='word_1_397' title='bbox 182 4863 241 4902; x_wconf 78' lang='lat' dir='ltr'><strong>ac</strong></span> <span class='ocrx_word' id='word_1_398' title='bbox 269 4850 566 4914; x_wconf 87' lang='lat' dir='ltr'><strong>formidat,</strong></span> <span class='ocrx_word' id='word_1_399' title='bbox 596 4848 690 4903; x_wconf 91' lang='lat' dir='ltr'><strong>sed</strong></span> <span class='ocrx_word' id='word_1_400' title='bbox 714 4851 757 4902; x_wconf 91' lang='lat' dir='ltr'><strong>si</strong></span> <span class='ocrx_word' id='word_1_401' title='bbox 785 4863 909 4903; x_wconf 91' lang='lat' dir='ltr'><strong>eum</strong></span> <span class='ocrx_word' id='word_1_402' title='bbox 939 4857 1157 4917; x_wconf 89' lang='lat' dir='ltr'><strong>repente</strong></span> <span class='ocrx_word' id='word_1_403' title='bbox 1180 4848 1371 4902; x_wconf 86' lang='lat' dir='ltr'><strong>viderit</strong></span> <span class='ocrx_word' id='word_1_404' title='bbox 1395 4849 1539 4904; x_wconf 85' lang='lat' dir='ltr'><strong>vultu</strong></span> <span class='ocrx_word' id='word_1_405' title='bbox 1566 4849 1778 4919; x_wconf 79' lang='lat' dir='ltr'><strong>fuligine</strong></span> 
     </span>
    </p>
   </div>
   <div class='ocr_carea' id='block_1_51' title="bbox 181 4938 1777 5009">
    <p class='ocr_par' dir='ltr' id='par_1_51' title="bbox 181 4938 1777 5009">
     <span class='ocr_line' id='line_1_51' title="bbox 181 4938 1777 5009; baseline 0.004 -22"><span class='ocrx_word' id='word_1_406' title='bbox 181 4948 363 4994; x_wconf 80' lang='lat' dir='ltr'><strong>strato</strong></span> <span class='ocrx_word' id='word_1_407' title='bbox 390 4939 476 4994; x_wconf 83' lang='lat' dir='ltr'><strong>vel</strong></span> <span class='ocrx_word' id='word_1_408' title='bbox 506 4947 871 5008; x_wconf 80' lang='lat' dir='ltr'><strong>personatum,</strong></span> <span class='ocrx_word' id='word_1_409' title='bbox 902 4938 1203 5008; x_wconf 76' lang='lat' dir='ltr'><strong>aggreditur</strong></span> <span class='ocrx_word' id='word_1_410' title='bbox 1232 4948 1495 5009; x_wconf 88' lang='lat' dir='ltr'><strong>tamquam</strong></span> <span class='ocrx_word' id='word_1_411' title='bbox 1524 4939 1777 5008; x_wconf 87' lang='lat' dir='ltr'><strong>alienum,</strong></span> 
     </span>
    </p>
   </div>
   <div class='ocr_carea' id='block_1_52' title="bbox 180 5016 1776 5099">
    <p class='ocr_par' dir='ltr' id='par_1_52' title="bbox 180 5016 1776 5099">
     <span class='ocr_line' id='line_1_52' title="bbox 180 5016 1776 5099; baseline 0.002 -18"><span class='ocrx_word' id='word_1_412' title='bbox 180 5038 232 5081; x_wconf 86' lang='lat' dir='ltr'><strong>et</strong></span> <span class='ocrx_word' id='word_1_413' title='bbox 273 5046 407 5084; x_wconf 73' lang='lat' dir='ltr'><strong>etim</strong></span> <span class='ocrx_word' id='word_1_414' title='bbox 445 5031 747 5084; x_wconf 88' lang='lat' dir='ltr'><strong>dilacerare</strong></span> <span class='ocrx_word' id='word_1_415' title='bbox 789 5038 1001 5084; x_wconf 90' lang='lat' dir='ltr'><strong>tentat:</strong></span> <span class='ocrx_word' id='word_1_416' title='bbox 1034 5029 1103 5083; x_wconf 86' lang='lat' dir='ltr'><strong>ita</strong></span> <span class='ocrx_word' id='word_1_417' title='bbox 1142 5016 1579 5099; x_wconf 66' lang='lat' dir='ltr'><strong>etiam&#39;qnamdiu</strong></span> <span class='ocrx_word' id='word_1_418' title='bbox 1606 5029 1776 5085; x_wconf 88' lang='lat' dir='ltr'><strong>Adam</strong></span> 
     </span>
    </p>
   </div>
   <div class='ocr_carea' id='block_1_53' title="bbox 183 5121 1774 5194">
    <p class='ocr_par' dir='ltr' id='par_1_53' title="bbox 183 5121 1774 5194">
     <span class='ocr_line' id='line_1_53' title="bbox 183 5121 1774 5194; baseline 0.002 -19"><span class='ocrx_word' id='word_1_419' title='bbox 183 5134 385 5186; x_wconf 71' lang='lat' dir='ltr'><strong>parum</strong></span> <span class='ocrx_word' id='word_1_420' title='bbox 426 5122 663 5177; x_wconf 74' lang='lat' dir='ltr'><strong>servavit</strong></span> <span class='ocrx_word' id='word_1_421' title='bbox 704 5123 947 5188; x_wconf 86' lang='lat' dir='ltr'><strong>vultum,</strong></span> <span class='ocrx_word' id='word_1_422' title='bbox 987 5121 1182 5177; x_wconf 86' lang='lat' dir='ltr'><strong>factum</strong></span> <span class='ocrx_word' id='word_1_423' title='bbox 1224 5122 1289 5177; x_wconf 89' lang='lat' dir='ltr'><strong>ad</strong></span> <span class='ocrx_word' id='word_1_424' title='bbox 1330 5123 1611 5194; x_wconf 83' lang='lat' dir='ltr'><strong>imaginem</strong></span> <span class='ocrx_word' id='word_1_425' title='bbox 1651 5124 1774 5191; x_wconf 85' lang='lat' dir='ltr'><strong>Dei,</strong></span> 
     </span>
    </p>
   </div>
   <div class='ocr_carea' id='block_1_54' title="bbox 181 5209 1776 5282">
    <p class='ocr_par' dir='ltr' id='par_1_54' title="bbox 181 5209 1776 5282">
     <span class='ocr_line' id='line_1_54' title="bbox 181 5209 1776 5282; baseline 0.003 -17"><span class='ocrx_word' id='word_1_426' title='bbox 181 5209 379 5266; x_wconf 72' lang='lat' dir='ltr'><strong>baslize</strong></span> <span class='ocrx_word' id='word_1_427' title='bbox 409 5215 456 5268; x_wconf 88' lang='lat' dir='ltr'><strong>ei</strong></span> <span class='ocrx_word' id='word_1_428' title='bbox 492 5223 553 5267; x_wconf 92' lang='lat' dir='ltr'><strong>ut</strong></span> <span class='ocrx_word' id='word_1_429' title='bbox 594 5227 767 5267; x_wconf 74' lang='lat' dir='ltr'><strong>serva:</strong></span> <span class='ocrx_word' id='word_1_430' title='bbox 807 5213 1064 5282; x_wconf 89' lang='lat' dir='ltr'><strong>parebant</strong></span> <span class='ocrx_word' id='word_1_431' title='bbox 1095 5230 1109 5267; x_wconf 91' lang='lat'><strong>:</strong></span> <span class='ocrx_word' id='word_1_432' title='bbox 1140 5213 1347 5282; x_wconf 91' lang='lat' dir='ltr'><strong>quando</strong></span> <span class='ocrx_word' id='word_1_433' title='bbox 1371 5223 1547 5268; x_wconf 88' lang='lat' dir='ltr'><strong>autem</strong></span> <span class='ocrx_word' id='word_1_434' title='bbox 1574 5215 1776 5269; x_wconf 88' lang='lat' dir='ltr'><strong>vultum</strong></span> 
     </span>
    </p>
   </div>
   <div class='ocr_carea' id='block_1_55' title="bbox 181 5299 1778 5373">
    <p class='ocr_par' dir='ltr' id='par_1_55' title="bbox 181 5299 1778 5373">
     <span class='ocr_line' id='line_1_55' title="bbox 181 5299 1778 5373; baseline 0.002 -17"><span class='ocrx_word' id='word_1_435' title='bbox 181 5299 409 5358; x_wconf 63' lang='lat' dir='ltr'><strong>fedavit</strong></span> <span class='ocrx_word' id='word_1_436' title='bbox 431 5303 817 5368; x_wconf 81' lang='lat' dir='ltr'><strong>iaobedientia,</strong></span> <span class='ocrx_word' id='word_1_437' title='bbox 842 5319 947 5356; x_wconf 88' lang='lat' dir='ltr'><strong>non</strong></span> <span class='ocrx_word' id='word_1_438' title='bbox 969 5312 1315 5373; x_wconf 86' lang='lat' dir='ltr'><strong>agnoscentes</strong></span> <span class='ocrx_word' id='word_1_439' title='bbox 1331 5303 1627 5372; x_wconf 90' lang='lat' dir='ltr'><strong>dominum,</strong></span> <span class='ocrx_word' id='word_1_440' title='bbox 1649 5313 1778 5359; x_wconf 85' lang='lat' dir='ltr'><strong>tam-</strong></span> 
     </span>
    </p>
   </div>
   <div class='ocr_carea' id='block_1_56' title="bbox 179 5392 1778 5469">
    <p class='ocr_par' dir='ltr' id='par_1_56' title="bbox 179 5392 1778 5469">
     <span class='ocr_line' id='line_1_56' title="bbox 179 5392 1778 5469; baseline 0.008 -28"><span class='ocrx_word' id='word_1_441' title='bbox 179 5404 348 5458; x_wconf 76' lang='lat' dir='ltr'><strong>quam</strong></span> <span class='ocrx_word' id='word_1_442' title='bbox 389 5396 617 5449; x_wconf 85' lang='lat' dir='ltr'><strong>alienum</strong></span> <span class='ocrx_word' id='word_1_443' title='bbox 645 5411 771 5450; x_wconf 87' lang='lat' dir='ltr'><strong>eum</strong></span> <span class='ocrx_word' id='word_1_444' title='bbox 803 5393 928 5449; x_wconf 90' lang='lat' dir='ltr'><strong>odio</strong></span> <span class='ocrx_word' id='word_1_445' title='bbox 965 5392 1246 5450; x_wconf 88' lang='lat' dir='ltr'><strong>habebant.</strong></span> <span class='ocrx_word' id='word_1_446' title='bbox 1288 5395 1573 5452; x_wconf 88' lang='lat' dir='ltr'><strong>Servorum</strong></span> <span class='ocrx_word' id='word_1_447' title='bbox 1598 5398 1778 5469; x_wconf 86' lang='lat' dir='ltr'><strong>itaque</strong></span> 
     </span>
    </p>
   </div>
   <div class='ocr_carea' id='block_1_57' title="bbox 180 5482 1774 5558">
    <p class='ocr_par' dir='ltr' id='par_1_57' title="bbox 180 5482 1774 5558">
     <span class='ocr_line' id='line_1_57' title="bbox 180 5482 1774 5558; baseline 0.004 -19"><span class='ocrx_word' id='word_1_448' title='bbox 180 5482 412 5539; x_wconf 77' lang='lat' dir='ltr'><strong>rebellio</strong></span> <span class='ocrx_word' id='word_1_449' title='bbox 433 5497 514 5541; x_wconf 87' lang='lat' dir='ltr'><strong>est</strong></span> <span class='ocrx_word' id='word_1_450' title='bbox 536 5497 885 5556; x_wconf 85' lang='lat' dir='ltr'><strong>peccatorum</strong></span> <span class='ocrx_word' id='word_1_451' title='bbox 912 5486 1209 5543; x_wconf 90' lang='lat' dir='ltr'><strong>retributio.</strong></span> <span class='ocrx_word' id='word_1_452' title='bbox 1234 5486 1417 5544; x_wconf 83' lang='lat' dir='ltr'><strong>Justus</strong></span> <span class='ocrx_word' id='word_1_453' title='bbox 1434 5497 1551 5545; x_wconf 88' lang='lat' dir='ltr'><strong>erat</strong></span> <span class='ocrx_word' id='word_1_454' title='bbox 1570 5490 1774 5558; x_wconf 86' lang='lat' dir='ltr'><strong>Daniel,</strong></span> 
     </span>
    </p>
   </div>
   <div class='ocr_carea' id='block_1_58' title="bbox 182 5575 1777 5653">
    <p class='ocr_par' dir='ltr' id='par_1_58' title="bbox 182 5575 1777 5653">
     <span class='ocr_line' id='line_1_58' title="bbox 182 5575 1777 5653; baseline 0.008 -29"><span class='ocrx_word' id='word_1_455' title='bbox 182 5582 231 5624; x_wconf 88' lang='lat' dir='ltr'><strong>et</strong></span> <span class='ocrx_word' id='word_1_456' title='bbox 257 5575 448 5631; x_wconf 83' lang='lat' dir='ltr'><strong>leones</strong></span> <span class='ocrx_word' id='word_1_457' title='bbox 467 5578 585 5648; x_wconf 82' lang='lat' dir='ltr'><strong>ejus</strong></span> <span class='ocrx_word' id='word_1_458' title='bbox 610 5585 953 5647; x_wconf 85' lang='lat' dir='ltr'><strong>agnoverunt</strong></span> <span class='ocrx_word' id='word_1_459' title='bbox 976 5576 1262 5633; x_wconf 90' lang='lat' dir='ltr'><strong>dominium</strong></span> <span class='ocrx_word' id='word_1_460' title='bbox 1289 5578 1448 5652; x_wconf 85' lang='lat' dir='ltr'><strong>(Dan.</strong></span> <span class='ocrx_word' id='word_1_461' title='bbox 1471 5580 1524 5636; x_wconf 92' lang='lat'><strong>6.</strong></span> <span class='ocrx_word' id='word_1_462' title='bbox 1549 5579 1661 5653; x_wconf 75' lang='lat'><strong>22).</strong></span> <span class='ocrx_word' id='word_1_463' title='bbox 1687 5581 1777 5636; x_wconf 84' lang='lat' dir='ltr'><strong>Vi-</strong></span> 
     </span>
    </p>
   </div>
   <div class='ocr_carea' id='block_1_59' title="bbox 184 5660 1775 5745">
    <p class='ocr_par' dir='ltr' id='par_1_59' title="bbox 184 5660 1775 5745">
     <span class='ocr_line' id='line_1_59' title="bbox 184 5660 1775 5745; baseline 0.008 -26"><span class='ocrx_word' id='word_1_464' title='bbox 184 5660 378 5723; x_wconf 61' lang='lat' dir='ltr'><strong>derunt</strong></span> <span class='ocrx_word' id='word_1_465' title='bbox 406 5685 526 5726; x_wconf 83' lang='lat' dir='ltr'><strong>eum</strong></span> <span class='ocrx_word' id='word_1_466' title='bbox 557 5686 669 5725; x_wconf 86' lang='lat' dir='ltr'><strong>non</strong></span> <span class='ocrx_word' id='word_1_467' title='bbox 697 5679 950 5740; x_wconf 75' lang='lat' dir='ltr'><strong>gustasse</strong></span> <span class='ocrx_word' id='word_1_468' title='bbox 977 5680 1244 5739; x_wconf 84' lang='lat' dir='ltr'><strong>peccatum</strong></span> <span class='ocrx_word' id='word_1_469' title='bbox 1264 5714 1279 5738; x_wconf 90' lang='lat'><strong>,</strong></span> <span class='ocrx_word' id='word_1_470' title='bbox 1308 5683 1362 5728; x_wconf 92' lang='lat' dir='ltr'><strong>et</strong></span> <span class='ocrx_word' id='word_1_471' title='bbox 1385 5689 1506 5729; x_wconf 88' lang='lat' dir='ltr'><strong>eum</strong></span> <span class='ocrx_word' id='word_1_472' title='bbox 1531 5673 1775 5745; x_wconf 87' lang='lat' dir='ltr'><strong>supplicii</strong></span> 
     </span>
    </p>
   </div>
   <div class='ocr_carea' id='block_1_60' title="bbox 231 5780 1606 5853">
    <p class='ocr_par' dir='ltr' id='par_1_60' title="bbox 231 5780 1606 5853">
     <span class='ocr_line' id='line_1_60' title="bbox 231 5780 1606 5853; baseline -0.001 -14"><span class='ocrx_word' id='word_1_473' title='bbox 231 5780 312 5847; x_wconf 73' lang='grc' dir='ltr'><strong>ιιι)</strong></span> <span class='ocrx_word' id='word_1_474' title='bbox 347 5789 516 5839; x_wconf 78' lang='lat' dir='ltr'><strong>loctun</strong></span> <span class='ocrx_word' id='word_1_475' title='bbox 535 5796 646 5837; x_wconf 69' lang='lat' dir='ltr'><strong>non</strong></span> <span class='ocrx_word' id='word_1_476' title='bbox 663 5781 892 5849; x_wconf 76' lang='lat' dir='ltr'><strong>reperio.</strong></span> <span class='ocrx_word' id='word_1_477' title='bbox 916 5787 1056 5834; x_wconf 79' lang='lat' dir='ltr'><strong>Forte</strong></span> <span class='ocrx_word' id='word_1_478' title='bbox 1081 5795 1144 5834; x_wconf 82' lang='lat' dir='ltr'><strong>ex</strong></span> <span class='ocrx_word' id='word_1_479' title='bbox 1163 5784 1301 5836; x_wconf 78' lang='lat' dir='ltr'><strong>Booti.</strong></span> <span class='ocrx_word' id='word_1_480' title='bbox 1323 5784 1401 5839; x_wconf 73' lang='lat'><strong>26.</strong></span> <span class='ocrx_word' id='word_1_481' title='bbox 1425 5787 1476 5839; x_wconf 76' lang='lat'><strong>3.</strong></span> <span class='ocrx_word' id='word_1_482' title='bbox 1497 5800 1606 5853; x_wconf 84' lang='lat' dir='ltr'><strong>seq.</strong></span> 
     </span>
    </p>
   </div>
   <div class='ocr_carea' id='block_1_61' title="bbox 1866 470 3440 543">
    <p class='ocr_par' dir='ltr' id='par_1_61' title="bbox 1866 470 3440 543">
     <span class='ocr_line' id='line_1_61' title="bbox 1866 470 3440 543; baseline 0 -16"><span class='ocrx_word' id='word_1_483' title='bbox 1866 479 2136 543; x_wconf 77' lang='lat' dir='ltr'><strong>expertem</strong></span> <span class='ocrx_word' id='word_1_484' title='bbox 2164 471 2507 542; x_wconf 86' lang='lat' dir='ltr'><strong>reliquerunt.</strong></span> <span class='ocrx_word' id='word_1_485' title='bbox 2534 470 2779 527; x_wconf 84' lang='lat' dir='ltr'><strong>Peccavit</strong></span> <span class='ocrx_word' id='word_1_486' title='bbox 2808 471 3062 541; x_wconf 87' lang='lat' dir='ltr'><strong>propheta</strong></span> <span class='ocrx_word' id='word_1_487' title='bbox 3089 471 3360 535; x_wconf 86' lang='lat' dir='ltr'><strong>mentitus,</strong></span> <span class='ocrx_word' id='word_1_488' title='bbox 3388 483 3440 527; x_wconf 79' lang='lat' dir='ltr'><strong>ct</strong></span> 
     </span>
    </p>
   </div>
   <div class='ocr_carea' id='block_1_62' title="bbox 1865 561 3436 635">
    <p class='ocr_par' dir='ltr' id='par_1_62' title="bbox 1865 561 3436 635">
     <span class='ocr_line' id='line_1_62' title="bbox 1865 561 3436 635; baseline 0.001 -18"><span class='ocrx_word' id='word_1_489' title='bbox 1865 563 1952 617; x_wconf 87' lang='lat' dir='ltr'><strong>leo</strong></span> <span class='ocrx_word' id='word_1_490' title='bbox 1991 578 2113 617; x_wconf 88' lang='lat' dir='ltr'><strong>eum</strong></span> <span class='ocrx_word' id='word_1_491' title='bbox 2154 563 2205 617; x_wconf 91' lang='lat' dir='ltr'><strong>in</strong></span> <span class='ocrx_word' id='word_1_492' title='bbox 2246 562 2329 616; x_wconf 86' lang='lat' dir='ltr'><strong>via</strong></span> <span class='ocrx_word' id='word_1_493' title='bbox 2364 562 2633 617; x_wconf 86' lang='lat' dir='ltr'><strong>inventum</strong></span> <span class='ocrx_word' id='word_1_494' title='bbox 2666 571 2837 617; x_wconf 91' lang='lat' dir='ltr'><strong>morte</strong></span> <span class='ocrx_word' id='word_1_495' title='bbox 2871 561 3044 618; x_wconf 75' lang='lat' dir='ltr'><strong>affecit</strong></span> <span class='ocrx_word' id='word_1_496' title='bbox 3072 562 3160 633; x_wconf 78' lang='lat'><strong>(3.</strong></span> <span class='ocrx_word' id='word_1_497' title='bbox 3193 563 3317 635; x_wconf 85' lang='lat' dir='ltr'><strong>Reg.</strong></span> <span class='ocrx_word' id='word_1_498' title='bbox 3354 563 3436 618; x_wconf 77' lang='lat' dir='ltr'><strong>l5.</strong></span> 
     </span>
    </p>
   </div>
   <div class='ocr_carea' id='block_1_63' title="bbox 1865 651 3439 724">
    <p class='ocr_par' dir='ltr' id='par_1_63' title="bbox 1865 651 3439 724">
     <span class='ocr_line' id='line_1_63' title="bbox 1865 651 3439 724; baseline 0 -15"><span class='ocrx_word' id='word_1_499' title='bbox 1865 654 1977 723; x_wconf 66' lang='grc' dir='ltr'><strong>ει).</strong></span> <span class='ocrx_word' id='word_1_500' title='bbox 2009 653 2139 708; x_wconf 87' lang='lat' dir='ltr'><strong>Erat</strong></span> <span class='ocrx_word' id='word_1_501' title='bbox 2165 653 2425 708; x_wconf 83' lang='lat' dir='ltr'><strong>mendacii</strong></span> <span class='ocrx_word' id='word_1_502' title='bbox 2456 651 2674 724; x_wconf 87' lang='lat' dir='ltr'><strong>fuligine</strong></span> <span class='ocrx_word' id='word_1_503' title='bbox 2706 662 2941 718; x_wconf 86' lang='lat' dir='ltr'><strong>atratus,</strong></span> <span class='ocrx_word' id='word_1_504' title='bbox 2974 662 3028 708; x_wconf 80' lang='lat' dir='ltr'><strong>et</strong></span> <span class='ocrx_word' id='word_1_505' title='bbox 3068 653 3152 709; x_wconf 88' lang='lat' dir='ltr'><strong>leo</strong></span> <span class='ocrx_word' id='word_1_506' title='bbox 3182 669 3302 708; x_wconf 89' lang='lat' dir='ltr'><strong>eum</strong></span> <span class='ocrx_word' id='word_1_507' title='bbox 3335 669 3439 709; x_wconf 90' lang='lat' dir='ltr'><strong>non</strong></span> 
     </span>
    </p>
   </div>
   <div class='ocr_carea' id='block_1_64' title="bbox 1866 744 3440 817">
    <p class='ocr_par' dir='ltr' id='par_1_64' title="bbox 1866 744 3440 817">
     <span class='ocr_line' id='line_1_64' title="bbox 1866 744 3440 817; baseline 0 -16"><span class='ocrx_word' id='word_1_508' title='bbox 1866 747 2132 817; x_wconf 75' lang='lat' dir='ltr'><strong>cognovit.</strong></span> <span class='ocrx_word' id='word_1_509' title='bbox 2164 745 2221 801; x_wconf 90' lang='lat' dir='ltr'><strong>Si</strong></span> <span class='ocrx_word' id='word_1_510' title='bbox 2260 744 2570 816; x_wconf 87' lang='lat' dir='ltr'><strong>prophetam</strong></span> <span class='ocrx_word' id='word_1_511' title='bbox 2600 744 2848 809; x_wconf 87' lang='lat' dir='ltr'><strong>vidisset,</strong></span> <span class='ocrx_word' id='word_1_512' title='bbox 2887 754 2944 801; x_wconf 93' lang='lat' dir='ltr'><strong>ut</strong></span> <span class='ocrx_word' id='word_1_513' title='bbox 2986 746 3250 802; x_wconf 86' lang='lat' dir='ltr'><strong>Danieletn</strong></span> <span class='ocrx_word' id='word_1_514' title='bbox 3273 788 3290 812; x_wconf 94' lang='lat'><strong>,</strong></span> <span class='ocrx_word' id='word_1_515' title='bbox 3318 762 3440 809; x_wconf 85' lang='lat' dir='ltr'><strong>cum</strong></span> 
     </span>
    </p>
   </div>
   <div class='ocr_carea' id='block_1_65' title="bbox 1869 838 3441 910">
    <p class='ocr_par' dir='ltr' id='par_1_65' title="bbox 1869 838 3441 910">
     <span class='ocr_line' id='line_1_65' title="bbox 1869 838 3441 910; baseline 0 -17"><span class='ocrx_word' id='word_1_516' title='bbox 1869 841 2181 895; x_wconf 85' lang='lat' dir='ltr'><strong>honorasset</strong></span> <span class='ocrx_word' id='word_1_517' title='bbox 2210 855 2225 892; x_wconf 92' lang='lat'><strong>:</strong></span> <span class='ocrx_word' id='word_1_518' title='bbox 2256 838 2457 893; x_wconf 86' lang='lat' dir='ltr'><strong>invenit</strong></span> <span class='ocrx_word' id='word_1_519' title='bbox 2498 838 3012 908; x_wconf 85' lang='lat' dir='ltr'><strong>pseudoprophetam</strong></span> <span class='ocrx_word' id='word_1_520' title='bbox 3032 880 3047 904; x_wconf 88' lang='lat'><strong>,</strong></span> <span class='ocrx_word' id='word_1_521' title='bbox 3080 848 3136 894; x_wconf 89' lang='lat' dir='ltr'><strong>et</strong></span> <span class='ocrx_word' id='word_1_522' title='bbox 3175 847 3441 910; x_wconf 87' lang='lat' dir='ltr'><strong>tamquam</strong></span> 
     </span>
    </p>
   </div>
   <div class='ocr_carea' id='block_1_66' title="bbox 1868 929 3444 992">
    <p class='ocr_par' dir='ltr' id='par_1_66' title="bbox 1868 929 3444 992">
     <span class='ocr_line' id='line_1_66' title="bbox 1868 929 3444 992; baseline -0.001 -5"><span class='ocrx_word' id='word_1_523' title='bbox 1868 932 2097 988; x_wconf 88' lang='lat' dir='ltr'><strong>alienum</strong></span> <span class='ocrx_word' id='word_1_524' title='bbox 2128 932 2341 987; x_wconf 85' lang='lat' dir='ltr'><strong>invasit.</strong></span> <span class='ocrx_word' id='word_1_525' title='bbox 2374 931 2626 985; x_wconf 90' lang='lat' dir='ltr'><strong>Dominus</strong></span> <span class='ocrx_word' id='word_1_526' title='bbox 2656 929 2905 986; x_wconf 87' lang='lat' dir='ltr'><strong>mentitus</strong></span> <span class='ocrx_word' id='word_1_527' title='bbox 2928 940 3028 992; x_wconf 86' lang='lat' dir='ltr'><strong>est,</strong></span> <span class='ocrx_word' id='word_1_528' title='bbox 3060 939 3113 985; x_wconf 86' lang='lat' dir='ltr'><strong>et</strong></span> <span class='ocrx_word' id='word_1_529' title='bbox 3139 945 3326 987; x_wconf 89' lang='lat' dir='ltr'><strong>servus</strong></span> <span class='ocrx_word' id='word_1_530' title='bbox 3352 946 3444 986; x_wconf 82' lang='lat' dir='ltr'><strong>tte--</strong></span> 
     </span>
    </p>
   </div>
   <div class='ocr_carea' id='block_1_67' title="bbox 1865 1020 3443 1093">
    <p class='ocr_par' dir='ltr' id='par_1_67' title="bbox 1865 1020 3443 1093">
     <span class='ocr_line' id='line_1_67' title="bbox 1865 1020 3443 1093; baseline -0.002 -18"><span class='ocrx_word' id='word_1_531' title='bbox 1865 1023 2008 1093; x_wconf 83' lang='lat' dir='ltr'><strong>gavit</strong></span> <span class='ocrx_word' id='word_1_532' title='bbox 2033 1022 2345 1077; x_wconf 87' lang='lat' dir='ltr'><strong>dominium.</strong></span> <span class='ocrx_word' id='word_1_533' title='bbox 2388 1022 2454 1075; x_wconf 88' lang='lat' dir='ltr'><strong>Et</strong></span> <span class='ocrx_word' id='word_1_534' title='bbox 2488 1020 2614 1090; x_wconf 89' lang='lat' dir='ltr'><strong>quid</strong></span> <span class='ocrx_word' id='word_1_535' title='bbox 2646 1020 2766 1075; x_wconf 88' lang='lat' dir='ltr'><strong>dico</strong></span> <span class='ocrx_word' id='word_1_536' title='bbox 2804 1021 2871 1074; x_wconf 89' lang='lat' dir='ltr'><strong>de</strong></span> <span class='ocrx_word' id='word_1_537' title='bbox 2913 1020 3066 1075; x_wconf 90' lang='lat' dir='ltr'><strong>tualis</strong></span> <span class='ocrx_word' id='word_1_538' title='bbox 3104 1020 3443 1084; x_wconf 87' lang='lat' dir='ltr'><strong>domesticis,</strong></span> 
     </span>
    </p>
   </div>
   <div class='ocr_carea' id='block_1_68' title="bbox 1868 1113 3445 1184">
    <p class='ocr_par' dir='ltr' id='par_1_68' title="bbox 1868 1113 3445 1184">
     <span class='ocr_line' id='line_1_68' title="bbox 1868 1113 3445 1184; baseline 0.003 -16"><span class='ocrx_word' id='word_1_539' title='bbox 1868 1114 2080 1184; x_wconf 91' lang='lat' dir='ltr'><strong>quando</strong></span> <span class='ocrx_word' id='word_1_540' title='bbox 2107 1114 2276 1183; x_wconf 80' lang='lat' dir='ltr'><strong>ipsum</strong></span> <span class='ocrx_word' id='word_1_541' title='bbox 2305 1114 2463 1169; x_wconf 89' lang='lat' dir='ltr'><strong>etiam</strong></span> <span class='ocrx_word' id='word_1_542' title='bbox 2498 1123 2737 1167; x_wconf 90' lang='lat' dir='ltr'><strong>nostrum</strong></span> <span class='ocrx_word' id='word_1_543' title='bbox 2767 1128 2981 1183; x_wconf 81' lang='lat' dir='ltr'><strong>corpus,</strong></span> <span class='ocrx_word' id='word_1_544' title='bbox 3010 1113 3149 1184; x_wconf 88' lang='lat' dir='ltr'><strong>quod</strong></span> <span class='ocrx_word' id='word_1_545' title='bbox 3179 1122 3261 1170; x_wconf 86' lang='lat' dir='ltr'><strong>est</strong></span> <span class='ocrx_word' id='word_1_546' title='bbox 3290 1114 3445 1172; x_wconf 77' lang='lat' dir='ltr'><strong>nobis</strong></span> 
     </span>
    </p>
   </div>
   <div class='ocr_carea' id='block_1_69' title="bbox 1869 1203 3444 1276">
    <p class='ocr_par' dir='ltr' id='par_1_69' title="bbox 1869 1203 3444 1276">
     <span class='ocr_line' id='line_1_69' title="bbox 1869 1203 3444 1276; baseline 0.003 -20"><span class='ocrx_word' id='word_1_547' title='bbox 1869 1204 2115 1259; x_wconf 90' lang='lat' dir='ltr'><strong>omnibus</strong></span> <span class='ocrx_word' id='word_1_548' title='bbox 2142 1203 2449 1258; x_wconf 89' lang='lat' dir='ltr'><strong>familiarius</strong></span> <span class='ocrx_word' id='word_1_549' title='bbox 2485 1214 2539 1258; x_wconf 90' lang='lat' dir='ltr'><strong>et</strong></span> <span class='ocrx_word' id='word_1_550' title='bbox 2574 1205 2750 1259; x_wconf 89' lang='lat' dir='ltr'><strong>carius</strong></span> <span class='ocrx_word' id='word_1_551' title='bbox 2773 1245 2788 1268; x_wconf 89' lang='lat'><strong>,</strong></span> <span class='ocrx_word' id='word_1_552' title='bbox 2821 1204 3139 1276; x_wconf 83' lang='lat' dir='ltr'><strong>quandoque</strong></span> <span class='ocrx_word' id='word_1_553' title='bbox 3169 1205 3444 1261; x_wconf 87' lang='lat' dir='ltr'><strong>nobiscum</strong></span> 
     </span>
    </p>
   </div>
   <div class='ocr_carea' id='block_1_70' title="bbox 1870 1293 3446 1365">
    <p class='ocr_par' dir='ltr' id='par_1_70' title="bbox 1870 1293 3446 1365">
     <span class='ocr_line' id='line_1_70' title="bbox 1870 1293 3446 1365; baseline -0.002 -15"><span class='ocrx_word' id='word_1_554' title='bbox 1870 1294 2210 1364; x_wconf 83' lang='lat' dir='ltr'><strong>peccantibus</strong></span> <span class='ocrx_word' id='word_1_555' title='bbox 2246 1293 2439 1348; x_wconf 86' lang='lat' dir='ltr'><strong>bellum</strong></span> <span class='ocrx_word' id='word_1_556' title='bbox 2470 1295 2632 1365; x_wconf 85' lang='lat' dir='ltr'><strong>gerit.</strong></span> <span class='ocrx_word' id='word_1_557' title='bbox 2664 1310 2757 1364; x_wconf 87' lang='lat' dir='ltr'><strong>per</strong></span> <span class='ocrx_word' id='word_1_558' title='bbox 2788 1293 2961 1365; x_wconf 74' lang='lat' dir='ltr'><strong>febres</strong></span> <span class='ocrx_word' id='word_1_559' title='bbox 2981 1338 2995 1361; x_wconf 90' lang='lat'><strong>,</strong></span> <span class='ocrx_word' id='word_1_560' title='bbox 3026 1295 3241 1350; x_wconf 88' lang='lat' dir='ltr'><strong>morbos</strong></span> <span class='ocrx_word' id='word_1_561' title='bbox 3269 1304 3323 1351; x_wconf 89' lang='lat' dir='ltr'><strong>et</strong></span> <span class='ocrx_word' id='word_1_562' title='bbox 3347 1296 3446 1350; x_wconf 81' lang='lat' dir='ltr'><strong>du-</strong></span> 
     </span>
    </p>
   </div>
   <div class='ocr_carea' id='block_1_71' title="bbox 1871 1386 3447 1456">
    <p class='ocr_par' dir='ltr' id='par_1_71' title="bbox 1871 1386 3447 1456">
     <span class='ocr_line' id='line_1_71' title="bbox 1871 1386 3447 1456; baseline 0.003 -17"><span class='ocrx_word' id='word_1_563' title='bbox 1871 1386 2011 1440; x_wconf 85' lang='lat' dir='ltr'><strong>lores</strong></span> <span class='ocrx_word' id='word_1_564' title='bbox 2052 1401 2148 1440; x_wconf 88' lang='lat' dir='ltr'><strong>nos</strong></span> <span class='ocrx_word' id='word_1_565' title='bbox 2191 1400 2538 1455; x_wconf 74' lang='lat' dir='ltr'><strong>oppugnatis,</strong></span> <span class='ocrx_word' id='word_1_566' title='bbox 2586 1402 2649 1440; x_wconf 88' lang='lat' dir='ltr'><strong>ac</strong></span> <span class='ocrx_word' id='word_1_567' title='bbox 2695 1401 2905 1440; x_wconf 88' lang='lat' dir='ltr'><strong>servum</strong></span> <span class='ocrx_word' id='word_1_568' title='bbox 2950 1402 3142 1456; x_wconf 88' lang='lat' dir='ltr'><strong>corpus</strong></span> <span class='ocrx_word' id='word_1_569' title='bbox 3181 1387 3447 1443; x_wconf 85' lang='lat' dir='ltr'><strong>dominatu</strong></span> 
     </span>
    </p>
   </div>
   <div class='ocr_carea' id='block_1_72' title="bbox 1871 1476 3449 1546">
    <p class='ocr_par' dir='ltr' id='par_1_72' title="bbox 1871 1476 3449 1546">
     <span class='ocr_line' id='line_1_72' title="bbox 1871 1476 3449 1546; baseline 0.003 -17"><span class='ocrx_word' id='word_1_570' title='bbox 1871 1478 2100 1529; x_wconf 88' lang='lat' dir='ltr'><strong>animam</strong></span> <span class='ocrx_word' id='word_1_571' title='bbox 2130 1490 2248 1545; x_wconf 75' lang='lat' dir='ltr'><strong>qua:</strong></span> <span class='ocrx_word' id='word_1_572' title='bbox 2282 1476 2521 1546; x_wconf 80' lang='lat' dir='ltr'><strong>peccavit</strong></span> <span class='ocrx_word' id='word_1_573' title='bbox 2558 1476 2786 1546; x_wconf 82' lang='lat' dir='ltr'><strong>flagellat</strong></span> <span class='ocrx_word' id='word_1_574' title='bbox 2807 1519 2821 1542; x_wconf 92' lang='lat'><strong>,</strong></span> <span class='ocrx_word' id='word_1_575' title='bbox 2854 1492 2959 1531; x_wconf 91' lang='lat' dir='ltr'><strong>non</strong></span> <span class='ocrx_word' id='word_1_576' title='bbox 2990 1479 3130 1545; x_wconf 84' lang='lat' dir='ltr'><strong>quod</strong></span> <span class='ocrx_word' id='word_1_577' title='bbox 3162 1479 3263 1533; x_wconf 91' lang='lat' dir='ltr'><strong>hoc</strong></span> <span class='ocrx_word' id='word_1_578' title='bbox 3290 1480 3449 1546; x_wconf 86' lang='lat' dir='ltr'><strong>velit,</strong></span> 
     </span>
    </p>
   </div>
   <div class='ocr_carea' id='block_1_73' title="bbox 1872 1565 3443 1637">
    <p class='ocr_par' dir='ltr' id='par_1_73' title="bbox 1872 1565 3443 1637">
     <span class='ocr_line' id='line_1_73' title="bbox 1872 1565 3443 1637; baseline 0.002 -17"><span class='ocrx_word' id='word_1_579' title='bbox 1872 1565 1966 1621; x_wconf 87' lang='lat' dir='ltr'><strong>sed</strong></span> <span class='ocrx_word' id='word_1_580' title='bbox 1996 1566 2135 1637; x_wconf 88' lang='lat' dir='ltr'><strong>quod</strong></span> <span class='ocrx_word' id='word_1_581' title='bbox 2174 1566 2278 1622; x_wconf 88' lang='lat' dir='ltr'><strong>hoc</strong></span> <span class='ocrx_word' id='word_1_582' title='bbox 2312 1567 2561 1636; x_wconf 73' lang='lat' dir='ltr'><strong>iubeatur</strong></span> <span class='ocrx_word' id='word_1_583' title='bbox 2590 1567 2799 1623; x_wconf 86' lang='lat' dir='ltr'><strong>facere?</strong></span> <span class='ocrx_word' id='word_1_584' title='bbox 2830 1568 2996 1637; x_wconf 85' lang='lat' dir='ltr'><strong>Hujus</strong></span> <span class='ocrx_word' id='word_1_585' title='bbox 3026 1570 3173 1625; x_wconf 75' lang='lat' dir='ltr'><strong>testis</strong></span> <span class='ocrx_word' id='word_1_586' title='bbox 3195 1580 3276 1624; x_wconf 87' lang='lat' dir='ltr'><strong>est</strong></span> <span class='ocrx_word' id='word_1_587' title='bbox 3298 1570 3443 1624; x_wconf 85' lang='lat' dir='ltr'><strong>Cbri-</strong></span> 
     </span>
    </p>
   </div>
   <div class='ocr_carea' id='block_1_74' title="bbox 1871 1658 3449 1733">
    <p class='ocr_par' dir='ltr' id='par_1_74' title="bbox 1871 1658 3449 1733">
     <span class='ocr_line' id='line_1_74' title="bbox 1871 1658 3449 1733; baseline 0.003 -22"><span class='ocrx_word' id='word_1_588' title='bbox 1871 1666 2006 1722; x_wconf 82' lang='lat' dir='ltr'><strong>stus,</strong></span> <span class='ocrx_word' id='word_1_589' title='bbox 2032 1658 2122 1728; x_wconf 91' lang='lat' dir='ltr'><strong>qui</strong></span> <span class='ocrx_word' id='word_1_590' title='bbox 2142 1670 2325 1713; x_wconf 90' lang='lat' dir='ltr'><strong>curato</strong></span> <span class='ocrx_word' id='word_1_591' title='bbox 2352 1658 2480 1713; x_wconf 88' lang='lat' dir='ltr'><strong>dicit</strong></span> <span class='ocrx_word' id='word_1_592' title='bbox 2507 1660 2793 1730; x_wconf 74' lang='lat' dir='ltr'><strong>paralytico</strong></span> <span class='ocrx_word' id='word_1_593' title='bbox 2818 1677 2830 1712; x_wconf 91' lang='lat'>:</span> <span class='ocrx_word' id='word_1_594' title='bbox 2858 1659 2987 1714; x_wconf 85' lang='lat' dir='ltr'><strong>Ecce</strong></span> <span class='ocrx_word' id='word_1_595' title='bbox 3008 1678 3162 1716; x_wconf 85' lang='lat' dir='ltr'><strong>sanus</strong></span> <span class='ocrx_word' id='word_1_596' title='bbox 3186 1666 3350 1733; x_wconf 80' lang='lat' dir='ltr'><strong>factus</strong></span> <span class='ocrx_word' id='word_1_597' title='bbox 3376 1680 3449 1728; x_wconf 89' lang='lat' dir='ltr'><strong>es,</strong></span> 
     </span>
    </p>
   </div>
   <div class='ocr_carea' id='block_1_75' title="bbox 1873 1747 3453 1823">
    <p class='ocr_par' dir='ltr' id='par_1_75' title="bbox 1873 1747 3453 1823">
     <span class='ocr_line' id='line_1_75' title="bbox 1873 1747 3453 1823; baseline 0.003 -22"><span class='ocrx_word' id='word_1_598' title='bbox 1873 1747 1977 1801; x_wconf 83' lang='lat' dir='ltr'><strong>noli</strong></span> <span class='ocrx_word' id='word_1_599' title='bbox 2018 1747 2235 1817; x_wconf 75' lang='lat' dir='ltr'><strong>amplius</strong></span> <span class='ocrx_word' id='word_1_600' title='bbox 2274 1764 2510 1817; x_wconf 82' lang='lat' dir='ltr'><strong>peccare,</strong></span> <span class='ocrx_word' id='word_1_601' title='bbox 2552 1765 2615 1803; x_wconf 85' lang='lat' dir='ltr'><strong>ne</strong></span> <span class='ocrx_word' id='word_1_602' title='bbox 2653 1750 2774 1819; x_wconf 83' lang='lat' dir='ltr'><strong>quid</strong></span> <span class='ocrx_word' id='word_1_603' title='bbox 2815 1750 3033 1805; x_wconf 82' lang='lat' dir='ltr'><strong>deterius</strong></span> <span class='ocrx_word' id='word_1_604' title='bbox 3075 1752 3162 1805; x_wconf 87' lang='lat' dir='ltr'><strong>tibi</strong></span> <span class='ocrx_word' id='word_1_605' title='bbox 3200 1753 3453 1823; x_wconf 83' lang='lat' dir='ltr'><strong>contingat</strong></span> 
     </span>
    </p>
   </div>
   <div class='ocr_carea' id='block_1_76' title="bbox 1873 1837 3452 1909">
    <p class='ocr_par' dir='ltr' id='par_1_76' title="bbox 1873 1837 3452 1909">
     <span class='ocr_line' id='line_1_76' title="bbox 1873 1837 3452 1909; baseline 0.004 -18"><span class='ocrx_word' id='word_1_606' title='bbox 1873 1837 2048 1907; x_wconf 83' lang='lat' dir='ltr'><strong>(Joan.</strong></span> <span class='ocrx_word' id='word_1_607' title='bbox 2078 1838 2131 1897; x_wconf 86' lang='lat'><strong>5.</strong></span> <span class='ocrx_word' id='word_1_608' title='bbox 2164 1838 2275 1909; x_wconf 71' lang='grc'><strong>14).</strong></span> <span class='ocrx_word' id='word_1_609' title='bbox 2305 1839 2436 1893; x_wconf 78' lang='lat' dir='ltr'><strong>Cum</strong></span> <span class='ocrx_word' id='word_1_610' title='bbox 2472 1854 2598 1909; x_wconf 84' lang='lat' dir='ltr'><strong>ergo</strong></span> <span class='ocrx_word' id='word_1_611' title='bbox 2625 1839 2993 1908; x_wconf 82' lang='lat' dir='ltr'><strong>didicerimus,</strong></span> <span class='ocrx_word' id='word_1_612' title='bbox 3025 1843 3231 1907; x_wconf 86' lang='lat' dir='ltr'><strong>fratres,</strong></span> <span class='ocrx_word' id='word_1_613' title='bbox 3265 1843 3452 1899; x_wconf 87' lang='lat' dir='ltr'><strong>dome-</strong></span> 
     </span>
    </p>
   </div>
   <div class='ocr_carea' id='block_1_77' title="bbox 1872 1929 3456 1995">
    <p class='ocr_par' dir='ltr' id='par_1_77' title="bbox 1872 1929 3456 1995">
     <span class='ocr_line' id='line_1_77' title="bbox 1872 1929 3456 1995; baseline 0.005 -13"><span class='ocrx_word' id='word_1_614' title='bbox 1872 1929 2026 1993; x_wconf 89' lang='lat' dir='ltr'><strong>stica,</strong></span> <span class='ocrx_word' id='word_1_615' title='bbox 2056 1929 2302 1984; x_wconf 88' lang='lat' dir='ltr'><strong>intestina</strong></span> <span class='ocrx_word' id='word_1_616' title='bbox 2329 1938 2382 1984; x_wconf 90' lang='lat' dir='ltr'><strong>et</strong></span> <span class='ocrx_word' id='word_1_617' title='bbox 2407 1930 2616 1985; x_wconf 86' lang='lat' dir='ltr'><strong>servilia</strong></span> <span class='ocrx_word' id='word_1_618' title='bbox 2644 1932 2800 1995; x_wconf 77' lang='lat' dir='ltr'><strong>bella,</strong></span> <span class='ocrx_word' id='word_1_619' title='bbox 2824 1942 2882 1988; x_wconf 89' lang='lat' dir='ltr'><strong>et</strong></span> <span class='ocrx_word' id='word_1_620' title='bbox 2909 1935 3126 1988; x_wconf 87' lang='lat' dir='ltr'><strong>morbos</strong></span> <span class='ocrx_word' id='word_1_621' title='bbox 3152 1935 3310 1988; x_wconf 90' lang='lat' dir='ltr'><strong>etiam</strong></span> <span class='ocrx_word' id='word_1_622' title='bbox 3337 1950 3456 1990; x_wconf 88' lang='lat' dir='ltr'><strong>cor-</strong></span> 
     </span>
    </p>
   </div>
   <div class='ocr_carea' id='block_1_78' title="bbox 1875 2019 3456 2094">
    <p class='ocr_par' dir='ltr' id='par_1_78' title="bbox 1875 2019 3456 2094">
     <span class='ocr_line' id='line_1_78' title="bbox 1875 2019 3456 2094; baseline 0.006 -21"><span class='ocrx_word' id='word_1_623' title='bbox 1875 2019 2019 2089; x_wconf 88' lang='lat' dir='ltr'><strong>poris</strong></span> <span class='ocrx_word' id='word_1_624' title='bbox 2043 2035 2187 2090; x_wconf 69' lang='lat' dir='ltr'><strong>stepe</strong></span> <span class='ocrx_word' id='word_1_625' title='bbox 2211 2021 2455 2076; x_wconf 85' lang='lat' dir='ltr'><strong>accidere</strong></span> <span class='ocrx_word' id='word_1_626' title='bbox 2486 2037 2580 2091; x_wconf 87' lang='lat' dir='ltr'><strong>per</strong></span> <span class='ocrx_word' id='word_1_627' title='bbox 2610 2033 2882 2092; x_wconf 85' lang='lat' dir='ltr'><strong>peccatum</strong></span> <span class='ocrx_word' id='word_1_628' title='bbox 2904 2066 2919 2090; x_wconf 90' lang='lat'><strong>,</strong></span> <span class='ocrx_word' id='word_1_629' title='bbox 2953 2035 3225 2094; x_wconf 87' lang='lat' dir='ltr'><strong>peccatum</strong></span> <span class='ocrx_word' id='word_1_630' title='bbox 3255 2027 3456 2083; x_wconf 76' lang='lat' dir='ltr'><strong>fontem</strong></span> 
     </span>
    </p>
   </div>
   <div class='ocr_carea' id='block_1_79' title="bbox 1877 2113 3457 2188">
    <p class='ocr_par' dir='ltr' id='par_1_79' title="bbox 1877 2113 3457 2188">
     <span class='ocr_line' id='line_1_79' title="bbox 1877 2113 3457 2188; baseline 0.004 -22"><span class='ocrx_word' id='word_1_631' title='bbox 1877 2113 2136 2167; x_wconf 89' lang='lat' dir='ltr'><strong>malorum</strong></span> <span class='ocrx_word' id='word_1_632' title='bbox 2164 2113 2515 2183; x_wconf 84' lang='lat' dir='ltr'><strong>reprimamus</strong></span> <span class='ocrx_word' id='word_1_633' title='bbox 2542 2130 2558 2170; x_wconf 91' lang='lat'><strong>:</strong></span> <span class='ocrx_word' id='word_1_634' title='bbox 2587 2124 2640 2169; x_wconf 92' lang='lat' dir='ltr'><strong>et</strong></span> <span class='ocrx_word' id='word_1_635' title='bbox 2678 2116 2724 2169; x_wconf 90' lang='lat' dir='ltr'><strong>si</strong></span> <span class='ocrx_word' id='word_1_636' title='bbox 2762 2124 3026 2172; x_wconf 87' lang='lat' dir='ltr'><strong>torrentes</strong></span> <span class='ocrx_word' id='word_1_637' title='bbox 3054 2119 3217 2172; x_wconf 87' lang='lat' dir='ltr'><strong>animi</strong></span> <span class='ocrx_word' id='word_1_638' title='bbox 3248 2129 3457 2188; x_wconf 87' lang='lat' dir='ltr'><strong>pertur-</strong></span> 
     </span>
    </p>
   </div>
   <div class='ocr_carea' id='block_1_80' title="bbox 1881 2201 3459 2277">
    <p class='ocr_par' dir='ltr' id='par_1_80' title="bbox 1881 2201 3459 2277">
     <span class='ocr_line' id='line_1_80' title="bbox 1881 2201 3459 2277; baseline 0.005 -21"><span class='ocrx_word' id='word_1_639' title='bbox 1881 2201 2153 2256; x_wconf 87' lang='lat' dir='ltr'><strong>bationum</strong></span> <span class='ocrx_word' id='word_1_640' title='bbox 2179 2218 2284 2257; x_wconf 90' lang='lat' dir='ltr'><strong>non</strong></span> <span class='ocrx_word' id='word_1_641' title='bbox 2315 2202 2503 2270; x_wconf 84' lang='lat' dir='ltr'><strong>ﬂuunt,</strong></span> <span class='ocrx_word' id='word_1_642' title='bbox 2533 2203 2676 2258; x_wconf 83' lang='lat' dir='ltr'><strong>ﬂuvii</strong></span> <span class='ocrx_word' id='word_1_643' title='bbox 2706 2215 2882 2260; x_wconf 89' lang='lat' dir='ltr'><strong>tamen</strong></span> <span class='ocrx_word' id='word_1_644' title='bbox 2908 2221 3161 2277; x_wconf 87' lang='lat' dir='ltr'><strong>aquarum</strong></span> <span class='ocrx_word' id='word_1_645' title='bbox 3196 2209 3288 2264; x_wconf 89' lang='lat' dir='ltr'><strong>Dei</strong></span> <span class='ocrx_word' id='word_1_646' title='bbox 3314 2210 3459 2277; x_wconf 86' lang='lat' dir='ltr'><strong>oble-</strong></span> 
     </span>
    </p>
   </div>
   <div class='ocr_carea' id='block_1_81' title="bbox 1876 2276 3459 2369">
    <p class='ocr_par' dir='ltr' id='par_1_81' title="bbox 1876 2276 3459 2369">
     <span class='ocr_line' id='line_1_81' title="bbox 1876 2276 3459 2369; baseline 0.008 -25"><span class='ocrx_word' id='word_1_647' title='bbox 1876 2300 2021 2345; x_wconf 86' lang='lat' dir='ltr'><strong>ctant</strong></span> <span class='ocrx_word' id='word_1_648' title='bbox 2047 2291 2281 2348; x_wconf 87' lang='lat' dir='ltr'><strong>animum</strong></span> <span class='ocrx_word' id='word_1_649' title='bbox 2302 2295 2340 2347; x_wconf 80' lang='grc'><strong>⁸.</strong></span> <span class='ocrx_word' id='word_1_650' title='bbox 2371 2294 2630 2361; x_wconf 86' lang='lat' dir='ltr'><strong>Qucuiam</strong></span> <span class='ocrx_word' id='word_1_651' title='bbox 2661 2310 2787 2365; x_wconf 87' lang='lat' dir='ltr'><strong>ergo</strong></span> <span class='ocrx_word' id='word_1_652' title='bbox 2828 2276 2989 2351; x_wconf 85' lang='lat' dir='ltr'><strong>David</strong></span> <span class='ocrx_word' id='word_1_653' title='bbox 3012 2299 3313 2368; x_wconf 82' lang='lat' dir='ltr'><strong>mulierem,</strong></span> <span class='ocrx_word' id='word_1_654' title='bbox 3342 2276 3459 2369; x_wconf 71' lang='lat' dir='ltr'><strong>quae</strong></span> 
     </span>
    </p>
   </div>
   <div class='ocr_carea' id='block_1_82' title="bbox 1876 2384 3460 2461">
    <p class='ocr_par' dir='ltr' id='par_1_82' title="bbox 1876 2384 3460 2461">
     <span class='ocr_line' id='line_1_82' title="bbox 1876 2384 3460 2461; baseline 0.006 -24"><span class='ocrx_word' id='word_1_655' title='bbox 1876 2391 1993 2437; x_wconf 90' lang='lat' dir='ltr'><strong>erat</strong></span> <span class='ocrx_word' id='word_1_656' title='bbox 2036 2384 2088 2437; x_wconf 93' lang='lat' dir='ltr'><strong>in</strong></span> <span class='ocrx_word' id='word_1_657' title='bbox 2130 2385 2303 2438; x_wconf 89' lang='lat' dir='ltr'><strong>mariti</strong></span> <span class='ocrx_word' id='word_1_658' title='bbox 2344 2392 2642 2453; x_wconf 87' lang='lat' dir='ltr'><strong>potestate,</strong></span> <span class='ocrx_word' id='word_1_659' title='bbox 2677 2397 2941 2458; x_wconf 88' lang='lat' dir='ltr'><strong>tamquam</strong></span> <span class='ocrx_word' id='word_1_660' title='bbox 2976 2389 3204 2444; x_wconf 88' lang='lat' dir='ltr'><strong>alienum</strong></span> <span class='ocrx_word' id='word_1_661' title='bbox 3240 2408 3460 2461; x_wconf 88' lang='lat' dir='ltr'><strong>regnum</strong></span> 
     </span>
    </p>
   </div>
   <div class='ocr_carea' id='block_1_83' title="bbox 1881 2476 3460 2553">
    <p class='ocr_par' dir='ltr' id='par_1_83' title="bbox 1881 2476 3460 2553">
     <span class='ocr_line' id='line_1_83' title="bbox 1881 2476 3460 2553; baseline 0.006 -23"><span class='ocrx_word' id='word_1_662' title='bbox 1881 2485 2233 2546; x_wconf 88' lang='lat' dir='ltr'><strong>occupaverat</strong></span> <span class='ocrx_word' id='word_1_663' title='bbox 2262 2476 2508 2550; x_wconf 90' lang='lat' dir='ltr'><strong>(cuilibet</strong></span> <span class='ocrx_word' id='word_1_664' title='bbox 2535 2479 2677 2534; x_wconf 91' lang='lat' dir='ltr'><strong>enim</strong></span> <span class='ocrx_word' id='word_1_665' title='bbox 2717 2481 2831 2535; x_wconf 89' lang='lat' dir='ltr'><strong>viro</strong></span> <span class='ocrx_word' id='word_1_666' title='bbox 2870 2495 3088 2553; x_wconf 87' lang='lat' dir='ltr'><strong>regnum</strong></span> <span class='ocrx_word' id='word_1_667' title='bbox 3117 2492 3199 2537; x_wconf 91' lang='lat' dir='ltr'><strong>cst</strong></span> <span class='ocrx_word' id='word_1_668' title='bbox 3233 2499 3460 2540; x_wconf 87' lang='lat' dir='ltr'><strong>concors</strong></span> 
     </span>
    </p>
   </div>
   <div class='ocr_carea' id='block_1_84' title="bbox 1879 2566 3464 2642">
    <p class='ocr_par' dir='ltr' id='par_1_84' title="bbox 1879 2566 3464 2642">
     <span class='ocr_line' id='line_1_84' title="bbox 1879 2566 3464 2642; baseline 0.006 -21"><span class='ocrx_word' id='word_1_669' title='bbox 1879 2566 2076 2637; x_wconf 74' lang='lat' dir='ltr'><strong>conjux</strong></span> <span class='ocrx_word' id='word_1_670' title='bbox 2095 2608 2112 2634; x_wconf 90' lang='lat'><strong>,</strong></span> <span class='ocrx_word' id='word_1_671' title='bbox 2142 2577 2196 2623; x_wconf 90' lang='lat' dir='ltr'><strong>et</strong></span> <span class='ocrx_word' id='word_1_672' title='bbox 2232 2569 2445 2637; x_wconf 83' lang='lat' dir='ltr'><strong>nonsic</strong></span> <span class='ocrx_word' id='word_1_673' title='bbox 2477 2585 2572 2625; x_wconf 85' lang='lat' dir='ltr'><strong>rex</strong></span> <span class='ocrx_word' id='word_1_674' title='bbox 2602 2586 2886 2642; x_wconf 88' lang='lat' dir='ltr'><strong>purpuram</strong></span> <span class='ocrx_word' id='word_1_675' title='bbox 2916 2583 2969 2627; x_wconf 86' lang='lat' dir='ltr'><strong>et</strong></span> <span class='ocrx_word' id='word_1_676' title='bbox 2996 2574 3269 2642; x_wconf 89' lang='lat' dir='ltr'><strong>diadema,</strong></span> <span class='ocrx_word' id='word_1_677' title='bbox 3300 2585 3357 2629; x_wconf 89' lang='lat' dir='ltr'><strong>ut</strong></span> <span class='ocrx_word' id='word_1_678' title='bbox 3385 2578 3464 2631; x_wconf 86' lang='lat' dir='ltr'><strong>vir</strong></span> 
     </span>
    </p>
   </div>
   <div class='ocr_carea' id='block_1_85' title="bbox 1881 2659 3463 2734">
    <p class='ocr_par' dir='ltr' id='par_1_85' title="bbox 1881 2659 3463 2734">
     <span class='ocr_line' id='line_1_85' title="bbox 1881 2659 3463 2734; baseline 0.008 -21"><span class='ocrx_word' id='word_1_679' title='bbox 1881 2672 2101 2714; x_wconf 82' lang='lat' dir='ltr'><strong>uxorem</strong></span> <span class='ocrx_word' id='word_1_680' title='bbox 2126 2659 2317 2731; x_wconf 85' lang='lat' dir='ltr'><strong>diligit)</strong></span> <span class='ocrx_word' id='word_1_681' title='bbox 2342 2677 2357 2718; x_wconf 83' lang='lat'><strong>:</strong></span> <span class='ocrx_word' id='word_1_682' title='bbox 2384 2670 2666 2730; x_wconf 76' lang='lat' dir='ltr'><strong>propterea</strong></span> <span class='ocrx_word' id='word_1_683' title='bbox 2692 2664 2783 2734; x_wconf 90' lang='lat' dir='ltr'><strong>qui</strong></span> <span class='ocrx_word' id='word_1_684' title='bbox 2806 2679 2875 2719; x_wconf 81' lang='lat' dir='ltr'><strong>ex</strong></span> <span class='ocrx_word' id='word_1_685' title='bbox 2902 2680 3067 2721; x_wconf 89' lang='lat' dir='ltr'><strong>uxore</strong></span> <span class='ocrx_word' id='word_1_686' title='bbox 3096 2676 3248 2722; x_wconf 89' lang='lat' dir='ltr'><strong>natus</strong></span> <span class='ocrx_word' id='word_1_687' title='bbox 3272 2668 3323 2723; x_wconf 87' lang='lat' dir='ltr'><strong>ei</strong></span> <span class='ocrx_word' id='word_1_688' title='bbox 3346 2679 3463 2725; x_wconf 87' lang='lat' dir='ltr'><strong>erat</strong></span> 
     </span>
    </p>
   </div>
   <div class='ocr_carea' id='block_1_86' title="bbox 1881 2750 3460 2834">
    <p class='ocr_par' dir='ltr' id='par_1_86' title="bbox 1881 2750 3460 2834">
     <span class='ocr_line' id='line_1_86' title="bbox 1881 2750 3460 2834; baseline 0.005 -28"><span class='ocrx_word' id='word_1_689' title='bbox 1881 2750 2057 2821; x_wconf 84' lang='lat' dir='ltr'><strong>filius,</strong></span> <span class='ocrx_word' id='word_1_690' title='bbox 2089 2752 2374 2807; x_wconf 85' lang='lat' dir='ltr'><strong>insurrexit</strong></span> <span class='ocrx_word' id='word_1_691' title='bbox 2413 2761 2665 2823; x_wconf 83' lang='lat' dir='ltr'><strong>tyrannus</strong></span> <span class='ocrx_word' id='word_1_692' title='bbox 2688 2794 2704 2821; x_wconf 92' lang='lat'><strong>,</strong></span> <span class='ocrx_word' id='word_1_693' title='bbox 2744 2755 2930 2811; x_wconf 86' lang='lat' dir='ltr'><strong>volens</strong></span> <span class='ocrx_word' id='word_1_694' title='bbox 2960 2758 3202 2834; x_wconf 38' lang='lat' dir='ltr'><strong>[arripere</strong></span> <span class='ocrx_word' id='word_1_695' title='bbox 3239 2774 3460 2831; x_wconf 83' lang='lat' dir='ltr'><strong>regnum</strong></span> 
     </span>
    </p>
   </div>
   <div class='ocr_carea' id='block_1_87' title="bbox 1884 2844 3456 2917">
    <p class='ocr_par' dir='ltr' id='par_1_87' title="bbox 1884 2844 3456 2917">
     <span class='ocr_line' id='line_1_87' title="bbox 1884 2844 3456 2917; baseline 0.003 -18"><span class='ocrx_word' id='word_1_696' title='bbox 1884 2844 2068 2915; x_wconf 88' lang='lat' dir='ltr'><strong>patris.</strong></span> <span class='ocrx_word' id='word_1_697' title='bbox 2102 2844 2162 2901; x_wconf 83' lang='lat' dir='ltr'><strong>Vi</strong></span> <span class='ocrx_word' id='word_1_698' title='bbox 2188 2845 2380 2914; x_wconf 81' lang='lat' dir='ltr'><strong>rapuit,</strong></span> <span class='ocrx_word' id='word_1_699' title='bbox 2405 2853 2460 2899; x_wconf 90' lang='lat' dir='ltr'><strong>et</strong></span> <span class='ocrx_word' id='word_1_700' title='bbox 2485 2846 2591 2900; x_wconf 90' lang='lat' dir='ltr'><strong>vim</strong></span> <span class='ocrx_word' id='word_1_701' title='bbox 2620 2859 2806 2916; x_wconf 87' lang='lat' dir='ltr'><strong>passus</strong></span> <span class='ocrx_word' id='word_1_702' title='bbox 2828 2857 2911 2903; x_wconf 91' lang='lat' dir='ltr'><strong>est</strong></span> <span class='ocrx_word' id='word_1_703' title='bbox 2936 2865 2951 2902; x_wconf 90' lang='lat'><strong>:</strong></span> <span class='ocrx_word' id='word_1_704' title='bbox 2973 2857 3028 2903; x_wconf 91' lang='lat' dir='ltr'><strong>et</strong></span> <span class='ocrx_word' id='word_1_705' title='bbox 3047 2849 3135 2917; x_wconf 85' lang='lat' dir='ltr'><strong>qui</strong></span> <span class='ocrx_word' id='word_1_706' title='bbox 3161 2848 3456 2905; x_wconf 76' lang='lat' dir='ltr'><strong>clanculum</strong></span> 
     </span>
    </p>
   </div>
   <div class='ocr_carea' id='block_1_88' title="bbox 1884 2935 3561 3016">
    <p class='ocr_par' dir='ltr' id='par_1_88' title="bbox 1884 2935 3561 3016">
     <span class='ocr_line' id='line_1_88' title="bbox 1884 2935 3561 3016; baseline 0.006 -26"><span class='ocrx_word' id='word_1_707' title='bbox 1884 2944 2225 3007; x_wconf 87' lang='lat' dir='ltr'><strong>peccaverat,</strong></span> <span class='ocrx_word' id='word_1_708' title='bbox 2256 2935 2325 2991; x_wconf 90' lang='lat' dir='ltr'><strong>de</strong></span> <span class='ocrx_word' id='word_1_709' title='bbox 2352 2952 2416 2991; x_wconf 89' lang='lat' dir='ltr'><strong>eo</strong></span> <span class='ocrx_word' id='word_1_710' title='bbox 2441 2939 2613 3007; x_wconf 87' lang='lat' dir='ltr'><strong>palam</strong></span> <span class='ocrx_word' id='word_1_711' title='bbox 2643 2938 2940 3008; x_wconf 88' lang='lat' dir='ltr'><strong>triumphus</strong></span> <span class='ocrx_word' id='word_1_712' title='bbox 2971 2949 3120 2997; x_wconf 87' lang='lat' dir='ltr'><strong>actus</strong></span> <span class='ocrx_word' id='word_1_713' title='bbox 3146 2950 3231 2999; x_wconf 87' lang='lat' dir='ltr'><strong>est</strong></span> <span class='ocrx_word' id='word_1_714' title='bbox 3250 2983 3266 3008; x_wconf 92' lang='lat'><strong>,</strong></span> <span class='ocrx_word' id='word_1_715' title='bbox 3290 2951 3345 3000; x_wconf 90' lang='lat' dir='ltr'><strong>et</strong></span> <span class='ocrx_word' id='word_1_716' title='bbox 3371 2944 3461 3016; x_wconf 86' lang='lat' dir='ltr'><strong>qui</strong></span> <span class='ocrx_word' id='word_1_717' title='bbox 3560 3008 3561 3011; x_wconf 26' lang='grc' dir='ltr'><strong>η</strong></span> 
     </span>
    </p>
   </div>
   <div class='ocr_carea' id='block_1_89' title="bbox 1884 3025 3461 3101">
    <p class='ocr_par' dir='ltr' id='par_1_89' title="bbox 1884 3025 3461 3101">
     <span class='ocr_line' id='line_1_89' title="bbox 1884 3025 3461 3101; baseline 0.003 -19"><span class='ocrx_word' id='word_1_718' title='bbox 1884 3033 1999 3082; x_wconf 89' lang='lat' dir='ltr'><strong>erat</strong></span> <span class='ocrx_word' id='word_1_719' title='bbox 2040 3025 2092 3079; x_wconf 91' lang='lat' dir='ltr'><strong>in</strong></span> <span class='ocrx_word' id='word_1_720' title='bbox 2130 3027 2341 3099; x_wconf 82' lang='lat' dir='ltr'><strong>occulto</strong></span> <span class='ocrx_word' id='word_1_721' title='bbox 2381 3027 2687 3084; x_wconf 84' lang='lat' dir='ltr'><strong>vulneratus</strong></span> <span class='ocrx_word' id='word_1_722' title='bbox 2712 3071 2726 3094; x_wconf 92' lang='lat'><strong>,</strong></span> <span class='ocrx_word' id='word_1_723' title='bbox 2758 3029 2991 3101; x_wconf 87' lang='lat' dir='ltr'><strong>chirurgi</strong></span> <span class='ocrx_word' id='word_1_724' title='bbox 3030 3048 3244 3087; x_wconf 89' lang='lat' dir='ltr'><strong>manum</strong></span> <span class='ocrx_word' id='word_1_725' title='bbox 3283 3048 3461 3089; x_wconf 89' lang='lat' dir='ltr'><strong>coram</strong></span> 
     </span>
    </p>
   </div>
   <div class='ocr_carea' id='block_1_90' title="bbox 1883 3115 3461 3191">
    <p class='ocr_par' dir='ltr' id='par_1_90' title="bbox 1883 3115 3461 3191">
     <span class='ocr_line' id='line_1_90' title="bbox 1883 3115 3461 3191; baseline 0.004 -20"><span class='ocrx_word' id='word_1_726' title='bbox 1883 3115 2131 3171; x_wconf 87' lang='lat' dir='ltr'><strong>omnibus</strong></span> <span class='ocrx_word' id='word_1_727' title='bbox 2161 3130 2348 3184; x_wconf 83' lang='lat' dir='ltr'><strong>passus</strong></span> <span class='ocrx_word' id='word_1_728' title='bbox 2376 3128 2457 3172; x_wconf 88' lang='lat' dir='ltr'><strong>est</strong></span> <span class='ocrx_word' id='word_1_729' title='bbox 2478 3159 2493 3184; x_wconf 93' lang='lat'><strong>,</strong></span> <span class='ocrx_word' id='word_1_730' title='bbox 2523 3117 2575 3171; x_wconf 89' lang='lat' dir='ltr'><strong>id</strong></span> <span class='ocrx_word' id='word_1_731' title='bbox 2604 3129 2824 3175; x_wconf 86' lang='lat' dir='ltr'><strong>curante</strong></span> <span class='ocrx_word' id='word_1_732' title='bbox 2852 3120 2959 3175; x_wconf 90' lang='lat' dir='ltr'><strong>Deo</strong></span> <span class='ocrx_word' id='word_1_733' title='bbox 2986 3122 3071 3191; x_wconf 91' lang='lat' dir='ltr'><strong>qui</strong></span> <span class='ocrx_word' id='word_1_734' title='bbox 3101 3122 3309 3178; x_wconf 80' lang='lat' dir='ltr'><strong>dixerat</strong></span> <span class='ocrx_word' id='word_1_735' title='bbox 3340 3141 3353 3178; x_wconf 90' lang='lat'><strong>:</strong></span> <span class='ocrx_word' id='word_1_736' title='bbox 3383 3121 3461 3177; x_wconf 80' lang='lat' dir='ltr'><strong>&#39;I‘u</strong></span> 
     </span>
    </p>
   </div>
   <div class='ocr_carea' id='block_1_91' title="bbox 1882 3206 3462 3284">
    <p class='ocr_par' dir='ltr' id='par_1_91' title="bbox 1882 3206 3462 3284">
     <span class='ocr_line' id='line_1_91' title="bbox 1882 3206 3462 3284; baseline 0.006 -25"><span class='ocrx_word' id='word_1_737' title='bbox 1882 3206 2041 3275; x_wconf 77' lang='lat' dir='ltr'><strong>fecisti</strong></span> <span class='ocrx_word' id='word_1_738' title='bbox 2068 3208 2119 3260; x_wconf 87' lang='lat' dir='ltr'><strong>in</strong></span> <span class='ocrx_word' id='word_1_739' title='bbox 2148 3207 2437 3261; x_wconf 81' lang='lat' dir='ltr'><strong>abscondito</strong></span> <span class='ocrx_word' id='word_1_740' title='bbox 2467 3222 2487 3263; x_wconf 92' lang='lat'><strong><em>:</em></strong></span> <span class='ocrx_word' id='word_1_741' title='bbox 2511 3225 2600 3279; x_wconf 86' lang='lat' dir='ltr'><strong>ego</strong></span> <span class='ocrx_word' id='word_1_742' title='bbox 2629 3218 2793 3263; x_wconf 86' lang='lat' dir='ltr'><strong>autem</strong></span> <span class='ocrx_word' id='word_1_743' title='bbox 2823 3212 3009 3279; x_wconf 77' lang='lat' dir='ltr'><strong>faciam</strong></span> <span class='ocrx_word' id='word_1_744' title='bbox 3036 3212 3087 3265; x_wconf 85' lang='lat' dir='ltr'><strong>in</strong></span> <span class='ocrx_word' id='word_1_745' title='bbox 3113 3224 3308 3284; x_wconf 82' lang='lat' dir='ltr'><strong>aperto,</strong></span> <span class='ocrx_word' id='word_1_746' title='bbox 3338 3224 3386 3268; x_wconf 86' lang='lat' dir='ltr'><strong>et</strong></span> <span class='ocrx_word' id='word_1_747' title='bbox 3412 3215 3462 3269; x_wconf 86' lang='lat' dir='ltr'><strong>iu</strong></span> 
     </span>
    </p>
   </div>
   <div class='ocr_carea' id='block_1_92' title="bbox 1881 3298 3464 3373">
    <p class='ocr_par' dir='ltr' id='par_1_92' title="bbox 1881 3298 3464 3373">
     <span class='ocr_line' id='line_1_92' title="bbox 1881 3298 3464 3373; baseline 0.007 -22"><span class='ocrx_word' id='word_1_748' title='bbox 1881 3306 2146 3367; x_wconf 80' lang='lat' dir='ltr'><strong>conspectu</strong></span> <span class='ocrx_word' id='word_1_749' title='bbox 2182 3298 2303 3352; x_wconf 86' lang='lat' dir='ltr'><strong>solis</strong></span> <span class='ocrx_word' id='word_1_750' title='bbox 2338 3299 2491 3369; x_wconf 80' lang='lat' dir='ltr'><strong>hujus</strong></span> <span class='ocrx_word' id='word_1_751' title='bbox 2520 3298 2608 3370; x_wconf 77' lang='lat'><strong>(2.</strong></span> <span class='ocrx_word' id='word_1_752' title='bbox 2638 3299 2766 3370; x_wconf 83' lang='lat' dir='ltr'><strong>Reg.</strong></span> <span class='ocrx_word' id='word_1_753' title='bbox 2810 3301 2895 3355; x_wconf 73' lang='grc'><strong>12.</strong></span> <span class='ocrx_word' id='word_1_754' title='bbox 2932 3300 3050 3373; x_wconf 73' lang='grc'><strong>12).</strong></span> <span class='ocrx_word' id='word_1_755' title='bbox 3081 3304 3360 3361; x_wconf 84' lang='lat' dir='ltr'><strong>Absalonis</strong></span> <span class='ocrx_word' id='word_1_756' title='bbox 3388 3314 3464 3362; x_wconf 85' lang='lat' dir='ltr'><strong>ta-</strong></span> 
     </span>
    </p>
   </div>
   <div class='ocr_carea' id='block_1_93' title="bbox 1882 3388 3464 3462">
    <p class='ocr_par' dir='ltr' id='par_1_93' title="bbox 1882 3388 3464 3462">
     <span class='ocr_line' id='line_1_93' title="bbox 1882 3388 3464 3462; baseline 0.007 -22"><span class='ocrx_word' id='word_1_757' title='bbox 1882 3401 2006 3441; x_wconf 90' lang='lat' dir='ltr'><strong>men</strong></span> <span class='ocrx_word' id='word_1_758' title='bbox 2036 3388 2213 3443; x_wconf 90' lang='lat' dir='ltr'><strong>scelus</strong></span> <span class='ocrx_word' id='word_1_759' title='bbox 2239 3403 2343 3443; x_wconf 90' lang='lat' dir='ltr'><strong>non</strong></span> <span class='ocrx_word' id='word_1_760' title='bbox 2374 3390 2420 3443; x_wconf 92' lang='lat' dir='ltr'><strong>ei</strong></span> <span class='ocrx_word' id='word_1_761' title='bbox 2447 3389 2514 3444; x_wconf 89' lang='lat' dir='ltr'><strong>ad</strong></span> <span class='ocrx_word' id='word_1_762' title='bbox 2550 3390 2708 3445; x_wconf 84' lang='lat' dir='ltr'><strong>finem</strong></span> <span class='ocrx_word' id='word_1_763' title='bbox 2746 3407 2908 3462; x_wconf 88' lang='lat' dir='ltr'><strong>usque</strong></span> <span class='ocrx_word' id='word_1_764' title='bbox 2950 3396 3205 3461; x_wconf 78' lang='lat' dir='ltr'><strong>processit</strong></span> <span class='ocrx_word' id='word_1_765' title='bbox 3232 3414 3245 3450; x_wconf 89' lang='lat'>:</span> <span class='ocrx_word' id='word_1_766' title='bbox 3271 3407 3326 3450; x_wconf 87' lang='lat' dir='ltr'><strong>et</strong></span> <span class='ocrx_word' id='word_1_767' title='bbox 3352 3413 3464 3452; x_wconf 87' lang='lat' dir='ltr'><strong>me-</strong></span> 
     </span>
    </p>
   </div>
   <div class='ocr_carea' id='block_1_94' title="bbox 1884 3481 3440 3558">
    <p class='ocr_par' dir='ltr' id='par_1_94' title="bbox 1884 3481 3440 3558">
     <span class='ocr_line' id='line_1_94' title="bbox 1884 3481 3440 3558; baseline 0.005 -23"><span class='ocrx_word' id='word_1_768' title='bbox 1884 3482 2008 3544; x_wconf 85' lang='lat' dir='ltr'><strong>rito,</strong></span> <span class='ocrx_word' id='word_1_769' title='bbox 2041 3496 2108 3535; x_wconf 89' lang='lat' dir='ltr'><strong>ne</strong></span> <span class='ocrx_word' id='word_1_770' title='bbox 2137 3482 2412 3552; x_wconf 69' lang='lat' dir='ltr'><strong>parricida:</strong></span> <span class='ocrx_word' id='word_1_771' title='bbox 2442 3482 2544 3537; x_wconf 88' lang='lat' dir='ltr'><strong>hoc</strong></span> <span class='ocrx_word' id='word_1_772' title='bbox 2572 3481 2775 3538; x_wconf 89' lang='lat' dir='ltr'><strong>facinus</strong></span> <span class='ocrx_word' id='word_1_773' title='bbox 2804 3492 3048 3539; x_wconf 90' lang='lat' dir='ltr'><strong>tenerent</strong></span> <span class='ocrx_word' id='word_1_774' title='bbox 3079 3501 3173 3554; x_wconf 90' lang='lat' dir='ltr'><strong>pro</strong></span> <span class='ocrx_word' id='word_1_775' title='bbox 3202 3486 3316 3558; x_wconf 84' lang='lat' dir='ltr'><strong>lege</strong></span> <span class='ocrx_word' id='word_1_776' title='bbox 3347 3504 3440 3558; x_wconf 86' lang='lat' dir='ltr'><strong>par</strong></span> 
     </span>
    </p>
   </div>
   <div class='ocr_carea' id='block_1_95' title="bbox 1883 3570 3465 3642">
    <p class='ocr_par' dir='ltr' id='par_1_95' title="bbox 1883 3570 3465 3642">
     <span class='ocr_line' id='line_1_95' title="bbox 1883 3570 3465 3642; baseline 0.007 -18"><span class='ocrx_word' id='word_1_777' title='bbox 1883 3570 2074 3625; x_wconf 79' lang='lat' dir='ltr'><strong>ricidii.</strong></span> <span class='ocrx_word' id='word_1_778' title='bbox 2108 3570 2238 3625; x_wconf 89' lang='lat' dir='ltr'><strong>Cum</strong></span> <span class='ocrx_word' id='word_1_779' title='bbox 2277 3583 2452 3627; x_wconf 90' lang='lat' dir='ltr'><strong>autem</strong></span> <span class='ocrx_word' id='word_1_780' title='bbox 2483 3582 2542 3627; x_wconf 90' lang='lat' dir='ltr'><strong>ut</strong></span> <span class='ocrx_word' id='word_1_781' title='bbox 2568 3573 2806 3629; x_wconf 76' lang='lat' dir='ltr'><strong>carnifex</strong></span> <span class='ocrx_word' id='word_1_782' title='bbox 2835 3574 3208 3642; x_wconf 88' lang='lat' dir='ltr'><strong>deserviisset,</strong></span> <span class='ocrx_word' id='word_1_783' title='bbox 3246 3587 3303 3633; x_wconf 90' lang='lat' dir='ltr'><strong>ut</strong></span> <span class='ocrx_word' id='word_1_784' title='bbox 3343 3594 3465 3635; x_wconf 87' lang='lat' dir='ltr'><strong>reus</strong></span> 
     </span>
    </p>
   </div>
   <div class='ocr_carea' id='block_1_96' title="bbox 1885 3660 3453 3741">
    <p class='ocr_par' dir='ltr' id='par_1_96' title="bbox 1885 3660 3453 3741">
     <span class='ocr_line' id='line_1_96' title="bbox 1885 3660 3453 3741; baseline 0.008 -28"><span class='ocrx_word' id='word_1_785' title='bbox 1885 3660 2189 3716; x_wconf 90' lang='lat' dir='ltr'><strong>interfectus</strong></span> <span class='ocrx_word' id='word_1_786' title='bbox 2218 3672 2299 3716; x_wconf 88' lang='lat' dir='ltr'><strong>est</strong></span> <span class='ocrx_word' id='word_1_787' title='bbox 2322 3704 2336 3726; x_wconf 90' lang='lat'><strong>,</strong></span> <span class='ocrx_word' id='word_1_788' title='bbox 2368 3673 2425 3716; x_wconf 92' lang='lat' dir='ltr'><strong>ut</strong></span> <span class='ocrx_word' id='word_1_789' title='bbox 2452 3664 2539 3732; x_wconf 90' lang='lat' dir='ltr'><strong>qui</strong></span> <span class='ocrx_word' id='word_1_790' title='bbox 2573 3674 2716 3718; x_wconf 82' lang='lat' dir='ltr'><strong>esset</strong></span> <span class='ocrx_word' id='word_1_791' title='bbox 2751 3665 3027 3721; x_wconf 89' lang='lat' dir='ltr'><strong>damnatus</strong></span> <span class='ocrx_word' id='word_1_792' title='bbox 3059 3684 3073 3720; x_wconf 92' lang='lat'><strong>:</strong></span> <span class='ocrx_word' id='word_1_793' title='bbox 3100 3677 3153 3722; x_wconf 90' lang='lat' dir='ltr'><strong>et</strong></span> <span class='ocrx_word' id='word_1_794' title='bbox 3178 3669 3315 3723; x_wconf 85' lang='lat' dir='ltr'><strong>sicut</strong></span> <span class='ocrx_word' id='word_1_795' title='bbox 3338 3686 3453 3741; x_wconf 79' lang='lat' dir='ltr'><strong>quo</strong></span> 
     </span>
    </p>
   </div>
   <div class='ocr_carea' id='block_1_97' title="bbox 1883 3748 3458 3825">
    <p class='ocr_par' dir='ltr' id='par_1_97' title="bbox 1883 3748 3458 3825">
     <span class='ocr_line' id='line_1_97' title="bbox 1883 3748 3458 3825; baseline 0.008 -22"><span class='ocrx_word' id='word_1_796' title='bbox 1883 3748 1935 3803; x_wconf 89' lang='lat' dir='ltr'><strong>in</strong></span> <span class='ocrx_word' id='word_1_797' title='bbox 1965 3750 2183 3806; x_wconf 88' lang='lat' dir='ltr'><strong>theatris</strong></span> <span class='ocrx_word' id='word_1_798' title='bbox 2212 3751 2528 3806; x_wconf 80' lang='lat' dir='ltr'><strong>exhibentur</strong></span> <span class='ocrx_word' id='word_1_799' title='bbox 2557 3752 2717 3821; x_wconf 72' lang='lat' dir='ltr'><strong>ferte,</strong></span> <span class='ocrx_word' id='word_1_800' title='bbox 2746 3754 2878 3810; x_wconf 90' lang='lat' dir='ltr'><strong>alios</strong></span> <span class='ocrx_word' id='word_1_801' title='bbox 2917 3756 3127 3824; x_wconf 85' lang='lat' dir='ltr'><strong>quidem</strong></span> <span class='ocrx_word' id='word_1_802' title='bbox 3172 3758 3458 3825; x_wconf 88' lang='lat' dir='ltr'><strong>invadunt,</strong></span> 
     </span>
    </p>
   </div>
   <div class='ocr_carea' id='block_1_98' title="bbox 1883 3838 3461 3902">
    <p class='ocr_par' dir='ltr' id='par_1_98' title="bbox 1883 3838 3461 3902">
     <span class='ocr_line' id='line_1_98' title="bbox 1883 3838 3461 3902; baseline 0.006 -9"><span class='ocrx_word' id='word_1_803' title='bbox 1883 3839 1950 3894; x_wconf 89' lang='lat' dir='ltr'><strong>ab</strong></span> <span class='ocrx_word' id='word_1_804' title='bbox 1976 3838 2094 3895; x_wconf 87' lang='lat' dir='ltr'><strong>aliis</strong></span> <span class='ocrx_word' id='word_1_805' title='bbox 2118 3855 2245 3895; x_wconf 90' lang='lat' dir='ltr'><strong>vero</strong></span> <span class='ocrx_word' id='word_1_806' title='bbox 2271 3840 2694 3897; x_wconf 86' lang='lat' dir='ltr'><strong>interficiuntur:</strong></span> <span class='ocrx_word' id='word_1_807' title='bbox 2723 3844 2794 3898; x_wconf 89' lang='lat' dir='ltr'><strong>ita</strong></span> <span class='ocrx_word' id='word_1_808' title='bbox 2833 3844 2992 3899; x_wconf 89' lang='lat' dir='ltr'><strong>etiam</strong></span> <span class='ocrx_word' id='word_1_809' title='bbox 3029 3846 3259 3901; x_wconf 83' lang='lat' dir='ltr'><strong>Absalon</strong></span> <span class='ocrx_word' id='word_1_810' title='bbox 3303 3849 3461 3902; x_wconf 57' lang='lat' dir='ltr'><strong>Davi.</strong></span> 
     </span>
    </p>
   </div>
   <div class='ocr_carea' id='block_1_99' title="bbox 1884 3929 3462 4002">
    <p class='ocr_par' dir='ltr' id='par_1_99' title="bbox 1884 3929 3462 4002">
     <span class='ocr_line' id='line_1_99' title="bbox 1884 3929 3462 4002; baseline 0.005 -18"><span class='ocrx_word' id='word_1_811' title='bbox 1884 3929 2003 3985; x_wconf 91' lang='lat' dir='ltr'><strong>dem</strong></span> <span class='ocrx_word' id='word_1_812' title='bbox 2029 3945 2310 4001; x_wconf 85' lang='lat' dir='ltr'><strong>aggressus</strong></span> <span class='ocrx_word' id='word_1_813' title='bbox 2332 3973 2347 3998; x_wconf 92' lang='lat'><strong>,</strong></span> <span class='ocrx_word' id='word_1_814' title='bbox 2373 3948 2402 3985; x_wconf 91' lang='lat' dir='ltr'><strong>a</strong></span> <span class='ocrx_word' id='word_1_815' title='bbox 2430 3932 2563 3987; x_wconf 86' lang='lat' dir='ltr'><strong>Joab</strong></span> <span class='ocrx_word' id='word_1_816' title='bbox 2589 3934 2799 3989; x_wconf 87' lang='lat' dir='ltr'><strong>occisus</strong></span> <span class='ocrx_word' id='word_1_817' title='bbox 2824 3945 2906 3989; x_wconf 90' lang='lat' dir='ltr'><strong>est</strong></span> <span class='ocrx_word' id='word_1_818' title='bbox 2927 3975 2942 4002; x_wconf 93' lang='lat'><strong>,</strong></span> <span class='ocrx_word' id='word_1_819' title='bbox 2973 3944 3027 3990; x_wconf 92' lang='lat' dir='ltr'><strong>et</strong></span> <span class='ocrx_word' id='word_1_820' title='bbox 3053 3937 3106 3989; x_wconf 93' lang='lat' dir='ltr'><strong>in</strong></span> <span class='ocrx_word' id='word_1_821' title='bbox 3133 3936 3344 3991; x_wconf 89' lang='lat' dir='ltr'><strong>sublimi</strong></span> <span class='ocrx_word' id='word_1_822' title='bbox 3373 3953 3462 3992; x_wconf 83' lang='lat' dir='ltr'><strong>ar-</strong></span> 
     </span>
    </p>
   </div>
   <div class='ocr_carea' id='block_1_100' title="bbox 1882 4019 3467 4098">
    <p class='ocr_par' dir='ltr' id='par_1_100' title="bbox 1882 4019 3467 4098">
     <span class='ocr_line' id='line_1_100' title="bbox 1882 4019 3467 4098; baseline 0.005 -24"><span class='ocrx_word' id='word_1_823' title='bbox 1882 4019 2012 4074; x_wconf 87' lang='lat' dir='ltr'><strong>bore</strong></span> <span class='ocrx_word' id='word_1_824' title='bbox 2040 4035 2329 4089; x_wconf 80' lang='lat' dir='ltr'><strong>suSpensus</strong></span> <span class='ocrx_word' id='word_1_825' title='bbox 2351 4031 2436 4077; x_wconf 91' lang='lat' dir='ltr'><strong>est</strong></span> <span class='ocrx_word' id='word_1_826' title='bbox 2461 4023 2539 4093; x_wconf 74' lang='grc'><strong>(2.</strong></span> <span class='ocrx_word' id='word_1_827' title='bbox 2568 4022 2697 4095; x_wconf 80' lang='lat' dir='ltr'><strong>Reg.</strong></span> <span class='ocrx_word' id='word_1_828' title='bbox 2728 4024 2815 4080; x_wconf 85' lang='grc'><strong>18.</strong></span> <span class='ocrx_word' id='word_1_829' title='bbox 2846 4025 2957 4095; x_wconf 70' lang='lat' dir='ltr'><strong>ii),</strong></span> <span class='ocrx_word' id='word_1_830' title='bbox 2984 4027 3074 4096; x_wconf 91' lang='lat' dir='ltr'><strong>qtti</strong></span> <span class='ocrx_word' id='word_1_831' title='bbox 3100 4026 3351 4082; x_wconf 87' lang='lat' dir='ltr'><strong>adversus</strong></span> <span class='ocrx_word' id='word_1_832' title='bbox 3376 4044 3467 4098; x_wconf 88' lang='lat' dir='ltr'><strong>pa-</strong></span> 
     </span>
    </p>
   </div>
   <div class='ocr_carea' id='block_1_101' title="bbox 1888 4113 3464 4189">
    <p class='ocr_par' dir='ltr' id='par_1_101' title="bbox 1888 4113 3464 4189">
     <span class='ocr_line' id='line_1_101' title="bbox 1888 4113 3464 4189; baseline 0.005 -22"><span class='ocrx_word' id='word_1_833' title='bbox 1888 4122 2022 4167; x_wconf 86' lang='lat' dir='ltr'><strong>trem</strong></span> <span class='ocrx_word' id='word_1_834' title='bbox 2067 4113 2409 4183; x_wconf 88' lang='lat' dir='ltr'><strong>erigebatur;</strong></span> <span class='ocrx_word' id='word_1_835' title='bbox 2439 4124 2493 4168; x_wconf 90' lang='lat' dir='ltr'><strong>et</strong></span> <span class='ocrx_word' id='word_1_836' title='bbox 2526 4130 2556 4169; x_wconf 89' lang='lat' dir='ltr'><strong>a</strong></span> <span class='ocrx_word' id='word_1_837' title='bbox 2596 4116 2772 4186; x_wconf 89' lang='lat' dir='ltr'><strong>planta</strong></span> <span class='ocrx_word' id='word_1_838' title='bbox 2815 4117 3177 4185; x_wconf 90' lang='lat' dir='ltr'><strong>detinebatur,</strong></span> <span class='ocrx_word' id='word_1_839' title='bbox 3212 4120 3301 4189; x_wconf 88' lang='lat' dir='ltr'><strong>qui</strong></span> <span class='ocrx_word' id='word_1_840' title='bbox 3344 4135 3464 4175; x_wconf 90' lang='lat' dir='ltr'><strong>cum</strong></span> 
     </span>
    </p>
   </div>
   <div class='ocr_carea' id='block_1_102' title="bbox 1884 4203 3469 4279">
    <p class='ocr_par' dir='ltr' id='par_1_102' title="bbox 1884 4203 3469 4279">
     <span class='ocr_line' id='line_1_102' title="bbox 1884 4203 3469 4279; baseline 0.004 -20"><span class='ocrx_word' id='word_1_841' title='bbox 1884 4203 2061 4260; x_wconf 88' lang='lat' dir='ltr'><strong>radice</strong></span> <span class='ocrx_word' id='word_1_842' title='bbox 2085 4204 2347 4275; x_wconf 87' lang='lat' dir='ltr'><strong>pugnabat</strong></span> <span class='ocrx_word' id='word_1_843' title='bbox 2377 4222 2391 4258; x_wconf 87' lang='lat'><strong>:</strong></span> <span class='ocrx_word' id='word_1_844' title='bbox 2415 4205 2619 4261; x_wconf 88' lang='lat' dir='ltr'><strong>vinctus</strong></span> <span class='ocrx_word' id='word_1_845' title='bbox 2642 4213 2757 4260; x_wconf 87' lang='lat' dir='ltr'><strong>erat</strong></span> <span class='ocrx_word' id='word_1_846' title='bbox 2782 4222 2811 4260; x_wconf 93' lang='lat' dir='ltr'><strong>a</strong></span> <span class='ocrx_word' id='word_1_847' title='bbox 2840 4220 2988 4260; x_wconf 89' lang='lat' dir='ltr'><strong>ramo</strong></span> <span class='ocrx_word' id='word_1_848' title='bbox 3013 4221 3211 4272; x_wconf 84' lang='lat' dir='ltr'><strong>ramus,</strong></span> <span class='ocrx_word' id='word_1_849' title='bbox 3238 4209 3327 4279; x_wconf 87' lang='lat' dir='ltr'><strong>qui</strong></span> <span class='ocrx_word' id='word_1_850' title='bbox 3354 4221 3469 4266; x_wconf 84' lang='lat' dir='ltr'><strong>erat</strong></span> 
     </span>
    </p>
   </div>
   <div class='ocr_carea' id='block_1_103' title="bbox 1883 4295 3462 4369">
    <p class='ocr_par' dir='ltr' id='par_1_103' title="bbox 1883 4295 3462 4369">
     <span class='ocr_line' id='line_1_103' title="bbox 1883 4295 3462 4369; baseline 0.003 -18"><span class='ocrx_word' id='word_1_851' title='bbox 1883 4310 1915 4351; x_wconf 86' lang='lat' dir='ltr'><strong>a</strong></span> <span class='ocrx_word' id='word_1_852' title='bbox 1955 4305 2175 4366; x_wconf 87' lang='lat' dir='ltr'><strong>paterna</strong></span> <span class='ocrx_word' id='word_1_853' title='bbox 2218 4296 2496 4352; x_wconf 75' lang='lat' dir='ltr'><strong>affectione</strong></span> <span class='ocrx_word' id='word_1_854' title='bbox 2531 4295 2822 4367; x_wconf 88' lang='lat' dir='ltr'><strong>abruptus,</strong></span> <span class='ocrx_word' id='word_1_855' title='bbox 2854 4306 2903 4352; x_wconf 88' lang='lat' dir='ltr'><strong>et</strong></span> <span class='ocrx_word' id='word_1_856' title='bbox 2941 4298 3111 4367; x_wconf 86' lang='lat' dir='ltr'><strong>capite</strong></span> <span class='ocrx_word' id='word_1_857' title='bbox 3150 4300 3462 4369; x_wconf 88' lang='lat' dir='ltr'><strong>tenebatur,</strong></span> 
     </span>
    </p>
   </div>
   <div class='ocr_carea' id='block_1_104' title="bbox 1883 4388 3462 4464">
    <p class='ocr_par' dir='ltr' id='par_1_104' title="bbox 1883 4388 3462 4464">
     <span class='ocr_line' id='line_1_104' title="bbox 1883 4388 3462 4464; baseline 0.003 -22"><span class='ocrx_word' id='word_1_858' title='bbox 1883 4388 1971 4458; x_wconf 91' lang='lat' dir='ltr'><strong>qui</strong></span> <span class='ocrx_word' id='word_1_859' title='bbox 2001 4388 2255 4458; x_wconf 88' lang='lat' dir='ltr'><strong>genitoris</strong></span> <span class='ocrx_word' id='word_1_860' title='bbox 2283 4399 2440 4459; x_wconf 90' lang='lat' dir='ltr'><strong>caput</strong></span> <span class='ocrx_word' id='word_1_861' title='bbox 2466 4388 2676 4446; x_wconf 87' lang='lat' dir='ltr'><strong>auferre</strong></span> <span class='ocrx_word' id='word_1_862' title='bbox 2703 4389 3072 4456; x_wconf 89' lang='lat' dir='ltr'><strong>contendebat,</strong></span> <span class='ocrx_word' id='word_1_863' title='bbox 3103 4406 3167 4446; x_wconf 88' lang='lat' dir='ltr'><strong>ac</strong></span> <span class='ocrx_word' id='word_1_864' title='bbox 3194 4401 3462 4464; x_wconf 90' lang='lat' dir='ltr'><strong>tamquam</strong></span> 
     </span>
    </p>
   </div>
   <div class='ocr_carea' id='block_1_105' title="bbox 1882 4478 3463 4556">
    <p class='ocr_par' dir='ltr' id='par_1_105' title="bbox 1882 4478 3463 4556">
     <span class='ocr_line' id='line_1_105' title="bbox 1882 4478 3463 4556; baseline 0.004 -23"><span class='ocrx_word' id='word_1_865' title='bbox 1882 4478 2085 4534; x_wconf 82' lang='lat' dir='ltr'><strong>fructus</strong></span> <span class='ocrx_word' id='word_1_866' title='bbox 2127 4480 2391 4551; x_wconf 87' lang='lat' dir='ltr'><strong>pendebat</strong></span> <span class='ocrx_word' id='word_1_867' title='bbox 2430 4481 2497 4537; x_wconf 91' lang='lat' dir='ltr'><strong>ab</strong></span> <span class='ocrx_word' id='word_1_868' title='bbox 2536 4481 2765 4548; x_wconf 88' lang='lat' dir='ltr'><strong>arbore,</strong></span> <span class='ocrx_word' id='word_1_869' title='bbox 2803 4482 2892 4553; x_wconf 92' lang='lat' dir='ltr'><strong>qui</strong></span> <span class='ocrx_word' id='word_1_870' title='bbox 2937 4491 3137 4538; x_wconf 81' lang='lat' dir='ltr'><strong>naturae</strong></span> <span class='ocrx_word' id='word_1_871' title='bbox 3178 4486 3463 4556; x_wconf 87' lang='lat' dir='ltr'><strong>agricolam</strong></span> 
     </span>
    </p>
   </div>
   <div class='ocr_carea' id='block_1_106' title="bbox 1883 4570 3460 4644">
    <p class='ocr_par' dir='ltr' id='par_1_106' title="bbox 1883 4570 3460 4644">
     <span class='ocr_line' id='line_1_106' title="bbox 1883 4570 3460 4644; baseline 0.005 -22"><span class='ocrx_word' id='word_1_872' title='bbox 1883 4570 2094 4624; x_wconf 88' lang='lat' dir='ltr'><strong>volebat</strong></span> <span class='ocrx_word' id='word_1_873' title='bbox 2129 4570 2458 4640; x_wconf 84' lang='lat' dir='ltr'><strong>exscindere,</strong></span> <span class='ocrx_word' id='word_1_874' title='bbox 2487 4582 2541 4627; x_wconf 89' lang='lat' dir='ltr'><strong>et</strong></span> <span class='ocrx_word' id='word_1_875' title='bbox 2570 4571 2621 4626; x_wconf 90' lang='lat' dir='ltr'><strong>in</strong></span> <span class='ocrx_word' id='word_1_876' title='bbox 2649 4572 2809 4628; x_wconf 88' lang='lat' dir='ltr'><strong>corde</strong></span> <span class='ocrx_word' id='word_1_877' title='bbox 2844 4572 3022 4644; x_wconf 87' lang='lat' dir='ltr'><strong>jaculo</strong></span> <span class='ocrx_word' id='word_1_878' title='bbox 3054 4574 3331 4632; x_wconf 88' lang='lat' dir='ltr'><strong>confossus</strong></span> <span class='ocrx_word' id='word_1_879' title='bbox 3358 4584 3460 4643; x_wconf 90' lang='lat' dir='ltr'><strong>est,</strong></span> 
     </span>
    </p>
   </div>
   <div class='ocr_carea' id='block_1_107' title="bbox 1883 4656 2872 4734">
    <p class='ocr_par' dir='ltr' id='par_1_107' title="bbox 1883 4656 2872 4734">
     <span class='ocr_line' id='line_1_107' title="bbox 1883 4656 2872 4734; baseline 0.004 -20"><span class='ocrx_word' id='word_1_880' title='bbox 1883 4656 1991 4716; x_wconf 91' lang='lat' dir='ltr'><strong>illic</strong></span> <span class='ocrx_word' id='word_1_881' title='bbox 2034 4661 2260 4727; x_wconf 87' lang='lat' dir='ltr'><strong>occisus,</strong></span> <span class='ocrx_word' id='word_1_882' title='bbox 2292 4664 2381 4718; x_wconf 90' lang='lat' dir='ltr'><strong>ubi</strong></span> <span class='ocrx_word' id='word_1_883' title='bbox 2406 4665 2603 4720; x_wconf 64' lang='lat' dir='ltr'><strong>caedem</strong></span> <span class='ocrx_word' id='word_1_884' title='bbox 2636 4666 2872 4734; x_wconf 84' lang='lat' dir='ltr'><strong>parabat.</strong></span> 
     </span>
    </p>
   </div>
   <div class='ocr_carea' id='block_1_108' title="bbox 1955 4752 3464 4831">
    <p class='ocr_par' dir='ltr' id='par_1_108' title="bbox 1955 4752 3464 4831">
     <span class='ocr_line' id='line_1_108' title="bbox 1955 4752 3464 4831; baseline 0.006 -25"><span class='ocrx_word' id='word_1_885' title='bbox 1955 4752 2220 4809; x_wconf 82' lang='lat' dir='ltr'><strong>Absalouis</strong></span> <span class='ocrx_word' id='word_1_886' title='bbox 2267 4756 2524 4825; x_wconf 82' lang='lat' dir='ltr'><strong>pernicies.</strong></span> <span class='ocrx_word' id='word_1_887' title='bbox 2562 4785 2636 4796; x_wconf 89' lang='lat'><strong>—</strong></span> <span class='ocrx_word' id='word_1_888' title='bbox 2671 4756 2735 4810; x_wconf 87' lang='lat' dir='ltr'><strong>Et</strong></span> <span class='ocrx_word' id='word_1_889' title='bbox 2784 4766 2909 4812; x_wconf 89' lang='lat' dir='ltr'><strong>tunc</strong></span> <span class='ocrx_word' id='word_1_890' title='bbox 2958 4757 3138 4814; x_wconf 85' lang='lat' dir='ltr'><strong>videre</strong></span> <span class='ocrx_word' id='word_1_891' title='bbox 3187 4767 3300 4814; x_wconf 85' lang='lat' dir='ltr'><strong>emt</strong></span> <span class='ocrx_word' id='word_1_892' title='bbox 3342 4774 3464 4831; x_wconf 86' lang='lat' dir='ltr'><strong>spe-</strong></span> 
     </span>
    </p>
   </div>
   <div class='ocr_carea' id='block_1_109' title="bbox 1885 4845 3462 4917">
    <p class='ocr_par' dir='ltr' id='par_1_109' title="bbox 1885 4845 3462 4917">
     <span class='ocr_line' id='line_1_109' title="bbox 1885 4845 3462 4917; baseline 0.004 -19"><span class='ocrx_word' id='word_1_893' title='bbox 1885 4845 2148 4900; x_wconf 89' lang='lat' dir='ltr'><strong>ctaculum</strong></span> <span class='ocrx_word' id='word_1_894' title='bbox 2192 4845 2520 4901; x_wconf 86' lang='lat' dir='ltr'><strong>admirabile.</strong></span> <span class='ocrx_word' id='word_1_895' title='bbox 2570 4847 2710 4901; x_wconf 83' lang='lat' dir='ltr'><strong>Muto</strong></span> <span class='ocrx_word' id='word_1_896' title='bbox 2752 4847 2891 4901; x_wconf 87' lang='lat' dir='ltr'><strong>enim</strong></span> <span class='ocrx_word' id='word_1_897' title='bbox 2936 4849 3209 4917; x_wconf 82' lang='lat' dir='ltr'><strong>equitaus,</strong></span> <span class='ocrx_word' id='word_1_898' title='bbox 3255 4865 3319 4904; x_wconf 83' lang='lat' dir='ltr'><strong>ex</strong></span> <span class='ocrx_word' id='word_1_899' title='bbox 3367 4864 3462 4904; x_wconf 85' lang='lat' dir='ltr'><strong>ca-</strong></span> 
     </span>
    </p>
   </div>
   <div class='ocr_carea' id='block_1_110' title="bbox 1886 4939 3463 5008">
    <p class='ocr_par' dir='ltr' id='par_1_110' title="bbox 1886 4939 3463 5008">
     <span class='ocr_line' id='line_1_110' title="bbox 1886 4939 3463 5008; baseline 0.003 -16"><span class='ocrx_word' id='word_1_900' title='bbox 1886 4939 2129 5008; x_wconf 87' lang='lat' dir='ltr'><strong>pillorum</strong></span> <span class='ocrx_word' id='word_1_901' title='bbox 2144 4940 2323 4994; x_wconf 80' lang='lat' dir='ltr'><strong>’coma</strong></span> <span class='ocrx_word' id='word_1_902' title='bbox 2366 4954 2394 4992; x_wconf 89' lang='lat' dir='ltr'><strong>a</strong></span> <span class='ocrx_word' id='word_1_903' title='bbox 2435 4954 2585 4994; x_wconf 89' lang='lat' dir='ltr'><strong>coma</strong></span> <span class='ocrx_word' id='word_1_904' title='bbox 2628 4939 2833 4996; x_wconf 84' lang='lat' dir='ltr'><strong>arboris</strong></span> <span class='ocrx_word' id='word_1_905' title='bbox 2875 4941 3182 5006; x_wconf 87' lang='lat' dir='ltr'><strong>tenebatur,</strong></span> <span class='ocrx_word' id='word_1_906' title='bbox 3220 4950 3273 4996; x_wconf 91' lang='lat' dir='ltr'><strong>et</strong></span> <span class='ocrx_word' id='word_1_907' title='bbox 3307 4956 3463 4997; x_wconf 90' lang='lat' dir='ltr'><strong>coma</strong></span> 
     </span>
    </p>
   </div>
   <div class='ocr_carea' id='block_1_111' title="bbox 1883 5029 3462 5099">
    <p class='ocr_par' dir='ltr' id='par_1_111' title="bbox 1883 5029 3462 5099">
     <span class='ocr_line' id='line_1_111' title="bbox 1883 5029 3462 5099; baseline 0.001 -15"><span class='ocrx_word' id='word_1_908' title='bbox 1883 5029 2094 5084; x_wconf 87' lang='lat' dir='ltr'><strong>tenebat</strong></span> <span class='ocrx_word' id='word_1_909' title='bbox 2121 5043 2272 5083; x_wconf 88' lang='lat' dir='ltr'><strong>coma</strong></span> <span class='ocrx_word' id='word_1_910' title='bbox 2313 5039 2630 5099; x_wconf 86' lang='lat' dir='ltr'><strong>tyrannum,</strong></span> <span class='ocrx_word' id='word_1_911' title='bbox 2671 5029 2777 5084; x_wconf 88' lang='lat' dir='ltr'><strong>illic</strong></span> <span class='ocrx_word' id='word_1_912' title='bbox 2817 5045 2936 5084; x_wconf 89' lang='lat' dir='ltr'><strong>eum</strong></span> <span class='ocrx_word' id='word_1_913' title='bbox 2975 5030 3338 5096; x_wconf 87' lang='lat' dir='ltr'><strong>contundens,</strong></span> <span class='ocrx_word' id='word_1_914' title='bbox 3374 5031 3462 5086; x_wconf 90' lang='lat' dir='ltr'><strong>ubi</strong></span> 
     </span>
    </p>
   </div>
   <div class='ocr_carea' id='block_1_112' title="bbox 1882 5117 3461 5193">
    <p class='ocr_par' dir='ltr' id='par_1_112' title="bbox 1882 5117 3461 5193">
     <span class='ocr_line' id='line_1_112' title="bbox 1882 5117 3461 5193; baseline 0.003 -19"><span class='ocrx_word' id='word_1_915' title='bbox 1882 5117 2123 5174; x_wconf 88' lang='lat' dir='ltr'><strong>diadema</strong></span> <span class='ocrx_word' id='word_1_916' title='bbox 2150 5128 2427 5188; x_wconf 86' lang='lat' dir='ltr'><strong>paternum</strong></span> <span class='ocrx_word' id='word_1_917' title='bbox 2453 5129 2661 5190; x_wconf 88' lang='lat' dir='ltr'><strong>gestare</strong></span> <span class='ocrx_word' id='word_1_918' title='bbox 2686 5121 3056 5175; x_wconf 89' lang='lat' dir='ltr'><strong>contendebat.</strong></span> <span class='ocrx_word' id='word_1_919' title='bbox 3098 5120 3310 5175; x_wconf 83' lang='lat' dir='ltr'><strong>Poterat</strong></span> <span class='ocrx_word' id='word_1_920' title='bbox 3334 5136 3461 5193; x_wconf 85' lang='lat' dir='ltr'><strong>ergo</strong></span> 
     </span>
    </p>
   </div>
   <div class='ocr_carea' id='block_1_113' title="bbox 1881 5206 3461 5279">
    <p class='ocr_par' dir='ltr' id='par_1_113' title="bbox 1881 5206 3461 5279">
     <span class='ocr_line' id='line_1_113' title="bbox 1881 5206 3461 5279; baseline 0.002 -16"><span class='ocrx_word' id='word_1_921' title='bbox 1881 5208 2049 5264; x_wconf 87' lang='lat' dir='ltr'><strong>videri</strong></span> <span class='ocrx_word' id='word_1_922' title='bbox 2077 5208 2306 5265; x_wconf 81' lang='lat' dir='ltr'><strong>Absalon</strong></span> <span class='ocrx_word' id='word_1_923' title='bbox 2330 5223 2618 5279; x_wconf 79' lang='lat' dir='ltr'><strong>Suspensus</strong></span> <span class='ocrx_word' id='word_1_924' title='bbox 2644 5209 2695 5263; x_wconf 90' lang='lat' dir='ltr'><strong>in</strong></span> <span class='ocrx_word' id='word_1_925' title='bbox 2723 5210 2899 5265; x_wconf 89' lang='lat' dir='ltr'><strong>medio</strong></span> <span class='ocrx_word' id='word_1_926' title='bbox 2923 5206 3038 5264; x_wconf 63' lang='lat' dir='ltr'><strong>caeli</strong></span> <span class='ocrx_word' id='word_1_927' title='bbox 3064 5217 3117 5263; x_wconf 91' lang='lat' dir='ltr'><strong>et</strong></span> <span class='ocrx_word' id='word_1_928' title='bbox 3145 5218 3318 5264; x_wconf 68' lang='lat' dir='ltr'><strong>terrae.</strong></span> <span class='ocrx_word' id='word_1_929' title='bbox 3348 5212 3461 5266; x_wconf 72' lang='lat' dir='ltr'><strong>Cae—</strong></span> 
     </span>
    </p>
   </div>
   <div class='ocr_carea' id='block_1_114' title="bbox 1883 5298 3459 5370">
    <p class='ocr_par' dir='ltr' id='par_1_114' title="bbox 1883 5298 3459 5370">
     <span class='ocr_line' id='line_1_114' title="bbox 1883 5298 3459 5370; baseline 0.003 -16"><span class='ocrx_word' id='word_1_930' title='bbox 1883 5298 1992 5354; x_wconf 90' lang='lat' dir='ltr'><strong>lum</strong></span> <span class='ocrx_word' id='word_1_931' title='bbox 2031 5315 2153 5356; x_wconf 88' lang='lat' dir='ltr'><strong>eum</strong></span> <span class='ocrx_word' id='word_1_932' title='bbox 2191 5316 2298 5355; x_wconf 89' lang='lat' dir='ltr'><strong>non</strong></span> <span class='ocrx_word' id='word_1_933' title='bbox 2328 5300 2638 5355; x_wconf 88' lang='lat' dir='ltr'><strong>admittebat</strong></span> <span class='ocrx_word' id='word_1_934' title='bbox 2667 5319 2680 5356; x_wconf 89' lang='lat'>:</span> <span class='ocrx_word' id='word_1_935' title='bbox 2709 5301 2755 5357; x_wconf 90' lang='lat' dir='ltr'><strong>si</strong></span> <span class='ocrx_word' id='word_1_936' title='bbox 2782 5301 2922 5356; x_wconf 91' lang='lat' dir='ltr'><strong>enim</strong></span> <span class='ocrx_word' id='word_1_937' title='bbox 2955 5300 3179 5370; x_wconf 89' lang='lat' dir='ltr'><strong>primum</strong></span> <span class='ocrx_word' id='word_1_938' title='bbox 3209 5301 3459 5358; x_wconf 87' lang='lat' dir='ltr'><strong>rebellem</strong></span> 
     </span>
    </p>
   </div>
   <div class='ocr_carea' id='block_1_115' title="bbox 1883 5388 3458 5464">
    <p class='ocr_par' dir='ltr' id='par_1_115' title="bbox 1883 5388 3458 5464">
     <span class='ocr_line' id='line_1_115' title="bbox 1883 5388 3458 5464; baseline 0 -17"><span class='ocrx_word' id='word_1_939' title='bbox 1883 5392 2040 5462; x_wconf 82' lang='lat' dir='ltr'><strong>ejecit</strong></span> <span class='ocrx_word' id='word_1_940' title='bbox 2062 5388 2352 5460; x_wconf 89' lang='lat' dir='ltr'><strong>diabolum,</strong></span> <span class='ocrx_word' id='word_1_941' title='bbox 2383 5391 2648 5464; x_wconf 90' lang='lat' dir='ltr'><strong>quomodo</strong></span> <span class='ocrx_word' id='word_1_942' title='bbox 2676 5392 2846 5462; x_wconf 91' lang='lat' dir='ltr'><strong>ipsum</strong></span> <span class='ocrx_word' id='word_1_943' title='bbox 2882 5391 3132 5446; x_wconf 89' lang='lat' dir='ltr'><strong>rebellem</strong></span> <span class='ocrx_word' id='word_1_944' title='bbox 3168 5394 3458 5449; x_wconf 86' lang='lat' dir='ltr'><strong>secundum</strong></span> 
     </span>
    </p>
   </div>
   <div class='ocr_carea' id='block_1_116' title="bbox 1884 5484 3457 5559">
    <p class='ocr_par' dir='ltr' id='par_1_116' title="bbox 1884 5484 3457 5559">
     <span class='ocr_line' id='line_1_116' title="bbox 1884 5484 3457 5559; baseline 0.001 -20"><span class='ocrx_word' id='word_1_945' title='bbox 1884 5484 2224 5541; x_wconf 81' lang='lat' dir='ltr'><strong>admisisset?</strong></span> <span class='ocrx_word' id='word_1_946' title='bbox 2250 5484 2415 5540; x_wconf 87' lang='lat' dir='ltr'><strong>Terra</strong></span> <span class='ocrx_word' id='word_1_947' title='bbox 2442 5501 2563 5542; x_wconf 91' lang='lat' dir='ltr'><strong>eum</strong></span> <span class='ocrx_word' id='word_1_948' title='bbox 2598 5484 2961 5551; x_wconf 88' lang='lat' dir='ltr'><strong>aversabatur,</strong></span> <span class='ocrx_word' id='word_1_949' title='bbox 2991 5500 3095 5541; x_wconf 89' lang='lat' dir='ltr'><strong>tton</strong></span> <span class='ocrx_word' id='word_1_950' title='bbox 3126 5485 3301 5544; x_wconf 87' lang='lat' dir='ltr'><strong>ferens</strong></span> <span class='ocrx_word' id='word_1_951' title='bbox 3337 5489 3457 5559; x_wconf 84' lang='lat' dir='ltr'><strong>pot-</strong></span> 
     </span>
    </p>
   </div>
   <div class='ocr_carea' id='block_1_117' title="bbox 1946 5661 3457 5736">
    <p class='ocr_par' dir='ltr' id='par_1_117' title="bbox 1946 5661 3457 5736">
     <span class='ocr_line' id='line_1_117' title="bbox 1946 5661 3457 5736; baseline -0.001 -23"><span class='ocrx_word' id='word_1_952' title='bbox 1946 5666 1963 5698; x_wconf 80' lang='grc'>¹</span> <span class='ocrx_word' id='word_1_953' title='bbox 2001 5670 2117 5736; x_wconf 72' lang='lat' dir='ltr'><strong>tteg.</strong></span> <span class='ocrx_word' id='word_1_954' title='bbox 2137 5670 2203 5736; x_wconf 59' lang='lat' dir='ltr'><strong>et</strong></span> <span class='ocrx_word' id='word_1_955' title='bbox 2216 5663 2378 5735; x_wconf 49' lang='lat' dir='ltr'><strong>Sari!“</strong></span> <span class='ocrx_word' id='word_1_956' title='bbox 2402 5670 2459 5736; x_wconf 84' lang='lat' dir='ltr'><strong>e_t_</strong></span> <span class='ocrx_word' id='word_1_957' title='bbox 2487 5666 2736 5736; x_wconf 50' lang='lat' dir='ltr'><strong>torrentes</strong></span> <span class='ocrx_word' id='word_1_958' title='bbox 2760 5662 3172 5734; x_wconf 68' lang='lat' dir='ltr'><strong>perturbationum</strong></span> <span class='ocrx_word' id='word_1_959' title='bbox 3192 5661 3342 5736; x_wconf 60' lang='lat' dir='ltr'><strong>animi</strong></span> <span class='ocrx_word' id='word_1_960' title='bbox 3363 5675 3457 5736; x_wconf 70' lang='lat' dir='ltr'><strong>non</strong></span> 
     </span>
    </p>
   </div>
   <div class='ocr_carea' id='block_1_118' title="bbox 1879 5724 3449 5841">
    <p class='ocr_par' dir='ltr' id='par_1_118' title="bbox 1879 5724 3449 5841">
     <span class='ocr_line' id='line_1_118' title="bbox 1879 5724 3449 5841; baseline -0.001 -65"><span class='ocrx_word' id='word_1_961' title='bbox 1879 5724 2367 5841; x_wconf 47' lang='lat' dir='ltr'><strong>mmo</strong></span> <span class='ocrx_word' id='word_1_962' title='bbox 2406 5724 2674 5777; x_wconf 76' lang='lat' dir='ltr'><strong>divinorum</strong></span> <span class='ocrx_word' id='word_1_963' title='bbox 2719 5724 2951 5777; x_wconf 70' lang='lat' dir='ltr'><strong>bottom</strong></span> <span class='ocrx_word' id='word_1_964' title='bbox 2987 5725 3093 5788; x_wconf 74' lang='lat' dir='ltr'><strong>ejus</strong></span> <span class='ocrx_word' id='word_1_965' title='bbox 3113 5725 3348 5777; x_wconf 71' lang='lat' dir='ltr'><strong>civitatem</strong></span> <span class='ocrx_word' id='word_1_966' title='bbox 3364 5732 3449 5776; x_wconf 80' lang='lat' dir='ltr'><strong>seu</strong></span> 
     </span>
    </p>
   </div>
  </div>
