3928 6276
513 375 580 428 39
1150 331 1170 343 .
1257 363 1313 417 S.
1357 358 1630 417 .IOA‘NNIS
1668 354 2143 413 CIIRYSOSTOMI
2184 353 2500 410 ARCIIIEP.
2533 353 3068 413 CONSTANTINOP.
3435 410 3437 413 .
3699 360 3755 414 ιο

509 486 583 540 lui
615 479 891 550 parricidae
924 477 1130 548 plantis.
1164 476 1220 529 Si
1248 474 1386 527 enim
1427 470 1630 526 Dathan
1660 470 1970 536 devoravit,
2000 469 2089 538 qui

507 582 693 628 cotttra
725 572 902 626 Mosen
931 579 1045 622 erat
1087 569 1362 637 loquutus,
1391 575 1442 619 et
1469 580 1529 619 os
1559 579 1710 618 suum
1748 565 1956 633 aperuit
1992 563 2088 616 ad-

508 676 697 719 versus
731 675 853 716 eum
892 660 980 729 qui
1021 673 1082 712 os
1123 657 1362 726 improbe
1401 663 1680 724 aperuerat
1720 653 1918 724 (Num.
1954 653 2088 724 I6),

507 733 780 827 quomodo
824 751 1083 820 potuisset
1132 747 1271 803 ferre
1317 747 1478 816 pedes
1519 755 1795 802 currentes
1840 746 2094 800 adversus

511 842 847 914 genitorem?
879 841 1011 896 Cum
1047 853 1174 909 ergo
1204 837 1445 893 sublimis
1483 836 1534 890 in
1574 837 1762 890 arbore
1803 834 2091 905 penderet,

510 953 631 990 eum
672 949 950 1005 aggressus
988 941 1072 987 est
1107 931 1240 987 Joab
1267 930 1370 984 dux
1397 929 1662 985 exercitus
1681 969 1696 995 ,
1724 937 1778 982 et
1804 929 1855 982 in
1882 942 1976 982 cor
1998 942 2094 982 ex-

511 1028 689 1084 cordis
719 1036 828 1083 tres
867 1026 1083 1096 sagittas
1109 1023 1299 1086 inﬁxit,
1331 1022 1438 1077 illic
1462 1037 1582 1076 eum
1619 1020 1834 1085 feriens,
1863 1021 1948 1075 ubi
1981 1028 2095 1075 erat

515 1119 906 1188 receptaculum
939 1115 1262 1185 iniquitatis,
1291 1125 1340 1168 et
1378 1129 1499 1168 cum
1535 1114 1585 1165 iu
1626 1112 1818 1166 arbore
1854 1111 2095 1166 sublimis

516 1212 790 1280 penderet,
820 1208 1095 1279 pulchrum
1116 1205 1440 1278 epitaphium
1463 1204 1510 1258 ei
1537 1203 1696 1257 David
1719 1203 1946 1257 cecinit:
1981 1200 2096 1256 Vidi

514 1305 726 1373 impium
751 1301 1179 1371 supereraltatum
1199 1309 1245 1352 et
1270 1296 1513 1350 elevatum
1534 1296 1661 1348 sicut
1681 1297 1857 1348 cedros
1881 1294 2058 1349 Libani
2083 1309 2096 1348 :

511 1406 554 1446 rt
583 1396 822 1463 transivi,
857 1403 904 1446 et
948 1408 1059 1445 ecce
1090 1408 1189 1444 non
1225 1390 1371 1459 erat(
1400 1387 1541 1442 Psal.
1579 1387 1668 1444 56.
1699 1386 1828 1457 55).
1860 1383 2098 1440 Psalmus

512 1486 698 1548 David,
727 1482 928 1553 quando
950 1482 1168 1553 fugiebat
1199 1498 1229 1533 a
1258 1481 1390 1552 facie
1417 1479 1636 1532 Absalon
1663 1477 1758 1546 ﬁlii
1782 1475 1878 1532 sui.
1907 1474 2090 1546 Fugie-

513 1577 600 1628 liat
627 1583 824 1638 autem,
857 1589 962 1627 non
991 1572 1157 1641 utqui
1188 1572 1416 1636 timeret,
1441 1568 1533 1622 sed
1561 1576 1617 1622 ut
1639 1567 1727 1638 qui
1754 1566 1919 1622 ﬁlium
1945 1580 2096 1620 cave-

512 1674 596 1719 ret
619 1663 865 1718 occidere
890 1681 902 1715 :
933 1663 1128 1716 etenim
1158 1659 1408 1730 parcebat
1435 1668 1701 1728 tamquam
1729 1657 1858 1722 tilio,
1887 1655 1980 1710 sed
2009 1656 2096 1724 qui

511 1772 632 1810 cum
661 1772 726 1810 eo
753 1765 906 1808 erant
929 1769 1038 1807 non
1066 1758 1413 1822 pepercerunt
1434 1759 1698 1819 tamquam
1721 1747 1924 1802 rebelli.
1948 1745 2100 1803 Unde

516 1846 702 1909 David,
728 1860 846 1899 cum
873 1844 1009 1897 lilius
1027 1859 1147 1898 eum
1172 1849 1595 1910 persequeretur,
1615 1846 1668 1892 et
1686 1846 1902 1908 propter
1925 1837 2097 1907 ipsum

513 1936 688 1991 Semei
717 1951 838 1989 eum
882 1933 1174 1988 maledictis
1213 1933 1581 1995 insectaretur,
1611 1930 1725 1998 ipse
1761 1927 1974 1998 quidem
2001 1942 2098 1997 pa-

514 2027 695 2081 tientia
739 2040 866 2080 usus
894 2033 976 2079 est
1003 2025 1019 2093 (
1043 2024 1097 2077 2.
1130 2023 1252 2092 Reg.
1284 2021 1429 2091 16):
1461 2019 1710 2090 quoniam
1741 2028 1918 2073 autem
1948 2018 2099 2072 multi

513 2117 774 2171 adversus
798 2131 918 2170 eum
946 2113 1368 2176 oﬁ‘eudebantur,
1397 2119 1451 2167 et
1478 2110 1708 2166 maxime
1734 2110 1823 2180 qui
1850 2123 1953 2164 una
1979 2123 2099 2162 cum

517 2207 781 2260 Absalnne
806 2203 1150 2273 insurgebant
1173 2243 1188 2266 ,
1216 2211 1268 2256 et
1295 2201 1545 2268 deinceps
1568 2199 1827 2254 adversus
1852 2212 1972 2254 eum
1997 2198 2101 2252 eri-

515 2298 776 2366 gebantur
825 2303 1093 2362 tamquam
1141 2291 1319 2345 divina
1374 2289 1701 2359 providentia
1746 2289 2096 2351 destitutum,

515 2390 754 2444 dicentes
780 2406 793 2441 :
820 2387 1068 2440 Desertus
1091 2399 1229 2438 nunc
1259 2382 1420 2436 David
1445 2381 1644 2449 absque
1664 2381 1866 2434 auxilio
1894 2381 2101 2450 penitus

516 2490 628 2542 est,
669 2493 808 2532 nunc
835 2476 1076 2531 dischsit
1104 2475 1171 2528 ab
1199 2490 1262 2528 eo
1290 2474 1428 2527 Deus
1449 2515 1463 2539 ,
1495 2482 1550 2525 ut
1577 2472 1734 2526 etiam
1763 2469 2045 2541 aliquando
2070 2485 2099 2524 a

517 2571 677 2627 Sainle
705 2587 718 2636 ;
747 2568 1189 2640 quemadnmdum
1228 2567 1368 2620 enim
1401 2575 1526 2619 tunc
1559 2565 1803 2620 discessit
1834 2580 1864 2618 a
1902 2563 2059 2618 Saﬁle
2084 2606 2098 2630 ,

518 2675 570 2718 et
597 2661 694 2716 fuit
718 2678 837 2716 cum
877 2660 1071 2724 David,
1106 2661 1174 2712 ita
1203 2673 1342 2712 nunc
1371 2658 1615 2712 discessit
1647 2672 1678 2711 a
1717 2655 1911 2722 David,
1942 2665 1996 2712 et
2022 2666 2104 2711 est

518 2771 639 2811 cum
685 2755 950 2811 Absaloue
980 2770 992 2808 :
1025 2753 1360 2822 insurgamus
1385 2792 1399 2817 ,
1435 2750 1778 2814 invadamus,
1811 2765 1916 2805 non
1944 2758 2026 2805 est
2050 2751 2100 2806 ei

517 2847 661 2903 salus
692 2848 741 2901 in
769 2847 878 2901 Deo
906 2863 918 2899 :
947 2846 1231 2915 quoniam,
1262 2845 1472 2914 inquam
1495 2884 1509 2909 ,
1537 2844 1652 2899 haec
1675 2844 1954 2910 dicebant,
1987 2844 2102 2900 hzrc

523 2939 788 3009 indignius
815 2936 991 2992 ferens
1020 2936 1202 2998 David,
1236 2951 1392 3004 quam
1422 2936 1512 2990 lilii
1548 2936 1795 3003 insultus,
1823 2937 1989 2991 Deum
2016 2935 2101 2990 in-

519 3041 751 3100 terrogat
775 3047 786 3081 :
809 3029 862 3082 2.
891 3028 1124 3093 Domine,
1148 3028 1268 3097 quid
1289 3027 1607 3097 multiplicati
1626 3036 1742 3082 sunt
1760 3029 1846 3099 qui
1865 3027 2104 3082 tribulant

523 3121 640 3176 me?
662 3120 1058 3189 Circumscptus
1086 3133 1202 3173 sum
1233 3119 1630 3182 tentatiouibus,
1661 3118 1963 3172 circumdor
1991 3128 2101 3172 tor-

520 3211 759 3266 rentibus
787 3210 1068 3272 malorum,
1093 3208 1367 3264 descendit
1395 3208 1688 3277 periculosa
1723 3209 1916 3279 pluvia,
1946 3226 2104 3265 vene-

517 3309 645 3356 runt
687 3302 903 3355 [Iumina
946 3302 1211 3367 hostium,
1248 3299 1393 3354 venti
1437 3300 1785 3370 malignorum
1824 3303 2101 3372 spirituum

520 3393 892 3458 insufﬁarunt,
923 3394 974 3448 in
1019 3409 1190 3448 meam
1228 3393 1442 3448 dommn
1493 3397 1827 3464 irruperunt,
1871 3398 2104 3453 volentes

519 3485 751 3539 animam
781 3500 950 3539 meam
980 3500 1008 3537 a
1038 3495 1088 3539 te
1112 3484 1404 3551 dimovere,
1433 3485 1527 3540 sed
1551 3485 1806 3564 fundatus
1829 3495 1987 3558 supra
2011 3505 2104 3560 pe-

521 3587 658 3632 tram
689 3577 832 3640 ﬁdei,
862 3593 966 3631 non
994 3577 1147 3642 cado,
1177 3577 1269 3633 sed
1303 3579 1610 3646 procumbo,
1640 3589 1698 3634 ut
1723 3579 1924 3635 discam
1954 3600 1967 3636 :
1999 3581 2103 3635 Do-

522 3670 683 3733 mine,
709 3669 828 3737 quid
865 3669 1183 3738 multiplicati
1212 3679 1327 3722 sunt
1363 3670 1449 3738 qui
1493 3671 1731 3724 tribulam
1769 3672 1882 3725 me?
1907 3671 2004 3740 Qui
2031 3688 2098 3728 ex

521 3778 605 3816 me
633 3761 839 3830 genitus
864 3771 964 3827 est,
989 3769 1174 3815 contra
1203 3777 1286 3814 me
1311 3771 1413 3827 est,
1442 3761 1538 3816 sed
1570 3771 1624 3817 tu
1651 3776 1710 3818 es
1735 3777 1830 3832 pro
1855 3779 1959 3819 me.
1989 3764 2101 3819 Mea

521 3867 728 3908 mecum
773 3853 976 3906 viz-cera
1023 3853 1215 3906 bellum
1258 3863 1446 3922 gerunt
1483 3871 1496 3906 :
1529 3867 1680 3908 meus
1719 3855 1942 3924 populus
1987 3865 2104 3926 post

520 3944 861 4006 Absalonem,
893 3958 1044 3997 meus
1067 3952 1249 3997 contra
1276 3958 1361 3997 me
1389 3951 1627 3998 armatur
1653 3946 1937 4002 exercitus.
1963 3949 2100 4002 Oves

523 4051 654 4092 meae
692 4035 798 4104 lupi
843 4032 966 4089 facti
1008 4045 1159 4101 sunt,
1192 4042 1246 4088 et
1287 4034 1659 4106 leones.ag'ni,
1691 4044 1744 4091 et
1769 4051 1927 4092 canes
1957 4039 2103 4093 rabie

524 4127 705 4198 perciti
741 4126 930 4197 agnelli
954 4168 969 4193 ,
999 4136 1053 4180 et
1091 4126 1226 4180 tauri
1260 4141 1424 4181 cornu
1465 4135 1704 4197 petentes
1732 4129 1926 4184 arietes
1954 4146 1967 4181 :
1995 4145 2100 4184 non

522 4204 1032 4292 propter‘meipsum
1073 4223 1275 4277 afﬁcior
1309 4223 1518 4278 tristitia
1541 4264 1556 4291 ,
1584 4221 1678 4278 sed
1709 4223 1921 4278 illorum
1947 4223 2104 4279 doleo

521 4315 742 4367 exiliunt
768 4314 807 4364 '.

827 4404 1186 4460 EXPOSITIO
1235 4404 1300 4458 IN
1356 4403 1676 4460 PSALMUM
1723 4402 1812 4458 IV.

521 4497 646 4550 Cum
665 4497 967 4560 invocarem,
983 4496 1235 4549 exaudivit
1256 4511 1332 4549 me
1353 4494 1487 4549 Deus
1502 4497 1717 4566 justitiae
1740 4511 1864 4550 mea:
1879 4497 1900 4528 ⁸
1925 4496 1994 4568 (v.
2016 4497 2097 4567 2).

594 4590 644 4642 1.
681 4586 927 4640 Precandi
956 4601 1098 4640 verus
1141 4586 1339 4639 modus.
1368 4615 1439 4625 —
1473 4585 1587 4642 Non
1633 4587 1748 4642 haec
1789 4586 1920 4644 dicit
1970 4603 2098 4658 pro-

524 4682 702 4750 pheta,
743 4689 803 4733 ut
839 4679 1009 4732 solum
1037 4678 1390 4749 intelligamus
1417 4693 1537 4733 eum
1558 4677 1723 4734 fuisse
1747 4679 2056 4735 exauditqu
2082 4697 2095 4733 :

521 4772 615 4826 sed
669 4779 727 4826 ut
778 4771 1044 4826 discamus
1082 4769 1350 4840 quomodo
1375 4769 1475 4839 ipsi
1502 4783 1731 4841 quoque,
1763 4771 1926 4826 Deum
1953 4773 2100 4826 invo-

520 4875 726 4931 cantes,
753 4863 862 4916 cito
901 4861 1190 4932 poterimus
1236 4861 1498 4928 exaudiri,
1542 4869 1596 4914 et
1623 4869 1747 4916 ante
1773 4862 1932 4917 ﬁnem
1979 4877 2099 4917 ora-

520 4958 678 5011 tionis
726 4953 1048 5025 postulatum
1092 4953 1362 5022 consequi.
1389 4951 1504 5006 Non
1553 4951 1687 5007 dixit
1714 4952 1902 5006 enim:
1948 4953 2096 5008 Post-

517 5062 676 5116 quam
699 5061 798 5116 ego
815 5045 1078 5110 invocavi,
1102 5043 1499 5109 exaudivitme;
1530 5043 1646 5110 sed,
1661 5043 2095 5098 Cuminvocarcm.

517 5138 646 5196 Nam
675 5139 840 5208 ipsius
867 5151 1076 5206 quoque
1119 5136 1211 5189 Dei
1239 5144 1321 5190 est
1347 5134 1610 5204 ejusmodi
1657 5133 1941 5206 promissio
1969 5137 2094 5192 dum

517 5229 708 5284 alicubi
728 5229 854 5284 dicit
875 5228 925 5282 ei
946 5227 1035 5297 qui
1064 5227 1272 5280 inwcat
1295 5243 1308 5280 :
1332 5225 1404 5280 Te
1431 5226 1596 5279 adhuc
1633 5226 1865 5298 loquente
1889 5227 2053 5282 dicam
2077 5244 2095 5282 :

527 5323 658 5376 Ecce
684 5323 862 5376 adsum
890 5319 1046 5393 (Isai.
1080 5319 1170 5376 58.
1208 5319 1288 5392 9).
1317 5318 1433 5374 Non
1473 5319 1610 5375 solet
1659 5320 1801 5376 enim
1835 5320 1943 5376 Deo
1969 5336 2094 5391 per-

568 5437 605 5504 1.
636 5441 774 5504 eleg,
799 5433 884 5504 sed
898 5433 1092 5504 illorum
1106 5433 1272 5504 dolens
1285 5431 1486 5504 exitum,
1502 5431 1728 5504 benedice
1746 5433 1832 5486 tibi
1847 5432 2091 5486 advatori.

517 5495 862 5560 ottia_te:de_cet
882 5496 1054 5560 gloria.
1069 5503 1115 5546 et
1139 5495 1548 5560 unperium,mmc
1573 5500 1619 5545 et
1639 5508 1846 5560 semper,
1863 5505 1958 5548 etc.
1983 5505 2095 5557 quae

517 5556 762 5608 conclusio
784 5556 906 5606 haud
929 5557 1078 5607 dubie
1100 5570 1128 5606 a
1151 5558 1345 5607 librario
1365 5556 1524 5607 addita
1540 5565 1633 5608 est.

586 5624 609 5657 ³
629 5623 1004 5691 (ἶὶῃιςβοβιᾳιῃρε
1036 5619 1375 5691 illud‘aceipit
1409 5621 1552 5691 infra,
1595 5623 1752 5691 quasi,
1781 5635 1960 5691 sensus
1997 5625 2063 5691 sit
2090 5637 2100 5670 :

503 5679 779 5738 -ιπαιιαίύὶε
793 5679 1002 5747 juslitia:
1022 5694 1142 5734 mea:
1167 5679 1393 5746 (gratia),
1421 5679 1678 5741 εἰσήκούσε
1697 5690 1782 5742 τῆς
1807 5686 2105 5743 δικαιοσύνης

533 5791 622 5837 pou
647 5774 836 5838 (χάριν).
869 5772 1018 5824 Hebr.
1046 5771 1178 5849 Ῥη
1215 5750 1368 5833 me“,
1396 5768 1656 5835 Deus
1685 5784 1821 5822 mete.

2205 468 2432 524 suadere
2471 469 2751 523 verborum
2805 469 3122 532 multitudo,
3180 469 3272 524 sed
3303 483 3430 540 pura
3474 471 3671 537 anima,
3708 487 3752 529 et

2202 562 2461 616 bonorum
2510 577 2730 632 operum
2780 565 3034 618 ostensio.
3086 562 3178 616 Eis
3217 560 3394 633 itaque
3419 564 3508 633 qui
3540 564 3756 635 improbe

2199 653 2411 722 quidem
2439 655 2660 721 vivunt,
2701 654 2980 709 verborum
3026 662 3202 708 autem
3229 654 3609 723 prolixitatese
3647 671 3754 711 eum

2201 745 2415 814 placare
2439 745 2764 810 existimant,
2807 745 2930 800 vide
2973 745 3099 815 quid
3142 745 3320 800 dicat:
3353 745 3566 812 Quando
3609 748 3759 801 stulti-

2200 835 2448 906 plicabitis
2469 837 2766 902 orationem,
2794 852 2895 890 non
2923 836 3193 890 exaudiam
3221 851 3326 890 vos.
3361 835 3422 890 Si
3464 835 3759 891 extenderitis

2200 941 2399 992 manus,
2431 935 2650 978 avertam
2673 927 2845 980 oculos
2869 942 3003 980 meos
3027 942 3058 978 a
3081 925 3218 980 vobis
3248 924 3399 999 (lsai.
3434 927 3488 980 I.
3513 926 3763 997 I5).Ante

2199 1019 2301 1070 alia
2325 1018 2498 1087 itaque
2528 1019 2706 1072 omnia
2737 1026 2948 1088 oportet
2993 1032 3115 1073 eum
3159 1017 3249 1088 qui
3305 1027 3549 1087 precatur
3585 1018 3762 1073 habere

2203 1107 2469 1172 ﬁduciam,
2501 1121 2553 1163 et
2579 1109 2900 1179 posxulatum
2923 1108 3140 1162 omnino
3159 1119 3532 1178 consequetur.
3575 1109 3638 1164 Et
3657 1110 3764 1164 ideo

2204 1215 2308 1252 non
2339 1199 2474 1253 dixit
2518 1199 2776 1268 pr0pheta
2804 1241 2820 1266 ,
2862 1198 3145 1253 Exaudivit
3197 1214 3302 1263 me,
3355 1199 3472 1266 sed,
3522 1199 3766 1254 Justitiam

2202 1307 2387 1356 meam,
2413 1305 2565 1345 suam
2591 1289 2645 1345 in
2674 1290 2839 1345 Deum
2867 1289 3112 1345 ﬁduciam
3143 1289 3429 1345 ostendens
3454 1332 3470 1356 ,
3496 1300 3550 1345 et
3575 1305 3632 1346 se
3655 1306 3764 1346 cum

2202 1399 2264 1437 ea
2298 1397 2510 1453 semper
2530 1382 2596 1436 ad
2621 1397 2742 1438 eum
2763 1381 3041 1438 accedere.
3065 1381 3174 1437 Nec
3193 1397 3321 1437 vero
3350 1391 3498 1452 putet
3521 1383 3769 1452 quispiam

2203 1493 2324 1532 eum
2352 1477 2477 1532 dum
2506 1477 2618 1532 haec
2658 1477 2786 1532 dicit
2814 1490 2873 1532 se
2892 1476 3117 1545 jactare.
3140 1475 3256 1530 Non
3281 1477 3422 1531 enim
3451 1475 3565 1531 ham
3582 1477 3703 1531 dicit
3721 1486 3772 1530 ut

2203 1583 2262 1622 se
2290 1567 2528 1634 extollat,
2558 1567 2652 1622 sed
2681 1577 2740 1621 ut
2763 1567 3060 1622 doctrinam
3104 1566 3388 1636 quamdam
3437 1577 3493 1621 et
3537 1568 3770 1622 admoni-

2205 1662 2403 1714 tionem
2447 1674 2783 1714 communem
2837 1658 2991 1714 valde
3052 1659 3235 1714 utilem
3274 1658 3481 1714 alI'erat.
3530 1657 3608 1714 Ne
3641 1659 3774 1713 dicat

2204 1750 2345 1804 enim
2362 1750 2640 1820 quispiam,
2677 1749 2772 1804 Ille
2800 1748 2899 1803 fuit
2923 1748 3229 1809 exauditus.
3260 1750 3509 1818 quoniam
3532 1757 3648 1804 erat
3683 1750 3775 1804 Da-

2206 1841 2313 1905 vid,
2340 1855 2439 1910 ego
2463 1855 2591 1895 vero
2616 1855 2722 1894 non
2755 1839 3032 1903 exaudiar,
3059 1839 3310 1910 quoniam
3343 1855 3460 1893 sum
3484 1839 3701 1908 pusillus
3724 1848 3774 1892 et

2206 1933 2446 2002 ahjcctus
2477 1950 2490 1986 :
2521 1931 2751 1986 ostendit
2782 1931 2947 1986 Deum
2979 1947 3082 1986 nec
3108 1932 3256 1986 illum
3284 1931 3470 1986 audire
3491 1932 3777 2002 quomodo-

2205 2039 2468 2094 cumque,
2493 2039 2591 2078 uec
2621 2032 2671 2077 te
2714 2037 2818 2077 non
2857 2022 3041 2077 audire
3079 2031 3281 2078 temere
3309 2031 3362 2077 et
3389 2023 3531 2077 nulla
3573 2025 3778 2077 ductum

2208 2115 2434 2178 ratione,
2467 2115 2558 2168 sed
2590 2128 2802 2183 semper
2829 2127 2916 2168 res
2943 2121 2996 2167 et
3042 2112 3178 2168 facta
3203 2121 3388 2168 exacte
3414 2114 3780 2183 contemplari.

2203 2207 2334 2271 Quae
2359 2206 2402 2259 si
2429 2205 2698 2273 habueris,
2733 2213 2787 2258 et
2814 2220 2999 2259 eorum
3027 2205 3196 2274 possis
3217 2205 3288 2259 uti
3324 2206 3643 2274 patrocinio,
3671 2222 3780 2258 uiuo

2207 2297 2333 2349 nino
2363 2296 2684 2350 exaudieris.
2720 2294 3174 2362 Quemadmodum
3199 2295 3244 2349 si
3271 2311 3376 2350 non
3393 2295 3668 2363 habueris,
3694 2309 3784 2348 nec

2205 2387 2250 2440 si
2297 2387 2460 2439 David
2490 2387 2700 2455 quidem
2755 2385 2952 2449 lueris,
3012 2387 3211 2455 poteris
3245 2386 3408 2440 Deum
3437 2387 3674 2457 placare.
3727 2385 3786 2439 Et

2206 2477 2344 2532 sicut
2382 2479 2526 2532 avari
2572 2493 2670 2532 nec
2712 2477 3020 2548 dignitatem
3040 2510 3065 2542 -,
3104 2493 3203 2532 nec
3231 2478 3426 2547 aliquid
3453 2479 3598 2532 aliud
3622 2479 3784 2546 respi-

2205 2574 2370 2635 ciunt,
2405 2570 2504 2624 nisi
2543 2584 2635 2623 eos
2683 2578 2884 2623 tantum
2926 2570 3013 2638 qui
3068 2568 3265 2623 habent
3291 2570 3606 2638 pecuniam,
3647 2578 3701 2622 et
3729 2568 3790 2621 ad

2206 2678 2320 2727 eos,
2349 2671 2614 2732 tamquam
2644 2662 2770 2716 nihil
2797 2677 2900 2716 non
2926 2661 3186 2725 effecturi,
3206 2662 3498 2716 accedunt:
3532 2661 3605 2715 ita
3636 2662 3792 2714 etiam

2206 2756 2327 2824 quia
2359 2755 2495 2809 Deus
2519 2766 2600 2809 est
2623 2763 2829 2809 amator
2863 2755 3104 2824 justitim,
3133 2756 3453 2825 quicumque
3484 2770 3610 2810 cum
3639 2771 3699 2810 ea
3730 2754 3792 2807 ad

2209 2848 2382 2916 ipsum
2410 2849 2716 2913 accesserit,
2764 2861 2866 2901 non
2896 2847 3112 2902 recedet
3141 2861 3337 2900 vacuus
3361 2865 3372 2900 :
3408 2857 3464 2902 ut
3492 2848 3586 2917 qui
3616 2864 3678 2901 ea
3707 2861 3795 2900 ca-

2207 2947 2316 3000 ret,
2349 2947 2403 2992 et
2457 2938 2520 2992 iis
2545 2954 2664 3007 quae
2693 2947 2817 2993 sunt
2844 2937 2919 3016 illi
2963 2939 3226 2992 contraria
3273 2938 3608 3008 inquinatur,
3637 2955 3799 3006 quan-

2209 3029 2401 3083 tumvis
2428 3039 2543 3083 oret
2571 3039 2624 3084 et
2655 3029 2919 3094 obsecret,
2950 3029 3117 3083 nihilo
3138 3029 3254 3098 plus
3278 3031 3496 3094 efﬁciet,
3522 3044 3651 3084 cum
3679 3044 3800 3100 per-

2207 3121 2464 3175 suadendi
2497 3120 2742 3176 facultate
2795 3132 2991 3176 careat.
3029 3121 3150 3176 Ideo
3184 3123 3229 3176 si
3279 3122 3417 3193 apud
3450 3123 3626 3178 Deum
3676 3121 3806 3177 velis

2183 3201 2400 3281 aliquid
2427 3211 2660 3278 CITICL‘H‘,
2693 3227 2754 3267 ea
2791 3223 3004 3281 accepta
3034 3212 3385 3282 proﬁciscere.
3412 3213 3694 3268 Justitiam
3716 3229 3807 3268 an-

2210 3315 2314 3360 tem
2361 3323 2426 3360 ne
2473 3321 2591 3360 esse
2637 3315 2836 3374 partem
2867 3305 3077 3358 virtutis
3099 3304 3370 3359 existimes
3396 3304 3501 3376 (α),
3539 3307 3640 3360 sed
3669 3307 3807 3359 inte-

2205 3413 2352 3468 gram
2378 3408 2429 3452 et
2461 3397 2784 3452 universam.
2818 3397 2890 3451 Ita
2922 3397 3082 3451 etiam
3113 3405 3229 3451 erat
3253 3395 3355 3451 Job
3379 3397 3568 3465 justus
3590 3438 3605 3456 .
3635 3407 3696 3451 ut
3723 3397 3809 3465 qui

2211 3494 2492 3546 lmmanam
2517 3507 2727 3546 onmem
2760 3492 2979 3546 haberet
3010 3493 3284 3557 virtutem,
3312 3505 3416 3546 non
3439 3491 3540 3561 qui
3588 3492 3662 3546 ab
3712 3491 3814 3544 hoc

2206 3585 2419 3654 quidem
2448 3586 2588 3639 malo
2613 3585 2922 3644 abstineret,
2947 3583 3072 3638 illud
3097 3597 3222 3638 vero
3243 3582 3528 3638 retineret.
3549 3584 3626 3637 Ita
3650 3583 3812 3637 etiam

2209 3691 2304 3730 nos
2329 3676 2523 3746 justam
2546 3684 2795 3730 stateram
2816 3690 2935 3731 esse
2950 3675 3198 3742 dicimus,
3227 3690 3345 3745 qua:
3363 3675 3520 3730 omni
3565 3689 3638 3731 ex
3664 3684 3815 3745 parte

2208 3783 2358 3836 aequa
2389 3777 2472 3822 est
2508 3785 2522 3820 :
2555 3783 2658 3821 non
2686 3768 2728 3822 si
2757 3783 2942 3822 aurum
2972 3767 3185 3837 quidem
3217 3768 3384 3837 possit
3402 3782 3474 3822 ex
3509 3784 3679 3838 aequo
3705 3779 3815 3823 sta-

2210 3869 2377 3926 tuere,
2403 3874 2558 3914 secus
2587 3871 2764 3915 autem
2797 3859 3091 3929 plumbum,
3115 3859 3206 3914 sed
3233 3875 3351 3929 quae
3378 3859 3430 3914 iu
3465 3861 3670 3931 quavis
3701 3874 3817 3914 ma-

2210 3952 2339 4005 teria
2366 3952 2667 4020 aequitatem
2710 3951 2923 4006 exhibet
2948 3966 2962 4015 ;
2998 3960 3052 4005 et
3081 3965 3264 4005 rursus
3289 3964 3616 4006 mensuram
3641 3993 3657 4015 ,
3700 3965 3820 4021 qua

2208 4053 2291 4097 est
2336 4043 2480 4096 omni
2513 4059 2576 4097 ex
2608 4052 2757 4111 parte
2785 4057 2956 4111 aequa.
3006 4040 3078 4094 Ita
3120 4041 3280 4095 etiam
3306 4051 3420 4095 erat
3448 4041 3565 4096 Job
3592 4043 3776 4112 justus
3803 4081 3818 4105 ,

2209 4149 2390 4204 {equus
2413 4150 2477 4188 ex
2504 4135 2647 4188 omni
2698 4145 2868 4202 parte.
2898 4133 3080 4203 Neque
3109 4134 3250 4187 enim
3276 4134 3328 4187 in
3357 4135 3605 4202 pecunia
3640 4135 3821 4188 solum

2208 4241 2324 4279 eam
2343 4226 2586 4280 εει-γεώδη
2615 4226 2938 4295 :equitatem,
2963 4225 3056 4279 sed
3081 4225 3239 4278 etiam
3264 4225 3316 4278 in
3345 4225 3473 4279 aliis
3503 4227 3780 4280 omnibus
3804 4266 3819 4287 ,

2209 4317 2421 4372 modum
2467 4333 2751 4387 numquam
2791 4315 3075 4371 excedens.
3105 4315 3212 4370 Nec
3242 4317 3412 4386 possit
3439 4317 3647 4373 dicere
3675 4319 3827 4388 quis-

2209 4411 2348 4477 piam
2392 4425 2514 4464 emu
2548 4411 2599 4462 iu
2650 4408 2868 4478 pecunia
2897 4408 3110 4476 quidem
3162 4408 3470 4477 trquitatem
3503 4408 3790 4464 dilexisse
3812 4450 3826 4470 ,

2207 4503 2261 4558 in
2289 4500 2664 4570 congressione
2709 4508 2888 4554 autem
2920 4510 2973 4553 et
3029 4513 3276 4553 sermone
3324 4513 3449 4553 cum
3490 4502 3836 4571 pr0piuquis

2207 4591 2421 4646 modum
2449 4590 2760 4656 excessisse,
2795 4602 2850 4644 ut
2878 4590 2965 4659 qui
2993 4599 3134 4644 esset
3153 4589 3413 4658 superbus
3436 4600 3500 4645 et
3531 4606 3834 4661 arrogans.

2207 4683 2318 4738 Iioc
2345 4684 2485 4737 enim
2513 4697 2722 4736 summo
2748 4681 2925 4735 studio
2951 4679 3200 4749 fugiebat.
3231 4679 3302 4734 Et
3327 4680 3454 4734 ideo
3494 4681 3736 4738 dicebat
3765 4683 3782 4714 ‘
3822 4700 3835 4734 :

2211 4773 2360 4840 Quod
2385 4775 2428 4826 si
2453 4773 2603 4826 etiam
2623 4772 2901 4842 contempsi
2914 4772 3166 4840 judicium
3187 4773 3314 4825 servi
3341 4773 3442 4824 mei
3471 4776 3564 4826 vel
3590 4777 3835 4837 ancilla;

2205 4881 2317 4917 cum
2349 4863 2600 4933 litigarem
2629 4879 2820 4916 mecum
2851 4877 2871 4915 :
2896 4862 2972 4915 vel
3002 4878 3102 4915 non
3126 4861 3253 4916 sicut
3273 4877 3363 4933 ego
3384 4864 3492 4934 fui,
3525 4866 3762 4936 fuerunt
3792 4875 3841 4918 et

2203 4956 2302 5024 ipsi
2313 4957 2334 4987 ²
2356 4953 2494 5025 (Job.
2513 4955 2566 5009 '5.
2596 4953 2706 5026 15).
2733 4954 2796 5008 Et
2817 4955 2917 5008 hoc
2937 4968 3064 5024 ergo
3086 4954 3244 5008 etiam
3267 4953 3546 5023 injustitia
3564 4968 3686 5025 est,
3717 4973 3847 5013 esse

2203 5048 2490 5116 superbum
2517 5055 2571 5100 et
2596 5055 2952 5115 arrogantem.

2273 5139 2328 5193 2.
2355 5137 2811 5206 Quemadmodum
2840 5137 2982 5193 enim
3012 5151 3232 5192 avarum
3277 5151 3399 5193 esse
3447 5138 3720 5197 dicimus
3753 5143 3847 5212 qui

2267 5298 2282 5328 ι
2320 5295 2376 5345 In
2398 5302 2534 5357 Beg.,
2560 5293 2670 5346 huic
2692 5295 2819 5345 enim
2837 5292 3029 5344 crimini
3051 5293 3229 5357 diffuse
3250 5294 3498 5357 occurrit,
3535 5299 3752 5351 dicens.

2263 5360 2283 5390 ⁸
2305 5361 2420 5422 Loci
2444 5354 2582 5422 illius
2592 5372 2661 5422 ex
2683 5358 2801 5406 Jobo
2825 5357 2962 5420 petiti
2981 5354 3363 5422 parsjiostrema
3395 5354 3577 5422 longe
3605 5361 3715 5410 alio
3740 5377 3854 5410 tuo-

2200 5420 2264 5469 do
2299 5420 2428 5481 jacet
2451 5420 2498 5468 in
2514 5420 2739 5482 editione
2771 5417 3437 5482 septuaginta[interpretum
3476 5417 3741 5482 Bbmana,
3762 5426 3855 5471 uni

2199 5479 2312 5551 post
2320 5495 2478 5540 voces,
2505 5479 2746 5544 litigarem
2769 5479 3053 5551 irtxum,sic
3077 5479 3295 5551 legiturzn
3309 5488 3490 5532 Nonne
3518 5484 3666 5535 sicut
3688 5479 3742 5536 at
3767 5499 3863 5547 ego

2200 5539 2262 5594 ile
2279 5552 2438 5594 ventre
2460 5539 2598 5595 natus
2619 5556 2754 5606 simi,
2767 5541 2832 5591 ita
2853 5548 2898 5592 et
2921 5541 3014 5606 ipsi
3034 5539 3295 5606 nati‘swtt?

2263 5607 2334 5668 (a)
2351 5606 2496 5675 Quod
2519 5606 2596 5655 hic
2618 5604 3088 5675 ait_(:hrysostomus,
3116 5604 3375 5673 just.itiam_
3397 5616 3520 5654 non
3566 5620 3700 5675 esse
3745 5622 3860 5675 ιιι-τ

2198 5669 2523 5732 tctnvirtutis,
2549 5668 2634 5732 sed
2661 5668 2889 5716 virtutem
2934 5668 3227 5722 universam,
3251 5668 3462 5714 omnino
3511 5668 3761 5732 quadrai
3799 5672 3864 5720 ad

2197 5731 2314 5794 IIIIId
2340 5729 2657 5794 EIIII)CdOCIISI
2684 5743 2718 5779 ἰν
2742 5737 2782 5779 δὲ
2805 5737 3016 5794 dixis-.00qu
3037 5735 3245 5794 ωλλήςδην
3262 5729 3613 5794 ιᾶσῖριτί⁸έτιν
3631 5767 3650 5792 ν
3680 5735 3735 5782 id
3758 5745 3862 5794 εει,

2197 5794 2246 5843 in
2261 5788 2453 5854 jttstitia
2475 5799 2633 5841 autem
2656 5790 3034 5852 comprehensim
3056 5788 3320 5840 continetur
3341 5791 3524 5842 cumis
3556 5788 3758 5847 cintus.
