4032 6284
308 343 389 398 59

303 453 388 525 γῆ
419 454 581 510 αὑτὸν
631 456 1038 530 ἀπεστρέφετο,
1072 464 1146 538 μὴ
1171 459 1412 532 φέρουσα
1442 463 1753 533 μιαίνεσθαι
1784 480 1888 517 πα-

300 545 556 619 τραλῴου
588 549 853 620 βήμασιν.
889 550 952 604 El
983 550 1091 622 γάρ
1130 551 1223 605 τὸν
1265 551 1443 631 Δαθάν
1476 554 1619 608 κατά
1644 555 1885 619 Μωσέως

305 638 619 712 λαλήσαντα
650 641 903 707 κατόπιε,
932 645 1027 698 καὶ
1046 644 1107 697 τὸ
1135 645 1309 717 στόμα
1340 648 1507 718 αὑτῆς
1542 648 1717 719 ἤνοιξε
1746 649 1885 703 κατά

304 731 403 786 τοῦ
435 731 626 797 κακῶς
647 734 711 787 τὸ
744 734 921 806 στόμα
951 734 1254 804 ἀνοίξαντος
1276 777 1292 801 ,
1325 739 1443 801 πῶς
1473 734 1585 809 εἶχε
1622 739 1883 809 βαστάσαι

304 822 480 885 πόδας
514 822 658 877 κατὰ
715 824 920 891 γονέως
968 826 1292 897 τρέχονταςς
1355 828 1439 892 Ὠς
1493 824 1589 883 οὖν
1642 830 1734 883 61:1
1790 830 1911 899 :06

300 911 528 982 δένδρου
581 912 786 984 ὑψηλὸς
830 913 1125 985 ἐκρέματο,
1173 915 1407 986 ἐπῆλθεν
1450 917 1599 988 αὑτῷ
1650 918 1806 972 Ἰωάϐ
1852 920 1883 971 6

300 1003 750 1074 ἀρχιστράτηγος
772 1044 788 1068 ,
827 1006 921 1059 καὶ
964 1008 1114 1077 τρεῖς
1157 1007 1350 1072 ἀκίδας
1385 1009 1466 1073 είς
1516 1009 1614 1080 τὴν
1656 1010 1882 1082 καρδίαν

297 1091 405 1146 τοῦ
425 1094 689 1166 ἀκαρδίου
712 1094 996 1167 ἐνέπηξεν,
1014 1098 1129 1151 ἐκεῖ
1152 1097 1311 1151 αὑτὸν
1333 1098 1601 1170 πλήττων,
1631 1101 1763 1154 ὅπου
1785 1101 1884 1170 τῆς

302 1185 544 1256 ἀνομίας
592 1188 626 1257 ἡ
676 1186 852 1258 θήκη·
901 1187 997 1240 καὶ
1039 1188 1115 1251 ὡς
1160 1188 1360 1259 ὑψηλὸς
1401 1190 1494 1243 61:1
1528 1190 1621 1244 τοῦ
1664 1190 1879 1262 δένδρου

302 1277 606 1347 ἐκρέματο,
622 1276 787 1332 καλὸν
806 1277 1090 1347 ἐπιτάφιον
1111 1277 1262 1350 αὐτῷ
1290 1281 1320 1334 6
1353 1280 1516 1335 Δαυτδ
1542 1281 1843 1352 ὑπέψαλλεν
1863 1300 1876 1313 ·

298 1363 493 1422 Εἶδον
519 1366 630 1422 τὸν
667 1367 858 1438 ἀσεϐῆ
892 1371 1387 1441 ὑπερυψούμενον
1425 1371 1524 1426 καί
1566 1373 1877 1443 6.11619698-

294 1474 434 1520 νον,
460 1456 541 1522 ὡς
559 1457 667 1522 τὰς
688 1456 931 1526 κέδρου(
964 1459 1073 1515 τοῦ
1090 1461 1350 1515 Λιϐάνου
1369 1475 1384 1491 ⁸
1423 1462 1521 1515 καί
1544 1462 1874 1532 παρῆλθον,

296 1548 400 1600 καί
452 1547 585 1601 ιόοὺ
623 1549 739 1603 οὐκ
773 1544 875 1619 ἦν.
906 1549 1155 1620 Ψαλμὸς
1176 1550 1255 1617 τῷ
1297 1551 1511 1617 Δαυῒδ,
1545 1553 1643 1607 ὅτε
1675 1553 1877 1609 ἀπεδί-

298 1637 574 1705 δρασκε-ν
612 1640 734 1694 ἀπὸ
783 1640 1106 1710 προσώπου
1158 1644 1532 1714 Ἀϐεσσαλὼμ
1580 1645 1688 1701 τοῦ
1741 1643 1876 1698 υιοῦ

295 1728 513 1783 αὐτοῦ.
557 1728 944 1798 ’Δπεδίδρασκε
965 1730 1021 1784 δὲ
1052 1731 1151 1802 οὐχ
1182 1732 1256 1797 ὡς
1289 1733 1711 1804 δειλαινόμενος,
1738 1733 1874 1788 ἀλλά

296 1820 559 1889 φονεῦσαι
585 1821 679 1874 τὸν
708 1821 825 1875 υἱὸν
855 1823 1251 1896 εὐλαϐούμενος
1275 1841 1289 1856 ⁶
1343 1826 1437 1879 1:61
1469 1824 1577 1897 γὰρ
1607 1826 1768 1889 αὐτὸς
1798 1827 1873 1890 ὡς

295 1912 492 1966 τέκνου
518 1912 780 1980 ἐφείδετο,
815 1913 931 1966 ἀλλ’
952 1916 1001 1968 οἱ
1029 1917 1126 1969 σὺν
1165 1914 1313 1987 αὐτῷ
1340 1916 1439 1970 οὐκ
1471 1916 1538 1971 ἀν
1565 1917 1640 1980 ὡς
1673 1917 1872 1987 ἀντάρο

296 2019 392 2055 του
423 2005 728 2071 ἐφείσαντο.
755 2006 917 2059 Ὅθεν
947 2008 975 2060 6
998 2006 1161 2060 Δαυῖδ
1191 2008 1294 2062 ὑπὸ
1324 2005 1416 2061 τοῦ
1456 2007 1571 2062 υἱοῦ
1603 2007 1868 2077 διωκόμε-

296 2111 409 2158 νος,
446 2096 542 2148 καὶ
574 2096 678 2149 ὑπὸ
700 2096 796 2150 τοῦ
823 2098 1015 2167 Σεμεεὶ
1039 2097 1108 2149 δι’
1133 2098 1297 2151 αὑτὸν
1322 2098 1749 2170 λοιδορούμενος,
1770 2101 1868 2151 αὑ-

294 2183 389 2247 τὸς
436 2184 534 2254 μὲν
580 2185 991 2257 ἐμακροθύμει·
1026 2186 1211 2258 ἐπειδὴ
1242 2187 1300 2241 δὲ
1334 2188 1517 2242 πολλοὶ
1553 2191 1673 2241 κατ’
1703 2188 1868 2242 αὑτοῦ

295 2273 759 2339 ἐσκανδαλίζοντο,
780 2276 878 2328 καὶ
908 2276 1142 2347 μάλιστα
1171 2279 1221 2330 οἱ
1258 2277 1335 2348 τῷ
1370 2278 1722 2351 Ἀϐεσσαλὼμ
1751 2297 1869 2333 συν-

292 2364 593 2434 σιρόμενοι,
626 2367 721 2420 καὶ
754 2366 941 2422 λοιπὸν
964 2368 1042 2431 ὡς
1072 2371 1408 2443 ἀπρονοήτου
1440 2373 1867 2426 κατεπανίσταν-

290 2469 372 2517 το,
398 2453 674 2521 λέγοντεςο
691 2454 1045 2527 Ἐρημοςνῦν
1059 2460 1087 2513 6
1104 2459 1286 2523 A6016,
1312 2459 1609 2533 ἀϐοήθητος
1631 2465 1864 2527 πάντως,

291 2542 388 2596 νῦν
424 2544 639 2615 ἀπέστη
673 2548 771 2599 ἀπ’
804 2547 966 2602 αὑτοῦ
988 2550 1017 2601 6
1046 2550 1178 2614 Θεὸς
1200 2550 1276 2613 ὡς
1303 2551 1398 2605 καὶ
1445 2552 1553 2606 ἀπὸ
1577 2553 1666 2606 τοῦ
1694 2554 1864 2608 Σαούλ

292 2648 457 2685 ποτεο
508 2632 697 2704 ὥσπερ
721 2636 830 2708 γὰρ
854 2636 974 2690 τότε
1003 2637 1111 2691 ἀπὸ
1143 2637 1236 2691 τοῦ
1282 2636 1450 2692 Σαοὺλ
1480 2641 1691 2711 ἀπέστη
1710 2681 1725 2705 ,
1770 2643 1865 2695 καὶ

289 2722 483 2790 γέγονε
516 2724 653 2793 μετά
680 2725 776 2779 τοῦ
805 2726 991 2792 Δαυῒδ,
1021 2727 1164 2781 οὕτω
1199 2727 1293 2782 νῦν
1321 2729 1430 2783 ἀπὸ
1452 2731 1544 2784 τοῦ
1574 2732 1738 2785 Δαυῖδ
1758 2734 1863 2787 ἀπ-

286 2816 445 2886 έστη,
476 2816 572 2869 1:61
600 2817 790 2885 γέγονε
831 2819 967 2887 μετά
992 2820 1087 2871 τοῦ
1129 2820 1480 2893 Ἀϐεσσαλώμ
1496 2838 1510 2851 ·
1542 2822 1863 2877 ἐπαναστῶ-

289 2920 415 2973 μεν,
448 2903 543 2957 καὶ
574 2905 910 2977 ἐπιθώμεθα,
958 2908 1056 2959 οὑκ
1088 2906 1203 2960 ἐστι
1250 2910 1493 2981 σωτηρία
1524 2911 1673 2982 αὐτῷ
1700 2915 1757 2965 ἐν
1785 2911 1864 2982 τῷ

285 2993 442 3064 Θεῷ·
504 2996 691 3067 ἐπειδὴ
748 2995 922 3049 ταῦτα
970 2996 1187 3066 ἐλεγον,
1236 2999 1330 3053 ἐπὶ
1372 3001 1579 3065 τούτοις
1628 3004 1657 3056 6
1702 3003 1865 3056 Δαυτδ

286 3082 449 3136 πλέον
492 3084 737 3155 ἀλγήσας
782 3085 816 3156 ἦ
862 3088 954 3139 ἐπὶ
987 3090 1098 3152 τοῖς
1125 3089 1221 3143 τοῦ
1253 3091 1441 3155 παιδὸς
1471 3093 1855 3164 σκιρτήμασιν,

279 3173 540 3244 ἐπερωτᾷ
586 3175 678 3227 τὸν
731 3175 863 3229 Θεόν
882 3192 895 3204 ·
944 3179 1138 3247 Κύριε,
1190 3180 1249 3233 τί
1290 3180 1758 3252 ἐπληθύνθησαν
1805 3188 1858 3240 οι

282 3264 597 3330 θλίϐοντές
614 3281 723 3334 pe;
740 3265 1197 3341 Περιπέφραγμαι
1222 3274 1333 3336 τοῖς
1350 3278 1693 3346 πειρασμοῖς,
1711 3294 1859 3350 περι-

280 3354 480 3423 έχομαι
509 3358 622 3418 τοῖς
650 3359 968 3429 χειμάρροις
1008 3359 1117 3412 τῶν
1164 3362 1371 3425 κακῶν,
1405 3365 1606 3436 κατέϐη
1659 3369 1692 3438 ἡ
1736 3369 1856 3422 ἐπι-

280 3444 527 3508 κίνδυνος
572 3445 763 3516 βροχὴ,
810 3443 970 3519 ἦλθον
1010 3451 1059 3502 οἱ
1105 3451 1220 3504 τῶν
1272 3452 1543 3524 πολεμίων
1596 3461 1849 3529 ποταμοὶ,

279 3532 551 3587 [πνευσαν
598 3538 647 3589 οί
680 3539 872 3608 ἄνεμοι
921 3540 1030 3593 τῶν
1075 3544 1405 3613 πνευμάτων
1439 3546 1548 3599 τῶν
1581 3550 1850 3622 πονηρῶν,

280 3627 664 3697 προσέρρηξάν
710 3646 812 3698 μου
862 3634 927 3703 τῇ
980 3632 1160 3704 οἰκίᾳ,
1205 3638 1561 3707 μετακινῆσαι
1608 3639 1851 3706 θέλοντες

278 3717 377 3786 τὴν
406 3717 591 3790 ψυχήν
638 3736 740 3790 μου
777 3721 885 3774 ἀπὸ
928 3722 1062 3785 σοῦ,
1097 3723 1232 3777 ἀλλά
1262 3725 1718 3799 τεθεμελιωμένος
1758 3732 1850 3785 ἐπὶ

274 3805 375 3877 τὴν
407 3807 616 3878 πέτραν
641 3808 743 3880 τῆς
786 3810 1018 3866 πίστεως
1038 3853 1052 3876 ,
1087 3813 1148 3865 οὑ
1189 3814 1372 3867 πίπτω
1395 3855 1411 3881 ,
1446 3815 1578 3871 ἀλλά
1623 3820 1848 3889 προσπί-

276 3913 430 3960 πτω,
466 3897 554 3950 ἴνα
587 3897 770 3968 μάθω·
811 3902 1014 3968 Κύριε,
1039 3903 1096 3956 τί
1126 3903 1597 3975 ὲπληθύνθησαν
1625 3913 1677 3964 οὶ
1714 3911 1843 3965 θλί-

273 3985 485 4048 ϐοντές
512 4002 624 4054 ys;
664 3986 722 4040 '0
766 3988 824 4054 ἐξ
867 3988 1022 4059 ἐμοῦ,
1074 3991 1194 4045 κατ’
1235 3991 1390 4064 ἐμοῦ,
1427 3995 1563 4049 ἀλλὰ
1605 3999 1669 4052 σὺ
1704 3999 1845 4070 ὑπὲρ

272 4074 428 4143 ἐμοῦ.
472 4075 553 4129 Τὰ
599 4076 710 4146 ὲμά
867 4080 1149 4151 σπλάγχνα
1193 4083 1292 4153 ἐμὲ
1344 4084 1597 4156 πολεμεῖ·
1633 4089 1663 4140 6
1711 4090 1843 4158 ἐμὸς

271 4163 399 4228 λαὸς
426 4165 604 4221 ὀπίσω
641 4168 1013 4241 Ἀϐεσσαλὼμ,
1051 4172 1112 4226 τὸ
1141 4173 1272 4244 ἐμὸν
1302 4177 1658 4246 στρατόπεδον
1685 4180 1840 4234 όπλί-

268 4252 421 4318 ζεται
465 4259 585 4310 κατ’
630 4259 784 4329 ἐμοῦ.
832 4262 913 4315 T6
952 4263 1198 4333 πρόϐατά
1231 4282 1332 4336 μου
1373 4266 1524 4323 λύκοι
1560 4271 1838 4340 γεγόνασι,

269 4346 361 4399 καὶ
383 4344 596 4410 λέοντες
621 4350 672 4402 οί
698 4351 872 4421 ἀρνοὶ,
928 4353 1022 4405 καὶ
1055 4354 1213 4419 κύνες
1241 4355 1542 4425 λυσσῶντες
1571 4363 1620 4415 οί
1650 4364 1835 4433 ἀμνοὶ,

267 4435 359 4488 καὶ
393 4435 588 4509 ταῦροι
635 4445 951 4511 κερατισταὶ
991 4448 1039 4498 οἱ
1074 4448 1215 4518 κριοί
1236 4464 1251 4480 ο
1280 4450 1343 4503 06
1384 4450 1450 4505 δι’
1474 4452 1708 4522 ἐμαυτὸν
1741 4454 1835 4508 λυ-

265 4525 499 4597 ποῦμαι,
528 4528 666 4583 ἀλλά
691 4529 788 4603 τὴν
814 4533 1016 4588 τούτων
1043 4536 1315 4594 ἀπώλειαν
1344 4540 1528 4614 θρηνῶ
1544 4552 1588 4599 ⁸.

474 4705 831 4761 BPMHNEIA
872 4710 979 4764 ΕΙΣ
1015 4713 1149 4766 ΤΟΝ
1189 4716 1241 4767 Δ¹
1279 4715 1597 4774 ΨΑΛΜΟΝ.

272 4836 375 4891 Ἐν
425 4834 505 4903 τῷ
543 4837 958 4921 ἐπικαξεῖσραί
991 4862 1068 4913 με
1096 4846 1436 4921 Δεῖίσήκουσέ
1467 4869 1545 4921 με
1587 4856 1621 4907 ὁ
1670 4856 1814 4910 Θεὸς

698 4910 809 4978 τῆς
837 4910 1387 4987 δικαιοσύνης-μου.

318 5023 394 5074 α’.
429 5022 543 5094 οὐχ
580 5023 669 5077 ἵνα
708 5025 895 5091 ἁπλῶς
930 5029 1211 5101 μάθωμεν,
1245 5034 1327 5088 ὅτι
1356 5036 1617 5110 ἠκούσθη,
1655 5043 1825 5096 ταῦτα

255 5109 551 5179 φθέγγεται
583 5115 614 5168 ι
636 5117 966 5189 προφήτηςο
1001 5121 1117 5175 ἀλλ’
1158 5124 1247 5178 ἵνα
1294 5109 1670 5202 παιδευθῶμεν
1708 5136 1826 5200 πῶς

254 5205 345 5258 καὶ
364 5206 521 5260 αὐτοὶ
548 5206 836 5273 καλοῦντες
855 5211 946 5265 τὸν
968 5213 1099 5268 Θεὸν
1126 5219 1456 5290 ἀκουσθῆναι
1481 5224 1821 5298 δυνησόμεθα

251 5296 458 5365 ταχέως
484 5335 499 5360 ,
546 5299 642 5352 καὶ
669 5299 776 5391 πρὸ
809 5301 904 5354 τοῦ
929 5303 1118 5370 τέλους
1155 5309 1256 5378 τῆς
1294 5312 1458 5384 εὐχῆς
1484 5319 1582 5387 τὴν
1609 5296 1822 5391 αἴτησιν

248 5390 449 5446 Ααϐεῖν.
479 5389 560 5446 06
595 5393 706 5461 γὰρ
733 5389 875 5458 εἷπε,
892 5398 1043 5452 Μετά
1062 5399 1124 5451 τὸ
1151 5400 1577 5460 ἐπικαλέσασθαί
1618 5427 1684 5478 με
1710 5389 1820 5465 εἰσ-

250 5482 446 5553 ἠκουσέ
498 5499 624 5553 μου,
649 5482 784 5549 ἀλλ’,
826 5487 911 5539 Ἐν
938 5487 1015 5559 τῷ
1040 5491 1417 5548 ἐπικαλεῖσθαί
1449 5515 1538 5567 με.
1566 5502 1674 5555 Καὶ
1712 5504 1818 5574 γὰρ

297 5649 323 5677 ³
348 5647 478 5721 κεε-
501 5646 743 5725 ἀξείέθέιαν
768 5648 964 5725 θρηνῶνε
985 5653 1061 5699 σοῖ
1086 5654 1153 5722 σῖ)
1177 5662 1354 5725 cum
1397 5660 1677 5725 εὐχαριστῶ.
1700 5667 1812 5717 νοτι

241 5724 310 5760 no:
330 5706 502 5767 πρέπει
519 5708 552 5764 ἡ
576 5706 688 5761 δόξα
706 5706 858 5756 καὶτὸ
881 5706 1049 5773 κράτος
1081 5706 1152 5764 νῦν
1175 5716 1253 5764 καὶ
1279 5706 1370 5778 ἀεί,
1404 5706 1500 5772 ἒιῖ

1448 346 1813 407 EXPOSI’I‘IO
1854 347 1917 402 IN
1955 344 2282 404 PSALMUM
2325 348 2410 405 IV.

3485 365 3563 418 40.

1992 458 2279 514 καὶαὺτοῦ
2318 460 2410 514 τοῦ
2441 460 2577 516 Θεοῦ
2608 462 2826 537 τοιαύτη
2860 464 2941 530 τίς
2975 467 3122 521 ἐστιν
3153 468 3442 541 ὑπόσχεσις
3472 475 3554 527 λέ-

1991 541 2178 608 γοντός
2203 561 2305 597 που
2334 545 2471 616 πρὸς
2490 548 2582 602 τὸν
2605 550 3048 625 ἐπικαλούμενον
3075 556 3197 611 Ἔτι
3222 561 3560 630 ,λαλοῦντός

1987 648 2105 689 σου
2128 634 2260 705 ἐρῶ·
2286 638 2433 693 Ἰδοὺ
2466 641 2723 714 πάρειμι.
2747 646 2820 700 Οὐ
2842 646 2951 718 γάρ
2982 647 3045 720 δὴ
3075 651 3334 721 ῥημάτων
3358 654 3562 724 πλῆθος

1986 730 2192 785 πείθειν
2214 731 2308 784 τὸν
2341 731 2472 786 Θεὸν
2501 734 2708 801 εῐωθεν,
2744 737 2890 792 ἀλλά
2911 739 3127 811 καθαρὰ
3154 742 3302 815 ψυχὴ
3330 746 3424 800 καὶ
3462 748 3555 818 69-

1983 837 2095 889 γων
2127 822 2346 891 ἀγαθῶν
2386 824 2661 890 ἐπίδειξις.
2711 828 2853 900 Πρὸς
2901 829 3030 899 γοῦν
3066 832 3194 896 τοὺς
3230 834 3289 886 ἐν
3321 837 3559 907 πονηρία

1987 912 2084 982 μὶν
2105 910 2333 979 ζῶντας,
2353 916 2763 986 προσδοκῶντας
2787 919 2843 972 δὲ
2866 919 2944 991 τῷ
2969 922 3265 993 μήκει.τῶν
3287 926 3552 996 ῥημάτων

1982 1003 2250 1057 δυσωπεῖν
2285 1004 2470 1070 αὑτὸν,
2516 1007 2617 1078 ὅρα
2650 1009 2703 1062 τί
2750 1027 2936 1081 φησιν.
2978 1012 3156 1067 Ὅταν
3204 1018 3551 1086 πληθύνητε

1981 1094 2098 1164 τὴν
2124 1096 2355 1165 δέησιν,
2378 1100 2489 1152 οὐκ
2516 1102 2945 1172 είσακούσομαι
2974 1103 3158 1174 ὑμῶν.
3197 1106 3339 1162 Ἐὰν
3369 1111 3550 1165 ἐκτεί-

1982 1200 2126 1251 νητε
2145 1185 2253 1251 τὰς
2274 1186 2497 1256 χεῖρας,
2516 1189 2873 1259 ἀποστρέψω
2902 1193 3043 1260 τοὺς
3067 1195 3412 1266 ὀφθαλμούς
3428 1218 3549 1269 μου

1980 1272 2081 1341 ἀφ’
2106 1273 2291 1343 ὑμῶν.
2321 1276 2461 1347 ’Ἄρα
2491 1277 2597 1349 πρὸ
2619 1278 2728 1333 τῶν
2757 1280 2929 1335 ἄλλων
2955 1283 3206 1339 ἁπάντων
3237 1289 3549 1360 παρρησίαν

1979 1364 2061 1418 δεῖ
2089 1365 2180 1419 τὸν
2223 1367 2512 1438 εὐχόμενον
2542 1369 2708 1440 ἔχειν,
2754 1373 2847 1426 καὶ
2884 1375 3099 1439 πάντως
3125 1376 3315 1446 ἕψεται
3344 1380 3421 1433 τὰ
3449 1381 3549 1451 τῆς
3646 1444 3655 1445 ί

1979 1456 2245 1527 αἰτήσεως
2266 1496 2280 1510 .
2337 1459 2437 1512 Διά
2458 1476 2540 1513 τοι
2570 1459 2730 1515 τοῦτο
2758 1464 2851 1517 καὶ
2875 1467 2904 1518 6
2932 1465 3220 1539 Προφήτης
3243 1470 3342 1525 οὐκ
3370 1467 3543 1538 εἶπεν,

1976 1542 2302 1615 Είσήκουσεν
2333 1548 2488 1620 ἐμοῦ,
2516 1551 2672 1616 ἀλλά,
2712 1554 2827 1623 Τῆς
2852 1555 3242 1627 δικαιοσύνης
3267 1579 3406 1629 μου,
3446 1565 3547 1634 τὴν

1979 1636 2112 1707 πρὸς
2137 1638 2229 1692 τὸν
2255 1639 2387 1695 Θεὸν
2406 1642 2571 1697 αὐτοῦ
2599 1647 2908 1718 παρρησίαν
2931 1649 3161 1715 δεικνὺς,
3185 1654 3278 1706 καὶ
3301 1654 3376 1716 ὡς
3406 1657 3545 1725 μετά

1974 1728 2175 1797 ταύτης
2211 1731 2359 1803 αὑτῷ
2403 1735 2630 1806 προσῄει
2663 1736 2750 1790 διὰ
2796 1740 3017 1803 παντός.
3064 1742 3268 1812 Μηδεὶς
3297 1743 3352 1797 66
3381 1746 3545 1799 αὑτὸν

1977 1821 2370 1895 μεγαληγορεῖν
2397 1826 2634 1895 ἡγείσθω
2676 1827 2847 1883 ταῦτα
2877 1830 3122 1899 λέγοντα.
3170 1835 3245 1888 Οὐ
3277 1835 3384 1906 γάρ
3411 1840 3542 1891 ἐαυ-

1971 1908 2063 1961 τὸν
2097 1910 2300 1981 ἐπᾶραι
2331 1911 2651 1984 βουλόμενος
2683 1917 2856 1972 ταῦτά
2903 1937 3088 1990 φησιν,
3120 1921 3254 1976 ἀλλὰ
3284 1924 3540 1980 διδασκαο

1971 1993 2090 2048 λίαν
2113 2013 2234 2050 τινα
2260 1998 2353 2051 καὶ
2378 2001 2703 2071 παραίνεσιν
2732 2005 2916 2075 κοινὴν
2937 2008 3072 2060 πολὺ
3096 2009 3284 2079 κέρδος
3313 2011 3540 2082 ἔχουσαν

1970 2081 2221 2150 εἰσάγων.
2248 2083 2364 2136 Ἵνα
2390 2086 2498 2171 γάρ
2526 2088 2599 2158 μή
2628 2104 2712 2150 τις
2743 2088 2988 2161 λέγῃ,ὅτι
3013 2095 3246 2159 Ἐκεῖνος
3275 2081 3536 2171 ἠκούσθη,

1970 2166 2157 2238 ἐπειδὴ
2219 2168 2382 2223 Δαυῒδ
2441 2167 2546 2241 ἦν,
2591 2172 2702 2241 ἐγὼ
2748 2176 2806 2229 δέ
2853 2177 2952 2233 οὐκ
3006 2166 3537 2255 εἰσακουσθήσομαιν.

1970 2254 2157 2325 ἐπειδὴ
2201 2257 2394 2326 μικρὸς
2424 2260 2515 2311 καὶ⁹
2542 2260 2765 2332 εὐτελής
2808 2264 2953 2334 είμι·
2986 2265 3256 2322 δείκνυσιν
3285 2254 3365 2325 ὅτι
3404 2254 3538 2327 οὔτε

1967 2339 2175 2393 ἐκείνου
2203 2341 2390 2406 ἁπλῶς
2419 2345 2608 2399 ἀκούει
2640 2387 2656 2411 ,
2687 2349 2810 2402 οὔτε
2843 2350 2935 2404 σοῦ
2966 2356 3268 2422 παρακούει
3299 2361 3417 2430 είκῆ
3447 2362 3537 2415 καὶ

1965 2424 2040 2488 ὡς
2086 2426 2292 2498 ἔτυχεν,
2340 2430 2476 2486 ἀλλά
2522 2435 2797 2505 πανταχοῦ
2844 2437 2951 2490 τῶν
3003 2443 3341 2511 πραγμάτων
3391 2424 3537 2501 ἐστὶν

1966 2514 2199 2584 ἀκριϐὴς
2241 2515 2462 2588 θεωρός.
2511 2520 2628 2573 Κᾶν
2670 2521 2839 2575 ταῦτα
2871 2523 3000 2597 ἔχῃς
3036 2526 3106 2580 τὰ
3145 2529 3415 2601 δυνάμενά
3454 2552 3532 2589 σοι

1969 2603 2684 2693 συνηγορῆσαι,ἀκουτθήσῃ
2716 2612 3171 2687 πάντως.Ὥσπερ
3197 2617 3263 2670 ἂν
3288 2620 3362 2690 μὴ
3385 2621 3529 2693 ἔχῃς,

1964 2688 2073 2741 οὐδ’
2092 2688 2159 2742 ἂν
2187 2689 2351 2744 Δαυῖδ
2376 2688 2465 2766 ᾗς,
2493 2698 2677 2749 πεῖσαι
2706 2699 2907 2770 δυνήσῃ
2932 2701 3023 2756 τὸν
3051 2705 3202 2757 Θεόν.
3238 2688 3527 2766 K6111666-

1967 2792 2072 2844 περ
2110 2778 2158 2829 οί
2204 2780 2599 2851 φιλοχρήματοι
2648 2782 2770 2837 οὕτε
2811 2787 2947 2856 πρὸς
3001 2788 3188 2854 ἀξίαν,
3228 2792 3351 2846 οὔτε
3399 2798 3529 2868 πρὸς

1963 2861 2149 2933 ἕτερον
2170 2864 2320 2918 οὐδὲν
2344 2866 2651 2936 βλέπουσιν,
2675 2870 2789 2923 ἀλλ’
2814 2872 2846 2942 ἢ
2873 2875 2996 2937 τοὺς
3026 2876 3288 2951 ἀργύριον
3313 2861 3535 2951 ἔχοντας

1965 2949 2144 3017 μόνον,
2175 2951 2269 3004 καὶ
2296 2951 2372 3015 ὡς
2393 2955 2568 3009 πάντα
2596 2956 2885 3022 ἀνύσοντες
2910 2961 3105 3016 ἀπίασι
3137 2949 3272 3034 πρὸς
3295 2969 3493 3034 αὐτούς
3511 2997 3524 3010 ·

1960 3035 2100 3090 οὕτω
2139 3038 2232 3092 καὶ
2263 3042 2291 3092 6
2315 3040 2447 3106 Θεὸς
2471 3043 2654 3097 ἐπειδὴ
2702 3044 3048 3120 δικαιοσύνης
3091 3052 3239 3107 ἐστὶν
3270 3056 3525 3129 ἐραστὴς,

1959 3124 2018 3188 ὃς
2041 3124 2108 3179 ἂν
2132 3127 2271 3195 μετά
2291 3129 2490 3201 ταύτης
2518 3130 2646 3205 ἔλθῃ
2668 3135 2803 3205 πρὸς
2834 3136 3017 3205 αὑτὸν,
3048 3140 3146 3193 οὑκ
3169 3124 3529 3201 ἀπελεύσεται

1960 3212 2135 3276 κενὸς,
2163 3213 2349 3287 ὥσπερ
2373 3212 2465 3270 οὖν
2497 3220 2526 3272 6
2556 3219 2760 3290 ταύτης
2789 3224 2976 3294 χωρὶς,
3011 3226 3239 3293 καὶτοῖς
3264 3232 3526 3298 ἐναντίοις

1958 3300 2333 3372 ἐμφυρόμενος
2350 3302 2398 3367 ιι,
2448 3303 2552 3359 κᾶν
2604 3308 2774 3378 μυρία
2813 3311 3101 3384 παρακαλῇ
3131 3354 3146 3375 ,
3181 3315 3344 3370 πλέον
3373 3321 3526 3374 οὐδὲν

1956 3387 2284 3458 ἐργάσεται,
2316 3388 2378 3444 τὸ
2403 3391 2608 3446 πείθειν
2633 3395 2737 3446 οὐκ·
2778 3395 2917 3466 ἔχων
2949 3400 3069 3468 μεθ’
3111 3403 3326 3457 ἐαυτοῦ.
3363 3406 3524 3461 Ὥστε

1955 3476 2005 3526 εί
2048 3473 2225 3544 βούλει
2264 3494 2317 3530 τι
2369 3478 2518 3549 παρὰ
2556 3479 2676 3550 Θεῷ
2723 3481 2924 3549 ἀνύειν,
2958 3486 3160 3559 ταύτην
3199 3493 3522 3560 προσλαϐὼν

1952 3560 2127 3650 ἄπιθι.
2177 3565 2532 3638 Δικαιοσύνην
2560 3567 2639 3640 [7]
2669 3569 2724 3622 δὲ
2750 3571 2982 3626 ἐνταῦθα
3015 3574 3091 3646 μὴ
3127 3578 3290 3649 μέρος
3319 3580 3521 3650 ἀρετῆς

1951 3643 2094 3703 εἶναι
2122 3650 2325 3721 νόμιζε,
2349 3651 2464 3706 ἀλλ’
2488 3654 2778 3727 ὀλόκληρον
2804 3660 2895 3713 καὶ
2915 3643 3225 3735 καθολικὴν.
3244 3643 3400 3720 Οὕτω
3428 3643 3521 3722 καί

1947 3739 1977 3790 6
2014 3737 2132 3790 Ἰὼϐ
2160 3738 2364 3803 δίκαιος
2392 3735 2479 3813 ἦν,
2510 3744 2690 3797 πᾶσαν
2727 3745 2929 3817 ἀρετὴν
2959 3748 3098 3818 ἔχων
3131 3751 3477 3827 ἀνθρωπίνην
3500 3773 3514 3785 ’

1945 3823 2006 3876 06
2055 3824 2244 3878 τούτου
2296 3827 2395 3898 μὲν
2427 3829 2763 3901 ἀπεχόμενος
2811 3832 2904 3886 τοῦ
2945 3837 3203 3908 πονηροῦ,
3235 3823 3515 3912 ἐτέρου-δὲ

1947 3912 2322 3985 ἀντεχόμενος.
2353 3914 2511 3970 Οὕτω
2538 3918 2630 3972 καὶ
2657 3920 2813 3991 ἡμεῖς
2837 3922 3045 3977 δίκαιον
3076 3926 3333 3997 στάθμιον
3356 3931 3513 3984 τοῦτο

1943 3995 2174 4070 λέγομεν
2207 4001 2268 4053 τὸ
2293 4004 2566 4075 πανταχοῦ
2616 4005 2730 4059 ἴσον
2749 4024 2763 4037 ·
2793 4009 2893 4061 οὐκ
2930 4004 3033 4063 ἐὰν
3075 3995 3273 4083 χρυσὸν
3301 4017 3398 4086 μὲν
3423 4017 3510 4082 ἐξ-

1947 4084 2062 4137 ίσου
2096 4088 2246 4158 ίστᾷν
2267 4087 2510 4162 δύνηται,
2540 4094 2796 4162 μόλυϐδον
2823 4095 2879 4149 δὲ
2907 4098 3186 4163 ἐναντίως,
3204 4084 3339 4155 ἀλλά
3368 4105 3428 4157 τὸ
3454 4108 3510 4157 ἐν

1928 4172 2183 4237 -ἀπάσαις
2213 4173 2365 4239 ὕλαις
2388 4178 2485 4248 τὴν
2511 4180 2732 4251 ἰσότητα
2755 4183 3126 4254 παρεχόμενον
3144 4202 3158 4215 ·
3188 4188 3282 4241 καὶ
3313 4189 3509 4263 μέτρον

1941 4257 2124 4322 πάλιν,
2154 4259 2215 4312 τὸ
2239 4263 2513 4334 πανταχοῦ
2544 4266 2675 4319 ἴσον.
2703 4268 2857 4321 Οὕτω
2879 4272 2970 4323 καὶ
2989 4270 3019 4322 6
3041 4271 3159 4324 Ἰὼϐ
3186 4257 3390 4340 δίκαιος
3417 4257 3503 4350 ἦν,

1940 4345 2212 4415 πανταχοῦ
2252 4347 2365 4414 ῐσος
2393 4348 2485 4404 ῶν.
2514 4350 2651 4406 Οὐδὲ
2676 4353 2782 4423 γὰρ
2814 4356 2870 4407 ἐν
2895 4358 3136 4429 χρήμασι
3158 4360 3255 4432 τὴν
3287 4345 3504 4436 ἰσότητα

1937 4432 2140 4505 ταύτην
2184 4437 2445 4506 ἐφύλαττε
2500 4440 2678 4510 μόνον,
2733 4443 2868 4497 ἀλλά
2924 4447 3015 4499 καὶ
3067 4449 3125 4500 ἐν
3173 4454 3283 4515 τοῖς
3327 4432 3502 4518 ἄλλοις

1937 4521 2161 4589 ἅπασιν,
2177 4526 2416 4599 οὐδαμοῦ
2442 4529 2503 4582 τὸ
2536 4530 2732 4601 μέτρον
2754 4534 3115 4605 ὑπερϐαίνων.
3154 4540 3275 4593 066’
3297 4540 3364 4594 ἂν
3390 4543 3501 4613 ἐχοι

1934 4627 2016 4674 τις
2044 4613 2238 4675 εἰπεῖν,
2268 4613 2349 4667 ὅτι
2378 4616 2437 4668 ἐν
2464 4618 2707 4691 χρήμασι
2749 4620 2848 4690 μὲν
2879 4623 2976 4694 τὴν
3012 4624 3281 4696 ἰσοτιμίαν
3314 4629 3498 4702 ἐστερ-

1933 4714 2048 4765 γεν,
2082 4700 2140 4751 ἐν
2169 4699 2226 4753 δὲ
2256 4705 2321 4774 τῇ
2359 4703 2493 4775 πρὸς
2525 4707 2651 4770 τοὺς
2694 4708 2919 4777 πλησίον
2966 4712 3149 4784 ὁμιλίᾳ
3198 4717 3260 4768 τὸ
3304 4699 3499 4789 μέτρον

1933 4787 2309 4858 ὑπερέϐαινεν,
2346 4791 2560 4856 ἀλαζών
2599 4812 2683 4859 τις
2730 4799 2826 4851 καὶ
2858 4800 3218 4871 ὑπεροπτικὸς
3248 4804 3340 4858 ὧν.
3385 4787 3495 4860 Καὶ

1929 4874 2037 4946 γὰρ
2057 4877 2151 4930 καὶ
2180 4877 2339 4933 τοῦτο
2368 4880 2434 4934 ἐκ
2462 4881 2663 4954 πολλῆς
2689 4885 2789 4956 τῆς
2818 4886 3136 4957 ἐπιμελείας
3165 4892 3380 4960 ἔφευγε.
3401 4897 3492 4948 Διὸ

1928 4963 2022 5015 καὶ
2054 4964 2235 5034 ἔλεγεν
2254 4978 2276 5006 ε
2294 4984 2308 4998 ·
2345 4970 2408 5023 El
2434 4968 2504 5022 δὲ
2526 4972 2624 5026 καί
2651 4972 2954 5042 ἐφαύλισα
2990 4979 3169 5048 κρίμα
3205 4983 3491 5049 θεράπον-

1925 5049 2028 5115 τός
2059 5068 2180 5118 μου
2220 5053 2258 5120 ἢ
2297 5055 2660 5141 θεραπαίνης
2705 5062 3065 5130 κρινομένων
3099 5071 3247 5133 πρός
3289 5086 3399 5137 με·
3454 5073 3491 5141 ἢ

1924 5137 2035 5205 οὐχ
2072 5137 2153 5229 ὡς
2181 5137 2295 5208 ἐγὼ
2323 5140 2633 5212 ἐγενόμην,
2676 5145 2774 5199 καὶ
2818 5148 2991 5202 αὐτοὶ
3019 5150 3316 5220 ἐγένοντο.
3348 5137 3493 5229 ’Ἄρα

1925 5223 2019 5277 καὶ
2057 5222 2215 5278 τοῦτο
2272 5226 2452 5283 ἀδικία
2499 5231 2727 5303 μεγίστη
2751 5273 2767 5298 ,
2821 5235 2882 5289 τὸ
2924 5236 3157 5302 ἀλαζόνα
3205 5236 3341 5295 εἶναι
3397 5222 3490 5299 καὶ

1923 5308 2270 5383 ὑπερήφανον
2283 5312 2334 5368 δ.

1990 5400 2054 5470 β’.
2086 5402 2293 5475 Ὥσπερ
2339 5405 2447 5479 γὰρ
2492 5408 2818 5483 πλεονέκτην
2865 5413 3094 5486 λέγομεν
3136 5417 3226 5472 τὸν
3272 5420 3338 5474 τὰ
3380 5424 3487 5476 τῶν

1979 5558 2008 5623 ἐν
2029 5558 2150 5623 Beg.
2178 5561 2516 5623 Δδιπιιιτανιιῆμενος

1980 5622 2005 5696 ξ
2030 5619 2153 5696 eg.
2169 5620 2224 5696 ἐκ
2249 5619 2518 5696 6031391];
2527 5627 2798 5696 περιουσίας
2809 5633 3066 5696 προεφώνει
3078 5635 3230 5696 λέγων
3239 5673 3249 5683 .

1980 5677 2195 5759 ἁΙ-Μοῐοι.
2222 5688 2272 5752 οι
2300 5677 2449 5759 Silvii:
2472 5677 2519 5733 ἱῐί
2542 5677 2682 5759 ιείω
2721 5677 3481 5759 11.160661611116661‘lil'aaaucnlibus

1916 5741 2123 5790 mullum
2146 5743 2291 5791 variat
2316 5743 2517 5803 Regius.
2549 5751 2602 5795 et
2622 5747 2797 5799 erratis
2826 5754 2999 5815 plenus
3024 5741 3117 5805 est:
