4032 6284
479 376 539 431 41
1168 372 1224 426 S.
1261 369 1542 428 JOANNIS
1575 364 2070 426 CHRYSOSTOMI
2107 367 2427 426 ARCHIEP.
2467 370 3013 430 CONSTANTINOP.
3656 372 3724 429 ﬂ

473 489 649 548 ἄλλων
681 492 998 565 βουλόμενον
1040 491 1243 558 λαϐεῖν,
1286 495 1380 547 καὶ
1409 494 1520 556 τοῖς
1556 490 1775 554 οἰκείοις
1812 490 1911 544 οὐκ
1944 491 2045 563 ἀρ-

477 600 739 673 κούμενον
763 617 776 630 '
812 598 953 653 οὕτω
987 599 1080 652 καὶ
1102 597 1417 663 ἀλαζονικὸν
1455 596 1706 668 λέγομεν,
1736 596 1863 650 ὅταν
1888 595 2050 649 πλέον

418 760 439 782 ,
474 710 682 787 ἀπαιτῇ
727 707 835 761 τῶν
876 706 1239 779 ὀφειλομένων
1272 703 1421 776 αὐτῷ
1451 704 1604 776 παρά
1644 702 1735 757 τοῦ
1788 700 2047 772 πλησίονο

476 813 607 868 ὅταν
636 830 720 876 τις
749 811 938 868 ἑαυτὸν
974 812 1070 882 μὲν
1107 812 1165 863 ἐν
1195 812 1341 880 πάσῃ
1386 809 1622 878 καθιστᾷ
1647 810 1814 879 τιμῇ,
1866 806 2051 877 ἕτερον

476 918 533 973 δὲ
563 917 824 989 ἀτιμάζῃ.
858 915 1029 972 Τοῦτο
1057 917 1114 970 δὲ
1141 915 1439 986 οὐδαμόθεν
1479 913 1746 986 ἑτέρωθεν
1776 913 1984 982 γίνεται
2014 911 2047 982 ἢ

478 1022 537 1087 ἐξ
565 1023 795 1087 ἀδικίας.
829 1023 951 1078 Ὅτι
984 1021 1092 1092 γάρ
1123 1022 1302 1075 ἀδικία
1332 1021 1509 1085 τοῦτο,
1553 1020 1743 1073 σκόπει
1776 1017 2046 1072 ἐντεῦθεν.

477 1129 586 1183 Καὶ
611 1128 672 1181 σὲ
701 1130 728 1181 ὁ
759 1127 891 1191 Θεὸς
911 1127 1158 1180 κάκεῖνον
1185 1126 1429 1196 ἐποίησε,
1453 1125 1547 1179 καὶ
1576 1124 1754 1179 πάντα
1791 1140 1870 1176 σοι
1897 1121 2051 1176 κοινά

475 1236 571 1288 καὶ
606 1234 695 1287 ἴσα
720 1233 919 1287 δέδωκε
953 1232 1088 1304 πρὸς
1116 1230 1432 1294 αὐτόν.Πῶς
1465 1225 1558 1285 οῦν
1582 1230 1744 1285 αὐτὸν
1770 1228 2049 1292 ἐκϐάλλεις

478 1343 573 1394 καὶ
604 1340 927 1412 ἀποστερεῖς
949 1339 1044 1413 τῆς
1085 1338 1273 1408 τιμῆς,
1302 1333 1481 1408 ἧσπερ
1507 1335 1703 1390 ἔδωκεν
1728 1337 1756 1387 ὁ
1784 1333 1936 1398 Θεὸς,
1957 1333 2051 1385 καὶ

476 1445 578 1507 οὐκ
626 1444 794 1514 ἀφίης
839 1441 979 1498 εἶναι
1020 1443 1298 1505 κοινωνὸν,
1340 1439 1475 1495 ἀλλά
1501 1439 1561 1493 τὸ
1593 1439 1701 1492 πᾶν
1733 1437 1825 1491 σὺν
1859 1437 2049 1502 ποιῶν,

474 1549 577 1602 οὐκ
620 1549 679 1606 ἐν
713 1549 959 1620 χρήμασι
988 1546 1170 1616 μόνον,
1204 1545 1341 1600 ἀλλὰ
1372 1545 1467 1598 καὶ
1497 1546 1554 1599 ἐν
1583 1542 1709 1617 δόξῃ
1744 1542 1918 1603 ποιεῖς
1952 1541 2051 1594 αὐ-

475 1654 569 1707 τὸν
602 1654 840 1723 πένητας
887 1651 1032 1706 Μίαν
1079 1650 1360 1721 ἑκατέροις
1401 1651 1429 1702 ὁ
1469 1647 1601 1711 Θεὸς
1636 1646 1824 1700 οὐσίαν
1865 1644 2051 1716 ἐχαρί-

478 1770 638 1811 σατο⁶
675 1758 775 1827 τῆς
803 1756 974 1828 αὐτῆς
1004 1754 1204 1824 ἠξίωσε
1248 1753 1568 1826 προεδρίας,
1597 1752 1697 1822 τῆς
1748 1752 1870 1822 ίσης
1914 1749 2051 1803 πλά-

481 1878 634 1925 σεως.
666 1861 740 1915 Τὸ
772 1858 1259 1933 γάρ,11οιήσωμεν
1282 1857 1800 1928 ἇνθρωπον,κοινὸν
1827 1856 1920 1910 τοῦ
1955 1856 2050 1925 γέ-

477 1984 600 2031 νους
629 1966 847 2029 παντός.
876 1963 1003 2029 Πῶς
1032 1960 1124 2019 οὖν
1151 1965 1311 2019 αὐτὸν
1350 1965 1451 2035 τῆς
1482 1963 1742 2035 πατρῴας
1767 1962 2048 2031 ἐκϐάλλεις

475 2071 683 2135 οὐσίας,
755 2071 834 2133 εἰς
883 2069 1117 2140 ἐσχάτην
1181 2069 1453 2122 εὐτέλειαν
1508 2067 1783 2136 κατάγων,
1836 2068 1929 2120 καὶ
1987 2067 2051 2119 τό

473 2175 651 2233 κοινὸν
680 2172 1134 2244 ἱδιοποιούμενος;
1177 2174 1314 2228 Ἀλλ’
1340 2174 1438 2245 οὐχ
1468 2177 1496 2227 ό
1535 2174 1804 2245 μακάριος
1837 2171 2049 2243 Προφή-

472 2298 572 2352 της
617 2280 855 2343 τοιοῦτος
874 2297 887 2310 ·
916 2279 995 2332 διὸ
1026 2280 1117 2332 καὶ
1151 2280 1286 2349 μετά
1316 2279 1626 2350 παρρησίας
1654 2279 1838 2346 ἔλεγεν
1859 2292 1872 2307 ·
1907 2279 2048 2331 Εἰσ-

476 2387 703 2456 ἠκουσε
741 2379 850 2454 τῆς
901 2384 1291 2454 δικαιοσύνης
1319 2403 1459 2455 μου.
1515 2383 1670 2438 Οὕτω
1715 2384 1810 2438 καὶ
1837 2383 2047 2447 Παῦλος

474 2491 712 2563 παράγει
738 2489 994 2551 πολλάκις
1022 2489 1214 2542 ἑαυτὸν
1243 2490 1321 2551 εἰς
1354 2487 1413 2541 τὸ
1447 2487 1629 2559 μέσον,
1658 2487 1758 2541 οὐκ
1782 2487 2046 2559 ἐπαίρων,

472 2597 593 2651 οὐδὲ
623 2595 810 2664 φυσῶν
831 2634 847 2659 ,
892 2593 1028 2649 ἀλλὰ
1050 2597 1162 2657 τοῖς
1190 2593 1369 2656 ἄλλοις
1397 2592 1702 2662 ὑπόδειγμα
1729 2591 2044 2662 γινόμενος;

472 2701 545 2764 Co;
576 2700 703 2753 ὅταν
746 2699 881 2770 λέγῃ
898 2738 914 2765 ,
946 2699 1106 2753 Θέλω
1147 2697 1378 2764 πάντας
1404 2696 1750 2764 ἀνθρώπους
1783 2693 1933 2751 εἷναι
1965 2697 2048 2761 ὡς

473 2806 571 2860 και
614 2805 874 2875 ἐμαυτόν
916 2805 987 2858 ἐν
1019 2804 1394 2875 ἐγκρατείᾳι.
1433 2802 1591 2857 Οὕτω
1619 2803 1714 2857 καὶ
1740 2803 1767 2854 ὁ
1793 2801 1954 2855 Δαυῒδ
1988 2804 2046 2854 ἐν

473 2909 650 2981 καιρῷ
694 2908 981 2973 καλοῦντι,
1011 2908 1110 2980 τὴν
1144 2907 1396 2978 ἀνδρείαν
1441 2906 1541 2978 τὴν
1573 2907 1790 2971 ἑαυτοῦ,
1836 2906 1935 2977 τὴν
1980 2907 2045 2959 ἐκ

470 3016 568 3085 τῆς
587 3014 681 3067 τοῦ
712 3012 846 3067 Θεοῦ
870 3011 1160 3085 γινομένην
1189 3012 1363 3084 ῥοπῆς
1391 3013 1471 3074 εἰς
1501 3011 1664 3083 μέσον
1697 3012 1820 3079 ἄγει
1847 3010 2043 3079 λέγων,

471 3120 553 3177 an
584 3119 678 3175 καὶ
707 3118 941 3188 ἄρκτους
973 3116 1181 3185 έπνιγε,
1212 3116 1307 3170 καὶ
1329 3116 1547 3179 λέοντας
1571 3115 1917 3186 ηγκαλίζετο,
1946 3116 2046 3170 οὐκ

470 3221 711 3291 ἐπαίρων
741 3221 933 3276 ἑαυτὸν
959 3220 1083 3273 οὐδὲ
1111 3212 1288 3284 οὕτος,
1322 3220 1397 3291 μὴ
1423 3219 1657 3287 γένοιτο,
1691 3218 1806 3271 ἀλλ’
1838 3221 2045 3272 οίκονος

473 3327 590 3397 μῶν
614 3327 791 3397 ἑαυτῷ
814 3325 1063 3381 ἐντεῦθεν
1092 3326 1154 3379 τὺ
1190 3326 1522 3393 ἀξιόπιστον.

537 3432 653 3485 Καὶ.
688 3433 737 3483 εἰ
763 3431 871 3503 ἔχω
898 3431 1268 3503 δικαιοσύνην,
1302 3404 1489 3503 φησὶν,
1525 3434 1657 3495 ῐσως
1690 3432 1808 3505 ἐρεῖ
1830 3450 1932 3499 τις,
1959 3432 2045 3497 τίς

469 3535 630 3607 χρεία
643 3535 830 3606 εὐχῆς,
843 3536 1138 3607 ἀρκοῦντος
1148 3536 1243 3590 τοῦ
1260 3536 1582 3608 πράγματος
1595 3536 1904 3611 [81ἀπαντα
1922 3557 2044 3595 κατε

466 3639 681 3711 ορθοῦν,
701 3643 797 3695 καὶ
814 3641 906 3695 τοῦ
935 3641 1214 3712 μέλλοντος
1241 3641 1439 3699 διδόναι
1460 3643 1659 3707 εἰδότος
1680 3637 1755 3698 ὧν
1778 3645 2043 3716 δεόμεθα;

468 3748 592 3801 ’Ὁτι
627 3745 693 3797 οὐ
728 3744 921 3816 μικρὸς
955 3744 1248 3815 σύνδεσμος
1281 3746 1378 3816 τῆς
1414 3746 1555 3818 προς
1586 3747 1721 3802 Θεὸν
1748 3749 1968 3820 ἀγάπης
2006 3752 2043 3822 ἡ

466 3847 635 3919 εὐχὴ,
687 3849 974 3920 συνήθειαν
1020 3850 1153 3919 ἡμῖν
1205 3849 1507 3920 ἐμποιοῦσα
1548 3851 1647 3922 τῆς
1697 3852 1833 3923 πρὸς
1879 3854 2041 3908 αὐτὸν

464 3952 696 4023 ὁμιλίας,
719 3954 813 4008 καὶ
842 3955 922 4017 εἰς
950 3953 1268 4024 φιλοσοφίαν
1288 3955 1515 4024 ἄγουσα.
1545 3957 1608 4010 El
1629 3956 1737 4028 γάρ
1768 3958 2039 4032 ἀνθρώπῳ

463 4075 547 4123 τις
572 4061 958 4133 συγγινόμενος
983 4060 1307 4135 θαυμαστῷ,
1321 4062 1489 4117 πολλά
1517 4063 1828 4134 καρποῦται
1850 4067 1914 4122 ἐκ
1937 4068 2039 4139 τῆς

467 4165 748 4228 συνουσίας
769 4207 785 4233 ,
820 4165 998 4236 πολλῷ
1042 4165 1241 4237 μᾶλλον
1285 4170 1314 4222 ὀ
1360 4168 1480 4239 Θεῷ
1507 4168 1767 4240 διηνεκῶς
1810 4173 2037 4242 ὁμιλῶν.

477 4269 614 4322 Ἀλλ’
648 4271 749 4323 οὐκ
775 4269 931 4339 ἴσμεν
957 4273 1056 4343 τῆς
1084 4273 1249 4344 εὐχῆς
1275 4273 1343 4326 τὸ
1370 4274 1558 4346 κέρδος
1587 4276 1663 4339 ὡς
1688 4277 1816 4348 χρὴ,
1841 4279 2035 4350 ἐπειδὴ

466 4373 603 4444 μηδὲ
633 4373 977 4443 προσέχομεν
1015 4376 1151 4446 αὐτῇ
1187 4376 1324 4447 μετὰ
1363 4378 1666 4449 ἀκριϐείας,
1710 4380 1847 4451 μηδὲ
1890 4382 2034 4454 χρώ-

466 4476 604 4547 μεθα
641 4477 785 4531 κατά
828 4479 955 4543 τοὺς
992 4480 1084 4539 τοῦ
1122 4480 1259 4534 Θεοῦ
1302 4483 1518 4553 νόμους.
1561 4484 1698 4537 Ἀλλ’
1728 4486 2034 4557 ἀνθρώποις

466 4582 566 4654 μὲν
597 4583 881 4652 μέλλοντες
924 4585 1263 4653 διαλέγεσθαί
1291 4605 1399 4641 τισι
1425 4589 1534 4643 τῶν
1570 4592 1709 4663 ὑπὲρ
1736 4594 1904 4665 ἡμᾶς,
1939 4595 2039 4651 καὶ

463 4688 671 4763 σχῆμα,
699 4690 793 4743 καὶ
822 4688 1055 4760 βάδισμα
1074 4732 1088 4753 .
1117 4691 1212 4747 καὶ
1246 4692 1465 4764 στολὴν,
1498 4695 1594 4750 καὶ
1631 4698 1808 4755 πάντα
1837 4700 2034 4771 ῥυθμί-

463 4811 650 4858 σαντες
672 4796 752 4859 εἰς
776 4794 837 4849 τὸ
862 4797 1009 4860 δέον,
1037 4796 1187 4850 οὕτω
1205 4797 1567 4869 διαλεγόμεθα
1585 4814 1600 4829 ⁸
1637 4802 1761 4873 Θεῷ
1781 4804 1839 4857 δέ
1866 4822 2034 4877 προσ-

462 4902 630 4965 εόντες
683 4901 1045 4974 χασμώμεθα,
1073 4902 1357 4973 κνώμεθα,
1390 4907 1887 4978 περιστρεφόμεθα,
1933 4913 2033 4983 ῥᾳ-

460 5006 769 5078 θυμοῦμεν·
819 5006 926 5060 τῶν
965 5008 1205 5077 γονάτων
1252 5009 1427 5081 χαμαὶ
1462 5012 1749 5086 κειμένων,
1800 5017 1892 5068 ἐπὶ
1930 5017 2029 5090 τῆς

454 5111 659 5182 ἀγορᾶς
710 5109 1056 5182 πλανώμεθα.
1110 5114 1173 5166 EE
1218 5112 1274 5169 δὲ
1318 5115 1459 5185 μετὰ
1501 5118 1601 5188 τῆς
1648 5121 2029 5193 προσηκούσης

454 5216 760 5285 εὐλαϐείας,
789 5218 885 5273 καὶ
910 5217 987 5281 ὡς
1011 5218 1135 5289 Θεῷ
1159 5219 1495 5285 διαλέξεσθαι
1544 5223 1851 5293 μέλλοντες,
1884 5227 2033 5283 οὕτω

456 5325 805 5396 προσῄειμεν,
852 5325 971 5378 τότε
1010 5326 1077 5380 ἀν
1116 5325 1381 5399 ἔγνωμεν,
1418 5331 1511 5385 καὶ
1548 5333 1654 5405 πρὸ
1700 5334 1794 5387 τοῦ
1840 5335 2025 5390 λαϐεῖν

455 5428 598 5501 ειπερ
626 5427 885 5501 ῂτοῦμεν,
934 5430 1120 5502 ἡλίκον
1154 5431 1343 5504 κέρδος
1375 5436 1752 5508 καρπούμεθα.
1783 5440 2025 5512 Ἀνθρω-

455 5552 553 5600 πος
580 5535 687 5606 γάρ
716 5534 834 5606 Θεῷ
879 5539 1186 5603 παιδευθεὶς
1223 5539 1600 5609 διαλέγεσθαι,
1650 5543 1726 5609 ὡς
1753 5545 1898 5609 εἰκὸς
1930 5546 2021 5602 τὸν

512 5723 537 5753 ⁸
572 5723 649 5775 ἰν
674 5727 918 5793 ἐγκρατείᾳ
943 5728 1086 5778 deest
1109 5730 1156 5779 In
1182 5727 1391 5779 Colben.

2155 489 2234 560 τῷ
2260 489 2380 562 Θεῷ
2414 491 2820 562 διαλεγόμενον,
2863 490 3091 560 ἄγγελος
3118 489 3270 547 ἔσται
3297 488 3513 542 λοιπόν·
3549 488 3721 552 οὕτως

2150 595 2447 650 ἀπολύεται
2475 595 2583 650 τῶν
2615 596 2830 665 δεσμῶν
2874 598 2968 651 τοῦ
3013 593 3264 666 σώματος
3291 594 3325 664 ἡ
3352 593 3530 663 ψυχή’
3578 591 3725 647 οὕτω

2152 702 2441 774 μετάρσιος
2472 702 2619 773 αὐτῷ
2652 703 2861 771 γίνεται
2910 704 2939 754 ὁ
2984 700 3272 770 λογισμός·
3302 698 3444 753 οὕτω
3479 696 3719 769 μετοικίο

2150 809 2301 876 ζεται
2331 810 2465 881 πρὸς
2502 810 2592 864 τὸν
2619 809 2844 879 οὐρανόν
2864 827 2877 839 ·
2911 806 3085 872 οὕτως
3132 806 3374 878 ὐπερορᾷ
3401 804 3509 859 τῶν
3536 802 3716 874 βτωτιο

2150 913 2260 968 κῶν
2279 931 2294 945 ο
2323 913 2463 967 οὕτω
2490 916 2619 984 παρ’
2648 912 2808 967 αὐτὸν
2834 912 3046 966 ἵσταται
3072 911 3162 965 τὸν
3195 911 3382 977 θρόνον
3418 907 3720 979 βασιλικὸν,

2148 1018 2252 1072 κᾶν
2292 1019 2463 1088 πένης
2503 1014 2537 1092 ᾖ
2565 1058 2579 1081 ,
2614 1017 2718 1072 κᾶν
2755 1017 2973 1087 οἰκέτης
2993 1057 3008 1081 ,
3041 1016 3145 1071 κᾶν
3177 1014 3409 1087 ἰδιώτης,
3448 1013 3550 1068 κᾶν
3581 1014 3728 1084 ἀμα-

2149 1122 2267 1195 θής.
2295 1124 2371 1176 Οὐ
2398 1123 2508 1194 γάρ
2541 1121 2785 1193 γλώττης
2816 1121 2970 1192 ζητεῖ
3011 1119 3204 1183 κάλλος
3229 1122 3257 1173 ὁ
3282 1119 3436 1185 Θεὸς.
3470 1118 3591 1174 οὐδὲ
3622 1120 3723 1189 ρη·
3808 1124 3809 1127 “

2151 1231 2337 1301 μάτων
2389 1229 2684 1303 συνθήκην,
2743 1231 2878 1285 ἀλλά
2923 1230 3100 1301 ψυχῆς
3152 1227 3331 1299 ῶραψ
3387 1226 3487 1281 κάν
3539 1226 3725 1296 ἐκείνη

2148 1338 2451 1410 φθέγγηται
2478 1338 2545 1394 τά
2588 1338 2736 1411 αὐτῷ
2754 1339 3029 1404 δοκοῦντα,
3052 1337 3114 1390 τδ
3135 1338 3242 1390 πᾶν
3259 1334 3463 1398 ἀνύσας
3485 1334 3719 1389 ἄπεισιν.

2158 1445 2318 1516 Ὁρᾷς
2347 1444 2496 1515 πόση
2531 1443 2787 1512 εὐκολία;
2828 1444 2951 1501 Ἐπὶ
3000 1442 3099 1514 μὲν
3133 1441 3241 1511 γὰρ
3272 1440 3380 1495 τῶν
3423 1440 3726 1512 ἀνθρώπων

2144 1546 2238 1602 τὸν
2288 1548 2583 1619 προσιόντα
2633 1547 2739 1601 τινὶ
2780 1547 2874 1601 καὶ
2924 1546 3212 1618 ῥητορικὸν
3251 1541 3391 1598 εἶναι
3426 1530 3579 1615 ἀρὴ,
3631 1544 3728 1598 καὶ

2147 1651 2474 1709 κολακεῦσαι
2508 1652 2635 1715 τούς
2679 1652 2808 1723 περὶ
2848 1649 2941 1705 τὸν
2984 1651 3223 1722 ἄρχοντα
3264 1649 3469 1712 πάντας
3521 1648 3723 1713 ἱκανὸν,

2146 1757 2242 1810 καὶ
2283 1755 2457 1810 πολλά
2497 1757 2660 1826 ἕτερα
2699 1757 3001 1826 ἐπινοῆσαι,
3037 1754 3178 1809 ὥστε
3208 1753 3460 1823 γενέσθαι
3487 1753 3728 1823 560090-

2144 1860 2353 1915 δεκτον.
2404 1859 2669 1915 Ἐνταῦθα
2707 1859 2764 1912 δὲ
2807 1860 3020 1922 οὐδενὸς
3069 1859 3268 1925 δεῖται,
3312 1857 3449 1912 ἀλλά
3497 1857 3727 1929 γνώμης

2148 1968 2314 2039 μόνης
2339 1966 2648 2039 νηφούσης,
2684 1967 2777 2020 καὶ
2815 1967 2968 2019 οὐδὲν
3013 1966 3072 2019 τδ
3115 1965 3322 2018 κωλύον
3369 1960 3510 2019 εἶναι
3558 1964 3722 2033 ἐγγὺς

2143 2073 2236 2126 τοῦ
2260 2072 2413 2125 Θεοῦ.
2451 2072 2595 2137 Θεὸς
2630 2072 2740 2142 γὰρ
2767 2069 3010 2141 ἐγγίζων
3030 2068 3144 2140 ἐγώ
3175 2072 3312 2138 εἶμι,
3345 2070 3443 2124 καὶ
3477 2071 3553 2124 οὐ
3576 2069 3725 2135 Θεὸς

2144 2178 2468 2247 πόῤῥωθεν.
2493 2177 2655 2229 Ὥστε
2680 2176 2745 2228 τὸ
2772 2174 2989 2247 μακρὰν
3016 2173 3291 2242 γενέσθαι,
3321 2173 3414 2243 ἀφ’
3453 2172 3608 2243 ἡμῶν
3635 2173 3723 2241 γί-

2143 2300 2291 2337 νεται
2311 2298 2323 2312 ·
2355 2283 2517 2346 αὐτὸς
2551 2282 2658 2354 γὰρ
2691 2284 2777 2335 ἀεὶ
2803 2282 3033 2352 πλησίον
3061 2281 3198 2334 ἐστί.
3241 2281 3351 2334 Καὶ
3388 2281 3441 2333 τί
3471 2280 3615 2347 λέγω
3638 2281 3723 2334 ὅτι

2145 2388 2433 2458 ῥητορείας
2482 2388 2540 2440 οὗ
2589 2386 2853 2457 δεόμεθας
2900 2386 3169 2450 Πολλάκις
3209 2386 3332 2441 οὐδὲ
3383 2385 3565 2455 φωνῆς
3608 2385 3724 2438 δεό-

2146 2491 2304 2561 μεθα.
2338 2491 2456 2544 Κᾶν
2494 2492 2602 2562 γάρ
2632 2493 2691 2544 ἐν
2721 2495 2788 2564 τῇ
2819 2492 3014 2564 καρδίᾳ
3050 2491 3256 2565 φθέγξῃ
3280 2529 3296 2556 ,
3344 2495 3441 2545 καὶ
3484 2490 3721 2564 καλέσῃς

2142 2597 2304 2651 αὐτὸν
2332 2597 2408 2660 ὡς
2436 2596 2563 2667 χρὴ,
2599 2596 2797 2668 ῥᾳδίως
2825 2596 3099 2651 ἐπινεύσει
3130 2597 3227 2650 καὶ
3255 2596 3400 2649 τότε.
3449 2597 3604 2650 ϋῦτω
3627 2596 3721 2648 καὶ

2141 2699 2419 2762 Μωῦσέως
2446 2700 2679 2771 ῆκουσεν
2702 2717 2716 2731 ·
2750 2699 2894 2754 οὕτω
2920 2701 3013 2754 καὶ
3043 2702 3260 2771 Ἀννης.
3296 2701 3371 2753 Οὐ
3405 2700 3718 2771 παρέστηκε

2143 2803 2482 2877 στρατιώτης
2510 2805 2794 2859 ἀποσοϐῶν
2814 2845 2829 2871 ,
2861 2806 2920 2858 οὐ
2952 2805 3246 2877 δορυφόρος
3270 2804 3359 2857 τὸν
3389 2806 3579 2874 καιρὸν
3603 2805 3720 2858 δια-

2142 2909 2388 2965 κόπτων⁶
2444 2912 2546 2964 οὐκ
2592 2911 2739 2965 ἐστιν
2777 2910 2968 2976 εἰπὼν,
2988 2911 3098 2965 Νῦν
3161 2911 3220 2965 οὐ
3269 2910 3493 2964 δυνατὸν
3546 2927 3717 2982 προσ-

2142 3016 2335 3082 ελθεῖν,
2388 3018 2529 3088 μετά
2573 3018 2746 3072 ταῦτα
2783 3017 3089 3092 παραγενοῦ
3110 3034 3123 3048 ·
3165 3018 3282 3074 ἀλλ’
3345 3021 3475 3073 ὅταν
3525 3019 3715 3092 ἔλθῃς,

2141 3119 2370 3191 ἕστηκεν
2393 3121 2629 3184 ἀκούων,
2650 3121 2749 3176 κᾶν
2778 3125 2835 3176 ὲν
2858 3122 3035 3194 καιρῷ
3057 3124 3301 3195 ἀρίστου,
3327 3123 3431 3179 κάν
3459 3124 3518 3177 ἐν
3540 3123 3720 3194 καιρῷ

2141 3221 2378 3290 δείπνου,
2411 3225 2515 3278 κάν
2540 3227 2597 3280 ὲν
2624 3226 2760 3296 αὐτῇ
2806 3229 2873 3298 τῇ
2913 3226 3114 3299 ἀωρίᾳ,
3164 3226 3268 3282 κᾶν
3295 3228 3354 3280 ἐν
3379 3228 3575 3298 ἀγορᾷ,
3612 3227 3719 3281 κᾶν

2140 3326 2198 3379 ἐν
2219 3327 2347 3398 ὁδῷ,
2369 3327 2471 3381 κᾶν
2498 3329 2557 3381 ἐν
2590 3328 2838 3399 θαλάμῳ,
2870 3328 2970 3383 κᾶν
2995 3330 3142 3383 ἔνδον
3171 3331 3226 3382 ἐν
3256 3330 3595 3400 δικαστηρίῳ
3626 3330 3718 3401 ἂρ-

2140 3450 2286 3503 χοντι
2328 3436 2612 3504 παραστῇς
2632 3476 2646 3496 ,
2687 3435 2782 3487 καὶ
2816 3434 3050 3508 καλέσῃς
3082 3434 3243 3487 αὐτὸν
3263 3477 3277 3501 ,
3306 3434 3367 3487 τὸ
3395 3435 3600 3489 κωλύον
3626 3436 3717 3488 οὐ·

2138 3536 2226 3590 δὲν
2254 3537 2536 3598 ἐπινεῦσαι
2567 3540 2635 3610 τῇ
2663 3540 2879 3609 αἰτήσει
2913 3580 2926 3602 ,
2958 3539 3025 3593 ἂν
3056 3540 3131 3602 ώς
3165 3539 3270 3610 χρὴ
3304 3539 3559 3613 καλέσῃς.
3601 3542 3717 3595 Οὐκ

2139 3640 2289 3695 ἐστιν
2333 3644 2510 3696 εἰπεῖν
2572 3642 2795 3699 Δέδοικα
2840 3614 3184 3714 προσελθεῖνῒ
3216 3645 3307 3698 καὶ
3358 3646 3646 3717 δεηθῆναι·
3685 3649 3715 3702 ό

2140 3745 2330 3817 ἐχθρός
2356 3762 2456 3816 μου
2483 3747 2829 3818 παρέστηκεν
2846 3760 2862 3777 ’
2895 3747 3031 3800 ἀλλά
3055 3748 3150 3802 καὶ
3172 3749 3329 3803 τοῦτο
3357 3751 3632 3822 ἀνῄρηται
3653 3751 3714 3803 τὸ

2138 3849 2363 3920 κώλυμα
2381 3865 2395 3880 ο
2426 3848 2549 3902 οὕτε
2579 3850 2688 3921 γὰρ
2713 3850 2893 3921 ἐχθρῷ
2913 3850 2992 3924 [9]
3009 3853 3293 3924 προσέχει,
3317 3855 3408 3908 καὶ
3431 3854 3712 3909 διακόπτει

2137 3971 2232 4008 σου
2261 3955 2358 4025 τὴν
2391 3954 2604 4025 αἴτησιν
2622 3971 2635 3984 ⁸
2693 3956 2808 4008 ἀλλ’
2834 3958 2922 4009 ἀεὶ
2953 3959 3047 4011 καὶ
3074 3957 3337 4030 διηνεκῶς
3365 3960 3710 4030 ἐντυγχάνειν

2133 4057 2376 4139 δύνασαι,
2420 4060 2514 4113 καὶ
2545 4059 2801 4115 δυσκολία
2826 4061 3048 4131 οὐδεμία
3080 4062 3365 4132 πρόσεστιν
3385 4079 3400 4093 ο
3438 4061 3560 4115 οὕτε
3600 4062 3710 4133 γάρ

2132 4165 2291 4234 χρεία
2358 4164 2468 4218 τῶν
2523 4168 2978 4238 προσαγαγόντων
3043 4165 3325 4238 θυρωρῶν,
3385 4170 3705 4240 οἰκονόμων,

2133 4267 2473 4339 ἐπιτρόπων,
2506 4271 2783 4340 φυλάκων,
2815 4273 2853 4343 ἢ
2889 4272 3085 4340 φίλων,
3118 4271 3233 4329 ἀλλ’
3277 4272 3407 4353 ὅταν
3445 4274 3608 4338 αὐτὸς
3640 4275 3707 4328 δι’

2131 4374 2329 4432 ἑαυτοῦ
2358 4376 2681 4451 προσέλθῃς,
2698 4378 2822 4431 τότε
2843 4377 3077 4448 μάλιστα
3105 4377 3393 4433 ἀκούσεταί
3422 4395 3539 4444 σου,
3558 4379 3709 4443 τότε,

2130 4482 2257 4536 ὅταν
2297 4483 2520 4554 μηδενὸς
2550 4484 2766 4556 δεηθῇς.

2202 4594 2271 4656 γ’.
2303 4589 2414 4659 Οὐχ
2461 4588 2632 4653 οὕτως
2670 4585 2759 4643 οὖν
2800 4590 2960 4644 αὐτὸν
3001 4590 3355 4662 δυσωποῦμεν
3393 4591 3460 4644 δι’
3501 4591 3703 4663 ἐτέρων
3810 4664 3813 4667 _

2128 4690 2435 4759 ἀξιοῦντες,
2453 4694 2528 4757 ὡς
2557 4694 2621 4748 δι’
2643 4694 2800 4765 ἡμῶν
2832 4694 3030 4748 αὐτῶν.
3062 4696 3280 4768 Ἐπειδὴ
3311 4695 3421 4768 γὰρ
3446 4697 3543 4766 τῆς
3566 4698 3703 4766 ἡμε-

2128 4794 2288 4865 τέρας
2315 4798 2416 4867 ἐρᾷ
2445 4796 2649 4864 φτλίας,
2677 4796 2771 4850 καὶ
2803 4798 2977 4850 πάντα
3009 4802 3171 4860 ποιεῖ,
3201 4797 3341 4851 ὥστε
3378 4800 3526 4869 ἡμᾶς
3550 4798 3700 4869 αὐτῷ

2129 4899 2358 4971 θαρρεῖν
2377 4915 2391 4930 ο
2432 4900 2560 4953 ὅταν
2594 4899 2677 4972 ἴδῃ
2702 4899 2771 4951 δι’
2803 4899 3011 4952 ἑαυτῶν
3037 4898 3196 4953 τοῦτο
3233 4900 3548 4964 ποιοῦντας,
3578 4902 3700 4956 τότε

2130 5003 2363 5072 μάλιστα
2414 5003 2672 5055 ἐπινεύει.
2723 5002 2878 5055 Οὕτω
2942 5004 3035 5056 καὶ
3089 5003 3181 5057 ἐπὶ
3236 5004 3336 5073 τῆς
3390 5005 3699 5068 Χαναναίας

2125 5105 2347 5175 ἐποίησε
2369 5120 2385 5135 ’
2451 5106 2545 5158 καὶ
2595 5106 2801 5177 Πέτρου
2854 5107 2955 5176 μὲν.
3015 5108 3109 5160 καὶ
3152 5108 3405 5163 Ἰακώϐου
3446 5110 3700 5177 προσιόν-

2124 5228 2234 5269 των
2282 5210 2422 5281 ὑπὲρ
2467 5210 2676 5279 αὐτῆς,
2728 5211 2829 5266 οὐκ
2876 5212 3199 5269 ἐπένευσενο
3236 5213 3595 5285 ἐπιμενούσης
3642 5221 3703 5283 δὲ

2122 5313 2349 5386 ταύτης,
2377 5314 2437 5368 τὸ
2479 5315 2703 5383 αἰτηθὲν
2735 5316 2945 5386 ταχέως
2997 5317 3214 5373 ἔδωκεν..
3251 5319 3310 5375 Εἰ
3338 5315 3447 5388 γὰρ
3480 5319 3577 5375 καὶ
3610 5337 3697 5389 μιν

2129 5420 2259 5492 κρὸν
2291 5418 2467 5484 ἔδοξεν
2498 5420 2915 5486 ἀναϐάλλεσθαι,
2944 5423 3041 5492 οὐχ
3068 5423 3155 5476 ἵνα
3181 5423 3483 5494 ὐπερθῆται
3510 5425 3579 5478 τὸ
3598 5428 3691 5492 γύο

2122 5540 2291 5589 ναιον,
2343 5523 2463 5577 ἀλλ’
2507 5525 2593 5577 ἵνα
2645 5525 2904 5596 μειζόνως
2952 5528 3268 5600 στεφανώσῃ
3287 5569 3301 5595 ,
3351 5531 3446 5584 καὶ
3497 5531 3694 5600 μᾶλλον

2119 5631 2291 5699 αὐτῆς
2318 5632 2673 5704 οίκειώσηται
2703 5634 2800 5705 τὴν
2841 5635 3187 5707 προσεδρίαν,
3217 5635 3378 5691 τοῦτο
3402 5638 3688 5709 πεποίηκε.

2127 5736 2526 5808 Μελετησωμεν
2551 5741 2731 5794 τοίνυν
2782 5743 2873 5795 καὶ
2939 5746 3099 5814 ἡμεῖς
3148 5743 3496 5814 ἐντυγχάνειν
3539 5744 3685 5817 Θεῷ·
