4032 6284
252 351 307 403 tt
1476 331 1837 392 exrosmo
1874 331 1941 386 lN
1974 333 2293 392 PSALMUM
2331 336 2417 391 tv.
2790 394 2795 399 ,
3350 313 3364 345 ‘
3479 331 3548 384 te

251 461 431 515 \ultin
461 475 548 526 ea,
580 473 702 530 quze
732 464 859 511 sunt
902 456 1148 520 aliorum,
1178 453 1449 519 invadere,
1493 468 1592 507 nec
1619 450 1734 506 suis
1759 457 1843 505 est

252 559 535 605 contentus
558 568 573 603 :
600 552 673 603 ita
695 550 855 602 ctiam
876 547 1160 616 superbum
1183 555 1237 600 et
1255 553 1610 614 arrogantem,
1629 542 1842 612 quando

257 644 372 713 plus
428 642 595 711 exigit
639 656 799 710 quam
868 637 1009 709 quod
1051 636 1151 691 sibi
1205 636 1425 690 debetur
1473 650 1503 688 a
1558 635 1842 703 proximo;

255 731 467 802 quando
497 732 619 799 quis
639 731 875 799 scipsum
904 727 1119 798 quidem
1152 727 1204 780 in
1250 726 1394 779 omni
1447 726 1650 779 honore
1678 724 1846 778 collo-

255 836 361 889 Cat,
416 821 583 876 alium
633 836 763 875 vero
813 819 971 874 habet
1011 819 1307 887 despectui.
1360 816 1469 871 lloc
1510 827 1687 870 autem
1738 832 1844 869 non

254 915 472 968 aliunde
516 913 710 977 oritur,
768 928 928 980 quant
957 927 1022 965 ex
1056 909 1332 979 iujustitia.
1375 905 1526 974 Quod
1555 907 1695 960 cnim
1746 905 1848 959 hoc

253 1007 323 1062 sit
346 1004 627 1073 injustitia,
674 1018 741 1057 ex
787 1002 890 1055 hoc
919 998 1221 1054 considera.
1253 999 1319 1053 Et
1365 1008 1417 1052 te
1464 1007 1517 1051 et
1547 997 1693 1051 illum
1725 995 1849 1051 fecit

252 1097 418 1159 Deus,
439 1104 497 1149 et
523 1094 614 1147 tibi
638 1094 816 1145 onmia
848 1091 993 1144 dedit
1021 1105 1142 1143 cum
1194 1089 1286 1142 illo
1329 1088 1661 1142 eommnnia-
1677 1095 1732 1140 et
1781 1101 1849 1140 ex

250 1200 430 1254 a-quo.
459 1182 741 1251 Quomodo
767 1197 892 1250 ergo
922 1196 1041 1234 eum
1073 1180 1323 1249 expellis,
1351 1190 1404 1231 et
1430 1179 1625 1247 spolias
1649 1177 1850 1233 honore

251 1293 417 1349 quem
448 1277 592 1331 Deus
619 1275 787 1339 dedit,
820 1285 870 1326 et
896 1274 959 1327 ad
1003 1273 1313 1326 societatem
1346 1286 1448 1324 nun
1477 1271 1729 1332 admittis,
1756 1268 1848 1322 sed

250 1370 437 1423 omnia
466 1368 558 1420 tibi
591 1365 871 1427 ti-ibnis,et
898 1379 1000 1416 non
1021 1362 1190 1416 solum
1222 1361 1274 1415 in
1305 1360 1545 1430 pecunia,
1570 1359 1662 1412 sed
1690 1359 1849 1413 etiam

252 1459 308 1512 in
360 1459 568 1510 honore
630 1470 753 1509 eum
809 1454 934 1508 iacis
962 1452 1293 1523 pauperem?
1334 1450 1472 1504 Deus
1501 1448 1642 1503 dedit
1691 1464 1850 1503 unam

256 1552 469 1618 utrique
499 1549 790 1603 essentiam
841 1564 854 1599 :
896 1544 1088 1614 a-quali
1130 1544 1447 1614 principatu,
1491 1543 1677 1611 :rquali
1705 1556 1853 1594 crea-

257 1643 422 1696 tionis
447 1642 651 1694 honore
675 1640 922 1707 dignatus
949 1647 1050 1691 est.
1107 1635 1236 1690 lllttd
1267 1636 1407 1688 enim
1461 1633 1733 1687 Faciamus
1762 1633 1855 1685 Ito-

261 1733 450 1784 miuem
481 1728 637 1798 (Gen.
671 1729 722 1782 1.
755 1727 875 1797 2b),
920 1735 1304 1780 estcommnne
1345 1725 1593 1777 universn
1646 1722 1849 1792 generi.

259 1823 545 1892 Quomodo
579 1836 707 1891 ergo
755 1836 874 1874 eum
917 1818 1167 1874 exturbas
1196 1834 1225 1872 a
1276 1818 1428 1872 bonis
1474 1818 1739 1886 paternis,
1787 1817 1853 1870 ad

264 1929 532 1967 summam
560 1912 912 1964 humilitatem
935 1908 1197 1978 redigens,
1223 1918 1278 1963 et
1296 1909 1433 1978 quod
1452 1918 1529 1963 est
1551 1922 1852 1971 commune,

264 2015 533 2071 tamquam
568 2002 660 2055 tibi
692 2001 961 2071 proprium
995 1999 1306 2053 vindicans?
1332 1997 1438 2053 Sed
1467 1998 1586 2051 talis
1607 2014 1709 2051 non
1741 2004 1858 2051 erat

264 2096 455 2149 beatus
486 2094 768 2162 prepheta.
812 2101 866 2147 et
889 2092 1005 2146 ideo
1035 2090 1287 2145 audacter
1317 2104 1371 2144 et
1397 2091 1565 2144 libere
1603 2089 1811 2144 dicebat
1840 2105 1852 2141 :

267 2188 545 2243 Exaudirit
594 2188 849 2257 justitiam
892 2201 1055 2239 meum
1110 2184 1181 2238 Ita
1212 2184 1373 2238 etiam
1401 2181 1595 2237 Paulus
1622 2182 1855 2250 scipsum

266 2294 410 2349 saepe
441 2278 655 2333 adduci:
687 2277 739 2330 in
776 2277 1026 2338 medium,
1063 2290 1165 2329 non
1194 2291 1252 2330 se
1295 2272 1526 2339 eiiereus
1569 2287 1666 2327 nec
1719 2271 1855 2326 intu-

267 2386 535 2436 mescens,
566 2370 661 2423 sed
681 2384 740 2424 se
765 2369 883 2422 aliis
909 2368 1184 2437 exemplar
1203 2381 1541 2435 proponens;
1570 2374 1626 2418 ut
1646 2364 1858 2435 quando

266 2463 432 2518 dicit:
474 2461 602 2515 Volo
652 2477 824 2513 omnes
855 2460 1081 2513 Immotos
1131 2475 1237 2513 esse
1287 2459 1414 2510 sicut
1447 2467 1494 2510 et
1524 2456 1767 2524 meipsttm
1805 2455 1858 2508 in

267 2556 576 2610 continentia
599 2556 616 2585 ¹
646 2552 722 2626 (l.
752 2551 868 2607 Cor.
903 2554 955 2606 7.
988 2553 1065 2624 7).
1087 2552 1161 2605 Ita
1190 2553 1348 2605 etiam
1402 2548 1585 2613 David,
1617 2558 1858 2617 tempore

268 2650 340 2703 ita
370 2648 695 2718 postulante,
721 2645 1080 2700 fortitudinem
1108 2655 1257 2697 suam
1276 2657 1392 2711 qute
1410 2640 1457 2695 ei
1481 2640 1733 2695 divinitus
1761 2639 1860 2693 ob-

271 2743 482 2811 tigerat,
515 2743 567 2793 in
601 2736 837 2793 medium
868 2737 1100 2801 adducit,
1144 2735 1328 2789 dicens
1349 2749 1406 2787 se
1433 2742 1488 2788 et
1508 2745 1660 2787 ursos
1690 2730 1860 2786 sntio-'-

269 2850 443 2898 casse,
492 2843 548 2886 et
580 2831 764 2886 leones
790 2830 1168 2896 strangulasse,
1224 2841 1328 2880 non
1371 2825 1604 2894 scipsum
1646 2824 1859 2892 quidem

270 2926 345 2979 sic
372 2924 662 2984 extollens.
682 2922 823 2975 absit
857 2921 929 2990 (1.
963 2920 1092 2989 Reg.
1119 2919 1203 2972 17.
1237 2918 1323 2972 54.
1357 2932 1468 2985 sqq.
1503 2932 1517 2968 :
1548 2915 1644 2969 sed
1695 2930 1755 2969 ea
1786 2929 1862 2966 ra-

277 3013 422 3068 tione
476 3027 770 3082 procurans
800 3020 852 3065 ut
881 3010 978 3065 sibi
1012 3010 1140 3064 fides
1165 3009 1472 3063 haberetur.

343 3104 572 3159 Fructus
622 3104 907 3167 orationis;
936 3118 1087 3173 quam
1134 3099 1405 3154 exorabilis
1447 3097 1780 3153 Deus—Et
1818 3096 1862 3151 sl

273 3197 743 3266 babeojustitiam,
766 3194 906 3248 dicet
932 3193 1154 3247 fortasse
1179 3192 1461 3262 quispiam,
1485 3190 1609 3260 quid
1630 3205 1761 3260 opus
1785 3192 1867 3242 est

275 3295 535 3355 oratione,
560 3305 682 3344 cum
705 3299 755 3343 et
783 3303 867 3342 res
882 3288 989 3355 ipsa
1012 3286 1076 3339 ad
1102 3285 1278 3339 omnia
1307 3294 1449 3339 recte
1469 3282 1701 3352 gerenda
1719 3279 1866 3335 sufﬁ-

277 3385 376 3436 ciat
397 3423 413 3446 ,
441 3391 498 3436 et
523 3380 615 3451 qui
638 3379 861 3434 daturus
885 3387 987 3441 est,
1022 3377 1156 3432 sciat
1173 3377 1492 3446 quibusnam
1533 3389 1670 3443 opus
1697 3372 1863 3426 liabe-

278 3477 429 3531 tnus?
465 3476 731 3542 Quoniam
758 3473 931 3527 oratio
958 3487 1062 3526 non
1086 3480 1168 3523 est
1195 3485 1415 3540 parvum
1438 3469 1704 3523 vinculum
1731 3469 1867 3522 dile-

277 3570 469 3624 ctionis
497 3570 549 3621 in
589 3568 755 3620 Deum
783 3582 900 3635 quae
926 3581 1044 3618 cum
1068 3580 1133 3618 eo
1162 3564 1388 3630 colloqui
1419 3578 1514 3616 nos
1540 3560 1823 3616 assuefacit
1845 3603 1860 3626 ,

280 3672 329 3715 et
367 3660 432 3714 ad
489 3658 767 3727 sapientia:
812 3656 1041 3709 studium
1093 3669 1191 3707 nos
1228 3653 1458 3708 deducit.
1493 3652 1549 3706 Si
1604 3653 1744 3706 enim
1776 3652 1865 3721 qui

280 3769 397 3807 eum
429 3752 614 3820 aliquo
640 3748 939 3803 admirabili
969 3748 1084 3800 viro
1117 3746 1338 3800 tnultmn
1364 3754 1626 3807 versatur,
1652 3760 1718 3797 ex
1749 3743 1867 3811 ejus

281 3841 670 3897 consuetudine
710 3839 998 3892 maximum
1029 3837 1254 3891 fructum
1284 3835 1497 3903 accipit,
1524 3843 1723 3904 quanto
1748 3848 1864 3886 ma-

280 3935 358 4004 gis
399 3937 490 4004 qui
536 3948 659 3986 cum
692 3930 803 3986 Deo
846 3939 1152 3999 perpetuam
1200 3927 1360 3981 habet
1384 3924 1866 3982 consuetudinem?

282 4025 382 4081 Sed
416 4041 524 4078 non
559 4023 723 4093 probe
751 4020 947 4074 scimus
964 4020 1228 4089 quodnam
1261 4019 1327 4070 sit
1354 4018 1554 4070 lucrum
1587 4015 1862 4083 orationis,

282 4120 398 4186 quia
432 4132 535 4169 nec
565 4116 613 4167 ei
640 4112 880 4167 studiose
931 4111 1163 4163 animum
1192 4108 1526 4171 adhibemus,
1558 4118 1656 4160 nec
1684 4121 1746 4160 ea
1798 4119 1864 4160 ex

285 4208 372 4261 Dei
401 4205 610 4276 legibus
640 4204 859 4257 utintttr.
887 4200 991 4255 Sed
1018 4201 1260 4253 homines
1281 4198 1491 4267 quidem
1522 4198 1728 4268 aliquos
1744 4198 1867 4251 allo-

283 4298 518 4368 qunturi,
559 4294 648 4365 qui
678 4303 803 4347 sunt
836 4292 986 4346 nobis
1011 4291 1344 4359 superiores,
1374 4288 1459 4342 ubi
1495 4289 1749 4352 babittun,
1784 4289 1866 4342 in-

282 4404 513 4449 cessum,
567 4386 821 4441 amictum
847 4426 861 4448 ,
911 4393 965 4438 et
992 4386 1166 4436 omnia
1195 4381 1671 4449 composuerimus,
1710 4381 1779 4434 ita
1812 4389 1870 4434 ut

284 4492 495 4551 oportet
545 4480 901 4547 alloquimur:
929 4477 992 4531 ad
1027 4477 1195 4531 Deum
1226 4486 1400 4529 autem
1448 4475 1763 4530 accedentes
1787 4474 1866 4529 hi-

288 4576 503 4638 st-imus,
528 4586 627 4625 nos
670 4573 955 4641 scalpimus
989 4574 1150 4636 atque
1175 4568 1277 4623 huc
1304 4576 1359 4623 et
1397 4568 1521 4623 illuc
1549 4585 1825 4624 versamus
1852 4611 1867 4636 ,

286 4666 618 4736 negligentes
648 4679 712 4717 ac
742 4662 992 4717 socordes
1019 4674 1202 4715 sumus
1228 4676 1242 4726 ;
1274 4659 1416 4713 humi
1438 4659 1662 4730 genibus
1692 4658 1866 4725 flexis,

287 4770 378 4824 per
425 4755 606 4809 forum
649 4754 980 4807 oberramns.
1030 4750 1180 4819 Quod
1237 4750 1280 4805 si
1308 4764 1428 4804 cum
1454 4764 1515 4803 ea
1539 4762 1641 4819 qua
1671 4764 1763 4819 par
1790 4758 1872 4804 est

286 4847 609 4912 reverentia,
645 4857 695 4900 et
720 4856 984 4914 tamquam
1013 4859 1132 4898 eum
1166 4844 1272 4898 Deo
1306 4843 1570 4911 loquuturi
1603 4843 1876 4897 accedere-

287 4956 420 5005 mus,
473 4948 603 4993 tunc
655 4937 917 4991 sciremus
963 4938 1120 4990 etiam
1174 4944 1456 5003 antequam
1508 4933 1871 5003 acceperimus

286 5047 399 5100 quae
429 5030 688 5100 petimus,
735 5037 990 5097 quantum
1036 5027 1165 5082 lucri
1225 5026 1498 5082 faciamus.
1530 5026 1699 5081 llomo
1730 5026 1870 5079 enim

286 5122 371 5189 qui
402 5136 527 5176 eum
578 5121 693 5174 Deo
730 5119 869 5189 loqui
901 5116 1124 5183 didicit,
1178 5128 1230 5172 ut
1257 5118 1410 5172 decet
1434 5132 1577 5177 eum.
1623 5117 1713 5186 qui
1748 5128 1870 5170 cum

290 5210 393 5265 Deo
423 5212 697 5281 loquitur,
750 5209 855 5261 erit
901 5208 1150 5279 deinceps
1200 5208 1422 5277 angelus
1453 5224 1464 5257 :
1498 5207 1568 5259 ita
1618 5206 1873 5260 liberatur

286 5303 457 5363 anima
488 5317 516 5354 a
545 5296 782 5354 vinculis
814 5298 1073 5366 corporis,
1115 5294 1256 5352 ita‘ei
1289 5298 1424 5353 ratio
1452 5297 1501 5351 itt
1528 5296 1691 5355 altum
1726 5296 1870 5359 tolli-

285 5403 371 5448 tur
390 5437 406 5459 ,
455 5394 529 5448 ita
556 5408 588 5447 e
620 5391 781 5447 terris
806 5390 1005 5457 migrat.
1029 5392 1079 5442 iu
1109 5389 1320 5452 caelum,
1352 5389 1424 5443 ita
1449 5406 1568 5457 tutae
1597 5390 1667 5443 ad
1709 5391 1870 5444 vitam

286 5482 415 5541 hanc
438 5484 753 5556 pertinent,
781 5479 1024 5547 deSpicit,
1077 5481 1145 5533 ita
1190 5479 1328 5551 apud
1369 5479 1539 5549 ipsum
1564 5480 1754 5535 solium
1787 5497 1873 5543 rc—

280 5582 418 5648 ;ium
466 5576 703 5636 sistitur,
728 5571 941 5626 etiamsi
970 5571 1038 5625 sit
1065 5586 1295 5647 pauper,
1331 5573 1375 5627 si
1407 5571 1655 5637 famulus,
1686 5574 1730 5628 si
1768 5574 1874 5643 prir-

336 5759 354 5788 ι
388 5754 448 5807 ιη
462 5755 683 5809 Comen,
708 5751 894 5802 desunt
917 5750 992 5801 lue
1016 5763 1178 5812 voces,
1199 5750 1250 5802 in
1270 5750 1571 5803 continetut'a.

1951 454 2103 502 vatus
2151 448 2196 502 si
2221 448 2483 505 indoctus.
2530 448 2640 505 Non
2673 451 2862 521 quatrit
2889 452 3032 507 enim
3055 451 3402 527 Deusliagum
3417 458 3534 514 ele-

1947 548 2204 607 gantiam,
2236 554 2335 595 nec
2381 540 2668 596 verborum
2709 544 3152 613 compositionem
3180 586 3195 610 ,
3224 545 3317 601 sed
3344 546 3536 604 animm

1951 628 2417 699 pulchritudinem,
2452 640 2506 687 et
2532 634 2576 687 si
2628 632 2714 687 illa
2740 650 2803 689 ea
2826 651 2944 705 qua:
2972 635 3069 705 ipsi
3103 635 3313 705 placent
3352 637 3538 709 loquao

1953 729 2060 787 tur,
2094 731 2201 775 tota
2246 738 2305 776 re
2345 723 2534 779 eil'ecta
2562 725 2780 780 recedit.
2840 725 3002 782 Vides
3031 738 3224 797 quanta
3264 728 3540 785 facilitas?

1958 810 2012 867 In
2037 812 2337 868 hominibus
2358 823 2570 884 Oportet
2596 832 2740 884 eum,
2774 818 2861 888 qui
2893 820 3120 889 aliquem
3148 821 3277 887 adit,
3307 837 3426 877 esse
3454 824 3537 877 di—

1952 906 2110 961 cendi
2134 906 2381 964 facultate
2408 910 2710 980 prmditum,
2740 923 2791 967 et
2819 929 2974 984 posse
2996 916 3264 971 blanditiis
3291 918 3389 972 sibi
3411 934 3539 973 cou-

1952 995 2137 1051 ciliare
2163 1012 2350 1053 omnes
2378 1001 2609 1055 asseclas
2638 1002 2915 1072 principis,
2938 1013 2994 1058 et
3041 1007 3205 1060 multa
3231 1007 3333 1060 alia
3375 1024 3537 1062 exco-

1956 1087 2126 1155 gitare
2148 1129 2163 1152 ,
2192 1098 2246 1141 ut
2272 1098 2455 1159 gratus
2485 1106 2602 1145 esse
2651 1095 2834 1160 possit.
2869 1094 2966 1151 llic
3015 1106 3189 1151 autem
3232 1098 3378 1152 nullo
3409 1100 3535 1164 alio,

1954 1188 2307 1248 prmterquam
2333 1182 2444 1234 sola
2475 1181 2707 1252 vigilanti
2738 1197 2915 1239 mente
2941 1203 3073 1256 opus
3102 1198 3201 1249 est,
3227 1199 3279 1242 et
3301 1190 3431 1243 nihil
3459 1199 3539 1244 est

1954 1268 2095 1337 quod
2128 1270 2404 1337 prohibeat
2433 1274 2720 1341 quominus
2752 1292 2917 1345 prope
2974 1277 3137 1332 Deum
3166 1281 3350 1333 simus.
3408 1280 3542 1335 Deus

1955 1362 2085 1414 enim
2133 1364 2547 1433 appmpiuqauns
2602 1382 2692 1433 ego
2741 1383 2889 1431 sum,
2936 1378 2983 1421 et
3038 1386 3137 1421 non
3195 1366 3330 1424 Deus
3367 1371 3541 1440 procul

1957 1452 2088 1522 (Jer.
2127 1452 2216 1508 25.
2240 1453 2353 1527 ‘23).
2381 1455 2455 1510 ita
2489 1466 2543 1511 ut
2563 1458 2704 1528 quod
2731 1459 2885 1530 longe
2920 1461 3074 1522 absit,
3105 1462 3155 1515 id
3180 1478 3209 1514 a
3233 1463 3386 1517 nobis
3414 1480 3537 1531 pro-

1955 1542 2223 1597 ﬁciscatur
2255 1563 2268 1598 :
2302 1547 2417 1615 ipse
2441 1548 2581 1603 enim
2612 1564 2823 1619 semper
2850 1566 3014 1621 prolie
3039 1561 3139 1606 est.
3172 1552 3236 1605 Et
3263 1553 3387 1623 quid
3411 1553 3531 1607 dico

1957 1650 2053 1688 nos
2080 1651 2184 1690 non
2215 1651 2348 1706 opus
2376 1638 2570 1694 habere
2601 1638 2809 1694 dicendi
2855 1642 3145 1696 facultate?
3192 1642 3562 1712 Saepenumer

1958 1743 2018 1781 ro
2049 1744 2119 1783 ne
2145 1744 2273 1783 voce
2301 1731 2513 1798 quidem
2541 1747 2673 1801 Oplls
2697 1732 2975 1786 habenms.
3010 1734 3142 1789 Nam
3175 1736 3218 1789 si
3243 1738 3322 1790 vel
3352 1738 3401 1790 in
3425 1751 3547 1791 (or-

1959 1816 2025 1871 de
2050 1819 2299 1888 loquutus
2343 1820 2527 1886 fueris,
2563 1831 2757 1877 etcum
2802 1833 2859 1878 ut
2888 1835 3098 1894 oportet
3138 1828 3428 1895 vocaveris,
3464 1829 3570 1884 velt

1961 1915 2086 1961 tunc
2108 1925 2319 1979 quoque
2363 1912 2515 1964 facile
2548 1922 2765 1967 aitnuet.
2797 1913 2868 1966 lta
2895 1924 2948 1968 et
2974 1915 3173 1971 Mosem
3216 1916 3417 1971 audivit
3443 1936 3454 1972 :
3476 1919 3544 1974 ita

1960 1997 2119 2052 etiam
2146 2001 2351 2072 Annam
2384 2000 2578 2071 (Exod.
2613 2003 2700 2057 14.
2731 2004 2844 2074 15).
2876 2003 2991 2058 Non
3018 2006 3220 2060 assistit
3266 2007 3428 2063 miles
3456 2010 3545 2078 qui

1960 2093 2209 2158 expellat,
2239 2108 2344 2147 non
2375 2095 2591 2149 satelles
2617 2096 2705 2165 qui
2753 2098 3201 2166 opportunitatem
3232 2099 3411 2162 tollat;
3442 2116 3547 2154 non

1961 2191 2044 2237 est
2073 2184 2159 2254 qui
2190 2184 2332 2239 dicat
2365 2202 2378 2238 :
2407 2185 2521 2241 Non
2564 2195 2646 2241 est
2678 2203 2821 2241 nunc
2861 2199 3067 2257 tempus
3090 2189 3395 2253 accedendi,
3430 2194 3547 2246 veni

1961 2286 2144 2343 postea
2169 2273 2244 2344 (1.
2269 2276 2395 2346 Reg.
2432 2278 2480 2329 1.
2510 2277 2632 2345 15);
2662 2277 2756 2331 sed
2796 2262 3006 2351 quando
3037 2282 3245 2336 veneris
3269 2322 3287 2346 ,
3308 2292 3413 2335 stat
3449 2299 3547 2336 att-

1962 2363 2116 2419 diens
2144 2407 2157 2428 ,
2200 2366 2406 2421 etiamsi
2446 2377 2685 2436 tempore
2739 2370 2982 2438 prandii,
3030 2372 3236 2425 etiamsi
3306 2383 3545 2442 tempore

1964 2469 2155 2539 ciente,
2194 2457 2401 2511 etiamsi
2426 2468 2581 2533 nocte
2614 2458 2949 2528 intempesta.
2987 2462 3037 2515 in
3076 2461 3223 2525 foro,
3270 2463 3320 2516 in
3347 2466 3463 2529 via,
3496 2464 3547 2519 in

1963 2545 2146 2612 cubili,
2196 2547 2405 2603 etiamsi
2464 2548 2606 2603 intus
2656 2550 2707 2602 in
2751 2550 2954 2619 judicio
3014 2566 3192 2605 eorum
3244 2555 3548 2626 magistratu

1966 2634 2150 2700 lueris,
2180 2646 2232 2692 et
2258 2652 2379 2692 eum
2424 2640 2725 2695 vocaveris.
2759 2640 2893 2695 nihil
2926 2651 3069 2695 vetat
3093 2644 3375 2711 quominus
3407 2654 3550 2699 tuam

1965 2726 2275 2796 petitionem
2326 2727 2544 2794 audiat,
2574 2729 2617 2783 si
2642 2731 2739 2784 rite
2776 2733 3069 2786 vocaveris.
3118 2732 3232 2791 Non
3270 2744 3421 2807 potes
3461 2736 3545 2791 di-

1966 2831 2088 2870 cere
2115 2834 2127 2870 :
2162 2815 2366 2871 Vereor
2390 2820 2641 2874 accedere
2663 2828 2717 2874 et
2737 2826 2911 2887 orare,
2927 2821 3078 2875 adest
3109 2823 3549 2888 inimicusmeus;

1964 2914 2021 2959 at
2071 2905 2172 2960 hoc
2201 2908 2356 2960 etiam
2411 2906 2845 2975 impedimentum
2898 2910 3130 2964 ablatum
3188 2921 3315 2968 est:
3378 2929 3551 2982 neque

1968 2997 2111 3049 enim
2143 2997 2415 3052 inimicum
2450 3007 2595 3053 tuttm
2634 3000 2877 3066 attendit,
2907 3017 3007 3056 nec
3040 3012 3178 3056 tuam
3212 3003 3550 3075 interrumpit

1971 3088 2278 3157 petitionem
2310 3108 2321 3142 :
2352 3090 2444 3142 sed
2469 3107 2679 3159 semper
2693 3101 2747 3146 et
2773 3091 2985 3146 assidue
3014 3108 3134 3147 eum
3161 3105 3311 3163 potes
3336 3097 3550 3166 alloqui,
3598 3086 3607 3089 ’

1969 3186 2025 3232 et
2048 3178 2192 3232 nulla
2222 3179 2372 3233 adest
2400 3179 2685 3234 difficultas
2719 3199 2730 3235 :
2765 3197 2937 3251 neque
2984 3184 3125 3236 enim
3163 3199 3297 3252 Opus
3333 3195 3414 3239 est
3454 3202 3550 3257 ge-

1974 3269 2240 3322 nitoribus
2295 3269 2382 3338 qui
2435 3279 2486 3324 te
2517 3270 2856 3326 introducunt
2876 3313 2891 3338 ,
2920 3267 3045 3326 'non
3074 3273 3548 3343 dispensatoribus,

1973 3361 2439 3430 procuratoribus,
2468 3362 2795 3426 custodibus,
2829 3372 2917 3416 aut
2967 3364 3152 3419 amicis
3179 3381 3193 3429 ;
3223 3362 3313 3419 sed
3337 3367 3548 3436 quando

1973 3451 2087 3523 ipse
2108 3468 2202 3521 per
2229 3460 2278 3505 te
2308 3451 2479 3522 ipsum
2504 3454 2812 3518 accesseris,
2861 3439 2999 3509 tunc
3021 3457 3248 3512 maxime
3280 3466 3330 3510 te
3355 3457 3552 3524 audiet,

1974 3554 2102 3599 tunc
2121 3544 2333 3614 quando
2365 3547 2630 3601 neminem
2674 3530 2985 3615 rogaret-iss

2044 3635 2096 3690 5.
2120 3635 2236 3689 Non
2267 3636 2337 3692 ita
2365 3652 2492 3705 ergo
2522 3616 2646 3691 eum
2685 3653 2777 3707 per
2802 3639 2937 3693 alios
2985 3622 3256 3707 placamus
3299 3651 3553 3709 orantes,

1973 3724 2111 3779 sicut
2133 3740 2227 3794 per
2255 3728 2522 3795 nosipsos.
2554 3726 2685 3781 Cum
2729 3713 2869 3780 enim
2902 3740 3134 3783 nostram
3176 3739 3390 3801 expetat
3414 3733 3551 3785 ami-

1972 3813 2149 3868 citiam
2179 3856 2193 3880 ,
2225 3816 2401 3869 omnia
2457 3817 2616 3869 etiam
2665 3814 2825 3883 facit,
2860 3826 2916 3870 ut
2940 3814 3055 3872 'nos
3080 3819 3127 3872 ei
3175 3820 3505 3875 confidamus
3535 3840 3546 3874 :

1973 3903 2186 3973 quando
2214 3904 2400 3960 viderit
2429 3916 2524 3958 nos
2546 3904 2646 3959 boc
2677 3920 2773 3974 per
2799 3916 2895 3960 nos
2929 3908 3067 3975 ipsos
3107 3906 3399 3974 facientes,
3432 3920 3554 3966 tunc

1976 3996 2205 4051 maxime
2226 3999 2429 4050 annuit.
2459 3995 2532 4050 ita
2556 3998 2715 4051 etiam
2749 3997 2874 4052 fecit
2903 3999 2955 4050 in
2985 3999 3282 4054 Chananata
3305 4019 3318 4055 :
3343 4012 3396 4055 et
3427 4018 3546 4059 cum

1976 4084 2165 4139 Petrus
2210 4085 2423 4154 quidem
2456 4098 2506 4139 et
2555 4085 2784 4140 J‘acobus
2832 4087 3149 4142 accederent
3177 4104 3271 4157 pro
3303 4089 3389 4144 illa
3426 4090 3502 4163 (η)
3536 4135 3552 4156 ,

1975 4192 2082 4230 non
2108 4176 2293 4230 annuit
2322 4192 2334 4226 :
2364 4193 2483 4229 cum
2523 4192 2585 4229 ea
2630 4187 2803 4229 autem
2840 4189 3170 4245 permaneret
3196 4221 3210 4243 ,
3244 4180 3380 4248 qttod
3415 4192 3558 4250 pete-

1976 4267 2134 4324 batur
2165 4269 2404 4338 protinus
2434 4268 2578 4323 dedit
2614 4268 2822 4338 (tlfattlt.
2853 4270 2936 4324 15.
2991 4268 3244 4340 22.εᾳᾳ.).
3274 4270 3382 4326 Etsi
3416 4272 3555 4327 enim

1975 4363 2120 4416 visus
2148 4372 2229 4416 est
2264 4374 2446 4430 parum
2478 4360 2711 4423 differre,
2737 4378 2839 4414 non
2863 4363 2961 4415 hoc
2985 4360 3109 4416 fecit
3137 4373 3191 4417 ut
3219 4378 3363 4417 mora
3396 4364 3554 4419 amir-

1976 4463 2125 4507 retur
2142 4452 2484 4514 mulierculae.
2506 4452 2599 4505 sed
2629 4460 2684 4506 ut
2709 4464 2824 4507 eam
2850 4456 3014 4522 magis
3042 4442 3343 4522 coronaret,
3372 4465 3421 4510 et
3445 4454 3560 4524 ejus

1977 4542 2343 4597 assiduitatem
2376 4544 2540 4610 magis
2562 4543 2659 4597 sibi
2691 4544 2999 4597 familiarem
3030 4545 3298 4601 redderet.
3332 4546 3556 4603 Medite-

1979 4646 2098 4687 mur
2123 4649 2251 4704 ergo
2276 4648 2385 4699 nos
2410 4648 2618 4703 quoque
2660 4636 2822 4688 Deum
2872 4636 3135 4704 supplices
3165 4635 3236 4709 (b)
3267 4637 3451 4692 adire:
3478 4639 3558 4692 dio
3622 4675 3633 4683 .

1979 4736 2189 4780 scamus
2218 4722 2484 4796 quomodo
2513 4741 2571 4780 ea
2601 4724 2669 4778 sit
2700 4724 2935 4779 facienda
2967 4726 3302 4795 supplicatio.
3339 4726 3451 4782 Non
3477 4737 3558 4783 est

1980 4817 2211 4872 eundum
2241 4816 2293 4870 in
2326 4831 2564 4871 musenm
2589 4812 2685 4889 (c),
2719 4830 2828 4870 non
2848 4808 2971 4871 sunt
2992 4819 3367 4887 conmmendat
3392 4835 3553 4888 pecu.

2041 4954 2114 5015 (α)
2138 4953 2220 5019 uie
2239 4953 2470 5019 metuaris
2493 4951 2656 5019 lapsup
2679 4951 2868 5019 videtur
2889 4952 3264 5019 chryststomus.
3283 4953 3340 5019 in
3360 4954 3562 5007 historia

1978 5004 2170 5080 quippe
2186 5004 2685 5067 devehanana‘a'ttulla
2710 5004 2893 5080 mentio
2917 5004 3039 5062 Petri
3065 5016 3116 5062 et
3138 5004 3315 5062 JaCObi.

2051 5031 2096 5061 l')
2131 5031 2161 5063 θ
2186 5031 2248 5063 OB
2270 5031 2533 5067 (manatura
2558 5031 2685 5061 111111³
2711 5031 2838 5061 1118111
2849 5031 2893 5061 10
2917 5031 3039 5062 ΙύιῐΊ
3065 5031 3116 5062 (ξι
3138 5031 3315 5062 ,κιοουμ

2045 5031 2128 5140 (iii)
2152 5077 2205 5126 In
2224 5084 2631 5140 mum-mauu
2772 5081 2841 5123 De
2865 5075 2955 5123 hac
2990 5084 3109 5125 voce
3131 5080 3560 5137 GWJ-améutv,

1980 5140 2243 5201 sequentia
2276 5139 2489 5201 aetatula
2525 5139 3063 5201 summumsummum
3102 5144 3196 5201 est,
3217 5144 3564 5201 qccusattoueut

1981 5171 2243 5201 οιηυυφ.-
2276 5171 2489 5195 ..σαψ-..ν
2525 5171 3063 5200 ..υ-εφηπνυμιιυηοηνν
3102 5171 3177 5191 νυ.
3217 5171 3559 5193 "Vanam..."

1981 5208 2146 5250 contra
2169 5198 2377 5269 aliquem
2400 5196 2816 5269 offerrenpriucipt:
2833 5206 2909 5269 let,
2935 5196 3108 5269 ινςδχὲαε
3130 5171 3317 5269 ligentes
3333 5198 3559 5269 supplex,

1981 5210 2146 5250 contra
2169 5210 2377 5257 attquem
2400 5210 2577 5262 onerre
2627 5211 2816 5252 noenu.
2840 5210 2909 5256 et,
2935 5210 3076 5261 tmlaa
3092 5233 3106 5255 ,
3130 5210 3317 5246 uacuus
3333 5210 3559 5260 supptex,

1981 5270 2064 5312 aut
2086 5259 2329 5310 accusatio
2343 5268 2518 5310 contra
2533 5210 2745 5321 uigilem
2765 5259 2941 5310 oblata.
2959 5266 3055 5317 (tua
3078 5260 3145 5308 de
3157 5271 3215 5307 re
3238 5259 3349 5308 vite
3372 5262 3423 5311 in
3442 5269 3564 5309 Ono-

1980 5324 2183 5374 mastica
2202 5332 2365 5386 potum
2388 5322 2453 5370 ad
2469 5330 2625 5383 Opera
2659 5322 2901 5373 Athanasii
2942 5321 3015 5386 ad,
3044 5333 3209 5378 voces,
3235 5333 3471 5386 3W
3495 5330 3567 5382 et.

2165 5380 2723 5456 ttic‘autemhtv'gmsmg,
2751 5390 2827 5456 e_st
2858 5380 3149 5456 supplicare,
3171 5392 3238 5456 et,
3267 5380 3431 5456 tri-71m,
3451 5380 3564 5456 sup;

1980 5443 2266 5514 plicatiohut
2284 5458 2346 5493 ex
2370 5446 2504 5514 serie
2542 5443 2723 5514 liquet.
2760 5443 3022 5514 Gentiauus
3052 5443 3564 5514 Heryetusjerterat,

1979 5505 2309 5571 interpellare,
2329 5505 2735 5567 etiyerpeuatio,
2759 5505 2919 5571 minus
2939 5506 3208 5565 commode,
3229 5508 3278 5556 ni
3296 5505 3450 5556 fallor.

2047 5565 2118 5632 (ες
2138 5568 2195 5632 in
2220 5567 2404 5632 Graeco,
2434 5565 2611 5629 μωὲιεν.
2639 5573 2779 5632 Porro
2804 5565 2925 5613 hanc
2943 5578 3114 5616 vocem
3135 5575 3342 5632 (meeum
3365 5565 3569 5632 Savilius

1980 5603 2778 5690 ιιίιῚ-ἷιιέᾉειπᾶἷιίωτῗὲὴιρἷτηῆ
2804 5603 3114 5689 Ἔῖιὲαὶὶὲἶνῆῖ
3135 5603 3342 5678 suis:
3355 5603 3572 5690 ιῖἶόῖὸὲὂ

1981 5688 2411 5757 ριααϋδξάεαρζηαιρ
2426 5688 2931 5757 accipieiulutnﬁerte
2948 5697 3063 5757 puto
3078 5708 3243 5757 My
3256 5688 3384 5753 apud
3404 5690 3573 5739 Patres

1982 5753 2129 5821 longe
2150 5751 2453 5814 frequentius
2475 5748 2562 5813 pro
2598 5748 2711 5799 ludo
2732 5748 3135 5816 literario'accipi.
