4032 6284
507 420 576 475 43
1237 411 1295 468 S.
1333 409 1609 468 JOANNIS
1643 407 2114 466 CHRYSOSTOMI
2155 407 2470 465 ARCIIIEP.
2511 404 3039 466 CONSTANTI‘NOP.
3715 413 3777 468 ιθ

504 532 627 596 nim,
679 543 779 585 nec
799 534 924 584 sunt
947 521 1278 582 conducendi
1303 521 1596 594 paedagogi,
1620 521 1882 587 rhetores,
1908 530 1960 576 ct
1989 537 2077 576 so-

504 622 726 692 phistae;
748 634 921 691 neque
946 617 1170 673 multum
1199 614 1453 684 temporis
1492 613 1908 668 consumendum
1963 623 2044 668 est
2067 655 2083 680 ,

504 721 561 769 ut
588 714 725 767 hanc
751 709 960 766 dicendi
990 717 1161 764 artem
1214 707 1425 770 diseas;
1479 704 1571 759 sed
1626 704 1800 758 solum
1855 703 2086 758 voluisse

502 804 734 872 sufficit,
779 812 834 860 et
881 819 970 858 ars
1014 800 1244 870 perfecta
1277 799 1462 854 evasit.
1521 797 1632 853 Nec
1685 813 1782 868 pro
1811 807 1862 851 te
1911 796 2084 850 solum

504 896 706 967 poteris
759 895 940 950 dicere
970 893 1024 947 in
1047 907 1112 948 eo
1173 890 1392 960 judicio,
1425 887 1518 943 sed
1569 889 1726 943 etiam
1757 900 1853 957 pro
1904 886 2086 941 multis

503 986 642 1041 aliis.
695 985 762 1039 Et
815 985 1058 1055 quisnam
1089 990 1172 1037 est
1195 994 1418 1050 scapus,
1451 977 1592 1048 quod
1616 978 1913 1032 institutum
1956 977 2087 1032 artis

503 1077 659 1147 hujus
683 1074 993 1146 iudicialis?
1015 1072 1201 1128 Modus
1227 1069 1566 1140 precationis.

575 1166 830 1222 Precandi
852 1166 1066 1229 modus;
1091 1162 1317 1218 dilatatio
1338 1161 1458 1232 quid
1483 1161 1567 1215 sit.
1585 1189 1656 1199 ——
1672 1159 1856 1215 Sobria
1885 1168 2086 1224 mente,

499 1261 684 1316 animo
717 1258 968 1323 contrito,
1008 1271 1135 1311 'cum
1170 1253 1403 1309 fontibus
1443 1253 1796 1322 lacrymarum
1844 1250 1911 1304 ad
1964 1264 2085 1304 eum

501 1351 777 1418 accedere,
817 1349 948 1405 nihil
992 1346 1135 1418 quod
1176 1344 1242 1400 ad
1278 1344 1415 1398 hanc
1445 1343 1602 1398 vitam
1634 1341 1899 1410 pertineat
1929 1348 2090 1408 pete-

501 1460 560 1500 re
588 1484 604 1510 ,
651 1444 823 1496 futura
876 1439 1274 1508 concupiscere,
1332 1448 1428 1504 pro
1475 1431 1837 1502 spiritualibus
1889 1430 2088 1499 suppli-

499 1551 644 1602 care,
685 1533 913 1589 inimicis
941 1546 1046 1585 non
1074 1529 1212 1584 male
1258 1525 1484 1596 precari,
1515 1531 1786 1592 acceptam
1841 1521 2087 1591 injuriam

499 1627 755 1684 memoria
783 1639 889 1680 non
919 1632 1122 1687 tenere,
1150 1631 1338 1673 omnes
1359 1614 1790 1686 perturbationes
1814 1627 1880 1666 ex
1905 1611 2086 1665 animo

481 1708 772 1787 expellere
795 1756 810 1780 ,
832 1718 1201 1768 conterentem
1231 1722 1325 1761 eor
1345 1706 1414 1759 ita
1443 1704 1612 1768 adire,
1635 1702 1814 1756 animo
1840 1700 1958 1771 dep:
1974 1700 2083 1764 imi,

499 1806 962 1864 mansuetudinem
1013 1814 1260 1870 magnam
1308 1810 1588 1857 exercere;
1643 1802 1698 1848 et
1745 1794 1976 1863 linguam
2017 1791 2084 1846 ad

501 1902 637 1957 bene
674 1895 993 1968 loquendum
1035 1899 1370 1954 convertere,
1424 1893 1474 1942 in
1521 1887 1666 1940 nullo
1714 1900 1876 1955 pravo
1927 1899 2090 1954 opere

500 1993 725 2061 versari,
749 1991 881 2046 nihil
926 1989 1125 2044 habere
1156 1998 1441 2040 commune
1485 1996 1604 2035 cum
1649 1977 1917 2034 communi
1947 1977 2090 2032 orbis

500 2095 759 2142 terrarum
792 2084 966 2147 hoste,
996 2096 1115 2135 cum
1159 2076 1397 2140 diabolo,
1432 2075 1670 2142 inquam.
1715 2071 1767 2125 lu
1797 2086 1920 2126 eum
1946 2070 2088 2125 enim

498 2178 585 2248 qui
623 2192 718 2247 pro
743 2175 864 2230 aliis
885 2189 1005 2228 cum
1034 2185 1160 2240 rege
1185 2167 1436 2238 loquitur,
1468 2174 1522 2220 et
1549 2180 1669 2219 cum
1701 2162 1816 2233 ejus
1861 2162 2088 2216 inimicis

498 2266 876 2328 communicat,
898 2272 1136 2318 externa:
1160 2260 1320 2314 etiam
1359 2257 1504 2326 leges
1528 2253 1977 2308 animadvertunt.
2011 2251 2082 2304 Et

500 2370 553 2414 tu
572 2372 700 2428 ergo
726 2357 770 2409 si
793 2356 873 2409 vis
899 2363 953 2408 et
979 2366 1078 2423 pro
1109 2361 1158 2405 te
1185 2357 1240 2403 et
1268 2363 1365 2417 pro
1394 2347 1508 2399 aliis
1552 2344 1755 2408 dicere,
1789 2343 1868 2395 fac
1894 2350 1952 2395 ut
1982 2341 2082 2394 hac

499 2454 550 2506 in
581 2466 638 2505 re
666 2447 897 2502 maxime
929 2455 987 2500 te
1023 2452 1167 2498 recte
1204 2454 1380 2510 geras,
1412 2445 1473 2491 ut
1517 2435 1651 2490 nihil
1685 2448 1967 2488 commune
1995 2431 2090 2485 ha-

499 2545 622 2600 beas
645 2557 766 2597 cum
789 2535 1056 2595 communi
1077 2535 1226 2588 hoste
1248 2531 1392 2586 orbis
1411 2537 1689 2586 terrarum.
1719 2527 1790 2580 Ita
1814 2526 1953 2579 enim
1977 2524 2084 2587 ﬂet,

497 2632 828 2701 utsisjustus
847 2645 862 2683 :
881 2637 1068 2683 etcum
1093 2622 1459 2692 fuerisjustus,
1479 2617 1729 2679 audieris,
1749 2626 1804 2669 ut
1821 2617 1906 2685 qui
1929 2617 2085 2669 talem

497 2724 693 2781 habeas
706 2716 1040 2791 patronam.)
1047 2714 1402 2769 ntribulatione
1413 2710 1637 2764 dilatasti
1649 2708 1791 2760 mihi.
1809 2706 1921 2760 Non
1933 2706 2015 2760 dis
2027 2705 2058 2758 it
2070 2746 2084 2770 ,

497 2814 774 2872 Adduxisti
819 2809 1152 2871 afﬂictiones,
1194 2819 1396 2874 neque,
1432 2799 1688 2856 sustulisti
1734 2798 2084 2859 tentationes,

493 2907 614 2974 sed,
632 2907 786 2961 Stare
807 2899 1114 2972 permisisti,
1133 2907 1186 2950 et
1203 2894 1440 2948 Dilatasti
1463 2893 1603 2945 mihi.
1623 2891 1829 2956 Quanta
1858 2889 1926 2943 sit
1941 2888 2083 2941 enim

495 3009 549 3055 et
564 3012 722 3070 quam
750 2995 996 3065 expedita
1020 2991 1112 3046 Dei
1130 2989 1364 3050 solertia,
1383 2987 1503 3038 hinc
1519 2984 1748 3038 maxime
1760 2981 2083 3046 ostenditur,

497 3105 602 3145 non
633 3088 805 3142 solum
836 3083 978 3155 quod
1021 3081 1235 3136 inducat
1263 3076 1595 3138 afﬂictiones,
1626 3073 1718 3128 sed
1745 3073 1903 3126 etiam
1941 3072 2081 3140 quod

498 3188 775 3236 manentes
803 3177 921 3231 illas
948 3171 1250 3228 tolerabiles
1275 3167 1479 3223 reddat.
1515 3165 1625 3220 lloc
1650 3174 1701 3218 et
1734 3165 1827 3218 Dei
1853 3163 2082 3218 ostendit

497 3273 806 3346 potentiam,
837 3276 891 3323 et
915 3267 1004 3338 qui
1037 3267 1091 3319 in
1122 3279 1213 3318 eas
1239 3261 1496 3320 incidunt,
1519 3256 1866 3327 sapientiores
1888 3255 2080 3324 reddit,

495 3363 708 3436 quando
735 3371 789 3417 et
814 3358 1051 3414 dilatatio
1079 3356 1229 3409 adest
1255 3367 1373 3422 qua:
1395 3349 1642 3404 afﬂictam
1683 3347 1914 3400 animam
1942 3361 2074 3401 con-

493 3459 716 3519 soletur,
753 3461 808 3510 et
845 3450 1063 3506 afﬂictio
1090 3462 1196 3501 non
1239 3444 1465 3501 tollitur.
1494 3457 1613 3512 quae
1641 3445 1698 3494 et
1725 3440 2079 3508 negligentem

492 3547 805 3613 adstringat,
837 3550 892 3598 et
918 3541 984 3596 ab
1011 3538 1156 3594 omni
1204 3533 1429 3604 segnitie
1468 3531 1675 3585 liberet.
1709 3529 1779 3582 Et
1809 3528 2076 3597 quomodo

494 3641 546 3695 in
591 3635 899 3701 afflictione,
938 3630 1147 3701 inquies
1173 3669 1188 3692 ,
1234 3624 1390 3680 fuerit
1418 3620 1688 3676 dilatatio?
1731 3618 1798 3674 Ut
1843 3619 1892 3672 in
1923 3617 2079 3672 triuzn

495 3745 784 3805 puerorum
823 3727 1038 3782 fornace
1074 3719 1236 3792 (Dan.
1263 3719 1316 3773 3.
1360 3715 1454 3784 24)
1480 3755 1494 3776 ,
1530 3724 1592 3805 ut
1629 3711 1679 3764 in
1711 3711 1826 3764 lacu
1869 3711 2079 3764 leonum

495 3804 662 3899 (Dan.
688 3822 740 3878 6.
769 3821 898 3890 22).
941 3816 1056 3871 Non
1103 3806 1526 3869 enim'exstinxit
1571 3804 1859 3868 ﬂammam,
1882 3810 1936 3857 et
1957 3811 2080 3858 tunc

496 3894 621 3972 fecit
641 3923 701 3969 ut
727 3911 827 3982 ipsi
855 3914 1038 3964 essent
1063 3905 1116 3959 in
1141 3903 1306 3958 libero
1333 3907 1512 3962 statu;
1547 3911 1719 3965 neque
1750 3894 1942 3948 occidit
1969 3894 2078 3947 leo-

496 4021 614 4071 nes,
638 4012 692 4060 et
720 4011 847 4070 tunc
869 4009 1117 4055 securum
1147 3990 1417 4046 Danielem
1446 3986 1676 4042 reddidit
1710 4002 1722 4037 :
1770 3984 1863 4038 sed
1889 3995 1943 4038 et
1968 3984 2077 4039 illic

494 4097 712 4152 fornace
735 4091 1080 4148 vehementer
1108 4081 1348 4145 ardente,
1378 4087 1434 4134 et
1458 4077 1545 4131 hic
1567 4076 1691 4131 feris
1718 4075 2077 4142 manentibus,

489 4185 621 4257 justi
642 4185 694 4238 in
724 4195 909 4252 magna
941 4178 1184 4233 libertate
1226 4177 1554 4227 manserunt.
1585 4168 1769 4222 Potest
1791 4166 1952 4221 etiam
1977 4167 2078 4219 ali-

499 4289 581 4333 ter
611 4274 777 4344 accipi
807 4270 1046 4326 dilatatio
1067 4309 1084 4333 ,
1129 4275 1186 4320 ut
1210 4261 1423 4335 quando
1451 4261 1648 4324 anima,
1702 4257 2080 4313 tentationibus

498 4379 789 4438 oppressa,
847 4362 1102 4416 liberatur
1146 4371 1176 4411 a
1222 4349 1746 4425 perturbationibus,
1800 4356 1854 4401 et
1901 4348 2080 4400 multis

497 4455 896 4531 :egritudinibus
916 4470 930 4508 :
951 4462 1076 4508 tunc
1105 4449 1247 4505 enim
1269 4447 1500 4500 maxime
1521 4443 1687 4496 libero
1703 4448 1842 4494 statu
1868 4439 2075 4493 fruitur.

499 4551 646 4609 Multi
676 4549 815 4605 enim
844 4544 1098 4617 quamdiu
1125 4548 1345 4597 manent
1392 4538 1444 4591 in
1471 4535 1631 4590 rebus
1659 4532 1938 4600 secundis,
1970 4540 2080 4586 tur-

500 4642 733 4715 pissimis
759 4649 814 4696 et
847 4637 1080 4693 animam
1111 4627 1474 4718 cruciantibus
1518 4635 1765 4680 tenentur
1787 4622 2078 4690 amoribus,

500 4733 866 4807 pecuniarum,
919 4738 1204 4797 corporum
1228 4762 1243 4787 ,
1276 4715 1330 4776 et
1357 4715 1618 4807 ejusmodi
1666 4715 1889 4807 aliorum
1914 4754 1928 4780 ,
1959 4729 2080 4784 quae

495 4805 620 4885 sunt
663 4824 889 4882 absurda
918 4839 931 4875 :
960 4818 1057 4876 sed
1083 4823 1363 4887 postquam
1405 4810 1458 4864 in
1497 4805 1836 4862 afﬂictionem
1881 4806 2081 4861 incide-

498 4927 644 4984 runt,
671 4917 965 4972 liberantur
998 4909 1066 4962 ab
1087 4906 1190 4960 illis
1219 4899 1486 4963 omnibus,
1509 4908 1565 4953 et
1592 4897 1647 4953 in
1671 4905 1909 4966 apertum
1937 4911 2081 4951 cam-

499 5026 624 5082 pum
655 5004 904 5062 evadunt.
948 5002 1025 5055 Ac
1054 4997 1191 5052 sicut
1219 4995 1254 5049 ii
1284 4993 1374 5064 qui
1415 4991 1565 5046 febre
1593 4989 1858 5082 laborant,
1889 5003 2079 5082 quam-

501 5079 591 5156 diu
613 5098 826 5170 quidem
845 5087 1230 5159 intempestivis
1257 5085 1505 5141 fruuntur
1528 5079 1906 5149 voluptatibus.
1943 5079 2080 5133 lauta

412 5232 416 5234 -
498 5196 717 5262 inquam
761 5201 942 5244 mensa
975 5193 1028 5238 et
1054 5181 1177 5236 vino
1203 5194 1352 5234 mero
1375 5219 1388 5242 ,
1419 5186 1576 5246 atque
1613 5170 1908 5244 hujusmodi
1942 5171 2079 5235 aliis,

495 5287 549 5341 in
578 5283 810 5353 majores
829 5287 1090 5350 coguntur
1111 5273 1381 5344 angustias
1413 5289 1426 5324 :
1455 5268 1548 5323 sed
1581 5268 1625 5323 si
1655 5265 1921 5322 voluerint
1957 5280 2080 5333 pau-

497 5376 666 5445 lisper
693 5373 898 5442 scipsos
948 5368 1243 5439 afﬂigentes
1273 5374 1637 5433 perseverare,
1694 5357 1801 5411 lato
1836 5367 1890 5410 et
1917 5356 2082 5445 libero

499 5444 638 5524 statu
679 5463 944 5528 fruuntur,
972 5469 1026 5516 et
1044 5474 1109 5514 eo
1135 5456 1275 5527 quod
1328 5467 1423 5508 eos
1447 5451 1673 5520 angebat
1701 5447 1942 5516 deposito
1963 5488 1975 5508 ,
1999 5444 2084 5513 ju-

497 5557 672 5615 cunde
691 5554 942 5623 deinceps
966 5552 1017 5606 in
1042 5565 1172 5620 pura
1199 5547 1424 5602 sanitate
1443 5551 1724 5596 versantur
1757 5556 1770 5590 :
1807 5539 1876 5592 ita
1921 5537 2079 5590 etiam

493 5653 548 5707 in
587 5649 748 5705 rebus
784 5657 840 5702 et
890 5644 1115 5715 negotiis
1136 5637 1401 5696 usuvenit.
1432 5633 1571 5688 Nihil
1627 5631 1769 5686 enim
1801 5642 1952 5697 mque
1995 5643 2080 5680 rc-

497 5746 682 5800 laxare
708 5737 1000 5801 consuevit,
1047 5744 1102 5788 ιιι
1131 5730 1352 5786 afﬂictio
1394 5743 1512 5798 quae
1537 5739 1567 5777 a
1595 5719 1937 5777 szecularihus
1963 5733 2081 5770 om-

497 5838 651 5894 nibus
681 5836 911 5894 abducit.
945 5827 1223 5900 Quomodo
1265 5823 1536 5881 existimas
1570 5818 1783 5876 Judzeos
1825 5815 1988 5870 fuisse
2028 5813 2080 5868 iu

2195 523 2503 588 afﬂictione,
2537 494 2696 578 etiam
2736 523 2948 594 quando
2969 533 3122 579 erant
3150 540 3235 579 res
3261 538 3445 579 eorum
3488 525 3809 596 secundaei,

2192 613 2382 667 Annon
2403 612 2515 668 haec
2531 612 2875 667 febricitantis
2891 613 3080 668 animae
3093 614 3507 685 aegritudineque
3522 614 3777 672 confectae

2191 713 2269 758 est
2291 745 2304 768 ,
2338 702 2516 758 dicere
2549 720 2563 756 :
2595 703 2703 756 Fac
2729 705 2871 758 nobis
2915 705 3034 758 deos
3061 704 3150 776 qui
3173 721 3265 758 nos
3302 705 3586 774 praecedant
3616 722 3635 759 :
3660 705 3774 760 Mo-

2191 809 2269 847 ses
2297 795 2429 846 enim
2461 795 2562 861 hic,
2589 795 2676 864 qui
2697 795 2866 849 eduxit
2896 812 2986 849 nos
3015 797 3078 849 de
3105 805 3237 849 terra
3266 795 3340 849 1E
3344 798 3507 866 gypti,
3531 802 3779 852 nescimus

2191 888 2313 959 quid
2336 889 2380 941 ei
2408 890 2598 959 factum
2620 890 2685 942 sit
2702 888 2896 957 (Exod.
2923 888 3015 944 52.
3038 889 3090 959 l)
3110 890 3134 943 ?
3157 891 3348 943 Annon
3370 889 3453 943 illa
3473 890 3633 946 verba
3655 903 3776 946 sunt

2192 980 2383 1033 anima:
2396 979 2836 1050 philosophantis,
2857 990 2908 1036 et
2925 996 2955 1035 a
2978 981 3460 1051 perturbationibus
3483 982 3640 1052 hujus
3658 982 3777 1037 vitae

2193 1073 2506 1142 respirantis
2541 1115 2557 1140 ,
2587 1075 2800 1144 quando
2825 1074 3008 1128 afﬂicti
3042 1083 3146 1128 tam
3167 1075 3511 1130 vehementer
3534 1086 3774 1141 orarunt,

2193 1174 2250 1219 ut
2272 1166 2442 1232 ipsum
2484 1166 2575 1220 Dei
2611 1167 2861 1220 auxilium
2901 1167 3213 1221 attraxeriut
3235 1166 3315 1236 (a)
3338 1167 3362 1218 ‘t
3387 1166 3503 1222 Jam
3531 1183 3660 1223 vero
3682 1167 3768 1222 hic

2198 1255 2306 1326 ipse
2331 1272 2540 1327 quoque
2571 1257 2830 1328 propheta
2864 1256 3077 1326 quando
3101 1257 3414 1313 versabatur
3439 1259 3492 1312 in
3523 1260 3780 1329 tranquil»

2194 1349 2357 1414 litate,
2404 1364 2633 1419 quonam
2662 1351 2821 1404 modo
2867 1350 3219 1421 aﬂiigebatur,
3249 1352 3316 1407 ab
3345 1351 3581 1421 improba
3623 1354 3775 1422 cupi-

2192 1443 2355 1500 ditate
2383 1445 2433 1499 in
2460 1445 2731 1514 angustias
2761 1453 2984 1500 coactus
3020 1452 3074 1498 et
3100 1444 3403 1500 laceratus?
3429 1445 3642 1515 quando
3685 1462 3778 1500 au-

2195 1541 2301 1587 tem
2346 1543 2587 1588 versatus
2635 1543 2716 1588 est
2755 1534 2806 1588 in
2862 1533 3169 1597 afﬂictione,
3227 1535 3375 1589 scitis
3412 1550 3568 1605 quam
3623 1535 3778 1591 fuerit

2195 1625 2529 1694 tranquillus.
2551 1624 2734 1694 Neque
2759 1625 2902 1678 enim
2930 1641 3050 1680 eum
3099 1626 3233 1694 ignis
3260 1625 3453 1697 attigit,
3483 1628 3574 1682 sed
3616 1631 3775 1684 etiam

2193 1713 2404 1769 ﬂamma
2433 1715 2676 1769 universa
2700 1716 2962 1770 exstincta
2991 1725 3093 1770 est.
3121 1714 3264 1770 Nihil
3289 1717 3431 1771 enim
3455 1733 3609 1787 mque
3637 1720 3776 1774 afﬂi-

2191 1804 2290 1874 git,
2324 1821 2385 1860 ac
2409 1806 2454 1860 si
2484 1807 2655 1860 anima
2696 1807 3003 1861 obsideatur
3026 1823 3055 1860 a
3089 1807 3595 1876 perturbationibus.
3646 1810 3778 1863 Alia:

2192 1896 2334 1952 enim
2365 1897 2692 1952 extrinsecus
2721 1897 2984 1963 incidunt,
3019 1898 3101 1953 ha:
3130 1914 3257 1954 vero
3289 1900 3430 1954 intus
3456 1911 3771 1964 nascuntur,

2193 1999 2247 2044 et
2274 1990 2387 2045 haec
2416 1999 2498 2046 est
2525 1992 2751 2044 maxima
2791 1990 3030 2046 afﬂictio.
3056 1991 3278 2046 Etiamsi
3310 2006 3407 2045 nos
3436 2002 3591 2046 vexet
3618 2009 3772 2047 mun-

2193 2081 2314 2148 dus,
2347 2097 2446 2138 nos
2467 2094 2642 2138 autem
2675 2084 2818 2152 ipsos
2845 2099 2947 2137 non
2968 2097 3244 2147 vexemus,
3279 2083 3407 2137 nihil
3439 2085 3590 2140 nobis
3619 2084 3778 2140 fuerit

2193 2175 2497 2229 molestum.
2528 2174 2584 2228 In
2609 2185 2790 2229 nostra
2835 2191 2962 2245 ergo
3009 2185 3270 2244 potestate
3296 2177 3454 2230 situm
3501 2188 3584 2230 est
3612 2189 3667 2230 ut
3698 2178 3777 2232 vel

2192 2266 2510 2336 afﬂigamur,
2543 2267 2624 2321 vel
2677 2282 2781 2320 non
2813 2266 3128 2337 afﬂigamur.

2262 2359 2315 2411 4.
2344 2355 2601 2410 Patientia
2638 2367 2879 2426 quantum
2910 2360 3112 2412 bonum.
3147 2356 3342 2412 Grandi
3364 2359 3560 2413 modus.
3593 2389 3662 2398 —
3713 2360 3776 2415 Ut

2191 2459 2367 2503 autem
2392 2450 2565 2504 discas
2586 2451 2745 2504 etiam
2771 2466 2835 2504 ex
2859 2466 2987 2507 voce
3009 2452 3320 2520 apostolica,
3339 2463 3534 2520 quanta
3561 2452 3776 2508 libertas

2192 2541 2396 2594 oriatur
2439 2555 2506 2594 ex
2537 2541 2840 2607 afﬂictione,
2877 2543 2998 2595 audi
3057 2543 3228 2611 ipsum
3275 2543 3492 2597 Paulum
3548 2544 3776 2598 fructum

2191 2631 2492 2687 afﬂictionis
2543 2642 2890 2686 narrantem:
2935 2632 3212 2686 Tribulatio
3264 2644 3431 2687 autem
3483 2636 3778 2704 patientiam

2190 2734 2430 2794 operatur
2460 2739 2476 2776 :
2520 2724 2760 2793 patientia
2785 2735 2951 2778 autem
2997 2725 3338 2795 probationem
3365 2767 3378 2788 ,
3413 2726 3640 2794 probatio
3661 2742 3777 2780 vero

2191 2831 2363 2886 spem:
2391 2831 2503 2883 spes
2530 2824 2694 2868 autem
2722 2833 2820 2868 non
2854 2816 3117 2885 confundit
3146 2815 3316 2885 (Rom.
3349 2817 3401 2872 5.
3427 2818 3525 2871 5-5
3549 2819 3588 2887 ).
3637 2817 3775 2872 lnef-
3817 2842 3823 2846 -

2191 2910 2403 2965 fabilem
2449 2909 2626 2964 vidisti
2670 2908 3041 2963 latitudinem?
3071 2908 3246 2962 vidisti
3286 2915 3496 2977 portum
3546 2909 3777 2963 lmtitize?

2190 3000 2517 3066 Patientiam,
2550 3000 2736 3070 inquit,
2765 2999 3153 3069 eﬂicitaﬂlictio.
3197 2999 3330 3066 Quid
3357 3003 3499 3054 enim
3557 2999 3776 3056 [10mins

2189 3093 2593 3162 patientissimo,
2620 3103 2675 3147 et
2712 3093 2799 3162 qui
2822 3107 2999 3145 omnia
3031 3091 3183 3146 facile
3214 3090 3351 3146 ferre
3379 3100 3572 3161 potest,
3629 3102 3776 3149 tran-

2188 3187 2401 3257 quillius
2420 3180 2586 3256 ?quid
2615 3185 2840 3255 probato
2871 3183 3028 3239 fuerit
3055 3183 3241 3238 fortius
3261 3184 3284 3237 ?
3303 3184 3428 3254 quid
3447 3195 3623 3239 autem
3644 3201 3777 3240 eon-

2189 3277 2313 3331 ferri
2341 3283 2516 3346 potest
2534 3291 2655 3330 cum
2677 3290 2740 3330 ea
2769 3290 2888 3344 qu:e
2917 3274 3041 3329 hinc
3067 3274 3238 3328 oritur
3266 3275 3655 3330 delectatione?
3685 3278 3775 3331 Di-

2186 3370 2260 3424 cit
2285 3369 2428 3424 enim
2459 3369 2612 3424 nobis
2662 3377 2768 3423 tres
2811 3368 3112 3437 voluptates
3157 3383 3277 3437 qua:
3329 3367 3452 3423 hinc
3499 3370 3770 3435 oriuntur,

2189 3461 2516 3531 patientiam,
2551 3460 2916 3530 probationem
2942 3502 2956 3523 ,
2987 3469 3041 3514 et
3063 3474 3210 3529 spem
3241 3458 3538 3514 futurorum
3591 3462 3767 3516 bono-

2188 3569 2326 3607 rum.
2352 3553 2433 3620 _De
2484 3553 2565 3606 his
2607 3567 2747 3606 nunc
2776 3552 3158 3621 pluiloSOphans
3199 3553 3455 3622 propheta
3507 3554 3768 3608 dicebat:

2187 3643 2253 3698 In
2281 3644 2602 3698 tribulatione
2627 3643 2852 3697 dilatasti
2882 3643 3023 3695 mihi.
3056 3643 3187 3710 Quia
3215 3644 3358 3696 enim
3389 3643 3562 3697 dixit:
3597 3644 3774 3698 Exau-

2186 3733 2307 3787 dicit
2329 3749 2406 3787 me
2434 3732 2571 3788 Deus
2598 3774 2613 3798 ,
2657 3748 2887 3803 quonam
2930 3731 3090 3785 modo
3115 3732 3384 3787 exaudivit
3435 3733 3529 3787 ait.
3562 3733 3678 3788 Non
3720 3736 3771 3790 in

2186 3826 2424 3894 pecuniis
2455 3843 2468 3875 :
2502 3825 2635 3879 nihil
2671 3827 2812 3879 enim
2846 3825 3057 3893 petebat
3079 3825 3339 3893 ejusmodi
3367 3843 3381 3889 ;
3408 3843 3510 3880 non
3562 3839 3619 3880 ut
3646 3829 3770 3882 vin-

2185 3923 2333 3971 ceret
2361 3915 2636 3969 inimicos:
2668 3930 2790 3968 nam
2840 3930 3010 3984 neque
3053 3915 3164 3968 haec
3209 3915 3532 3983 posmlabat;
3574 3917 3666 3971 sed
3719 3919 3771 3972 in

2186 4006 2570 4076 tranquillitate
2622 4021 2739 4076 qua:
2776 4006 2827 4058 in
2871 4005 3046 4059 medio
3093 4005 3406 4060 afﬂictionis
3445 4016 3628 4061 exorta
3659 4019 3764 4062 est.

2188 4099 2428 4153 Miserere
2455 4097 2577 4161 mei,
2615 4106 2661 4150 et
2688 4097 2872 4149 exaudi
2915 4099 3189 4150 orationem
3219 4113 3398 4150 meam.
3427 4096 3561 4164 Quid
3592 4097 3767 4152 dicis?

2187 4188 2468 4244 Meministi
2497 4187 2742 4256 superius
2766 4187 3006 4254 juSIitiae,
3041 4188 3125 4242 Inc
3172 4187 3526 4241 miserationis
3572 4197 3626 4242 et
3667 4191 3770 4243 ini-

2184 4283 2534 4340 sericordite:
2582 4291 2637 4335 et
2682 4267 2838 4350 quam
2893 4281 3007 4335 hrcc
3059 4281 3254 4334 habent
3293 4281 3771 4351 c0nsequeutiam?

2185 4375 2439 4438 Multam,
2493 4383 2549 4428 et
2607 4372 2874 4442 prioribus
2925 4373 3211 4427 admodum
3263 4387 3578 4428 connexam.
3633 4373 3767 4428 Nam

2185 4465 2394 4522 etiamsi
2424 4463 2702 4517 innumera
2735 4473 2881 4516 recte
2919 4461 3223 4524 fecerimus,
3255 4462 3687 4517 miserationibus
3718 4475 3768 4518 et

2185 4555 2469 4614 clementia
2496 4554 2760 4608 audimur.
2812 4551 3031 4607 Etiamsi
3062 4551 3127 4605 ad
3169 4551 3340 4620 ipsum
3383 4552 3590 4606 virtutis
3619 4554 3764 4608 fasti-

2185 4649 2328 4720 gium
2357 4646 2778 4717 pervenerimus,
2833 4658 3111 4698 servamur
3137 4657 3167 4695 a
3208 4643 3589 4697 misericordia.
3632 4643 3770 4703 liinc

2185 4741 2460 4803 discimus,
2493 4753 2613 4792 cum
2649 4735 2852 4805 justitia
2893 4745 3070 4788 mente
3109 4748 3321 4802 quoque
3368 4734 3595 4787 contrita
3631 4750 3770 4805 opus

2185 4847 2326 4890 esse.
2349 4831 2554 4886 Etenim
2576 4828 2693 4882 licet
2710 4827 2777 4881 sit
2793 4835 3059 4895 peccator,
3078 4825 3123 4878 si
3140 4839 3258 4878 cum
3281 4824 3572 4879 humilitate
3591 4840 3770 4880 Ol‘a'Lb

2187 4927 2276 4992 rit,
2305 4940 2425 4995 qua:
2451 4932 2532 4978 est
2569 4937 2694 4991 pars
2734 4919 2973 4983 virtutis,
3003 4932 3190 4988 magna
3222 4918 3413 4987 poterit
3441 4917 3654 4972 efficere
3679 4936 3691 4970 :
3716 4927 3773 4974 et

2188 5021 2314 5075 licet
2335 5016 2612 5086 sitjustus,
2645 5014 2689 5067 si
2718 5027 2838 5066 cum
2861 5014 3162 5080 arrogantia
3191 5011 3476 5065 accesserit
3507 5051 3522 5073 ,
3556 5025 3584 5061 a
3615 5009 3771 5064 bouis

2189 5110 2437 5168 omnibus
2484 5105 2712 5162 excidet.
2748 5104 3033 5173 Utriusque
3061 5103 3303 5174 exempla
3334 5118 3432 5157 nos
3473 5102 3772 5158 docuerunt

2189 5205 2499 5277 publicanus
2536 5210 2591 5255 et
2633 5198 2934 5253 Phariszeus
2983 5196 3132 5268 (Luc.
3166 5195 3278 5266 18).
3322 5194 3546 5264 Oportet
3593 5195 3772 5265 itaque

2250 5300 2322 5366 (a)
2345 5300 2436 5366 Hl_e
2456 5296 2656 5366 omnino
2683 5294 3088 5366 videturaliquid
3112 5294 3426 5366 desiderari;
3450 5295 3554 5344 haec
3580 5294 3765 5366 quippe

2187 5356 2358 5421 verba,
2387 5361 2484 5409 Fac
2506 5357 2645 5421 nobis
2671 5357 2789 5421 deos
2819 5356 2902 5419 qui
2927 5356 3012 5408 nos
3035 5356 3331 5421 pragcedant,
3365 5363 3492 5421 etc.,_
3528 5356 3627 5405 non
3654 5364 3769 5421 sunt

2190 5417 2584 5488 philosophantis
2606 5419 2802 5476 animae,
2829 5417 3009 5488 neque
3035 5417 3140 5488 Dei
3181 5419 3438 5488 auxilium,
3479 5419 3581 5467 imo
3605 5420 3770 5488 potius

2191 5480 2579 5547 indignationem
2603 5485 2916 5531 attraxerunt
2935 5493 2967 5547 ξ,
2991 5487 3131 5530 certe
3155 5480 3305 5547 verba
3341 5480 3441 5547 illa,
3466 5493 3578 5541 quae
3609 5480 3766 5547 locum

2192 5538 2336 5596 illum
2362 5543 2517 5594 Exodi
2560 5552 2879 5604 sequunl_ur,_
2903 5538 3058 5604 alium
3099 5543 3298 5589 omnino
3343 5538 3504 5604 locum
3539 5546 3768 5604 spectare

2194 5606 2452 5656 videntur.
2481 5607 2543 5655 Et
2569 5601 2888 5665 tamenapud
2909 5601 3150 5665 Saviliurn
3173 5615 3366 5649 necnon
3391 5604 3442 5650 in
3465 5601 3596 5650 Codd
3643 5602 3764 5661 Reg.

2196 5668 2264 5744 ita
2289 5666 2500 5744 legitur,
2523 5665 2608 5715 Dei
2631 5661 2875 5744 auxilium
2913 5661 3210 5744 attrqrefint
3243 5670 3456 5744 tempore
3495 5667 3770 5727 opportuno

2198 5731 2284 5791 (ὡς
2306 5724 2451 5786 αὖτήν
2482 5724 2834 5777 ἓπισπάσςσθκι
2877 5725 2960 5776 τοῦ
2997 5724 3122 5775 Θεοῦ
3163 5727 3246 5782 τήν
3285 5727 3432 5791 ῥοπὴν
3462 5724 3580 5784 μετὰ
3603 5724 3769 5786 καιροῦ

2197 5791 2282 5842 τοῦ
2303 5793 2664 5854 προσήισντος).
