4032 6284
382 381 456 437 45
1578 384 1946 446 EXPOSITIO
1984 386 2055 445 IN
2092 391 2423 453 PSALMUII
2460 395 2545 456 IV.
3537 413 3606 467 Η

376 493 641 566 μάθωμεν
680 494 799 560 πῶς
838 495 920 550 δεῖ
954 496 1161 569 ταύτην
1208 498 1479 554 ποιεῖσθαι
1523 500 1623 572 τήν
1672 502 1946 575 ἐντυχίαν.

374 588 489 641 θύκ
527 589 609 652 είς
661 590 914 658 μουσεῖον
949 588 1167 643 ἀπιέναι
1210 589 1310 655 δεῖ,
1333 591 1454 645 οὐδὲ
1483 593 1742 664 χρήματα
1768 595 1951 649 ἀναλί-

377 696 546 743 σκειν,
594 679 720 733 οὐδέ
746 679 1128 748 παιδαγωγοὺς
1174 680 1518 752 μισθοῦσθαι,
1550 683 1646 737 κα)⁸
1691 684 1947 755 ῥήτορας,

372 775 468 827 καὶ
490 772 785 841 σοφιστάς,
811 773 933 828 οὐδὲ
960 771 1152 844 χρόνον
1182 770 1347 826 πολὺν
1375 771 1639 841 δαπανᾷν,
1674 771 1817 826 ὥστε
1848 789 1951 843 μα-

371 863 489 919 θεῖν
515 865 615 935 τὴν
657 864 946 936 ῥητορείαν
973 862 1210 934 ταύτην·
1244 863 1359 917 ἀλλ’
1387 864 1549 935 ἀρκεῖ
1591 863 1813 935 θελῆσαι
1850 864 1949 934 μό-

369 962 482 1022 νον,
515 959 613 1013 καὶ
654 957 725 1012 τά
767 957 866 1028 τῆς
909 956 1104 1029 τέχνης
1147 957 1502 1029 ἀπήρτισται.
1538 956 1650 1011 Καὶ
1678 958 1777 1027 οὐχ
1809 957 1950 1029 ὑπὲρ

368 1049 603 1103 σεαυτοῦ
631 1049 837 1120 δυνήσῃ
880 1048 1041 1119 μόνον
1068 1048 1127 1102 ἐν
1159 1047 1239 1118 τῷ
1270 1048 1607 1119 δικαστηρίῳ
1646 1047 1819 1119 τούτῳ
1859 1048 1948 1102 λέ-

367 1160 514 1213 γειν,
543 1144 682 1198 ἀλλά
709 1144 802 1197 καὶ
833 1142 974 1214 ὑπὲρ
1007 1141 1208 1213 ἐτέρων
1248 1141 1481 1195 πολλῶν.
1526 1140 1638 1194 Καὶ
1664 1140 1749 1205 τίς
1792 1143 1822 1194 ό
1850 1142 1951 1213 τῆς

365 1233 657 1305 δικανικῆς
676 1233 882 1304 ταύτης
908 1233 1139 1301 σκοπόςς
1183 1234 1241 1288 '0
1268 1235 1367 1304 τῆς
1391 1233 1556 1306 εὐχῆς
1583 1233 1803 1304 τρόπος.

442 1411 520 1466 Τδ
568 1410 811 1483 νηφούσῃ
858 1410 1086 1481 διανοίᾳ,
1112 1410 1177 1463 τὸ
1221 1410 1655 1482 συντετριμμένῃ
1682 1409 1828 1482 ψυχῇ
1847 1450 1862 1474 ,
1887 1410 1949 1465 τὸ

369 1504 516 1575 μετά
562 1502 753 1574 πηγῶν
798 1503 1048 1574 δακρύων
1099 1500 1249 1571 αὐτῷ
1303 1500 1616 1572 προσιέναι,
1664 1500 1729 1553 τὸ
1782 1500 1949 1572 μηδὲν

366 1597 547 1650 αίτεῖν
566 1593 835 1667 βιωτικὺν,
868 1594 931 1647 τὸ
954 1593 1063 1647 τῶν
1091 1592 1390 1664 μελλόντων
1417 1593 1570 1664 ἐρᾷν,
1589 1591 1650 1646 τὸ
1677 1593 1817 1663 ὑπὲρ
1839 1592 1949 1646 τῶν

366 1686 756 1758 πνευματικῶν
777 1684 1044 1740 ποιεῖσθαι
1060 1685 1161 1757 τὴν
1192 1682 1450 1748 ἔντευξιν,
1484 1682 1546 1736 τὸ
1580 1682 1654 1755 μὴ
1686 1682 1947 1753 κατεύχε-

368 1764 498 1832 σθαι
530 1778 641 1831 τῶν
680 1777 913 1849 ἐχθρῶν,
936 1777 997 1831 τὺ
1028 1775 1218 1849 μηδενὶ
1264 1777 1637 1846 μνησικακεῖν,
1667 1775 1728 1829 τὸ
1768 1776 1945 1830 πάντα

366 1868 657 1923 ἐκϐάλλειν
690 1868 796 1922 ἀπὸ
830 1867 933 1937 τῆς
969 1866 1146 1937 ψυχῆς
1185 1865 1254 1919 τὰ
1286 1866 1433 1937 πάθη
1454 1906 1468 1929 ,
1506 1866 1568 1919 τὸ
1600 1866 1946 1939 συντρίϐοντα

364 1959 471 2030 τὴν
498 1958 723 2030 καρδίαν
754 1956 896 2011 οὓτω
924 1957 1301 2026 προσιέναι,τδ
1330 1956 1703 2020 συνεστάλθαι,
1730 1956 1789 2010 τὺ
1814 1958 1946 2011 πολ-

365 2046 470 2116 λὴν
498 2050 600 2121 τὴν
643 2049 939 2103 ἐπιείκειαν
972 2049 1227 2120 μελετᾷν.
1264 2049 1357 2103 καὶ
1396 2049 1496 2121 τὴν
1536 2048 1781 2117 γλῶτταν
1812 2048 1947 2123 πρὸς

366 2139 651 2210 εὐφημίαν
679 2140 922 2211 τρέπειν,
954 2141 1015 2194 τὸ
1051 2141 1238 2211 μηδενὶ
1270 2139 1380 2194 τῶν
1420 2141 1671 2213 πονηρῶν
1700 2141 1946 2195 συνίστα-

366 2231 497 2285 σθαι
523 2230 887 2303 πραγμάτων,
915 2232 977 2285 τὸ
998 2232 1163 2303 μηδὲν
1192 2233 1368 2286 κοινὸν
1398 2232 1540 2304 ἔχειν
1568 2233 1702 2304 πρὸς
1721 2234 1810 2288 τὸν
1834 2251 1946 2287 κοι-

366 2320 459 2374 νδν
483 2323 585 2391 τῆς
604 2322 929 2393 οἰκουμένης
953 2323 1166 2394 ἐχθρὸν,
1181 2323 1323 2392 λέγω
1353 2325 1418 2394 δὴ
1443 2325 1534 2378 τὸν
1559 2326 1822 2381 διάϐολον.
1841 2327 1945 2381 Τὸν

366 2411 481 2482 7&9
515 2411 658 2484 ὑπὲρ
701 2412 903 2485 ἐτέρων
929 2413 1155 2473 λέγοντα
1187 2415 1419 2485 βασιλεῖ,
1455 2418 1547 2470 καὶ
1593 2420 1705 2482 τοῖς
1733 2418 1945 2490 ἐχθροῖς

369 2501 585 2554 ἐκείνου
617 2501 1111 2574 κοινολογούμενον,
1143 2506 1236 2559 καὶ
1278 2508 1328 2560 οἱ
1360 2505 1558 2571 ἔξωθεν
1579 2508 1731 2580 νόμοι
1774 2527 1944 2581 τιμω-

368 2590 547 2656 ροῦσι.
573 2593 683 2646 Καὶ
706 2594 771 2647 σὺ
797 2593 995 2661 τοίνυν,
1023 2596 1072 2649 ει
1095 2595 1271 2666 βούλει
1299 2599 1393 2651 καὶ
1423 2599 1565 2670 ὑπὲρ
1599 2601 1823 2655 σεαυτοῦ
1851 2604 1945 2657 καὶ

372 2683 516 2754 ὑπὲρ
542 2683 745 2754 ἐτέρων
783 2683 981 2753 λέγειν,
1024 2685 1178 2740 τοῦτο
1204 2686 1267 2758 δὴ
1311 2687 1544 2758 μάλιστα
1579 2690 1940 2762 κατόρθωσον,

368 2773 433 2826 τὺ
460 2775 627 2844 μηδὲν
651 2774 829 2830 κοινὸν
852 2775 996 2848 ἐχειν
1021 2777 1159 2849 πρὸς
1178 2779 1270 2831 τὸν
1291 2779 1468 2834 κοινὸν
1491 2781 1591 2852 τῆς
1622 2783 1945 2854 οἰκουμένης

367 2866 585 2937 ἐχθρόν.
613 2867 768 2921 Οῦτω
792 2867 901 2940 7&9
926 2869 1025 2941 ἔσῃ
1052 2870 1255 2935 δίκαιος
1276 2887 1290 2902 ο
1309 2872 1403 2925 καὶ
1429 2872 1634 2938 δίκαιος
1658 2873 1754 2939 ὢν,
1783 2876 1944 2931 ἀκου-

370 2957 573 3027 σθήσῃ,
594 2956 848 3027 τοιαύτην
866 2958 1004 3028 έχων
1023 2971 1045 2998 ο
1063 2963 1375 3032 συνήγορον.
1411 2963 1514 3017 Ἔν
1533 2965 1734 3032 θλίψει
1756 2967 1944 3022 ἐπλά-

377 3042 570 3106 τυνάς
600 3059 721 3110 μοι.
756 3044 869 3096 οὐκ
897 3042 1039 3111 εἷπε,
1070 3047 1397 3118 Παρήγαγες
1422 3047 1521 3115 τὰς
1553 3049 1779 3122 θλίψεις,
1809 3055 1951 3125 οὐδὲ,

377 3131 618 3195 Ἀνεῖλες
638 3131 764 3194 τούς
787 3137 1145 3205 πειρασμούς,
1171 3138 1307 3207 ἀλλ’,
1327 3140 1571 3211 Ἀφῆκας
1597 3146 1835 3213 ἑστάναι,
1854 3152 1949 3205 καὶ⁵

376 3223 754 3288 Ἐιιάτυνάς
773 3242 893 3293 μοι.
921 3227 993 3280 Τὸ
1015 3229 1120 3300 7&9
1143 3229 1450 3302 εὐμήχανον
1483 3234 1577 3289 τοῦ
1603 3237 1738 3292 Θεοῦ
1766 3241 1860 3294 καὶ
1884 3242 1947 3296 τὸ

367 3309 605 3384 εὔπορον
630 3315 920 3373 κάντεῦθεν
954 3318 1185 3390 μάλιστα
1208 3322 1500 3391 δείκνυται,
1517 3329 1618 3382 οὐκ
1633 3329 1690 3381 ἐν
1704 3330 1784 3401 τῷ
1811 3349 1945 3403 παρ·

364 3407 615 3474 ενεγκεῖν
639 3407 737 3470 τὰς
773 3408 979 3480 θλίψεις
1007 3409 1334 3482 μόνον,ἀλλά
1353 3417 1447 3470 καὶ
1476 3419 1535 3472 ἐν
1557 3418 1635 3491 τῷ
1669 3424 1944 3491 μενουσῶν

365 3495 551 3550 αὐτῶν
603 3497 804 3570 πολλὴν
859 3500 1118 3572 παρέχειν
1164 3502 1261 3576 την
1307 3506 1610 3579 ῥᾳστώνην.
1645 3510 1816 3567 Τοῦτο
1848 3515 1944 3569 καὶ

364 3585 462 3639 τοῦ
507 3587 643 3641 Θεοῦ
686 3588 923 3645 δείκνυσι
951 3591 1049 3663 τὴν
1071 3593 1250 3664 ἰσχὺν,
1289 3597 1531 3663 καὶτοὺς
1573 3600 1941 3671 ἐμπίπτοντας

369 3676 488 3767 [10]
521 3678 984 3753 φιλοσοφωτέρους
1011 3684 1322 3755 ἐργάζεται,
1350 3688 1477 3742 ὅταν
1511 3693 1607 3744 καὶ
1636 3693 1942 3767 εὐρυχωρία

365 3763 401 3841 ᾗ
431 3770 900 3844 παραμυθουμένη
945 3775 1044 3846 τὴν
1070 3775 1391 3850 θλισομένην
1421 3781 1617 3853 ψυχὴν,
1647 3784 1740 3838 καὶ
1830 3763 1942 3840 θλί-

365 3859 461 3929 ψις
498 3861 575 3932 μή
614 3863 948 3935 καταλύηται
981 3867 1286 3936 σφίγγουσα
1323 3870 1525 3942 ταύτην
1571 3873 1937 3945 ρᾳθυμοῦσαν,

366 3950 465 4003 καὶ
495 3952 675 4023 πάσης
695 3954 1106 4011 ἀπαλλάττουσα
1129 3958 1439 4030 ὀλιγωρίας.
1464 3960 1569 4016 Καὶ
1592 3962 1729 4027 πῶς,
1752 3967 1939 4036 φησῖνς

365 4040 425 4092 ἐν
462 4040 639 4111 θλίψει
675 4043 868 4112 γένοιτ’
904 4045 970 4101 ἂν
1014 4047 1359 4120 πλατυσμόςς
1403 4050 1490 4114 Ὠς
1521 4053 1580 4106 ἐν
1615 4055 1682 4124 τῇ
1728 4054 1941 4126 καμίνῳ

363 4129 479 4183 τῶν
500 4132 667 4203 τριῶν
687 4134 911 4202 παίδων,
934 4137 1010 4203 ὡς
1046 4140 1104 4192 ἐν
1128 4138 1208 4210 τῷ
1233 4139 1420 4212 λάκκῳ
1444 4141 1554 4196 τῶν
1585 4142 1834 4198 λεόντων.
1864 4146 1939 4199 Οὐ

364 4220 475 4291 7&9
496 4221 687 4276 ἔσϐεσε
712 4225 813 4294 τὴν
854 4227 1046 4295 φλόγα,
1077 4229 1173 4283 καὶ
1213 4230 1333 4283 τότε
1365 4230 1620 4303 ἐποίησεν
1654 4234 1851 4300 αὐτοὺς
1881 4237 1939 4290 ἐν

365 4310 679 4383 εὐρυχωρίᾳ
714 4310 883 4367 εἶναι·
914 4318 1035 4371 οὐδὲ
1079 4319 1368 4374 ἀπέκτεινε
1408 4323 1534 4386 τοὺς
1564 4323 1804 4389 λέοντας,
1843 4327 1938 4381 καὶ

363 4399 428 4452 τὸ
459 4402 761 4472 τηνικαῦτα
785 4405 948 4459 αὐτὸν
971 4408 1302 4480 κατέστησεν
1326 4413 1385 4464 ἐν
1407 4411 1560 4483 ἀδείᾳ
1577 4430 1590 4444 ·
1615 4413 1752 4468 ἀλλά
1777 4416 1940 4470 κάκεῖ

362 4493 468 4563 τῆς
494 4495 723 4566 καμίνου
756 4498 997 4569 σφοδρῶς
1029 4499 1425 4574 ἀναπτομένης,
1450 4504 1545 4557 καὶ
1573 4504 1808 4558 ἐνταῦθα
1828 4506 1938 4561 τῶν

362 4584 571 4657 θηρίων
614 4590 1065 4660 παραμενόντων,
1095 4594 1145 4645 οἱ
1177 4593 1375 4647 δίκαιοι
1422 4593 1622 4666 πολλῆς
1667 4597 1936 4652 ἀπέλαυον

361 4680 466 4748 τῆς
501 4680 802 4753 ῥᾳστώνης.
842 4684 996 4736 Ἐστι
1030 4684 1086 4738 δὲ
1114 4685 1208 4739 καὶ
1242 4686 1444 4755 ἑτέρως
1489 4687 1828 4758 εὐρυχωρίαν
1855 4691 1935 4743 εί-

362 4773 517 4826 πεῖν·
554 4764 664 4824 οἷον
711 4772 838 4825 ὅταν
867 4773 972 4826 ὐπὸ
1012 4775 1120 4828 τῶν
1152 4776 1474 4846 πειρασμῶν
1513 4777 1716 4850 ἡψυχὴ
1755 4778 1924 4832 θλιϐο-

365 4860 505 4932 μένη
537 4860 644 4915 τῶν
671 4861 861 4931 παθῶν
891 4865 1314 4933 ἀπαλλάττηται,
1353 4867 1447 4920 καὶ
1477 4866 1585 4919 τῶν
1618 4869 1934 4939 νοσημάτων

361 4949 472 5003 τῶν
496 4950 703 5004 πολλῶν
720 4968 733 4982 ο
763 4952 885 5006 τότε
904 4954 1013 5025 7&9
1040 4955 1273 5024 μάλιστα
1309 4956 1409 5026 τῆς
1432 4956 1771 5028 εὐρυχωρίας
1798 4960 1935 5012 ἀπο-

361 5040 538 5095 λαύει.
593 5041 786 5097 Πολλοὶ
839 5044 948 5115 7&9
996 5045 1055 5098 ἐν
1106 5045 1375 5118 εὐημερίᾳ
1427 5048 1677 5118 μένοντες
1725 5049 1934 5121 ἔρωτας

361 5131 577 5203 ἔχουσιν
632 5134 1032 5201 ἀτοπωτάτους,
1069 5135 1347 5201 θλίϐοντας
1387 5138 1565 5192 αὐτῶν
1600 5140 1699 5211 τὴν
1734 5139 1930 5213 ψυχὴν,

361 5225 457 5277 καὶ
483 5226 816 5297 χρημάτων,
849 5231 944 5279 καὶ
982 5226 1270 5296 σωμάτων,
1296 5230 1391 5283 κει.)⁸
1433 5228 1635 5299 ἐτέρων
1678 5230 1939 5287 τοιούτων

359 5315 580 5369 ἀτόπων
610 5333 624 5346 ο
657 5318 740 5379 είς
782 5315 960 5386 θλίψιν
990 5318 1048 5373 δέ
1080 5319 1408 5388 ἐμπεσόντες
1456 5321 1674 5375 πάντων
1717 5323 1933 5377 ἐλευθε-

364 5406 584 5477 ροῦνται
635 5409 879 5470 ἐκείνων,
934 5409 1030 5463 καὶ
1074 5410 1311 5479 γίνονται
1346 5413 1404 5465 ὲν
1444 5412 1774 5484 εὐρυχωρίᾳ.
1824 5415 1933 5468 Καὶ

359 5497 614 5567 καθάπερ
649 5500 699 5552 οί
733 5501 792 5551 ἐν
842 5503 1090 5570 πυρετοῖς
1121 5501 1270 5565 ὄντες
1290 5542 1306 5566 ,
1339 5501 1443 5565 ἓως
1472 5502 1571 5572 μὲν
1598 5503 1931 5559 ἀπολαύουσι

357 5591 467 5643 τῶν
517 5590 821 5657 ἐπιθυμιῶν
873 5591 979 5644 τῶν
1007 5591 1269 5663 ἀκαίρων,
1297 5593 1573 5665 τραπέζης
1605 5594 1747 5664 λέγω
1798 5596 1933 5668 πλη-

358 5682 578 5752 θούσης,
606 5683 698 5735 καὶ
736 5684 995 5752 ἀκράτου,
1025 5685 1124 5736 καῖ
1149 5682 1402 5738 τοιούτων
1422 5685 1642 5760 ἐτέρων,
1671 5688 1930 5757 μειζόνως

360 5772 840 5845 στενοχωροῦνται·
873 5774 920 5826 εἰ
955 5773 1009 5828 δὲ
1038 5772 1341 5846 βουληθεῖεν
1370 5777 1589 5840 ἑαυτοὺς
1612 5776 1787 5845 ὀλίγον
1819 5777 1930 5831 θλί-

2055 506 2256 577 ψαντες
2281 512 2637 583 καρτερῆσαι,
2661 513 2861 586 πολλῆς
2884 514 3216 570 ἀπολαύουσι
3252 516 3348 587 τῆς
3381 516 3629 588 εὐρυχω-

2057 598 2200 670 ρίας,
2226 602 2318 655 καὶ
2339 602 2403 655 τὸ
2433 605 2622 673 πνῖγον
2642 605 2965 676 ἀποθέμενοι
2997 606 3212 679 καθαρᾷ
3229 606 3410 661 λοιπὸν
3435 609 3625 680 ἐντρυ-

2056 688 2230 758 φῶσιν
2302 691 2462 764 ύγείᾳ
2503 709 2518 724 ’
2584 693 2728 748 οὕτω
2775 696 2870 750 καὶ
2937 697 3031 750 ἐπὶ
3107 696 3215 750 τῶν
3288 696 3667 767 πραγμάτων

2059 783 2364 853 συμϐαίνει.
2385 786 2553 840 Οὐδὲν
2587 787 2697 859 7&9
2729 787 2873 841 οὕτω
2902 789 3074 842 ποιεῖν
3108 787 3290 842 ἀνεσιν
3314 787 3524 855 εἴωθεν,
3550 788 3625 851 ὡς

2057 869 2232 941 θλίψις
2250 873 2359 927 τῶν
2381 872 2648 945 βιωτικῶν
2672 877 2959 946 ἀπάγουσα
2978 879 3213 933 πάντων.
3234 878 3356 942 Πῶς
3379 879 3481 933 οῐει
3501 878 3626 942 τοὺς

2069 962 2353 1029 Ἰουδαίους
2378 967 2702 1038 γεγενῆσθαι
2722 970 2781 1023 ἐν
2805 970 3000 1041 θλίψει,
3034 972 3129 1025 καὶ
3149 972 3239 1024 ὅτε
3263 966 3403 1041 ἦσαν
3447 972 3505 1023 ὲν
3539 969 3621 1023 εὐ-

2055 1054 2259 1127 ημερίᾳ
2278 1071 2295 1122 ;
2312 1058 2384 1111 Ἦ
2404 1059 2527 1129 οὐχὶ
2546 1061 2914 1134 πυρεττούσης
2944 1063 3114 1116 ταῦτα
3128 1063 3304 1133 ψυχῆς
3324 1062 3418 1116 καὶ
3437 1060 3621 1115 ἀλυού·

2058 1164 2159 1218 σης
2200 1150 2294 1204 καὶ
2342 1152 2767 1226 ριπταζομένης,
2816 1157 2879 1210 τὸ
2932 1156 3142 1225 λέγειν·
3168 1157 3435 1223 Ποίησον
3482 1155 3624 1222 ἡμῖν

2056 1238 2251 1305 θεοὺς,
2293 1240 2352 1293 οῖ
2385 1246 2901 1312 προπορεύσονται
2938 1245 3138 1316 ἡμῶν·
3166 1248 3200 1299 ό
3226 1245 3336 1314 τὰρ
3365 1241 3622 1310 Μωυσῆς

2055 1325 2253 1397 οὗτος,
2284 1330 2352 1398 ὃς
2378 1332 2673 1405 ἐξήγαγεν
2704 1335 2859 1406 ἡμᾶς
2887 1338 2955 1390 ἐκ
3000 1336 3111 1405 τῆς
3155 1337 3476 1407 Αίγύπτου,
3515 1336 3624 1388 οὐκ

2055 1419 2302 1489 οιδαμεν
2329 1423 2386 1477 τί
2417 1424 2666 1494 γέγονεν
2697 1428 2892 1494 αῠτῷ;
2922 1429 2994 1482 Ἦ
3013 1429 3133 1499 οὐχὶ¹
3170 1431 3365 1482 ἐκεῖνα
3411 1428 3622 1499 φιλοσο-

2056 1512 2263 1584 φοῦσης
2288 1513 2466 1585 ψυχῆς
2485 1517 2579 1570 καὶ
2604 1518 2976 1591 ἀναπνεούσης
3002 1520 3066 1572 ἐκ
3094 1519 3199 1572 τῶν
3227 1518 3492 1591 βιωτικῶν
3518 1534 3623 1572 πα·

2055 1597 2164 1653 θῶν
2190 1600 2257 1655 τά
2294 1603 2532 1673 ῥήματα,
2555 1605 2645 1658 ὅτε
2665 1606 2931 1677 τοσαύτην
2960 1605 3296 1672 ἐπεδείξαντο
3327 1608 3425 1678 τὴν
3461 1606 3622 1677 εὐχήν

2055 1689 2392 1763 θλιϐόμενοι,
2424 1692 2500 1758 ὡς
2536 1697 2707 1769 αὐτὴν
2758 1698 3163 1771 ἐπισπάσασθαι
3196 1697 3291 1750 τοῦ
3335 1696 3471 1751 Θεοῦ
3526 1698 3624 1768 τὴν

2058 1779 2261 1849 ροπήνς
2294 1780 2464 1844 Αὐτὸς
2483 1781 2540 1835 δὲ
2567 1784 2596 1837 ὁ
2625 1788 2906 1857 προφήτης
2925 1781 3098 1850 οὗτος,
3137 1787 3226 1840 ὅτε
3253 1782 3320 1857 ἦν
3340 1788 3398 1840 ἐν
3417 1786 3621 1851 ἀνέσει,

2055 1866 2171 1930 πῶς
2214 1867 2400 1939 ἐθλίϐη
2446 1871 2550 1924 ὑπὸ
2593 1873 2694 1944 τῆς
2738 1879 2979 1947 πονηρᾶς
3015 1875 3313 1947 ἐπιθυμίας
3362 1892 3622 1944 στενοχω·

2056 1959 2316 2031 ρούμενος
2372 1960 2466 2016 καὶ
2497 1967 2973 2038 σπαρασσόμενος;
3002 1969 3089 2022 ὅτε
3120 1968 3177 2020 δὲ
3207 1969 3266 2021 ἐν
3316 1967 3492 2036 θλίψει
3527 1965 3622 2035 γέ-

2054 2068 2230 2120 γονεν,
2263 2055 2375 2110 ῐστε
2408 2058 2523 2122 πῶς
2554 2059 2774 2127 γέγονεν
2802 2063 2860 2113 ἐν
2883 2060 3084 2113 ἀνέσει.
3120 2057 3260 2114 Οὐτε
3293 2058 3400 2128 7&9
3421 2059 3623 2129 ἥπτετο

2053 2143 2217 2196 αὐτοῦ
2250 2146 2311 2198 τὸ
2356 2146 2484 2218 πῦρ.
2519 2148 2653 2202 ἀλλά
2680 2150 2775 2202 καὶ
2799 2151 2832 2219 ή
2867 2149 2997 2218 φλὸξ
3036 2149 3222 2203 ἅπασα
3260 2146 3617 2216 κατεσϐέσθη.

2053 2234 2219 2288 Οὐδὲν
2255 2236 2363 2308 γάρ
2408 2236 2552 2291 οὕτω
2593 2241 2738 2292 ποιεῖ
2775 2238 2974 2308 θλίψιν,
3002 2240 3077 2302 ὡς
3121 2240 3183 2292 τὸ
3221 2238 3620 2309 πολιορκεῖσθαι

2052 2322 2150 2395 τὴν
2177 2324 2353 2396 ψυχὴν
2375 2328 2478 2380 ὑπὸ
2502 2328 2610 2382 τῶν
2639 2330 2845 2383 παθῶν.
2873 2332 2939 2383 Δί
2973 2330 3071 2401 μὲν
3101 2329 3212 2400 γὰρ
3243 2328 3396 2383 ἀλλαι
3426 2326 3621 2392 ἔξωθεν

2053 2416 2504 2486 προσπίπτουσιν,
2526 2422 2584 2473 αἱ
2614 2421 2671 2475 δὲ
2706 2420 2915 2475 ἔνδοθεν
2947 2420 3191 2491 φύονται,
3221 2421 3316 2474 καὶ
3347 2418 3486 2490 αὕτη
3519 2418 3622 2488 μά-

2051 2507 2208 2563 λιστά
2258 2511 2408 2563 ἐστιν
2458 2512 2492 2584 ή
2533 2512 2702 2583 πολλή
2751 2512 2946 2583 θλίψις.
2998 2512 3116 2567 Κᾶν
3160 2513 3186 2565 ό
3228 2513 3430 2582 κόσμος
3474 2512 3620 2581 ἡμᾶς

2051 2601 2226 2673 λυπῇ,
2250 2603 2409 2674 ἡμεῖς
2457 2604 2515 2656 δὲ
2561 2605 2787 2668 ἑαυτοὺς
2838 2605 2914 2676 μὴ
2960 2603 3249 2674 λυπῶμεν,
3275 2602 3425 2656 οὐδὲν
3470 2601 3622 2655 ἐσται

2051 2697 2182 2765 ἡμῖν
2207 2682 2398 2749 δεινόν.
2432 2696 2574 2767 Ἆρα
2598 2697 2656 2749 ἐν
2682 2698 2815 2767 ήμῖν
2836 2697 2898 2750 τὸ
2927 2693 3224 2759 θλίϐεσθαι,
3256 2694 3352 2748 καὶ
3397 2691 3473 2764 μὴ
3502 2691 3615 2747 θλί-

2053 2784 2263 2838 ϐεσθαι.

2121 2939 2182 2995 δ’.
2208 2940 2324 2994 Ἵνα
2349 2940 2406 2994 δὲ
2438 2940 2612 3012 μάθῃς
2643 2941 2733 2995 καὶ
2768 2940 2876 2996 ἀπὸ
2901 2940 3001 3012 τῆς
3030 2940 3389 3010 ἀποστολικῆς
3415 2940 3617 3009 φωνῆς,

2053 3033 2194 3103 πόση
2209 3032 2317 3087 ἀπὸ
2331 3034 2427 3102 τῆς
2447 3033 2675 3104 θλίψεως
2690 3034 2997 3107 εὐρυχωρία
3020 3033 3249 3101 γίνεται,
3265 3031 3494 3087 ἄκουσον
3518 3032 3619 3085 αὐ-

2050 3124 2143 3178 τοῦ
2190 3124 2283 3178 τοῦ
2324 3123 2535 3178 Παύλου
2579 3124 2670 3178 τὸν
2700 3125 2913 3196 καρπὸν
2949 3124 3197 3194 λέγοντος
3216 3125 3317 3196 τῆς
3351 3124 3574 3194 θλίψεως
3600 3140 3616 3155 ·

2062 3218 2129 3272 Ἦ
2166 3216 2235 3271 δὲ
2258 3218 2462 3287 θλίψις
2488 3216 2804 3286 ὑπομονὴν
2836 3216 3244 3286 κατεργάζεται
3276 3234 3288 3248 ο
3319 3218 3358 3286 ἡ
3390 3217 3459 3270 δὲ
3485 3220 3621 3273 ὐπο-

2045 3309 2202 3378 μονὴ
2227 3309 2341 3382 [Η]
2363 3307 2636 3378 δοκιμὴν,
2663 3310 2701 3377 ἡ
2731 3310 2799 3363 δὲ
2839 3309 3053 3379 δοκιμὴ
3076 3309 3324 3364 ἐλπίδαο
3344 3312 3382 3377 ἡ
3423 3309 3492 3362 δὲ
3518 3309 3619 3363 ἐλ-

2051 3403 2151 3468 πίς
2169 3404 2242 3456 οὺ
2267 3401 2671 3470 καταισχύνει.
2695 3397 2845 3465 Εἶδες
2874 3400 3213 3472 εὐρυχωρίαν
3231 3400 3434 3470 ἄφατον
3453 3442 3466 3464 ,
3483 3394 3620 3462 εἶδες

2051 3492 2241 3563 λιμένα
2294 3492 2629 3564 εὐφροσύνης
2657 3509 2672 3557 ;
2714 3492 3086 3561 ’Υπομονὴν,
3108 3492 3291 3563 φησὶν,
3346 3492 3384 3559 ἡ
3413 3492 3618 3559 θλίψις

2050 3582 2474 3654 κατεργάζεται.
2505 3584 2570 3637 Τί
2600 3585 2707 3655 7&9
2738 3584 2927 3654 ἀνδρὸς
2977 3582 3447 3655 καρτερικωτάτου
3470 3620 3486 3646 ,
3524 3582 3619 3633 καὶ

2051 3675 2226 3729 πάντα
2249 3675 2546 3746 δυναμένου
2593 3675 2787 3747 ῥᾳδίως
2820 3676 3025 3744 φέρειν,
3063 3675 3447 3743 ἀνεκτότερονς
3479 3672 3533 3725 τί
3560 3673 3617 3725 δέ

2047 3765 2272 3837 δοκίμου
2314 3766 2512 3836 γένοιτ’
2542 3765 2608 3820 ἂν
2641 3765 3017 3836 ίσχυρότερον;
3046 3765 3098 3818 τί
3139 3766 3196 3819 δὲ
3226 3764 3326 3835 τῆς
3370 3764 3617 3818 ἐντεῦθεν

2048 3856 2260 3928 τρυφῆς
2285 3857 2433 3926 [σονς
2470 3858 2629 3929 Τρεῖς
2662 3857 2769 3929 7&9
2803 3857 2934 3927 ἡμῖν
2975 3856 3165 3928 ήδονάς
3190 3855 3438 3909 ἐντεῦθεν
3469 3854 3617 3923 λέγει

2048 3948 2511 4021 τικτομένας,’τὴν
2537 3946 2832 4019 ὑπομονὴν,
2860 3948 2959 4019 τὴν
2992 3946 3240 4019 δοκιμήν,
3277 3949 3369 4001 καὶ
3409 3947 3507 4018 τὴν
3534 3947 3619 4000 ἐλ-

2049 4041 2179 4095 πίδα
2213 4041 2321 4096 τῶν
2350 4041 2648 4110 μελλόντων
2678 4039 2914 4107 ἀγαθῶν.
2934 4039 3069 4104 Περὶ
3104 4039 3307 4092 τούτων
3334 4037 3427 4090 νῦν
3467 4036 3616 4106 φιλο-

2050 4128 2228 4200 σοφῶν
2273 4131 2303 4184 ὁ
2341 4129 2632 4199 Προφήτης
2662 4127 2873 4197 ἐλεγεν·
2911 4127 3016 4182 Ἐν
3043 4126 3247 4193 θλίψει
3274 4124 3615 4189 ἐπλάηννάς

2043 4220 2393 4293 μοι.Ἐπειδη
2409 4222 2518 4291 γὰρ
2538 4216 2713 4282 εἶπεν,
2728 4216 3072 4286 Είσήκουσέ
3087 4234 3204 4285 μου
3225 4205 3275 4271 ὁ⁶
3289 4217 3452 4282 Θεὸς,
3471 4216 3615 4282 λέγει

2048 4316 2106 4368 ἐν
2132 4315 2271 4384 ποίῳ
2306 4313 2494 4383 τρόπῳ
2525 4312 2864 4383 είσήκουσεν.
2900 4312 3014 4365 Οὐκ
3044 4312 3101 4365 ἐν
3125 4310 3403 4381 χρήμασιν
3428 4327 3443 4342 ο
3466 4307 3617 4362 οὐδδν

2046 4403 2155 4476 γὰρ
2179 4403 2360 4475 ἐζήτει
2385 4401 2650 4456 τοιοῦτονο
2680 4404 2776 4474 οὐχ
2821 4402 2906 4456 ίνα
2946 4402 3156 4474 ἐχθρῶν
3185 4404 3434 4475 κρατήσῃ
3453 4419 3468 4434 ο
3493 4402 3618 4458 οὐδὲ

2045 4496 2154 4567 γὰρ
2177 4494 2348 4549 ταῦτα
2372 4494 2491 4565 ᾔτει
2509 4510 2523 4524 ο
2548 4492 2662 4547 ἀλλ’
2699 4495 2759 4546 ἐν
2796 4495 2977 4549 ἀνέσει
3005 4497 3071 4566 τῇ
3101 4497 3161 4548 ἐν
3197 4494 3349 4567 μέσῳ
3371 4498 3470 4566 τῆς
3502 4495 3617 4549 θλί-

2043 4586 2188 4657 ψεως
2220 4585 2506 4656 γενομένῃ.
2536 4585 2922 4653 οἰκτείρησόν
2938 4602 3035 4655 με,
3095 4585 3196 4640 καί
3250 4586 3618 4642 εἰσάκουσον

2043 4675 2152 4744 τῆς
2178 4674 2520 4744 προσευχῆς
2531 4693 2666 4744 μου.
2686 4676 2751 4729 Τί
2770 4675 2946 4745 λέγεις
2963 4693 2979 4739 ;
3000 4676 3145 4729 Ἂνω
3159 4676 3502 4747 δικαιοσύνης
3521 4675 3617 4746 μέ-

2047 4783 2269 4837 μνησαι,
2298 4765 2532 4819 ἐνταῦθα
2550 4767 2831 4836 οἰκτιρμοῦ
2860 4767 2952 4819 καὶ
2977 4767 3123 4820 ἐλέου
3144 4783 3159 4798 ο
3187 4767 3281 4820 καὶ
3312 4765 3414 4819 ποῦ
3445 4765 3615 4819 ταῦτα

2045 4859 2360 4915 ἀκολουθίαν
2390 4859 2542 4929 σχοίη
2577 4875 2593 4923 ;
2626 4857 2832 4929 Πολλὴν
2859 4859 2956 4928 μὲν
2992 4855 3105 4920 οὖν,
3148 4860 3243 4912 καὶ
3272 4858 3474 4927 σφόδρα
3502 4859 3611 4920 τοῖς

2043 4951 2325 5023 προτέροις
2371 4949 2747 5021 συνημμένην.
2780 4948 2896 5003 Κᾶν
2926 4948 3034 5020 γὰρ
3065 4949 3233 5021 μυρία
3259 4948 3615 5019 κατορθώσω-

2046 5060 2164 5114 μεν,
2204 5041 2312 5096 ἀπδ
2362 5041 2659 5111 οἰκτιρμῶν
2704 5040 3013 5111 ἀκουόμεθα
3050 5041 3143 5093 καὶ
3186 5039 3611 5109 φιλανθρωπίας.

2042 5134 2162 5189 Κᾶν
2181 5133 2315 5206 πρὸς
2343 5132 2510 5203 αὐτὴν
2533 5132 2840 5203 ἀνέλθωμεν
2870 5133 2969 5203 τῆς
2999 5132 3199 5203 ἀρετῆς
3224 5130 3321 5200 τὴν
3349 5130 3612 5201 κορυφὴν,

2042 5225 2152 5279 ἀπὸ
2207 5225 2388 5289 ἐλέους
2441 5223 2744 5295 σωζόμεθα.
2797 5222 3077 5277 Ἐντεῦθεν
3124 5220 3498 5292 μανθάνομεν,
3529 5222 3612 5275 ὄτι

2046 5315 2182 5387 μετά
2232 5315 2333 5385 τῆς
2359 5315 2703 5386 δικαιοσύνης
2730 5315 2889 5387 χρεία
2920 5314 3014 5367 καὶ
3038 5311 3260 5387 γνώμης
3299 5328 3612 5384 συντετριμ-

2044 5406 2231 5478 μένης.
2263 5406 2385 5460 Κᾶν
2425 5405 2531 5477 γὰρ
2582 5404 2903 5476 ἁμαρτωλός
2948 5420 3033 5466 τις
3071 5401 3148 5456 ὢν
3182 5402 3320 5474 μετὰ
3365 5420 3610 5457 ταπεινο-

2042 5497 2315 5571 φροσύνης
2363 5495 2605 5569 εὔξηται,
2631 5497 2766 5566 ὅπερ
2795 5495 2910 5549 ἐστὶ
2948 5492 3111 5564 μέρος
3150 5493 3369 5567 ἀρετῆς,
3399 5492 3611 5564 μεγάλα

2040 5593 2233 5648 ἀνύσαι
2275 5592 2594 5663 δυνήσεται·
2636 5588 2737 5643 κᾶν
2774 5587 2980 5650 δίκαιος
3017 5584 3092 5640 ὢν
3127 5585 3263 5656 μετά
3300 5583 3610 5648 ἀλαζονείας

2042 5684 2260 5757 προσίῃ,
2301 5684 2517 5739 πάντων
2553 5681 2859 5734 ἐκπεσεῖται
2887 5678 2995 5734 τῶν
3030 5679 3266 5748 ἀγαθῶν.
3306 5676 3610 5747 Ἀμφότερα

2039 5777 2109 5833 τά
2142 5777 2509 5847 ὑποδείγματα
2540 5775 2568 5827 ό
2591 5771 2823 5844 τελώνης
2856 5773 2946 5825 καὶ
2975 5773 3002 5825 ὁ
3028 5772 3313 5841 Φαρισαῖος
3348 5765 3612 5832 ἐδίδαξαν.
