4032 6284
432 405 503 459 45
968 382 974 390 ’
1150 406 1211 462 s.
1245 404 1535 462 JOANNIS
1560 401 1994 461 cmvsos'ron

2095 400 2406 459 ικοηιερ.
2448 406 3000 462 CONSTANTINOP.
3606 405 3672 457 $6

432 527 525 577 Δεῖ
547 522 721 576 τοίνυν
753 524 845 575 καὶ
865 521 1063 594 τρόπον
1091 522 1255 591 εὐχῆς
1281 523 1498 575 εἰδέναι.
1531 520 1627 585 τίς
1652 522 1711 575 δὲ
1731 524 1760 575 ό
1800 520 1999 592 τρόπος

428 607 533 677 ¹τῆς
554 607 717 675 εὐχῆς
742 606 926 665 ςΜάθε
959 604 1065 657 ἀπὸ
1096 604 1188 657 τοῦ
1219 604 1468 668 τελώνου,
1487 605 1580 657 καὶ
1612 604 1689 675 μὴ
1712 602 2003 673 αἰσχυνθῇς

432 690 619 742 τοῦτον
645 688 833 741 λαϐεῖν
859 688 1195 747 διδάσκαλον,
1225 688 1314 740 τὸν
1351 685 1493 740 οὕτω
1528 687 1690 740 τοῦτο
1729 684 2004 756 κατορθώ-

438 787 643 831 σαντα,
698 771 773 832 ώς
826 770 933 822 ἀπὸ
986 768 1158 839 ψιλῶν
1214 769 1472 839 ῥημάτων
1516 769 1575 821 τὸ
1625 770 1731 821 πᾶν
1782 767 1999 821 ἀνύσαι.

448 852 663 921 Ἐπειδὴ
684 852 844 922 γάρὴ
866 852 1070 904 διάνοια
1112 851 1259 921 αὐτῷ
1300 850 1479 913 καλῶς
1512 849 2000 919 παρεσκευασμένη

432 930 501 1005 ἦν
523 975 537 999 ,
566 935 766 1004 ἢρκεσε
806 936 898 986 καὶ
934 936 1080 1003 ῥῆμα
1110 934 1167 985 ἓν
1202 934 1409 997 ἀνοῖξαι
1448 932 1595 1002 αὐτῷ
1632 932 1721 985 τὸν
1753 931 1999 1001 οὐρανόν.

436 1014 559 1076 Πῶς
591 1016 644 1067 δὲ
670 1011 736 1084 ἦν
767 1015 1281 1086 παρεσκευασμένη;
1326 1013 1665 1075 Ἑταλάνιζεν
1698 1013 1909 1075 ἐαυτὸν,
1941 1012 2002 1064 τὸ

436 1098 629 1167 στῆθος
650 1098 893 1158 ἔτυπτεν,
916 1099 1035 1151 οὐδὲ
1062 1098 1353 1167 ἀναϐλέψαι
1386 1099 1462 1160 εἰς
1484 1097 1575 1149 τὸν
1603 1096 1825 1166 οὐρανὸν
1854 1093 2001 1163 ἠνεί-

434 1199 577 1251 χετο.
612 1183 707 1234 Ἂν
744 1183 884 1235 οὕτω
906 1182 998 1235 καὶ
1026 1183 1088 1236 σὺ
1125 1181 1320 1253 μέλλῃς
1350 1181 1621 1251 εὔχεσθαι,
1652 1179 1850 1249 πτεροῦ
1876 1194 2001 1229 κου-

436 1264 668 1333 φοτέραν
701 1265 907 1331 ἐργάσῃ
936 1265 1034 1335 τὴν
1078 1266 1258 1335 εὐχήν.
1290 1265 1353 1317 Et
1379 1265 1485 1334 γὰρ
1518 1264 1548 1314 ὁ
1587 1260 1908 1332 ἁμαρτωλὸς
1928 1260 1999 1312 δί-

435 1365 587 1411 καιος
629 1348 849 1415 γέγονεν
893 1350 999 1401 ἀπὸ
1051 1348 1147 1417 τῆς
1203 1348 1402 1418 εὐχῆς,
1435 1347 1682 1416 ἐννόησον
1725 1345 1753 1397 ό
1792 1344 1998 1406 δίκαιος

433 1429 619 1497 ἡλίκος
656 1430 842 1495 ἔσται,
869 1432 916 1482 εί
963 1430 1216 1499 τοιαύτην
1260 1431 1555 1500 προσάγειν
1592 1428 1752 1499 μάθοι
1791 1426 1993 1497 δέησιν.

432 1513 530 1565 Διὰ
571 1512 634 1582 δὴ
665 1513 821 1565 τοῦτο
851 1513 970 1565 οὐδὲ
1014 1512 1246 1566 ἐνταῦθα
1291 1512 1478 1575 ἁπλῶς
1514 1511 1705 1565 ἑαυτὸν
1752 1509 1997 1579 τίθησιν,

433 1592 569 1645 ἀλλά
596 1595 697 1665 τὴν
732 1596 1036 1665 προσευχὴν
1077 1594 1240 1647 αὐτοῦ
1267 1609 1281 1623 ⁸
1334 1594 1447 1650 ἄνω
1487 1594 1586 1664 τὴν
1631 1592 1997 1662 δικαιοσύνην,

432 1675 662 1728 ἐνταῦθα
682 1677 779 1747 τὴν
805 1677 1107 1749 προσευχὴν
1143 1678 1316 1746 λέγων
1334 1696 1347 1709 ο
1376 1677 1760 1744 οἰκτείρησόν
1777 1693 1875 1745 με,
1900 1675 1998 1728 καί

430 1758 795 1814 εἰσάκουσον
822 1761 930 1827 τῆς
962 1760 1309 1829 προσευχῆς
1326 1778 1473 1830 μου.
1487 1759 1641 1814 Οὕτω
1674 1760 1767 1813 καὶ
1794 1761 1822 1812 ό
1851 1761 1998 1830 Κορ-

431 1840 612 1912 νήλιος
662 1841 925 1911 ἠκούσθη,
966 1843 1154 1912 ἐπειδὴ
1183 1842 1384 1913 ταύτην
1421 1840 1532 1912 εἶχε
1584 1843 1898 1913 συνήγορον.
1932 1844 2000 1895 Al

431 1924 769 1990 προσευχαί
793 1938 929 1986 σου,
972 1925 1064 1977 καί
1098 1928 1158 1977 αἱ
1211 1924 1610 1993 ἐλεημοσύναι
1640 1939 1778 1987 σου,
1812 1924 1995 1993 φησὶν,

430 2004 739 2071 ἀνέϐησαν
759 2005 1013 2058 ἐνώπιον
1034 2006 1137 2059 τοῦ
1164 2006 1330 2062 Θεοῦ.
1359 2008 1597 2069 Εἰκότως
1613 2022 1624 2034 ⁸
1644 2006 1711 2059 τά
1734 2006 1839 2075 γὰρ
1863 2006 1998 2076 ἔργα

432 2087 548 2138 ἐστὶ
580 2086 647 2139 τά
674 2088 997 2157 ἀκουόμενα,
1016 2090 1109 2141 καὶ
1140 2089 1208 2141 τὰ
1236 2088 1631 2159 κατορθώματα
1651 2108 1663 2120 ·
1685 2089 1782 2159 οὐχ
1813 2088 1999 2151 ἁπλῶς

427 2167 484 2221 δὲ
514 2171 570 2221 αἱ
601 2170 775 2239 εὐχαὶ,
805 2146 918 2223 ἀλλ’
948 2146 1002 2225 αί
1038 2172 1178 2225 κατὰ
1217 2146 1383 2240 νόμον
1400 2146 1501 2223 τοῦ¹
1533 2170 1667 2225 Θεοῦ
1713 2146 1997 2241 γῖνόμεναί

427 2252 602 2320 εὐχαί.
633 2254 739 2305 Καὶ
785 2253 928 2316 τίνες
970 2255 1106 2306 εἰσὶν
1144 2248 1335 2319 αὖταις
1374 2255 1439 2305 Δί
1466 2254 1638 2307 ταῦτα
1674 2253 1998 2319 αίτοῦσαι,ἀ

427 2332 506 2402 τῷ
529 2333 647 2405 Θεῷ
678 2336 876 2405 πρέπει
927 2336 1156 2400 διδόναι,
1191 2340 1246 2390 αί
1287 2339 1360 2409 μὴ
1410 2339 1667 2390 τάναντία
1694 2342 1806 2401 τοῖς
1834 2337 1997 2392 αὐτοῦ

428 2416 611 2485 νόμοις
632 2417 792 2470 αὐτὸν
825 2418 1257 2489 παρακαλοῦσαι.
1286 2420 1393 2471 Καὶ
1424 2420 1506 2483 τίς
1534 2419 1674 2471 οὕτω
1705 2421 1994 2491 τολμηρὸς,

430 2499 612 2568 φησὶν,
639 2499 712 2562 ώς
729 2499 818 2552 τὸν
838 2501 967 2554 Θεὸν
990 2500 1171 2565 ἀξιοῦν
1194 2502 1448 2555 τάναντία
1475 2504 1585 2565 τοῖς
1619 2503 1781 2557 αὐτοῦ
1811 2503 1996 2571 νόμοις

431 2585 603 2634 ποιεῖν
628 2593 695 2645 ⁸;
734 2582 792 2634 Ὀ
826 2582 968 2635 κατά
1017 2582 1124 2634 τῶν
1167 2583 1377 2655 ἐχθρῶν
1422 2587 1582 2640 αὐτὸν
1634 2585 1993 2655 παρακαλῶν

430 2662 547 2734 (12]
567 2664 725 2717 τοῦτο
750 2665 857 2735 γὰρ
884 2666 1032 2737 παρά
1059 2667 1149 2718 τὸν
1177 2667 1339 2736 νόμον
1367 2667 1457 2721 τὸν
1492 2669 1585 2721 ὐπ’
1615 2669 1778 2722 αὐτοῦ
1806 2668 1996 2737 κείμε-

428 2762 537 2798 νον.
553 2746 720 2811 Αὐτὸς
740 2748 845 2817 γάρ
865 2765 1047 2818 φησιν,
1065 2749 1275 2816 Ἅφετε
1305 2750 1428 2815 τοῖς
1454 2751 1780 2819 ὀφειλέταις
1807 2749 1991 2820 ὑμῶν.

429 2827 502 2879 Σὺ
536 2827 591 2880 δὲ
624 2830 782 2883 αὐτὸν
815 2831 904 2883 τὸν
929 2831 1215 2885 κελεύοντά
1249 2849 1330 2885 σοι
1355 2834 1701 2904 συγχωρῆσαι
1728 2835 1867 2887 κατά
1888 2833 1995 2886 τῶν

431 2909 638 2979 ἐχθρῶν
668 2912 849 2974 καλεῖς
880 2929 894 2971 ;
928 2914 1035 2966 Καὶ
1064 2915 1115 2968 τί
1149 2916 1342 2982 γένοιτ’
1365 2915 1429 2969 ἂν
1456 2916 1553 2985 τῆς
1585 2916 1767 2980 ἀνοίας
1794 2918 1996 2988 ταύτης

430 2995 643 3064 χεῖρον;
686 2995 886 3048 Ἱκέτου
920 2998 1101 3067 σχῆμα
1133 3000 1225 3051 καὶ
1255 2997 1477 3069 γνώμην
1507 3000 1601 3052 καὶ
1630 2998 1882 3069 φρόνημα
1905 2999 1995 3051 τὸν

430 3074 716 3145 εὐχόμενον
764 3077 905 3147 ἔχειν
953 3080 1034 3132 δεῖ
1067 3096 1081 3110 ο
1114 3079 1163 3133 τί
1214 3080 1390 3133 τοίνυν
1428 3080 1611 3153 ἓτερον
1657 3083 1996 3152 προσωπεῖον

431 3158 642 3227 σεαυτῷ
676 3161 975 3233 περιτίθης,
999 3162 1059 3215 τὸ
1089 3163 1188 3233 τῆς
1218 3165 1583 3234 κατηγορίας;
1617 3164 1741 3227 Πῶς
1769 3163 1878 3234 γὰρ
1908 3164 1996 3217 δυ·-

431 3241 569 3311 νήσῃ
601 3243 709 3295 τῶν
737 3244 949 3298 οἰκείων
997 3247 1406 3317 ἁμαρτημάτων
1437 3247 1619 3299 λαϐεῖν
1644 3247 1990 3317 συγγνώμην,

430 3323 557 3375 ὅταν
572 3324 677 3377 τῶν
704 3328 814 3388 τοῖς
841 3328 1045 3397 ἑτέροις
1067 3329 1240 3399 πεπλη
1252 3329 1427 3399 μμελη
1438 3330 1612 3398 μένων
1642 3330 1879 3399 τιμωρὸν
1904 3331 1995 3382 τὸν

429 3404 560 3456 Θεὸν
580 3406 748 3471 ἀξιοῖς
777 3405 947 3472 dvas;
981 3409 1161 3463 Ἔστω
1188 3411 1366 3470 τοίνυν
1394 3415 1425 3480 ἡ
1458 3412 1591 3482 εὐχὴ
1623 3413 1830 3481 ἥμερος
1849 3451 1863 3475 9
1896 3427 1996 3479 γα-

429 3485 584 3557 ληνὴ.
614 3491 800 3559 χαρίεν
834 3491 1028 3559 ἔχουσα
1058 3493 1476 3563 πρόσωπον,καὶ
1498 3495 1722 3548 ἁπαλόν.
1758 3493 1992 3564 Τοιαύτη

429 3570 537 3638 γὰρ
570 3572 602 3639 ἡ
632 3574 769 3636 μετά
798 3574 1130 3645 πραότητος,
1164 3575 1257 3627 καὶ
1297 3577 1371 3646 μὴ
1410 3577 1527 3631 κατ’
1558 3575 1764 3647 ἐχθρῶν
1789 3576 1817 3616 b
1858 3593 1994 3644 γινο-

430 3652 568 3720 μένη
589 3667 602 3680 ⁸
626 3651 699 3715 ὡς
718 3654 752 3722 ἦ
780 3671 843 3721 γε
866 3656 1081 3709 ἐναντία
1110 3658 1378 3728 μεθυούσῃ
1400 3659 1506 3711 τινὶ
1533 3658 1626 3711 καὶ
1658 3659 1994 3731 παραπαιού-

431 3750 498 3804 σῃ
546 3734 688 3787 ἔοικε
722 3739 969 3802 γυναικὶ,
1013 3740 1200 3792 συώδει
1248 3742 1353 3793 τινὶ
1405 3741 1497 3793 καὶ
1542 3741 1728 3813 ἀγρίᾳ.
1762 3741 1861 3793 Διὸ
1899 3744 1992 3795 καὶ

428 3817 627 3879 ἄϐατος
662 3818 798 3889 αὐτῇ
830 3821 1118 3890 όούρανός.
1162 3823 1300 3874 Ἀλλ’
1331 3823 1427 3890 οὐχ
1458 3824 1493 3892 ἠ
1526 3822 1664 3891 μετά
1692 3824 1989 3893 πραότητος

427 3898 647 3970 τοιαύτη
672 3917 684 3929 ·
715 3900 827 3953 ἀλλ’
854 3900 963 3971 ἔχει
996 3918 1048 3954 τι
1076 3903 1313 3975 λιγυρὸν,
1340 3905 1431 3956 καὶ
1457 3904 1741 3975 προσηνὲς,
1768 3904 1863 3957 καὶ
1898 3905 1992 3975 βα-

430 3981 648 4035 σιλικῶν
677 3982 823 4047 ἀξιον
862 3983 1059 4045 ἀκοῶν,
1095 3984 1190 4055 ἡδὺ
1240 3986 1331 4044 καὶ
1377 3988 1740 4056 παναρμόνιον
1766 3986 1857 4039 καὶ
1893 3991 1991 4058 ἐμ-

429 4065 603 4134 μελές.
631 4067 721 4118 Διὸ
737 4066 799 4136 δὴ
828 4068 927 4120 οὐκ
949 4068 1264 4122 ἐκϐάλλεται
1297 4069 1390 4122 τοῦ
1424 4070 1672 4141 θεάτρου,
1691 4071 1805 4123 ἀλλ’
1836 4074 1987 4125 ἐστε-

427 4150 719 4219 φανωμὲνη
758 4150 942 4204 ἀπεισι
980 4167 994 4182 ο
1029 4153 1123 4205 καὶ
1168 4154 1278 4225 γάρ
1312 4154 1514 4226 χρυσῆν
1560 4153 1672 4226 ἔχει
1723 4155 1987 4227 κιθάραν,

428 4234 631 4313 χρυσῆν
655 4236 752 4304 τὴν
775 4236 985 4305 στολήν.
1010 4239 1102 4313 Διὸ
1132 4238 1225 4289 καὶ
1250 4237 1440 4309 τέρπει
1465 4237 1555 4292 τὸν
1590 4240 1869 4309 δικαστὴν,
1899 4240 1992 4293 καὶ

422 4313 507 4383 τῷ
551 4312 810 4385 σχήματι,
848 4320 942 4372 καὶ
971 4312 1073 4391 τῷ
1102 4321 1401 4391 βλέμματι,
1439 4323 1531 4375 καὶ
1563 4324 1628 4393 τῇ
1681 4326 1853 4393 φωνῇ.
1893 4324 1991 4377 Διά

424 4396 601 4450 ταῦτα
625 4400 799 4459 οὐδεὶς
827 4402 996 4472 αὐτὴν
1031 4404 1320 4458 ἀπελαύνει
1341 4404 1449 4458 τῶν
1475 4405 1740 4475 οὐρανίων
1765 4407 1987 4475 ἀψίδων.

426 4483 612 4537 ’Δπαν
645 4487 752 4556 γὰρ
775 4489 951 4541 ἐκεῖνο
966 4490 1027 4542 τὸ
1055 4490 1281 4561 θέατρον
1302 4493 1549 4560 ἀνίστησι
1576 4494 1641 4563 τῇ
1664 4493 1990 4567 εὐφροσύνῃ.

426 4568 577 4639 Αὕτη
604 4571 711 4625 τῶν
737 4575 980 4645 οὐρανῶν
1008 4575 1135 4642 ἀξία
1177 4578 1210 4647 ἡ
1248 4578 1378 4647 εὐχή
1396 4593 1409 4606 ·
1437 4578 1578 4648 αὕτη
1612 4578 1723 4633 τῶν
1747 4580 1993 4649 ἀγγέλων

429 4658 464 4725 ἠ
493 4656 728 4724 γλῶττα,
742 4661 870 4715 ὅταν
898 4662 1060 4732 μηδὲν
1100 4663 1313 4732 πικρὸν,
1336 4664 1441 4716 πᾶν
1462 4664 1520 4716 δὲ
1546 4667 1810 4736 προσηνὲς
1835 4667 1994 4736 φθέγ-

429 4760 622 4815 γηται·
643 4746 769 4799 ὅταν
791 4747 931 4819 ὑπὲρ
960 4750 1066 4802 τῶν
1101 4749 1427 4803 ἀδικούντων
1456 4752 1550 4804 καὶ
1580 4752 1992 4823 ἐπηρεαζόντων

428 4833 804 4913 προσέρχηται
843 4835 940 4905 τὴν
994 4837 1273 4907 ἱκετηρίαν
1314 4838 1626 4908 ποιουμένη,
1655 4841 1775 4892 τότε
1806 4843 1899 4896 καὶ
1940 4844 1989 4896 οί

429 4917 649 4987 ἄγγελοι
701 4925 1076 4995 παρεστήκασι
1129 4924 1268 4993 μετά
1314 4924 1510 4996 πολλῆς
1563 4924 1848 4990 ἀκούοντες
1892 4929 1990 5003 τῆς

430 5008 584 5076 σιγῆς
606 5046 621 5070 ,
655 5008 749 5063 καὶ
798 5010 936 5080 μετά
975 5011 1033 5064 τὸ
1075 5010 1421 5075 παύσασθαι,
1456 5013 1772 5082 κροτοῦντες
1799 5014 1986 5086 αὐτὴν,

427 5094 787 5160 ἐπαινοῦντες,
827 5097 1192 5166 θαυμάζοντες
1238 5099 1296 5151 οὐ
1330 5098 1761 5169 διαλιμπάνουσι.
1798 5102 1989 5156 Τοιαύ-

424 5199 523 5251 την
565 5184 659 5235 καὶ
710 5184 870 5254 ἡμεῖς
923 5186 1359 5256 προσαγάγωμεν
1402 5187 1586 5257 εὐχὴν,
1634 5188 1726 5241 καὶ
1774 5190 1988 5254 πάντως

426 5268 890 5341 ἀκουσθησόμεθα.
933 5272 1041 5324 Καὶ
1071 5272 1199 5325 ὃταν
1246 5272 1555 5344 προσίωμεν
1606 5273 1683 5345 τῷ
1732 5275 1870 5347 Θεῷ,
1913 5277 1987 5350 μὴ

426 5358 733 5426 νομίσωμεν
767 5353 905 5412 εἶναι
932 5359 1157 5430 θέατρον
1181 5361 1438 5426 τοιοῦτον,
1464 5362 1576 5415 ἀλλ’
1598 5363 1662 5415 ἐκ
1683 5365 1779 5436 τῆς
1807 5367 1986 5419 οἰκου-

428 5443 595 5512 μένης
623 5445 862 5517 ἀπάσης.
892 5448 1090 5518 μᾶλλον
1117 5448 1175 5502 δέ
1200 5449 1294 5504 καὶ
1319 5450 1383 5503 ἐκ
1413 5450 1520 5503 τῶν
1544 5450 1655 5505 ἀνω
1676 5452 1859 5523 δήμων
1880 5452 1986 5506 τῶν

425 5528 687 5599 οὐρανίων
730 5534 1155 5604 συνειλεγμένον,
1204 5536 1296 5591 καὶ
1332 5538 1390 5590 ἐν
1431 5538 1581 5612 μέσῳ
1631 5538 1723 5592 τὸν
1755 5539 1985 5595 Βασιλέα

2108 514 2402 587 καθῆσθαι,
2450 518 2765 589 βουλόμενον
2805 520 2963 591 ἡμῶν
3000 514 3301 572 ἐπακοῦσαι
3341 516 3440 585 τῆς
3481 516 3670 585 εὐχῆς.

2103 602 2212 653 Καὶ
2255 602 2511 668 ἐπίδειξιν
2535 604 2597 656 τὸ
2629 606 2861 674 πρᾶγμα
2889 604 3223 672 ποιήσωμεν.
3259 599 3503 670 Μηδεὶςο
3533 600 3673 652 ἔστω

2103 682 2449 756 κιθαριστὴς,
2486 687 2617 756 μηδὲ
2650 686 2888 757 λυρῳδὸς
2924 685 3097 748 οὕτως
3119 682 3433 752 ἐναγώνιος,
3461 683 3671 752 μέλλων

2100 767 2158 819 ἐν
2189 773 2412 837 σκηναῖς
2439 771 2797 835 είσιέναι,κα“ι
2823 768 3076 833 δεδοικὼς
3107 769 3180 839 μή
3210 785 3262 819 τι
3293 768 3505 835 ἀπηχὲς
3539 767 3671 817 ἀνα-

2101 848 2419 920 κρούσηται,
2451 852 2525 914 ὡς
2573 854 2734 922 ἡμεῖς
2768 852 3049 921 μέλλοντες
3093 850 3318 903 εἰσιέναι
3357 849 3436 911 είς
3479 847 3541 899 τὸ
3567 847 3674 899 τῶν

2100 932 2344 999 ἀγγέλων
2373 934 2615 1005 θέατρον.
2649 936 2931 1006 Πλῆκτρον
2954 935 3007 986 δὲ
3038 936 3168 1003 ἡμῖν
3210 932 3350 984 ἔστω
3376 932 3409 1001 ἡ
3436 929 3672 997 γλῶττα,

2105 1016 2271 1083 μηδὲν
2320 1017 2479 1086 ἀηδὲς
2524 1018 2867 1088 φθεγγομένη
2893 1060 2908 1083 ,
2933 1017 3046 1070 ἀλλ’
3081 1015 3317 1085 ἐμμελὲς
3342 1015 3434 1065 καὶ
3463 1029 3671 1083 παναρ-

2104 1098 2285 1167 μόνιον
2315 1100 2451 1169 μετά
2475 1099 2712 1164 διανοίας
2742 1103 2839 1169 τῆς
2863 1100 3273 1171 προσηκούσης
3299 1098 3393 1150 καὶ
3420 1097 3672 1167 προσιόνο

2100 1196 2190 1243 τες
2219 1182 2295 1250 τῷ
2322 1182 2460 1251 Θεῷ,
2500 1183 2595 1237 καὶ
2641 1183 3084 1254 παρακαλοῦντες
3111 1183 3205 1234 καὶ
3231 1178 3494 1248 δεόμενοι,
3531 1178 3670 1247 ὑπὲρ

2098 1263 2208 1316 τῶν
2250 1262 2456 1334 ἐχθρῶν
2507 1265 2931 1336 ἀνακρουώμεθα
2977 1266 3075 1334 τὴν
3116 1262 3313 1333 νευράν
3337 1278 3351 1293 ⁸
3381 1260 3523 1313 οὕτω
3561 1260 3670 1330 γὰρ

2100 1346 2194 1399 καὶ
2228 1346 2369 1416 ὑπὲρ
2401 1348 2558 1417 ἡμῶν
2599 1348 2776 1401 αὐτῶν
2807 1345 3274 1417 ἀκουσθησόμεθα.

2169 1433 2231 1481 ε’.
2253 1427 2401 1499 Αὕτη
2427 1430 2461 1498 ἡ
2491 1430 2641 1499 φωνὴ
2672 1430 3025 1499 καταισχύνει
3053 1429 3330 1498 δαίμονας,
3353 1423 3492 1493 αὕτη
3529 1423 3671 1493 παρο

2100 1511 2295 1580 ρησίαν
2320 1513 2453 1581 ἡμῖν
2481 1512 2726 1566 δίδωσινο
2756 1512 2894 1583 αὕτη
2927 1512 3273 1581 καταισχύνει
3302 1510 3394 1563 τὸν
3424 1506 3669 1562 διάϐολον

2099 1592 2191 1645 καὶ
2218 1594 2520 1665 ἀναχωρεῖν
2549 1597 2710 1648 ποιεῖ.
2740 1597 2816 1650 οὐ
2846 1596 2954 1667 γὰρ
2980 1594 3155 1656 οὕτως
3187 1593 3471 1662 ἄνθρωπον
3510 1589 3669 1660 φρίτ-

2096 1691 2178 1727 τει
2206 1677 2236 1727 ὁ
2263 1675 2473 1746 δαίμων
2500 1677 2590 1730 τὸν
2617 1678 2951 1731 ἐκϐάλλοντα
2980 1677 3142 1730 αὐτὸν
3170 1677 3262 1729 καὶ
3291 1674 3580 1727 ἐλαύνοντα
3610 1669 3670 1736 ἐξ

2097 1756 2284 1827 ἐτέρου
2303 1757 2612 1827 ἀνθρώπου,
2633 1761 2708 1822 ῶς
2734 1760 3014 1830 ἄνθρωπον
3040 1758 3209 1832 ὀργῆς
3232 1754 3552 1827 κρατοῦντα,
3576 1752 3672 1805 καὶ

2099 1838 2268 1910 θυμοῦ
2304 1841 2755 1911 περιγενόμενον·
2798 1841 2918 1895 ἐπεὶ
2967 1843 3060 1895 καὶ
3103 1840 3261 1893 τοῦτο
3299 1837 3504 1908 δαίμων
3555 1835 3674 1888 ἐστὶ

2097 1921 2352 1992 χαλεπὸς,
2386 1926 2478 1977 καὶ
2505 1924 2724 1987 τούτους
2751 1924 2950 1994 μᾶλλον
2976 1922 3008 1992 ἢ
3042 1923 3167 1985 τοὺς
3191 1920 3557 1990 δαιμονῶντας
3584 1934 3675 1970 τα-

2096 2001 2331 2069 λανίζειν
2351 2007 2477 2076 χρή.
2511 2005 2583 2058 Τὸ
2633 2006 2730 2076 μὲν
2760 2006 2869 2077 γὰρ
2897 2006 3157 2075 δαιμονᾷν
3190 2005 3269 2065 εἱς
3309 2001 3533 2070 γέενναν
3570 1999 3672 2052 οὐκ

2096 2086 2356 2157 ἐμϐάλλει
2385 2104 2399 2118 ·
2432 2088 2492 2141 τὸ
2515 2089 2572 2141 δέ
2604 2086 2915 2159 ὀργίζεσθαι
2961 2089 3053 2141 καὶ
3093 2087 3469 2157 μνησικακεῖν,
3502 2080 3671 2151 αὐτῆς

2098 2170 2344 2225 ἐκϐάλλει
2360 2172 2457 2241 τῆς
2481 2171 2757 2240 βασιλείας
2776 2171 2883 2223 τῶν
2908 2170 3169 2242 οὐρανῶν.
3189 2169 3286 2220 Ἂν
3310 2166 3454 2218 οὓτω
3474 2164 3672 2235 ῥυθμί-

2099 2268 2280 2323 σωμεν
2312 2254 2427 2325 [13]
2458 2254 2554 2323 τὴν
2599 2254 2784 2325 εὐχὴν,
2812 2252 3152 2323 δυνησόμεθα
3191 2250 3329 2321 μετά
3362 2247 3673 2320 παρρησίας

2096 2335 2274 2404 λέγειν
2296 2337 2390 2389 καὶ
2422 2338 2581 2407 ἡμεῖς
2604 2336 2682 2407 τῷ
2703 2336 2841 2407 Θεῷ,
2865 2338 3257 2391 Είσάκουσον
3274 2333 3386 2400 τῆς
3414 2344 3673 2400 προσευ-

2097 2418 2216 2488 χῆς
2239 2435 2380 2487 μου.
2431 2420 2593 2473 Ὥστε
2629 2422 2728 2490 οὐχ
2761 2420 2953 2473 ἑαυτὸν
2999 2418 3313 2488 ὠφελήσεις·
3349 2416 3511 2485 μόνον
3532 2454 3545 2475 ,
3574 2410 3672 2466 καὶ

2097 2503 2538 2574 προοδοποιήσεις
2567 2520 2661 2557 σου
2682 2507 2747 2574 τῇ
2777 2503 3044 2572 ἱκετηρία,
3061 2501 3195 2556 ἀλλὰ
3231 2499 3433 2553 καὶτὸν
3458 2496 3674 2551 ἀκούον-

2095 2604 2162 2640 τα
2184 2586 2314 2639 Θεὸν
2346 2588 2657 2658 εὐφρανεῖς.
2691 2586 2838 2651 ἄξιόν
2866 2604 2919 2638 τι
2951 2585 3061 2639 τῶν
3088 2583 3251 2638 αὐτοῦ
3283 2579 3672 2649 ἐπιταγμάτων

2095 2670 2295 2723 αἰτῶν·
2328 2668 2405 2722 διδ
2450 2670 2544 2722 καὶ
2585 2668 2781 2742 ῥᾳδίως
2827 2667 3121 2723 ἐπινεύσει.
3169 2665 3338 2720 Τοῦτο
3383 2664 3529 2729 ἀξιον
3570 2660 3672 2728 τῆς

2094 2751 2364 2814 υἱοθεσίας
2419 2752 2669 2822 ἐκείνης·
2716 2751 2871 2805 τοῦτο
2915 2751 3149 2818 μάλιστα
3204 2750 3294 2802 τὸν
3340 2744 3672 2819 χαρακτῆρα

2093 2837 2298 2889 ἐκεῖνον
2329 2835 2586 2889 δείκνυσι.
2622 2836 2894 2897 Γίνεσθε,
2931 2834 3113 2903 φησὶν,
3155 2832 3556 2899 οίκτῖρμονες,
3592 2826 3671 2891 ὠς

2094 2925 2129 2975 ὁ
2153 2921 2356 2991 Πατὴρ
2382 2921 2547 2992 ὑμῶν
2575 2926 2607 2975 ό
2633 2923 2701 2975 ἑν
2730 2921 2853 2987 τοῖς
2880 2920 3160 2990 οὐρανοῖς
3180 2959 3194 2981 ,
3227 2919 3323 2972 καὶ
3366 2917 3547 2977 πάλιν,
3566 2913 3673 2966 Εὖ-

2094 3013 2275 3079 χεσθε
2294 3008 2445 3077 ὑπὲρ
2472 3007 2590 3063 τῶν
2627 3008 3064 3078 ἐπηρεαζόντων
3094 3006 3266 3072 ὑμᾶς,
3291 3004 3450 3069 ὅπως
3493 3000 3636 3071 γένη
3654 3029 3672 3040 ο

2094 3101 2205 3151 σθε
2242 3098 2430 3167 ὅμοιοι
2452 3098 2557 3151 τοῦ
2584 3098 2813 3165 Πατρὸς
2845 3095 3011 3165 ὑμῶν
3044 3095 3150 3149 τοῦ
3181 3095 3251 3148 ἐν
3276 3089 3573 3158 οὐρανοῖς.
3606 3087 3672 3140 Τί

2093 3185 2271 3238 τοίνυν
2305 3185 2508 3254 ταύτης
2554 3185 2652 3254 τῆς
2692 3184 2859 3254 εὐχῆς
2891 3184 3042 3244 ῖσονς
3075 3181 3223 3249 Α’ύτη
3258 3180 3355 3232 οὐκ
3398 3177 3669 3245 ἀγγέλοις,

2093 3271 2217 3325 οὔτε
2246 3270 2628 3343 ἀρχαγγέλοις,
2648 3271 2760 3323 ἀλλ’
2776 3268 2927 3339 αὐτῷ
2952 3268 3028 3339 τῷ
3053 3269 3268 3323 Βασιλεῖ
3297 3268 3481 3337 ὅμοιον
3506 3265 3669 3316 ποιεῖ.

2105 3359 2164 3412 '0
2211 3358 2269 3412 δὲ
2307 3358 2384 3430 τῷ
2410 3357 2627 3411 Βασιλεῖ
2664 3357 2847 3428 ὅμοιος
2889 3355 3180 3426 γενόμενος
3218 3352 3361 3407 κατὰ
3398 3351 3459 3404 τὸ
3497 3351 3673 3419 ἐγχω-

2098 3444 2240 3517 ροῦν,
2270 3446 2527 3516 ἐννόησον
2550 3447 2680 3513 ὅσης
2738 3442 3103 3496 ἀπολαύσεται
3135 3440 3236 3510 τῆς
3269 3437 3582 3510 παρρησίας
3611 3435 3671 3487 ἐν

2089 3537 2210 3596 ταῖς
2227 3534 2429 3603 εὐχαῖς.
2467 3533 2584 3585 Υἱοὶ
2600 3532 2942 3600 ἀνθρώπων,
2959 3530 3068 3595 ἕως
3092 3530 3236 3582 πότε
3248 3523 3665 3595 βαρυκάρδιος

2094 3620 2229 3673 Ἵνα
2252 3620 2310 3671 τί
2329 3617 2597 3686 ἀγαπᾶτε
2626 3617 3010 3687 ματαιότητα,
3036 3616 3130 3669 καὶ
3158 3613 3379 3682 ζητεῖτε
3406 3608 3667 3678 ψεῦδοςς

2090 3701 2235 3772 Πρὸς
2265 3701 2416 3763 τίνας
2470 3700 2739 3754 ἀποτείνει
2787 3699 2879 3753 τὸν
2921 3698 3096 3766 λόγον,
3145 3697 3240 3749 καὶ
3277 3694 3527 3747 ποιεῖται
3567 3690 3669 3759 τὴν

2090 3788 2427 3858 ἐπιτίμησιν,
2462 3788 2556 3840 καὶ
2588 3787 2781 3854 ἐπάγει
2813 3786 2911 3857 τὴν
2940 3783 3249 3855 συμϐουλήν
3280 3800 3295 3845 ;
3336 3781 3487 3841 τίνας
3519 3778 3667 3839 υἱοὺς

2089 3875 2391 3946 ἀνθρώπων
2412 3875 2598 3939 καλεῖ;
2626 3875 2765 3937 Τοὺς
2789 3874 2850 3926 ἐν
2871 3872 3105 3942 πονηρίᾳ
3124 3870 3354 3935 ζῶντας,
3378 3868 3504 3929 τοὺς
3527 3864 3665 3934 πρὸς

2090 3962 2333 4017 κακίανά
2369 3965 2705 4035 ἐπιρρεπεῖς.
2724 3962 2789 4014 Τί
2824 3962 2888 4031 δή
2920 3976 3086 4025 mre;
3115 3960 3274 4030 ἡμεῖς
3297 3958 3404 4026 γὰρ
3431 3954 3528 4022 οὐχ
3557 3951 3664 4004 υίοὶ

2090 4050 2419 4121 ἀνθρώπων;
2455 4053 2520 4120 τῇ
2549 4048 2706 4116 φύσει
2742 4049 2839 4117 μὲν
2876 4046 3176 4117 ἀνθρώπων
3224 4045 3347 4105 υἱοὶ,
3382 4045 3452 4112 τῇ
3480 4039 3661 4109 χάριτι

2088 4138 2147 4190 δὲ
2169 4139 2268 4192 οὐκ
2301 4138 2401 4199 ἔτι,
2426 4138 2539 4191 ἀλλ’
2571 4138 2675 4190 υἱοὶ
2712 4136 2867 4189 Θεοῦ.
2906 4137 2968 4189 El
3017 4133 3145 4202 γοῦν
3188 4132 3282 4185 καὶ
3324 4130 3424 4199 τὴν
3477 4128 3660 4179 εἰκόνα

2090 4227 2188 4295 τὴν
2221 4224 2556 4295 κατ’ἀρετὴν
2588 4226 2688 4296 τὴν
2714 4224 2849 4294 πρὸς
2880 4222 3039 4277 αὐτὸν
3067 4220 3513 4288 διατηρήσαιμεν,
3532 4212 3660 4269 ἀκέ-

2095 4328 2244 4383 ραιον
2275 4312 2406 4380 ⁴ἡμῖν
2451 4310 2604 4363 ἔσται
2655 4310 2715 4363 τὸ
2770 4310 2976 4380 δῶρον’
3009 4308 3133 4369 τοὺς
3185 4306 3292 4374 γὰρ
3337 4300 3660 4371 γενομένους

2093 4399 2241 4461 υἱοὺς
2272 4397 2405 4451 Θεοῦ
2442 4396 2531 4449 διὰ
2566 4396 2661 4463 τῆς
2719 4398 2959 4466 χάριτος,
2995 4394 3086 4447 καὶ
3142 4391 3229 4445 διὰ
3259 4391 3357 4459 τῆς
3389 4387 3659 4448 πολιτείας

2091 4485 2297 4558 ταύτην
2335 4484 2417 4537 δεῖ
2465 4482 2884 4557 χαρακτηρίζειν
2910 4480 3007 4552 τὴν
3037 4479 3239 4533 εἰκόνα.
3282 4478 3402 4530 Ὅτι
3439 4476 3493 4528 δὲ
3530 4473 3658 4536 τοὺς

2095 4571 2559 4644 βιωτικωτέρους,
2601 4570 2694 4625 καὶ
2749 4570 2883 4639 πρὸς
2928 4567 3127 4621 κακίαν
3173 4566 3464 4637 ῥέποντης.
3507 4559 3657 4623 υἱοὺς

2093 4658 2394 4731 ἀνθρώπων
2431 4660 2605 4720 καλεῖ,
2641 4657 2870 4710 ἄκουσον
2894 4670 2909 4685 ο
2963 4654 3203 4717 Ἰδόντες
3234 4650 3302 4703 δὲ
3332 4652 3385 4703 οί
3406 4646 3521 4702 υίοί
3548 4644 3656 4698 τοῦ

2095 4730 2241 4802 Θεοῦ
2284 4748 2389 4811 τὰς
2428 4745 2750 4814 θυγατέρας
2780 4742 2897 4796 τῶν
2947 4739 3287 4809 ἀνθρώπων.
3324 4736 3432 4790 Καὶ
3469 4736 3574 4804 μὴν
3596 4730 3658 4785 τὸ

2092 4836 2349 4897 ἐναντίον,
2381 4834 2567 4904 φησὶν,
2593 4832 2833 4902 εἴρηκας.
2889 4827 3149 4897 Οὐδαμῶς
3168 4841 3181 4853 ·
3209 4825 3358 4885 υἱοὺς
3377 4821 3485 4892 γὰρ
3519 4818 3654 4871 Θεοῦ

2091 4920 2323 4975 ἐνταῦθα
2352 4919 2574 4973 ἐκάλεσε
2602 4920 2726 4980 τοὺς
2756 4916 2861 4986 πρὸ
2898 4914 3085 4967 τούτου
3115 4911 3174 4976 ἐξ
3207 4910 3469 4980 ἐναρέτων
3496 4906 3656 4967 ὄντας

2091 5008 2319 5078 ἀνδρῶν,
2353 5007 2448 5059 καὶ
2471 5005 2572 5074 τῆς
2596 5002 2687 5057 τοῦ
2717 5001 2851 5054 Θεοῦ
2883 5000 3043 5070 τιμῆς
3067 4987 3655 5055 ἀπολελαυκότας,είτα

2094 5092 2607 5169 μεταϐαλλομένους,
2630 5089 2723 5142 καὶ
2754 5087 3042 5157 γεγονότας
3078 5084 3312 5169 χείρους,
3334 5082 3433 5169 ,καὶ
3462 5079 3653 5169 προδε-

2090 5166 2329 5245 δωκότας
2347 5179 2522 5233 αὐτῶν
2544 5178 2642 5246 τὴν
2671 5176 2854 5245 τιμήν.
2894 5173 3054 5224 Ὥστε
3088 5171 3194 5239 γὰρ
3224 5166 3453 5238 αὐξῆσαι
3476 5166 3654 5219 αὐτῶν

2090 5270 2187 5341 τὴν
2216 5265 2569 5337 κατηγορίαν,
2599 5259 2908 5331 ἀνεμνήσθη
2935 5256 3113 5311 αὐτῶν
3137 5256 3240 5324 τῆς
3272 5255 3466 5326 τιμῆς,
3500 5257 3655 5322 μέγι-

2091 5373 2213 5410 στον
2237 5357 2314 5417 είς
2337 5351 2673 5421 ἐγκλήματος
2695 5347 2947 5402 ὑπόθεσιν
2967 5345 3178 5406 δεικνὺς
3200 5343 3280 5405 ὃν,
3304 5342 3363 5394 τὸ
3381 5341 3655 5402 τοιούτους

2087 5445 2266 5509 ὄντας,
2296 5442 2390 5494 καὶ
2428 5441 2493 5492 ἐκ
2521 5435 2796 5499 τοιούτων,
2819 5435 2956 5507 πρὸς
2977 5432 3232 5501 τοιαύτην
3263 5428 3653 5500 κατενεχθῆναι

2087 5531 2306 5586 κακίαν.
2340 5527 2452 5581 Καὶ
2480 5524 2640 5579 πάλιν
2687 5526 2716 5577 ὁ
2752 5524 2884 5587 Θεός
2915 5540 2929 5556 ·
2965 5522 3107 5593 Ἐγὼ
3137 5518 3295 5585 εἶπα,
3327 5520 3460 5573 Θεοί
3488 5520 3650 5582 ἐστε,

2151 5690 2171 5719 ι’
2200 5687 2319 5741 Non.
2344 5688 2537 5746 πρᾶγμα
2557 5684 2842 5745 νομίσωμεν·
2877 5680 3060 5743 μηδείς,
3079 5691 3175 5728 non
3200 5679 3346 5729 male.

2155 5747 2180 5786 εὶ
2205 5748 2319 5808 ἱῖεεΔ
2351 5746 2585 5794 ἀσέϐειαν.
