4032 6284
282 387 347 441 ιδ
962 384 969 389 ⁷
1465 384 1822 442 EXPOSlTlO
1861 385 1923 440 lN
1963 384 2287 445 PSALMUM
2329 386 2414 444 IV.
3360 406 3369 413 ‘
3481 396 3553 453 l6

280 502 410 558 scire
428 499 590 557 etiam
606 500 828 556 modum
848 499 1056 554 orandi.
1085 499 1217 565 Quis
1232 510 1409 555 autem
1433 501 1617 556 orandi
1640 500 1866 556 modus?

284 594 435 649 Disce
475 608 505 645 a
552 593 883 654 publicano:
917 607 1014 647 nec
1057 602 1108 647 tc
1133 592 1327 660 pudeat
1352 607 1419 647 eo
1467 593 1540 646 uti
1587 593 1861 663 magistro,

280 684 369 753 qui
397 683 492 737 hac
524 683 577 736 in
606 697 668 736 re
696 682 834 736 adeo
856 698 913 738 se
946 683 1201 750 praeclare
1227 684 1423 753 gessit,
1452 693 1511 737 ut
1534 684 1662 737 solis
1689 684 1866 739 verbis

283 776 591 829 universum
636 773 893 828 olfecerit.
927 773 1059 841 Quia
1087 775 1230 828 enim
1268 784 1387 829 erat
1414 790 1565 829 mens
1596 775 1647 829 in
1677 788 1743 829 eo
1774 790 1861 828 re.

280 881 363 924 cte
406 877 613 938 parata,
659 867 871 923 suﬂ‘ecit
897 868 981 923 vel
1025 868 1245 923 verbum
1284 884 1445 923 unum
1488 869 1554 923 ad
1600 869 1786 923 cadum
1815 869 1865 924 ei

276 959 650 1031 aperiendum.
681 959 960 1026 Quomodo
990 970 1168 1015 autem
1218 970 1333 1014 erat
1362 962 1583 1030 parata?
1618 962 1864 1032 Seipsnm

279 1051 537 1104 miserum
564 1051 852 1116 clamabat,
894 1060 1079 1119 pectus
1109 1051 1383 1115 tondebat,
1423 1067 1491 1107 ne
1530 1053 1719 1107 caelum
1748 1053 1866 1122 qui-

287 1142 412 1197 dem
443 1142 688 1212 aspicere
717 1141 965 1197 audebat.
994 1142 1050 1197 Si
1076 1154 1129 1197 tu
1150 1158 1359 1212 quoque
1405 1144 1475 1197 ita
1498 1145 1755 1210 oraveris,
1782 1146 1868 1200 vel

277 1246 459 1301 penna
482 1232 737 1287 leviorem
780 1232 971 1287 reddes
1011 1233 1330 1288 oralionem.
1359 1235 1414 1289 Si
1439 1235 1579 1289 enim
1622 1244 1870 1305 peccator

276 1323 455 1392 justus
500 1323 572 1377 ab
612 1324 859 1379 oratione
911 1322 1079 1380 factus
1105 1333 1227 1390 est,
1257 1325 1539 1379 considera
1564 1326 1864 1393 cujusmodi

278 1414 386 1469 erit
403 1414 604 1483 justus,
647 1415 696 1468 si
737 1415 895 1468 talem
921 1415 1216 1469 orationem
1266 1414 1460 1470 offerre
1486 1415 1751 1470 didicerit.
1802 1416 1868 1471 Et

279 1505 405 1560 ideo
455 1521 528 1561 ne
571 1506 660 1561 hic
690 1507 907 1577 quidem
950 1508 1186 1577 seipsum
1235 1507 1477 1563 absolute
1517 1511 1734 1578 posuit,
1773 1506 1867 1562 sed

278 1596 585 1651 orationem
632 1612 784 1652 suam
846 1615 860 1652 :
910 1600 1155 1669 superius
1199 1600 1479 1668 justitiam,
1537 1599 1623 1654 hic
1668 1600 1871 1653 oratio-

282 1701 409 1739 nem
474 1686 664 1741 dicens
709 1704 725 1740 :
776 1687 1017 1743 Miserere
1060 1690 1179 1754 mei,
1234 1698 1280 1742 et
1338 1690 1527 1743 exaudi
1592 1690 1870 1743 orationem

282 1792 469 1829 aream.
523 1777 595 1828 Ita
643 1778 804 1831 etiam
841 1778 1116 1833 exauditus
1162 1787 1245 1832 est
1290 1778 1587 1845 Cornelius,
1618 1781 1868 1848 quoniam

279 1867 396 1935 ejus
448 1869 746 1935 μιιτοοὶηἰο
795 1884 922 1924 usus
962 1878 1064 1924 est.
1124 1869 1392 1924 Orationes
1441 1880 1578 1935 tute,
1627 1880 1678 1924 et
1734 1871 1866 1924 elec-

283 1977 513 2030 mosyuar
534 1970 656 2025 tritu,
708 1962 897 2031 inquit,
933 1962 1266 2016 ascenderunt
1290 1979 1457 2015 eorum
1484 1962 1595 2016 Deo
1620 1963 1753 2034 (Act.
1780 1963 1867 2017 10.

284 2054 380 2124 4).
406 2055 469 2108 Et
499 2054 689 2108 merito
720 2072 734 2105 :
763 2070 927 2124 opera
952 2055 1096 2110 enim
1124 2067 1246 2110 sunt
1268 2070 1386 2125 qua:
1409 2054 1779 2118 exaudiuntur,
1819 2061 1873 2108 et

286 2155 433 2199 recte
454 2144 631 2210 facta;
666 2160 773 2199 non
816 2146 1057 2200 absolute
1097 2154 1270 2201 autem
1302 2147 1591 2213 orationes,
1621 2145 1713 2200 sed
1751 2160 1871 2201 ora-

288 2236 460 2289 tiones
487 2253 608 2304 qua:
633 2238 766 2290 liuut
789 2253 855 2291 ex
882 2238 999 2306 lege
1046 2238 1160 2292 Dei.
1197 2237 1261 2291 Et
1306 2230 1553 2306 quamam
1599 2247 1723 2292 sunt
1748 2238 1873 2292 eae?

286 2326 417 2391 Quae
440 2341 505 2379 ea
538 2335 858 2397 petuntque
880 2326 1041 2381 Deum
1068 2327 1195 2382 dare
1220 2328 1487 2392 convenit,
1521 2343 1638 2398 quae
1664 2327 1732 2381 ab
1756 2328 1872 2397 ipso

290 2429 395 2470 non
442 2417 719 2483 postulant
762 2433 880 2485 qure
925 2427 1050 2471 sunt
1098 2418 1214 2486 ejus
1257 2418 1463 2488 legibus
1504 2419 1869 2490 repugnantia.

291 2505 486 2574 Ecquis
511 2516 616 2571 est,
641 2508 829 2577 inquit,
862 2508 999 2562 adeo
1030 2509 1222 2575 audax,
1253 2519 1310 2563 ut
1337 2525 1399 2563 ea
1441 2511 1567 2565 velit
1593 2512 1757 2566 Deum
1791 2512 1869 2564 fa-

289 2600 476 2663 cere',
525 2614 648 2668 qure
700 2610 1000 2670 repugnant
1040 2602 1156 2670 ejus
1189 2602 1433 2671 legibus?
1474 2602 1573 2669 Qui
1620 2605 1874 2660 adversus

292 2687 537 2743 inimicos
562 2706 684 2745 eum
716 2701 865 2760 rugat
898 2711 910 2748 :
945 2693 1048 2747 hoc
1076 2695 1218 2747 enim
1243 2704 1324 2750 est
1351 2705 1544 2762 pra-ter
1567 2696 1737 2765 iugem
1757 2712 1875 2767 qua:

294 2784 363 2837 ab
382 2802 447 2838 eo
488 2785 593 2839 lata
624 2795 724 2841 est.
759 2786 873 2856 Ipse
918 2789 1061 2842 enim
1086 2789 1218 2843 dixit
1248 2806 1262 2844 :
1303 2789 1549 2843 Dimittite
1575 2791 1876 2846 debitoribus

295 2878 466 2930 uestris
492 2877 706 2948 (κακὰ.
756 2879 810 2932 6.
850 2880 937 2949 12)
987 2879 1066 2934 Tn
1109 2888 1285 2936 autem
1314 2897 1433 2936 eum
1472 2884 1661 2953 ipsum,
1691 2885 1778 2952 qui
1824 2894 1876 2939 te

290 2968 440 3037 jubet
466 2970 795 3037 condonare,
840 2971 1097 3027 adversus
1124 2973 1367 3028 inimicos
1397 2975 1651 3029 invocas?
1677 2975 1876 3044 Ecquid

297 3063 395 3115 hac
432 3062 667 3116 amentia
718 3062 875 3117 fuerit
904 3064 1180 3121 deterius?
1225 3065 1447 3137 Oportet
1496 3083 1617 3122 eum
1646 3067 1733 3137 qui
1762 3076 1879 3122 orat

296 3153 499 3207 habere
523 3154 780 3221 habitum,
826 3166 1057 3211 mentem
1097 3167 1151 3212 et
1193 3172 1409 3212 sensum
1454 3159 1751 3227 supplicis:
1784 3173 1879 3214 cur

295 3245 451 3301 aliam
495 3260 630 3316 ergo
675 3261 953 3314 personam
1001 3249 1192 3314 induis,
1252 3266 1442 3321 nempe
1492 3252 1879 3306 accusationis?

297 3339 579 3404 Quomodo
618 3338 759 3391 enim
807 3341 1006 3410 poteris
1047 3345 1255 3397 veniam
1286 3351 1496 3397 tuorum
1543 3354 1877 3412 peccatorum

297 3436 530 3501 assequi.
579 3438 793 3504 quando
822 3451 977 3506 rogas
1006 3443 1060 3490 ut
1109 3436 1247 3489 Deus
1279 3435 1461 3504 puniat
1502 3445 1715 3502 peccata
1742 3436 1878 3489 alio-

298 3539 415 3579 rum
431 3526 456 3578 ?
482 3527 565 3580 Sit
593 3529 770 3597 itaque
790 3528 959 3582 oratio
988 3537 1283 3593 mansueta,
1307 3526 1534 3595 placida,
1558 3526 1794 3595 jucunda
1824 3534 1880 3582 et

300 3615 444 3670 molli
476 3618 622 3669 vultu
665 3616 919 3685 prmo‘ita.‘
955 3618 1098 3676 Talis
1122 3626 1203 3672 est
1227 3632 1345 3685 qua:
1390 3633 1510 3671 cum
1540 3617 1757 3672 lenitate
1801 3616 1878 3682 llt,

302 3723 397 3762 nec
443 3709 704 3763 adversus
761 3710 1039 3771 inimicos;
1097 3708 1544 3777 quemadmodum
1591 3709 1877 3774 contraria,

298 3801 483 3867 ebriar,
511 3812 564 3855 et
590 3802 836 3855 deliranti
861 3803 1091 3870 cuipiam
1130 3802 1358 3866 mulieri,
1390 3812 1443 3855 et
1473 3802 1641 3856 instar
1665 3802 1778 3871 apri
1803 3800 1881 3855 ef-

303 3894 503 3958 feratze,
534 3901 619 3947 est
643 3893 852 3946 similis.
894 3892 1152 3961 Quocirca
1183 3893 1251 3946 ad
1274 3892 1461 3947 caelum
1495 3893 1544 3947 ei
1595 3907 1700 3946 non
1727 3892 1882 3946 datur

301 3982 496 4037 aditus.
528 3982 645 4037 Non
674 3983 817 4037 enim
859 3992 940 4037 est
965 3983 1227 4053 ejusmodi
1264 3997 1327 4038 ea
1354 3998 1473 4052 quae
1503 3981 1561 4036 ﬁt
1580 3997 1701 4036 cum
1726 3998 1878 4036 man-

301 4072 584 4128 suetudine
633 4091 645 4125 :
696 4072 795 4127 sed
848 4071 1007 4127 habet
1030 4073 1228 4142 aliquid
1256 4087 1513 4128 canorum
1539 4082 1593 4126 et
1621 4072 1761 4136 lene,
1792 4071 1878 4125 di-

302 4180 569 4235 gnumque
598 4166 757 4235 regiis
785 4165 1020 4230 auribus,
1046 4180 1227 4229 suave,
1259 4165 1600 4228 concinnmn,
1630 4177 1881 4219 onmem-

302 4270 437 4308 suns.
464 4256 824 4320 thnobrem
847 4271 949 4309 non
974 4255 1252 4325 expellitur
1275 4271 1306 4310 e
1328 4255 1553 4320 theatro,
1576 4255 1667 4308 sed
1684 4269 1881 4310 corona

303 4346 549 4399 redimita
581 4346 781 4401 recedit
804 4362 818 4410 ;
842 4347 1034 4399 etenim
1057 4346 1211 4401 habet
1233 4361 1446 4402 auream
1474 4346 1752 4411 citharam,
1785 4361 1881 4401 ve-

301 4447 438 4491 stem
470 4451 708 4491 auream.
741 4437 856 4503 Qua
900 4437 968 4492 de
1012 4453 1171 4494 causa
1215 4439 1441 4493 delectat
1466 4441 1623 4493 etiam
1649 4438 1883 4508 judicem

304 4529 508 4595 habitu,
537 4538 754 4596 aspectu
780 4538 834 4584 et
864 4545 1007 4585 voce.
1040 4530 1326 4600 Propterea
1355 4531 1530 4584 nullus
1556 4545 1671 4583 eam
1697 4538 1882 4584 extur-

304 4621 390 4675 bat
416 4622 783 4676 acmlestibus
827 4622 981 4676 aulis.
1034 4623 1348 4676 Universum
1394 4623 1534 4678 enim
1578 4621 1704 4676 illud
1733 4623 1885 4677 thea-

305 4724 444 4769 trum
459 4716 755 4769 incredibili
785 4715 965 4768 ketitia
988 4714 1169 4769 afﬁcit.
1194 4716 1317 4770 llaec
1336 4726 1417 4769 est
1431 4715 1585 4784 digna
1607 4717 1751 4770 crelis
1769 4731 1888 4784 pre-

302 4808 482 4872 eatio;
514 4807 631 4862 bare
654 4817 736 4861 est
762 4807 934 4876 lingua
962 4808 1290 4875 angelorum,
1321 4807 1536 4878 quando
1564 4806 1700 4860 nihil
1725 4822 1882 4862 acer--

307 4900 454 4963 bum,
484 4899 719 4966 jucunda
744 4910 919 4954 autem
943 4900 1121 4953 omnia
1152 4900 1422 4969 loquitur:
1463 4899 1674 4969 quando
1700 4913 1795 4968 pro
1820 4900 1885 4954 iis

267 5004 282 5019 δ
310 4990 394 5058 qui
423 4991 675 5058 iniuriam
704 4998 758 5043 et
782 4988 1037 5043 damnum
1067 4988 1301 5043 inferunt
1321 5031 1337 5055 ,
1366 4992 1511 5043 venit
1559 4990 1884 5059 supplicans,

312 5090 437 5138 huic
486 5083 705 5136 adstant
752 5084 915 5136 etiam
938 5082 1108 5151 angeli
1139 5096 1333 5152 magno
1362 5081 1639 5136 audientes
1665 5097 1782 5136 cum
1811 5081 1887 5136 si-

311 5174 495 5235 lentio,
522 5184 578 5229 et
633 5182 909 5243 postquam
942 5172 1083 5243 loqui
1114 5171 1351 5236 desierit,
1401 5172 1739 5241 applaudere,
1760 5172 1888 5226 lau-

309 5265 455 5328 dare,
486 5264 740 5320 admirari
765 5279 867 5317 non
898 5274 1127 5318 cessant.
1166 5264 1345 5319 Talem
1392 5277 1489 5319 nos
1522 5278 1730 5333 quoque
1756 5262 1887 5322 alie-

310 5372 489 5409 ramus
516 5358 841 5423 orationem,
861 5365 917 5412 et
935 5357 1154 5412 omnino
1181 5356 1547 5412 exaudiemur.
1579 5354 1647 5413 Et
1672 5356 1888 5426 quando

311 5448 382 5503 ad
423 5451 590 5504 Eleum
619 5449 958 5514 accubans,
990 5464 1058 5504 ne
1106 5463 1232 5503 esse
1277 5448 1645 5503 existimemus
1676 5448 1891 5518 vulgare

312 5543 601 5606 theatrum,
629 5538 729 5597 sed
754 5554 819 5595 ex
860 5540 1107 5595 universo
1133 5539 1261 5594 orbe
1281 5548 1564 5603 terrarum,
1595 5538 1679 5594 vel
1714 5540 1890 5607 potius

310 5645 370 5687 ex
393 5632 648 5703 supernis.
671 5632 884 5700 populis
906 5631 1209 5686 «ﬂuetibus
1237 5631 1525 5685 colicum.
1549 5647 1563 5684 :
1600 5640 1656 5685 et
1689 5631 1894 5701 Regem

370 5812 385 5839 ι
424 5814 562 5870 neg.,
589 5808 732 5865 dare,
757 5819 862 5869 pro,
880 5808 1057 5871 facere.

1974 501 2026 554 in
2053 503 2231 558 medio
2276 504 2482 573 sedere,
2514 505 2832 575 precationis
2862 517 3056 563 nostra:
3102 506 3378 565 audienda:
3402 512 3565 578 rupit

1970 591 2119 646 dum.
2152 595 2220 646 At
2244 592 2497 649 faciamus
2522 606 2684 651 utres
2710 597 2779 651 sit
2802 608 3103 667 comparata
3127 599 3191 653 ad
3222 599 3555 656 detnonstra-

1975 683 2193 737 tionem.
2252 684 2436 741 Nullus
2483 688 2551 741 sit
2601 687 2941 755 citharmdus,
2980 691 3156 744 nullus
3207 692 3426 758 lyricen,
3460 694 3545 762 qui

1974 776 2044 829 ita
2066 792 2124 830 se
2149 787 2399 832 exerceat
2427 795 2641 833 scenam
2696 781 3050 851 ingressurus,
3104 784 3297 837 timens
3333 800 3396 838 ne
3426 784 3548 852 quid

1974 867 2192 924 insuave
2242 877 2298 923 et
2341 871 2712 925 inconcinnum
2767 881 2955 936 canat,
3008 880 3065 926 ut
3124 888 3220 926 nos
3265 873 3552 941 ingressuri

1974 959 2245 1013 theatrum
2274 962 2603 1027 angelorum.
2656 962 2923 1017 Plectrum
2951 975 3127 1018 autem
3160 966 3230 1019 sit
3274 966 3425 1018 nobis
3454 968 3553 1018 lin-

1972 1064 2095 1119 gua,
2118 1066 2235 1119 qua:
2282 1051 2413 1105 nihil
2452 1052 2818 1123 injucundum,
2847 1053 2941 1108 sed
2974 1070 3314 1109 numerosum
3347 1065 3400 1107 et
3432 1070 3551 1107 mo-

1973 1139 2211 1194 dulatum
2242 1140 2401 1205 dicat,
2428 1158 2547 1197 cum
2576 1159 2638 1198 ea
2664 1158 2763 1214 qua
2804 1159 2899 1214 par
2917 1155 2999 1199 est
3024 1145 3373 1215 cogitatione;
3403 1157 3454 1199 et
3485 1146 3550 1199 ad

1975 1229 2141 1284 Deum
2168 1232 2510 1299 accedentes,
2553 1243 2824 1305 rogantes,
2856 1244 2909 1289 et
2935 1245 3168 1299 orantes,
3207 1251 3299 1305 pro
3329 1236 3555 1289 inimicis

1975 1320 2105 1374 lides
2146 1322 2414 1389 pulsemus
2455 1340 2469 1377 :
2506 1323 2576 1378 ita
2620 1326 2761 1381 enim
2818 1340 2915 1395 pro
2968 1327 3120 1381 nobis
3168 1341 3379 1397 quoque
3428 1326 3556 1397 ipsis

1972 1412 2336 1465 exaudiemur.

2044 1503 2096 1558 5.
2140 1503 2356 1573 lnjurite
2381 1507 2659 1560 recordatio
2686 1522 2833 1574 quam
2867 1509 3038 1562 noxia.
3067 1535 3138 1548 --
3164 1507 3287 1563 llzrc
3315 1525 3413 1562 vox
3444 1508 3556 1563 dat!-

1974 1609 2160 1650 mones
2183 1597 2386 1666 pudore
2412 1597 2596 1661 afﬁcit,
2621 1599 2735 1654 haac
2763 1599 2853 1654 dat
2881 1600 3034 1655 nobis
3061 1602 3278 1654 liberam
3306 1585 3552 1671 loquendi

1974 1693 2327 1754 potestatem;
2376 1688 2489 1744 lucc
2534 1688 2739 1761 pudore
2781 1691 2943 1746 afﬁcit
2982 1692 3327 1763 proﬂigatque
3371 1693 3556 1746 diahu.

1974 1776 2103 1831 lum.
2136 1778 2315 1849 Neque
2359 1781 2500 1834 enim
2544 1779 2753 1836 daemon
2794 1782 2865 1836 ita
2909 1798 3028 1837 eum
3059 1786 3279 1847 metuit,
3304 1784 3392 1853 qui
3432 1799 3551 1837 eum

1975 1867 2264 1935 expellitet
2286 1869 2426 1939 cjicit
2454 1886 2517 1926 ex
2547 1872 2652 1926 alio
2682 1871 2915 1936 homine,
2937 1883 2992 1928 ut
3018 1873 3286 1928 hominem
3311 1875 3396 1942 qui
3421 1872 3552 1926 iram

1973 1958 2158 2024 vincit,
2188 1968 2241 2012 et
2266 1960 2442 2014 animo
2464 1960 2688 2029 imperat
2722 1979 2735 2015 :
2769 1977 2890 2015 nam
2921 1962 3023 2015 hoc
3050 1962 3218 2031 ipsum
3245 1979 3454 2033 quoque
3476 1970 3558 2015 est

1975 2064 2148 2105 3:cvus
2174 2051 2382 2106 dannon
2407 2092 2421 2116 ,
2454 2062 2507 2107 ct
2537 2053 2652 2107 irati
2696 2054 2870 2123 potius
2914 2069 3070 2123 quam
3111 2055 3199 2124 qui
3242 2070 3270 2106 a
3314 2053 3557 2107 daanone

1975 2152 2254 2207 vexantur,
2277 2144 2457 2197 miseri
2478 2143 2686 2197 dicendi
2705 2152 2844 2197 sunt.
2866 2143 2907 2197 Α
2927 2144 3168 2197 daemone
3189 2144 3330 2197 enim
3353 2144 3555 2206 vexari,

1978 2246 2084 2284 non
2114 2232 2350 2286 immittit
2377 2230 2427 2286 in
2454 2231 2752 2301 gehennam
2788 2251 2801 2287 :
2831 2234 2985 2286 irasci
3012 2242 3210 2298 autem,
3242 2243 3297 2287 et
3325 2243 3557 2300 accepta:

1978 2323 2184 2391 injuriae
2222 2325 2560 2392 meminisse,
2598 2325 2812 2394 expellit
2841 2326 2907 2381 ab
2944 2325 3059 2395 ipso
3093 2340 3256 2394 regno
3283 2324 3556 2379 ca-lortnn.

1976 2414 2032 2471 Si
2059 2416 2351 2472 orationem
2385 2416 2451 2469 ita
2481 2419 2969 2484 temperaverimus,
2996 2416 3282 2485 poterimus
3310 2430 3404 2468 nos
3427 2426 3563 2483 quo-

1977 2527 2080 2581 que
2127 2511 2235 2564 Deo
2281 2508 2506 2562 ﬁdenter
2546 2507 2767 2562 dicere:
2798 2506 3003 2561 Exaudi
3052 2509 3325 2560 orationem
3374 2523 3556 2559 meam.

1978 2602 2154 2668 Quare
2195 2615 2298 2653 non
2328 2599 2497 2652 solum
2525 2600 2748 2667 teipsum
2773 2598 2981 2667 juvabis
3011 2606 3063 2651 ct
3103 2598 3440 2667 promovebis
3471 2607 3559 2652 tua

1979 2691 2383 2760 supplicatione,
2413 2689 2506 2743 sed
2540 2690 2703 2743 Deum
2736 2691 2894 2743 etiam
2922 2689 3221 2742 audientem
3249 2687 3558 2751 dt-lectabis,

1980 2794 2035 2837 ut
2064 2783 2151 2852 qui
2175 2783 2288 2851 ejus
2320 2779 2596 2850 prmceptis
2627 2779 2823 2848 aliquid
2850 2779 3063 2848 dignum
3093 2789 3240 2849 petas
3269 2797 3282 2833 :
3313 2780 3558 2847 quocirca

1979 2874 2138 2928 etiam
2171 2872 2323 2926 facile
2361 2880 2579 2925 annuet.
2611 2870 2719 2924 lloc
2750 2870 2835 2924 illa
2863 2870 3147 2938 adoptione
3174 2869 3389 2939 dig-num
3433 2877 3513 2922 est
3544 2887 3558 2921 :

1982 2964 2084 3019 hoc
2112 2963 2259 3018 illum
2304 2962 2529 3016 maxime
2555 2961 2916 3017 characterem
2958 2960 3208 3014 ostendit.
3233 2956 3439 3022 Estote,
3474 2959 3558 3012 in-

1981 3054 2116 3124 quit,
2141 3053 2506 3117 misericordes,
2534 3054 2660 3106 sicut
2698 3062 2743 3105 et
2769 3049 2926 3106 Pater
2953 3061 3109 3105 vester
3131 3051 3215 3121 qui
3241 3061 3309 3104 est
3338 3051 3390 3103 in
3426 3052 3561 3106 cazlis

1984 3143 2132 3215 (Luc.
2168 3144 2221 3197 6.
2252 3143 2341 3212 36)
2369 3159 2382 3203 ;
2415 3152 2468 3197 et
2494 3156 2680 3196 rursus
2707 3159 2719 3194 :
2754 3140 2904 3195 Orate
2929 3157 3020 3211 pro
3046 3142 3107 3194 iis
3130 3142 3216 3210 qui
3242 3141 3376 3194 vobis
3397 3141 3559 3193 insul-

1984 3245 2108 3300 tant,
2125 3244 2177 3290 ut
2198 3235 2304 3290 sitis
2332 3234 2517 3289 similes
2536 3231 2707 3287 Patris
2734 3234 2897 3298 vestri,
2926 3235 3012 3302 qui
3036 3243 3108 3286 est
3126 3234 3174 3285 in
3192 3234 3326 3286 ca’lis
3348 3230 3559 3302 (.llattlt.

1983 3328 2035 3383 5.
2067 3327 2136 3385 44
2231 3326 2367 3393 Quid
2391 3340 2518 3395 ergo
2545 3335 2718 3394 potest
2745 3339 2864 3378 cum
2897 3324 2994 3376 hac
3023 3323 3263 3377 oratione
3285 3323 3514 3377 conferri
3539 3322 3561 3374 ἲ

1984 3418 2111 3474 Rrec
2154 3434 2257 3473 non
2287 3418 2484 3488 angelis
2522 3433 2621 3472 nec
2654 3417 3005 3487 archangelis,
3034 3417 3125 3471 sed
3158 3417 3252 3485 ipsi
3284 3415 3412 3486 [legi
3441 3414 3565 3469 facit

1984 3511 2231 3566 similem.
2254 3512 2353 3576 Qui
2383 3522 2559 3565 autem
2587 3509 2738 3579 Regi,
2768 3518 3018 3578 quantum
3061 3509 3204 3573 licet,
3238 3507 3392 3561 fuerit
3417 3506 3565 3561 simi-

1984 3600 2071 3665 lis,
2104 3601 2378 3656 considera
2407 3610 2599 3670 quanta
2626 3610 2798 3657 utetur
2827 3598 3014 3653 ﬁducia
3043 3608 3095 3652 et
3124 3597 3371 3667 loquendi
3407 3596 3566 3651 liber-

1985 3699 2094 3747 tale
2119 3693 2171 3746 in
2196 3692 2545 3748 orationibus.
2571 3692 2622 3745 5.
2654 3690 2775 3743 Filii
2814 3691 3109 3753 hominum,
3129 3706 3384 3759 quousque
3424 3688 3566 3759 gravi

1985 3782 2170 3836 corde!
2200 3781 2265 3837 Ut
2304 3781 2427 3852 quid
2464 3781 2672 3851 diligitis
2706 3777 3006 3844 vanitatem,
3037 3789 3081 3832 et
3107 3779 3327 3848 quwritts
3361 3778 3572 3833 menda»

1984 3873 2117 3926 cium
2135 3872 2255 3926 ?Ad
2282 3887 2537 3942 quosnam
2556 3870 2733 3942 dirigit
2758 3871 3055 3926 Orationem
3092 3879 3140 3923 et
3172 3868 3566 3937 inorepat,_subo

1980 3963 2258 4034 iungitque
2285 3961 2603 4019 consilium?
2629 3977 2886 4029 quosnam
2915 3970 3063 4014 vocat
3091 3960 3225 4013 ﬁlios
3253 3959 3524 4013 hominum
3543 3959 3580 4012 2‘

1986 4056 2093 4111 Eos
2114 4056 2201 4125 qui
2232 4055 2413 4109 vivunt
2450 4055 2504 4108 in
2538 4038 2873 4123 improbitate
2894 4094 2908 4119 ,
2939 4051 3028 4122 qui
3057 4060 3180 4105 sntit
3216 4052 3474 4119 proclives
3498 4049 3567 4103 ad

1986 4149 2297 4220 nequitiam.
2325 4146 2716 4216 Quamobrem?
2747 4160 2846 4199 nos
2884 4145 3025 4199 enim
3068 4159 3244 4195 amton
3275 4142 3366 4195 filii
3394 4141 3575 4195 homi-t

1987 4240 2148 4294 num?
2173 4238 2367 4293 Natura
2393 4237 2605 4303 quidem
2629 4235 2901 4293 hominum
2926 4234 3036 4297 lilii,
3064 4234 3235 4302 gratia
3255 4242 3429 4286 autem
3458 4246 3571 4285 non

1986 4331 2249 4400 amplius,
2289 4327 2383 4384 sed
2412 4326 2503 4382 Dei
2533 4326 2646 4380 filii.
2680 4322 2736 4381 Si
2766 4339 2891 4394 ergo
2932 4324 3090 4377 etiam
3124 4322 3237 4392 ejus
3285 4321 3567 4401 imaginem

1987 4437 2106 4491 quae
2149 4428 2231 4474 est
2281 4417 2569 4474 secundum
2619 4416 2863 4469 virtutem
2905 4413 3393 4468 conservaverinius
3418 4453 3433 4470 .
3468 4419 3573 4465 crit

1988 4512 2141 4568 nobis
2184 4510 2382 4565 donum
2429 4509 2687 4578 integrum
2722 4522 2736 4558 :
2765 4521 2859 4560 eos
2888 4505 3033 4558 enim
3063 4504 3151 4575 qui
3191 4503 3284 4558 Dei
3330 4502 3417 4556 lilii
3447 4501 3568 4555 faciti

1990 4615 2114 4662 sunt
2158 4620 2252 4674 per
2288 4603 2509 4673 gratiam
2539 4642 2552 4664 ,
2583 4601 2741 4655 etiam
2772 4613 2869 4666 per
2898 4597 3015 4649 vitm
3042 4612 3151 4653 sua:
3181 4593 3567 4671 institutionem

1990 4713 2108 4752 eam
2151 4701 2364 4765 Oportet
2414 4691 2695 4760 imaginem
2738 4687 3055 4757 exprimere.
3088 4684 3238 4757 Quod
3266 4693 3444 4738 autem
3476 4698 3573 4736 eos

1992 4790 2078 4858 qui
2107 4787 2225 4841 vita:
2251 4785 2391 4844 curis
2416 4784 2534 4855 plus
2556 4781 2717 4839 dediti
2747 4790 2887 4844 sunt,
2912 4788 2966 4832 et
2991 4779 3054 4832 ad
3085 4778 3265 4833 vitium
3293 4775 3567 4846 propensi,

1992 4890 2144 4934 vocat
2185 4879 2319 4932 lilios
2356 4874 2627 4934 hominum
2649 4916 2662 4936 ,
2693 4871 2813 4925 andi
2849 4888 2862 4922 :
2903 4869 3132 4922 l’ideutes
3157 4876 3321 4921 autem
3351 4864 3442 4929 lilii
3479 4861 3569 4916 Dei

1993 4972 2127 5042 ﬁlias
2150 4969 2402 5022 hominum
2427 4963 2645 5026 (601.6.
2677 4960 2754 5035 Ξ),
2778 4961 2932 5030 Atqui
2962 4959 3309 5039 contrarium,
3338 4954 3566 5023 inquies,

1993 5063 2193 5119 dixisti.
2224 5061 2569 5130 Nequaquam
2600 5075 2613 5110 :
2646 5055 2736 5109 Dei
2777 5053 2919 5107 enim
2964 5053 3097 5105 ﬁlios
3127 5049 3212 5104 hic
3248 5047 3451 5101 vocavit
3476 5059 3572 5098 eos

1994 5154 2080 5225 qui
2125 5164 2275 5207 antea
2307 5167 2373 5207 ex
2403 5149 2527 5215 viris
2549 5147 2702 5200 bonis
2731 5144 2839 5198 nati
2870 5143 3092 5207 fuerant,
3122 5150 3173 5199 et
3204 5153 3235 5197 a
3261 5138 3369 5192 Deo
3398 5135 3569 5190 bono-

1993 5263 2104 5302 rem
2141 5252 2512 5315 perceperant,
2541 5238 2731 5295 deinde
2763 5233 2950 5290 mutati
2973 5241 3123 5289 erant
3146 5272 3162 5296 ,
3193 5240 3250 5285 et
3293 5235 3574 5283 evaserant

1995 5336 2286 5393 deteriores
2309 5375 2325 5394 ,
2351 5345 2611 5400 suumque
2642 5331 2896 5382 honorem
2930 5323 3285 5394 perdiderant.
3321 5318 3391 5375 Ut
3425 5318 3568 5373 enim

1996 5428 2162 5497 magis
2207 5420 2553 5492 ampliﬁcaret
2597 5433 2781 5474 eorum
2834 5412 3343 5485 reprehensionem,
3383 5422 3569 5463 eorum

1996 5518 2250 5574 honorem
2291 5513 2636 5576 memoravit,
2666 5508 2955 5563 maximum
2992 5521 3112 5563 esse
3150 5505 3350 5560 crimen
3392 5508 3573 5554 osten-

1996 5610 2149 5675 dens,
2181 5605 2317 5677 quod
2347 5621 2466 5659 cum
2501 5602 2632 5657 tales
2673 5607 2886 5663 essent,
2925 5607 2978 5651 et
3008 5595 3109 5651 orti
3141 5611 3205 5650 ex
3248 5591 3441 5647 talibus
3466 5630 3479 5653 ,
3507 5587 3572 5640 ad

2000 5688 2195 5757 tantam
2248 5715 2306 5752 se
2357 5693 2776 5767 prmcipitasscnt
2823 5689 3229 5756 improbitatem.
3284 5683 3348 5736 Et
3391 5695 3576 5767 rursus

2010 5797 2147 5851 Deus
2173 5811 2183 5845 :
2216 5790 2323 5861 Ego
2353 5766 2478 5854 dixi,
2515 5783 2599 5839 Dii
2625 5783 2761 5849 estis,
2794 5790 2837 5835 et
2862 5779 2957 5847 ﬁlii
2987 5776 3226 5832 Altissimi
3251 5786 3438 5828 anates.
3478 5766 3579 5820 Vos
