3928 6276
414 410 478 464 47
1157 401 1214 457 S.
1240 399 1516 456 JOANNIS
1553 393 2013 454 CHRYSOSTOMI
2055 395 2362 449 AllClllEP.
2405 392 2924 450 CONSTANTINOP.
3600 391 3673 444 48

411 530 660 576 autem-ut
685 521 910 574 homines
943 519 1194 572 morimini
1225 517 1244 589 (
1271 515 1410 572 Psal.
1434 518 1524 572 8|.
1553 515 1679 586 67).
1715 515 1779 568 Et
1815 514 1988 569 consi-

413 613 539 666 dera
571 610 840 680 propheta!
859 609 1355 678 prudentiamJIum
1381 607 1527 676 prius
1555 605 1873 660 ostendisset
1896 603 1985 656 Dei

417 700 731 770 potentiam,
749 699 1070 758 facultatem.
1094 699 1383 761 solertiam,
1409 697 1780 766 benignitatem
1802 703 1857 749 et
1877 695 1988 748 cle-

418 792 668 845 utentiain
693 829 710 853 ,
741 789 880 858 quod
927 789 978 842 in
1006 789 1289 842 afﬂictione
1313 787 1534 851 dilatet,
1563 786 1702 856 quod
1732 785 1990 839 miserans

417 888 651 932 annuat:
674 877 867 932 deinde
896 879 1132 947 cogitans
1152 877 1374 932 eﬂu~um
1399 878 1450 930 in
1477 875 1779 930 hominibus
1804 875 1989 928 vitium

417 980 472 1025 et
515 970 844 1041 tyrannidem
891 969 1171 1038 impietatis
1203 987 1218 1024 :
1249 977 1516 1038 tamquam
1561 968 1722 1022 animi
1765 981 1993 1020 Inmrore

421 1060 707 1114 suffocatus
729 1099 744 1123 ,
773 1060 1036 1115 convertit
1080 1074 1380 1114 sermonem
1405 1061 1472 1113 ad
1513 1073 1605 1114 eos
1635 1058 1724 1128 qui
1770 1058 1821 1112 in
1853 1058 1993 1110 vitiis

424 1152 582 1207 vitam
605 1152 820 1221 degunt,
841 1151 1216 1221 propemodum
1239 1149 1594 1206 dieens:Cum
1617 1150 1772 1204 talem
1801 1148 1997 1203 habea-

425 1243 494 1296 tis
537 1241 701 1296 Deum
727 1281 742 1305 ,
781 1241 915 1296 adeo
955 1241 1238 1311 benignum
1259 1281 1274 1305 ,
1303 1241 1438 1296 adeo
1479 1241 1794 1296 clementem
1819 1280 1833 1303 ,
1862 1239 1996 1293 adeo

427 1339 718 1399 potentem,
747 1332 1012 1401 quomodo
1035 1331 1338 1386 deelinastis
1375 1330 1442 1384 ad
1473 1331 1840 1400 impietatem?
1869 1329 1998 1383 Vide

427 1430 604 1476 autem
623 1430 818 1489 quanta
847 1423 920 1475 ira
951 1421 1104 1475 simul
1128 1428 1181 1475 et
1200 1421 1434 1485 lenitate,
1449 1429 1642 1489 quanta
1668 1417 1997 1488 philosophia

426 1511 719 1566 admonitio
745 1511 896 1581 plena
930 1512 1017 1566 sit.
1045 1511 1181 1579 Quid
1204 1513 1344 1566 enim
1370 1512 1536 1566 dicit?
1565 1510 1687 1564 Filii
1717 1511 1994 1574 hominum,

428 1619 683 1672 quousque
707 1604 848 1672 gravi
874 1603 1024 1656 corde
1043 1603 1068 1655 ?
1093 1603 1204 1657 Hoc
1231 1610 1312 1656 est
1339 1603 1453 1669 ejus
1479 1602 1566 1670 qui
1596 1602 1827 1670 graviter
1853 1603 2000 1654 inve-

432 1691 578 1746 nitur
601 1692 759 1745 etiam
785 1705 850 1745 ex
879 1691 1132 1759 temporis
1157 1691 1524 1745 diuturnitate.
1549 1689 1602 1744 Si
1624 1691 1764 1743 enim
1794 1689 1884 1742 Dei
1911 1688 2004 1742 be-

434 1782 768 1838 neficentiam
812 1783 880 1837 ab
919 1781 1070 1836 initio
1113 1797 1218 1835 non
1265 1782 1627 1836 considerasse
1672 1781 1843 1835 scelus
1876 1791 1954 1833 cst
1988 1796 2004 1834 :

434 1888 594 1942 quam
623 1872 832 1925 veniam
861 1881 1216 1941 consequetur
1234 1913 1248 1935 ,
1276 1872 1362 1941 qui
1390 1872 1529 1926 circa
1563 1871 1834 1924 veritatem
1867 1880 2003 1923 tam-

436 1963 526 2018 ditt
552 1963 829 2018 ea'cutiat?
848 1963 984 2030 Quid
1005 1971 1084 2017 est
1108 1974 1305 2026 autem,
1337 1977 1454 2016 esse
1477 1962 1625 2032 gravi
1652 1963 1812 2016 corde
1833 1963 1855 2014 ?
1877 1961 2009 2016 Gra-

439 2065 529 2106 ves
557 2052 720 2106 corde
747 2063 907 2118 sunt,
939 2052 1030 2122 qui
1059 2062 1183 2106 sunt
1210 2068 1394 2107 crasso
1421 2053 1582 2107 corde
1601 2094 1614 2115 ,
1645 2053 1905 2117 carnales,
1932 2051 2010 2105 af-

440 2143 527 2195 fixi
552 2151 726 2206 terrae,
741 2143 924 2197 vitium
950 2153 1250 2212 sequentes,
1269 2143 1655 2211 improbitatem
1676 2152 2007 2207 exercentes,

442 2233 655 2287 libidine
692 2243 744 2287 et
785 2234 1053 2302 voluptate
1090 2235 1322 2302 corrupti
1351 2251 1364 2286 :
1394 2235 1511 2288 talis
1538 2235 1679 2288 enim
1709 2234 1867 2288 homo
1895 2220 2015 2289 car—

443 2321 593 2390 ualis.
626 2323 690 2376 Et
707 2323 866 2376 vitam
895 2338 1078 2376 eorum
1111 2323 1524 2391 reprehendens.
1556 2324 1788 2379 ostendit
1812 2323 2012 2378 fon'em

445 2413 730 2484 impietatis
751 2454 765 2477 ,
795 2413 1095 2483 significans
1121 2413 1221 2467 hoc
1260 2414 1337 2467 eis
1376 2429 1494 2467 esse
1530 2415 1759 2468 maximo
1791 2415 2011 2483 impedi-

447 2517 662 2570 mento,
693 2507 973 2575 quominus
1002 2505 1066 2559 ad
1106 2506 1206 2558 alta
1241 2506 1484 2574 dogmata
1515 2507 1841 2575 perveniant.
1874 2506 2015 2559 Nihil

447 2595 588 2648 enim
618 2610 711 2648 cor
737 2595 871 2648 adeo
898 2605 1176 2664 aggravat,
1209 2605 1266 2650 ut
1311 2597 1472 2650 libido
1501 2597 1635 2650 mala
1657 2638 1671 2661 ,
1703 2611 1766 2650 ac
1795 2597 2016 2651 saecula-

450 2684 584 2736 rium
632 2693 1064 2754 terrenarumque
1113 2700 1287 2739 rerum
1341 2701 1466 2739 cura
1511 2686 1865 2754 studiumque.
1916 2683 2020 2738 Cor

451 2772 746 2841 huiusmodi
781 2790 884 2827 non
926 2775 1183 2828 erraverit
1210 2775 1298 2844 qui
1329 2775 1526 2828 luteum
1556 2775 1935 2844 appellaverit;
1967 2783 2022 2827 et

453 2863 571 2918 ideo
599 2865 646 2916 id
677 2880 834 2933 grave
867 2868 1104 2931 vocavit;
1139 2877 1190 2921 et
1212 2868 1261 2920 id
1289 2867 1425 2921 dixit
1451 2882 1570 2920 esse
1598 2879 1809 2921 causam
1852 2868 2020 2919 malo-

452 2970 589 3019 rum,
622 2954 764 3022 quod
812 2971 931 3010 cum
975 2959 1169 3026 auriga:
1213 2955 1386 3011 locum
1429 2966 1645 3023 teneat,
1695 2973 1798 3011 non
1851 2958 2022 3011 solum

452 3059 647 3113 equum
679 3043 896 3100 habenis
939 3063 1041 3100 non
1080 3047 1360 3114 cohibeat,
1387 3048 1478 3103 sed
1503 3048 1661 3102 etiam
1687 3064 1804 3102 cum
1831 3063 1895 3103 eo
1921 3055 2026 3100 tra-

457 3133 616 3188 hente
656 3134 900 3190 deorsum
945 3137 1334 3206 praecipitetur;
1365 3153 1590 3207 cumque
1630 3147 1869 3208 oporteat
1904 3153 2024 3192 car-

460 3238 580 3276 nem
609 3223 706 3278 alis
732 3225 1013 3292 instruere,
1041 3225 1318 3281 sublimem
1339 3243 1518 3296 agere.
1539 3239 1592 3283 et
1618 3228 1668 3282 in
1691 3228 1879 3282 exulum
1908 3243 2025 3283 sus-

462 3313 668 3377 tollere,
700 3330 760 3370 ea
787 3331 905 3371 cum
951 3318 1319 3386 agritudiuum
1351 3319 1660 3386 gravissimo
1689 3334 1849 3374 onere
1872 3319 2029 3374 deor-

458 3419 574 3459 sum
619 3422 721 3461 una
758 3406 1104 3476 deprimatur.
1135 3410 1356 3476 Quando
1397 3425 1524 3479 ergo
1551 3411 1634 3465 vel
1683 3411 1898 3480 auriga,
1941 3412 2027 3465 vel

459 3496 779 3566 gubernator
819 3500 939 3555 talis
977 3500 1166 3565 fuerit,
1195 3516 1435 3568 quaenam
1461 3510 1542 3556 est
1568 3515 1690 3571 spes
1717 3502 1938 3556 salutis?
1961 3502 2032 3558 Ut

462 3588 672 3654 quando
695 3589 840 3653 dicit,
863 3591 922 3644 Si
943 3591 1032 3643 lux
1051 3607 1163 3658 qua:
1191 3593 1242 3643 in
1265 3599 1310 3643 te
1332 3600 1424 3655 est,
1445 3591 1655 3645 tenebra:
1677 3603 1812 3657 sunt,
1833 3603 2032 3662 quantae

462 3688 577 3732 sunt
605 3679 816 3731 tenebrte
843 3680 863 3749 (
884 3679 1067 3732 Matth.
1100 3681 1154 3734 6.
1183 3679 1316 3747 25)?
1344 3681 1566 3745 Quando
1594 3689 1675 3735 est
1712 3681 2034 3750 gubernator

462 3767 641 3820 ebrius
664 3809 678 3830 ,
710 3777 765 3822 et
791 3769 1043 3821 ﬂuctuum
1070 3783 1132 3822 ac
1155 3778 1432 3824 ventorum
1465 3771 1697 3824 imitatur
1723 3771 2030 3826 inconstan-

466 3859 613 3917 tiam,
642 3857 908 3923 quomodo
935 3859 1083 3912 navis
1111 3859 1447 3913 servabitur?

537 3949 590 4003 6.
632 3948 767 4014 Quid
801 3963 927 4017 ergo
964 3957 1137 4017 potest
1177 3950 1344 4004 levem
1371 3951 1598 4003 animam
1637 3950 1888 4005 efficere?
1915 3950 2034 4006 Vita

469 4037 746 4100 mirabilis,
771 4037 814 4091 si
841 4038 906 4091 ad
937 4040 1131 4092 nullam
1162 4054 1335 4094 rerum
1369 4039 1522 4108 hujus
1550 4041 1672 4093 vitm
1698 4041 1992 4110 aspiremus
2015 4081 2032 4108 ,

469 4142 569 4181 nec
599 4125 818 4194 pedibus
839 4127 1124 4197 quidquam
1142 4129 1415 4199 alligemus
1438 4145 1619 4184 eorum
1642 4146 1758 4200 qua:
1786 4130 2032 4186 deorsum

467 4227 524 4272 et
553 4217 810 4282 feruntur,
841 4228 893 4273 et
923 4217 1113 4273 ferunt.
1139 4219 1219 4272 Ex
1247 4221 1556 4287 corporibus
1581 4222 1722 4274 enitn
1751 4220 1854 4274 alia
1882 4221 2040 4275 deor-

469 4321 586 4359 sum
619 4305 741 4360 ferri
770 4307 960 4372 solent,
986 4317 1044 4362 ut
1073 4307 1293 4377 lapides,
1326 4310 1480 4378 ligna,
1514 4318 1568 4364 et
1594 4325 1712 4380 quae
1738 4319 1862 4364 sunt
1897 4310 2040 4379 ejus-

471 4396 647 4461 modi;
677 4398 778 4450 alia
809 4413 936 4453 vero
972 4415 1212 4465 sursum,
1235 4410 1292 4454 ut
1321 4401 1488 4470 ignis,
1515 4402 1756 4469 spiritus,
1786 4408 1841 4456 et
1865 4401 2041 4469 pluma

471 4497 659 4542 natura
702 4504 796 4544 sua
826 4489 978 4544 levis.
1011 4490 1068 4545 Si
1107 4491 1231 4560 quid
1260 4508 1386 4562 ergo
1415 4508 1599 4548 eorum
1628 4510 1748 4563 qua:
1789 4495 2038 4550 deorsum

471 4576 733 4642 feruntur,
749 4579 797 4631 ei
819 4578 956 4647 quod
985 4579 1100 4634 leve
1124 4590 1205 4634 est
1229 4581 1544 4651 alligaveris.
1563 4585 1703 4637 nulla
1732 4593 1815 4637 est
1836 4585 2040 4639 alarum

471 4682 570 4723 nec
599 4668 816 4737 spiritus
845 4670 1043 4724 utilitas
1062 4712 1077 4736 ,
1109 4686 1229 4724 cum
1272 4672 1521 4738 excedat,
1552 4683 1765 4744 superet
1789 4685 1845 4730 et
1868 4676 2044 4730 vincat

468 4758 719 4828 gravitas.
747 4757 822 4812 ita
861 4760 1017 4838 etiam
1051 4761 1096 4815 si
1123 4762 1238 4830 quis
1258 4763 1419 4832 pedes
1445 4763 1686 4818 habuerit
1708 4777 2039 4833 aggravatos,

471 4847 554 4902 vel
602 4859 818 4918 propter
863 4852 1031 4905 malos
1072 4852 1349 4908 afﬂuentes
1391 4852 1677 4920 humores,
1707 4854 1790 4908 vel
1828 4863 2044 4923 prepter

471 4939 629 4993 aliam
660 4941 1044 5009 aegritudinem,
1075 4942 1204 4998 nihil
1227 4959 1348 4998 eum
1373 4944 1588 5013 juverit,
1616 4945 1660 4998 si
1687 4945 1756 4999 sit
1783 4945 2040 5012 reliquum

469 5046 666 5101 corpus
706 5032 840 5088 leve.
868 5034 921 5088 Si
948 5045 1124 5088 autem
1154 5035 1256 5090 hoc
1283 5044 1367 5090 est
1406 5037 1456 5088 in
1503 5035 1815 5104 corporibus
1834 5075 1849 5098 ,
1877 5036 2045 5090 multo

472 5124 638 5194 magis
666 5125 717 5178 in
744 5124 924 5180 corde.
957 5123 1033 5178 Ne
1060 5125 1218 5194 igitur
1246 5125 1371 5180 illud
1405 5139 1769 5196 aggravemus,
1803 5139 1870 5178 ne
1909 5124 2045 5179 sicut

474 5217 714 5286 navigia,
738 5232 857 5287 qua:
888 5216 1107 5272 nimium
1139 5215 1334 5272 habent
1361 5216 1600 5271 saburra:
1627 5258 1642 5278 .
1683 5215 2042 5287 demergatur.

473 5305 528 5358 In
555 5315 735 5360 nostra
764 5307 907 5362 enim
939 5307 1041 5363 hoc
1065 5315 1326 5378 potestate
1355 5307 1512 5361 situm
1535 5318 1634 5361 est.
1664 5306 1778 5360 Non
1799 5308 1939 5360 enim
1962 5315 2044 5360 ta-

474 5397 538 5452 lis
563 5407 646 5452 est
671 5410 874 5465 natura,
902 5400 994 5454 sed
1019 5400 1134 5456 leve
1159 5409 1214 5455 et
1241 5415 1448 5454 sursum
1469 5399 1691 5455 tendens
1712 5399 1905 5453 factum
1928 5409 2040 5453 cst:

473 5501 573 5541 nos
615 5499 788 5543 autem
820 5490 989 5558 ipsum
1018 5500 1211 5560 praeter
1249 5501 1488 5543 naturam
1527 5505 1687 5559 grave
1727 5489 1964 5551 facimus,
1993 5499 2046 5545 et

475 5579 596 5634 ideo
636 5582 890 5650 propheta
930 5581 1303 5651 reprehendit:
1333 5581 1375 5635 si
1417 5592 1590 5636 autem
1623 5593 1802 5635 natura
1837 5582 1938 5634 tale
1961 5598 2045 5635 es-

474 5678 590 5732 set.
621 5685 953 5742 nequaquam
1000 5672 1446 5740 reprehendisset.
1480 5672 1544 5726 Ut
1588 5688 1715 5742 ergo
1759 5671 2044 5725 secundum

473 5771 722 5820 naturam
745 5765 1057 5829 incedimus,
1087 5766 1178 5820 sed
1208 5768 1250 5820 si
1281 5781 1625 5836 aggratemus
1651 5781 1840 5837 genua,
1872 5781 1956 5821 res
1988 5772 2044 5820 tit

2098 527 2289 582 pra'ter
2316 528 2554 570 naturain
2575 559 2588 581 ,
2621 532 2740 570 cum
2771 531 2868 570 nos
2893 517 3058 569 simus
3085 509 3322 583 impediti
3349 529 3361 565 :
3396 511 3464 564 ita
3505 510 3673 563 etiam

2095 606 2146 659 in
2177 607 2396 674 pedibus
2420 607 2633 670 mentis,
2655 623 2844 676 nempe
2874 607 2923 660 in
2946 604 3369 674 cogitationibus,
3387 603 3675 655 usuvenire

2095 696 2248 749 solet.
2276 694 2344 750 Ut
2385 698 2507 765 quid
2545 698 2752 768 diligitis
2789 680 3072 758 nouitatem,
3113 704 3160 747 et
3193 695 3416 762 queritis
3452 693 3672 745 menda-

2094 789 2266 841 cium?
2319 788 2414 844 llic
2459 788 2761 853 simulacra,
2817 798 2872 843 et
2918 790 3077 841 vitam
3124 787 3416 856 improbam
3459 786 3670 838 videtur

2097 879 2225 932 mihi
2253 879 2450 933 dicere.
2483 879 2687 933 Vautnn
2733 880 2874 934 enim
2905 877 3032 932 illud
3061 876 3256 930 dicitur
3289 874 3434 944 quod
3467 883 3549 928 est
3577 889 3674 924 va-

2097 984 2277 1033 cuum,
2301 969 2514 1038 quando
2537 984 2729 1024 nomen
2755 970 2964 1040 quidem
2998 967 3172 1030 fuerit,
3202 981 3287 1020 res
3314 980 3674 1035 nequaquam.

2098 1057 2170 1112 Ita
2199 1058 2338 1128 apud
2365 1059 2578 1115 Gnaeos
2605 1061 2815 1114 nomina
2841 1059 3054 1129 quidem
3095 1057 3315 1112 deorum
3348 1056 3510 1110 multa
3534 1096 3549 1120 ,
3581 1069 3671 1110 res

2098 1165 2227 1205 vero
2256 1152 2508 1216 minime;
2539 1159 2593 1206 et
2640 1151 2692 1204 in
2742 1151 2860 1205 aliis
2903 1149 3190 1204 similiter:
3225 1163 3416 1200 nomen
3462 1145 3668 1200 divitia-

2100 1257 2238 1307 rum,
2271 1257 2358 1297 res
2385 1254 2560 1296 autem
2590 1242 2839 1305 minime;
2870 1250 2925 1296 et
2967 1255 3158 1294 nomen
3187 1238 3401 1309 gloriae,
3432 1252 3518 1291 res
3543 1253 3678 1292 vero

2101 1333 2352 1395 minime;
2379 1347 2572 1387 nomen
2599 1331 2866 1401 potentiae,
2892 1339 2945 1384 et
2973 1339 3211 1384 remanet
3237 1328 3412 1383 solum
3455 1343 3675 1381 nomen.

2102 1424 2230 1490 Quis
2255 1435 2335 1476 est
2358 1439 2486 1491 ergo
2509 1422 2642 1476 adeo
2665 1436 2872 1486 excors,
2901 1429 2959 1475 ut
2978 1429 3180 1491 quaerat
3201 1420 3411 1473 nomina
3436 1434 3554 1487 quae
3585 1433 3677 1472 re-

2104 1516 2203 1570 bus
2224 1515 2579 1569 destituuntur
2598 1554 2612 1577 ,
2643 1524 2692 1568 et
2723 1521 3068 1582 persequatur
3097 1512 3268 1565 inania
3285 1551 3300 1576 ,
3325 1526 3443 1580 qua:
3466 1517 3684 1578 oportet

2106 1607 2323 1676 fugere?
2341 1608 2531 1659 Annon
2555 1606 2673 1658 vita:
2694 1605 2987 1671 voluptates
3006 1612 3059 1658 et
3081 1603 3356 1658 felicitates
3377 1603 3505 1657 tales
3524 1601 3681 1655 sunt?

2107 1714 2283 1752 nonne
2311 1700 2486 1752 omnia
2509 1699 2847 1762 mentiuntur,
2865 1707 2920 1752 et
2942 1697 3257 1765 decipiunt?
3283 1696 3498 1749 Etiamsi
3524 1697 3684 1748 dixe-

2108 1790 2183 1846 ris
2201 1790 2439 1858 gloriam,
2463 1787 2668 1843 etiamsi
2690 1788 2920 1850 divitias,
2943 1787 3149 1841 etiamsi
3175 1787 3477 1855 potentiam.
3501 1786 3683 1838 omnia

2108 1891 2226 1933 sunt
2257 1879 2477 1932 vanitas.
2513 1879 2576 1932 Et
2614 1877 2733 1932 ideo
2755 1878 2887 1931 dixit
2916 1876 3259 1931 Ecclesiastes
3288 1893 3300 1928 :
3345 1874 3551 1928 Vanitus
3591 1890 3685 1927 an-

2110 1970 2338 2030 uitatum,
2363 1977 2408 2022 et
2432 1969 2597 2020 omnia
2622 1969 2813 2020 vanitas
2837 1965 3051 2035 (Ecclcs.
3086 1967 3135 2019 1.
3161 1965 3240 2031 2).
3273 1965 3556 2030 Propterea
3585 1963 3687 2015 do-

2114 2059 2224 2113 lore
2271 2057 2495 2111 afficitur
2546 2056 2836 2124 praphcta,
2877 2055 3000 2109 dum
3047 2055 3099 2108 in
3146 2055 3248 2107 vita
3292 2054 3434 2108 videt
3483 2065 3685 2106 tantam

2111 2149 2394 2205 amentiam
2427 2165 2441 2200 :
2472 2147 2690 2216 perinde
2714 2147 2854 2200 enim
2885 2155 2965 2200 est
3001 2161 3064 2198 ac
3103 2145 3147 2198 si
3193 2144 3313 2214 quis
3355 2159 3473 2197 cum
3509 2143 3690 2196 videat

2113 2239 2411 2309 quempiam
2454 2239 2622 2292 lucrm
2665 2237 2945 2306 fugientem
2975 2278 2988 2299 ,
3020 2233 3265 2290 tenebras
3294 2244 3470 2288 autem
3501 2248 3688 2301 perse-

2114 2337 2362 2398 quentem
2387 2368 2401 2392 ,
2428 2329 2474 2381 ei
2500 2327 2676 2381 dicat:
2707 2327 2814 2380 Cur
2847 2326 2946 2380 huc
2984 2325 3110 2378 facis
3150 2324 3284 2378 adeo
3323 2325 3606 2377 absurdum
3635 2332 3692 2376 et

2118 2429 2309 2489 pra‘ter
2338 2419 2634 2472 rationem?
2673 2417 2739 2470 ita
2768 2427 2822 2472 et
2847 2420 2958 2486 ipse
2985 2433 2999 2468 :
3027 2416 3130 2469 Cur
3165 2415 3373 2484 diligitis
3399 2415 3689 2472 vanitatem,

2117 2520 2162 2564 et
2187 2509 2408 2580 queritis
2435 2507 2742 2560 mendacium
2760 2509 2848 2561 24.
2871 2506 2935 2558 Et
2959 2507 3131 2559 scitote
3147 2507 3382 2574 quoniam
3408 2504 3696 2568 miri/ienuit

2120 2601 2365 2654 Dominus
2385 2611 2610 2655 sanctum
2639 2617 2802 2653 suum.
2836 2600 2984 2654 Alius
3009 2600 3270 2667 interpres
3292 2597 3416 2651 dicit
3441 2615 3452 2649 :
3479 2595 3582 2650 Sed
3601 2596 3699 2646 sci-

2120 2703 2219 2746 tote
2238 2693 2472 2762 qnoniam
2507 2692 2805 2758 miriﬁcaait.

2195 2781 2456 2846 Quomodo
2503 2781 2744 2849 propheta
2774 2779 2996 2832 homines
3025 2779 3092 2830 ad
3119 2777 3447 2847 cognitionem
3486 2774 3579 2828 Dei
3609 2776 3700 2826 iu-

2123 2877 2294 2929 ducat.
2324 2873 2431 2928 νίας
2461 2873 2664 2927 Domini
2690 2874 2756 2926 ad
2776 2872 3194 2926 disseminandam
3223 2870 3499 2923 doctrinam
3525 2883 3700 2920 suam.

2122 3000 2193 3010 —-
2225 2968 2408 3022 Vidisti
2440 2966 2707 3036 propheta:
2727 2964 3077 3033 sapientiam?
3101 2962 3371 3016 Undenam
3401 2973 3492 3013 eos
3524 2958 3700 3010 addu-

2125 3062 2197 3115 eit
2225 3060 2291 3114 ad
2323 3059 2418 3114 Dei
2456 3057 2845 3128 cognitionem?
2871 3056 2914 3109 Α
2953 3054 3176 3124 quadam
3207 3062 3354 3120 parte
3382 3048 3704 3104 manifestis-
3781 3094 3783 3097 .

2127 3155 2256 3208 sima
2303 3162 2355 3207 et
2394 3151 2628 3206 moribus
2663 3148 2828 3218 magis
2853 3146 3112 3217 cognitis,
3145 3159 3334 3210 nempe
3371 3141 3598 3208 scipsum
3648 3139 3704 3191 in

2128 3243 2358 3298 medium
2384 3241 2672 3295 adducens.
2693 3239 2824 3308 Ego.
2853 3237 3038 3306 inquit,
3070 3249 3254 3290 servus
3278 3248 3398 3286 sum
3425 3231 3516 3285 Dei
3549 3231 3660 3282 veri
3691 3247 3704 3280 :

2128 3354 2158 3391 a
2189 3353 2274 3392 me
2298 3352 2424 3405 ergo
2446 3336 2561 3405 ejus
2580 3333 2766 3388 discite
2789 3332 3092 3401 potentiam,
3124 3330 3390 3392 virtutem,
3418 3325 3708 3394 providen-

2131 3429 2278 3483 tiam.
2310 3427 2424 3480 Non
2451 3435 2532 3480 est
2560 3425 2700 3479 enim
2724 3423 2824 3476 hoc
2847 3437 3084 3492 parvum,
3107 3419 3245 3488 quod
3271 3419 3415 3472 ducit
3444 3418 3494 3470 in
3521 3417 3710 3484 cogni-

2131 3520 2327 3573 tioncm
2373 3516 2487 3572 Dei.
2519 3515 2669 3582 Quod
2711 3513 2918 3584 quidem
2959 3527 3022 3567 ex
3066 3511 3322 3566 creaturis
3367 3509 3534 3578 palam
3581 3507 3711 3560 facit

2132 3607 2386 3678 propheta
2406 3647 2422 3673 ,
2450 3604 2660 3675 quando
2701 3604 2768 3658 de
2809 3604 2924 3670 ejus
2955 3599 3279 3670 providentia
3307 3598 3552 3661 disserit,
3581 3612 3709 3650 cum

2132 3699 2197 3753 ad
2226 3701 2416 3763 solem,
2446 3697 2656 3760 caelum,
2689 3704 2904 3760 terram,
2933 3704 2984 3746 et
3012 3707 3190 3747 aerem
3216 3691 3405 3755 elatus,
3432 3705 3497 3744 ex
3517 3688 3714 3743 ordine

2133 3808 2316 3847 eorum
2345 3807 2460 3857 quae
2487 3788 2729 3842 videntur
2769 3785 3021 3854 Opificem
3061 3782 3309 3852 praedicat
3347 3797 3363 3834 :
3403 3794 3710 3835 sermonem

2134 3899 2344 3953 quoque
2369 3882 2514 3936 ducit
2533 3881 2598 3934 ab
2621 3879 2734 3948 ejus
2759 3878 2948 3940 servis,
2971 3885 3020 3930 et
3043 3875 3109 3928 ah
3131 3875 3193 3928 iis
3217 3889 3336 3942 qua:
3356 3873 3470 3942 ipso
3489 3882 3713 3926 auctore

2135 3977 2468 4045 contigerunt
2497 3991 2510 4028 :
2543 3972 2680 4042 quod
2710 3970 2919 4039 quidem
2950 3970 3108 4023 etiam
3137 3969 3188 4020 in
3215 3966 3477 4020 Abraham
3506 3965 3709 4018 evenit.

2138 4066 2199 4120 Ei
2225 4067 2364 4122 enim
2393 4065 2667 4124 dicebant,
2701 4061 2900 4114 Scimus
2923 4059 3057 4128 quod
3082 4075 3115 4112 a
3146 4057 3248 4110 Deo
3279 4057 3412 4110 renis
3441 4054 3580 4108 nobis
3619 4071 3712 4106 rex

2139 4157 2393 4228 (Geq.2'5.
2418 4155 2492 4224 6).
2526 4153 2674 4209 Unde
2702 4151 2886 4206 scitis?
2915 4151 2990 4203 Ex
3018 4149 3254 4207 victoria,
3284 4163 3350 4200 ex
3381 4146 3613 4214 tropaeis,
3642 4161 3710 4198 ex

2139 4249 2312 4304 bellis.
2332 4247 2443 4302 Hoc
2470 4247 2626 4299 etiam
2647 4245 2698 4298 in
2717 4242 2910 4297 Judaais
2935 4239 3144 4293 accidit.
3164 4238 3409 4291 Miracula
3428 4237 3568 4290 enim
3590 4251 3713 4303 qua:

2142 4355 2237 4410 pro
2277 4341 2356 4394 eis
2400 4339 2530 4392 facta
2573 4344 2714 4402 sunt,
2743 4334 3001 4388 universae
3045 4341 3199 4385 terra:
3230 4331 3468 4384 timorem
3513 4328 3711 4380 attuleo

2141 4441 2298 4496 rttnt,
2327 4430 2466 4499 quod
2494 4427 2649 4482 etiam
2677 4437 2802 4480 tunc
2829 4423 2962 4478 dixit
2995 4425 3242 4476 meretrix
3275 4421 3362 4473 illa
3395 4419 3714 4473 il'erichun-

2141 4526 2250 4580 tina
2276 4541 2288 4582 ;
2317 4521 2500 4576 Cecidit
2524 4521 2575 4573 in
2596 4535 2685 4572 nos
2705 4521 2854 4571 timor
2878 4526 3090 4568 vestrum
3117 4525 3164 4567 et
3193 4525 3375 4564 tremor
3403 4509 3534 4582 (los.
3554 4511 3588 4564 2
3626 4510 3713 4571 9).

2143 4614 2258 4670 Una
2281 4623 2362 4666 est
2383 4626 2510 4681 ergo
2534 4611 2614 4664 via
2644 4624 2705 4663 ea
2733 4623 2849 4677 quae
2890 4614 2970 4659 est
3018 4620 3110 4673 per
3147 4611 3451 4656 creaturas:
3482 4599 3582 4652 alia
3621 4615 3718 4652 ve-

2143 4719 2224 4768 ro,
2251 4717 2418 4772 eaque
2461 4699 2806 4761 manifestior,
2835 4710 2953 4764 quae
2992 4702 3074 4748 est
3104 4707 3195 4762 per
3220 4707 3403 4745 servos
3435 4705 3449 4743 :
3479 4698 3530 4742 et
3575 4689 3718 4743 hanc

2147 4799 2284 4852 Deus
2311 4810 2340 4847 a
2367 4793 2544 4847 multis
2564 4801 2706 4846 retro
2731 4788 2937 4842 saeculis
2956 4785 3248 4839 doctrinam
3276 4779 3634 4835 disseminavit
3662 4781 3716 4832 iu

2145 4901 2458 4958 unaquaque
2505 4883 2858 4954 generatione.
2887 4877 3166 4946 Egyptios
3212 4875 3387 4942 itaque
3426 4871 3606 4925 docuit
3640 4885 3716 4925 ex

2145 4980 2432 5039 Abraham,
2463 4975 2649 5030 Persas
2675 4972 2752 5042 (a)
2781 4985 2960 5024 rursus
2984 4984 3047 5022 ex
3077 4967 3262 5021 eodem
3281 5005 3298 5030 ,
3332 4965 3621 5018 lsmaelitas
3649 4979 3720 5016 t-x

2146 5071 2260 5142 ejus
2296 5069 2572 5138 nepotibus
2595 5106 2610 5128 ,
2639 5073 2691 5118 et
2716 5063 2847 5118 alios
2874 5059 3300 5121 innumerabiles,
3328 5066 3383 5110 et
3422 5073 3516 5126 per
3551 5055 3720 5109 Jacob

2147 5181 2240 5221 eos
2267 5162 2354 5233 qui
2383 5157 2683 5214 habitabant
2712 5156 2764 5208 in
2789 5151 3180 5221 McsOpotamia.
3212 5149 3368 5204 Vides
3411 5148 3718 5202 universum

2211 5343 2282 5403 ta)
2313 5338 2544 5392 savllius.
2591 5349 2747 5403 ηιοςιςς
2789 5331 2878 5403 .510
2923 5335 2975 5403 0}
3003 5326 3135 5403 Elia“!
3147 5326 3513 5403 9W9?
3530 5322 3724 5403 399°}?

2153 5385 2368 5460 Abi-abte:
2518 5385 2706 5460 dei-aiis
2716 5385 2982 5460 habitaret2
3003 5396 3170 5460 Persas
3189 5385 3400 5460 appellat
3415 5397 3439 5460 ξ
3451 5394 3517 5460 ει)
3525 5397 3721 5460 φεμ-φτ

2151 5444 2410 5524 ipse
2422 5444 2621 5524 viderit.
2633 5444 2636 5445 ν
2647 5464 2758 5504 Nam
2788 5444 2984 5524 memini
3005 5449 3070 5524 de
3093 5451 3167 5524 iis
3181 5444 3357 5524 etiam:
3368 5447 3464 5524 qui
3475 5444 3726 5524 diluti-inin

2151 5506 2524 5590 Eiiééelé'émut,
2549 5518 2797 5590 loquutum
2835 5514 3236 5590 Chry‘sosutpmitm,
3280 5506 3728 5590 illoseaiemfe-r.

2149 5573 2314 5636 Earum
2336 5573 2528 5634 nomine
2549 5573 2882 5639 eoinpellasse.
2932 5573 3064 5624 Nihil
3092 5573 3266 5621 mirum
3311 5573 3456 5639 igitur
3480 5573 3519 5639 Ξῖ
3543 5575 3722 5639 ⁹⁴Ὶ’.¹¹²’

2151 5627 2674 5702 Eiéiiiuiﬁ'a'iiqusndd
2696 5651 2866 5699 regem
2885 5643 3130 5702 Persarum
3154 5627 3560 5702 v_ocaverit.‘lnfra
3579 5629 3734 5702 etiam

2153 5689 2540 5759 ἧῶἒῖὗοέἧέ
2561 5689 2889 5760 (ῖὴη-εοδῖίπιιο
2907 5691 3260 5760 deprehendes
3277 5692 3482 5751 Assyrios
3506 5696 3556 5736 et
3581 5689 3730 5748 Baby-

2154 5751 2339 5828 nisi;
2363 5751 2479 5830 quin
2504 5771 2555 5814 et
2573 5753 2800 5810 Abraham
2825 5751 3014 5806 Persam
3035 5761 3169 5803 vocat
3193 5751 3327 5800 infra.
