3928 6276
260 313 314 366 η
1381 321 1743 378 EXPOSITIO
1784 325 1848 379 IN
1888 323 2211 391 FSALMUM
2245 333 2333 392 IV.

255 431 344 483 καὶ
373 433 486 487 υἱοὶ
520 431 818 500 Ὑψίστου
843 436 1084 505 πάντες.
1117 439 1312 508 Ὑμεῖς
1348 442 1416 496 δὲ
1433 446 1512 510 ὡς
1533 445 1828 512 ἅνθρωποι

256 527 684 592 όποθνήσκετε.
713 534 823 585 Καὶ
861 533 961 587 θέα
1006 536 1100 588 τοῦ
1146 537 1431 610 Προφήτου
1465 542 1563 610 τήν
1595 541 1829 597 σύνεσιν.

259 623 435 687 Δείξας
462 625 738 697 πρότερον
760 628 854 680 τοῦ
883 630 1022 682 Θεοῦ
1052 633 1150 702 τὴν
1178 634 1350 703 ίσχὺν,
1377 635 1471 689 καὶ
1491 637 1551 688 τὸ
1578 636 1828 709 εὔπορον,

256 721 340 770 καὶ
363 719 422 770 τὸ
452 719 788 790 εὐμήχανον,
821 725 916 778 καὶ
945 724 1007 778 τὸ
1035 729 1286 797 χρηστὸν,
1319 730 1413 782 καὶ
1443 730 1504 783 τὸ
1538 730 1835 803 φιλάνθρω-

254 832 367 880 πον,
393 818 482 869 ὅτι
513 819 573 870 ἐν
595 817 777 886 θλίψει
804 819 1085 885 πλατύνει,
1107 824 1187 876 ὅτι
1232 825 1396 878 ἐλεῶν
1429 827 1697 881 ἐπινεύει·
1717 825 1834 882 εἶτα

251 911 444 964 ἐννοῶν
464 912 568 983 τὴν
603 916 917 987 κεχυμένην
953 919 1011 970 ἐν
1038 918 1343 990 ἀνθρώποις
1367 920 1586 986 κακίαν,
1613 921 1708 976 καὶ
1733 923 1833 992 τῆς

250 1007 508 1072 ἀσεϐείας
531 1011 634 1080 τὴν
663 1013 976 1082 τυραννίδα,
991 1014 1239 1089 καθάπερ
1263 1016 1700 1088 ἀποπνιγόμενος
1724 1019 1833 1072 ἀπὸ

249 1103 343 1173 τῆς
379 1104 649 1175 ἀθυμίας,
672 1107 866 1178 τρέπει
893 1109 987 1164 τὸν
1015 1110 1170 1180 λόγον
1191 1111 1327 1184 πρὸς
1364 1115 1489 1178 τοὺς
1507 1116 1565 1168 ἐν
1596 1114 1832 1186 πονηρίᾳ

251 1198 482 1262 ζῶντας,
509 1205 795 1272 μονονουχὶ
843 1203 1039 1273 λέγων,
1067 1207 1146 1259 ὃτι
1173 1207 1421 1261 Τοιοῦτον
1444 1209 1657 1279 ἔχοντες
1677 1209 1828 1274 Θεὸν,

249 1294 388 1348 οὕτω
439 1299 718 1368 χρηστὸν,
752 1300 895 1355 οὕτω
950 1302 1359 1375 φιλάνθρωπον,
1389 1304 1530 1358 οὕτω
1573 1306 1827 1373 δυνατὸν’,

251 1395 368 1456 πῶς
395 1397 480 1458 εἰς
505 1396 764 1450 ἀσέϐειαν
789 1399 1098 1465 ἐξεκλίνατε
1127 1418 1142 1466 ;
1183 1402 1291 1455 Καὶ
1315 1402 1414 1474 ὅρα
1446 1403 1543 1474 τὴν
1567 1405 1829 1475 παραίνε-

252 1504 356 1550 σιν,
381 1490 558 1560 πόσης
581 1493 724 1561 μετά
747 1494 840 1546 τοῦ
866 1495 1039 1566 θυμοῦ
1066 1497 1226 1568 γέμει
1247 1498 1342 1551 καὶ
1361 1499 1462 1569 τῆς
1480 1500 1829 1573 προσηνείας⁹

249 1586 424 1656 πόσης
463 1588 565 1658 τῆς
606 1590 943 1660 φιλοσοφίας.
977 1593 1041 1646 Τί
1080 1595 1187 1666 γάρ
1225 1612 1421 1667 φησιν;
1460 1596 1577 1650 Υἱοὶ
1612 1597 1831 1666 ἀνθρώ-

253 1697 396 1742 πωτ,
426 1683 544 1748 ἕως
563 1687 712 1739 πότε
742 1687 1131 1758 ,βαρυκάρδιοι
1147 1707 1167 1754 ;
1205 1691 1466 1745 Ἐνταῦθα
1498 1693 1700 1764 σφόδρα
1714 1692 1829 1748 ἐστὶ

253 1778 671 1850 καθαπτομένου
702 1785 795 1837 καὶ
821 1785 930 1838 ἀπὸ
954 1787 1046 1840 τοῦ
1081 1789 1290 1860 χρόνου.
1319 1790 1382 1844 El
1417 1789 1532 1862 [Η]
1564 1791 1672 1863 γὰρ
1692 1791 1752 1844 τὸ
1770 1791 1830 1858 ἐξ

253 1874 425 1944 6911'];
458 1876 536 1947 μὴ
574 1879 803 1933 συνιδεῖν
827 1881 922 1935 τοῦ
945 1883 1079 1937 Θεοῦ
1101 1885 1198 1956 τὴν
1223 1886 1539 1958 εὐεργεσίαν
1559 1886 1827 1958 ἔγκλημα,

251 1970 408 2023 ποίαν
440 1971 554 2035 ἕξει
590 1975 920 2046 συγγνώμην
959 1977 1021 2031 τὸ
1066 1980 1224 2050 μέχρι
1256 1982 1509 2035 τοσούτου
1556 1983 1690 2054 πρὸς
1731 1985 1829 2053 τὴν

253 2065 516 2134 ἀλήθειαν
543 2070 912 2138 τυφλώττειν;
943 2073 1008 2125 Τί
1029 2073 1084 2126 δέ
1113 2077 1250 2139 ἐστι,
1285 2075 1642 2148 Βαρυκάρδιοι
1675 2097 1688 2144 ;
1718 2080 1831 2132 Πα-

251 2150 531 2231 χυκάρδιοι
553 2203 568 2226 ,
612 2167 864 2234 σαρκικοὶ
887 2210 901 2232 ,
928 2171 995 2239 τῇ
1041 2172 1110 2240 γῇ
1157 2171 1600 2241 προσηλωμένοι,
1631 2175 1829 2227 κακίαν

249 2255 574 2323 διώκοντες,
615 2263 880 2333 πονηρίαν
945 2265 1256 2333 μετιόντες,
1311 2269 1432 2332 ταῖς
1478 2267 1831 2338 ἡδυπαθείαις

251 2355 699 2425 κατασηπόμενοι
736 2375 749 2387 ·
779 2359 1017 2423 τοιοῦτος
1043 2361 1151 2431 γάρ
1177 2365 1206 2415 6
1233 2364 1498 2435 σαρκικὸς
1524 2365 1826 2436 ἄνθρωπος.

252 2450 353 2501 Καὶ
383 2450 697 2504 διαϐάλλων
731 2454 910 2506 αὐτῶν
945 2456 1038 2508 τὸν
1067 2456 1201 2525 βίον,
1229 2458 1471 2512 δείκνυσι
1524 2460 1621 2529 τὴν
1651 2461 1830 2531 πηγὴν

250 2545 344 2612 τῆς
395 2545 676 2610 ἀσεϐείας,
709 2547 884 2616 δηλῶν
910 2551 991 2604 ὅτι
1023 2550 1182 2605 τοῦτο
1210 2552 1447 2622 μάλιστά
1473 2555 1586 2608 ἐστι
1609 2555 1670 2608 τὸ
1696 2555 1831 2626 πρὸς

251 2639 314 2691 τά
349 2640 608 2709 δόγματα
656 2645 839 2706 αὐτοῖς
872 2646 1159 2714 ἐμποδίζον
1188 2647 1255 2700 τὰ
1287 2648 1486 2718 ὑψηλά.
1531 2649 1695 2703 Οὐδὲν
1724 2649 1832 2720 γὰρ

249 2733 387 2786 οὕτω
410 2735 642 2804 βαρεῖαν
672 2738 896 2808 καρδίαν
923 2744 1083 2808 ποιεῖ,
1096 2743 1171 2805 ὼς
1200 2721 1462 2814 ἐπιθῦμία
1485 2745 1715 2814 πονηρὰ,
1740 2746 1832 2798 καὶ

251 2830 280 2897 ή
313 2830 448 2899 πρὸς
473 2831 542 2882 τὰ
564 2830 664 2900 βιω
675 2833 790 2886 τικά
811 2835 1249 2904 συμπάθεια,καὶ
1267 2838 1327 2890 τὸ
1353 2839 1736 2911 προσηλῶσθαι
1762 2843 1829 2912 τῇ

371 2924 486 2995 Τὴν
511 2927 770 2998 τοιαύτην
795 2931 893 2982 οὐκ
921 2931 987 2984 ἄν
1015 2949 1098 2994 τις
1143 2933 1376 3003 ἁμάρτοι
1417 2934 1650 3005 πηλίνην
1697 2952 1831 3006 καθ’

250 3019 368 3070 δίαν
393 3022 712 3090 προσειπών
729 3043 742 3053 ·
776 3023 856 3076 διὸ
891 3027 985 3078 καὶ
1012 3025 1229 3098 βαρεῖαν
1267 3029 1435 3100 αὐτὴν
1463 3029 1686 3083 ἐκάλεσε
1705 3047 1718 3060 ·
1739 3033 1832 3084 καὶ

253 3113 356 3166 τῶν
396 3115 588 3168 κακῶν
640 3117 808 3172 αἴτιον
845 3119 1002 3173 τοῦτο
1042 3121 1244 3194 ἔφησεν
1288 3119 1424 3177 εἶναι
1447 3165 1461 3189 ,
1492 3126 1573 3178 ὅτι
1619 3127 1831 3197 ἡνιόχου

253 3209 400 3272 τάξιν
451 3212 744 3280 ἐπέχουσα,
775 3216 834 3268 οὐ
866 3217 1024 3286 μόνον
1053 3219 1114 3270 οὐ
1156 3220 1371 3290 κατέχει
1400 3221 1492 3275 τὸν
1521 3223 1682 3275 ἵππον
1714 3225 1834 3288 ταῖς

254 3304 429 3374 ήνίαις
449 3347 464 3368 ,
489 3307 627 3360 ἀλλά
672 3312 762 3362 καὶ
795 3312 933 3383 αὐτὴ
981 3314 1343 3384 καταφέρεται
1387 3318 1658 3388 συρομένη
1684 3333 1699 3349 ·
1741 3319 1834 3372 καὶ

252 3401 368 3453 δέον
396 3403 636 3472 πτεροῦν
660 3404 758 3476 τὴν
783 3406 984 3476 σάρκα,
1018 3410 1110 3462 καὶ⁸
1143 3411 1435 3482 μετάρσιον
1485 3415 1831 3484 ἐργάζεσθαι,

255 3497 348 3549 καί
377 3499 518 3568 πρὸς
543 3499 637 3552 τὸν
682 3502 910 3571 οὐρανὸν
942 3505 1184 3572 ἀνάγειν,
1215 3509 1248 3576 ή
1289 3507 1346 3560 δὲ
1405 3511 1833 3578 συγκαθέλκεται

255 3591 331 3661 τῷ
365 3593 658 3666 βαρυτάτῳ
696 3597 804 3650 τῶν
855 3601 1178 3670 νοσημάτων
1221 3605 1447 3676 φορτίῳ.
1485 3608 1651 3662 Ὅταν
1685 3605 1777 3662 οὖν
1807 3612 1835 3664 6

259 3688 467 3757 ἡνίοχος
506 3691 745 3756 τοιοῦτος
772 3688 828 3766 ᾖ,
860 3695 893 3764 ἢ
926 3698 956 3748 6
1007 3698 1367 3772 κυϐερνήτης,
1406 3706 1531 3758 ποία
1562 3707 1835 3778 σωτηρίας

262 3784 450 3850 ἐλπίς;
494 3787 707 3857 Ὠσπερ
736 3791 864 3844 ὅταν
915 3793 1084 3866 λέγῃ,
1124 3800 1195 3850 El
1237 3800 1300 3852 16
1330 3798 1456 3868 φῶς
1497 3803 1560 3855 τὸ
1603 3803 1674 3855 ἐν
1735 3805 1836 3858 σοὶ

211 3886 220 3889 ’
263 3882 483 3947 σκότος
507 3884 661 3946 ἐστὶ,
696 3886 758 3939 τὸ
786 3888 1008 3956 σκότος
1035 3893 1265 3958 πόσον;
1309 3897 1474 3950 Ὅταν
1509 3900 1538 3951 6
1567 3901 1834 3972 κυϐερνή-

262 3992 352 4046 της
382 3976 560 4050 μεθύῃ
585 3980 679 4031 καὶ
707 3981 815 4034 τῶν
851 3987 1110 4054 κυμάτων
1133 3989 1225 4042 καὶ
1268 3990 1375 4044 τῶν
1422 3996 1746 4066 πνευμάτων
1775 3999 1834 4052 τὸ

259 4072 490 4125 ἄτακτον
519 4076 777 4145 μιμῆται,
803 4079 918 4144 πῶς
953 4083 1253 4154 σωθήσεται
1286 4089 1319 4159 ή
1352 4089 1517 4156 ναῦς;

329 4175 402 4233 ς’.
431 4167 505 4221 Τί
525 4169 618 4222 οὖν
648 4171 865 4229 δύναται
899 4177 1106 4250 κούφην
1139 4183 1237 4253 τὴν
1268 4184 1446 4256 ψυχὴν
1479 4189 1679 4254 ποιεῖν;
1716 4187 1834 4253 Βίος

259 4265 608 4336 θαυμαστὸς,
642 4269 704 4321 τὸ
741 4273 876 4343 πρὸς
918 4276 1083 4347 μηδὲν
1111 4279 1218 4332 τῶν
1248 4281 1479 4336 ἐνταῦθα
1511 4286 1830 4356 κεχηνέναι,

259 4363 392 4432 μηδὲ
425 4367 540 4426 τοῖς
581 4365 736 4420 ποσὶν
783 4367 947 4422 αὐτοῦ
981 4373 1340 4445 προσδεσμεῖν
1383 4378 1452 4431 τά
1479 4380 1628 4433 κάτω
1669 4383 1832 4452 φερόο

257 4459 394 4527 μενά
418 4476 479 4510 τε
500 4461 608 4512 καὶ
629 4462 882 4532 φέροντα.
907 4465 1027 4520 Τῶν
1052 4485 1158 4540 γαρ
1191 4473 1456 4542 σωμάτων
1475 4477 1540 4529 τὰ
1560 4478 1658 4546 μὲν
1684 4481 1834 4534 κάτω

253 4553 520 4626 φέρεσθαι
549 4557 762 4626 εἴωθεν,
790 4556 902 4615 οἷον
929 4562 1084 4631 λίθοι,
1115 4568 1210 4620 καὶ
1242 4568 1403 4636 ξύλα,
1433 4574 1526 4626 καὶ
1559 4573 1735 4628 πάντα
1766 4576 1833 4629 τά

253 4651 479 4704 τοιαῦτα
498 4669 512 4680 ·
539 4651 610 4704 τὰ
632 4654 689 4706 δὲ
718 4656 851 4721 ἄνω,
883 4651 994 4712 οἷον
1018 4661 1149 4732 πῦρ,
1176 4667 1270 4716 καὶ
1304 4668 1549 4738 πνεῦμα,
1577 4671 1669 4723 καὶ
1701 4688 1833 4725 πτε-

252 4746 364 4814 ρῶν
391 4745 560 4816 φύσις
593 4748 829 4819 κούφων.
872 4755 968 4807 Ἂν
1007 4753 1099 4811 οὖν
1138 4775 1192 4811 τι
1219 4759 1328 4814 τῶν
1370 4761 1521 4816 κάτω
1562 4765 1832 4836 φερόντων

249 4842 324 4911 τῷ
351 4843 549 4913 κούφῳ
574 4847 908 4921 προσδήσῃς,
935 4851 1087 4907 οὐδὲν
1109 4855 1214 4909 τῶν
1243 4857 1458 4929 πτερῶν
1479 4859 1686 4930 ὸφελος,
1712 4863 1832 4916 οὐδὲ

250 4938 340 4990 τοῦ
375 4938 724 5010 πνεύματος,
754 4944 849 4998 τοῦ
889 4946 1087 5018 βάρους
1119 4951 1537 5022 ὑπερϐαίνοντος
1563 4956 1660 5028 τὴν
1695 4977 1831 5030 συμ-

256 5035 505 5106 μετρίαν,
543 5038 641 5091 καὶ
670 5040 933 5106 νικῶντος
965 5044 1058 5098 καὶ
1085 5051 1518 5123 περιγινομένου.
1552 5055 1707 5109 Οὕτω
1738 5058 1832 5110 καὶ

254 5131 416 5195 ¹ιτόδας
457 5132 531 5186 ἂν
573 5134 676 5206 ἔχῃ
712 5153 798 5200 τις
831 5138 1268 5212 βεϐαρημένους,
1300 5146 1333 5216 ἢ
1384 5147 1559 5218 χυμοῦ
1594 5151 1828 5223 πονηροῦ

251 5227 650 5302 ἐπεισρέοντος,
680 5234 714 5304 ἢ
742 5235 929 5308 ἐτέρου
951 5239 1095 5303 τινὸς
1122 5243 1444 5314 νοσήματος,
1469 5247 1620 5302 οὐδὲν
1641 5247 1832 5319 ὄφελος

251 5323 388 5396 αὐτῷ
421 5327 522 5382 τοῦ
563 5328 760 5386 λοιποῦ
808 5331 1060 5404 σώματος
1101 5335 1252 5402 ὄντος
1295 5339 1518 5410 κούφου.
1552 5344 1615 5396 Et
1647 5344 1704 5398 66
1737 5347 1831 5400 61:1

250 5424 514 5492 σωμάτων
542 5425 729 5490 τοῦτο,
760 5426 944 5498 πολλῷ
976 5431 1174 5501 μᾶλλον
1200 5433 1292 5485 ἐπὶ
1325 5436 1570 5507 καρδίας.
1605 5439 1696 5512 Μὴ
1722 5441 1830 5494 τοί-

241 5532 325 5569 νυν
369 5521 632 5592 ποιῶμεν
679 5523 859 5594 αὐτὴν
888 5523 1130 5597 βαρεῖαν,
1166 5529 1250 5582 ίνα
1289 5531 1364 5602 μὴ
1395 5535 1533 5588 κατὰ
1572 5535 1639 5590 τὰ
1672 5541 1830 5592 πλοῖα

233 5611 298 5667 τὰ
333 5617 548 5688 πολλὴν
579 5617 782 5689 ἔχοντα
826 5619 926 5690 τὴν
957 5621 1180 5694 ψάμμον
1209 5630 1687 5702 καταποντίζηται.
1742 5635 1830 5688 Ἐν

227 5715 355 5784 ἡμῖν
377 5727 496 5788 γαρ
520 5715 713 5772 τοῦτο.
743 5715 821 5770 Ού
851 5716 960 5786 γὰρ
983 5719 1046 5790 τῇ
1083 5721 1238 5791 φύσει
1263 5725 1482 5798 τοιαύτη
1507 5728 1673 5796 ἐστὶν,
1695 5732 1828 5788 ἀλλὰ

3437 362 3504 416 48

1937 453 2000 520 τῇ
2030 451 2187 518 φύσει
2208 457 2395 524 γέγονε
2421 460 2594 532 κούφη
2623 465 2716 516 καὶ
2738 466 3040 540 ἀνωφερὴς,
3069 471 3228 540 ἡμεῖς
3255 473 3311 526 δέ
3333 475 3507 549 αὐτὴν

1935 543 2084 610 παρὰ
2114 543 2273 611 φύσιν
2313 547 2532 618 βαρεῖαν
2579 553 2870 638 ποιοῦμεν·
2914 557 2994 611 διὸ
3033 562 3127 614 καὶ
3163 563 3192 614 6
3217 543 3506 638 Προφήτης

1936 630 2157 729 ἐγκαλεῖ
2175 650 2186 661 ·
2221 635 2268 686 εἴ
2288 637 2344 688 δέ
2365 639 2590 704 φυσικὸν
2612 637 2698 712 ἦν,
2729 647 2828 698 οὐκ
2855 646 2921 699 ἂν
2939 630 3278 706 ἐνεκάλεσενξ
3299 630 3505 729 ὀςέπέρ

1932 713 2024 772 οῦν
2055 723 2192 776 κατά
2221 725 2382 791 φύσιν
2421 730 2555 799 ἡμῖν
2586 732 2647 784 τὸ
2671 732 2927 803 βαδίζειν,
2964 738 3030 793 ἂν
3061 740 3118 794 66
3151 741 3407 816 βαρῶμεν
3433 713 3508 802 τά

1935 811 2157 878 γόνατα,
2194 818 2344 888 παρά
2393 819 2553 889 φύσιν
2589 824 2796 892 γίνεται
2819 829 2881 882 τὸ
2908 811 3163 903 πρᾶγμα,
3199 811 3505 909 116116611116-

1933 919 2038 954 νων
2064 904 2236 974 ήμῶν·
2260 909 2402 963 οὕτω
2423 909 2538 984 [15]
2563 916 2654 968 καὶ
2678 917 2770 970 ἐπὶ
2792 919 2900 973 τῶν
2922 922 3096 976 ποδῶν
3123 924 3225 994 τῆς
3243 904 3503 995 ίιανοίας,

1933 996 2076 1064 λέγω
2114 998 2178 1071 δὴ
2224 1001 2333 1056 τῶν
2377 1003 2680 1077 λογισμῶν,
2716 1011 3033 1080 συμϐαίνειν
3057 1017 3267 1074 εἴωθεν.
3289 1020 3416 1076 Ἵνα
3443 1023 3502 1076 τι

1933 1086 2199 1155 ἀγαπᾶτε
2235 1095 2620 1164 ματαιότητα,
2677 1099 2776 1153 καὶ
2820 1100 3036 1170 ζητεῖτε
3079 1105 3340 1176 ψεῦδος;
3384 1111 3502 1164 Ἐν-

1931 1177 2106 1232 ταῦθα
2139 1183 2231 1234 καὶ
2262 1181 2329 1235 τὰ
2373 1184 2623 1240 είδωλικά
2659 1205 2748 1258 μοι
2775 1190 2920 1245 δοκεῖ
2945 1193 3142 1262 λέγειν,
3188 1199 3282 1251 καὶ
3312 1200 3404 1253 τὸν
3442 1203 3502 1254 ἐν

1932 1272 2165 1342 πονηρίᾳ
2202 1273 2332 1343 βίον.
2366 1277 2608 1333 Μάταιον
2639 1281 2747 1352 γὰρ
2784 1283 2958 1338 ἐκεῖνο
2995 1285 3212 1354 λέγεται
3235 1290 3296 1344 τὸ
3321 1293 3501 1358 κενὸν,

1930 1361 2058 1454 όταν
2086 1363 2253 1434 ὄνομα
2285 1367 2384 1436 μὲν
2427 1365 2482 1443 ᾖ,
2512 1374 2744 1444 πρᾶγμα
2769 1375 2825 1428 δὲ
2855 1378 2930 1448 μὴ
3039 1378 3194 1433 Οὕτω
3217 1384 3367 1454 παρά
3390 1386 3502 1446 τοῖς

1931 1452 2188 1525 Ἕλλησιν
2231 1459 2468 1531 ὀνόματα
2519 1464 2616 1533 μέν
2666 1465 2804 1520 θεῶν
2840 1469 3045 1536 πολλὰ,
3099 1452 3398 1544 πράγματα
3445 1474 3500 1528 δι

1929 1544 2196 1616 οὐδαμοῦ·
2252 1551 2346 1604 καὶ
2384 1553 2475 1605 ἐπὶ
2517 1555 2626 1606 τῶν
2666 1557 2840 1611 ἄλλων
2871 1559 3100 1630 ὁμοίως·
3141 1563 3311 1635 ὄνομα
3339 1565 3502 1618 πλού-

1929 1651 2044 1698 του,
2079 1639 2312 1708 πρᾶγμα
2337 1641 2393 1694 δέ
2431 1643 2668 1714 οὐδαμοῦ
2687 1662 2700 1676 ·
2735 1649 2828 1701 καὶ
2857 1649 3026 1720 ὄνομα
3046 1651 3233 1721 δόξης,
3269 1656 3500 1725 πρᾶγμα

1927 1725 1985 1778 66
2023 1727 2293 1798 οὐδαμοῦ·
2335 1730 2505 1802 δνομα
2537 1734 2884 1804 δυναστείας,
2930 1740 3023 1791 καὶ
3062 1741 3212 1809 μένει
3241 1742 3395 1811 ψιλὸν
3439 1743 3502 1796 τὸ

1928 1812 2117 1884 ὄνομα.
2168 1817 2264 1881 Τίς
2316 1815 2409 1872 οὖν
2441 1819 2619 1900 οὕτως,
2657 1824 2901 1894 ἀνόητος,
2937 1826 3013 1890 ὼς
3043 1829 3283 1899 ὀνόματα
3318 1829 3500 1900 ζητεῖν

1930 1906 2269 1984 πραγμάτων
2311 1907 2518 1980 ἔρημα,
2555 1913 2650 1965 καὶ
2680 1912 2749 1966 τὰ
2773 1914 2993 1969 διάκενα
3022 1915 3243 1970 διώκειν
3262 1956 3278 1982 ,
3311 1917 3346 1972 ἀ
3373 1919 3501 1987 φεύ-

1930 2010 2046 2061 γειν
2069 1995 2177 2062 δεῖς
2211 1999 2280 2050 Ἢ
2310 2000 2372 2051 οὐ
2408 2000 2653 2055 τοιαῦται
2685 2005 2779 2058 καὶ
2810 2006 2865 2058 αἱ
2894 2005 3080 2076 ἡδοναὶ
3108 2006 3210 2081 τοῦ¹
3230 2007 3369 2077 βίου,
3407 2011 3501 2062 καὶ

1931 2087 1987 2138 αί
2016 2087 2338 2156 εὐπραγίαι;
2377 2091 2438 2142 οὐ
2481 2093 2655 2146 πάντα
2685 2095 2936 2163 ψεύδεται
2975 2099 3069 2152 καὶ
3106 2100 3325 2171 ἀπατᾷ;
3381 2101 3502 2154 Κᾶν

1928 2173 2086 2238 δόξαν
2130 2179 2324 2250 εἴπῃς,
2376 2180 2480 2233 κᾶν
2516 2181 2742 2236 πλοῦτον
2762 2223 2776 2247 ,
2807 2187 2912 2240 κᾶν
2955 2187 3290 2250 δυναστείαν,
3324 2185 3498 2243 πάντα

1934 2265 2248 2337 ματαιότης.
2282 2269 2373 2321 Διὸ
2399 2271 2492 2324 καὶ
2521 2273 2550 2324 6
2587 2273 3012 2348 Ἐκκλησιαστὴς
3033 2277 3186 2345 ἔλεγε
3203 2295 3219 2311 ·
3246 2277 3501 2333 Ματαιό-

1929 2371 2038 2422 της
2073 2357 2501 2424 ματαιοτήτων,
2555 2361 2630 2416 τὰ
2663 2363 2859 2418 πάντα
2896 2369 3242 2436 ματαιότης.
3289 2369 3386 2422 Διά
3435 2369 3501 2440 δή

1929 2444 2102 2498 ταῦτα
2129 2447 2376 2501 όδυνᾶται
2407 2450 2434 2501 6
2465 2448 2770 2522 Προφήτης,
2801 2455 3072 2526 τοσαύτην
3102 2456 3325 2525 ἀλογίαν
3357 2458 3500 2529 ὁρῶν

1931 2536 1989 2586 ἐν
2019 2533 2097 2607 τῷ
2128 2536 2244 2606 βίῳ.
2280 2539 2490 2612 ’Ὠσπερ
2519 2541 2628 2614 γὰρ
2656 2542 2722 2597 ἂν
2746 2545 2798 2598 εί
2815 2561 2900 2609 τις
2927 2545 3050 2600 ἰδών
3077 2565 3197 2601 τινα
3229 2548 3500 2618 φεύγοντα

1931 2626 2064 2693 φῶς,
2107 2625 2368 2681 διώκοντα
2405 2630 2460 2683 δὲ
2500 2633 2714 2698 σκότος,
2745 2634 2876 2706 λέγῃ
2895 2652 2908 2666 ·
2931 2639 3046 2692 Ἵνα
3059 2637 3113 2690 τί
3146 2637 3303 2690 τοῦτο
3327 2641 3500 2701 ποιεῖς

1869 2745 1876 2751 -
1931 2717 1991 2769 τὸ
2023 2719 2361 2788 παράλογον;
2404 2722 2546 2776 οὔτω
2587 2725 2680 2779 καὶ
2727 2727 2907 2791 αὐτός’
2947 2729 3078 2782 Ἵνα
3124 2731 3190 2782 τί·
3236 2729 3501 2799 ἀγαπᾶτε

1926 2811 2318 2875 ματαιότητα,
2361 2813 2456 2865 καὶ
2503 2812 2721 2880 ζητεῖτε
2746 2816 3006 2884 ψεῦδος;
3053 2821 3158 2874 Καὶ
3186 2819 3372 2888 ¹Γνῶτε
3411 2820 3499 2874 ὅτι

1931 2901 2355 2970 ὲθαυμάστωσε
2401 2906 2612 2972 Κύριος
2659 2906 2766 2960 τὸν
2810 2907 2982 2961 ὅσιον
3022 2909 3228 2965 αὐτοῦ.
3276 2911 3499 2984 ’Έτερος

1933 2995 2266 3066 ἑρμηνευτής
2305 3015 2500 3067 φησιν,
2546 2999 2724 3054 Ἀλλὰ
2765 3001 2948 3071 γνῶτε
2985 3000 3075 3057 ὅτι
3121 3003 3501 3074 ἐθαυμάστω-

1931 3101 2061 3140 σεν.
3392 3117 3396 3122 ’

2004 3172 2155 3240 Εἶδες
2181 3176 2372 3245 σοφίαν
2396 3178 2672 3250 Προφήτου
2695 3197 2708 3247 ;
2739 3182 2910 3236 Πόθεν
2936 3184 3132 3248 αὐτοὺς
3153 3186 3343 3255 ἀνάγει
3365 3186 3503 3258 πρὸς

1932 3265 2030 3337 τὴν
2061 3266 2416 3336 θεογνωσίαν;
2460 3270 2588 3323 Ἀπὸ
2619 3273 2956 3341 σαφεστάτου
2993 3273 3196 3345 μέρους
3232 3275 3377 3339 τινὸς
3406 3277 3502 3329 καὶ

1933 3358 2132 3427 τρόπου
2161 3361 2580 3432 γνωριμωτέρου
2599 3404 2611 3427 ,
2640 3363 2829 3415 ἐαυτὸν
2859 3365 2937 3426 είς
2966 3365 3128 3435 μέσον
3158 3366 3497 3437 παρατιθείς.

1947 3442 2086 3510 Ἐγὼ
2112 3443 2294 3508 δοῦλός
2327 3447 2462 3516 είμι,
2496 3449 2628 3519 φησὶ
2649 3487 2664 3514 ,
2689 3449 2784 3503 τοῦ
2811 3451 2946 3505 Θεοῦ
2977 3453 3072 3506 τοῦ
3105 3454 3338 3527 ἀληθοῦς
3359 3472 3373 3488 ⁸
3403 3457 3500 3511 ἀπ’

1934 3533 2066 3603 ἐμοῦ
2099 3534 2274 3588 τοίνυν
2317 3538 2515 3606 μάθετε
2561 3541 2724 3594 αὐτοῦ
2755 3541 2851 3614 τὴν
2879 3544 3134 3616 δύναμιν,
3183 3548 3282 3619 τὴν
3315 3549 3498 3620 ἰσχὺν,

1933 3623 2030 3694 τὴν
2063 3626 2404 3697 κηδεμονίαν.
2445 3631 2518 3684 Οὐ
2558 3633 2750 3704 μικρὸν
2784 3635 2892 3706 γὰρ
2930 3637 3090 3691 τοῦτο
3115 3638 3174 3691 16
3204 3639 3499 3708 κεφάλαιον

1934 3716 2013 3779 εἰς
2050 3717 2374 3784 θεογνωσίαν
2422 3721 2572 3790 ἀγον.
2623 3725 2775 3778 Ποιεῖ
2805 3727 2902 3796 μὲν
2930 3728 3038 3800 γὰρ
3070 3729 3227 3783 τοῦτο
3267 3733 3500 3804 φανερὸν

1934 3808 2025 3860 καὶ⁵
2053 3810 2160 3862 ἀπὸ
2190 3812 2298 3864 τῶν
2338 3816 2650 3884 κτισμάτων
2684 3819 2714 3871 6
2746 3819 3050 3892 Προφήτης,
3084 3825 3212 3876 ὅταν
3243 3825 3373 3895 περὶ
3403 3825 3502 3894 τῆς

1935 3899 2187 3968 προνοίας
2217 3901 2380 3954 αὑτοῦ
2415 3903 2758 3975 διαλέγηται,
2794 3910 2886 3962 ἐπὶ
2916 3911 3008 3964 τὸν
3049 3912 3233 3982 ἥλιον,
3276 3914 3370 3967 καὶ
3409 3913 3502 3967 τὸν

1933 3991 2178 4060 οὐρανὸν,
2207 3993 2300 4046 καὶ
2329 3995 2428 4066 τήν
2465 3995 2571 4065 γῆν
2591 4038 2606 4064 ,
2635 3999 2730 4051 καὶ
2754 4001 2844 4054 τὸν
2875 4002 3013 4072 ἀέρα
3048 4003 3377 4074 φερόμενος,
3406 4004 3502 4059 καὶ

1935 4087 2041 4138 ἀπὸ
2081 4087 2178 4157 τῆς
2206 4089 2264 4140 ἐν
2293 4093 2403 4153 τοῖς
2438 4093 2732 4163 ὁρωμένοις
2766 4097 3013 4161 εὐταξίας
3040 4097 3131 4151 τὸν
3153 4100 3493 4170 Δημιουργὸν
3559 4145 3563 4154 .

1934 4183 2359 4255 ἀνακηρύττων·
2408 4191 2548 4240 κινεῖ
2601 4191 2656 4242 δὲ
2709 4192 2802 4249 καὶ
2855 4193 2948 4245 τὸν
2997 4194 3104 4246 ἀπὸ
3157 4193 3264 4247 τῶν
3298 4194 3500 4249 δούλων

1933 4281 2097 4334 αὐτοῦ
2124 4280 2300 4348 λόγον,
2337 4284 2428 4335 καὶ
2456 4283 2561 4336 τῶν
2589 4284 2683 4338 ἀπ’
2714 4285 2878 4339 αὐτοῦ
2916 4289 3316 4359 συμϐαινόντων
3335 4309 3349 4322 ·
3382 4291 3410 4345 ὃ
3433 4292 3498 4364 δὴ

1933 4379 2024 4430 καὶ
2057 4379 2150 4432 ἐπὶ
2194 4378 2288 4431 τοῦ
2345 4379 2592 4451 Ἀϐραὰμ
2639 4383 2879 4451 γέγονεν.
2923 4385 3145 4455 Ἔλεγον
3177 4387 3285 4460 γὰρ
3331 4388 3498 4459 αὐτῷ,

1927 4473 2212 4543 Οιδαμεγ,
2244 4475 2407 4544 φησὶν
2424 4513 2439 4538 ,
2471 4474 2558 4530 ότι
2581 4477 2699 4531 ἀπὸ
2723 4479 2829 4534 τοῦ
2862 4481 3009 4535 Θεοῦ
3033 4483 3176 4552 ἡμῖν
3198 4483 3364 4552 ἥκεις
3380 4484 3500 4548 ,βα-

1932 4570 2158 4635 σιλεύς.
2209 4569 2376 4623 Πόθεν
2418 4571 2626 4641 οἷδατε;
2682 4575 2816 4629 Ἀπὸ
2864 4578 2963 4648 τῆς
3011 4579 3196 4651 νίκης,
3235 4581 3343 4635 ἀπὸ
3389 4581 3501 4635 τῶν

1934 4665 2206 4736 τροπαίων
2227 4705 2242 4731 ,
2291 4667 2398 4721 ἀπὸ
2440 4668 2546 4722 τῶν
2601 4670 2867 4742 πολέμων.
2925 4675 3095 4728 Τοῦτο
3139 4678 3234 4731 καὶ
3267 4677 3501 4733 ἐπὶτῶν

1948 4760 2214 4815 Ἰουδαίων
2260 4763 2477 4835 συνέϐη.
2515 4765 2595 4820 Τά
2618 4768 2726 4835 γὰρ
2755 4768 3007 4840 θαύματα
3043 4771 3109 4824 τὰ
3146 4773 3282 4846 ὑπὲρ
3321 4773 3498 4828 αὐτῶν

1933 4857 2210 4928 γινόμενα,
2253 4862 2432 4914 πᾶσαν
2477 4861 2576 4932 τὴν
2598 4863 2699 4933 γῆν
2740 4871 2824 4928 εις
2851 4866 3015 4935 φόϐον
3051 4867 3329 4921 ἐνέϐαλεν·
3361 4869 3499 4941 ὅπερ

1933 4956 2084 5026 καὶὴ
2133 4957 2305 5028 πόρνη
2351 4961 2467 5010 τότε
2503 4960 2537 5029 ἡ
2577 4959 2924 5030 Ἱεριχουντία
2952 4963 3165 5033 ἔλεγεν,
3207 4964 3289 5017 ὄτι
3329 4965 3498 5020 Ἐπέ-

1929 5070 2119 5108 πεσεν
2141 5054 2233 5123 ἐφ’
2266 5055 2424 5125 ἡμᾶς
2457 5059 2491 5110 ὀ
2518 5058 2700 5126 φόϐος
2729 5059 2896 5128 ὑμῶν
2926 5060 3026 5114 καὶ
3057 5064 3089 5114 ό
3114 5061 3349 5130 τρόμος.
3381 5061 3499 5116 Μία

1930 5149 2106 5204 τοίνυν
2134 5149 2248 5214 ὁδὸς
2275 5154 2308 5222 ἡ
2341 5151 2426 5204 διά
2456 5151 2563 5207 τῶν
2589 5155 2902 5225 κτισμάτων
2928 5171 2941 5184 ·
2993 5155 3158 5226 ἐτέρα
3202 5155 3300 5208 καὶ
3332 5173 3499 5226 σαφε-

1932 5248 2095 5319 στέρα
2122 5251 2155 5319 ή
2197 5248 2286 5302 διά
2325 5249 2432 5302 τῶν
2457 5249 2659 5304 δούλων
2677 5268 2691 5281 ο
2721 5253 2815 5304 καὶ
2855 5251 3058 5322 ταύτην
3082 5249 3286 5306 ἄνωθεν
3317 5252 3346 5305 6
3365 5252 3499 5318 Θεὸς

1932 5344 2262 5416 κατέσπειρε
2312 5345 2434 5398 καθ’
2477 5346 2712 5418 ἑκάστην
2755 5345 2950 5415 γενεὰν
2981 5346 3078 5418 τὴν
3125 5346 3495 5404 διδασκαλίαν.

1931 5439 2069 5503 Τοὺς
2098 5438 2228 5508 γοῦν
2250 5441 2578 5509 Αἰγυπτίους
2610 5441 2927 5495 ἐπαίδευσεν
2957 5442 3062 5498 ἀπὸ
3087 5444 3180 5497 τοῦ
3223 5443 3495 5515 Ἀϐραὰμ,

1929 5539 2056 5602 τοὺς
2088 5537 2302 5609 Πέρσας
2329 5539 2439 5593 ἀπὸ
2468 5539 2560 5592 τοῦ
2587 5539 2750 5594 αὐτοῦ
2777 5539 2960 5608 πάλιν,
2991 5542 3115 5606 τοὺς
3160 5540 3499 5613 Ἰσραηλίτας

1931 5635 2040 5690 ἀπὸ
2071 5634 2178 5689 τῶν
2215 5637 2482 5704 ἐκγόνων,
2513 5639 2608 5690 καὶ
2637 5636 2854 5710 ἐτέρους
2889 5642 3132 5712 μυρίους,
3167 5640 3260 5693 καὶ
3285 5637 3374 5692 διὰ
3401 5635 3496 5690 τοῦ

1947 5731 2139 5787 Ἰακὼϐ
2183 5731 2432 5803 ἐτέρους,
2481 5733 2606 5798 106;
2653 5736 2710 5789 ἐν
2747 5739 2813 5807 τῇ
2859 5737 3014 5810 Μέση
3065 5737 3171 5792 τῶν
3215 5733 3497 5806 ποταμῶν.
