3928 6276
370 320 437 376 69
1099 319 1157 376 S.
1196 319 1481 378 JOANNIS
1517 316 2007 401 CHRYSQSTOMI
2038 328 2358 389 ARCHIEP.
2397 333 2951 396 CONSTANTINOP.

372 440 523 504 Εἶδες
574 439 790 494 ἃπασαν
839 422 946 512 τὴν1
984 440 1307 513 οἰκουμένην
1355 443 1768 515 παιδευομένην,
1822 444 1934 512 εἴγε

371 528 561 598 ήθελον
581 566 597 590 ,
643 528 751 581 ἀπὸ
780 527 888 583 τῶν
920 528 1118 596 άγίων;
1144 531 1252 582 Καὶ
1278 530 1383 599 πρὸ
1409 530 1610 583 τούτων
1634 530 1689 583 δὲ
1720 533 1747 584 6
1772 548 1940 586 κατα⁶

372 609 643 681 κλυσμὸς,
694 615 727 682 ή
776 610 884 665 τῶν
933 611 1190 680 γλωσσῶν
1238 613 1510 683 διάχυσις,
1548 615 1705 668 ίκανά
1754 615 1939 668 διανα-

377 699 567 769 στῆσαι
613 699 790 753 αὐτῶν
833 700 932 769 τὴν
978 701 1233 755 διάνοιαν.
1284 702 1400 756 Ἵνα
1448 701 1556 773 γὰρ
1610 703 1684 774 μὴ
1726 703 1812 757 διά
1849 704 1940 757 τὸν

375 786 564 855 χρόνον
595 788 675 851 εἰς
709 786 878 859 λήθην
924 790 1137 860 ἐμπέσῃ
1169 789 1228 842 τὸ
1266 789 1498 859 συμϐὰν,
1532 792 1561 843 6
1595 790 1758 854 τόπος
1798 798 1941 861 λαμ-

378 872 529 926 ϐάνει
574 873 671 945 τὴν
719 877 1122 947 προσηγορίαν,
1163 877 1256 931 καὶ
1297 876 1552 931 Βαϐυλὼν
1581 876 1828 931 ἐντεῦθεν
1857 878 1943 931 λέ-

377 972 552 1027 γεται,
579 961 686 1013 ἀπὸ
706 961 806 1031 τῆς
822 963 1132 1033 συγχύσεως
1158 964 1265 1017 τῶν
1288 964 1560 1033 γλωττῶν,
1588 966 1672 1018 ἵνα
1694 967 1722 1018 6
1742 968 1942 1037 ἀκροα-

378 1043 476 1116 τὴς
508 1046 615 1098 ἀπὸ
641 1047 738 1116 τῆς
776 1049 1142 1119 προσηγορίας
1180 1049 1560 1122 ὁδηγούμενος,
1596 1054 1687 1105 ὲπὶ
1715 1052 1814 1120 τὴν
1838 1052 1940 1124 ἀρ-

380 1131 480 1201 χὴν
511 1131 639 1207 ἔλθῃ
683 1134 790 1188 τῶν
835 1136 1192 1205 συμϐάντων,
1223 1139 1316 1191 καὶ
1361 1138 1505 1210 μάθῃ
1546 1138 1641 1192 τοῦ
1682 1139 1817 1193 Θεοῦ
1844 1141 1943 1210 τὴν

385 1220 557 1290 ἰσχύν.
590 1222 743 1275 Οὖτω
763 1223 854 1276 καὶ
878 1225 925 1276 οί
952 1225 1047 1294 τὴν
1074 1224 1223 1277 δύσιν
1245 1225 1518 1289 οἰκοῦντες
1549 1226 1746 1290 πάντες
1766 1226 1944 1280 πάντα

381 1308 703 1378 ἐμάνθανον,
726 1309 841 1383 [l6]
864 1314 981 1364 κατ’
1002 1312 1268 1382 ἐμπορίαν
1286 1314 1598 1381 Αἰγυπτίοις
1617 1316 1877 1385 συγγινόμ
1887 1332 1943 1367 ε·-

381 1397 697 1460 νοι.Ἀλλως
726 1399 785 1452 δὲ
808 1401 865 1450 ὲν
896 1402 1092 1470 ἀρχαῖς
1113 1402 1204 1453 καὶ
1224 1401 1281 1452 ἐν
1305 1402 1607 1472 προοιμίοις
1631 1403 1751 1456 οὐδὲ
1778 1402 1945 1458 πολλά

381 1482 508 1554 ἔθνη
531 1485 670 1538 κατά
692 1485 753 1538 τὸ
786 1487 951 1557 μέρος
971 1488 1067 1557 τῆς
1095 1489 1416 1559 οἰκουμένης
1439 1490 1612 1544 ἐκεῖνο
1637 1486 1703 1560 ἦν
1722 1509 1736 1523 ο
1768 1490 1882 1544 ἀλλ’
1911 1492 1945 1562 ή

381 1570 802 1642 πολυανθρωπία
832 1573 925 1624 καὶ
966 1575 999 1643 ή
1041 1574 1332 1645 πολυοχλία
1361 1577 1417 1628 ἐν
1442 1580 1555 1640 τοῖς
1602 1579 1791 1647 μέρεσι
1834 1581 1948 1642 τοῖς

381 1658 520 1711 κατά
544 1658 640 1729 τήν
662 1659 921 1731 ἀνατολὴν
949 1663 1307 1733 συνειστήκει.
1335 1664 1442 1716 Καί⁵
1465 1665 1574 1734 γὰρ
1595 1666 1689 1718 καὶ
1711 1668 1739 1719 6
1779 1664 1950 1736 Ἀδὰμ

383 1741 591 1795 ἐκεῖθεν
618 1742 831 1812 ἐξῆλθε,
862 1747 955 1797 καὶ
977 1745 1045 1798 τά
1074 1745 1204 1817 γένη
1245 1745 1340 1800 τοῦ
1373 1745 1494 1799 Νῶε
1519 1750 1636 1801 ἐκεῖ
1679 1748 1911 1821 διέτριϐε
1931 1790 1946 1814 ,

385 1826 477 1878 καὶ
526 1826 660 1895 μετὰ
700 1826 793 1880 τὸν
834 1828 1043 1898 πύργον
1079 1829 1195 1882 ἐκεῖ
1240 1824 1398 1900 ἦσαν,
1438 1833 1531 1884 καὶ
1563 1833 1951 1903 ἀνεστρέφοντο

382 1910 478 1963 ἐπὶ
511 1908 691 1963 πλεῖον
723 1911 864 1964 κατά
890 1911 1174 1975 ἀνατολάς,
1222 1913 1358 1965 Ἀλλ’
1387 1915 1535 1983 ὅμως
1564 1916 1684 1967 καθ’
1713 1916 1950 1987 ἑκάστην

384 1993 578 2062 γενεάν
627 1993 979 2057 διδασκάλους
1019 1995 1203 2058 αὐτοῖς
1251 1996 1582 2068 κατέστησεν
1608 1999 1637 2073 ρ
1665 1998 1796 2061 Θεὸς
1815 2038 1831 2063 ,
1857 1998 1951 2053 τὸν

385 2076 543 2141 Νῶε,
591 2076 684 2128 τὸν
735 2077 1017 2147 Ἀϐραὰμ,
1060 2078 1151 2131 τὸν
1211 2078 1430 2143 Ἰσαὰκ,
1468 2081 1560 2133 τὸν
1602 2079 1824 2147 Ἰακὼϐ,
1860 2081 1950 2137 τὸν

383 2158 736 2228 Μελχισεδέκ.
774 2160 864 2211 Διὸ
908 2159 1002 2211 καὶ
1029 2161 1057 2213 6
1085 2162 1369 2231 προφήτης
1413 2154 1566 2226 οὗτος
1595 2163 1703 2216 ἀπὸ
1729 2163 1836 2216 τῶν
1870 2165 1951 2229 είς

384 2242 509 2304 τοὺς
539 2242 724 2310 ἁγίους
759 2243 1062 2311 γενομένων
1086 2244 1275 2313 ἀνάγει
1301 2245 1428 2308 τοὺς
1461 2248 1519 2299 ὲν
1547 2248 1782 2319 πονηρίᾳ
1810 2247 1949 2312 ζῶν-

381 2341 513 2389 τας,
546 2325 717 2393 λέγων
737 2340 752 2356 ⁸
782 2325 984 2378 Γνῶτε
1020 2325 1108 2380 ὅτι
1138 2329 1563 2397 ἐθαυμάστωσε
1606 2332 1820 2398 Κύριος
1845 2332 1952 2385 τὸν

386 2408 560 2462 ὅσιον
596 2408 804 2463 αὑτοῦ.
850 2409 915 2462 Τί
958 2411 1137 2477 ὲστιν,
1193 2410 1685 2481 Ἐυαυμάστωσε;
1726 2416 1950 2485 Θαυμα-

389 2490 514 2543 στὸν
558 2491 841 2560 ἐποίησεν,
886 2492 1187 2562 ἐπίσημον,
1222 2494 1503 2566 λαμπρὸν,
1544 2499 1816 2569 περιφανῆ
1860 2500 1953 2553 τὸν

387 2573 738 2643 ἀνακείμενον
787 2573 954 2646 αὐτῷ.
999 2574 1130 2627 Ἀπὸ
1177 2577 1269 2629 τοῦ
1295 2576 1480 2630 δούλου
1513 2581 1690 2632 τοίνυν
1725 2580 1953 2634 καὶτῶν

382 2656 470 2718 εἰς
509 2656 670 2709 αὑτὸν
709 2654 1110 2735 συμϐαινόντων
1157 2657 1355 2728 μάθετε
1403 2659 1496 2712 τοῦ
1543 2663 1811 2715 Δεσπότου
1857 2663 1954 2735 τὴν

386 2739 636 2808 δύναμιν.
683 2739 796 2791 οὐκ
840 2733 990 2801 εἰπε,
1037 2739 1273 2794 Δέδωκεν
1322 2742 1554 2807 ἀγαθὸν,
1593 2745 1782 2815 μόνον,
1815 2733 1950 2813 ἀλλθ,

402 2822 848 2892 Ἑθαυμάστωσε,
902 2821 1076 2894 δηλῶν
1115 2824 1196 2876 ὅτι
1222 2823 1419 2879 δέδωκε
1467 2828 1601 2896 μετά
1641 2827 1836 2881 πολλοῦ
1862 2829 1953 2882 τοῦ

392 2906 700 2974 θαύματος,
751 2905 886 2975 μετά
933 2906 1132 2976 πολλῆς
1181 2907 1281 2976 τῆς
1319 2906 1956 2978 παραδοξοποιίας,οὖτω

391 2990 484 3043 καὶ
530 2989 623 3041 ἐπὶ
664 2987 755 3040 τοῦ
803 2986 1053 3058 Ἀϐραὰμ
1100 2987 1342 3056 γέγονεν.
1393 2990 1467 3041 ()6
1516 2991 1624 3061 γὰρ
1667 2992 1826 3063 μόνον
1858 2995 1957 3064 τὴν

392 3075 625 3142 γυναῖκα
661 3071 856 3124 ἔδωκεν
888 3071 1194 3140 ἀνέπαφον,
1227 3071 1361 3125 ἀλλά
1389 3073 1483 3125 καὶ
1517 3072 1826 3145 θαυμαστὸν
1856 3078 1956 3129 σῦ-

389 3158 482 3211 τὸν
513 3154 947 3226 παρεσκεύασεν*
988 3154 1063 3218 ὡς
1098 3154 1173 3225 μὴ
1207 3157 1364 3226 μόνον
1392 3157 1450 3209 ὲν
1481 3156 1558 3226 τῷ
1590 3159 1663 3227 μὴ
1688 3159 1878 3213 παθεῖν
1904 3179 1958 3214 τι

394 3241 564 3294 δεινὸν
606 3235 742 3291 εἶναι
773 3238 921 3307 αὑτῷ
953 3237 1051 3308 τὴν
1086 3237 1315 3308 δωρεὰν,
1352 3237 1487 3291 ἀλλά
1509 3242 1601 3293 καὶ
1633 3241 1691 3294 ἐν
1718 3241 1795 3311 τῷ
1815 3242 1959 3313 λαμι

317 3320 321 3324 ’
396 3323 530 3393 πρὸν
558 3320 806 3391 γενέσθαι
847 3321 986 3375 κατὰ
1026 3321 1123 3391 τὴν
1165 3321 1457 3388 Αἴγυπτον.
1493 3323 1566 3375 Τὸ
1597 3324 1696 3394 μὲν
1727 3325 1834 3396 γὰρ
1872 3325 1960 3382 διά

397 3405 489 3476 τὴν
520 3404 683 3457 αὑτοῦ
708 3403 1049 3475 δικαιοσύνην
1081 3406 1313 3473 ἐγένετο,
1346 3404 1406 3457 τὸ
1441 3405 1608 3475 μηδὲν
1650 3406 1811 3476 ἀηδὲς
1857 3426 1962 3462 πα-

392 3489 507 3540 θεῖν
529 3502 543 3516 ·
578 3485 639 3538 τὸ
686 3486 743 3539 δὲ
771 3486 858 3538 διά
887 3485 985 3556 τὴν
1023 3487 1245 3540 ἐκείνων
1282 3487 1576 3555 ὠφέλειαν,
1602 3489 1665 3541 τὸ
1695 3490 1830 3560 μετά
1855 3507 1961 3544 πα-

378 3594 381 3597 λ
399 3568 775 3640 ραδοξοποιίας
793 3567 998 3621 ἐκεῖθεν
1016 3568 1344 3623 ἐπανελθεῖν.
1371 3568 1541 3622 Τοῦτο
1557 3570 1647 3623 ἐπὶ
1663 3570 1768 3623 τῶν
1797 3573 1962 3642 τριῶν

398 3653 622 3719 παίδων,
648 3652 805 3707 τοῦτο
834 3650 1053 3705 ἐπὶτῶν
1077 3651 1308 3704 λεόντων
1327 3653 1543 3724 συνέϐη,
1570 3652 1728 3707 τοῦτο
1746 3656 1839 3708 ἐπὶ
1867 3656 1961 3709 τοῦ

401 3740 598 3808 κήτους
628 3737 723 3791 καί
749 3735 843 3788 τοῦ
881 3737 1053 3799 Ἰωνᾶ,
1087 3736 1181 3788 καὶ
1208 3735 1483 3805 πανταχοῦ
1524 3736 1661 3807 μετὰ
1688 3737 1964 3809 θαύματος

400 3820 583 3884 σώζει,
606 3820 704 3889 οὐχ
734 3817 919 3881 ἁπλῶς
945 3818 1170 3882 πάντας,
1200 3818 1337 3872 ἀλλὰ
1356 3819 1448 3872 τὸν
1478 3820 1643 3873 ὅσιον.

470 3900 514 3967 ζ’
520 3897 695 3965 ,Εἶδες
711 3901 825 3964 πῶς
849 3900 985 3971 μετά
999 3900 1096 3972 τῆς
1115 3900 1458 3970 θεογνωσίας,
1474 3903 1565 3954 καὶ
1577 3902 1692 3971 βίου
1702 3902 1964 3974 ἀκριϐοῦς

398 3985 764 4060 παραίνεσινει
789 3986 1039 4045 ποιεῖται,
1067 3983 1333 4036 παιδεύων
1358 3983 1432 4055 μὴ
1464 3986 1624 4055 μόνον
1651 3986 1712 4040 έν
1736 3989 1802 4058 τῇ
1830 4004 1964 4060 χρη-

400 4069 617 4138 στότητι
637 4059 919 4134 τοῦΘεοῦ,
942 4065 1078 4120 ἀλλά
1108 4066 1201 4120 καὶ
1227 4068 1284 4120 ὲν
1312 4069 1379 4139 τῇ
1414 4065 1521 4122 τῶν
1549 4068 1764 4123 οἰκείων
1786 4059 1964 4141 ἔργων

399 4152 564 4223 ἀρετῇ
588 4152 688 4214 τὰς
715 4150 931 4213 ἐλπίδας
958 4149 1101 4221 ἔχειν
1128 4150 1227 4221 τῆς
1264 4151 1569 4221 σωτηρίας;
1606 4153 1823 4220 Κύριος
1841 4157 1964 4209 εἰσ-

397 4234 720 4289 ακούσεταί
752 4251 871 4302 μου
898 4233 969 4288 ἐν
1000 4231 1080 4298 τῷ
1101 4233 1451 4302 κεκραγέναι
1474 4251 1553 4304 με
1573 4235 1724 4304 πρὸς
1754 4238 1962 4300 αὐτόν,

401 4317 582 4372 Εἰπὼν
597 4319 679 4371 ὅτι
701 4317 1141 4387 ὲθσυμάστωσεν,
1171 4318 1267 4387 οὐχ
1293 4316 1505 4370 ἵσταται
1538 4318 1701 4390 μέχρι
1734 4318 1961 4385 τούτων,

370 4401 535 4456 -ἀλλά
574 4401 670 4454 καὶ
717 4400 903 4469 ἓτερον
950 4398 1246 4470 εὐημερίας
1310 4396 1450 4462 εἶδος
1480 4399 1649 4469 λέγει.
1699 4402 1857 4456 Ποῖον
1899 4403 1964 4476 δὴ

399 4484 583 4551 τοῦτος
617 4484 691 4538 Τὸ
730 4483 991 4555 διηνεκῶς
1018 4483 1161 4553 ἔχειν
1204 4484 1295 4536 τὸν
1337 4483 1472 4538 Θεὸν
1535 4485 1824 4557 σύμμαχον
1871 4489 1966 4542 καὶ

401 4567 613 4639 βοηθὸν,
647 4568 742 4620 καὶ
772 4566 1047 4635 πανταχοῦ
1083 4566 1508 4636 παριστάμενον.
1554 4570 1631 4622 υύ
1669 4569 1777 4642 γάρ
1817 4570 1965 4637 ἀπαξ

399 4650 555 4704 τοῦτο
583 4651 725 4702 ποιεί
761 4650 855 4701 καὶ
889 4649 969 4712 δὶς
999 4649 1093 4702 καὶ
1123 4650 1263 4719 τρὶς,
1293 4649 1427 4702 ἀλλά
1459 4650 1742 4721 διηνεκῶς,
1776 4655 1961 4725 φησὶν,

400 4734 497 4787 ὲάν
526 4731 686 4785 αὐτὸν
708 4731 961 4801 καλῶμεν
977 4746 990 4759 °
1016 4732 1109 4785 καὶ
1135 4732 1238 4802 ὅρα
1264 4731 1425 4785 πάλιν
1462 4733 1739 4789 κάνταῦθα
1761 4739 1821 4791 τὸ
1867 4739 1965 4792 τά-

403 4832 513 4886 χος.
551 4815 759 4884 Ὥσπερ
785 4813 894 4885 γὰρ
920 4811 1032 4866 ἀνω
1063 4813 1267 4883 ἔλεγεν,
1314 4815 1416 4868 Ἐν
1439 4812 1521 4880 τῷ
1550 4816 1966 4874 ἐπικαλεῖσθαι

400 4915 491 4969 με,
532 4897 862 4965 εἰσήκουσέ
900 4914 1019 4967 μου
1042 4900 1075 4951 ό
1101 4898 1245 4964 Θεὸς
1273 4896 1383 4968 τῆς
1409 4897 1798 4968 δικαιοσύνης
1810 4921 1929 4972 μου
1948 4922 1962 4937 ο

402 4981 544 5035 οὕτω
592 4982 687 5035 καὶ
727 4979 991 5046 ἐνταῦθα,
1050 4982 1153 5035 Ἐν
1196 4980 1278 5047 τῷ
1310 4983 1656 5053 κεκραγέναι
1694 5000 1769 5054 με
1816 4986 1967 5055 πρὸς

400 5065 603 5123 αὐτόν.
870 5120 873 5125 ,
1314 5058 1325 5076 ’

471 5148 594 5213 Πῶς
642 5143 736 5202 οῦν
767 5148 867 5202 οὐκ
909 5146 1194 5201 ἀκούονται
1242 5145 1428 5200 πολλοὶ
1445 5139 1477 5211 ,’
1516 5148 1684 5218 (mal;
1748 5151 1848 5205 Διά
1904 5153 1966 5206 τὸ

404 5229 693 5301 ἀσύμφορα
735 5233 929 5284 αἰτεῖν.
992 5229 1251 5283 Ἐνταῦθα
1288 5232 1397 5303 γὰρ
1424 5230 1486 5283 τὸ
1525 5233 1599 5302 μὴ
1632 5233 1964 5306 ἀκουσθῆναι

404 5311 494 5366 τοῦ
529 5313 887 5383 ἀκουσθῆναικ
905 5312 1132 5383 βέλτιον.
1170 5314 1331 5367 Ὥστε
1382 5313 1483 5368 κᾶν
1510 5315 1854 5387 ἀκουώμεθα,
1891 5318 1965 5390 μὴ

403 5395 490 5449 διὰ
515 5397 670 5450 τοῦτο
702 5399 980 5471 χαίρωμεν
1000 5416 1013 5431 ·
1045 5397 1181 5451 ἀλλά
1214 5398 1308 5451 καὶ
1334 5398 1459 5452 ὅταν
1489 5398 1563 5470 μὴ
1607 5399 1963 5471 ἀκουώμεθα,

405 5480 497 5532 καὶ
527 5478 615 5531 διά
642 5479 800 5532 τοῦτο
825 5480 1155 5550 δοξάζωμεν.
1196 5480 1269 5533 Ἦ
1298 5480 1408 5551 γὰρ
1429 5480 1724 5553 ἀσύμφορα
1750 5482 1964 5538 αἰτοῦν-

403 5578 491 5626 τες
514 5564 616 5616 οὐκ
655 5563 962 5634 ἀκωόμεθα
982 5604 996 5628 ,
1027 5566 1122 5619 καὶ
1150 5564 1228 5636 τῷ
1266 5565 1342 5636 μή
1368 5562 1552 5619 λαϐεῖν
1577 5567 1961 5645 κερδαίνομενο

462 5712 489 5747 ι
518 5702 638 5766 Reg.
667 5704 747 5751 καὶ
773 5704 878 5768 βίον
897 5705 1113 5768 προνοίας
1134 5705 1428 5769 παραίνεσιν,

3542 335 3623 393 50

1998 466 2002 470 ’
2046 446 2077 518 ἢ
2112 448 2371 521 ῥᾳθύμως
2401 453 2690 525 αἰτοῦμεν,
2739 450 2835 511 καὶ
2880 460 2945 529 τῇ
2990 457 3242 531 μελλήσει
3287 457 3388 526 τῆς
3414 456 3625 523 δόσεως

2039 538 2138 607 τὴν
2168 540 2491 611 προσεδρίαν
2517 545 2645 613 ἡμῖν
2673 546 2702 597 6
2721 544 2856 609 Θεὸς
2887 546 3165 615 σοφίζεται
3187 562 3201 576 ·
3241 545 3338 599 καὶ
3365 543 3522 597 τοῦτο
3557 542 3625 597 δὲ

2039 624 2100 675 οὐ
2129 625 2321 695 μικρὸν
2362 627 2569 699 κέρδος.
2602 633 2670 684 El
2693 631 2804 701 γὰρ
2839 632 3029 701 ὑμεῖς,
3060 635 3256 704 φησὶν,
3288 630 3488 687 οῖδατε
3517 629 3626 683 δό-

2035 727 2189 779 ματα
2222 714 2414 783 ἀγαθὰ
2452 716 2681 772 διδόναι
2733 719 2856 785 τοῖς
2899 721 3133 786 τέκνοις
3174 719 3378 788 ὑμῶν,
3433 717 3623 788 πολλῷ

2045 798 2246 868 μᾶλλον
2272 802 2301 854 6
2326 801 2457 867 Θεὸς
2496 803 2678 874 ήμῶν,
2719 806 3082 876 ἐπιστάμενος
3104 806 3167 860 τὸ
3189 805 3373 860 δοῦναι
3392 846 3408 870 ,
3431 804 3525 858 καὶ
3552 802 3625 856 τὸ

2043 885 2175 938 πότε
2209 885 2413 951 δοῦναι,
2438 890 2532 943 καὶ
2554 890 2616 943 τὸ
2640 893 2695 944 τί
2725 892 2927 946 δοῦναι.
2955 891 3066 965 [17]
3097 894 3250 946 Ἐπεὶ
3275 892 3371 946 καὶ
3402 889 3625 953 Παῦλος

2043 970 2234 1043 ᾔτησε,
2264 976 2358 1028 καὶ
2384 977 2483 1029 οὐκ
2522 974 2741 1031 ιῖίλαϐεν⁵
2774 978 3088 1051 ἀσύμφορον
3121 979 3151 1020 ιι
3180 980 3290 1050 γὰρ
3330 978 3452 1049 ᾔτει
3472 994 3486 1008 ⁸
3517 977 3623 1030 καὶ

2044 1056 2299 1131 Μωῦσῆς,
2334 1062 2427 1114 καὶ
2459 1063 2579 1116 οὐδὲ
2605 1063 2797 1133 ἐκείνῳ
2826 1064 3114 1119 ἐπένευσεν
3144 1062 3173 1117 ό
3200 1063 3354 1125 Θεός.
3383 1062 3477 1133 Μὴ
3500 1060 3625 1113 τοί-

2044 1162 2140 1200 νυν
2167 1148 2515 1222 ἀποστῶμεν,
2550 1154 2676 1207 ὅταν
2716 1154 2791 1225 μὴ
2822 1153 3168 1224 ἀκουώμεθα,
3200 1153 3331 1222 μηδὲ
3362 1150 3627 1219 ἀλύωμεν

2046 1237 2142 1288 καὶ
2181 1237 2507 1308 ναρκῶμεν¹,
2548 1239 2662 1292 ἀλλ’
2704 1239 3052 1311 ἐπιμένωμεν
3089 1240 3155 1309 τῇ
3192 1234 3489 1308 προσεδρίᾳ
3519 1234 3625 1286 καὶ

2044 1325 2111 1392 τῇ
2140 1325 2370 1395 αἰτήσει.
2409 1327 2595 1380 Πάντα
2638 1329 2750 1400 γὰρ
2799 1328 3185 1399 συμφερόντως
3226 1327 3255 1378 6
3285 1323 3418 1386 Θεὸς
3452 1320 3626 1391 ἐργά-

2048 1409 2219 1475 ξεταιο
2265 1411 2580 1482 Ὀργίζεσθε
2600 1457 2613 1479 ,
2661 1416 2760 1469 καὶ
2795 1415 2880 1485 μὴ
2914 1412 3310 1483 ἁμαρτάνετε*
3341 1408 3380 1463 d
3410 1411 3627 1477 λέγετε

2047 1497 2119 1551 ἐν
2157 1498 2286 1566 ταῖς
2332 1500 2599 1568 καρδίαις
2641 1502 2841 1571 ὑμῶν,
2891 1501 2990 1555 ἐπὶ
3027 1500 3155 1565 ταῖς
3194 1498 3419 1562 κοίταις
3449 1492 3628 1564 ὑμῶν

2049 1588 2439 1656 κατανύγητε.
2492 1588 2665 1660 Ὅπερ
2709 1587 3019 1659 ἔμπροσθεν
3067 1583 3254 1648 εἷπον,
3308 1583 3467 1637 τοῦτο
3522 1580 3628 1633 καὶ
3692 1654 3711 1661 _

2048 1672 2145 1727 νῦν
2167 1673 2328 1741 λέγω.
2368 1675 2585 1746 Ἐπειδὴ
2615 1675 2720 1746 γὰρ
2750 1675 2887 1746 πρὸς
2918 1673 3245 1743 θεογνωσίαν
3271 1669 3469 1732 αὐτοὺς
3498 1666 3628 1739 μέλ·

2048 1758 2129 1813 λει
2150 1764 2529 1831 χειραγωγεῖν,
2556 1762 2890 1815 ἀπαλλάττει
2910 1762 3009 1832 τὴν
3039 1758 3350 1830 ψυχὴνντιῶν
3376 1753 3629 1825 νοσημά-

2048 1863 2174 1902 των.
2217 1843 2337 1900 Οἵδε
2376 1848 2504 1919 γὰρ,
2543 1849 2625 1901 ὅτι
2676 1847 2790 1919 βίος
2824 1846 3218 1918 διεφθαρμένος
3254 1842 3482 1912 κώλυμα
3518 1840 3629 1910 τῆς

2048 1935 2154 1989 τῶν
2184 1936 2401 2008 ὑψηλῶν
2433 1937 2715 2008 δογμάτων
2744 1936 3026 2008 ἀκριϐείας
3050 1935 3282 2004 γίνεται.
3311 1932 3488 2000 Ὅπερ
3524 1924 3626 1982 οὖν

2049 2023 2144 2076 καὶ
2178 2024 2388 2088 Παῦλος
2419 2025 2789 2095 αἰνιττόμενος
2832 2023 3015 2091 ἔλεγεν
3043 2033 3066 2061 ο
3090 2039 3104 2053 ο
3145 2022 3267 2074 Οὐκ
3304 2016 3628 2086 ἠδυνήθην

2047 2110 2191 2179 ὑμῖν
2219 2111 2487 2179 λαλῆσαι
2523 2112 2602 2178 ὡς
2627 2108 3075 2180 πνευματικοῖς,
3108 2107 3245 2162 ἀλλ’
3290 2106 3372 2172 ὡς
3410 2118 3629 2170 σαρκι-

2048 2197 2196 2264 κοῖς.
2242 2198 2352 2250 Καὶ
2404 2198 2596 2252 πάλιν·
2654 2197 2746 2263 Ὠς
2791 2195 3032 2264 νηπίοις
3073 2194 3144 2247 ἐν
3177 2191 3429 2261 Χριστῷ,
3463 2188 3628 2259 τάλα

2047 2285 2204 2355 ὑμᾶς
2222 2287 2492 2352 ἐπότισα,
2522 2288 2592 2341 οὐ
2614 2285 2843 2356 βρῶμα.
2868 2284 2979 2339 Καὶ
3011 2283 3173 2336 πάλιν
3192 2299 3204 2313 ·
3233 2279 3377 2349 Περὶ
3401 2273 3473 2333 οὗ
3512 2290 3630 2329 που

2048 2375 2165 2439 λὺς
2205 2373 2351 2443 ἡμῖν
2389 2376 2423 2427 ό
2461 2375 2644 2442 λόγος
2683 2373 2782 2427 καὶ
2814 2370 3317 2440 δυσερμήνευτος,
3347 2364 3476 2418 ἐπεὶ
3506 2379 3629 2415 νω-

2050 2461 2179 2529 θροί
2206 2460 2346 2514 ἐστε
2371 2460 2486 2527 τὴν
2511 2458 2724 2526 ἀκοήν.
2760 2460 2865 2512 Καὶ
2895 2460 2925 2512 ὁ
2956 2457 3185 2519 Ἡσαΐας
3218 2453 3379 2508 πάλιν
3399 2469 3413 2484 ·
3447 2448 3631 2516 Ζητεί

2044 2563 2122 2616 με
2157 2549 2190 2600 ό
2228 2547 2377 2612 λαὸς
2408 2540 2605 2611 οὗτος,
2630 2545 2731 2599 καὶ
2755 2544 2977 2615 γνῶναί
3000 2559 3120 2612 μου
3148 2540 3256 2607 τὰς
3286 2537 3463 2604 ὀδοὺς
3492 2536 3632 2589 ἐπι-

2050 2632 2376 2701 θυμοῦσιν,
2420 2631 2500 2697 ὡς
2524 2630 2674 2697 λαὸς
2699 2631 3095 2697 δικαιοσύνην
3126 2625 3486 2693 πεποιηκὼς,
3520 2620 3633 2675 καὶ

2050 2721 2252 2789 κρίσιν
2279 2719 2425 2774 Θεοῦ
2441 2719 2526 2789 μὴ
2548 2719 3079 2790 ὲγκαταλελοιπώς.
3103 2716 3212 2769 Καὶ
3237 2712 3396 2782 Ὠσηέ
3414 2728 3432 2747 ο
3453 2708 3634 2764 Exsi-

2043 2825 2189 2877 ρατε
2212 2796 2449 2873 ἑαυτοῖς
2462 2808 2548 2872 εἰς
2570 2806 2985 2874 δικαιοσύνην,
3008 2803 3303 2874 φωτίσατε
3328 2798 3452 2869 φῶς
3475 2795 3633 2867 γνώ-

2053 2912 2225 2964 σεως.
2262 2898 2371 2950 Καὶ
2403 2898 2432 2949 6
2459 2896 2688 2964 Χριστὸς
2714 2896 2978 2948 διδάσκων
3004 2893 3185 2957 ἕλεγε’
3216 2887 3339 2954 Πᾶς
3360 2892 3392 2942 ὁ
3418 2885 3633 2956 φαῦλα

2053 2983 2365 3055 πράσσων,
2384 2975 2565 3053 ’μισεῖ
2578 2982 2644 3036 τὸ
2672 2981 2816 3052 φῶς,
2854 2979 2951 3034 καί
2978 2981 3090 3034 οὐκ
3121 2979 3354 3045 ἔρχεται
3383 2973 3533 3042 πρὸς
3554 2971 3635 3025 τὸ

2054 3071 2198 3143 φῶς.
2236 3073 2346 3124 Καὶ
2372 3071 2559 3125 πάλιν·
2594 3070 2725 3135 Πῶς
2749 3069 3012 3123 δύνασθε
3045 3065 3383 3126 πιστεύειν,
3435 3058 3635 3143 δόξαν

2055 3142 2192 3228 παρ’
2225 3159 2513 3228 ἀλλήλων
2543 3156 2978 3227 λαμϐάνοντες,
3028 3153 3128 3207 καὶ
3156 3149 3273 3219 τὴν
3300 3147 3489 3223 δόξαν
3509 3142 3636 3212 τὴν

2056 3247 2217 3317 παρὰ
2247 3248 2353 3302 τοῦ
2378 3252 2568 3316 μόνου
2597 3244 2745 3298 Θεοῦ
2785 3245 2858 3297 οὺ
2900 3240 3242 3309 ζητοῦντες
3284 3236 3394 3289 Καὶ
3422 3234 3585 3287 πάλιν
3611 3246 3629 3262 ⁸

2039 3336 2250 3391 -Ταῦτα
2284 3331 2456 3390 εἷπον
2487 3336 2539 3388 οἱ
2563 3333 2753 3403 γονεῖς
2776 3330 2983 3393 αὑτοῦ,
3017 3328 3104 3381 ὅτι
3132 3323 3457 3396 ἐφοϐοῦντο
3480 3319 3638 3386 τοὺς
3666 3324 3669 3333 ‘

2069 3423 2418 3486 Ἰουδαίους,
2451 3421 2551 3474 ἵνα
2571 3418 2657 3490 μὴ
2691 3416 3146 3486 ἀποσυνάγωγοι
3174 3414 3477 3483 γένωνται.
3514 3409 3639 3461 Καὶ

2057 3511 2217 3566 πάλιν
2238 3527 2251 3540 ·
2283 3508 2505 3563 Πολλοὶ
2543 3506 2611 3560 δὲ
2638 3507 3009 3559 ἐπίστευσαν
3047 3504 3133 3568 εἰς
3158 3498 3363 3562 αὐτόν,
3403 3495 3501 3549 καὶ
3526 3494 3639 3548 διὰ

2056 3601 2199 3664 τοὺς
2231 3597 2591 3665 Φαρισαίους
2633 3595 2746 3663 οὐχ
2790 3592 3152 3661 ὡμολόγουν.
3204 3586 3312 3641 Καὶ
3350 3584 3635 3653 πανταχοῦ

2060 3689 2158 3742 ίὸοι
2198 3703 2283 3747 τις
2335 3684 2401 3739 ἂν
2446 3683 2539 3736 τὸν
2576 3681 2971 3753 διεφθαρμένον
3017 3678 3130 3748 βίον
3174 3676 3309 3746 πρὸς
3340 3672 3637 3742 δογμάτων

2058 3773 2342 3846 ἀκρίϐειαν
2371 3769 2625 3842 ἐμπόδιον
2648 3768 2947 3838 γινόμενον.
2992 3766 3204 3834 Ὠσπερ
3233 3762 3342 3833 γὰρ
3374 3761 3523 3830 λήμη
3558 3761 3635 3846 τῇ

2058 3845 2167 3915 τῶν
2193 3857 2485 3930 ὀφθαλμῶν
2513 3855 2699 3909 διειδεῖ
2725 3854 2861 3925 κόρῃ
2909 3848 3310 3923 προσιζάνουσα
3348 3845 3637 3899 ἐπισκοτεῖ

2058 3949 2154 4003 καὶ
2185 3946 2329 4001 θολοῖ
2360 3946 2420 3998 τὸ
2452 3942 2704 4014 φωτίζον,
2736 3939 2879 3994 οῦτω
2903 3938 2967 4009 δὴ
3001 3937 3093 3991 καὶ
3118 3933 3374 4004 λογισμὸς
3403 3931 3508 3984 ὑπὸ
3530 3947 3639 3983 πο-

2058 4037 2253 4108 νηρίας
2278 4030 2707 4101 κατειλημμένος
2731 4029 2914 4081 σκοτοῖ
2934 4026 3028 4080 καὶ
3059 4026 3224 4095 πηροῖ
3248 4021 3346 4092 τὴν
3367 4021 3634 4108 διάνοιαν.

2128 4123 2222 4177 Διὸ
2251 4123 2345 4176 καί¹
2385 4122 2414 4174 6
2457 4118 2746 4190 Προφήτης
2794 4115 2951 4169 τοῦτο
3002 4113 3157 4177 εἰδὼς
3216 4111 3397 4179 λέγει’
3444 4107 3636 4178 Ὀργί-

2061 4211 2249 4274 ζεσθε,
2282 4207 2379 4263 καί
2395 4206 2480 4276 μὴ
2513 4202 2894 4275 ἁμαρτάνετε.
2924 4202 3000 4255 Ού
3022 4201 3131 4271 γὰρ
3152 4200 3251 4271 τὴν
3274 4198 3443 4271 ὀργὴν
3468 4197 3637 4251 ἀναι-

2063 4302 2165 4371 ρετ,
2190 4297 2432 4370 χρησίμη
2459 4295 2569 4366 γάρ
2586 4311 2599 4325 ·
2631 4291 2750 4347 οὐδὲ
2772 4291 2863 4345 τὸν
2890 4290 3061 4361 θυμὸν
3087 4287 3365 4350 ἐκκόπτει,
3400 4286 3491 4340 καὶ
3518 4284 3640 4356 γὰρ

2060 4387 2331 4457 ὠφέλιμος
2350 4382 2492 4437 κατά
2503 4381 2608 4436 τῶν
2622 4379 2947 4434 ἀδικούντων
2963 4378 3243 4448 γινόμενος
3262 4372 3506 4429 καὶκατά
3518 4371 3640 4457 τῶν

2064 4454 2322 4543 ῥαθύμων
2341 4485 2355 4498 ο
2391 4465 2527 4519 ἀλλὰ
2547 4465 2646 4537 τὴν
2678 4463 2861 4518 ἄδικον
2886 4462 3076 4533 ὀργὴν,
3100 4462 3191 4515 τὸν
3214 4459 3403 4543 ἄλογον
3431 4454 3633 4543 θυμόν.

2061 4539 2171 4608 Kal
2187 4539 2436 4619 καθάπερ
2450 4549 2479 4600 6
2500 4545 2741 4617 Μωῦσῆς
2759 4546 2838 4611 εἰς
2853 4546 2942 4598 τὸν
2963 4544 3151 4614 ήθικὸν
3174 4540 3429 4613 ἐμπεσὼν
3447 4539 3634 4607 λόγον,

2061 4636 2168 4691 ἀπὸ
2181 4634 2369 4688 τούτου
2392 4629 2604 4701 πρῶτον
2615 4631 2712 4701 τῆς
2728 4628 3046 4701 νομοθεσίας
3058 4628 3155 4698 τὴν
3177 4627 3351 4697 ἀρχὴν
3371 4624 3633 4685 ποιεῖται,

2061 4719 2263 4788 λέγων,
2303 4716 2383 4768 Οὐ
2399 4713 2733 4784 φονεύσεις,
2771 4711 2914 4765 οὕτω
2939 4709 3003 4781 δὴ
3032 4711 3127 4763 καὶ
3150 4704 3303 4772 οὗτος
3323 4724 3336 4737 ο
3373 4704 3507 4759 ἀλλά
3536 4703 3639 4757 καὶ

2063 4803 2245 4856 πλεῖον
2266 4794 2449 4863 οὗτος,
2480 4798 2589 4868 δσῳ
2616 4798 2709 4850 καί⁷
2737 4794 2936 4868 μᾶλλον
2963 4796 3031 4848 τὰ
3063 4793 3162 4865 τῆς
3191 4791 3466 4854 εὐσεϐείας
3489 4806 3639 4868 γνω-

2065 4884 2341 4958 ριμώτερα
2367 4878 2454 4952 ἦν.
2506 4864 2572 4934 ὀ
2602 4881 2698 4951 μὲν
2720 4864 2829 4951 γὰρ
2857 4879 2947 4933 τὸν
2970 4864 3129 4947 φόνον
3158 4875 3415 4930 ἐκκόπτει
3434 4890 3450 4905 ·
3474 4864 3635 4958 οὗτος

2060 4954 2136 5024 δὲ.
2162 4969 2256 5022 καί
2294 4966 2395 5037 τὴν
2428 4964 2637 5035 μητέρα
2681 4963 2775 5016 τοῦ
2815 4965 3004 5031 φόνου,
3046 4961 3147 5031 τήν
3175 4958 3370 5031 ὀργήν,
3405 4956 3500 5010 καὶ
3528 4954 3632 5027 τὶν

2065 5050 2248 5123 ῥίζανξ,
2291 5049 2386 5103 καὶ
2424 5048 2521 5115 τὴν
2553 5046 2735 5116 πηγὴν
2761 5040 2927 5097 οὖσαν
2956 5042 3053 5097 τοῦ
3089 5041 3260 5096 κακοῦ
3289 5038 3634 5123 ἀναστέλλει,

2063 5121 2153 5187 Διὸ
2182 5133 2276 5186 καὶ
2313 5133 2342 5184 6
2377 5127 2610 5201 Χριστὸς
2648 5125 3024 5180 καταστέλλων
3052 5126 3152 5197 τὴν
3188 5125 3380 5195 ὀργὴν,
3411 5121 3625 5189 ἔλεγενο

2076 5220 2137 5272 '0
2165 5215 2544 5286 ,ὀργιζόμενος
2580 5209 2659 5277 τῷ
2691 5209 2932 5280 ἀδελφῷ
2975 5210 3161 5265 αὑτοῦ
3206 5207 3370 5278 εἰκῆ,
3412 5207 3637 5277 ἔνοχος

2064 5300 2232 5355 ἔσται
2254 5302 2341 5363 εἰς
2371 5297 2487 5365 τὴν
2516 5293 2767 5366 γέενναν
2793 5294 2899 5347 τοῦ
2932 5294 3139 5361 πυρός.
3167 5287 3321 5355 Εἶδες
3350 5290 3636 5362 πανταχοῦ

2067 5383 2258 5455 μέτρα.
2307 5377 2657 5450 Ὀργίζεσθε,
2701 5377 2797 5431 καὶ
2835 5376 2922 5446 μὴ
2955 5374 3336 5446 ἁμαρτάνετε.
3390 5373 3443 5425 '0
3477 5374 3639 5443 όρτιο

2123 5521 2153 5561 b
2175 5521 2300 5584 Reg.
2343 5525 2397 5570 et
2436 5518 2577 5584 (ἴση).
2617 5518 2998 5584 ἀσυμφόρως-ει
3029 5518 3101 5566 sic
3139 5516 3290 5567 Savil.
3313 5514 3414 5565 Sed
3432 5527 3563 5565 unus
3605 5528 3638 5565 ι

2064 5584 2216 5633 Savil.
2241 5578 2536 5630 rhemoralus
2558 5578 2832 5642 ἀσύμφορον
2855 5578 3016 5642 habet.

2127 5648 2149 5675 ο
2174 5644 2295 5705 Reg.
2340 5643 2449 5705 οἶδε
2473 5642 2582 5705 γὰρ,
2750 5637 2842 5705 ira)
2863 5640 3121 5705 ἔμπροσθεν
3157 5639 3308 5699 εἶπεν,
3337 5637 3410 5686 δτι
3429 5637 3640 5698 βίαν...

2068 5699 2275 5766 κώλυμᾶ
2288 5709 2363 5766 τῇ.
2374 5740 2384 5751 .
2395 5741 2405 5751 .
2430 5699 2660 5767 ἀκριϐείᾳ.
2670 5739 2681 5752 .
2689 5699 2707 5751 .’
2724 5699 2912 5757 Παῦλος
2933 5699 3104 5763 ἔλεγεν.
