3928 6276
1706 244 1721 251 ’⁸
1800 238 1819 268 \

278 347 337 405 49
1414 349 1775 407 EXPOSITIO
1806 349 1881 406 1N
1914 348 2243 410 essenon
2285 348 2371 409 tv.
3478 365 3549 425 εο

270 464 444 517 orbem
476 472 738 516 terrarum
768 460 937 517 fuisse
967 476 996 515 a
1027 465 1221 518 sanctis
1246 463 1543 519 docendum
1571 508 1585 532 ,
1616 466 1660 519 si
1690 463 1850 518 modo

273 552 365 622 ipsi
400 554 683 606 voluissem
706 552 731 605 ?
756 553 1062 619 Quinetiam
1104 563 1226 609 ante
1264 570 1356 609 eos
1381 556 1637 611 diluvium
1665 565 1716 610 et
1743 555 1853 611 lin-

272 660 476 715 guarum
506 643 756 697 confusio
783 644 851 698 ad
896 646 1229 699 excitandam
1255 662 1439 702 eorum
1467 657 1697 702 mentem
1724 649 1853 702 satis

274 740 486 793 fui-rant.
514 738 588 791 Ne
611 738 759 791 enim
786 738 931 815 quod
954 751 1201 794 evenerat
1228 741 1484 810 temporis
1510 741 1854 796 diuturnitate

273 831 508 884 oblivioni
537 830 842 884 traderetur
865 874 880 896 ,
914 832 1065 886 locus
1090 832 1493 902 appellationem
1541 834 1733 901 accipit
1759 851 1771 886 :
1799 841 1854 887 et

271 921 453 974 exinde
480 920 716 991 Babylon
751 920 819 975 ex
849 921 1145 991 linguarum
1190 922 1504 978 confusione
1542 923 1764 989 dicitur,
1796 932 1854 977 ut

268 1011 473 1063 auditor
506 1012 573 1065 ab
618 1013 729 1079 ipsa
773 1014 1131 1081 appellatione
1158 1014 1415 1068 deductus
1435 1055 1449 1079 ,
1481 1014 1546 1069 ad
1584 1015 1659 1068 rei
1690 1026 1852 1084 gestae

273 1102 579 1169 principium
625 1102 877 1157 deveniat
923 1115 979 1159 et
1021 1104 1111 1159 Dei
1155 1106 1404 1160 virtutem
1446 1106 1722 1176 intelligat.
1775 1106 1851 1160 ita

271 1193 421 1245 etiam
444 1195 533 1262 qui
557 1194 869 1249 habitabant
894 1197 947 1250 in
968 1197 1254 1254 Occidente
1274 1216 1461 1255 omnes
1482 1202 1655 1254 omnia
1677 1200 1853 1255 disce-

269 1282 393 1336 bant
416 1326 429 1344 .
462 1300 582 1337 cum
616 1288 1003 1341 mercatoribus
1033 1288 1296 1360 Egyptiis
1334 1302 1629 1346 versantes.
1657 1292 1855 1358 Quam-

270 1388 420 1442 quam
451 1377 647 1443 alioqui
675 1379 725 1430 in
759 1379 1025 1449 principio
1051 1397 1153 1433 non
1181 1383 1358 1435 multa:
1384 1394 1571 1452 gentes
1601 1393 1751 1438 erant
1798 1385 1850 1438 in

270 1467 350 1520 illa
396 1469 663 1536 regione:
704 1472 797 1525 sed
842 1474 1073 1526 maxima
1122 1464 1395 1529 hominum
1444 1474 1742 1546 frequentia
1790 1492 1854 1533 ac

266 1558 433 1610 turbze
461 1560 743 1614 multitudo
771 1572 890 1616 erat
917 1563 972 1617 in
1014 1565 1248 1633 partibus
1277 1565 1528 1620 Orientis.
1560 1568 1765 1622 Etenim
1797 1578 1852 1623 et

271 1646 433 1699 Adam
460 1648 608 1703 illinc
640 1666 888 1720 egressus
929 1663 1042 1718 est,
1071 1664 1123 1709 et
1143 1669 1310 1724 genus
1338 1655 1449 1711 Noe
1477 1657 1583 1712 illic
1606 1659 1853 1713 versaba-

271 1748 371 1803 tur,
404 1749 455 1793 ct
482 1749 606 1809 post
634 1745 821 1797 turrim
850 1746 958 1800 illic
986 1756 1169 1810 erant,‘
1187 1757 1240 1801 et
1268 1758 1329 1803 ut
1354 1748 1639 1819 plurimum
1667 1764 1850 1805 versa-

268 1830 457 1885 bantur
486 1834 540 1886 in
567 1833 805 1889 Oriente.
835 1835 941 1891 Sed
975 1846 1148 1892 tamen
1188 1838 1240 1893 in
1283 1856 1598 1911 unaquaque
1625 1857 1850 1911 genera-

267 1922 406 1977 tione
430 1924 573 1978 Deus
603 1925 708 1979 illis
734 1927 983 1982 doctores
1028 1930 1328 1997 constituit,
1365 1930 1477 1986 Noe
1496 1973 1511 1997 ,
1545 1931 1810 1986 Abraham
1832 1972 1847 1997 ,

267 2013 432 2081 Isaac,
460 2017 650 2082 Jacob,
668 2018 1076 2079 Melchisedech.
1098 2022 1452 2089 Quamobrem
1488 2025 1572 2078 hic
1592 2025 1849 2094 propheta

265 2121 325 2159 ex
353 2106 451 2172 iis,
481 2124 605 2177 qua:
633 2111 833 2164 sanctis
871 2114 1150 2179 eveniunt,
1174 2130 1267 2169 eos
1308 2114 1395 2185 qui
1432 2115 1484 2169 in
1517 2117 1852 2185 improbitate

265 2198 445 2252 vivunt
471 2199 693 2267 excitat,
722 2202 908 2256 dicens
931 2221 945 2257 :
971 2203 1157 2259 Scitote
1180 2207 1415 2276 quoniam
1437 2208 1719 2277 miriﬁcavil
1746 2208 1852 2264 Do—

262 2291 427 2342 minus
449 2300 683 2344 sanctum
706 2309 876 2346 suum.
905 2293 1043 2362 Quid
1070 2304 1182 2362 est,
1208 2296 1499 2366 Miriﬁcavit
1522 2298 1714 2355 iFecit
1753 2301 1851 2355 ad-

262 2381 587 2448 mirabilem,
614 2383 897 2454 insignem.
938 2386 1169 2454 clarum,
1200 2390 1542 2458 conspicuum
1563 2432 1578 2455 ,
1608 2407 1731 2446 eum
1762 2392 1850 2462 qui

260 2471 359 2540 ipsi
388 2473 643 2527 addictus
670 2483 768 2528 est.
802 2475 882 2529 Ex
907 2491 1064 2531 servo
1090 2492 1216 2548 ergo
1241 2488 1295 2533 et
1338 2479 1402 2534 iis
1426 2496 1544 2550 qua:
1574 2481 1672 2551 ipsi
1713 2482 1852 2536 acci-

258 2562 392 2617 dunt
422 2564 639 2619 Domini
668 2565 856 2621 discite
884 2569 1192 2636 potentiam.
1226 2568 1339 2623 Non
1363 2570 1495 2625 dixit
1529 2573 1718 2637 solum,
1748 2572 1852 2626 Bo-

256 2671 387 2709 num
421 2656 613 2721 dedit,
653 2657 745 2712 sed
766 2699 782 2724 ,
811 2658 1168 2715 Admirabilem
1194 2661 1312 2730 fecit
1333 2703 1349 2727 ,
1379 2662 1684 2732 signiﬁcans
1727 2679 1848 2719 eum

256 2744 473 2802 dedisse
498 2763 624 2801 cum
653 2764 843 2819 magno
866 2751 1141 2816 miraculo,
1164 2763 1358 2823 praeter
1385 2752 1540 2809 [idem
1567 2762 1622 2809 et
1645 2756 1851 2824 opinio-

252 2854 403 2892 nem.
431 2840 510 2893 Ita
532 2841 693 2894 etiam
724 2841 781 2896 in
822 2828 1090 2898 Abraham
1133 2843 1328 2900 factum
1372 2854 1473 2901 est.
1517 2846 1633 2902 Non
1677 2849 1848 2903 solum

251 2930 401 2982 enim
430 2930 582 2984 dedit
608 2946 828 2987 uxorem
860 2933 1132 3000 intactam,
1161 2938 1254 2991 sed
1282 2952 1403 2991 eum
1431 2940 1589 2993 etiam
1621 2939 1851 2995 reddidit

252 3021 635 3076 admirabilem
668 3041 681 3076 :
707 3032 764 3077 ut
788 3039 895 3077 non
922 3026 1096 3080 solum
1119 3027 1313 3081 donum
1344 3028 1395 3082 in
1426 3044 1491 3084 eo
1510 3031 1846 3097 consisteret,

250 3114 400 3183 quod
432 3114 567 3168 nihil
595 3130 758 3186 grave
780 3132 970 3188 passus
995 3119 1083 3182 sit,
1107 3120 1199 3174 sed
1222 3122 1380 3175 etiam
1408 3123 1458 3175 in
1485 3138 1550 3176 eo
1573 3123 1713 3193 quod
1740 3123 1850 3178 cla-

251 3220 349 3260 rus
388 3205 441 3260 in
482 3205 720 3278 Egypto
747 3211 994 3264 evaserit.
1026 3210 1246 3281 Proliter
1270 3213 1387 3282 ejus
1425 3215 1566 3267 enim
1588 3214 1846 3283 justitiam

251 3295 453 3349 factum
480 3306 587 3359 est,
612 3306 673 3351 ut
701 3298 831 3353 nihil
854 3301 1138 3356 molestum
1168 3303 1242 3356 illi
1270 3302 1455 3369 ﬁeret;
1483 3314 1697 3375 pr0pter
1718 3305 1849 3361 alio-

250 3400 374 3438 rum
402 3397 586 3440 autem
616 3388 921 3455 utilitatem,
945 3401 1002 3443 ut
1023 3391 1406 3447 admirabiliter
1431 3402 1485 3448 et
1511 3404 1704 3464 praeter
1730 3396 1846 3466 opi-

252 3476 472 3530 nionem
507 3477 653 3532 illinc
689 3479 910 3533 rediret.
937 3479 1050 3539 Hoc
1079 3483 1130 3535 in
1170 3483 1338 3538 tribus
1382 3486 1560 3553 pueris
1582 3526 1599 3551 ,
1644 3484 1746 3540 hoc
1791 3486 1846 3541 in

252 3564 505 3620 leonibus
533 3568 761 3633 accidit,
794 3568 898 3624 hoc
920 3571 977 3625 in
1003 3581 1123 3627 ceto
1164 3585 1218 3628 et
1258 3574 1309 3628 in
1343 3574 1508 3641 Jona,
1535 3584 1588 3631 et
1612 3576 1847 3647 undique

253 3670 433 3713 servat
461 3674 585 3715 cum
623 3662 919 3732 miraculo,
959 3680 1068 3720 non
1112 3668 1401 3738 quemlibet
1441 3670 1717 3739 absolute,
1749 3671 1845 3726 sed

253 3762 524 3806 Sanctum.

323 3841 378 3895 7.
416 3843 603 3898 Vidisti
647 3847 916 3916 quomodo
956 3864 1076 3905 cum
1115 3850 1208 3906 Dei
1248 3853 1549 3924 cognitione
1585 3855 1653 3909 ad
1681 3854 1844 3911 vitam

254 3946 466 4003 quoque
513 3938 733 4004 probam
771 3939 787 3969 ²
818 3939 1160 4010 exhortatur,
1211 3942 1411 3999 docens
1453 3961 1557 3999 non
1587 3945 1759 3999 solum
1789 3946 1843 4000 in

254 4022 348 4079 Dei
393 4026 759 4098 benignitate,
806 4031 899 4086 scd
949 4033 1001 4088 in
1032 4035 1364 4104 propriorum
1397 4038 1556 4093 etiam
1582 4040 1843 4095 factorum

253 4117 447 4173 virtute
485 4136 639 4190 spem
680 4122 864 4179 salutis
910 4127 1149 4195 ponere?
1194 4127 1445 4183 Dominus
1486 4131 1720 4185 exaudiet
1764 4148 1845 4187 me

253 4223 368 4261 cum
394 4211 681 4267 claritavero
701 4217 768 4267 ad
794 4232 925 4270 eum.
956 4216 1239 4289 Postquam
1266 4220 1399 4276 dixit
1420 4238 1478 4277 se
1502 4239 1621 4278 eum
1649 4224 1842 4281 fecisse

250 4302 663 4372 admirabilem,
716 4324 825 4363 non
873 4312 925 4364 in
973 4311 1053 4365 liis
1092 4315 1364 4382 subsistit,
1404 4316 1496 4370 sed
1526 4319 1655 4372 dicit
1679 4320 1840 4374 etiam

247 4394 388 4447 aliud
404 4411 578 4466 genus
599 4397 881 4454 felicitatis.
913 4401 1188 4468 Quodnam
1204 4415 1379 4461 autem
1404 4407 1503 4463 hoc
1523 4410 1647 4463 est?
1673 4409 1837 4465 Deum

248 4482 445 4540 habere
473 4501 735 4559 perpetuo
756 4492 1051 4562 adjutorcm
1074 4537 1086 4559 ,
1117 4498 1483 4554 auxiliatorem
1505 4542 1521 4565 ,
1562 4510 1617 4557 et
1642 4501 1839 4573 ubique

249 4592 592 4647 praesentem.
642 4582 758 4637 Non
797 4588 937 4640 enim
974 4586 1077 4643 hoc
1114 4591 1277 4645 semel
1303 4633 1317 4657 ,
1349 4604 1440 4647 aut
1477 4595 1593 4661 bis,
1639 4607 1730 4651 aut
1760 4609 1840 4652 ter

246 4668 405 4737 facit,
452 4673 554 4727 sed
585 4686 843 4745 perpetuo
865 4720 880 4744 ,
909 4679 1081 4749 inquit
1104 4722 1118 4746 ,
1146 4682 1189 4735 si
1218 4683 1388 4752 ipsum
1416 4685 1741 4742 invocemus.
1773 4689 1838 4744 Et

243 4764 364 4818 vide
405 4781 601 4820 rursus
648 4769 736 4822 hic
778 4769 937 4824 etiam
983 4773 1330 4830 celeritatem.
1377 4777 1835 4844 Quemadmodum

243 4858 381 4910 etum
421 4859 561 4913 dixit
606 4862 851 4929 superius
883 4880 896 4916 :
943 4862 1069 4917 Cum
1106 4866 1423 4935 invocarem,
1463 4873 1717 4926 exaudivit
1758 4891 1837 4928 me

250 4946 375 5002 Deus
399 4951 629 5021 justitia:
656 4968 781 5007 meae
806 4969 826 5006 :
864 4953 936 5008 ita
961 4956 1119 5010 etiam
1156 4957 1241 5013 hic
1259 4996 1276 5027 ,
1316 4958 1440 5014 Cum
1464 4961 1743 5018 clamavero
1767 4966 1835 5019 ad

241 5054 368 5094 “ut.

309 5131 406 5186 Car
461 5135 618 5189 multi
666 5146 935 5207 precantes
996 5156 1097 5194 non
1151 5143 1443 5198 audiantur.
1483 5134 1556 5186 ξ-
1602 5146 1835 5216 Quomo-

250 5220 306 5274 do
325 5240 464 5295 ergo,
498 5228 697 5298 inquit,
730 5230 1134 5287 nonaudiuntur
1163 5236 1350 5291 multi?
1369 5237 1624 5305 Quoniam
1647 5250 1833 5309 petunt

247 5314 450 5375 inutilia.
501 5323 608 5377 llic
643 5322 794 5377 enim
822 5324 1017 5378 melius
1048 5334 1130 5382 est
1164 5342 1267 5383 non
1312 5328 1475 5385 fuisse
1500 5332 1825 5398 exauditum,

242 5421 383 5474 Quam
413 5414 740 5470 exauditum
785 5412 973 5469 fuisse.
1006 5414 1178 5483 Quare
1216 5419 1421 5474 etiamsi
1460 5422 1826 5490 exaudiamur,

238 5514 331 5556 non
362 5519 652 5580 propterea
688 5507 945 5561 laetemur
977 5523 989 5559 :
1026 5508 1119 5562 sed
1145 5520 1200 5564 et
1225 5516 1436 5580 quando
1463 5528 1568 5567 non
1606 5513 1828 5571 exaudi-

230 5611 365 5665 mur,
395 5600 519 5659 ideo
554 5603 734 5657 Deum
778 5598 1163 5672 gloriﬁcemus.
1211 5601 1304 5659 Vel
1328 5605 1476 5660 enim
1505 5606 1706 5662 inutilis
1732 5621 1828 5680 pe-

272 5783 289 5815 ⁸
316 5791 456 5849 Begu,
485 5784 560 5835 ad
582 5783 705 5835 vitae
726 5780 1053 5844 vigilantum.

1958 471 2135 518 tentes
2152 482 2253 519 non
2268 468 2594 535 exattdimnr,
2614 479 2798 526 etcum
2818 485 2920 527 non
2934 474 3514 545 accepimnsiucramur
3533 499 3546 544 ;

1956 558 2044 610 vel
2077 560 2404 629 negligenter
2442 563 2689 630 petimus,
2717 574 2771 619 et
2802 566 2851 619 in
2880 566 3021 621 dono
3051 566 3345 625 differendo
3382 573 3544 637 Deus,

1953 654 2017 702 'ut
2046 664 2141 704 nos
2186 651 2260 705 illi
2300 653 2665 720 assideamus,
2714 657 2966 711 solertem
3009 661 3101 714 init
3152 663 3456 719 rationem:
3494 675 3546 720 et

1960 737 2062 792 hoc
2088 739 2247 793 etiam
2290 757 2393 794 non
2431 751 2511 796 est
2536 745 2779 813 exiguum
2808 746 3033 802 lucrum.
3085 749 3147 804 Si
3170 754 3300 805 enim
3326 768 3431 817 vos,
3459 754 3543 809 itt-

1956 828 2106 896 quit,
2136 831 2290 883 nostis
2313 831 2435 884 dare
2460 832 2589 886 bona
2614 835 2735 889 data
2764 836 2884 905 ﬁliis
2907 841 3077 894 vestris
3099 841 3310 911 (Matth.
3343 845 3394 899 7.
3428 847 3540 916 ll),

1958 918 2126 971 multo
2168 921 2335 987 magis
2379 922 2519 978 Deus
2569 936 2747 980 noster
2776 929 2870 997 qui
2915 931 3017 984 scit
3064 931 3192 987 dare
3241 945 3292 988 et
3332 936 3548 1004 quando

1957 1006 2117 1074 dare,
2149 1019 2202 1064 et
2230 1012 2354 1080 quid
2381 1012 2509 1068 dare
2547 1026 2808 1085 oporteat.
2838 1017 2966 1073 Nam
2998 1020 3192 1077 Paulus
3220 1025 3381 1080 etiam
3408 1029 3541 1096 peti-

1953 1102 2052 1166 vit,
2084 1112 2137 1156 et
2162 1118 2266 1158 non
2292 1107 2529 1176 accepit;
2564 1110 2930 1176 petebatenim
2950 1115 3146 1184 aliquid
3174 1118 3386 1174 inutile:
3417 1121 3542 1177 item

1958 1191 2130 1247 Moses
2150 1236 2163 1259 ,
2192 1210 2291 1250 nec
2319 1197 2390 1250 illi
2418 1198 2629 1265 quidem
2668 1202 2809 1257 Deus
2828 1206 3031 1259 annuit.
3060 1207 3135 1261 Ne
3160 1224 3287 1278 ergo
3314 1210 3541 1267 desista-

1949 1293 2077 1337 ‘mus
2101 1324 2116 1347 ,
2147 1287 2357 1354 quando
2385 1303 2489 1343 non
2518 1292 2850 1360 exaudimur,
2886 1312 2983 1350 nec
3010 1299 3218 1354 tristitia
3247 1299 3544 1358 afﬁciamur

1959 1381 2014 1427 et
2038 1382 2376 1443 torpcamns,
2413 1379 2507 1433 sed
2534 1381 2826 1437 assidentes
2855 1395 2908 1438 et
2953 1396 3191 1454 petentes
3231 1405 3542 1459 permanea-

1960 1479 2095 1518 nius.
2126 1467 2245 1535 Agit
2273 1469 2411 1523 enim
2440 1470 2580 1525 Deus
2605 1476 2779 1527 omnia
2802 1476 3021 1532 utiliter.
3062 1480 3115 1533 5.
3141 1479 3463 1548 Irascimini,
3492 1493 3541 1538 st

1958 1554 2114 1608 nolite
2138 1573 2380 1625 peccare:
2409 1576 2522 1627 quia
2548 1561 2710 1617 dicitis
2736 1568 2788 1617 in
2819 1567 3049 1621 cordibus
3074 1572 3250 1625 vestris
3270 1613 3284 1638 ,
3322 1573 3375 1626 in
3397 1573 3545 1628 cubi-

1958 1646 2089 1700 libus
2119 1647 2288 1702 vestris
2318 1653 2731 1722 compungimini.
2778 1657 2930 1724 Quod
2960 1669 3082 1715 ante
3111 1661 3217 1715 dixi
3246 1703 3261 1727 ,
3304 1665 3354 1718 id
3380 1666 3540 1721 etiam

1960 1751 2102 1790 nunc
2128 1736 2269 1793 dico.
2310 1739 2438 1793 Nam
2469 1744 2587 1810 quia
2618 1744 2684 1798 ad
2718 1745 2808 1799 Dei
2843 1750 3198 1816 cognitionem
3222 1767 3316 1807 eos
3341 1755 3541 1810 estde-

1957 1825 2230 1892 ducturus,
2260 1831 2696 1889 liberatanimum
2724 1838 2791 1891 ab
2816 1840 3235 1908 argritudiuibus.
3258 1844 3368 1900 Scit
3396 1848 3537 1901 enim

1957 1918 2117 1972 vitam
2145 1931 2447 1990 corruptam
2478 1939 2600 1979 esse
2640 1926 3018 1996 impedimento
3039 1972 3051 1991 .
3094 1934 3381 2001 quominus
3413 1936 3542 1991 sub-

1958 2009 2101 2064 limia
2121 2011 2367 2080 dogmata
2397 2030 2761 2089 aSSequamur.
2784 2021 2934 2088 Quod
2957 2024 3168 2093 quidem
3198 2026 3389 2082 Paulus
3410 2045 3541 2099 quo-

1957 2115 2061 2170 que
2095 2102 2322 2159 innitens
2360 2105 2569 2162 dicebat
2599 2130 2611 2162 :
2643 2108 2760 2163 Non
2793 2115 2932 2181 potui
2962 2115 3099 2184 loqui
3123 2118 3256 2171 vobis
3284 2128 3540 2190 tamquam

1956 2192 2337 2261 spiritualibus,
2381 2197 2472 2251 sed
2507 2208 2760 2271 tamquam
2803 2205 3089 2260 carnalibus
3116 2207 3191 2278 (l.
3225 2208 3341 2263 Cor.
3373 2211 3427 2265 3.
3462 2212 3539 2282 1).

1959 2283 2023 2337 Εῑ
2052 2299 2238 2340 rursus
2266 2303 2279 2339 :
2308 2286 2585 2359 Tamquam
2617 2291 2897 2361 infantibus
2921 2295 2973 2348 in
3008 2295 3210 2351 Christo
3231 2340 3246 2366 ,
3286 2299 3366 2353 lac
3404 2301 3541 2357 vobis

1957 2383 2132 2444 potum
2165 2376 2318 2440 dedi,
2352 2394 2453 2432 non
2489 2380 2651 2433 cibum
2681 2381 2843 2451 (Ibid.
2873 2400 2919 2437 v.
2951 2384 3028 2455 2).
3082 2387 3147 2440 Et
3195 2404 3380 2444 rursus
3411 2409 3424 2445 :
3458 2390 3535 2446 De

1955 2481 2055 2534 quo
2075 2474 2146 2519 est
2172 2466 2312 2521 nobis
2340 2469 2525 2523 multus
2548 2487 2711 2525 sermo
2731 2473 2982 2543 explicata
3005 2476 3231 2547 difﬁcilis
3255 2495 3275 2542 ,·
3301 2480 3539 2547 quoniam

1955 2561 2071 2613 estis
2100 2560 2293 2615 hebetes
2332 2562 2508 2616 auditu
2537 2562 2718 2635 (Hebr.
2754 2565 2806 2620 5.
2840 2566 2951 2638 11).
3007 2567 3074 2622 Et
3122 2568 3284 2625 Isaias
3310 2586 3536 2634 rursus:

1958 2649 2154 2713 Quwrit
2178 2667 2256 2704 me
2286 2653 2502 2722 populus
2522 2654 2643 2718 iste,
2686 2665 2732 2708 et
2770 2656 2896 2710 scire
2921 2658 3026 2712 vias
3055 2676 3192 2713 meas
3216 2661 3424 2731 cupiunt
3443 2703 3458 2727 ,
3485 2672 3540 2717 ut

1957 2742 2175 2811 populus
2199 2744 2286 2811 qui
2297 2744 2554 2813 justitiam
2578 2748 2751 2817 fecerit
2773 2789 2786 2811 ,
2825 2757 2872 2802 et
2904 2747 2995 2802 Dei
3013 2751 3265 2817 judicium
3291 2770 3389 2807 non
3416 2754 3540 2807 relio

1955 2834 2117 2898 querit
2160 2832 2327 2904 (Isai.
2372 2835 2460 2890 58.
2492 2835 2570 2907 2).
2616 2837 2683 2891 Et
2724 2837 2861 2894 Osee
2894 2857 2905 2893 :
2938 2841 3195 2896 Sentinate
3239 2844 3374 2898 vobis
3413 2845 3538 2915 ipsis

1954 2925 2009 2977 in
2036 2927 2320 2995 justitiam,
2361 2928 2646 2983 illuminate
2689 2930 2850 2985 lucem
2890 2935 3191 3004 cognitionis
3232 2933 3405 3009 (Osee.
3442 2937 3532 2992 10.

1956 3015 2068 3085 12).
2099 3016 2164 3070 Et
2190 3015 2436 3072 Christus
2466 3018 2666 3074 docens
2695 3020 2905 3076 dicebat
2933 3040 2945 3075 :
2982 3021 3161 3078 Omnis
3187 3026 3273 3095 qui
3301 3027 3436 3079 mala
3457 3028 3539 3094 fa-

1955 3108 2052 3173 cit,
2089 3108 2196 3160 odit
2228 3108 2387 3162 lucem
2407 3149 2421 3172 ,
2469 3119 2513 3164 et
2550 3127 2649 3165 non
2677 3113 2805 3165 venit
2834 3114 2902 3165 ad
2928 3115 3085 3167 lucem
3116 3114 3297 3185 (Joan.
3330 3117 3383 3171 5.
3414 3116 3533 3187 20).
3586 3141 3603 3147 -

1954 3197 2023 3252 Et
2048 3214 2231 3253 rursus
2262 3214 2277 3252 :
2314 3200 2577 3264 Quomodo
2624 3204 2826 3272 potestis
2869 3204 3069 3257 credere
3089 3247 3101 3269 ,
3144 3205 3358 3276 gloriam
3385 3224 3415 3259 α
3447 3224 3535 3259 vo-

1954 3287 2027 3342 bis
2052 3289 2258 3342 invicem
2287 3291 2584 3362 accipientes
2606 3333 2620 3357 ,
2662 3302 2707 3346 et
2731 3293 2946 3363 gloriam
2988 3308 3099 3364 quia
3124 3307 3194 3348 est
3224 3313 3255 3348 a
3288 3297 3395 3350 solo
3423 3295 3534 3351 Deo

1953 3393 2057 3431 non
2089 3389 2366 3448 quwrentes
2402 3379 2641 3452 (Joan.5.
2674 3382 2814 3453 44)?
2860 3381 2929 3437 Et
2973 3399 3159 3438 rursus
3191 3403 3204 3438 :
3240 3384 3362 3439 Haac
3391 3386 3531 3442 dice-

1952 3466 2072 3522 bant
2102 3478 2333 3540 parentes
2356 3471 2499 3540 ejus,
2545 3472 2662 3540 quia
2689 3473 2923 3526 timebant
2950 3472 3158 3529 Judtcos
3177 3517 3193 3541 ,
3225 3493 3287 3531 ne
3314 3478 3535 3546 expelle-

1950 3568 2124 3613 rentur
2159 3576 2192 3612 α
2233 3576 2493 3632 synagoga
2524 3560 2715 3631 (Joan.
2744 3562 2797 3618 9.
2824 3561 2953 3634 22).
3004 3564 3071 3618 Et
3113 3580 3298 3621 rursus
3329 3584 3342 3621 :
3377 3566 3535 3623 Multi

1949 3661 2115 3705 autem
2151 3653 2469 3706 crediderunt
2495 3654 2546 3707 in
2574 3654 2741 3724 ipsum
2766 3695 2781 3720 ,
2811 3664 2858 3708 et
2883 3665 3086 3726 praptcr
3114 3654 3403 3713 Pharisteos
3428 3676 3531 3713 non

1950 3745 2316 3812 conﬁtebantur
2345 3743 2522 3818 (Joau.
2552 3747 2641 3801 l2.
2674 3746 2786 3820 42).
2830 3747 2897 3802 Et
2923 3749 3118 3820 ubique
3157 3751 3323 3806 videri
3359 3761 3532 3821 potest

1948 3835 2057 3890 vita
2100 3848 2347 3909 corrupta
2379 3838 2443 3893 ad
2472 3837 2857 3908 perfectionem
2887 3840 3191 3911 dogmatum
3221 3842 3411 3898 ali'erre
3433 3844 3533 3898 im-

1952 3928 2335 3999 pedimentum.
2386 3930 2842 3996 Quemadmodum
2884 3933 3023 3987 enim
3062 3934 3198 3988 lema
3239 3937 3531 4004 perspicuae

1951 4024 2224 4077 oculorum
2254 4023 2464 4093 pupillae
2492 4022 2730 4078 insidens
2765 4024 2817 4079 id
2857 4025 2996 4094 quod
3028 4024 3256 4079 illustrat
3282 4025 3533 4082 obscurat

1947 4124 2003 4169 et
2034 4114 2378 4180 obteuebrat,
2418 4116 2491 4169 ita
2536 4115 2697 4170 etiam
2732 4116 3017 4186 cogitatio,
3058 4131 3215 4184 quam
3246 4106 3453 4171 Obsedit
3474 4126 3528 4174 et

1945 4208 2224 4278 occupavit
2244 4207 2429 4262 vitium
2450 4249 2466 4275 ,
2492 4207 2805 4263 obtcnebrat
2831 4216 3061 4263 mentem
3089 4217 3142 4262 et
3168 4220 3419 4264 exctecat.

2017 4298 2110 4355 Ira
2135 4314 2248 4369 qua:
2274 4298 2447 4363 licita;
2487 4299 2567 4353 ira
2593 4298 2660 4351 ad
2686 4299 2806 4369 quid
2830 4297 2988 4353 utilis.
3021 4296 3359 4367 Impossibilia
3384 4317 3530 4357 nemo

1944 4393 2194 4464 pracipit.
2243 4389 2471 4444 Emariten
2518 4390 2850 4443 conscientiw.
2896 4419 2967 4429 —
3012 4389 3269 4458 Quocirca
3308 4406 3432 4447 cum
3473 4392 3527 4448 id

1944 4486 2102 4540 etiam
2133 4483 2291 4538 sciret
2317 4481 2574 4553 propheta
2596 4522 2610 4544 ,
2632 4481 2761 4536 dicit
2785 4500 2797 4535 :
2827 4480 3136 4550 Irascimini,
3159 4493 3205 4536 et
3225 4484 3378 4539 nolite
3405 4501 3527 4556 pec-

1942 4593 2076 4630 care.
2126 4574 2240 4629 Non
2280 4574 2421 4629 enim
2460 4573 2594 4626 tollit
2633 4572 2798 4638 iram;
2836 4582 2918 4627 est
2947 4589 3175 4644 namque
3214 4575 3395 4633 utilis:
3425 4589 3525 4631 nec

1944 4668 2207 4724 cxscindit
2252 4666 2694 4735 indignationem;
2728 4663 2945 4734 prodest
2968 4666 3113 4719 enim
3145 4666 3401 4721 adversus
3429 4680 3527 4721 eos

1941 4760 2030 4829 qui
2059 4758 2301 4829 injuriam
2329 4755 2590 4822 inferunt,
2623 4764 2676 4810 et
2719 4755 2973 4809 adversus
3017 4756 3382 4826 negligentes;
3427 4757 3520 4811 sed

1942 4848 2072 4904 iram
2100 4864 2217 4919 quae
2242 4848 2434 4918 injuste
2462 4860 2706 4901 movetur
2727 4890 2741 4913 ,
2767 4858 2822 4901 et
2850 4846 3080 4901 furorem
3102 4889 3116 4913 ,
3147 4849 3236 4917 qui
3267 4849 3405 4902 nulla
3437 4865 3525 4903 ra-

1941 4945 2083 4999 tione
2118 4943 2336 5011 regitur.
2389 4941 2454 4994 Et
2495 4939 2940 5009 quemadmodum
2970 4938 3144 4994 Moses
3168 4952 3291 4994 cum
3322 4940 3375 4993 in
3407 4954 3521 4994 ser-

1940 5052 2150 5091 monem
2180 5036 2245 5089 de
2274 5033 2508 5088 moribus
2534 5032 2803 5087 incidisSet
2822 5074 2837 5098 ,
2869 5032 2991 5086 hinc
3022 5032 3195 5102 primo
3217 5031 3347 5102 legis
3376 5030 3523 5088 ducit

1939 5129 2172 5191 initium,
2200 5128 2383 5182 dicens
2415 5144 2429 5179 :
2461 5124 2581 5179 Non
2607 5125 2802 5178 occides
2827 5124 3017 5197 (Exod.
3049 5124 3139 5179 20.
3173 5124 3261 5195 15)
3291 5141 3304 5177 :
3335 5122 3405 5178 ita
3433 5125 3521 5182 hic

1938 5224 2096 5277 etiam
2123 5236 2138 5287 ;
2173 5220 2279 5273 imo
2315 5233 2381 5274 eo
2405 5217 2630 5286 amplius
2655 5256 2669 5279 ,
2696 5231 2803 5285 quo
2835 5217 3003 5285 magis
3029 5215 3075 5269 ei
3102 5222 3217 5269 erat
3243 5224 3366 5269 nata
3395 5230 3518 5270 vera

1937 5314 2126 5384 pietas.
2156 5311 2247 5367 llle
2273 5311 2414 5365 enim
2442 5307 2625 5363 evellit
2655 5306 2856 5361 ca'dem
2881 5322 2895 5361 :
2926 5306 3010 5359 hic
3045 5318 3170 5359 vero
3202 5305 3334 5360 iram
3355 5348 3370 5373 ,
3399 5318 3519 5376 quae

1936 5403 2098 5459 caedis
2124 5413 2292 5455 mater
2310 5441 2326 5467 ,
2353 5399 2502 5455 radix
2530 5407 2583 5453 et
2606 5395 2726 5452 fons
2751 5406 2834 5452 est
2870 5395 3022 5460 mali,
3073 5394 3330 5465 reprimit.
3375 5396 3518 5463 Quo-

1935 5496 2075 5550 circa
2104 5493 2349 5547 Christus
2391 5491 2550 5545 etiam
2580 5490 2710 5543 iram
2748 5486 3105 5554 comprimens
3140 5502 3202 5542 ac
3236 5486 3515 5543 refrenans

1935 5591 2141 5646 diccbat
2173 5605 2186 5641 :
2219 5587 2319 5654 Qui
2345 5584 2580 5639 irascitur
2610 5577 2761 5645 fratri
2789 5594 2882 5633 suo
2906 5588 3086 5633 temere
3108 5621 3123 5645 ,
3150 5584 3242 5634 erit
3271 5583 3518 5637 obnoxius

1933 5685 1985 5740 in
2009 5684 2287 5756 gehennam
2317 5679 2448 5750 ignis
2481 5675 2691 5748 (Matth.
2722 5676 2774 5731 5.
2803 5672 2919 5744 22).
2965 5672 3153 5727 Vidisti
3180 5672 3372 5740 ubique
3398 5685 3512 5725 mo-

1931 5779 2058 5833 dum
2094 5790 2110 5831 :
2141 5770 2434 5829 lrascimini
2457 5810 2471 5838 ,
2511 5776 2558 5823 et
2588 5766 2741 5820 nolite
2780 5781 3003 5837 peccare.
3049 5763 3146 5833 Qui
3176 5764 3409 5818 irascitur
3434 5771 3511 5814 te.
