4032 6284
420 331 480 386 51
1179 328 1236 382 8.
1275 322 1554 382 JOANNIS
1581 322 2050 379 CIIRYSOSTOMI
2090 321 2404 378 ARCIIIEP.
2445 322 2980 381 CONSTANTINOP.
3623 325 3693 381 εξ

427 456 592 499 mere;
629 440 755 500 licet
785 440 936 499 enim
975 439 1134 493 etiam
1155 439 1297 507 juste
1329 440 1506 492 irasci.
1555 436 1688 491 Nam
1726 447 1779 491 et
1808 437 2001 490 Paulus

429 532 629 603 Elymae
654 530 956 584 succensuit
986 531 1121 598 (Act.
1151 531 1264 598 15),
1287 538 1340 583 et
1366 529 1552 582 Petrus
1571 526 1846 596 Sappbirae
1865 527 2002 598 (Act.

428 625 504 691 5).
547 624 616 677 At
661 622 710 676 id
747 636 848 675 non
882 623 1010 675 iram
1038 621 1267 675 dixerim
1310 620 1586 684 absolute,
1637 619 1728 672 sed
1775 618 2007 686 philoso-

431 715 640 784 phiam,
668 727 850 766 curam
877 722 931 766 et
955 711 1329 766 weonomiam.
1382 710 1628 764 irascitur
1661 709 1819 764 etiam
1856 715 2006 776 pater

429 805 571 870 lilio,
619 802 712 859 sed
752 801 866 872 ejus
890 816 1070 856 curam
1101 815 1312 870 gerens.
1366 799 1456 854 llle
1496 809 1701 854 temere
1738 799 2004 862 irascitur,

428 897 517 966 qui
541 895 770 965 seipsum
807 894 1113 956 ulciscitur;
1155 892 1242 962 qui
1280 900 1460 946 autem
1491 891 1663 945 aliena
1694 889 1932 958 corrigit,
1963 888 2009 941 is

427 996 510 1040 est
538 986 772 1038 omnium
794 984 1270 1038 mansuetissimus.
1299 981 1430 1036 Nam
1455 982 1594 1036 Deus
1610 982 1768 1036 etiam
1796 979 2009 1050 quando

427 1074 625 1128 dicitur
663 1073 851 1139 irasci,
897 1087 1001 1126 non
1032 1072 1263 1141 seipsum
1291 1069 1567 1125 vindicans
1605 1069 1877 1132 irascitur,
1915 1067 2009 1122 sed

429 1178 528 1218 nos
571 1163 862 1232 corrigens.
919 1163 1052 1216 Eum
1092 1177 1220 1230 ergo
1259 1175 1357 1216 nos
1382 1175 1591 1230 quoque
1621 1159 1908 1214 imitemur.
1935 1157 2010 1212 ita

431 1254 572 1308 enim
607 1253 828 1319 ulcisci,
873 1253 1108 1308 divinum
1153 1261 1270 1316 est;
1317 1252 1473 1306 aliter
1497 1266 1656 1317 vero,
1700 1251 2009 1303 humanum.

433 1346 536 1401 Sed
567 1347 707 1401 Deus
746 1360 852 1400 non
891 1361 957 1400 eo
999 1347 1170 1400 solum
1201 1360 1230 1399 a
1256 1343 1410 1399 nobis
1436 1343 1642 1407 dilfert,
1690 1342 1830 1412 quod
1871 1342 2013 1410 juste

436 1439 722 1500 irascatur,
760 1435 854 1491 sed
882 1436 1022 1506 quod
1059 1436 1112 1489 in
1145 1436 1252 1490 Deo
1279 1435 1356 1488 ira
1386 1449 1489 1488 non
1513 1434 1583 1488 sit
1611 1433 1771 1486 animi
1799 1439 2013 1500 pertur-

437 1528 598 1584 batio.
643 1529 751 1583 Nec
783 1543 882 1583 nos
908 1544 1035 1599 ergo
1064 1536 1265 1583 temere
1309 1529 1621 1582 irascamur.
1671 1525 1749 1580 Ira
1790 1525 1932 1579 enim
1961 1524 2012 1577 in

437 1622 590 1677 nobis
617 1621 737 1677 ideo
775 1621 930 1675 insita
975 1629 1084 1685 est,
1119 1635 1222 1675 non
1254 1629 1312 1674 ut
1342 1632 1617 1690 peccemus
1642 1659 1655 1680 ,
1687 1616 1779 1672 sed
1802 1626 1858 1668 ut
1885 1615 2016 1669 alios

440 1721 717 1781 peccantes
765 1712 1169 1782 prohibeamus;
1219 1725 1325 1765 non
1371 1719 1429 1764 ut
1477 1710 1548 1763 sit
1591 1709 1752 1763 animi
1798 1714 2012 1778 pertur-

439 1804 580 1857 hatio
603 1814 657 1857 et
681 1802 934 1872 :L-gritudo
953 1844 968 1867 ,
996 1801 1089 1856 sed
1122 1809 1180 1855 ut
1207 1801 1276 1854 sit
1298 1799 1667 1870 aegritudinum
1696 1795 2010 1852 remedium.

511 1896 564 1948 8.
595 1895 776 1964 Cogita
804 1893 942 1962 apud
967 1904 1016 1947 te
1042 1909 1198 1963 quam
1227 1892 1297 1946 sit
1323 1893 1528 1962 insigne
1557 1891 1740 1945 vitium
1762 1931 1776 1953 ,
1805 1887 2018 1959 quando

441 1982 882 2038 medicamentum
923 1997 1184 2038 venenum
1226 1981 1485 2047 efﬁcitur,
1516 1980 1726 2051 quando
1758 1994 1850 2049 per
1876 1978 2020 2048 quod

441 2077 663 2129 aliorum
706 2075 1010 2129 vulneribus
1055 2074 1371 2129 medendum
1399 2083 1514 2139 est,
1563 2089 1658 2144 per
1703 2072 1754 2126 id
1800 2072 2019 2125 vulnera

446 2165 731 2234 inﬂigimus
761 2183 774 2220 :
809 2164 1250 2233 quemadmodum
1291 2164 1334 2218 si
1377 2164 1497 2233 quis
1521 2170 1740 2232 accepto
1775 2159 1937 2224 ferro,
1965 2167 2023 2213 ut

444 2272 562 2325 quae
608 2258 659 2310 iii
699 2257 816 2310 aliis
843 2256 1131 2326 putrefacta
1161 2264 1284 2310 sunt
1307 2254 1586 2310 exscindat
1609 2294 1626 2320 ,
1675 2253 1909 2322 seipsum
1947 2263 2024 2306 te-

447 2361 592 2400 mere
632 2345 910 2410 concidat,
961 2361 1018 2399 se
1046 2361 1143 2414 per
1185 2354 1350 2398 totum
1394 2357 1590 2412 corpus
1618 2343 1862 2397 sauciaus
1895 2358 1908 2395 :
1938 2339 2021 2396 vel

445 2438 769 2507 gubernator
821 2453 916 2506 per
963 2438 1172 2491 clavum
1227 2435 1470 2506 cymbam
1523 2433 1870 2503 submergat,
1927 2446 2024 2501 per

446 2542 602 2598 quem
634 2535 909 2580 ventorum
933 2529 1182 2595 impetum
1209 2525 1488 2595 Oportebat
1514 2523 1783 2578 cohibere.
1827 2523 2016 2591 llujus-

449 2617 591 2671 modi
620 2627 701 2670 est
729 2619 888 2671 etiam
928 2617 1000 2669 ira
1023 2657 1038 2682 ,
1077 2616 1204 2670 utile
1233 2617 1674 2682 instrumentum,
1705 2623 1763 2668 ut
1788 2623 2025 2667 noetrani

446 2709 643 2764 excitet
691 2708 1132 2774 somnolentiam,
1181 2717 1238 2762 ut
1273 2708 1451 2762 animo
1480 2708 1714 2778 vigorem
1743 2707 1925 2773 indat,
1967 2713 2029 2760 ut

450 2817 550 2856 nos
579 2802 811 2856 acriores
838 2800 1060 2865 efficiat,
1089 2810 1144 2854 ut
1178 2815 1272 2868 pro
1303 2801 1383 2854 liis
1410 2799 1744 2869 indignemur
1782 2799 1870 2867 qui
1901 2807 2025 2852 sunt

460 2893 633 2947 affecti
663 2893 852 2961 injuria
877 2933 891 2956 ,
920 2901 978 2946 ut
1003 2893 1067 2946 ad
1097 2907 1280 2960 poenas
1304 2892 1369 2946 de
1395 2892 1788 2945 insidiatoribus
1813 2906 2028 2944 sumen-

449 2986 546 3040 das
567 3001 664 3040 nos
685 2995 909 3038 moveat.
941 2985 1014 3038 Ea
1040 2984 1106 3038 de
1131 2998 1286 3036 causa
1307 2983 1464 3038 dicit:
1485 2981 1790 3045 Irascimini,
1812 2992 1856 3036 et
1877 2983 2031 3036 nolite

453 3092 676 3144 peccare.
722 3075 875 3142 Quod
905 3075 947 3128 si
977 3074 1078 3128 hoc
1105 3075 1216 3128 ﬁeri
1247 3090 1351 3128 non
1387 3083 1566 3143 posset
1589 3115 1604 3138 ,
1649 3073 1864 3126 minime
1891 3087 2027 3141 prae-

454 3168 697 3233 cepisset.
724 3167 850 3235 Qum
879 3167 1018 3222 enim
1047 3166 1284 3227 ﬁerinon
1314 3175 1552 3234 possunt,
1581 3181 1739 3220 nemo
1769 3165 2026 3234 pruscipil.

457 3261 646 3330 Legem
680 3260 853 3330 itaque
881 3260 1107 3314 alferens
1135 3258 1511 3328 apostolicam,
1544 3266 1598 3312 et
1641 3256 2027 3326 philiiSnphiam

457 3352 831 3418 evangelicum,
859 3367 978 3404 cum
1004 3351 1188 3405 eadem
1215 3349 1570 3417 dixissetqum
1598 3347 2028 3408 Christus,aliam

455 3443 636 3511 adjicit
663 3442 1074 3498 admonitionem
1101 3483 1116 3507 ,
1157 3457 1274 3511 qua:
1315 3442 1392 3497 sic
1430 3441 1594 3496 dicit:
1627 3441 1754 3508 Qua:
1781 3441 1944 3495 dicitis
1976 3441 2031 3495 in

457 3534 688 3588 cordibus
714 3535 906 3601 vestris,
936 3534 988 3586 in
1011 3533 1252 3586 cubilibus
1272 3535 1443 3586 vestris
1464 3531 1872 3601 compungimini.
1895 3529 2032 3597 Quid

459 3634 541 3678 est
565 3625 703 3694 quod
744 3625 939 3679 dictum
967 3625 1086 3677 est?
1143 3624 1358 3696 Videtur
1393 3623 1534 3675 enim
1569 3636 1687 3676 esse
1724 3621 2028 3675 obscurum.

463 3716 587 3768 Post
611 3729 817 3768 caenam
839 3755 853 3777 ,
884 3714 1083 3782 inquit,
1110 3713 1323 3782 quando
1361 3712 1448 3767 itis
1477 3711 1792 3774 dormitum,
1821 3710 2034 3780 quando

459 3807 588 3860 estis
627 3804 919 3858 decubituri
946 3843 961 3868 ,
1010 3812 1062 3857 et
1105 3803 1251 3858 nullo
1294 3812 1554 3871 praisente
1585 3801 1749 3856 multa
1777 3802 1947 3871 quies,
1981 3811 2036 3856 et

463 3898 674 3952 nemine
717 3896 1101 3952 interturbante
1150 3893 1406 3962 profunda
1452 3893 1834 3961 tranquillitas,
1864 3894 2034 3947 excita

457 3988 711 4059 judicium
735 3995 837 4042 tua:
861 3985 1198 4041 conscientia:
1218 4026 1233 4050 ,
1266 3984 1332 4039 ab
1359 3984 1470 4053 ipsa
1499 3983 1753 4037 rationem
1780 3983 1951 4050 exige,
1983 3993 2037 4037 et

460 4096 579 4150 quae
606 4080 835 4136 interdiu
864 4079 999 4133 mala
1047 4077 1233 4144 cepisti
1263 4075 1482 4131 consilia
1509 4115 1524 4140 ,
1578 4074 1659 4128 vel
1705 4073 1857 4128 dolos
1901 4090 2034 4130 con-

462 4181 710 4237 struens,
754 4169 834 4224 vel
883 4168 1235 4238 prepinquum
1264 4164 1721 4228 circumveniens,
1751 4165 1834 4220 vel
1876 4179 2036 4235 prava

464 4262 728 4316 desideria
753 4261 1068 4328 suscipiens,
1101 4273 1162 4313 ea
1189 4272 1309 4312 cum
1334 4257 1385 4310 in
1417 4255 1557 4310 illius
1578 4256 1769 4325 quietis
1798 4263 2038 4323 tempore

407 4417 410 4420 λ
463 4357 514 4410 in
545 4356 773 4410 medium
804 4353 1105 4419 adduxeris,
1137 4362 1191 4406 et
1216 4350 1470 4420 improbis
1502 4349 1606 4403 illis
1632 4346 2040 4417 cogitationibus

460 4446 836 4501 conscientiam
861 4444 1091 4513 judicem
1114 4443 1346 4508 dederis,
1367 4457 1458 4497 eas
1484 4441 1651 4495 fodica
1672 4449 1727 4494 et
1748 4439 1964 4506 dilauia,
1987 4449 2042 4495 et

460 4537 528 4592 de
552 4537 629 4592 eis
655 4550 866 4605 poenam
889 4550 1038 4590 sume
1057 4576 1072 4601 ,
1103 4542 1290 4604 torque
1313 4532 1682 4604 cogitationem
1709 4546 1830 4600 qua:
1853 4545 2039 4594 pecca-

463 4629 556 4682 vit.
610 4626 663 4680 ld
704 4626 846 4681 enim
885 4625 985 4679 sibi
1029 4623 1142 4679 vult
1177 4621 1345 4676 illud:
1378 4622 1815 4693 Compungimini,
1848 4635 1947 4691 pro
1973 4635 2041 4676 eo

461 4717 602 4787 quod
627 4723 742 4782 est,
771 4714 992 4783 Pungite
1009 4753 1026 4781 ,
1065 4714 1331 4768 stimulate
1356 4728 1475 4782 qua:
1499 4713 1552 4766 in
1579 4711 1831 4767 cordibus
1850 4713 2042 4767 vestris

461 4810 670 4865 dixistis
711 4807 938 4863 interdiu
969 4824 982 4860 :
1014 4806 1116 4861 hoc
1151 4815 1252 4872 est,
1295 4805 1434 4860 mala
1465 4820 1582 4870 quas
1619 4805 1888 4873 c0gitastis
1913 4820 2042 4858 con-

460 4906 576 4961 silia
601 4947 617 4972 ,
658 4921 722 4962 ea
752 4905 806 4960 in
848 4901 1108 4959 cubilibus
1133 4901 1342 4965 vestris,
1375 4900 1426 4953 in
1462 4909 1701 4968 tempore
1727 4897 1869 4952 illius
1893 4897 2046 4966 quie-

461 5001 528 5054 tis
551 4998 752 5069 punite,
777 4998 829 5051 in
851 5010 912 5051 ea
934 4993 1337 5050 animadvertite
1367 5010 1381 5046 :
1407 4991 1620 5062 quando
1645 5006 1814 5061 neque
1839 4990 2042 5044 amicus

462 5091 797 5155 interturbat,
822 5103 920 5144 nec
943 5087 1169 5142 famulus
1197 5087 1383 5150 irritat,
1409 5100 1509 5140 nec
1535 5085 1686 5140 turba
1709 5084 2040 5152 negotiorum

464 5190 654 5250 urget,
699 5187 825 5234 tunc
849 5179 972 5232 vitm
1002 5178 1232 5232 interdiu
1268 5186 1401 5232 actm
1427 5175 1687 5231 rationem
1721 5175 1933 5245 exigite.
1980 5174 2044 5229 Et

463 5288 561 5327 cur
587 5287 692 5326 non
718 5271 884 5335 dixit,
936 5270 1219 5325 verborum
1248 5278 1302 5324 et
1332 5269 1590 5324 factorum
1617 5307 1632 5332 ,
1665 5265 1758 5321 sed
1785 5264 2044 5320 malarum

463 5365 875 5436 cogitationum?
924 5363 1038 5419 Hoc
1079 5363 1278 5418 docens
1317 5376 1387 5417 ex
1439 5359 1748 5414 abundanti.
1799 5357 1858 5414 Si
1899 5357 2045 5413 enim

465 5457 754 5512 malasunt
777 5455 1078 5527 castiganda
1099 5454 1339 5520 consilia,
1363 5461 1420 5507 ut
1441 5467 1545 5506 non
1577 5453 1629 5506 in
1659 5465 1793 5522 opus
1817 5459 2044 5505 exeant:

464 5548 634 5606 multo
671 5549 837 5619 magis
878 5563 976 5618 pro
1013 5547 1164 5603 factis
1189 5557 1244 5602 et
1267 5544 1424 5600 dictis
1447 5550 1660 5612 oportet
1683 5541 1805 5612 angi
1843 5540 2043 5596 animo.

466 5639 594 5694 llaec
639 5640 768 5694 ﬁant
811 5640 1031 5710 singulis
1077 5639 1301 5702 diebus,
1349 5651 1447 5691 nec
1486 5635 1633 5704 prius
1669 5633 1985 5697 dormieris,
2014 5646 2048 5685 ο

471 5734 650 5801 homo,
679 5747 838 5805 quam
866 5741 1045 5790 mente
1076 5730 1369 5788 versaveris
1394 5742 1512 5800 quae
1532 5741 1560 5781 a
1589 5733 1640 5782 te
1666 5722 1894 5781 interdiu
1920 5736 2046 5799 pcr-

2112 450 2292 504 peram
2322 447 2438 490 acta
2465 447 2581 490 sunt
2618 453 2633 489 :
2663 447 2716 491 et
2740 437 2827 491 die
2847 436 3217 507 sequentieris
3245 437 3464 494 omnino
3493 439 3697 496 tardior

2111 525 2175 579 ad
2203 541 2264 580 ea
2310 527 2420 595 ipsa
2451 541 2634 580 rursus
2666 527 3041 596 aggredienda.
3095 527 3158 580 Et
3185 529 3326 596 quod
3359 529 3488 583 facis
3515 530 3568 584 in
3596 545 3688 599 pc-

2111 618 2262 670 cunia
2289 659 2305 682 ,
2356 632 2455 671 nec
2493 618 2622 671 sinis
2653 627 2709 672 ut
2733 617 2840 672 duo
2867 618 2983 673 dies
3022 629 3371 689 prmtereant,
3421 623 3549 691 quin
3574 638 3696 679 cum

2115 708 2310 763 famulo
2339 711 2596 764 rationem
2646 712 2792 764 ineas
2812 751 2827 776 ,
2873 727 2939 766 ne
2964 711 3328 766 confusionem
3361 713 3574 769 inducat
3597 715 3692 771 ob-

2113 802 2276 867 livio,
2322 800 2424 856 hoc
2463 801 2624 856 etiam
2668 802 2719 856 in
2758 803 3053 857 actionibus
3095 801 3180 858 l'ac
3212 804 3434 874 singulis
3461 805 3691 859 diebus;

2115 890 2323 960 vesperi
2370 891 2438 945 ab
2478 893 2654 945 anima
2699 893 2959 946 rationem
2986 892 3175 961 exige,
3221 901 3277 947 et
3319 895 3696 964 cogitationem

2115 996 2234 1050 quae
2265 980 2501 1050 peccavit
2526 981 2857 1047 condemns;
2885 996 3003 1036 eam
3041 980 3204 1037 veluti
3235 982 3377 1052 ligno
3406 985 3696 1053 suspende,

2115 1087 2178 1126 ac
2200 1081 2386 1142 torque
2406 1112 2420 1138 ,
2448 1083 2502 1128 et
2524 1071 2655 1140 jube
2677 1087 2744 1126 ne
2773 1072 2998 1140 amplius
3023 1086 3085 1126 ea
3107 1072 3461 1142 aggrediatur.
3511 1073 3698 1129 Vidisti

2119 1164 2374 1233 Optimam
2414 1162 2659 1218 medendi
2687 1163 2972 1230 rationem,
3003 1163 3272 1234 quomodo
3295 1173 3349 1219 et
3374 1180 3705 1234 przeservan-

2118 1256 2258 1310 tibus
2284 1265 2340 1310 et
2368 1255 2756 1326 corrigentibus
2796 1254 3204 1310 medicamentis
3231 1272 3357 1312 usus
3383 1258 3510 1312 est?
3555 1259 3701 1312 Prae-

2119 1349 2300 1418 cipere
2327 1349 2468 1404 enim
2499 1365 2567 1405 ne
2595 1350 2647 1404 in
2677 1359 2894 1417 peccata
2924 1348 3160 1413 incidas,
3195 1351 3567 1419 praeservantis
3594 1367 3706 1406 me-

2119 1439 2402 1494 dicamenti
2430 1440 2605 1494 locum
2637 1440 2861 1504 obtinet,
2891 1454 3100 1509 nempe,
3134 1438 3446 1504 lrascimini,
3475 1452 3521 1496 et
3549 1442 3705 1495 nolite

2121 1546 2368 1600 peccare:
2406 1529 2532 1584 illud
2562 1537 2740 1584 autem
2759 1571 2775 1596 ,
2808 1528 2936 1594 Qua:
2956 1529 3122 1583 dicitis
3158 1530 3211 1584 in
3245 1529 3478 1584 cordibus
3501 1531 3699 1596 vestris,

2121 1622 2174 1673 in
2226 1619 2474 1674 cubilibus
2502 1621 2676 1674 vestris
2717 1619 3146 1691 compungimiui,
3179 1619 3513 1689 corrigentis.
3548 1620 3709 1674 Post-

2121 1725 2280 1780 quam
2325 1710 2468 1765 enim
2517 1709 2793 1779 peccavit,
2840 1709 3056 1764 adhibet
3080 1724 3265 1764 rursus
3294 1709 3702 1776 medicamenta,

2122 1803 2191 1855 ab
2235 1802 2351 1871 ipso
2397 1801 2484 1870 qui
2536 1801 2773 1870 peccavit
2818 1799 3032 1860 inducta
3080 1800 3361 1853 medicina.
3423 1798 3532 1853 Hac
3577 1813 3707 1870 ergo

2125 1902 2334 1948 utamur
2382 1893 2678 1958 medicina,
2720 1907 2839 1963 qua:
2883 1890 3010 1946 nihil
3041 1891 3200 1945 habet
3227 1889 3445 1944 omnino
3473 1889 3704 1944 difficul-

2126 1986 2268 2039 tatis.
2291 1983 2384 2040 Sin
2412 1991 2588 2037 autem
2615 1997 2721 2037 non
2747 1983 2974 2037 sustinet
2992 1981 3166 2035 anima
3190 1980 3498 2034 meminisse
3519 1995 3698 2049 pecca-

2127 2085 2298 2132 torum
2319 2116 2334 2141 ,
2371 2075 2694 2130 erubescens
2721 2082 2776 2129 et
2800 2072 3003 2142 pudore
3030 2071 3264 2136 sull‘usa;
3310 2070 3394 2124 die
3415 2071 3487 2124 illi
3514 2088 3527 2124 :
3561 2069 3702 2123 Nihil

2113 2168 2426 2236 ,lucrifacis,
2469 2168 2514 2222 si
2555 2181 2660 2221 non
2705 2166 3056 2221 memineris:
3102 2162 3195 2218 sed
3243 2178 3491 2232 magnum
3533 2162 3711 2230 potius

2127 2262 2378 2316 damnum
2408 2249 2623 2328 accipis.
2684 2257 2740 2313 Si
2783 2257 2926 2311 enim
2953 2271 3056 2310 non
3100 2269 3237 2308 nunc
3275 2253 3412 2322 apud
3442 2264 3492 2306 te
3519 2253 3710 2306 memi-

2129 2353 2270 2406 neris
2293 2392 2307 2418 ,
2355 2361 2481 2404 tunc
2517 2358 2639 2404 ante
2666 2349 2902 2402 omnium
2930 2346 3115 2400 oculos
3143 2355 3229 2398 tua
3260 2355 3560 2398 statuentur
3590 2356 3711 2411 pec-

2128 2456 2244 2500 cata
2275 2449 2312 2497 ι.
2345 2444 2399 2500 Si
2429 2454 2606 2497 autem
2633 2456 2773 2495 nunc
2796 2455 2857 2494 ea
2888 2437 3276 2509 supputaveris,
3307 2445 3359 2490 et
3386 2436 3454 2488 ab
3481 2435 3582 2488 illis
3603 2433 3714 2487 cito

2131 2535 2461 2598 liberaberis,
2493 2543 2545 2586 et
2572 2533 2623 2586 in
2651 2533 2751 2586 alia
2774 2546 2878 2584 non
2908 2529 3062 2583 facile
3089 2527 3315 2582 incides.
3345 2526 3536 2580 Anima
3565 2524 3710 2578 enim

2130 2625 2488 2696 vespertinum
2512 2624 2675 2678 verita
2695 2621 2973 2691 judicium,
3001 2635 3068 2674 ne
3094 2617 3337 2673 eamdem
3366 2631 3550 2670 rursus
3577 2615 3709 2669 sub-

2131 2727 2218 2772 eat
2259 2715 2575 2770 sententiam
2597 2755 2611 2780 ,
2641 2715 2684 2766 si
2734 2721 3041 2780 torqueatur
3069 2719 3123 2764 et
3158 2707 3482 2778 ﬂagelletur,
3521 2705 3714 2759 redde-

2133 2819 2221 2864 tur
2253 2809 2318 2864 ad
2367 2817 2639 2877 peccatum
2683 2804 2931 2858 tardior:
2963 2812 3017 2855 et
3061 2817 3125 2855 ex
3163 2815 3225 2855 ea
3266 2815 3325 2853 re
3369 2806 3572 2852 tantum
3612 2797 3720 2850 erit

2134 2901 2549 2954 emolumentum
2573 2937 2586 2958 ,
2629 2905 2687 2949 ut
2727 2894 2770 2947 si
2812 2892 2863 2947 id
2895 2907 3002 2945 uno
3030 2891 3146 2945 solo
3184 2904 3366 2942 mense
3410 2887 3714 2950 fecerimus,

2133 2991 2186 3045 in
2219 2989 2453 3059 perfecto
2497 2985 2706 3040 virtutis
2749 2983 2932 3037 habitu
2971 2996 3069 3036 nos
3117 2979 3262 3048 ipsos
3308 2977 3715 3032 constituemus.

2133 3084 2208 3136 Ne
2228 3090 2428 3135 tantum
2458 3081 2634 3149 itaque
2665 3077 2861 3131 bonum
2885 3073 3292 3144 neglexerimus.
3317 3070 3415 3136 Qui
3448 3069 3588 3124 enim
3615 3068 3720 3122 hoc

2130 3173 2388 3245 judicium
2427 3163 2512 3224 hic
2555 3168 2838 3232 statuerit,
2884 3164 3104 3219 acerbas
3134 3163 3243 3216 illic
3279 3176 3462 3231 pugnas
3490 3174 3594 3213 non
3625 3159 3720 3212 da-

2138 3265 2230 3318 bit.
2275 3262 2336 3318 Si
2362 3262 2493 3316 enim
2522 3276 2613 3313 nos
2632 3260 2767 3331 ipsos
2782 3257 3129 3328 judicaremus
3147 3294 3162 3319 ,
3192 3270 3292 3306 non
3317 3252 3487 3321 utique
3507 3250 3720 3320 judica-

2134 3372 2303 3411 remur
2327 3371 2346 3409 :
2375 3371 2408 3407 α
2436 3353 2659 3407 Domino
2681 3360 2850 3404 autem
2869 3348 3089 3419 judicati
3114 3347 3371 3400 erudimur
3390 3385 3405 3408 ,
3440 3343 3626 3412 inquit,
3657 3357 3721 3394 ne

2135 3464 2252 3500 cum
2296 3445 2486 3498 mundo
2529 3443 2916 3497 condemnemur
2955 3439 2973 3507 (
2999 3439 3048 3492 ι.
3079 3437 3197 3490 Cor.
3229 3437 3315 3490 Η.
3346 3435 3435 3490 3i.
3463 3432 3591 3503 52).
3644 3431 3722 3486 Nc

2136 3555 2264 3610 ergo
2289 3537 2735 3601 condemnemur,
2773 3533 2876 3587 hoc
2904 3531 3179 3585 faciamus.
3225 3528 3278 3584 6.
3313 3526 3611 3596 Sacriﬁcate
3630 3541 3718 3579 sa-

2137 3632 2384 3700 criﬁcium
2403 3628 2617 3700 justitite
2649 3637 2696 3682 et
2719 3634 2917 3695 sperate
2946 3624 2998 3677 in
3024 3622 3262 3676 Domino.
3309 3617 3499 3673 Vidisti
3528 3630 3720 3670 conse-

2137 3722 2406 3792 quentiam
2438 3719 2622 3789 optimi
2650 3716 2895 3772 consilii?
2942 3712 3117 3768 vidisti
3153 3710 3441 3782 perfectam
3479 3707 3721 3762 admoni-

2139 3810 2381 3867 tionem?
2407 3810 2694 3879 Postquam
2725 3806 2867 3862 enim
2896 3812 3111 3874 propter
3141 3809 3358 3871 peccata
3387 3797 3717 3868 compunxit,

2138 3912 2195 3959 et
2242 3901 2308 3956 ad
2353 3901 2540 3956 eadem
2590 3911 2775 3953 rursus
2819 3893 3172 3968 aggredienda
3221 3890 3480 3946 tardiores
3522 3887 3716 3954 elfecit,

2135 3993 2500 4066 judiciumque
2537 3990 2677 4061 quod
2703 4003 2808 4043 non
2837 3995 3010 4056 potest
3035 3983 3302 4052 corrumpi
3327 3979 3636 4040 constituit,
3665 3987 3720 4032 et

2139 4092 2263 4146 vitae
2290 4089 2550 4144 rationem
2579 4084 2754 4152 exegit
2778 4123 2792 4146 ,
2838 4081 2908 4134 ita
2937 4079 3002 4133 ad
3039 4077 3246 4133 virtutis
3288 4073 3599 4130 exercitium
3627 4069 3722 4124 de-

2139 4181 2305 4237 ducit.
2333 4179 2516 4249 Neque
2535 4176 2678 4232 enim
2709 4171 2901 4228 sufﬁcit
2921 4171 2965 4225 si
2983 4185 3012 4224 a
3035 4169 3189 4222 malis
3213 4165 3594 4228 abstineamus,
3625 4162 3720 4215 sed

2142 4281 2354 4342 oportet
2374 4271 2533 4325 etiam
2562 4267 2730 4321 bonos
2765 4275 2914 4318 actus
2943 4260 3219 4342 accedere.
3271 4255 3530 4325 Quocirca
3560 4253 3721 4309 etiam

2145 4339 2490 4435 progrediens
2514 4359 2794 4421 admonet,
2825 4339 3008 4409 dicens
3038 4370 3050 4404 :
3084 4350 3295 4404 Declina
3316 4365 3348 4400 α
3372 4347 3529 4411 malo,
3570 4353 3614 4397 et
3640 4347 3724 4414 fa:

2145 4455 2328 4508 bonum
2360 4450 2530 4522 (Psal.
2557 4449 2646 4504 55.
2680 4445 2792 4517 15).
2842 4445 2958 4499 Non
2984 4443 3157 4497 solum
3186 4441 3328 4495 enim
3369 4435 3726 4506 improbitatis

2145 4544 2284 4598 actio
2303 4583 2318 4607 ,
2345 4541 2443 4596 sed
2469 4540 2630 4595 etiam
2656 4553 2685 4592 a
2711 4539 2905 4591 virtute
2933 4531 3165 4588 cessatio
3187 4571 3203 4596 ,
3233 4537 3292 4583 ut
3318 4528 3620 4597 puniamur,
3647 4523 3729 4579 ef-

2147 4636 2273 4689 iicit.
2314 4633 2445 4688 Nam
2475 4631 2632 4687 etilli
2669 4629 2757 4700 qui
2803 4627 3122 4683 esurientem
3169 4636 3273 4677 non
3321 4629 3615 4690 paverunt,
3662 4631 3728 4672 ac

2147 4723 2345 4780 sitienti
2382 4731 2566 4793 potum
2595 4736 2698 4774 non
2737 4717 3034 4781 dederunt,
3066 4723 3120 4769 et
3147 4716 3236 4783 qui
3275 4712 3474 4767 nudum
3502 4725 3607 4763 non
3634 4723 3727 4762 veo

2148 4818 2374 4872 stiet‘unt
2401 4812 2612 4883 (Matth.
2641 4811 2733 4866 25.
2759 4809 2848 4864 42.
2879 4807 3042 4877 seqq.)
3063 4847 3080 4871 ,
3107 4821 3213 4858 non
3245 4803 3403 4858 furati
3432 4808 3556 4856 sunt
3578 4841 3594 4866 ,
3627 4813 3730 4855 nec

2147 4908 2291 4961 avari
2327 4905 2576 4970 fuerunt,
2605 4917 2705 4958 nec
2744 4901 2881 4956 bona
2923 4899 3096 4952 aliena
3127 4904 3414 4966 rapuerunt
3445 4911 3458 4947 :
3486 4891 3580 4948 sed
3605 4891 3728 4961 quia

2151 5013 2256 5053 non
2287 4995 2528 5052 fecerunt
2545 4994 2940 5062 eleemosynam
2963 5030 2979 5055 ,
3005 4996 3289 5058 propterea
3312 4999 3482 5056 poenae
3510 4983 3732 5037 immor-

2152 5090 2241 5145 tali
2269 5088 2577 5152 traduntur,
2603 5093 2658 5140 et
2685 5081 2944 5152 supplicio
2973 5079 3124 5148 cujus
3149 5078 3326 5132 nullus
3350 5084 3433 5131 est
3459 5074 3598 5128 linis.
3648 5071 3729 5126 Ex

2150 5195 2256 5250 quo
2287 5177 2664 5247 intelligimus,
2711 5172 2984 5227 abstinere
3013 5183 3043 5222 a
3071 5167 3225 5222 malis
3264 5179 3369 5220 non
3413 5177 3534 5219 esse
3575 5161 3731 5217 nobis

2153 5271 2467 5344 principium
2494 5266 2680 5322 salutis
2706 5266 2759 5330 ²,
2810 5263 2913 5319 nisi
2950 5261 3088 5317 adsit
3125 5259 3287 5316 etiam
3313 5258 3576 5313 bonorum
3608 5268 3730 5326 pos-

2151 5365 2318 5421 sessio
2341 5403 2356 5429 ,
2386 5370 2441 5416 et
2465 5359 2676 5415 virtutis
2700 5356 2857 5412 actio.

2218 5543 2235 5574 ι
2271 5547 2410 5602 neg.,
2427 5543 2535 5589 ante
2552 5535 2765 5588 ninnium
2806 5533 2966 5586 oculos
2988 5531 3131 5585 stabit
3162 5527 3246 5580 tibi
3269 5522 3477 5578 tribunal
3493 5530 3576 5574 tua
3603 5533 3732 5573 com-

2153 5603 2450 5670 prehendam
2474 5606 2688 5670 peccata.

2219 5649 2566 5726 ῖῖιῖἶξὲᾶόι
2587 5665 2674 5712 οὐκ
2715 5663 2836 5726 ἀρχῇ
2871 5658 3110 5726 σῳτηρξας
3151 5656 3282 5718 ἡμῖν.
3326 5653 3610 5726 l_nte_rpres,
3648 5649 3736 5726 qui

2163 5715 2332 5792 vertit,
2360 5715 2454 5780 non
2474 5715 2593 5780 satis
2617 5730 2690 5777 est
2713 5715 2849 5778 ηδ’ῦῦ
2872 5720 2938 5772 ad
2971 5715 3197 5780 salutem,
3218 5730 3312 5768 non
3335 5718 3456 5780 ἀρχὴ
3475 5715 3735 5779 σωτηρίας,
