4032 6284
275 367 346 425 5|
1342 408 1357 415 -
1456 376 1824 437 EXPOSITIO

1971 383 2295 450 PSALMUM
2332 394 2415 454 ιν.
3475 421 3544 478 κ,

273 484 517 556 (ξάμενος
570 484 740 554 εἰκῆ·
779 484 894 541 ἐστι
938 488 1048 560 7&9
1089 492 1184 546 καὶ
1230 493 1456 558 δ.καίως
1496 498 1850 568 ὀργίζεσθαι·

273 570 398 626 ἐπεὶ
420 574 517 656 καὶ
556 570 772 656 Παῦλος
797 572 1044 645 ὠργίσθη
1068 576 1148 647 τῷ
1188 577 1414 649 Ἐλύμα,
1437 581 1530 634 καὶ
1557 583 1760 653 Πέτρος
1791 587 1857 656 τῇ

275 655 584 738 Σαπφείρῃ.
627 654 771 709 Ἀλλ’
793 657 894 709 οὐκ
923 656 991 710 ἂν
1024 658 1235 732 εῖποιμι
1264 662 1422 717 τοῦτο
1451 665 1618 738 ὀργὴν
1647 654 1857 733 ἁπλῶς,

272 736 406 791 ἀλλά
422 738 546 821 φιλο
556 739 764 808 σοφίαν,
782 738 899 813 [18]
914 739 1009 792 καὶ
1032 742 1380 814 κηδεμονίαν,
1406 750 1499 802 καὶ
1521 736 1854 821 οίκονομίαν.

283 819 593 891 Ὀργίζεται
623 822 719 875 καὶ
743 824 921 895 πατὴρ
949 824 1071 895 υἰῷ,
1098 826 1234 880 ἀλλά
1256 829 1573 900 κηδόμενος.
1614 819 1857 899 Ἐκεῖνός

269 907 416 959 ἐστιν
440 908 471 963 ὀ
508 906 865 978 ὀργιζόμενος
904 910 1048 980 είκῆ,
1072 912 1099 963 ὀ
1128 912 1318 967 ἑαυτὸν
1352 914 1584 970 ἐκδικῶν
1604 933 1618 948 δ
1645 918 1673 970 ὀ
1704 918 1762 971 δὲ
1788 919 1860 973 τά

267 989 473 1060 ἐτέρων
509 988 777 1061 διορθῶν,
821 986 974 1056 οὗτος
1019 994 1232 1049 πάντων
1280 997 1429 1051 ἐστὶν
1484 999 1856 1073 ἡμερώτερος.

279 1073 499 1147 Ἐπειδὴ
533 1075 630 1128 καὶ
673 1075 703 1128 ὀ
749 1074 880 1139 Θεὸς
901 1116 915 1138 .
944 1077 1083 1131 ἐπὰν
1122 1078 1347 1150 λέγηται
1380 1081 1729 1155 ὀργίζεσθαι,
1758 1085 1856 1156 ούχ

263 1155 448 1226 ἐαυτῷ
494 1156 719 1228 ἀμύνων
752 1158 1063 1229 ὀργίζεται,
1108 1161 1224 1215 ἀλλ’
1259 1164 1406 1234 ἡμᾶς
1454 1155 1854 1239 διορθούμενος.

263 1239 471 1324 τοῦτον
522 1241 704 1295 τοίνυν
755 1243 851 1295 καὶ¹
899 1244 1063 1313 ἡμεῖς
1116 1246 1432 1317 μιμώμεθα.
1478 1248 1553 1302 Τὸ
1599 1250 1699 1320 μὲν
1743 1250 1856 1324 7&9

260 1323 442 1387 οὕτως
472 1324 769 1389 ἐπεξιέναι,
815 1325 957 1380 θεῖον
977 1343 991 1357 ’
1027 1327 1087 1382 τὸ
1124 1328 1181 1382 δὲ
1214 1330 1416 1401 ἑτέρως
1436 1371 1451 1396 ,
1489 1323 1853 1405 ἀνθρώπινον.

271 1406 422 1461 Ἀλλ’
471 1410 501 1462 ὀ
538 1407 673 1472 Θεὸς
709 1409 771 1461 οὐ
823 1408 995 1481 ταύτῃ
1033 1411 1190 1482 ἡμῶν
1221 1413 1470 1485 διέστηκε
1511 1416 1692 1486 μόνον,
1727 1412 1857 1491 ᾖδι-

258 1492 440 1555 καίως
460 1492 763 1565 ὀργίζεται,
784 1492 899 1546 ἀλλ’
928 1495 1011 1547 ὅτι
1039 1495 1161 1549 οὐδὲ
1186 1496 1361 1561 πάθος
1392 1499 1521 1569 περὶ
1544 1498 1675 1554 Θεόν
1705 1502 1855 1554 ἐστιν

258 1577 292 1645 ἡ
336 1576 509 1647 ὀργή.
561 1577 653 1648 Μὴ
699 1576 882 1630 τοίνυν
928 1577 1063 1648 μηδὲ
1098 1580 1259 1651 ἡμεῖς
1308 1580 1660 1652 ὀργιζώμεθα
1706 1584 1851 1656 εἰκῆ.

257 1658 375 1711 Καὶ
408 1658 522 1730 γάρ
562 1658 652 1713 διά
696 1659 855 1713 τοῦτο
907 1659 1126 1732 ἐνετέθη
1173 1663 1304 1732 ἡμῖν
1358 1665 1392 1735 ἡ
1429 1663 1598 1735 ὀργὴ,
1628 1666 1728 1737 οὐχ
1770 1666 1855 1722 ῖνα

259 1743 711 1815 ἀμαρτάνωμεν,
743 1743 858 1797 ἀλλ’
900 1743 988 1797 Eva.
1012 1744 1232 1817 ἐτέρους
1285 1746 1705 1819 ἁμαρτάνοντας
1745 1767 1855 1804 κω-

255 1824 484 1897 λύωμεν
501 1842 515 1856 ·
540 1827 638 1896 οὐχ
670 1827 758 1880 Eva
785 1826 954 1891 πάθος
982 1828 1076 1881 καί
1108 1830 1322 1901 νόσημα
1344 1831 1591 1903 γένηται,
1622 1832 1738 1886 ἀλλ’
1765 1834 1854 1888 Eva

258 1909 458 1963 παθῶν
488 1910 799 1980 φάρμακον.

334 2002 409 2065 η’.
451 1994 736 2065 Ἐννόησον
782 1997 961 2050 τοίνυν
998 1998 1197 2063 κακίας
1245 1997 1550 2072 ὑπερϐολὴν
1574 2040 1589 2066 ,
1623 2001 1752 2058 ὅταν
1793 2003 1855 2058 τδ

261 2079 562 2149 φάρμακον
587 2078 912 2150 δηλητήριον
950 2081 1184 2150 γίνηται,
1216 2082 1342 2136 ὅταν
1369 2083 1436 2137 δι’
1460 2075 1523 2137 οὗ
1558 2083 1626 2138 τά
1650 2085 1854 2158 ἐτέρων

259 2162 560 2234 τραύματα
588 2163 835 2235 διορθοῦν
865 2163 990 2236 χρὴ,
1018 2164 1106 2217 διά
1132 2164 1319 2219 τούτου
1360 2166 1651 2238 τραύματα
1687 2170 1854 2239 ἐργαο

261 2245 525 2317 ζὼμεθα·
557 2250 748 2319 ὥσπερ
796 2248 861 2301 ἂν
899 2248 951 2299 εἰ
986 2265 1069 2310 τις
1121 2247 1336 2319 σίδηρον
1380 2249 1581 2315 λαϐὼν,
1626 2251 1711 2304 Eva
1754 2252 1854 2316 τὰς

258 2330 469 2401 ἐτέρων
512 2332 812 2398 σηπεδόνας
836 2331 1096 2402 ἐκκόπτῃ,
1125 2332 1317 2386 ἑαυτὸν
1350 2334 1471 2406 εἰκῆ
1508 2334 1850 2406 κατακόπτῃ,

258 2417 517 2486 πανταχῇ
546 2414 639 2468 τοῦ
672 2414 920 2486 σώματος
949 2414 1083 2484 ’ἐλκη
1112 2415 1280 2469 ποιῶν
1305 2432 1318 2445 ·
1351 2416 1385 2486 ἡ
1416 2416 1753 2488 κυϐερνήτης
1777 2414 1851 2471 ῶν

261 2497 347 2551 διὰ
378 2498 493 2552 τῶν
527 2499 732 2553 οἰάκων
760 2498 999 2570 καταδύῃ
1036 2497 1097 2550 τὸ
1136 2498 1362 2567 σκάφος,
1389 2498 1455 2552 δι’
1484 2493 1558 2553 ὧν
1583 2500 1687 2553 τῶν
1720 2502 1853 2555 ἀτά-

259 2597 405 2634 κτων
439 2582 768 2652 πνευμάτων
796 2581 892 2652 τὴν
922 2581 985 2651 ρύ
995 2598 1102 2652 μην
1126 2583 1416 2635 ἐκκόπτειν
1443 2583 1570 2638 ἔδει.
1601 2584 1851 2638 Τοιοῦτόν

258 2683 311 2719 τι
343 2666 440 2718 καὶ
465 2667 501 2736 ἡ
530 2665 668 2736 ὀργή
694 2666 859 2729 ἐστιν,
896 2666 1125 2737 ὀργανον
1152 2669 1439 2739 χρήσιμον,
1472 2669 1561 2723 Eva
1595 2670 1656 2723 τὸ
1680 2671 1852 2742 ὑπνη-

258 2748 349 2803 λὸν
374 2749 539 2821 ἡμῶν
578 2749 841 2821 διεγείρῃ,
887 2751 973 2803 ῖνα
1016 2751 1169 2805 τόνον
1212 2753 1393 2824 ἐντιθῇ
1437 2756 1503 2825 τῇ
1547 2753 1715 2825 ψυχῇ,
1764 2756 1851 2810 ῖνα

262 2833 657 2904 σφοδροτέρους
690 2833 989 2903 ἐργάζηται
1017 2835 1151 2904 πρὸς
1180 2835 1279 2899 τὰς
1319 2837 1460 2907 ὑπὲρ
1496 2837 1605 2892 τῶν
1633 2838 1847 2893 ἀδικου-

262 2916 443 2986 μένων
473 2917 900 2987 ἀγανακτήσεις,
933 2918 1018 2971 Eva
1039 2921 1312 2989 τιμωροὺς
1341 2922 1465 2992 ποιῇ
1496 2924 1609 2986 τοῖς
1638 2922 1851 2976 ἐπιϐού-

256 2998 391 3061 λοις.
434 2998 535 3051 Διά
561 2998 626 3069 δὴ
653 2999 810 3051 τοῦτό
838 3017 1022 3071 φησιν,
1068 3001 1416 3071 Ὀργίζεσθε,
1444 3005 1544 3059 καί
1567 3005 1650 3074 μὴ
1671 3006 1851 3076 ἀμαρ-

254 3084 489 3139 τὰνετε.
523 3085 587 3138 EE
618 3084 674 3138 δέ
706 3085 779 3157 μὴ
820 3081 888 3156 ἦν
915 3085 1137 3140 δυνατὸν
1170 3086 1345 3151 τοῦτο,
1375 3089 1477 3141 οὐκ
1506 3089 1571 3144 ἂν
1598 3091 1842 3155 ἐπέταξε.

257 3165 339 3223 Τά
380 3166 497 3241 7&9
547 3168 785 3222 ἀδύνατα
820 3169 995 3232 οὐδεὶς
1033 3170 1327 3224 ἐπιτάττει.
1378 3172 1628 3240 Εἰσάγων
1668 3175 1847 3229 τοίνυν

255 3252 418 3325 νόμον
455 3254 836 3318 ἀποστολικὺν,
866 3256 962 3310 καὶ
1000 3257 1316 3328 φιλοσοφίαν
1345 3260 1726 3333 εύαγγελικὴν,
1754 3265 1847 3318 καὶ

251 3343 324 3399 τὰ
347 3344 491 3398 αὐτὰ
535 3342 707 3397 εἰπὼν
739 3344 885 3415 άπερ
914 3345 1010 3398 καὶ
1049 3344 1077 3397 ὀ
1105 3346 1359 3416 Χριστὸς.
1400 3348 1591 3418 ἑτέραν
1620 3352 1846 3421 προστί-

252 3429 378 3499 θησι
402 3429 727 3499 παραίνεσιν
755 3429 898 3485 οὕτω
920 3431 1093 3500 λέγων
1119 3448 1133 3462 ·
1167 3434 1224 3486 Ἀ
1252 3432 1458 3503 λέγετε
1475 3437 1546 3490 ἐν
1565 3437 1694 3504 ταῖς
1714 3456 1846 3507 καρ-

253 3515 412 3583 δίαις
443 3517 636 3585 ὑμῶν,
684 3517 782 3570 ἐπί
821 3517 952 3586 ταῖς
994 3519 1222 3585 κοίταις
1247 3520 1414 3589 ὑμῶν
1451 3525 1839 3595 ωτανύγητε.

252 3606 321 3660 Τί
349 3609 471 3660 ἐστι
512 3607 575 3659 τὸ
598 3606 920 3676 είρημένον;
963 3609 1122 3661 Δοκεῖ
1155 3609 1264 3679 γὰρ
1304 3610 1514 3680 άσαιρές
1553 3608 1711 3669 εἶναι.
1758 3615 1845 3669 Ἐν

251 3692 332 3764 τῷ
363 3691 545 3764 καιρῷ
568 3692 647 3763 τῷ
676 3692 815 3763 μετὰ
849 3693 918 3747 τά
945 3693 1153 3760 δεῖπνα,
1187 3697 1371 3766 φησὶν,
1404 3699 1567 3770 ἡνίκα
1613 3700 1680 3754 ἂν
1708 3702 1844 3773 πρὸς

252 3781 422 3837 ὕπνον
462 3783 689 3851 ἀπίητε,
718 3781 881 3852 ἡνίκα
912 3782 980 3837 ἂν
1023 3784 1252 3856 μέλλητε
1276 3788 1715 3857 κατακλίνεσθαι,
1750 3792 1844 3845 καὶ

254 3870 487 3943 μηδενὸς
524 3870 793 3942 παρόντος
825 3871 990 3943 πολλὴ
1026 3875 1060 3943 ὴ
1091 3874 1311 3945 ἡσυχία.
1347 3874 1539 3945 βαθεῖα
1572 3878 1606 3949 ἡ
1635 3878 1840 3950 γαλήνη

254 3959 487 4035 μηδενὸς
521 3958 938 4029 διενοχλοῦντος,
989 3960 1051 4014 τὸ
1097 3961 1444 4034 δικαστήριον
1491 3964 1702 4037 ἐγειρον
1746 3965 1840 4020 τοῦ

251 4046 583 4111 συνειδότος,
611 4045 841 4111 εὐθύνας
864 4048 1168 4120 ἀπαίτησον
1189 4050 1339 4113 αὐτὸ,
1368 4052 1460 4105 καὶ
1492 4051 1529 4106 ἃ.
1567 4052 1686 4124 μεθ’
1710 4053 1842 4125 ἡμέ-

249 4151 356 4207 ραν
388 4133 695 4187 ἐϐουλεύσω
722 4134 1011 4206 πονηρά,ἡ
1046 4135 1228 4202 δόλους
1258 4137 1555 4211 ράπτων,ῆ
1584 4140 1675 4194 τὸν
1703 4140 1841 4213 πλη-

249 4222 368 4275 σίον
401 4220 796 4286 ὑποσκελίζων,
828 4223 1483 4297 ἡέπιθυμίαςδεχόμενος
1513 4227 1841 4301 διεφθαρμέ-

246 4328 369 4374 νας,
401 4308 580 4363 ταῦτα
610 4310 669 4362 ἐν
698 4307 777 4380 τῷ
809 4310 983 4382 καιρῷ
1007 4312 1105 4381 τῆς
1138 4313 1365 4384 ἡσυχίας
1395 4314 1608 4387 ἐκείνης
1636 4319 1716 4381 εἰς
1751 4318 1840 4389 μέ-

248 4415 344 4452 σον
367 4396 616 4467 ἀγαγὼν,
650 4397 825 4451 καὶτὸ
859 4398 1093 4463 συνειδὸς
1134 4400 1435 4473 ἐπιστήσας
1474 4406 1587 4468 τοῖς
1618 4405 1838 4471 ἀτόποις

244 4484 465 4549 τούτοις
485 4485 787 4557 λογισμοῖς,
811 4485 1102 4551 κατάξαινε
1136 4486 1351 4554 αὐτοὺς,
1383 4490 1478 4543 κα)⁸
1497 4490 1654 4562 δίκην
1682 4493 1839 4547 ἀπαί-

243 4589 351 4638 τει,
381 4573 673 4627 κατάτεινε
706 4573 804 4645 τὴν
844 4573 1193 4645 ἁμαρτοῦσαν
1235 4573 1493 4630 διάνοιαν.
1528 4578 1698 4634 Τοῦτο
1727 4581 1835 4653 γάρ

242 4663 386 4724 ἐστι,
411 4661 496 4725 τὸ,
554 4661 937 4731 Κατανύῃπτε
998 4662 1493 4728 ἀντίτοῦ,Νύξατε,
1536 4668 1833 4739 κεντὴσατε

242 4751 393 4820 άπερ
442 4748 635 4803 εἴπατε
673 4750 733 4804 ἐν
776 4752 896 4813 ταῖς
936 4749 1184 4821 καρδίαις
1227 4752 1379 4820 ὑμῶν
1411 4752 1530 4824 μεθ’
1578 4756 1830 4828 ἡμέραν·

239 4838 617 4903 cauda“:wa
632 4836 948 4908 ἐλογίσασθε
963 4839 1175 4910 πονηρά
1192 4839 1551 4911 βουλεύματα,
1577 4844 1749 4898 ταῦτα
1774 4848 1833 4900 ἐν

241 4930 366 4991 ταῖς
391 4927 601 4989 κοίταις
630 4924 806 4996 ὑμῶν,
840 4926 899 4978 ἐν
920 4925 997 4996 τῷ
1025 4926 1200 4998 καιρῷ
1228 4927 1328 4997 τῆς
1363 4929 1588 5000 ἡσυχίας
1618 4932 1833 5004 ἐκείνης

240 5014 526 5080 κολάζετε,
579 5013 998 5086 τιμωρήσασθε·
1049 5015 1179 5068 ὅταν
1223 5016 1361 5087 μήτε
1407 5017 1560 5087 φίλος
1616 5020 1829 5093 ἐνοχλῇ,

245 5107 381 5176 μήτε
439 5104 659 5175 οἰκέτης
726 5102 1000 5176 παροξύνῃ
1020 5143 1035 5167 ,
1087 5106 1222 5176 μήτε
1276 5108 1617 5178 πραγμάτων
1675 5111 1832 5181 ὀχλος

241 5193 462 5265 ἐπείγῃ,
494 5193 617 5245 τότε
662 5192 770 5245 τῶν
802 5192 918 5263 μεθ’
948 5193 1164 5265 ἡμέραν
1210 5193 1556 5266 βεϐιωμένων
1588 5199 1828 5253 ποιεῖσθε

240 5282 419 5351 λόγον.
460 5281 574 5336 Καὶ
612 5280 704 5334 διὰ
729 5282 782 5334 τί
812 5282 886 5354 μὴ
914 5278 1035 5335 εἷπε
1078 5284 1338 5354 ῥημάτων
1365 5287 1458 5339 καὶ
1486 5286 1683 5358 ἔργων,
1710 5288 1828 5342 ἀλλ’

239 5369 645 5440 ἐνθυμημάτων
686 5369 974 5440 πονηρῶν;
1017 5370 1111 5423 Ἐκ
1148 5372 1464 5442 περιουσίας
1508 5374 1666 5429 τοῦτο
1696 5393 1824 5430 παι-

237 5459 431 5513 δεύων.
465 5456 580 5530 [19]
613 5459 675 5512 Εἰ
712 5458 818 5529 7&9
842 5459 909 5512 τὰ
942 5458 1151 5531 πονηρά
1178 5458 1516 5531 βουλεύματα
1547 5463 1628 5517 δεῖ
1668 5464 1828 5521 κολά-

238 5545 370 5608 ζειν,
399 5547 545 5601 ῶστε
575 5545 651 5615 μὴ
676 5546 755 5608 εἰς
786 5544 945 5616 ἔργον
978 5546 1179 5613 ἐξιέναι
1198 5565 1211 5578 ο
1245 5548 1423 5619 πολλῷ
1457 5550 1656 5621 μᾶλλον
1685 5553 1826 5625 ὑπὲρ

234 5634 341 5688 τῶν
372 5634 557 5704 ἔργων
587 5634 682 5686 καί
708 5633 815 5686 τῶν
843 5635 1103 5705 ῥημάτων
1129 5637 1445 5707 ἐπιστύφειν
1477 5639 1559 5693 δεῖ
1587 5641 1683 5713 τὴν
1720 5643 1821 5712 ψυ-

235 5724 352 5796 χήν.
389 5723 572 5778 Τοῦτο
605 5722 726 5776 καθ’
753 5725 986 5794 ἑκάστην
1026 5726 1266 5794 γενέσθω
1308 5728 1407 5800 τήν
1451 5730 1683 5801 ἡμέραν,
1729 5735 1822 5787 καὶ

235 5815 308 5885 μή
337 5814 616 5887 πρότερον
665 5812 1043 5887 καθυπνώσῃς,
1079 5815 1355 5888 ἄνθρωπε,
1380 5818 1485 5886 ἕως
1519 5819 1583 5878 ἃν
1626 5823 1815 5878 άναλο-

535 5930 811 5992 Pyram.
859 5934 973 5997 (in.
1023 5937 1147 6004 LV.

1966 505 2191 601 7Ecn_‘:&
2218 513 2337 583 μεθ’
2365 516 2578 590 ἡμέραν
2602 538 2681 576 σοι
2712 524 3221 601 πεπλημμελημένα
3244 548 3257 562 ο
3288 535 3381 589 καὶ
3407 538 3545 592 πάν⁹

1962 611 2069 691 τως
2095 599 2453 691 ὀκνηρότερος
2479 606 2578 681 ἔσῃ
2604 613 2670 682 τῇ
2698 612 2924 687 ἐπιούσῃ
2964 599 3102 688 προς
3129 622 3190 673 τὸ
3223 624 3335 686 τοῖς
3362 624 3544 691 αὐτοῖς

1961 682 2326 776 ἐπιχειρήσαι.
2358 694 2467 747 Καὶ
2495 696 2631 769 ὅπερ
2658 700 2751 753 ἐπὶ
2774 702 2884 756 τῶν
2898 682 3188 776 ἀργυρίων
3223 682 3413 775 ποιεῖς,
3450 682 3544 767 καί

1961 772 2060 872 of»:
2093 774 2258 872 ἀνέχῃ
2286 778 2380 872 δύο
2403 786 2692 854 παρελθεῖν
2716 772 3069 861 ἡμέραςξκαῖ
3100 795 3176 867 μὴ
3211 772 3387 853 θεῖναι
3403 772 3544 872 ’πρὸς

1960 859 2051 959 τὸν
2069 864 2284 963 οἰκέτην
2305 867 2481 963 λόγον,
2500 872 2641 928 ῶστε
2665 859 2746 948 μὴί
2758 859 3017 949 σύγχυσιν
3032 859 3283 951 γενέσθαι
3296 892 3361 959 τῇ
3382 859 3541 963 λήθῃ,

1959 949 2117 1004 τοῦτο
2135 955 2239 1045 ⁸καί
2262 956 2354 1011 ἐπὶ
2385 958 2495 1013 τῶν
2521 962 2772 1032 πράξεων
2805 968 2946 1021 ποίει
2984 949 3105 1023 καθ’
3128 949 3366 1044 ἑκάστην
3400 949 3543 1045 η’μέἑ

1961 1054 2063 1108 ραν
2084 1042 2190 1133 ’-ἐν
2222 1043 2430 1133 ἐσπέρᾳ
2477 1048 2780 1118 λογοθέσιον
2827 1055 3048 1110 ἀπαίτει
3074 1060 3173 1130 τὴν
3213 1042 3542 1133 ψυχὴνίκαὶ

1960 1127 2285 1221 καταδίκαζε
2309 1132 2401 1187 τὸν
2436 1137 2796 1209 ἡμαρτηκότα
2830 1142 3106 1216 λογισμὸν,
3129 1127 3438 1221 ⁷ἀνάρτησον
3464 1150 3540 1214 ὡς

1959 1214 2052 1308 ἐπα
2086 1216 2263 1308 ξύλου,
2303 1222 2397 1275 καὶ
2444 1223 2753 1294 βασάνισον.
2807 1230 2901 1285 καὶ
2950 1214 3293 1305 παράγγελλε
3330 1214 3538 1308 ’μηκέτι

1956 1306 2068 1397 τοῖς
2095 1307 2279 1397 αὐτοῖς
2306 1311 2622 1386 ἐπιχειρεῖν.
2659 1313 2812 1384 Εἶδες
2847 1322 3087 1392 ἰατρείαν
3129 1306 3379 1397 ἀρίστην,
3408 1306 3538 1391 γπῶς

1958 1393 2052 1485 καὶ
2082 1395 2536 1485 προφυλακτικοῖς
2574 1403 2667 1458 καὶ
2690 1405 3056 1478 διορθωτικοῖς
3086 1393 3349 1484 κέχρηται
3398 1431 3537 1485 φαρ-

1960 1480 2187 1571 μάκοις;
2213 1484 2286 1537 Τὸ
2309 1485 2408 1557 μὲν
2430 1488 2537 1561 γὰρ
2563 1494 2959 1563 παραγγέλλειν
2982 1497 3054 1568 μὴ
3089 1480 3434 1571 περιπίπτειν
3456 1480 3536 1565 εἰς

1957 1568 2348 1659 ἀμαρτή-ματα,
2389 1577 2826 1647 προφυλακτικοῠ
2878 1568 3173 1657 φαρμάκου
3215 1585 3396 1659 χώραν
3436 1590 3535 1641 ἐπ-

1957 1656 2102 1726 έχει·
2134 1655 2263 1726 οἷον,
2306 1662 2652 1733 Ὀργίζεσθε,
2681 1670 2776 1725 xu!
2807 1671 2892 1742 μὴ
2923 1655 3319 1743 ἁλιαρτάνετεό
3355 1677 3415 1729 τὸ
3455 1678 3531 1740 δὲ,

1962 1746 2029 1800 Ἀ
2053 1745 2259 1816 λέγετε
2281 1750 2349 1804 ἑν
2376 1752 2505 1820 ταῖς
2523 1756 2794 1825 καρδίαις
2819 1758 3007 1829 ὑμῶν,
3031 1763 3127 1816 ἐπί
3160 1764 3287 1830 ταῖς
3314 1766 3533 1830 κοίταις

1954 1835 2122 1903 ὑμῶν
2143 1840 2533 1910 κατανύγητε,
2561 1843 2930 1917 διορθωτικοῠ.
2962 1850 3115 1903 Μετὰ
3134 1850 3241 1921 γάρ
3271 1852 3329 1905 τδ
3351 1853 3533 1923 άμαρ-

1954 1925 2086 2010 τεῖν,
2117 1923 2278 1980 πάλιν
2308 1927 2503 1997 ἐπάγει
2537 1931 2824 2003 φάρμακα,
2865 1937 2994 2008 παρ’
3026 1937 3191 1991 αὑτοῦ
3229 1938 3321 1991 τοῦ
3355 1940 3533 2010 ἀμαρ-

1954 2009 2136 2076 τόντος
2170 2015 2270 2084 τήν
2321 2016 2562 2089 ἰατρείαν
2594 2021 2847 2091 εἰσάγων.
2897 2023 3187 2095 Ποιώμεθα
3218 2009 3403 2080 τοίνυν
3434 2009 3532 2098 τὴν

1958 2098 2200 2170 ἰατρείαν
2227 2103 2452 2176 ταύτην,
2492 2107 2749 2179 οὐδεμίαν
2788 2109 3068 2166 δυσκολίαν
3103 2113 3351 2183 ἔχουσαν,
3389 2115 3449 2167 El
3476 2114 3532 2169 δέ

1954 2189 2053 2243 οὐκ
2083 2190 2329 2262 ἀνέχεται
2372 2196 2406 2266 ἡ
2436 2195 2579 2268 ψυχὴ
2627 2200 2935 2270 μεμνῆσθαι
2972 2201 3081 2255 τῶν
3128 2201 3524 2275 πλημμελημά-

1953 2293 2081 2337 των,
2116 2279 2478 2354 αἰσχυνομένη
2513 2284 2609 2337 καὶ
2653 2285 2979 2358 ἐρυθριῶσα,
3013 2288 3134 2342 εῖπέ
3163 2289 3299 2360 πρὸς
3327 2289 3525 2360 αὐτήν⁸

1952 2363 2119 2416 Οὐδέν
2146 2382 2226 2418 σοι
2272 2368 2461 2438 κέρδος
2488 2371 2596 2424 ἀπὸ
2621 2372 2717 2425 τοῦ
2753 2374 2828 2444 μὴ
2864 2374 3241 2446 μνημονεύειν,
3277 2376 3410 2430 ἀλλά
3439 2376 3530 2429 καὶ

1952 2451 2119 2523 πολλή
2145 2455 2177 2524 ἡ
2210 2453 2402 2527 βλάϐη.
2456 2457 2584 2511 Ἐὰν
2606 2460 2715 2531 γάρ
2746 2461 2820 2532 μὴ
2856 2462 3204 2535 μνημονεύσῃ
3236 2464 3374 2517 κατά
3402 2480 3531 2517 σαυο

1950 2542 2048 2614 τὴν
2082 2542 2197 2608 νῦν,
2230 2545 2351 2599 τότε
2385 2548 2492 2619 πρὸ
2514 2548 2624 2604 τῶν
2669 2550 2922 2605 ἁπάντων
2965 2552 3262 2624 ὀφθαλμῶν
3292 2550 3530 2606 κείσεταί

1954 2647 2035 2685 σοι
2065 2630 2133 2685 τά
2166 2633 2537 2705 ἁμαρτήματα
2567 2648 2615 2691 ι.
2656 2638 2753 2691 Ἂν
2784 2638 2840 2691 δέ
2878 2636 2976 2694 νῦν
3010 2639 3304 2712 ἀναλογίσῃ
3336 2640 3529 2701 ταῦτα.

1950 2720 2217 2775 κάκείνων
2247 2723 2607 2798 ἀπαλλαγήσῃ
2635 2726 2864 2796 ταχέως,
2893 2727 2987 2781 καὶ
3030 2727 3237 2799 ἑτέροις
3283 2728 3343 2781 ού
3373 2745 3528 2799 περι-

1951 2811 2090 2879 πεσῇ
2140 2809 2356 2881 ῥᾳδίως.
2396 2812 2460 2865 Ἡ
2492 2812 2601 2884 7&9
2634 2813 2779 2884 ψυχὴ
2812 2813 3082 2869 δεδοικυῖα
3110 2815 3208 2885 τὴν
3239 2817 3529 2887 ἐσπερινὴν

1949 2895 2123 2969 δίκην.
2156 2899 2230 2971 μὴ
2260 2899 2423 2955 πάλιν
2452 2901 2557 2955 ὑπὸ
2584 2902 2683 2973 τὴν
2725 2903 2897 2973 αὐτὴν
2927 2902 3040 2974 ἀλῷ
3069 2902 3269 2974 ψῆφον,
3303 2905 3397 2957 καὶ
3432 2922 3529 2957 κα-

1948 2985 2258 3057 τατείνηται
2301 2987 2396 3041 καὶ
2447 2989 2739 3062 μαστιχθῇ,
2773 2991 3108 3064 ὀκνηροτέρα
3152 2991 3361 3061 γίνεται
3401 2992 3531 3062 περὶ

1949 3073 2046 3144 τὴν
2076 3074 2350 3147 ἁμαρτίαν
2373 3092 2387 3108 ο
2420 3079 2514 3131 καὶ
2544 3078 2797 3133 τοσοῦτον
2829 3079 2891 3134 τὸ
2921 3080 3112 3151 κέρδος
3146 3080 3243 3134 τοῦ
3272 3081 3530 3153 πράγμα-

1949 3164 2042 3226 τός
2072 3163 2239 3224 ἐστιν.
2283 3166 2364 3219 ὅτι
2396 3164 2542 3236 μῆνα
2574 3166 2733 3237 μόνον
2767 3167 2832 3222 ἂν
2864 3169 3101 3240 συνεχῶς
3132 3169 3263 3223 αὐτὸ
3294 3171 3526 3241 ποιήσωσ

1954 3268 2072 3321 μεν,
2109 3254 2166 3304 ἐν
2216 3253 2325 3319 ἐξει
2362 3254 2546 3310 λοιπὸν
2591 3256 2791 3328 ἀρετῆς
2827 3258 3050 3322 ἑαυτοὺς
3089 3257 3525 3328 καταστήσομεν.

1947 3340 2039 3411 Μὴ
2076 3340 2139 3411 δὴ
2190 3341 2520 3414 περιίδωμεν
2565 3343 2817 3398 τοσοῦτον
2870 3344 3053 3401 καλόν.
3109 3346 3168 3399 Ὀ
3213 3345 3321 3416 7&9
3369 3344 3530 3399 τοῦτο

1948 3429 2181 3484 ἐνταῦθα
2221 3431 2451 3496 καθίσας
2498 3433 2561 3486 τὸ
2605 3433 2978 3505 δικαστήριον,
3011 3434 3074 3488 ού
3115 3434 3274 3487 δώσει
3324 3434 3528 3505 πικράς

1946 3518 2172 3583 εὐθύνας
2200 3521 2334 3574 ἐκεῖ.
2367 3523 2436 3575 Εἰ
2480 3521 2589 3592 γὰρ
2629 3523 2882 3591 ἑαυτοὺς
2911 3523 3244 3595 ἐκρίνομεν,
3295 3526 3406 3579 οὐκ
3446 3523 3529 3578 ἂν

1946 3606 2296 3676 ἐκρινόμεθα
2314 3625 2327 3638 ·
2367 3610 2705 3679 κρινόμενοι
2737 3610 2807 3664 δὲ
2848 3610 2966 3665 ὑπὸ
2999 3610 3219 3680 Κυρίου
3249 3610 3526 3664 παιδευό-

1938 3700 2113 3765 μεθα,
2156 3696 2339 3769 φησὶν,
2378 3697 2480 3751 ἵνα
2516 3696 2602 3768 μὴ
2633 3698 2756 3753 σὺν
2786 3698 2867 3762 τῷ
2917 3700 3124 3768 κόσμῳ
3160 3695 3523 3767 κατακριθῶ-

1938 3800 2076 3852 μεν.
2110 3784 2204 3837 'lv‘
2230 3779 2323 3839 οὖν
2366 3783 2441 3856 μὴ
2470 3784 2914 3857 κατακριθῶμεν,
2946 3787 3106 3841 τοῦτο
3138 3785 3522 3860 ἐργαζώμεθα.

1947 3873 2181 3927 Θύσιιτε
2224 3874 2448 3929 θυσίαν
2490 3873 2905 3942 δικαιοσύνης,
2956 3876 3054 3929 καί
3089 3875 3377 3930 ἐλπίσατε
3421 3874 3520 3928 ἐπὶ

1945 3961 2181 4030 Κύριον.
2219 3957 2371 4027 Εῐδες
2401 3962 2720 4016 ἀκολουθίαν
2750 3963 3058 4034 συμϐουλῆς
3088 3963 3350 4034 ἀρίστης;
3386 3958 3521 4025 εἶδες

1944 4049 2266 4119 παραίνεσιν
2301 4050 2751 4122 ἀπηρτισμένην;
2781 4051 3103 4115 Κατανύξας
3134 4051 3242 4122 γὰρ
3273 4050 3364 4103 ἐπὶ
3410 4052 3523 4112 τοῖς

1944 4136 2163 4207 άμαρτή
2174 4153 2325 4208 μασι,
2354 4137 2449 4191 καί⁷
2482 4138 2714 4208 ποιήσας
2741 4137 3132 4209 ὀκνηροτέρους
3164 4137 3299 4207 πρὸς
3326 4137 3387 4191 τὸ
3409 4140 3522 4199 τοῖς

1941 4224 2124 4287 αὐτοῖς
2172 4226 2521 4296 ἐπιχειρῆσαι
2570 4225 2753 4289 πάλιν,
2791 4224 2977 4279 καὶτὸ
3013 4224 3360 4296 δικαστήριον
3393 4226 3521 4278 ἁναο

1943 4313 2146 4384 στήσας
2169 4311 2232 4365 τὸ
2261 4312 2579 4375 ἀδέκαστον,
2608 4314 2699 4367 καὶ
2730 4312 2838 4366 τῶν
2872 4311 3217 4384 βεϐιωμένων
3237 4312 3266 4352 ι’
3293 4311 3521 4377 εὐθύνας

1938 4400 2266 4472 ἀπαιτήσας.
2299 4398 2470 4464 οὕτως
2489 4401 2581 4454 ἐπὶ
2599 4401 2699 4472 τὴν
2724 4400 2825 4472 τῆς
2851 4400 3052 4472 ἀρετῆς
3083 4400 3344 4473 ἐργασίαν
3372 4400 3516 4470 ἀγει.

1939 4487 2074 4540 Οὐδὲ
2102 4487 2212 4559 7&9
2244 4488 2405 4558 ἀρκεῖ
2437 4487 2596 4558 μόνον
2628 4489 2662 4559 ἡ
2695 4487 2872 4559 ἀποχὴ
2897 4488 3009 4543 τῶν
3048 4489 3254 4552 κακῶν,
3283 4489 3416 4543 ἀλλὰ
3439 4491 3521 4545 δεῖ

1938 4579 2221 4647 προσεῖναι
2273 4578 2368 4630 καὶ
2415 4576 2516 4647 τὴν
2563 4578 2825 4649 ἐργασίαν
2859 4578 2968 4631 τῶν
3012 4577 3251 4646 ἀγαθῶν.
3292 4579 3384 4632 Διὸ
3424 4580 3519 4632 καὶ

1938 4662 2143 4735 προῖὼν
2176 4666 2432 4735 παραινεῖ
2455 4663 2656 4734 λέγων’
2688 4665 3008 4720 Ἔκκλινον
3032 4665 3151 4720 ἀπὸ
3177 4665 3387 4733 κακοῦ,
3418 4667 3516 4719 καί

1937 4752 2199 4819 ποίησον
2224 4752 2466 4821 ἀγαθόν.
2500 4752 2613 4807 Καὶ
2640 4751 2748 4826 γάρ
2791 4754 2824 4825 ἡ
2862 4752 3031 4825 ἀργία
3060 4754 3160 4825 τῆς
3200 4753 3400 4825 ἀρετῆς
3426 4754 3516 4807 κό-

1936 4839 2090 4895 λασιν
2122 4836 2228 4895 οἶδε
2276 4840 2580 4913 προξενεῖν,
2629 4842 2729 4912 οὐχ
2759 4844 2793 4912 ἡ
2837 4842 3071 4913 ἐργασία
3110 4842 3209 4914 τῆς
3252 4842 3513 4914 πονηρίας

1939 4930 2117 5000 μόνον.
2166 4929 2317 4983 Ἐπεὶ
2366 4930 2610 4985 κάκεῖνοι
2659 4932 2709 4984 οἱ
2766 4931 3035 4985 πεινῶντα
3085 4930 3160 5003 μὴ
3194 4930 3510 5003 θρέψαντες,

1936 5017 2071 5089 μηδέ
2091 5016 2326 5088 διψῶντα
2348 5017 2689 5086 ποτίσαντες,
2718 5018 2854 5089 μηδὲ
2882 5018 3085 5091 γυμνὸν
3106 5017 3509 5088 περιϐαλόντες.

1931 5107 2029 5176 οὐχ
2072 5107 2348 5178 ἥρπασαν,
2393 5107 2493 5160 οὐκ
2535 5105 2983 5177 ἐπλεονέκτησαν,
3027 5106 3089 5158 οὐ
3137 5104 3205 5159 τά
3258 5104 3510 5174 ἀλλότρια

1930 5192 2122 5247 ἔλαϐον
2145 5210 2158 5223 ⁸
2200 5193 2315 5247 ἀλλ’
2368 5193 2555 5267 ἐπειδὴ
2606 5194 2973 5266 ἐλεημοσύνην
3022 5195 3121 5247 οὐκ
3165 5194 3504 5264 εἰργάσαντο,

1933 5276 2050 5352 [20]
2077 5280 2166 5335 διά
2185 5282 2343 5337 τοῦτο
2368 5284 2435 5354 τῇ
2464 5283 2716 5355 ἀθανάτῳ
2741 5283 3120 5356 παραδίδονται
3150 5283 3387 5349 κολάσει,
3414 5289 3506 5339 καὶ

1926 5371 2167 5443 τιμωρίᾳ
2209 5372 2381 5443 πέρας
2411 5372 2510 5427 οὐκ
2552 5372 2769 5447 ἐχούσῃ.
2804 5373 2968 5426 Ὅθεν
3015 5370 3378 5444 μανθάνομεν,
3424 5375 3505 5429 ὃτι

1926 5461 1988 5515 οὑ
2012 5460 2072 5515 τὸ
2101 5462 2399 5532 ἀπέχεσθαι
2434 5463 2617 5516 κακῶν
2649 5462 2790 5533 ἀρχὴ
2819 5460 3093 5532 σωτηρίας
3117 5462 3268 5534 ἡμῖν,
3303 5461 3398 5517 ἐὰν
3428 5466 3503 5536 μὴ

1927 5553 2104 5621 προσῇ
2136 5551 2230 5603 καὶ
2269 5551 2378 5605 τῶν
2405 5550 2626 5620 ἀγαθῶν
2653 5552 2685 5620 ἡ
2720 5549 2933 5619 κτῆσις,
2963 5550 3055 5603 καὶ
3093 5550 3196 5622 τῆς
3238 5552 3435 5624 ἀρετῆς
3466 5557 3502 5625 ἡ

1926 5638 2175 5709 ἐργασία.

1987 5772 2012 5835 f
2043 5771 2160 5835 Beg.
2184 5770 2405 5835 Κείσεταί
2439 5786 2515 5835 σοι
2534 5769 2835 5835 δικαστήριον
2856 5772 3071 5835 περιέχον
3091 5771 3228 5824 αὐτά.

1984 5833 2012 5874 δ
2039 5833 2161 5896 Reg.
2185 5833 2667 5897 πεπλημμεληιίνων.
