4032 6284
473 430 544 484 55
1188 423 1246 480 S.
1286 416 1574 476 JOANNIS
1611 400 2101 469 CHRYS‘JSTOMI
2139 402 2456 461 ARCHIEP.
2494 402 3044 461 CONSTANTINOI’.
3664 394 3737 453 δι

554 548 620 600 θ’.
641 543 731 598 Διά
750 558 830 594 τοι
859 538 1015 593 τοῦτο
1033 538 1128 592 καὶ
1153 539 1180 590 ὁ
1196 532 1484 606 Προφήτης
1503 527 1804 598 ἀπαγαγὼν
1832 526 1931 597 τῆς
1958 541 2053 578 που

483 639 676 711 νηρίας
705 635 793 688 διὰ
819 632 915 704 τῆς
943 629 1305 692 κατανύξεως,
1335 626 1431 679 καὶ
1453 624 1682 694 ποιήσας
1709 617 2061 690 ἐπιτηδειότε·

488 709 579 805 ρον
622 728 756 802 1:90;
789 726 885 797 τὴν
917 724 1015 795 τῆς
1046 721 1244 791 ἀρετῆς
1286 716 1568 790 ἐργασίαν,
1599 714 1693 805 κα¹ι
1828 709 2060 805 σκληρδν

485 800 583 896 τῆς
612 800 846 881 διανοίας
875 811 1281 885 καταμαλάξας,
1314 807 1525 877 ἁπαλήν
1552 822 1611 896 τε
1639 800 1939 896 αὑτὴν-ἀπὺ
1959 803 2061 896 τῆς

486 891 830 975 κατανύξεως
871 905 1264 979 ἐργασάμενος,
1292 898 1382 953 τὸν
1415 896 1544 968 περὶ
1584 891 1925 961 δικαιοσύνης
1947 891 2060 943 εἱσ-

487 1006 612 1073 ἀγει
641 1002 816 1070 λόγον,
848 998 944 1052 καί
961 1013 1093 1068 φησι
1112 1011 1126 1026 ’
1149 995 1379 1047 Θύσατε
1398 989 1620 1044 θυσίαν
1648 984 2060 1048 δικαιοσύνης,

488 1096 586 1150 καί
613 1094 903 1149 ἐλπίσατε
925 1087 1023 1143 ἐπὶ
1052 1087 1286 1154 Κύριον.
1321 1082 1386 1136 Τί
1416 1082 1552 1144 ἐστι,
1583 1080 1814 1167 Θύσατε
1845 1075 2064 1167 θυσίαν

487 1185 914 1251 δικαιοσύνης;
954 1176 1303 1247 Δικαιοσύνην
1333 1170 1676 1246 μετέρχεσθε,
1721 1166 2063 1236 δικαιοσύνην

489 1271 856 1344 προσφέρετε·
894 1267 1052 1324 τοῦτο
1106 1266 1360 1339 μέγιστον
1407 1261 1486 1334 τῷ
1533 1259 1652 1331 Θεῷ
1700 1258 1891 1329 δῶρον,
1925 1255 2064 1326 αῦτη

490 1363 653 1419 θυσία
677 1361 861 1433 δεκτὴ,
890 1360 1027 1430 αῦτη
1055 1356 1339 1431 προσφορά
1359 1353 1559 1426 πολλὴν
1584 1351 1782 1423 ἔχουσα
1808 1350 1906 1420 τὴν
1935 1346 2066 1419 ἀρέ-

492 1473 701 1520 σκειαν,
735 1455 794 1509 o0
838 1454 899 1507 :0
930 1451 1177 1526 πρόϐατα
1208 1450 1353 1502 θύειν
1403 1447 1499 1500 καὶ
1519 1457 1525 1462 ’
1545 1444 1791 1516 μόσχους,
1842 1439 1976 1495 ἀλλά
2006 1437 2067 1493 :0

490 1547 674 1601 δίκαια
697 1545 975 1616 πράττειν.
1005 1543 1167 1614 Ὁρᾷς
1186 1541 1286 1612 τῆς
1325 1537 1647 1610 Ἑκκλησίας
1674 1536 1771 1607 τὴν
1796 1532 2068 1589 πολιτείαν

491 1637 700 1693 ἀνωθεν
741 1633 1310 1708 προδιαγραφομένην,
1351 1632 1445 1686 καὶ
1472 1630 1593 1685 ἀντὶ
1642 1629 1751 1683 τῶν
1797 1626 2069 1698 αἰσθητῶν

494 1727 720 1782 ἐκείνων
770 1725 840 1779 τά
885 1724 1054 1796 νοητά
1099 1721 1424 1794 ζητούμενα.
1475 1717 1830 1787 Δικαιοσύνην
1876 1715 1935 1768 δὲ
1982 1717 2069 1769 ἐν·-

494 1820 690 1884 ταῦθα,
726 1819 979 1888 καθάπερ
1020 1816 1329 1889 ἐμπροσθεν
1373 1809 1549 1879 εἶπον,
1589 1814 1650 1866 00
1694 1811 1792 1883 τὴν
1843 1807 2072 1882 μερικὴν

496 1910 701 1981 ἀρετήν
739 1924 926 1977 φησιν,
970 1907 1106 1962 ἀλλά
1136 1905 1234 1977 τὴν
1282 1904 1509 1960 καθόλου
1529 1920 1544 1934 ·
1579 1903 1713 1959 καθὸ
1743 1902 1835 1956 καὶ
1866 1901 2073 1956 δίκαιον

499 2002 783 2073 ἄνθρωπον
811 2000 1083 2073 καλοῦμεν
1109 2000 1200 2053 τὸν
1231 1999 1447 2053 ἃπασαν
1476 1999 1534 2050 ἐν
1554 1995 1731 2067 ἐαυτῷ
1760 1996 1950 2067 έχοντα
1973 1993 2074 2066 τὴν

499 2096 724 2169 ἀρετήν.
772 2094 922 2167 Αῦτη
958 2096 990 2166 ἡ
1024 2095 1182 2149 θυσία
1228 2094 1288 2147 00
1322 2092 1618 2164 χρημάτων
1644 2091 1834 2155 δεῖται,
1872 2090 1933 2143 00
1967 2104 2073 2160 μα-

499 2185 716 2259 χαίρας,
742 2184 803 2238 00
837 2183 1246 2258 θυσιαστηρίου,
1277 2181 1338 2235 00
1370 2179 1569 2251 πυρός·
1603 2179 1704 2232 οὐκ
1747 2179 1828 2240 εἰς
1868 2175 2074 2228 καπνὸν

499 2271 773 2331 διαλύεται
807 2276 901 2330 καὶ
939 2272 1146 2347 τέφραν
1177 2274 1272 2328 καὶ
1304 2272 1548 2329 κνίσσαν.
1581 2270 1695 2324 ἀλλ’
1719 2269 1967 2339 ἀρκεῖται
2006 2267 2072 2337 τῇ

501 2362 695 2436 γνώμῃ
741 2364 833 2419 τοῦ
875 2364 1243 2435 προσάγοντος
1286 2362 1475 2431 αὑτήν.
1512 2357 1697 2430 Ταύτῃ
1744 2355 1868 2409 οὔτε
1917 2355 2078 2409 πενία

503 2451 732 2524 κώλυμα
773 2452 1002 2521 γίνεται,
1036 2450 1157 2504 οὔτε
1197 2448 1438 2519 πτωχεία
1473 2447 1749 2519 ἐμπόδιον,
1796 2444 1854 2499 00
1893 2443 2077 2508 τόπος,

505 2542 605 2596 οὐκ
632 2540 760 2595 ἄλλο
783 2541 893 2594 τῶν
928 2539 1181 2594 τοιούτων
1216 2539 1395 2592 οὐδέν·
1427 2536 1540 2592 ἀλλ’
1576 2537 1708 2590 ὅπου
1751 2551 1857 2606 περ
1889 2532 1955 2587 ἂν
1989 2528 2077 2605 ᾖς,

506 2628 656 2684 θύειν
684 2631 853 2702 αὐτὴν
881 2632 1102 2700 δυνήσῃ,
1129 2626 1290 2691 00:0;
1316 2627 1410 2681 καὶ
1441 2626 1637 2697 ἱερεὺς,
1670 2623 1763 2678 καὶ
1790 2623 2080 2693 θυσιαστή-

456 2718 461 2723 ’
510 2738 647 2793 ριον,
687 2720 780 2775 καὶ
824 2720 1086 2791 μάχαιρα,
1132 2718 1226 2773 καὶ
1269 2719 1459 2788 ἱερεῖον
1505 2713 1805 2785 γινόμενος.
1845 2709 2082 2764 Τοιαῦτα

508 2809 618 2881 γὰρ
647 2809 715 2864 τὰ
731 2807 893 2881 νοερά
918 2808 1011 2863 καὶ
1032 2805 1372 2875 πνευματικά
1388 2820 1400 2834 ’
1435 2802 1654 2857 πλείονα
1677 2801 1789 2872 ἔχει
1812 2799 1910 2870 τὴν
1928 2798 2082 2851 εύκο-

510 2896 654 2962 λίαν,
703 2896 958 2965 οὐδεμιᾶς
1005 2894 1233 2965 δεόμενα
1278 2893 1374 2962 τῆς
1416 2890 1613 2956 ἔξωθεν
1658 2887 1939 2959 ἐργωδίας.
1972 2884 2084 2939 Καί

510 2984 799 3040 ἐλπίσατε
824 2982 923 3035 ἐπί
943 2984 1180 3051 Κύριον.
1205 2980 1428 3051 Ἕτερός
1455 2995 1615 3049 φησι·
1635 2977 1744 3032 Καὶ
1772 2974 2084 3029 πεποίθετε

514 3075 596 3139 τῷ
626 3072 838 3139 Κυρέῳ.
886 3070 945 3126 '0
989 3070 1098 3140 γὰρ
1123 3068 1210 3123 διά
1252 3068 1352 3137 τῆς
1384 3067 1596 3129 δικαίας
1627 3063 1900 3127 πολιτείας
1926 3061 2084 3116 ἵλεων

514 3162 676 3219 αὑτὸν
705 3160 1046 3233 κτησάμενος
1071 3157 1409 3230 καὶεύμενῆ,
1428 3157 1703 3228 ,μεγίστην
1731 3157 1845 3227 ἔχει
1875 3170 2087 3226 συμμα·

516 3252 663 3324 χίαν,
705 3249 1002 3322 ἀχείρωτον
1057 3249 1154 3319 τὴν
1193 3246 1459 3319 βοήθειαν,
1495 3245 1696 3318 πολλὴν
1736 3243 1943 3298 ἐκεῖθεν
1987 3241 2086 3313 τὴν

520 3342 711 3412 ῥοπήν.
757 3335 909 3402 Εἶδες
946 3337 1046 3408 τῆς
1096 3335 1283 3400 θυσίας
1317 3336 1409 3390 τὸν
1453 3334 1665 3406 καρπὸν
1708 3331 1857 3401 παρά
1899 3329 2088 3402 θύραις

518 3428 676 3495 ὄντας
711 3423 848 3490 εῐδες
880 3426 1081 3490 εὐθέως
1119 3425 1481 3496 βλαστάνοντα
1507 3422 1702 3495 ἀθρόον
1733 3421 1840 3485 τῶν
1866 3417 2087 3489 ἀγαθῶν

516 3514 610 3569 τὸν
636 3514 936 3586 θησαυρόν;
979 3514 1037 3567 ’0
1063 3515 1173 3585 γὰρ
1192 3512 1283 3566 τὸν
1307 3512 1439 3566 Θεδν
1468 3510 1605 3581 ἔχων
1633 3509 1940 3580 σύμμαχον,
1967 3506 2090 3561 τίνα

518 3602 888 3674 φοϐηθήσεται
920 3600 1135 3667 λοιπόν;
1166 3599 1386 3656 Οὐδένα.
1421 3599 1532 3654 Καὶ
1561 3598 1716 3654 τοῦτο
1743 3597 1799 3652 δὲ
1831 3599 1891 3651 00
1918 3595 2090 3668 μικρά

518 3692 709 3764 ἀρετὴ,
743 3690 805 3744 :0
837 3689 925 3744 ἐπ’
966 3690 1114 3759 αὐτῷ
1148 3689 1388 3761 θαρρεῖν,
1421 3688 1513 3742 καὶ
1544 3690 1633 3742 ἐπ’
1658 3686 1805 3758 αὐτῷ
1835 3685 2090 3741 πεποιθέ-

518 3795 630 3834 ναι.
653 3776 807 3831 Μετὰ
830 3775 888 3830 δέ
912 3777 1013 3847 τῆς
1036 3774 1381 3845 δικαιοσύνης
1405 3773 1499 3828 καὶ
1525 3772 1727 3845 ταύτην
1759 3773 1906 3844 ἡμᾶς
1926 3773 2094 3827 01:01.-

518 3868 605 3922 τεῖ
624 3866 723 3938 τὴν
749 3865 972 3937 ἀρετὴν,
1001 3864 1062 3918 :0
1086 3866 1170 3917 ἐπ’
1200 3863 1347 3935 αὐτῷ
1377 3863 1715 3929 πεποιθέναι,
1746 3862 1806 3917 :0
1831 3863 1917 3917 ἐπ’
1945 3864 2093 3935 αὐτῷ

519 3954 783 4021 ἐλπίζειν,
810 3953 872 4007 :0
896 3953 1083 4025 μηδενὶ
1101 3952 1212 4006 τῶν
1242 3951 1508 4021 βιωτικῶν
1533 3952 1773 4025 θαρρεῖν,
1802 3950 1938 4006 ἀλλά
1959 3952 2096 4008 πάν-

400 4114 403 4117 _
519 4062 628 4101 των
670 4044 860 4098 ἐαυτὸν
912 4043 1317 4114 ἀποστήσαντα,
1357 4045 1474 4098 ἐκεῖ
1515 4042 1818 4115 προσηλοῦν
1859 4044 1956 4116 τὴν
1979 4044 2095 4099 διάο

520 4149 691 4188 νοιαν.
720 4131 804 4185 Τά
830 4131 928 4204 μέν
948 4130 1058 4202 γὰρ
1080 4131 1176 4185 τοῦ
1207 4131 1474 4203 παρόντος
1497 4131 1614 4202 βίου
1643 4132 1944 4204 πράγματα
1963 4131 2096 4186 ὀνεί-

525 4236 681 4289 ρασιν
702 4216 844 4272 ἔοικε
870 4218 962 4272 καὶ
979 4220 1178 4281 σκιαῖς,
1200 4218 1516 4273 καὶτούτων
1533 4221 1679 4274 ἐστὶν
1707 4220 2094 4292 ἀδρανέστερα,

522 4306 656 4378 ὁμοῦ
693 4323 755 4359 τε
793 4306 1089 4377 φαινόμενα
1123 4306 1215 4360 καὶ
1243 4307 1616 4379 ἀφιπτάμενα,
1648 4309 1740 4362 καὶ
1765 4307 1989 4379 ἐναύτῷ
2018 4307 2098 4379 τῷ

523 4396 778 4464 παρεῖναι
834 4393 1062 4458 πολλοὺς
1119 4395 1450 4464 ἐμποιοῦντα
1494 4397 1621 4459 τοὺς
1670 4394 1938 4466 θυρύϐους
1984 4397 2098 4460 τοῖς

522 4480 766 4552 ἔχουσιν·
798 4482 833 4552 ἡ
868 4480 925 4534 δέ
968 4482 1064 4535 ἐπὶ
1098 4482 1230 4535 Θεὸν
1275 4483 1429 4546 ἐλπὶς
1471 4482 1757 4547 ἀθάνατος,
1813 4483 2095 4555 ἄτρεπτος,

522 4571 800 4641 ἀκίνητος,
832 4570 1134 4641 μεταϐολὴν
1154 4572 1212 4624 ού
1250 4572 1537 4642 δεχομένη,
1565 4572 1623 4625 ἐν
1654 4570 1925 4642 ἀσφαλείᾳ
1948 4570 2097 4646 πάσῃ

524 4659 861 4725 καθιστῶσα,
890 4662 986 4715 καὶ
1003 4662 1213 4733 ἄμαχον
1241 4663 1468 4717 ποιοῦσα
1491 4663 1582 4717 τὸν
1609 4664 1747 4736 αὐτῇ
1780 4663 1920 4736 μετὰ
1942 4665 2100 4737 ἀκρι-

525 4748 675 4813 ϐείας
699 4746 811 4821 [21]
833 4749 928 4803 καὶ
946 4749 1048 4820 τῆς
1070 4751 1449 4822 προσηκούσης
1478 4750 1765 4815 διαθέσεως
1796 4752 2097 4824 χρώμενον.

524 4838 751 4892 Πολλοί
771 4837 1040 4907 λέγουσι,
1071 4840 1163 4906 Τίς
1186 4838 1370 4905 δείξει
1399 4838 1544 4908 ἡμῖν
1566 4840 1638 4894 τὰ
1657 4840 1883 4911 07000;
1925 4843 2099 4910 Ἐση-

518 4925 739 4997 μειώθη
766 4926 858 4997 ἐφ’
883 4926 1042 4995 ἡμᾶς
1075 4927 1141 4982 τὸ
1172 4926 1300 4998 φῶς
1329 4929 1443 4985 τσῦ
1466 4931 1789 4995 προσώπου
1817 4947 1958 4997 σου,
1985 4933 2100 4987 Κύ-

518 5032 634 5086 ριε.
680 5015 1008 5088 ’Δπαρτίσας
1036 5015 1135 5088 τὴν
1164 5018 1291 5088 περὶ
1316 5016 1423 5071 τῶν
1452 5014 1607 5086 ἠθῶν
1629 5020 1969 5091 παραίνεσιν,
2006 5021 2101 5075 καὶ

523 5107 592 5175 τῇ
619 5101 916 5175 θεογνωσίᾳ
956 5105 1341 5175 προσαγαγὼν,
1376 5108 1473 5162 καὶ
1497 5107 1673 5161 πάντα
1718 5111 1944 5181 κινήσας
1973 5111 2100 5183 τρό-

526 5210 630 5250 πον
658 5193 748 5247 τὸν
795 5193 1089 5265 δυνάμενον
1138 5194 1489 5267 διαναστῆσαι
1529 5198 1639 5252 τῶν
1669 5200 2100 5273 πεπλανημένων

523 5280 624 5352 τὴν
648 5281 901 5346 διάνοιαν,
927 5283 1021 5336 καὶ
1049 5283 1281 5353 μάλιστα
1304 5285 1413 5340 ἀπὸ
1431 5287 1538 5339 τῶν
1560 5287 1929 5360 ἀνακειμένων
1954 5290 2101 5363 αύτῷ

526 5370 623 5422 καὶ
649 5371 747 5438 τῆς
781 5369 860 5432 είς
883 5369 1080 5435 00:00;
1125 5374 1380 5444 προνοίας
1407 5374 1588 5440 δείξας
1612 5376 1779 5432 αὐτοῦ
1805 5377 1905 5449 τὴν
1938 5380 2099 5451 κηδε-

527 5458 741 5528 μονίαν,
783 5457 1053 5513 ἀντίθεσιν
1088 5477 1208 5514 τινα
1239 5462 1389 5534 παρά
1440 5463 1546 5516 τῶν
1575 5465 1976 5539 ἀσθενεστέρων
2008 5470 2103 5523 καὶ

525 5543 846 5615 παχυτέρων
866 5547 1225 5620 εἰσαγομένην
1248 5549 1429 5620 τίθησι
1454 5552 1546 5605 καὶ
1572 5552 1738 5623 λέγει’
1768 5555 2103 5612 1101.10110-

524 5648 721 5701 τουσι,
756 5632 849 5700 Τίς
876 5634 1057 5701 δείξει
1087 5636 1230 5708 ἡμῖν
1261 5639 1332 5694 τὰ
1360 5640 1586 5709 ἀγαθά;
1623 5643 1735 5713 Οὐχ
1760 5645 1807 5697 οί
1837 5643 2023 5713 ὀλίγοι,
2050 5646 2101 5699 οἱ

526 5723 736 5791 γνήσιοι
764 5721 858 5775 καὶ
885 5720 1096 5794 δόκιμοι
1125 5726 1218 5779 καὶ
1253 5727 1561 5798 φιλοσοφεῖν
1584 5731 1786 5795 εἰδότες
1818 5733 1990 5788 ταῦτα
2015 5733 2104 5787 λέ-

527 5823 728 5874 γουσιν,
760 5808 894 5863 ἀλλά
925 5811 986 5864 :0
1020 5814 1316 5882 κεχυμένον
1345 5816 1568 5884 πλῆθος,
1596 5819 1657 5874 :0
1681 5819 2009 5893 ἀδιάκριτον,
2041 5823 2102 5877 :0

2161 522 2317 595 ἀνοίᾳ
2350 521 2791 596 προσηλωμένον.
2821 520 2893 573 Τί
2924 520 2979 573 δέ
3006 522 3152 573 ἐστιν
3184 519 3213 573 δ
3237 534 3398 591 φησι;
3427 518 3522 585 Τίς
3549 516 3739 582 δείξει

2158 612 2308 679 ἡμῖν
2334 612 2406 666 τὰ
2443 611 2663 683 ἀγαθάε
2693 611 2817 665 Εἰσί
2858 628 3000 674 τινες
3026 611 3074 663 οἱ
3122 609 3390 678 λέγοντες.
3424 608 3475 661 οἶ
3507 606 3607 679 μὲν
3638 610 3736 663 τσῦ

2160 700 2295 756 Θεοῦ
2339 701 2714 765 διαϐάλλοντες
2744 702 2845 774 τὴν
2885 700 3162 773 πρόνοιαν,
3192 701 3239 754 οί
3279 697 3336 752 δέ
3362 697 3554 770 ἡδονῆς
3580 698 3738 763 ὄντες

2162 790 2410 862 ἐρασταὶ,
2443 791 2677 854 ἀνέσεως
2702 789 2794 843 καὶ
2820 788 3069 854 πλούτου,
3091 787 3249 859 δόξης
3278 786 3373 841 καὶ
3398 786 3738 852 δυναστείας,

2160 882 2210 935 οἳ
2238 882 2332 936 καὶ
2377 880 2611 953 ἐρῶντες
2645 880 2824 936 αὐτῶν
2856 879 3082 933 τοιαῦτά
3108 895 3275 946 φασι·
3305 876 3414 932 Ποῦ
3446 877 3515 932 τά
3555 877 3744 948 ἀγαθά

2160 970 2252 1024 τοῦ
2275 970 2443 1036 Θεοῦ;
2485 969 2626 1039 Ἐγὼ
2655 971 2713 1024 ἐν
2738 970 2999 1041 πτωχείᾳ.
3033 970 3128 1023 καὶ
3154 968 3312 1040 νόσῳ,
3344 967 3439 1023 καί
3464 966 3744 1023 ταλαιπω-

2167 1061 2278 1134 ρίᾳ,
2313 1061 2406 1115 καὶ
2430 1062 2541 1125 τοῖς
2561 1061 2810 1132 ἐσχάτοις
2833 1059 3042 1134 δεινοῖς,
3072 1058 3165 1113 καὶ
3187 1057 3490 1129 ἐπηρείαις,
3517 1056 3612 1110 καὶ
3644 1072 3734 1109 συ-

2165 1132 2510 1221 κοφαντίαις·
2540 1150 2726 1220 ἕτερος
2768 1148 2824 1203 δέ
2856 1150 2913 1201 ἐν
2934 1132 3244 1220 ἐὺημερίᾳ.
3284 1146 3378 1200 καὶ
3414 1147 3616 1219 τρυφῇ,
3644 1143 3746 1200 καὶ

2164 1242 2472 1313 δυναστείᾳ,
2500 1240 2594 1295 καὶ
2637 1239 2783 1314 δόξῃ,
2815 1239 2910 1293 καὶ
2948 1238 3181 1308 πλούτῳ.
3224 1236 3334 1292 Καὶ
3359 1238 3409 1290 οί
3438 1233 3538 1307 μὶν
3565 1235 3743 1291 ταῦτα

2169 1331 2327 1402 μόνον
2356 1329 2577 1400 ζητοῦσι
2604 1341 2631 1370 ι
2660 1328 2730 1382 τά
2746 1327 2946 1398 ἀγαθὰ,
2974 1327 3044 1380 τὰ
3067 1327 3234 1390 ὅντως
3257 1325 3440 1394 ἀγαθά
3464 1323 3747 1396 παρατρέ-

2166 1436 2374 1491 χοντες,
2421 1418 2622 1490 ἀρετὴν
2667 1416 2810 1486 λέγω
2859 1417 2952 1487 κα),
3000 1415 3349 1484 φιλοσοφίανο
3391 1414 3442 1467 οί
3482 1413 3560 1475 δὲ,
3603 1414 3746 1484 ὅπερ

2168 1508 2336 1579 ἔφθην
2373 1505 2565 1571 εἰπὼν,
2596 1507 2693 1560 καὶ
2732 1503 2830 1576 τὴν
2872 1501 2969 1558 τοῦ
3007 1501 3141 1557 Θεοῦ
3187 1502 3445 1574 πρόνοιαν
3491 1499 3748 1555 ἐντεῦθεν

2168 1595 2512 1650 διαϐάλλουσι
2531 1635 2545 1657 ,
2600 1595 2848 1664 λέγοντες
2870 1611 2883 1625 °
2925 1591 3032 1648 Ποῦ
3080 1595 3113 1664 ἠ
3161 1588 3253 1646 τοῦ
3312 1590 3448 1647 Θεοῦ
3493 1589 3744 1663 πρόνοια,

2168 1685 2437 1757 τοσαύτης
2469 1684 2780 1754 συγχύσεως
2818 1686 2875 1739 ἐν
2913 1682 2992 1754 τῷ
3026 1681 3124 1755 βίῳ
3160 1682 3468 1754 γινομένης,
3510 1680 3603 1736 καὶ
3633 1680 3748 1737 τῶν

2171 1772 2431 1826 πλειόνων
2462 1773 2520 1826 ἐν
2545 1772 2785 1843 πτωχείᾳ
2806 1772 2898 1825 καὶ
2929 1771 3088 1843 πενίᾳ
3115 1771 3210 1825 καὶ
3244 1773 3356 1834 τοῖς
3381 1768 3629 1841 ἐσχάτοις
3655 1769 3750 1823 δν-

2171 1880 2282 1918 των
2324 1865 2552 1930 κακοϊς;
2598 1862 2651 1916 τί
2682 1863 2982 1934 τεκμήριον
3020 1858 3185 1915 αὐτοῦ
3234 1860 3335 1929 τῆς
3379 1859 3747 1931 κηδεμονίαςς

2174 1953 2381 2009 Ταύτδν
2409 1954 2478 2024 γά
2487 1972 2519 2027 ρ
2546 1951 2792 2008 ποιοῦσιν
2824 1954 2872 2006 οί
2893 1952 3064 2006 ταῦτα
3092 1951 3359 2020 λέγοντες,
3393 1949 3582 2023 ῶσπερ
3610 1950 3676 2004 ἀν
3696 1951 3756 2004 ετ

2172 2061 2258 2108 τις
2287 2046 2345 2097 ἐν
2366 2042 2605 2114 σταθερᾷ
2638 2039 3074 2114 μεσημϐρίᾳζκαὶ
3094 2039 3306 2111 καθαρᾷ
3328 2039 3419 2095 τὸν
3439 2037 3588 2109 ῆλιον
3619 2038 3751 2092 ίδεῖν

2175 2130 2476 2202 ἐπιζητοίη,
2528 2129 2622 2184 καὶ
2660 2128 2985 2201 ἀμφιϐάλλοι
3029 2127 3155 2199 περὶ
3195 2125 3289 2180 τοῦ
3333 2126 3528 2195 φωτός.
3571 2127 3753 2199 Ὅπερ

2174 2220 2386 2284 δεικνὺς
2409 2222 2437 2274 ὁ
2457 2216 2761 2291 Προφήτης.
2791 2219 2884 2272 καὶ
2914 2217 3172 2290 ταχίστην
3196 2217 3417 2285 ἐπάγων
3443 2216 3542 2288 τὴν
3570 2215 3755 2279 λύσιν,

2176 2307 2391 2377 ἔλεγεν⁸
2435 2305 2792 2376 Ἐσημειώθη
2835 2306 2926 2376 ἐφ’
2955 2305 3112 2375 ἡμᾶς
3145 2305 3214 2360 τὸ
3250 2305 3377 2377 φῶς
3403 2305 3512 2360 τοῦ
3558 2318 3751 2374 προσ-

2176 2397 2340 2453 ώπου
2359 2414 2496 2459 σου,
2516 2398 2708 2464 Κύριε.
2733 2399 2846 2451 Οὐκ
2861 2392 3031 2460 εἶπεν,
3047 2397 3218 2469 ἐφάνη
3237 2413 3250 2427 ’
3271 2397 3369 2450 οὐκ
3386 2390 3560 2461 εἶπεν,
3585 2394 3753 2465 ἔλαμ-

2177 2486 2297 2557 ψεν,
2332 2486 2470 2549 ἀλλ’,
2513 2485 2892 2557 Ἐσημειώθη,
2921 2486 3095 2558 δηλῶν
3121 2487 3202 2540 ὅτι
3242 2485 3430 2557 ὥσπερ
3461 2485 3521 2539 :0
3535 2487 3593 2539 ἐν
3620 2503 3755 2557 μετ-

2180 2575 2316 2647 ώπῳ
2349 2576 2790 2647 σεσημειωμένον
2842 2577 2975 2629 πᾶσι
3023 2574 3325 2645 κατάδηλόν
3354 2574 3492 2638 ἐστι,
3525 2574 3621 2629 καὶ⁴
3652 2577 3757 2630 οὐκ

2179 2667 2328 2720 ἔστιν
2363 2665 2552 2719 ούδένα
2576 2664 2707 2719 αὐτὸ
2734 2664 2936 2729 λαθεῖν,
2965 2664 3085 2718 οὐδέ
3113 2664 3235 2734 ὄψιν
3269 2665 3446 2734 φωτὸς
3473 2663 3760 2735 γέμουσαν

2178 2758 2276 2813 καὶ
2309 2761 2559 2826 ἀφιεῖσαν
2587 2757 2616 2796 b
2651 2758 2873 2820 ἀκτῖνας
2898 2756 3120 2811 δύναταί
3153 2773 3236 2820 τις
3260 2757 3553 2828 ἀγνοῆσαι·
3588 2754 3759 2821 οὕτω,

2183 2847 2366 2918 φησὶν,
2405 2845 2525 2899 οῦδὲ
2553 2844 2649 2915 τὴν
2679 2848 2934 2916 πρόνοιαν
2964 2843 3060 2915 τὴν
3101 2835 3464 2916 σήνξὭσπερ
3502 2844 3610 2916 γάρ
3639 2844 3760 2912 φῶς

2184 2933 2643 3004 σεσημειωμένον,
2671 2932 2963 2996 τουτέστιν,
3001 2932 3443 3002 ἐντετυπωμένον
3479 2932 3574 2985 καὶ
3602 2932 3758 2999 ἐγκεο

2183 3021 2526 3093 χαραγμένον
2548 3022 2606 3074 ἐν
2630 3021 2924 3092 προσώπῳ,
2946 3022 3110 3076 πᾶσίν
3129 3024 3240 3074 ἐστι
3261 3020 3559 3092 κατάδηλον
3579 3039 3596 3051 ο
3615 3020 3762 3074 οῦτω

2185 3110 2280 3164 καὶ
2311 3113 2343 3178 ἡ
2377 3109 2600 3180 πρόνοια
2639 3110 2737 3179 τῆς
2770 3108 3180 3178 φιλανθρωπίας
3209 3108 3309 3178 τῆς
3351 3109 3471 3180 σῆς.
3500 3108 3620 3173 Φῶς
3650 3112 3761 3180 γάρ

2186 3197 2417 3253 ἐνταῦθα
2461 3199 2559 3269 τὴν
2611 3197 2892 3267 ἀντίληψίν
2939 3215 3092 3267 φησι,
3136 3198 3238 3268 τὴν
3267 3195 3614 3267 κηδεμονίαν,
3663 3195 3764 3265 τὴν

2189 3286 2526 3356 συμμαχίαν,
2560 3287 2659 3356 τὴν
2688 3286 2956 3357 πρόνοιαν.
2990 3283 3119 3339 Εἶτα
3145 3284 3562 3356 ἀποφηνάμενος
3581 3284 3767 3348 τοῦτο,

2189 3375 2285 3428 καὶ
2316 3373 2596 3441 ἀπόδειξιν
2642 3374 2857 3443 ἐπάγει.
2907 3374 3074 3428 Ποίαν
3121 3372 3185 3444 δὴ
3213 3372 3450 3446 ταύτην;
3494 3371 3768 3436 Ἕδωκας

2188 3463 2579 3533 εὐφροσύνην
2616 3465 2704 3528 είς
2744 3462 2862 3527 τὴν
2907 3461 3159 3530 καρδίαν
3203 3479 3342 3530 μου.
3391 3459 3671 3515 Διαϐαλὼν
3704 3458 3768 3513 :0

2191 3552 2472 3621 ἀλόγιστον
2511 3552 2735 3622 πλῆθος,
2764 3553 2872 3607 ἀπὸ
2908 3551 3016 3605 τῶν
3055 3553 3180 3605 νοῦν
3207 3552 3438 3621 ἐχόντων
3463 3550 3556 3604 καί¹
3587 3550 3771 3618 ὑγιαι-

2191 3640 2388 3694 νόντων
2413 3640 2513 3712 τὴν
2534 3640 2803 3707 ἀπόδειξιν
2828 3644 3056 3695 ποιεῖται
3077 3640 3175 3710 τῆς
3195 3639 3287 3693 τοῦ
3320 3637 3454 3716 φεοῦ
3485 3637 3766 3710 προνοίας,

2193 3727 2287 3783 καί
2319 3745 2501 3800 φησιν,
2535 3728 2801 3794 Ἔδωκας
2835 3728 3221 3798 εὐφροσύνην
3252 3729 3340 3792 είς
3365 3724 3481 3790 τὴν
3513 3724 3770 3794 καρδίαν

2189 3834 2339 3888 μου*
2368 3819 2635 3883 τουτέστι,
2667 3816 2978 3886 ⁶ιἰλοσοφείν
3021 3833 3087 3887 με
3121 3815 3465 3878 ἐπαίδευσας,
3494 3814 3773 3885 ύπερορᾷν

2191 3906 2302 3961 τῶν
2330 3905 2596 3977 βιωτικῶν
2625 3904 2986 3978 πραγμάτων,
3021 3903 3218 3958 εἰδέναι
3239 3902 3308 3957 τὰ
3339 3901 3513 3974 ἀληθῆ
3541 3904 3636 3956 καὶ
3668 3902 3770 3973 μέ·-

2193 4010 2378 4050 νοντα·
2421 3996 2682 4067 χρησταῖς
2738 3992 3118 4065 ἐμετεώρησας
3160 3997 3184 4026 °
3219 3991 3425 4055 ἐλπίσι,
3484 3989 3623 4062 πρὸς
3665 3991 3772 4061 τὴν

2198 4083 2496 4156 μέλλουσαν
2532 4082 2675 4155 ζωὴν
2725 4079 3201 4153 ἐχειραγώγησας·
3240 4078 3346 4153 1:90
3396 4078 3496 4148 τῆς
3528 4075 3770 4133 ἀπολαύ-

2197 4187 2334 4235 σεως
2363 4169 2470 4224 τῶν
2499 4170 2716 4236 ἀγαθῶν
2741 4172 2805 4242 τῇ
2838 4168 3134 4242 προσδοκίᾳ
3163 4168 3272 4223 τῶν
3299 4166 3516 4239 ἀγαθῶν
3535 4165 3771 4223 ἀνεπτέ-

2198 4275 2398 4331 ρωσας.
2424 4258 2620 4321 Καλῶς
2647 4256 2818 4322 οῦτως
2849 4253 3020 4313 εἶπεν.

2270 4352 2322 4400 ι’.
2348 4347 2411 4400 Et
2436 4345 2545 4417 γὰρ
2576 4345 2929 4417 κληρονομεῖν
2947 4363 3031 4410 τις
3063 4345 3271 4416 μέλλων
3292 4345 3572 4416 χρήματα,
3603 4342 3636 4413 ἢ
3672 4341 3773 4396 καὶ⁸

2199 4431 2314 4506 [9.2]
2362 4433 2443 4497 είς
2473 4433 2644 4505 ἀρχὴν
2682 4433 2818 4487 ίέναι
2856 4433 3138 4503 μεγίστην,
3170 4432 3231 4485 00
3277 4433 3419 4486 κατὰ
3447 4432 3540 4485 τὸν
3580 4430 3776 4499 καιρὸν

2195 4525 2295 4593 τῆς
2344 4519 2719 4584 ἀπολαύσεως
2747 4519 2925 4592 μόνον,
2978 4519 3114 4574 ἀλλὰ
3159 4520 3253 4573 καὶ
3294 4519 3400 4590 1:90
3431 4519 3549 4590 τῆς-
3573 4518 3776 4588 πείρας

2196 4607 2448 4680 ὀρθοῦται
2462 4609 2528 4679 τῇ
2563 4608 2876 4679 προσδοκίᾳ,
2898 4607 3075 4661 πάντα
3095 4607 3184 4660 τὸν
3202 4606 3389 4678 χρόνον
3416 4604 3637 4677 τρυφῶν
3664 4604 3775 4659 01:0

2196 4695 2298 4765 τῆς
2329 4694 2568 4758 ἐλπίδος·
2605 4694 2854 4766 ἐννόησον
2887 4689 2996 4749 οἷον
3019 4694 3164 4758 είκὸς
3190 4691 3329 4748 εἶναι
3358 4694 3451 4749 τὸν
3478 4694 3579 4765 τὴν
3616 4693 3775 4764 βασι-

2197 4782 2348 4837 λείαν
2364 4783 2740 4855 προσδοκῶντα
2761 4782 2941 4847 ζῶσαν
2964 4782 3054 4835 καὶ
3083 4782 3367 4847 ἀθάνατον,
3396 4781 3489 4835 καὶ
3504 4779 3571 4834 τά
3593 4780 3777 4850 ἁγαθά

2199 4875 2402 4934 ἐκεῖνα,
2422 4869 2459 4924 ἀ
2481 4869 2604 4924 οὗτε
2634 4870 2911 4940 ὀφθαλμὸς
2929 4867 3085 4933 εἶδεν,
3113 4869 3235 4923 οὔτε
3255 4866 3347 4934 οῦς
3369 4870 3621 4941 ῆκουσεν,
3647 4866 3773 4922 οὔτε

2198 4959 2295 5012 ἐπὶ
2322 4957 2547 5030 καρδίαν
2568 4957 2855 5029 ἀνθρώπου
2875 4957 3063 5026 ἀνέϐη.
3082 4957 3181 5010 Διά
3199 4957 3355 5012 τοῦτό
3377 4946 3562 5030 φησινδ
3593 4955 3776 5012 Ἔδω-

2199 5063 2313 5113 κας
2340 5048 2727 5116 εὐφροσύνην
2755 5049 2842 5111 είς
2872 5045 2986 5114 τὴν
3016 5046 3268 5115 καρδίαν
3298 5065 3437 5117 μου.
3475 5048 3652 5117 Ὅπερ
3678 5060 3770 5115 με-

2199 5135 2391 5207 γίστης
2415 5134 2669 5206 προνοίας
2697 5130 2785 5205 ἧν,
2814 5134 2934 5188 τότε
2965 5135 3249 5206 ἑτοιμάσαι
3271 5136 3455 5189 ἐκεῖνα
3478 5136 3572 5188 καὶ
3597 5138 3776 5206 εὑτρε-

2201 5223 2375 5278 πίσαι.
2402 5224 2466 5276 Εί
2496 5223 2551 5276 δὲ
2585 5224 2635 5276 οί
2670 5223 2983 5295 παχύτεροι,
3009 5226 3103 5278 καὶ
3128 5223 3265 5295 σὰρξ
3291 5224 3462 5291 ὄντες,
3497 5224 3592 5278 καὶ
3614 5226 3773 5296 τῇσγῇ

2202 5311 2633 5382 προσηλωμένοι,
2669 5310 2876 5374 τούτοις
2914 5312 2974 5364 00
3002 5310 3379 5382 προσέχουσιν,
3411 5311 3471 5364 00
3507 5310 3660 5381 παρά
3686 5311 3779 5363 τὸν

2202 5399 2590 5470 ὑποσχόμενον,
2625 5398 2759 5452 ἀλλά
2807 5400 2954 5470 παρά
2978 5398 3075 5471 τὴν
3109 5399 3335 5453 ἐκείνων
3384 5397 3778 5469 ἀγνωμοσύνην

2201 5488 2235 5559 ἡ
2256 5487 2467 5560 ταραχὴ
2490 5489 2583 5541 καὶ
2605 5490 2635 5540 0
2655 5487 2878 5561 θόρυϐος
2896 5489 3122 5557 γίνεται.
3144 5488 3252 5541 Καὶ
3272 5488 3371 5541 ούκ
3390 5482 3543 5540 εἶπεν
3562 5485 3772 5550 ἀπλῶς,

2207 5575 2476 5642 Ἕδωκας
2496 5576 2905 5645 εὐφροσύνην,
2933 5576 3069 5643 ἀλλ’,
3097 5578 3201 5640 Εἰς
3220 5574 3337 5644 τὴν
3361 5574 3614 5644 καρδίαν
3631 5592 3778 5644 μου,

2273 5714 2299 5784 _‘
2320 5714 2444 5784 Bcg.
2481 5715 2563 5784 καὶ
2583 5715 2939 5784 συκοφαντίαι-ς’,
2954 5716 3034 5764 καὶ
3073 5718 3118 5764 οί
3146 5716 3229 5779 μὲν
3254 5709 3544 5784 ταῦταμόνα
3564 5714 3774 5769 ζητοῦσι.

2267 5775 2295 5816 b
2319 5775 2440 5837 Reg.
2464 5779 2701 5835 τέμουσαν
2715 5775 2806 5839 ’καὶ
2832 5775 3185 5839 ἐκλάμπουσαν,
3208 5779 3289 5827 καὶ
3309 5775 3542 5837 ἀφιεῖσαν.

2271 5842 2295 5872 ε
2318 5838 2444 5901 Reg.
2466 5839 2690 5904 χρησταῖς
2709 5837 2839 5897 ἡμᾶς
2850 5837 3179 5904 ἀνεπτέρωσας
