4032 6284
268 400 337 454 53
1417 395 1776 455 EXPOSITIO
1814 395 1878 452 IN
1919 396 2242 457 PSALMUM
2284 399 2371 456 IV.
3486 408 3552 463 ω

336 516 389 573 9.
418 515 559 584 Quid
580 516 645 571 sit
673 516 983 586 sacriﬁcium
1001 514 1220 587 justitia!
1242 533 1260 581 ;
1281 515 1498 586 justitia
1521 517 1722 570 nomine
1750 517 1853 569 vir-

269 619 348 661 tus
369 606 556 667 omnis:
575 623 693 676 spes
719 607 774 661 in
803 606 966 661 Deum
986 605 1671 675 immortalis.-—Propterea
1699 605 1858 662 etiam

270 699 549 772 propheta,
577 715 702 754 cum
731 710 785 754 et
811 700 879 754 ab
907 699 1246 770 improbitate
1281 713 1376 767 per
1393 699 1859 767 compunctionem

271 792 616 856 abduxisset,
651 799 705 846 et
719 790 785 845 ad
811 783 1018 845 virtutis
1043 791 1304 844 actionem
1326 790 1582 856 aptiorem
1607 789 1820 844 fecisset
1843 830 1859 856 ,

267 896 319 941 et
341 883 597 939 duritiam
627 883 822 936 mentis
841 881 1209 945 emollivisset,
1229 891 1284 934 et
1319 895 1436 934 eam
1481 895 1574 949 per
1599 893 1861 947 compun-

265 980 500 1034 ctionem
542 986 783 1031 teneram
812 973 1150 1039 reddidisset,
1183 972 1368 1041 incipit
1399 971 1564 1026 verba
1594 970 1767 1026 facere
1795 970 1862 1026 de

264 1074 464 1139 justitia
498 1114 514 1137 ,
542 1081 600 1127 et
638 1071 802 1125 dicit:
835 1067 1136 1134 Sacriﬁcate
1161 1061 1488 1133 sacriﬁcium
1531 1065 1747 1135 justitia:
1773 1104 1790 1129 ,
1815 1073 1864 1118 et

264 1175 465 1232 sperate
511 1166 568 1218 in
608 1161 846 1216 Domino.
879 1157 1014 1226 Quid
1056 1166 1140 1211 est
1170 1198 1183 1220 ,
1219 1156 1520 1223 Sacriﬁcate
1556 1155 1864 1222 sacriﬁcium

266 1257 521 1323 iustitiae?
548 1253 935 1324 Persequimini
975 1250 1233 1320 justitiam
1267 1290 1284 1314 ,
1333 1249 1522 1303 offerte
1556 1247 1815 1317 justitiam
1848 1264 1861 1299 :

267 1348 367 1401 hoc
398 1356 484 1401 est
513 1347 802 1400 maximum
833 1345 940 1398 Deo
966 1343 1185 1407 donum,
1219 1341 1319 1394 hoc
1358 1350 1440 1394 est
1479 1348 1752 1408 acceptum
1780 1331 1865 1392 sa-

262 1442 534 1496 criﬁcium
569 1480 583 1504 ,
617 1439 732 1493 haec
766 1437 964 1493 oblatio
1004 1436 1156 1489 valde
1185 1443 1331 1504 grata
1364 1443 1445 1487 est
1467 1475 1480 1496 ,
1529 1448 1633 1486 non
1659 1446 1787 1486 oves
1813 1440 1868 1486 et

263 1513 468 1587 vitulos
501 1532 808 1586 sacriﬁcare
837 1573 850 1595 ,
874 1529 966 1583 sed
1003 1544 1121 1598 quas
1149 1535 1273 1581 sunt
1295 1527 1437 1596 justa
1480 1525 1674 1580 facere.
1704 1524 1866 1579 Vides

262 1628 394 1679 vitae
432 1626 488 1679 in
523 1625 765 1678 Ecclesia
802 1621 1141 1677 instituenda:
1188 1621 1450 1675 rationem
1495 1619 1676 1674 multis
1721 1626 1866 1674 retro

262 1716 486 1770 sascnlis
517 1715 679 1769 fuisse
706 1726 830 1767 ante
867 1713 1186 1782 descriptam
1211 1752 1226 1778 ,
1260 1721 1314 1764 et
1340 1725 1437 1780 pro
1465 1710 1568 1764 illis
1598 1709 1868 1764 sensibili-

263 1806 367 1860 bus
386 1821 451 1876 ea
475 1804 662 1875 quaeri,
693 1819 811 1873 qua:
827 1803 1023 1856 cadunt
1038 1802 1137 1856 sub
1155 1800 1576 1870 intelligentiam.
1601 1799 1865 1854 Justitiam

263 1905 449 1951 autem
482 1896 568 1951 hic
591 1938 606 1961 ,
638 1896 778 1950 sicut
811 1905 933 1948 ante
959 1893 1067 1947 dixi
1097 1935 1111 1957 ,
1142 1907 1247 1946 non
1279 1891 1604 1962 singularem
1635 1891 1866 1960 aliquam

265 1987 400 2041 dicit
424 1988 676 2039 virtutem
697 2027 712 2050 ,
737 1985 830 2038 Sed
861 1984 1199 2038 universam:
1232 1981 1680 2052 quemadmodum
1707 1983 1867 2035 etiam

262 2077 444 2130 virum
491 2075 696 2146 justum
739 2087 991 2127 vocamus
1037 2074 1127 2142 qui
1157 2088 1368 2126 omnem
1416 2073 1467 2125 in
1516 2087 1576 2127 se
1620 2072 1868 2125 virtutem

269 2166 540 2221 continet.
578 2163 686 2220 Hoc
707 2164 1030 2218 sacriﬁcium
1058 2179 1160 2218 non
1185 2173 1308 2234 eget
1338 2163 1558 2232 pecunia
1580 2205 1594 2229 ,
1624 2179 1728 2216 non
1756 2164 1871 2232 gla-

266 2257 384 2324 dio,
413 2274 526 2313 non
546 2259 723 2322 altari,
746 2274 852 2312 non
883 2259 1036 2326 igne:
1070 2271 1174 2310 non
1204 2257 1488 2311 resalvitur
1525 2257 1580 2310 in
1622 2255 1826 2311 fumum
1848 2298 1864 2323 ,

271 2351 537 2414 cinerem,
562 2359 617 2405 et
646 2348 888 2404 nidorem
912 2390 927 2415 ,
958 2347 1051 2403 sed
1080 2349 1262 2402 animo
1289 2347 1406 2418 ejus
1429 2347 1519 2418 qui
1549 2348 1708 2402 oll'ert
1733 2362 1867 2404 con-

277 2452 484 2500 tentum
527 2452 632 2498 est.
677 2443 738 2498 Ei
789 2458 888 2498 nec
915 2452 998 2497 est
1035 2451 1319 2512 paupertas
1359 2440 1694 2496 obstaculum
1728 2483 1743 2508 ,
1772 2454 1871 2496 nec

275 2534 596 2590 mendicitas
622 2533 1083 2604 impedimentum,
1116 2548 1220 2587 non
1240 2532 1410 2600 locus,
1443 2546 1542 2587 nec
1562 2531 1707 2587 aliud
1728 2533 1872 2602 ejus-

276 2628 458 2691 modi;
485 2626 581 2682 sed
609 2625 932 2696 ubicumque
951 2625 1148 2693 fueris,
1177 2625 1229 2680 id
1260 2624 1452 2680 offerre
1479 2625 1677 2695 poteris
1705 2668 1720 2693 ,
1747 2639 1870 2679 cum

276 2718 391 2789 ipse
417 2719 496 2774 sis
519 2727 576 2773 et
601 2717 859 2773 sacerdos
881 2759 898 2783 ,
925 2727 979 2772 et
1006 2717 1176 2771 altare
1198 2757 1211 2781 ,
1243 2725 1296 2771 et
1321 2715 1532 2786 gladius
1555 2758 1570 2780 ,
1596 2725 1651 2770 et
1675 2716 1867 2771 hostia.

276 2812 423 2866 Talia
452 2811 599 2867 enim
619 2818 746 2866 sunt
769 2825 887 2880 quae
906 2810 970 2863 ad
991 2818 1225 2864 mentem
1254 2809 1521 2878 pertinent
1539 2815 1593 2861 et
1618 2808 1872 2877 Spiritua-

275 2903 378 2971 lia;
406 2904 696 2974 plurimum
721 2902 922 2958 habent
952 2901 1248 2966 facilitatis,
1285 2909 1342 2955 ut
1366 2915 1486 2970 quae
1514 2899 1656 2955 nulla
1689 2910 1872 2954 exter-

276 3011 344 3051 na
384 2997 700 3065 operatione
745 3005 956 3064 egeant.
994 2993 1065 3068 Et
1106 3003 1303 3064 sperate
1347 2993 1402 3046 in
1447 2989 1688 3045 Domino.
1719 2991 1870 3046 Alius

277 3084 405 3142 dicit
435 3103 451 3140 :
481 3085 549 3139 Et
572 3085 818 3155 conﬁdite
841 3083 1082 3139 Domino.
1107 3084 1205 3152 Qui
1233 3083 1376 3139 enim
1411 3099 1504 3153 per
1521 3083 1719 3154 justam
1746 3083 1870 3137 vita;

277 3179 670 3235 institutionem
702 3179 867 3232 Deum
895 3179 993 3232 sibi
1018 3177 1302 3247 propitium
1326 3186 1379 3232 et
1404 3175 1723 3232 clementem
1750 3173 1873 3230 red-

279 3270 474 3326 diderit
505 3313 522 3336 ,
580 3271 869 3324 maximam
927 3270 1085 3324 habet
1131 3270 1534 3339 opitulationem
1567 3311 1582 3337 ,
1616 3270 1870 3324 auxilium

279 3362 693 3433 inexpugnabile
719 3404 734 3427 ,
764 3372 817 3416 et
846 3361 1132 3430 plurimum
1162 3361 1304 3414 illinc
1329 3360 1654 3430 praesidium.
1683 3359 1872 3416 Vidisti

278 3451 506 3509 fructum
536 3453 805 3514 sacriﬁcii,
838 3453 924 3521 qui
954 3462 1034 3505 eSt
1057 3453 1108 3504 in
1135 3451 1332 3505 foribus
1353 3452 1375 3504 ?
1395 3451 1570 3505 vidisti
1595 3451 1873 3505 celerrime

279 3547 671 3616 germinantem
712 3545 973 3599 bonorum
1013 3544 1321 3600 thesaurum
1344 3543 1368 3596 ‘!
1391 3544 1490 3611 Qui
1529 3545 1670 3598 enim
1707 3544 1870 3598 Deum

280 3634 442 3690 habet
481 3637 850 3690 auxiliatorem
878 3677 890 3697 ,
922 3649 1208 3704 quemnam
1243 3635 1448 3687 timebit
1476 3635 1742 3703 amplius?
1769 3635 1874 3690 Ne-

278 3729 501 3782 minem.
542 3726 660 3780 .Iam
690 3743 818 3780 vero
852 3727 953 3780 hoc
980 3741 1190 3795 quoque
1228 3737 1311 3779 est
1341 3741 1442 3778 non
1472 3741 1627 3794 parva
1657 3727 1826 3780 virtus
1853 3768 1868 3793 ,

278 3820 397 3889 ipso
440 3821 635 3873 fretum
667 3819 810 3873 bono
838 3819 1019 3873 animo
1047 3831 1166 3872 esse
1191 3859 1205 3883 ,
1248 3827 1306 3871 et
1346 3818 1397 3870 in
1428 3818 1542 3886 ipso
1577 3817 1868 3872 conﬁdere.

277 3908 387 3967 Sed
415 3925 538 3965 cum
561 3911 759 3979 justitia
781 3925 810 3963 a
841 3910 996 3964 nobis
1022 3909 1158 3962 hanc
1180 3923 1392 3978 quoque
1410 3908 1658 3963 virtutem
1685 3909 1868 3978 exigit,

279 4015 340 4058 ut
367 4005 420 4057 in
452 4019 519 4058 eo
547 4003 900 4068 conﬁdamus,
933 4010 990 4057 ut
1016 4005 1067 4057 in
1095 4017 1164 4057 eo
1182 4017 1458 4072 Speremus
1482 4044 1496 4069 ,
1530 4013 1587 4056 nt
1617 4003 1746 4056 nulli
1776 4004 1874 4057 hu-

279 4111 454 4150 mana:
482 4097 562 4150 rei
594 4094 851 4160 ﬁdamus,
881 4094 974 4148 sed
1003 4109 1101 4148 nos
1122 4094 1190 4147 ab
1213 4094 1462 4147 omnibus
1482 4092 1823 4164 sejungentes
1853 4134 1870 4162 ,

278 4188 660 4259 cogitationem
689 4202 904 4242 onmem
938 4187 1042 4242 illic
1085 4187 1396 4256 deﬁgamus.
1434 4173 1542 4241 Res
1571 4187 1712 4242 enim
1750 4187 1873 4242 vita:

280 4270 567 4350 praesentis
600 4289 723 4334 sunt
751 4281 956 4334 umbris
999 4289 1052 4334 et
1101 4281 1324 4335 somniis
1349 4281 1550 4335 similes
1579 4323 1593 4347 ,
1622 4289 1782 4351 atque
1807 4280 1873 4336 iis

277 4376 439 4430 etiam
459 4372 854 4437 imbecilliores,
879 4381 935 4427 ut
949 4388 1067 4443 quae
1088 4373 1242 4427 simul
1261 4383 1546 4443 appareant
1567 4383 1618 4428 et
1638 4375 1870 4441 avolent;

279 4475 334 4518 et
363 4465 567 4518 interea
595 4463 720 4518 dum
752 4462 948 4518 adsunt
978 4505 993 4531 ,
1022 4465 1085 4520 iis
1122 4465 1209 4534 qui
1247 4465 1361 4519 illas
1404 4465 1601 4519 habent
1648 4465 1872 4520 multum

280 4557 454 4610 turbae
481 4571 544 4610 ac
567 4557 826 4610 molestia:
849 4556 1106 4621 afferant;
1148 4571 1272 4626 spes
1305 4566 1480 4610 autem
1514 4557 1566 4611 in
1596 4556 1760 4611 Deum
1791 4564 1874 4611 est

281 4648 626 4711 immortalis,
647 4648 1012 4715 immutabilis,
1041 4648 1348 4714 immobilis,
1373 4649 1506 4702 nulli
1525 4649 1874 4704 vicissitudini

278 4741 540 4804 obnoxia,
572 4757 690 4812 qua:
708 4742 852 4795 omni
875 4757 940 4795 ex
969 4750 1118 4811 parte
1146 4749 1315 4795 tutum
1342 4741 1516 4796 reddit
1540 4784 1555 4809 ,
1579 4751 1633 4796 et
1655 4744 1876 4810 inexpu-

277 4831 550 4904 gnabilem
579 4847 700 4886 eum
732 4831 911 4897 efﬁcit,
937 4834 1024 4902 qui
1052 4848 1136 4896 ea,
1163 4848 1264 4902 qna
1295 4847 1391 4902 par
1411 4842 1530 4897 est,
1564 4849 1690 4887 cura
1719 4846 1770 4890 et
1796 4835 1875 4892 af-

280 4925 517 4980 fectione
559 4925 740 4978 utitur.
774 4926 827 4978 7.
862 4923 1018 4978 Multi
1054 4924 1228 4978 dicunt
1257 4965 1272 4990 ,
1324 4925 1450 4991 Quis
1474 4927 1699 4980 ostendet
1731 4929 1873 4983 nobis

279 5017 412 5070 bona
434 5016 460 5070 .’
479 5016 748 5086 Signatunt
760 5026 833 5070 est
849 5031 1000 5087 super
1023 5032 1114 5069 nos
1141 5015 1306 5069 lunten
1329 5017 1493 5069 uultus
1521 5017 1611 5079 tui,
1636 5016 1870 5073 Domine.

281 5108 575 5178 Postquam
605 5108 674 5162 de
715 5108 952 5162 moribus
979 5106 1197 5175 perfecit
1223 5105 1638 5161 admonitionem
1663 5149 1678 5173 ,
1728 5118 1781 5163 et
1809 5109 1875 5164 ad

283 5198 382 5253 Dei
419 5199 644 5253 adduxit
672 5198 1033 5268 cognitionem
1066 5241 1080 5263 ,
1107 5212 1428 5266 omnemque
1455 5199 1689 5252 versavit
1715 5201 1878 5254 ratio-

282 5304 440 5356 nem,
470 5305 588 5358 qua:
618 5298 791 5357 potest
822 5289 1028 5358 erigere
1059 5297 1291 5342 mentem
1319 5303 1504 5341 eorum
1534 5289 1622 5357 qui
1658 5289 1876 5346 aberra-

281 5393 443 5446 rnnt;
476 5381 725 5449 exemplo
747 5382 974 5434 maxime
1002 5396 1186 5435 eorum
1212 5381 1300 5449 qui
1334 5381 1406 5434 illi
1430 5389 1551 5435 sunt
1576 5381 1791 5445 addicti,
1824 5391 1878 5438 et

279 5476 398 5542 ejus
423 5490 552 5542 erga
592 5475 712 5528 illos
739 5473 1086 5541 providentia:
1111 5514 1125 5536 ,
1157 5483 1435 5542 postquam
1468 5488 1616 5528 suam
1645 5474 1878 5530 ostendit

279 5565 698 5621 sollicitudinem
731 5607 743 5627 .
773 5566 1057 5633 quamdam
1097 5565 1450 5636 ohjectionem
1473 5567 1541 5621 ab
1571 5566 1876 5621 imbecillio-

279 5658 430 5713 ribus
470 5672 535 5712 ac
565 5656 924 5712 crassioribus
963 5655 1228 5712 inductam
1259 5657 1454 5725 affert,
1496 5667 1552 5713 et
1583 5659 1690 5713 ait:
1722 5657 1879 5714 Multi

1969 516 2160 582 dicunt,
2195 517 2322 586 Quis
2347 518 2570 572 ostendet
2593 518 2734 572 nobis
2765 519 2933 574 bona!
2963 518 3076 574 Non
3101 519 3174 574 illi
3205 521 3354 590 pauci
3380 522 3553 591 probi,

1965 625 2029 665 ac
2059 609 2256 666 sinceri
2286 653 2300 675 .
2331 620 2386 665 et
2409 611 2496 681 qui
2531 620 2725 666 norunt
2752 611 3115 683 philosophari
3141 654 3155 679 ,
3181 611 3294 668 haec
3321 613 3506 669 dicunt
3539 657 3556 681 ,

1974 703 2066 758 sed
2095 702 2316 759 confusa
2342 713 2394 758 et
2426 705 2723 774 promiscua
2746 705 3052 773 multitudo,
3086 721 3205 776 quae
3245 706 3561 776 ignorationi

1968 805 2021 850 et
2042 796 2282 850 stultitia:
2307 795 2460 850 afﬁxa
2486 806 2589 851 est.
2618 798 2753 865 Quid
2780 807 2862 853 est
2886 808 3061 854 autem
3084 798 3225 870 quod
3250 799 3558 867 dicit?Quis

1969 887 2192 941 ostendet
2234 887 2373 942 nobis
2435 889 2564 942 bona
2596 889 2620 942 ?
2648 889 2783 944 Sunt
2825 889 3036 959 quidam
3083 891 3173 961 qui
3215 891 3401 947 dicunt
3429 889 3560 957 ,alii

1969 977 2182 1048 quidem
2213 979 2303 1033 Dei
2332 981 2714 1049 providentiam
2746 993 3075 1047 accusantes,
3119 983 3209 1038 alii
3246 999 3376 1040 vero
3401 985 3556 1039 volu-

1973 1071 2131 1140 ptatis
2159 1079 2445 1136 amatores,
2473 1072 2752 1138 socordize,
2779 1088 2962 1142 opum,
2987 1074 3168 1144 gloria:
3193 1084 3242 1128 et
3265 1076 3516 1144 potentia:
3541 1115 3556 1139 ,

1970 1160 2059 1230 qui
2091 1161 2250 1215 etiam
2285 1161 2399 1216 hmc
2427 1171 2687 1230 amantes,
2719 1163 2903 1218 dicunt
2931 1167 3052 1220 talia
3085 1183 3098 1219 :
3130 1165 3230 1221 Ubi
3262 1175 3386 1220 sunt
3415 1166 3554 1220 bona

1973 1251 2112 1306 Dei?
2141 1252 2251 1322 Ego
2267 1268 2382 1307 sum
2408 1254 2459 1307 in
2483 1255 2837 1320 mendicitate,
2867 1264 2920 1310 et
2937 1256 3142 1322 morbo,
3167 1265 3220 1312 et
3235 1253 3558 1326 calamitate,

1970 1350 2026 1396 et
2059 1344 2321 1398 extremis
2349 1344 2502 1398 malis
2526 1387 2539 1408 ,
2569 1345 2782 1414 probris
2809 1355 2862 1400 et
2895 1348 3232 1402 contumeliis
3261 1329 3441 1402 :‘aiius
3463 1364 3558 1402 att-

1971 1442 2077 1488 tem
2109 1434 2161 1488 in
2190 1434 2462 1498 felicitate,
2492 1439 2784 1506 voluptate,
2813 1437 3018 1493 deliciis
3041 1481 3056 1505 ,
3082 1441 3334 1508 potentia,
3364 1440 3556 1510 gloria,

1971 1534 2025 1580 et
2053 1526 2269 1582 divitiis.
2297 1528 2360 1582 Et
2382 1529 2467 1582 alii
2490 1529 2703 1599 quidem
2731 1530 2846 1584 haec
2875 1531 3008 1585 bona
3029 1540 3229 1586 tantum
3257 1535 3554 1602 requirnnt,

1971 1632 2032 1671 ea
2064 1633 2181 1687 qua:
2219 1634 2346 1674 vere
2389 1629 2512 1674 sunt
2548 1620 2684 1674 bona
2717 1617 3188 1690 prmtert'nittentes
3219 1664 3234 1688 ,
3265 1625 3511 1678 virtutem
3541 1666 3557 1688 ,

1972 1709 2208 1779 inquam,
2236 1721 2287 1765 et
2315 1711 2543 1765 studium
2574 1714 2882 1783 sapientize:
2913 1713 3001 1766 alii
3029 1729 3176 1779 vero,
3197 1725 3250 1768 ut
3276 1723 3400 1768 ante
3429 1715 3559 1782 dixi,

1974 1799 2066 1853 Dei
2091 1801 2250 1854 etiam
2275 1802 2665 1870 providentiam
2698 1819 2763 1858 ex
2789 1819 2854 1858 eo
2881 1805 3252 1870 criminantur,
3282 1805 3555 1860 dicentes:

1972 1890 2072 1946 Ubi
2099 1900 2178 1946 est
2209 1893 2299 1946 Dei
2331 1893 2660 1962 providentia
2687 1937 2702 1961 ,
2736 1910 2856 1950 cum
2886 1905 3028 1949 tanta
3055 1897 3123 1951 sit
3153 1896 3204 1950 in
3234 1897 3340 1952 vita
3367 1896 3558 1951 cnnfu-

1973 1982 2073 2048 sio,
2104 1997 2224 2036 cum
2255 1984 2435 2053 plnrcs
2462 1986 2513 2038 in
2544 1986 2905 2053 mendicitate,
2936 1987 3111 2058 inopia
3142 1998 3195 2042 et
3225 1989 3276 2042 in
3303 1990 3557 2043 extremis

1972 2073 2128 2128 malis
2154 2073 2382 2143 degant?
2403 2075 2545 2144 quod
2568 2085 2651 2130 est
2675 2078 2882 2146 signum
2906 2076 3019 2146 ejus
3047 2077 3432 2147 providentiae?
3457 2080 3559 2144 Qui

1973 2177 2148 2220 autem
2179 2166 2294 2220 haec
2318 2168 2502 2222 dicunt
2533 2169 2754 2239 perinde
2775 2169 2976 2224 faciunt
3003 2184 3066 2224 ac
3095 2172 3139 2225 si
3167 2171 3286 2240 quis
3313 2171 3552 2228 clarissi-

1974 2273 2064 2313 mo
2094 2258 2315 2313 meridie
2339 2269 2544 2328 (μίξει-αι
2572 2259 2742 2314 solem
2771 2260 2977 2326 videre,
3003 2269 3057 2315 et
3085 2259 3292 2315 dubitet
3325 2261 3392 2316 de
3417 2261 3557 2318 luce.

1973 2350 2126 2416 Quod
2157 2351 2445 2406 ostendens
2473 2350 2729 2421 prapheta
2759 2393 2773 2417 ,
2810 2359 2865 2406 et
2911 2353 3300 2423 quamprimum
3331 2353 3560 2409 aﬁ‘erens

1974 2440 2294 2496 solutionem
2325 2483 2340 2507 ,
2385 2441 2517 2496 dixit
2547 2459 2559 2494 :
2591 2443 2645 2496 7.
2677 2442 2950 2512 Signatum
2996 2453 3069 2496 est
3102 2459 3252 2514 super
3278 2460 3368 2498 nos
3393 2445 3562 2499 lumen

1974 2534 2143 2587 vultus
2175 2535 2278 2597 tui,
2306 2533 2541 2588 Domine.
2574 2533 2690 2589 Non
2712 2533 2847 2588 dixit
2877 2576 2893 2600 ,
2924 2535 3216 2608 Apparuit;
3247 2550 3352 2590 non
3383 2536 3517 2590 dixit
3543 2578 3560 2602 ,

1973 2623 2326 2692 ReSplenduit
2355 2667 2369 2689 ,
2413 2624 2508 2680 sed
2540 2665 2556 2691 ,
2610 2625 2884 2695 Signatum
2922 2634 2994 2679 est
3022 2641 3038 2679 :
3067 2625 3168 2680 hoc
3211 2626 3513 2696 signiﬁcans
3541 2668 3560 2694 ,

1974 2717 2422 2787 quemadmodum
2449 2718 2588 2788 quod
2612 2727 2696 2772 est
2722 2719 2774 2772 in
2805 2717 2980 2772 fronte
3008 2718 3297 2788 signatum,
3328 2729 3410 2773 est
3437 2733 3558 2774 om-

1975 2808 2132 2863 nibus
2166 2807 2506 2864 manifestum
2531 2850 2546 2875 ,
2579 2823 2678 2864 nec
2709 2809 2821 2863 ﬁeri
2850 2817 3028 2878 potest
3058 2817 3115 2862 ut
3142 2807 3193 2862 id
3221 2809 3450 2877 aliquem
3479 2811 3557 2863 la-

1977 2908 2121 2966 teat,
2154 2914 2253 2954 nec
2295 2898 2483 2954 faciem
2525 2900 2643 2954 luce
2679 2900 2886 2970 plenam
2922 2909 2976 2954 et
3013 2900 3191 2955 radios
3227 2899 3560 2956 emittentem

1975 3000 2150 3061 potest
2174 2991 2292 3062 quis
2320 2990 2602 3061 ignorare:
2635 2990 2727 3054 ita,
2761 2990 2949 3061 inquit,
2979 3005 3077 3046 nec
3105 2998 3246 3045 tuam
3275 2989 3560 3062 providen-

1975 3082 2127 3137 tiam.
2149 3082 2298 3138 Sicut
2325 3082 2466 3138 enim
2497 3082 2584 3135 lux
2615 3082 2818 3152 signata
2848 3123 2863 3148 ,
2892 3081 2995 3136 hoc
3021 3089 3102 3136 est
3134 3122 3147 3146 ,
3178 3081 3228 3134 in
3271 3080 3414 3134 vultu
3457 3081 3559 3134 im-

1975 3190 2158 3244 pressa
2181 3185 2235 3230 et
2265 3175 2550 3246 insculpta,
2581 3183 2664 3230 est
2693 3174 2971 3229 manifesta
2994 3173 3273 3229 omnibus:
3301 3175 3369 3228 ita
3401 3174 3560 3228 etiam

1980 3265 2310 3336 providentia
2344 3277 2446 3321 tua:
2475 3266 2836 3338 benignitatis.
2865 3265 3063 3320 Lucem
3090 3265 3230 3320 enim
3268 3264 3355 3318 hic
3389 3265 3512 3319 dicit
3542 3306 3558 3330 ,

1975 3357 2338 3413 defensionem
2367 3399 2383 3426 ,
2422 3359 2726 3430 prtesidium
2760 3400 2776 3427 ,
2822 3359 3074 3412 auxilium
3104 3399 3118 3425 ,
3151 3357 3561 3427 providentiam.

1980 3451 2178 3505 Deinde
2205 3466 2323 3505 cum
2347 3451 2450 3505 hoc
2480 3451 2909 3521 pronuntiasset,
2947 3451 3216 3521 subjnngit
3243 3450 3401 3504 etiam
3435 3466 3560 3519 pro-

1977 3542 2270 3598 bationem.
2297 3542 2593 3608 Quamnam
2623 3543 2843 3598 autem?
2870 3541 3067 3596 Dedisti
3087 3542 3310 3597 la'titiam
3335 3543 3387 3595 in
3415 3542 3564 3596 corde

1976 3651 2106 3688 meo.
2136 3634 2420 3705 Postquam
2460 3635 2902 3690 inconsideratam
2952 3635 3295 3705 reprehendit
3325 3634 3564 3688 multitu-

1976 3727 2154 3781 dinem
2189 3768 2204 3792 ,
2235 3743 2301 3782 ex
2345 3727 2408 3782 iis
2437 3728 2525 3798 qui
2565 3729 2775 3798 sapiunt
2819 3738 2872 3783 et
2909 3730 3023 3782 sani
3068 3737 3193 3782 sunt
3233 3727 3326 3782 Dei
3369 3727 3566 3797 probat

1976 3821 2383 3890 providentiam,
2415 3830 2469 3875 et
2493 3820 2658 3876 dicit:
2697 3820 2891 3874 Dedisti
2911 3821 3136 3874 lwtitiam
3163 3821 3214 3874 in
3235 3821 3386 3874 corde
3413 3836 3561 3883 meo;

1977 3911 2078 3966 hoc
2107 3921 2188 3966 est
2207 3953 2221 3975 ,
2249 3911 2483 3966 Docuisti
2517 3927 2604 3966 me
2633 3911 2992 3981 philosophari
3025 3951 3041 3978 ,
3073 3926 3159 3965 res
3192 3926 3309 3979 quae
3333 3910 3398 3964 ad
3427 3909 3564 3964 hanc

1978 4003 2138 4056 vitam
2178 4004 2445 4072 pertinent
2473 4003 2780 4072 aspernari,
2809 4017 2870 4056 ea
2899 4003 3037 4056 scire
3058 4017 3176 4070 quze
3203 4009 3329 4055 sunt
3351 4015 3476 4054 vera
3501 4016 3563 4053 ac

1977 4095 2365 4162 permanentia,
2398 4102 2455 4146 ut
2481 4093 2618 4147 bona
2647 4109 2741 4162 spe
2766 4092 2987 4146 ducerer
3013 4090 3232 4145 effecisti
3282 4131 3297 4154 ,
3329 4089 3394 4143 ad
3423 4088 3564 4143 futu-

1978 4199 2090 4240 ram
2120 4187 2279 4238 vitam
2305 4201 2462 4239 manu
2490 4184 2706 4249 duxisti;
2730 4193 2851 4237 ante
2879 4183 3136 4237 bonorum
3166 4176 3562 4252 perceptiOnem

1977 4291 2064 4332 me
2093 4276 2145 4332 in
2174 4291 2322 4346 spem
2349 4276 2612 4331 bonorum
2641 4276 2878 4330 erexisti.
2906 4274 2995 4329 Sic
3018 4284 3162 4329 recte
3189 4275 3436 4344 loquutus
3459 4284 3562 4329 est.

2051 4366 2138 4422 10.
2171 4367 2224 4421 Si
2256 4366 2374 4438 quis
2405 4367 2548 4421 enim
2578 4367 2838 4436 pecuniae,
2881 4366 2962 4420 vel
2989 4366 3148 4420 etiam
3185 4365 3409 4435 alicujus
3448 4380 3563 4419 ma-

1978 4457 2108 4512 ximi
2152 4458 2480 4529 principatus
2510 4458 2665 4513 heres
2701 4459 2909 4513 futurus
2937 4499 2953 4526 ,
2982 4473 3085 4513 non
3121 4459 3290 4512 solum
3325 4471 3565 4528 tempore

1979 4551 2356 4620 perceptionis,
2386 4551 2483 4606 sed
2507 4553 2667 4606 etiam
2695 4561 2976 4620 antequam
3000 4567 3064 4606 ea
3089 4552 3393 4621 experiatur
3410 4592 3426 4615 ,
3453 4550 3563 4605 eri-

1977 4645 2118 4715 gitur
2146 4645 2564 4714 exspectatione,
2589 4660 2653 4700 ex
2684 4660 2780 4714 spe
2807 4661 3049 4715 magnam
3076 4645 3402 4714 voluptatem
3445 4659 3565 4712 per-

1981 4747 2142 4805 petuo
2167 4737 2404 4806 capiens,
2438 4737 2611 4807 cogita
2638 4737 2847 4807 qualem
2875 4752 2994 4791 eum
3017 4751 3136 4791 esse
3149 4745 3562 4791 consentaneum

1981 4841 2083 4896 est,
2108 4829 2198 4901 qui
2237 4823 2512 4900 exspectat
2549 4846 2774 4901 regnum
2825 4831 3006 4885 vivens
3046 4841 3102 4886 et
3140 4830 3440 4886 immortale
3466 4870 3480 4890 ,
3512 4838 3566 4883 et

1981 4924 2118 4979 bona
2147 4925 2232 4979 illa
2266 4965 2280 4988 ,
2312 4941 2431 4994 qure
2474 4939 2574 4978 nec
2615 4924 2800 4979 oculus
2829 4925 2959 4978 vidit
2989 4965 3004 4990 ,
3037 4939 3138 4979 nec
3163 4925 3305 4979 auris
3331 4923 3562 4986 audivit,

1983 5034 2082 5073 nec
2113 5018 2165 5073 in
2190 5033 2283 5074 cor
2307 5018 2537 5072 hominis
2563 5017 2920 5072 ascenderunt
2947 5019 2964 5086 (
3003 5017 3050 5071 l.
3084 5015 3202 5071 Cor.
3229 5015 3284 5070 2.
3309 5016 3344 5071 9
3368 5015 3409 5086 ).
3443 5015 3564 5070 Ideo

1982 5110 2152 5180 inquit
2179 5153 2193 5176 ,
2225 5108 2425 5164 Dedisti
2451 5109 2676 5164 laetitiam
2710 5110 2764 5163 in
2792 5109 2942 5162 corde
2979 5125 3108 5176 meo,
3154 5108 3294 5178 quod
3314 5107 3566 5162 maximas

1983 5213 2097 5256 erat
2129 5203 2496 5271 providentim,
2530 5201 2619 5256 illa
2647 5217 2839 5271 nempe
2870 5210 2995 5256 tunc
3022 5199 3320 5271 providisse
3350 5209 3401 5254 et
3426 5215 3566 5268 prae-

1985 5307 2219 5363 parasse.
2250 5292 2400 5359 Quod
2449 5292 2492 5346 si
2535 5292 2568 5346 ii
2609 5291 2698 5362 qui
2733 5300 2858 5346 sunt
2900 5293 3192 5346 crassiores
3213 5330 3229 5357 ,
3259 5291 3440 5345 carnei
3469 5332 3483 5356 ,
3512 5300 3566 5346 et

1983 5391 2140 5438 terrae
2184 5384 2327 5437 afﬁxi
2354 5426 2368 5450 ,
2416 5382 2530 5438 hmc
2561 5399 2664 5438 non
2696 5382 2972 5438 attendunt
3002 5422 3018 5446 ,
3056 5396 3163 5435 non
3187 5395 3250 5436 ex
3277 5397 3343 5436 eo
3368 5381 3456 5452 qui
3483 5391 3566 5436 est

1985 5477 2268 5546 pollicitus,
2296 5476 2386 5531 sed
2411 5493 2475 5531 ex
2516 5477 2725 5531 illorum
2762 5473 3010 5530 vecordia
3039 5473 3190 5528 turba
3218 5483 3274 5528 et
3308 5473 3564 5527 tumultus

1983 5570 2172 5624 oritur.
2198 5569 2264 5623 Et
2292 5586 2395 5623 non
2421 5569 2552 5623 dixit
2569 5567 2878 5636 simpliciter
2898 5565 3228 5628 etabsolute,
3264 5563 3458 5618 Dedisti
3477 5561 3560 5617 ιω-

1985 5661 2167 5727 titiam,
2198 5659 2314 5727 sed,
2342 5658 2408 5712 In
2434 5659 2584 5713 corde
2613 5673 2721 5712 meo
2749 5698 2764 5722 ,
2799 5654 3086 5711 ostendens
3116 5669 3223 5710 non
3246 5669 3368 5711 esse
3395 5657 3448 5709 in
3476 5666 3561 5708 ro-

278 5867 482 5939 lcgerit,
507 5867 603 5918 sed
629 5866 766 5929 ἀρκεῖ
787 5866 904 5929 πρὸς
930 5865 1182 5934 comptu.
1209 5865 1309 5917 Sed
1331 5877 1441 5915 cum
1468 5861 1620 5917 lectio
1642 5869 1811 5918 nostra
1833 5863 1900 5917 sit
1922 5866 2097 5918 eadem
2123 5867 2174 5916 in
2197 5866 2423 5919 omnibus
2443 5866 2578 5931 Mss,
2603 5866 2724 5918 nihil
2749 5871 3031 5921 mutandum
3054 5871 3354 5920 censultnus.
