4032 6284
458 376 529 430 εδ
1169 387 1228 441 S.
1267 385 1543 441 JO.\.\'.\'IS
1582 381 2054 441 CHRYSOSTOMI
2091 382 2406 438 ARCIIIEP.
2445 382 2981 439 CONSTANTINUP.
3667 384 3737 437 56

467 494 564 550 bus
589 497 1102 559 externis.‘l.etitiam,
1129 515 1224 552 nec
1252 502 1302 553 in
1326 499 1602 567 mancipiis
1624 541 1640 561 ,
1662 512 1757 552 nec
1787 498 1840 549 in
1866 510 1997 550 auro
2026 536 2040 556 .

475 607 572 643 nec
589 590 641 644 in
656 598 897 660 argento.
914 604 1021 643 non
1041 573 1093 641 in
1110 587 1488 654 vestibus,non
1501 584 1707 640 iulanta
1722 598 1928 646 mensa,
1942 601 2040 641 nec

467 680 518 733 in
544 680 790 750 potentia:
815 681 1195 752 magnitudine,
1220 696 1317 735 nec
1347 681 1397 735 in
1428 679 1618 735 aedium
1637 677 2046 747 magnificentia.

470 768 595 824 ΙΙωο
619 770 760 824 enim
779 769 956 825 laetitia
987 786 1090 826 non
1113 780 1193 826 est
1215 770 1412 834 cordis,
1431 768 1526 824 sed
1555 770 1725 825 solum
1750 768 2045 823 oculorum.

442 872 447 875 '
470 858 618 914 Multi
643 876 772 932 ergo
799 848 1005 929 eorum,
1033 863 1122 932 qui
1148 861 1261 916 haec
1282 861 1576 933 possident,
1602 861 1762 915 vitam
1795 875 1898 914 non
1928 874 2051 913 esse

404 1003 411 1015 ,
471 952 683 1006 vitalem
721 953 1044 1019 existimant,
1068 964 1117 1009 et
1143 952 1640 1024 angorisfornacem
1666 952 1717 1006 in
1742 952 1920 1007 animo
1950 950 2054 1004 cir-

404 1028 411 1045 ’
472 1042 790 1106 cumfcrunt,
808 1059 850 1097 τι
870 1059 1116 1099 curarum
1139 1043 1477 1099 multitudine
1503 1043 1767 1109 exhausti,
1796 1052 1848 1098 et
1878 1042 2054 1097 conti-

474 1135 592 1189 nuis
617 1134 896 1189 timoribus
919 1134 1179 1205 oppressi.
1212 1135 1408 1190 Verum
1437 1135 1586 1201 mihi,
1619 1135 1809 1206 inquit,
1840 1149 1945 1188 non
1973 1141 2056 1190 est

476 1226 528 1279 in
558 1225 640 1280 his
663 1225 841 1280 laetitia
864 1267 880 1293 ,
910 1226 1003 1282 sed
1038 1227 1089 1282 in
1119 1225 1280 1283 corde
1307 1226 1665 1297 intelligente,
1691 1226 1742 1280 in
1766 1233 1945 1287 mente
1970 1226 2053 1281 iu-

479 1330 754 1387 corporea.
773 1325 825 1372 ct
848 1332 913 1372 ea
952 1331 1070 1389 quae
1095 1326 1219 1372 sunt
1263 1318 1573 1386 incorporea
1602 1317 1886 1388 cogitante.
1917 1316 2059 1383 Qua-

478 1425 539 1463 rc
570 1409 612 1465 si
646 1420 696 1465 te
721 1411 989 1466 delccmnt
1016 1412 1296 1481 prtesentia
1331 1452 1345 1475 ,
1383 1419 1436 1466 et
1459 1426 1527 1467 ex
1557 1412 1621 1465 iis
1647 1410 1741 1465 Dei
1771 1410 2059 1481 providen-

478 1501 605 1554 tiam
632 1503 951 1572 cognoscis:
980 1517 1044 1556 eo
1073 1504 1241 1573 magis
1268 1517 1383 1556 eam
1408 1501 1557 1557 disce
1592 1517 1654 1557 ex
1703 1501 1926 1567 futuris,
1956 1498 2061 1571 quo

478 1600 605 1645 sunt.
634 1591 719 1645 illa
751 1593 1142 1661 przestantiora,
1176 1603 1227 1647 et
1257 1592 1608 1659 diuturniora,
1636 1600 1691 1646 et
1717 1608 1834 1662 qua:
1863 1592 2059 1647 auferri

485 1698 587 1736 non
614 1684 929 1752 possunt.'Si
956 1685 1097 1756 quod
1122 1685 1321 1740 divitiis
1341 1683 1530 1739 afllnas
1559 1694 1611 1740 et
1638 1699 1892 1755 prospere
1912 1700 2059 1753 agas,

482 1771 533 1826 id
565 1773 658 1828 tibi
681 1774 969 1843 persuadet
993 1789 1113 1831 esse
1136 1776 1227 1830 Dei
1255 1775 1663 1844 providentiam,
1698 1775 1864 1829 nmlto
1896 1776 2063 1846 magis

482 1863 536 1916 id
554 1865 643 1917 tibi
662 1865 1015 1933 persuadeant
1040 1880 1157 1935 qnzc
1182 1875 1305 1920 sunt
1331 1866 1382 1919 in
1408 1864 1541 1920 caelo
1565 1864 1780 1920 divitim.
1802 1864 1857 1919 Si
1885 1875 2063 1920 autem

484 1955 667 2010 diras:
695 1955 868 2022 Quare
891 1967 1008 2011 sunt
1043 1956 1157 2011 ha-c
1188 1958 1237 2011 in
1269 1973 1363 2026 spe
1393 1958 1489 2011 sita
1510 1999 1526 2021 ,
1556 1966 1609 2012 et
1640 1973 1743 2010 non
1773 1957 2068 2026 apparent?

489 2044 589 2099 hoc
619 2046 846 2101 dixerim
881 2089 894 2113 ,
930 2062 1028 2103 uos
1065 2047 1274 2118 quidem
1305 2048 1487 2104 fideles
1515 2063 1576 2103 ea
1621 2064 1739 2118 qntc
1769 2049 1820 2102 in
1846 2065 1940 2120 spe
1967 2049 2065 2102 sita

489 2150 610 2193 sunt
640 2181 655 2204 ,
687 2140 750 2194 iis
786 2157 904 2210 qum
933 2152 1055 2195 sunt
1085 2141 1359 2198 manifesta
1391 2182 1407 2208 ,
1438 2141 1800 2196 manifestiora
1832 2141 2064 2196 ducere:

491 2233 610 2285 talis
636 2233 775 2286 enim
807 2243 888 2287 cst
919 2234 1036 2287 fidei
1064 2234 1344 2288 certitudo.
1391 2234 1543 2301 Quod
1588 2234 1632 2288 si
1668 2249 1854 2289 rursus
1880 2233 2065 2287 dicas:

491 2324 603 2389 Qua
631 2323 698 2377 de
735 2339 891 2376 causa
926 2324 1012 2378 hic
1053 2325 1429 2379 retributiones
1458 2340 1563 2379 non
1592 2323 1921 2393 accipimus?
1947 2323 2070 2377 illud

496 2414 701 2467 dicam:
736 2415 848 2469 lls-c
877 2425 957 2468 est
994 2416 1207 2485 quidem
1253 2425 1460 2484 tempus
1498 2415 1788 2470 stadiorum
1821 2423 1874 2470 et
1902 2422 2074 2468 certa-

493 2503 722 2568 minum,
755 2505 881 2559 illud
919 2521 1047 2558 vero
1071 2521 1384 2561 coronarum
1410 2513 1461 2560 et
1493 2507 1850 2575 praemiorum.
1876 2504 1942 2559 Et
1972 2504 2073 2559 hoc

495 2608 704 2663 quoque
726 2594 818 2649 Dei
851 2607 929 2648 est
958 2594 1305 2664 providentiae
1332 2595 1552 2650 effectus
1582 2634 1600 2663 ,
1627 2595 1834 2650 labores
1860 2595 2072 2665 quidem

495 2692 547 2737 et
566 2682 788 2738 sudores
816 2685 960 2740 brevi
986 2684 1082 2739 hac
1099 2696 1149 2739 et
1173 2685 1307 2740 ﬂuxa
1326 2685 1430 2740 vita
1451 2685 1906 2751 circumscribere,
1934 2701 2042 2756 pne
2063 2716 2075 2728 -

497 2776 600 2830 mia
623 2786 796 2831 autem
823 2785 871 2832 et
906 2793 1128 2831 coronas
1155 2778 1206 2831 in
1232 2793 1401 2831 aevum
1426 2776 1723 2833 immortale
1746 2791 1809 2830 ac
1834 2791 1876 2831 St
1894 2784 2077 2831 nectu-

499 2867 567 2919 tis
621 2879 817 2938 expers
860 2869 1153 2924 extendere
1207 2869 1227 2937 (
1257 2867 1311 2921 2.
1340 2867 1472 2921 Tim.
1501 2867 1555 2923 4.
1579 2864 1657 2939 8).
1684 2867 1891 2937 Alioqui
1917 2868 2077 2922 etiam

499 2956 707 3024 quando
729 2956 879 3011 multi
901 2968 1050 3012 erant
1066 2957 1427 3012 imbecillioris
1449 2957 1631 3024 animi,
1656 2958 1922 3013 sensibilia
1944 2973 2079 3028 quo-

501 3061 604 3113 que
655 3046 766 3101 hate
811 3048 890 3101 eis
935 3049 1069 3103 bona
1106 3047 1267 3103 dedit.
1313 3048 1570 3118 Populum
1601 3050 1779 3118 itaque
1802 3048 2076 3104 Iudaicum

504 3149 598 3204 per
627 3150 742 3190 eam
776 3137 894 3192 vitae
930 3137 1149 3208 agenda:
1189 3138 1449 3193 rationem
1488 3138 1733 3194 deduxit.
1766 3139 1970 3194 Etenim
2004 3140 2082 3194 eis

502 3225 787 3282 afﬂuebant
815 3227 1011 3283 divitire
1035 3272 1050 3295 ,
1074 3228 1138 3284 ad
1164 3232 1370 3284 seniqu
1402 3243 1567 3300 usque
1592 3231 1697 3283 vita
1751 3229 2080 3300 produceba-

505 3332 609 3379 tur,
641 3322 814 3375 otuuis
843 3322 1058 3375 morbus
1089 3323 1268 3391 procul
1298 3323 1514 3387 aberat;
1545 3322 1831 3378 accedebat
1853 3323 2083 3379 hostium

501 3413 819 3477 iuternrcio,
843 3428 940 3482 pax
966 3414 1092 3477 alta,
1123 3414 1374 3484 triumphi
1401 3456 1414 3479 ,
1451 3416 1687 3470 victoriae
1719 3458 1732 3478 ,
1769 3415 1890 3470 felix
1918 3417 2081 3471 bono-

506 3518 623 3557 rum
670 3502 954 3557 libcrornm
983 3504 1266 3559 multitudo
1299 3547 1312 3569 ,
1355 3516 1405 3561 et
1436 3505 1536 3560 alia
1579 3506 1838 3576 ejusmodi
1865 3506 2087 3561 aderant

508 3593 574 3646 iis
595 3593 680 3657 qui
714 3592 821 3645 Deo
843 3593 1421 3665 pareb:int.Postqnam
1446 3604 1621 3651 autem
1651 3597 1878 3651 accessit
1905 3597 2085 3651 Domi-

509 3698 613 3737 nns
636 3693 818 3737 noster
841 3683 996 3739 Jesns
1023 3682 1265 3740 Christus
1285 3727 1299 3748 ,
1321 3687 1383 3740 in
1419 3686 1608 3741 caelum
1641 3702 1740 3742 nos
1768 3702 1963 3743 vocans
1992 3728 2008 3754 ,
2035 3696 2090 3743 et

508 3790 628 3843 qua:
652 3774 736 3828 hic
762 3785 886 3830 sunt
909 3775 1184 3842 despicere
1210 3778 1555 3845 persuadens,
1576 3779 1894 3849 illorumque
1931 3795 2086 3834 amo-

515 3881 628 3920 rem
669 3866 990 3944 imtnittens,
1019 3877 1072 3922 et
1101 3867 1259 3922 abiis
1296 3883 1414 3938 quae
1451 3867 1515 3922 ad
1561 3867 1696 3923 hanc
1735 3869 1892 3922 vitam
1927 3869 2090 3938 perti-

508 3969 640 4013 nent
668 3973 766 4013 uos
810 3958 1077 4013 abducens
1102 3976 1114 4011 :
1139 3958 1253 4015 ha-c
1278 3961 1467 4013 merito
1496 3959 1546 4013 in
1570 3971 1849 4029 angustum
1875 3967 2091 4015 contra-

516 4061 599 4102 cta
629 4059 772 4118 sunt,
796 4049 847 4103 in
879 4050 979 4103 illis
1008 4058 1182 4103 autem
1215 4050 1474 4103 universa:
1503 4049 1756 4103 suntsitm
1785 4048 2007 4117 divitia},
2036 4060 2093 4104 ut

512 4141 602 4208 qui
627 4142 735 4206 jam
764 4139 981 4210 perfecti
1008 4143 1353 4194 evaserimus.
1382 4139 1513 4194 Nam
1538 4141 1694 4196 etiam
1718 4141 1770 4194 in
1792 4142 1971 4212 pueris
1989 4183 2004 4207 ,
2031 4140 2095 4195 iis

516 4231 728 4300 quidem
759 4232 848 4301 qui
888 4241 1011 4286 sunt
1050 4231 1223 4286 adhuc
1270 4233 1425 4301 paulo
1453 4232 1685 4287 minores
1709 4273 1723 4295 ,
1757 4242 1933 4302 patres
1961 4246 2097 4300 prze-

515 4321 645 4375 bent
673 4321 953 4390 ejusmodi,
985 4325 1213 4389 calceos,
1239 4332 1434 4386 vestes,
1463 4338 1620 4378 aurea
1652 4332 1964 4378 ornamenta
1999 4364 2012 4386 ,
2042 4332 2098 4378 et

488 4411 790 4477 ,armillas:
825 4422 1101 4483 postquam
1138 4423 1313 4469 autem
1355 4415 1668 4479 creverint,
1716 4414 1820 4468 illis
1861 4414 2050 4468 ablatis
2078 4455 2093 4481 ,

522 4504 652 4558 dant
679 4504 778 4557 alia
807 4505 1030 4575 majora,
1058 4506 1196 4561 bene
1221 4506 1431 4561 dicendi
1469 4507 1522 4561 iu
1557 4514 1807 4576 suggestu
1830 4505 2052 4576 gloriam
2078 4546 2094 4572 ,

522 4596 575 4648 in
597 4595 809 4649 civitate
838 4596 1177 4666 splendorem
1204 4637 1219 4661 ,
1248 4596 1300 4650 in
1329 4596 1446 4650 aula
1478 4597 1818 4667 imperatoria
1847 4595 2096 4666 loquendi

520 4689 819 4743 libertatem
841 4729 856 4752 ,
890 4688 1227 4758 magistratus
1252 4697 1306 4742 ct
1347 4687 1672 4756 principatus
1695 4728 1710 4753 ,
1744 4701 1837 4742 eos
1867 4687 1934 4742 ab
1954 4686 2098 4741 omni

527 4779 718 4850 puerili
754 4778 1045 4833 ambitione
1090 4778 1433 4833 abducentes.
1465 4776 1542 4831 lta
1587 4779 1749 4833 etiam
1777 4779 1897 4833 fecit
1924 4778 2095 4833 Deus:

525 4885 624 4927 nos
646 4885 674 4923 a
706 4870 883 4939 parvis
905 4868 1008 4923 illis
1025 4877 1081 4924 et
1110 4868 1401 4938 puerilibus
1425 4866 1717 4934 abducens,
1743 4884 1805 4923 ea
1835 4884 1951 4939 qua:
1976 4876 2103 4923 sunt

527 4962 580 5016 in
610 4960 1052 5031 erlis-pollicitus
1097 4970 1199 5014 est.
1249 4959 1325 5015 Nc
1369 4959 1484 5015 hrec
1526 4973 1653 5031 ergo
1689 4974 1806 5030 quae
1844 4958 2013 5015 fluunt
2047 4968 2102 5015 et

527 5052 1267 5126 prmtercurnmtadmireris,
1300 5052 1384 5108 rel
1411 5059 1633 5122 appetas
1655 5094 1668 5117 ,
1699 5068 1798 5107 nec
1827 5051 1901 5106 sis
1924 5052 2102 5123 pusilli

524 5148 707 5202 animi.
734 5145 1188 5213 Quamquamnec
1215 5143 1278 5198 iis
1304 5143 1519 5212 quidem
1552 5152 1603 5197 te
1632 5143 1851 5198 omnino
1875 5158 2101 5197 vacuum

529 5237 757 5307 reliquit.
799 5235 930 5302 Quia
960 5235 1101 5287 cnim
1131 5250 1224 5288 eos
1251 5234 1341 5304 qui
1372 5249 1532 5289 carne
1571 5233 1698 5288 tecti
1733 5242 1885 5289 erant
1912 5275 1926 5298 ,
1957 5242 2010 5288 et
2050 5235 2100 5286 in

526 5343 751 5396 corpore
779 5326 1157 5393 versabantur,
1202 5343 1268 5380 ne
1302 5326 1364 5381 iis
1389 5327 1601 5397 quidem
1636 5327 1845 5397 penitus
1875 5327 2107 5398 privatos

526 5434 648 5475 esse
677 5418 972 5487 oportebat,
990 5417 1121 5472 'hiec
1145 5433 1354 5487 quoque
1378 5417 1529 5472 nobis
1557 5417 1752 5473 affatim
1783 5418 2102 5489 suppeditat.

528 5513 593 5567 Et
629 5508 750 5564 ideo
794 5509 1045 5579 propheta
1092 5525 1211 5564 cum
1239 5509 1399 5563 altam
1430 5508 1573 5563 illam
1604 5518 1658 5565 et
1685 5508 2106 5580 phil050phicam

523 5601 872 5673 providentia:
919 5602 1150 5671 speciem
1197 5602 1484 5671 agitasset,
1529 5608 1584 5656 et
1621 5600 1839 5656 dixisset
1868 5618 1881 5654 :
1910 5597 2107 5652 Dedisti

529 5694 756 5749 herilium
788 5693 837 5746 in
867 5692 1169 5757 corde-meo,
1196 5691 1466 5763 subjungit
1491 5711 1502 5746 :
1524 5692 1583 5748 '8.
1617 5692 1844 5762 Afructu
1870 5688 2110 5758 frumenti

523 5798 575 5842 et
600 5786 721 5853 vini,
738 5795 799 5839 tet
822 5784 919 5839 olei
945 5784 1021 5838 sui
1046 5781 1346 5852 muliplicati
1374 5790 1508 5838 sunt.
1537 5781 1648 5841 llos
1674 5790 1852 5840 autem
1882 5792 2003 5837 cum
2021 5779 2103 5835 di-

2147 496 2237 557 cit,
2267 510 2370 549 nou
2403 512 2618 565 parvam
2648 496 2812 566 tangit
2845 505 3049 564 partem
3076 495 3190 564 ejus
3223 493 3587 564 providettthr,
3613 508 3737 566 Qum.

2150 587 2387 641 cernitur
2434 589 2485 641 in
2529 588 2592 642 iis
2630 602 2748 657 qna:
2791 587 2892 641 sub
2938 596 3211 656 aspectum
3253 585 3469 640 cadunt.
3509 584 3741 651 Quando

2151 677 2292 732 enim
2317 678 2446 733 dicit
2473 680 2796 735 frumentum
2821 719 2837 742 ,
2880 677 3090 742 vinum,
3121 686 3169 731 et
3204 677 3409 738 oleum,
3442 688 3741 745 eorumque

2152 771 2358 841 copiam
2381 812 2396 838 ,
2423 770 2548 827 dicit
2571 781 2626 826 et
2656 771 2882 840 pluviam
2908 812 2924 833 ,
2953 778 3326 839 tempestatum
3362 768 3560 823 bonum
3589 764 3741 820 ordt.

2158 877 2301 929 nem,
2336 872 2493 918 terra:
2518 874 2857 933 conceptum,
2890 871 3098 932 partum
3129 870 3182 915 et
3204 860 3370 916 fetum
3390 900 3407 924 ,
3432 874 3611 914 aerem
3639 856 3747 912 dif-

2158 953 2335 1009 fusum
2359 994 2376 1021 ,
2405 955 2537 1011 solis
2573 969 2809 1020 cursum,
2842 955 2981 1009 luna:
3006 952 3239 1008 ambitus
3262 993 3278 1020 ,
3306 952 3584 1008 stellarum
3613 949 3748 1005 cho-

2160 1051 2607 1108 ream,a:stalem,
2625 1047 2894 1119 byemem,
2908 1054 3244 1110 autumnum,
3258 1058 3370 1111 ver,
3398 1043 3512 1114 agri
3530 1040 3747 1099 colendi

2160 1149 2328 1194 artem
2355 1179 2370 1204 ,
2397 1148 2451 1194 et
2491 1139 2965 1193 instrumentorum
3005 1136 3345 1193 commodum
3367 1176 3382 1200 ,
3409 1134 3750 1201 aliarumque

2162 1232 2353 1286 artium
2379 1247 2625 1286 examen.
2658 1230 2768 1286 Nisi
2796 1229 2913 1285 hinc
2937 1230 3078 1284 enim
3105 1229 3283 1283 omnia
3325 1227 3696 1283 concurrerint
3731 1266 3748 1289 ,

2166 1322 2278 1380 fieri
2306 1340 2409 1378 non
2439 1332 2616 1395 potest
2646 1331 2702 1377 ut
2726 1321 2928 1378 fructus
2952 1321 3290 1391 perficiantur
3308 1359 3324 1376 .
3349 1326 3404 1373 et
3429 1317 3494 1372 ad
3520 1315 3751 1371 maturi-

2168 1426 2327 1471 tatem
2356 1414 2686 1484 perveniant.
2718 1411 2943 1479 Quaudo
2969 1426 3096 1480 ergo
3125 1409 3256 1463 dicit
3283 1408 3610 1463 frumentum
3633 1447 3649 1468 ,
3669 1404 3755 1458 vi-

2167 1523 2292 1563 num
2318 1515 2371 1562 et
2398 1506 2596 1567 oleum,
2615 1503 2706 1558 dat
2727 1503 2949 1573 sapienti
2973 1502 3307 1556 occasionem
3326 1515 3393 1553 ex
3418 1507 3566 1568 parte
3580 1506 3754 1551 totum

2170 1596 2497 1668 intelligendi
2519 1638 2534 1663 ,
2561 1605 2749 1665 aperto
2778 1593 2911 1649 mari
2940 1593 3030 1650 Dei
3061 1591 3410 1662 providentia:
3434 1604 3554 1660 qua:
3581 1604 3755 1659 appa-

2167 1697 2252 1745 rct
2281 1689 2333 1742 in
2361 1686 2701 1742 sensibilibus
2730 1686 2769 1737 ¹.

2245 1780 2333 1835 Η.
2377 1778 2636 1847 Quocirca
2665 1777 2822 1831 etiam
2855 1775 3049 1830 Paulus
3088 1773 3281 1830 alicubi
3324 1772 3667 1830 concionans.
3703 1778 3762 1823 et

2172 1872 2239 1927 de
2264 1871 2379 1940 ejus
2424 1868 2753 1940 providentia
2798 1867 3086 1932 disserens,
3121 1865 3244 1920 hinc
3281 1864 3442 1919 verba
3472 1863 3644 1917 facere
3665 1876 3766 1929 ag-

2172 1963 2431 2033 greditur,
2462 1960 2643 2015 dicens
2673 1977 2687 2013 :
2720 1958 2819 2023 Qui
2857 1957 2943 2010 dat
2971 1957 3187 2027 pluvias,
3217 1965 3266 2009 et
3307 1964 3532 2025 tempora
3576 1952 3762 2023 fructi-

2175 2057 2300 2126 fera,
2333 2053 2417 2123 qui
2444 2049 2617 2122 implet
2644 2050 2944 2104 nutrimento
2970 2057 3015 2103 et
3044 2047 3220 2102 latitia
3242 2045 3397 2100 corda
3421 2053 3594 2098 nostra
3620 2042 3762 2112 (Act.

2176 2144 2409 2216 14.17).
2457 2128 2727 2210 Quoniam
2763 2152 2941 2196 autem
2988 2139 3248 2210 prepbeta
3299 2137 3430 2207 fugit
3474 2150 3593 2206 qua:
3639 2144 3767 2187 sunt

2176 2250 2591 2308 supervacanea,
2623 2231 2993 2303 przctermissis
3021 2231 3142 2286 aliis
3170 2229 3436 2291 omnibus,
3464 2225 3728 2281 fructibus
3746 2263 3765 2288 ,

2176 2328 2376 2392 baccis,
2427 2324 2714 2396 generibus
2759 2323 3076 2393 plantarum,
3129 2319 3414 2391 generibus
3458 2317 3767 2378 seminum,

2178 2419 2467 2491 generibus
2490 2417 2796 2479 herbarum,
2830 2422 3120 2486 pratorum,
3144 2411 3356 2477 ﬂorum,
3386 2409 3687 2470 hortorum,
3714 2416 3770 2461 et

2178 2523 2525 2581 quzecnmque
2553 2513 2679 2562 sunt
2705 2507 2805 2561 alia
2835 2523 2849 2560 :
2881 2520 2944 2560 ea
2981 2504 3133 2575 ponit
3172 2518 3290 2573 quae
3319 2510 3441 2557 sunt
3469 2512 3771 2569 congruen-

2182 2603 2273 2668 tia,
2319 2609 2373 2655 et
2399 2600 2465 2654 ad
2495 2600 2653 2653 vitam
2685 2607 2920 2653 nostram
2962 2595 3283 2658 necessaria,
3310 2608 3375 2649 ex
3401 2593 3486 2646 his
3513 2592 3599 2645 illa
3630 2603 3771 2660 quo-

2180 2710 2283 2763 que
2307 2691 2585 2748 manifesta
2604 2691 2823 2747 faciens.
2849 2690 2978 2757 Qua:
2996 2703 3100 2743 non
3127 2696 3331 2742 tantum
3354 2685 3444 2739 dat
3469 2682 3645 2749 nobis,
3674 2681 3770 2736 sed

2183 2803 2303 2843 cum
2337 2801 2524 2857 magna
2550 2785 2723 2855 copia,
2747 2792 2802 2839 et
2828 2783 3050 2851 singulis
3069 2780 3244 2835 annis.
3275 2776 3426 2845 Quod
3453 2777 3498 2830 si
3525 2790 3588 2830 ea
3608 2774 3772 2829 etiam

2182 2877 2497 2947 quandoque
2543 2873 2827 2937 contrahit,
2872 2878 2929 2927 et
2972 2870 3064 2925 dat
3113 2869 3346 2941 parcius,
3379 2868 3429 2921 in
3463 2880 3529 2922 eo
3554 2878 3774 2935 quoque

2185 2968 2421 3024 ostendit
2466 2981 2617 3021 suam
2660 2962 3085 3035 providentiam,
3138 2960 3423 3015 multorum
3471 2954 3774 3011 socordiam

2186 3061 2444 3122 excitans,
2472 3066 2526 3112 et
2549 3071 2642 3109 eos
2665 3056 2874 3125 erigens
2898 3051 2965 3106 ad
2996 3051 3110 3106 haec
3134 3050 3272 3105 bona
3294 3048 3364 3104 ab
3384 3048 3499 3118 ipso
3525 3044 3773 3117 petenda.

2185 3151 2278 3208 Sin
2300 3158 2477 3205 autem
2508 3147 2688 3203 dicant
2715 3146 2896 3216 aliqui,
2927 3159 3036 3199 non
3080 3158 3199 3197 esse
3226 3140 3319 3196 Dei
3346 3139 3471 3194 dare
3500 3138 3732 3209 pluviam
3757 3176 3775 3202 ,

2187 3241 2281 3297 sed
2313 3241 2571 3296 idolorum
2603 3254 2619 3293 :
2650 3251 2743 3292 eos
2786 3237 3174 3304 interrogemus
3212 3231 3475 3287 nndenam
3520 3229 3621 3285 hoc
3643 3243 3779 3283 con-

2189 3333 2389 3388 stabit?
2418 3331 2549 3398 Quia
2592 3338 2785 3400 poetae.
2834 3327 3099 3396 inquiunt,
3148 3322 3399 3378 dixerunt
3442 3320 3627 3376 Jovem
3657 3332 3782 3373 esse

2190 3425 2279 3494 qni
2305 3424 2437 3494 pluit
2461 3424 2505 3475 ³.
2538 3420 2643 3477 Sed
2672 3419 2747 3473 illi
2769 3419 2867 3488 ipsi
2886 3416 3136 3472 dixerunt
3172 3430 3295 3468 eum
3317 3428 3436 3468 esse
3455 3410 3780 3473 adulterum,

2192 3514 2519 3587 paedicouem
2541 3554 2556 3578 ,
2589 3509 2902 3581 parricidam
2924 3549 2940 3576 ,
2972 3507 3074 3562 alia
3097 3520 3309 3576 quoque
3336 3520 3441 3559 non
3469 3502 3676 3556 minora
3699 3501 3785 3556 his

2195 3605 2418 3661 crimina
2446 3603 2520 3657 illi
2544 3599 2928 3656 adscribentes.
2959 3598 3030 3653 At
3050 3612 3155 3651 non
3180 3602 3322 3658 sunt,
3349 3592 3608 3663 inquiunt,
3632 3606 3781 3646 vera.

2196 3699 2338 3769 Ergo
2363 3711 2461 3752 nec
2489 3694 2631 3765 quod
2664 3693 2829 3763 pluat.
2859 3691 2912 3747 Si
2942 3690 3043 3745 hoc
3065 3689 3209 3746 enim
3236 3686 3494 3751 admittis,
3534 3685 3623 3738 illa
3651 3698 3785 3754 quo-

2194 3806 2297 3861 que
2340 3789 2639 3859 admittere,
2663 3799 2885 3842 necesse
2925 3794 3009 3839 est
3039 3800 3052 3836 :
3082 3782 3162 3836 sin
3209 3781 3297 3835 illa
3346 3778 3539 3849 rejicis,
3586 3786 3642 3831 et
3683 3775 3787 3830 hoc

2196 3897 2407 3954 quoque
2453 3895 2575 3937 cum
2623 3879 2748 3935 illis.
2793 3877 2900 3933 Nos
2944 3877 3087 3932 enim
3135 3874 3571 3944 quotiescumque
3619 3878 3787 3926 testes

2197 3975 2499 4046 praebemus
2542 3972 2635 4027 Dei
2683 3970 2953 4041 potentite,
2998 3980 3345 4039 quascumque
3388 3964 3456 4020 ab
3491 3964 3569 4018 eis
3598 3963 3667 4016 de
3694 3962 3788 4016 illo

2201 4065 2471 4129 dicuntur,
2499 4062 2838 4132 suscipimus.
2868 4060 3098 4114 Necesse
3139 4064 3222 4111 est
3260 4070 3390 4125 ergo
3417 4064 3468 4108 te
3504 4053 3790 4109 admittere

2199 4157 2345 4210 illum
2386 4169 2601 4224 quoque
2626 4167 2747 4207 esse
2789 4150 3108 4216 adulterum,
3140 4156 3193 4202 et
3222 4147 3425 4217 reliqua
3462 4145 3641 4198 omnia
3666 4158 3790 4213 quas

2202 4246 2268 4301 de
2297 4247 2414 4317 ipso
2457 4245 2526 4301 ab
2569 4244 2672 4299 illis
2714 4243 2981 4308 dicuntur,
3026 4248 3082 4296 et
3121 4238 3246 4294 inde
3286 4236 3494 4293 discere
3519 4237 3788 4307 ejusmodi

2201 4336 2426 4391 crimina
2454 4350 2573 4391 esse
2619 4335 2775 4404 longe
2798 4350 2825 4386 a
2851 4331 3031 4387 divina
3075 4336 3337 4400 potestate
3363 4335 3589 4393 remota,
3616 4336 3670 4382 et
3697 4326 3788 4395 qui

2203 4432 2327 4487 talis
2350 4441 2434 4487 est
2477 4443 2809 4500 nequaquam
2850 4441 2970 4482 esse
2996 4424 3176 4480 deum.
3208 4422 3310 4477 Sed
3342 4420 3518 4476 fabula
3549 4420 3662 4490 ipsa
3687 4418 3789 4474 sibi

2202 4529 2483 4592 repugnat,
2511 4530 2567 4577 et
2591 4518 2921 4574 mendacium
2947 4531 2978 4570 a
2998 4515 3176 4585 seipso
3200 4511 3551 4577 convincitur,
3580 4509 3791 4565 etiamsi

2206 4614 2386 4668 nolitis
2418 4613 2517 4667 hoc
2545 4611 2848 4673 admittere,
2878 4618 2933 4663 et
2958 4615 3142 4677 poetas
3187 4616 3404 4673 prorsus
3443 4600 3609 4671 ejicit.
3636 4599 3791 4668 Quod

2203 4716 2380 4762 autem
2409 4705 2514 4760 illis
2541 4703 2725 4773 ejectis
2753 4700 2931 4755 omnia
2962 4709 3135 4753 vestra
3158 4698 3266 4751 sint
3294 4693 3549 4764 peritura,
3585 4691 3791 4746 clarum

2204 4808 2307 4853 est.
2355 4797 2595 4868 ipsorum
2645 4795 2790 4850 enim
2818 4792 3035 4847 nomina
3084 4790 3401 4841 invenerunt
3439 4783 3512 4838 illi
3540 4792 3595 4837 et
3616 4781 3795 4850 impo-

2206 4898 2448 4957 suerunt,
2479 4888 2619 4961 quod
2644 4887 2805 4943 etiam
2832 4900 2898 4939 ex
2925 4882 3116 4938 vestris
3143 4878 3359 4950 quidam
3390 4877 3522 4932 dixit
3553 4874 3792 4946 philoso-

2264 5049 2288 5080 ί
2322 5055 2459 5110 Reg,
2483 5057 2548 5097 ea:
2569 5049 2707 5106 parte
2729 5046 2876 5110 totum
2890 5033 3304 5110 subiiitelligendih
3318 5029 3660 5110 portenti:th

2486 5092 2727 5173 possimus
2746 5103 2834 5154 Dei
2858 5092 3208 5166 proridemiktm
3219 5092 3378 5155 adire,
3400 5095 3454 5144 in
3475 5092 3620 5144 rebus
3640 5092 3794 5146 sensi-

2211 5170 2382 5222 bilibus
2404 5170 2730 5222 quaerentem.

2271 5183 2382 5221 tinus
2404 5183 2730 5234 apparentem.

2271 5233 2292 5263 ⁸
2324 5232 2378 5282 In
2400 5232 2531 5282 hunc
2552 5231 2708 5279 locum
2728 5224 2949 5277 Savilium
2972 5221 3249 5285 audiamus:
3278 5232 3296 5265 t
3317 5217 3562 5285 Homerus
3575 5219 3792 5285 eam};

2210 5300 2251 5346 tu
2271 5278 2381 5355 δ’ιᾷ
2404 5278 2727 5355 .544...
2742 5300 2838 5355 per
2862 5293 3046 5355 noctem
3066 5281 3403 5355 indesinenter
3424 5278 3636 5355 planam
3665 5278 3797 5355 irrisit

2209 5344 2421 5418 (Iupiter.
2442 5344 2840 5418 'I;heocrii._'ld'yll.
2873 5347 2905 5395 4
2935 5361 2947 5396 :
2982 5357 3064 5404 ως
3093 5344 3796 5418 attegrtv‘etutjttﬁz_%

2213 5398 2566 5477 E-Eﬁi'jaipik'r'
2576 5398 2720 5464 modo
2734 5398 2966 5463 fiet-enus,
2994 5398 3135 5477 modo
3153 5398 3410 5477 pluvios-us.
3422 5398 3791 5477 e§:_‘fl139£§t

2214 5459 2303 5534 Ξιὶζ
2318 5459 2447 5527 Li;
2455 5459 2807 5538 Eluas-gs...
2824 5459 2986 5538 ἀνδάςιεέ,
3011 5476 3087 5538 οὓς
3108 5459 3255 5538 ἀνὶχωκ,
3278 5459 3797 5538 ιυίρςιςιζςιεςρξῄῃῂξπι

2213 5518 3015 5593 ἦῖἷιὲἶιῖιιὲἷῗῗέίίιιῖὧῗὸῆιῆἰὸἇε
3037 5518 3312 5593 ΔΙιοηζΰιὶιὴιές
3335 5518 3507 5593 placet.
3533 5518 3635 5593 Jain
3657 5518 3794 5593 illud,

2214 5582 2504 5653 satisan:
2529 5582 2897 5658 idinisse“...
2920 5599 3001 5658 est
3020 5589 3085 5638 dc
3109 5582 3352 5658 uene-ei
3373 5582 3528 5658 mh:
3548 5586 3645 5658 εκεῖ
3658 5590 3800 5658 5139’:

2216 5645 2451 5716 diem.
2475 5645 2553 5721 Vide
2587 5645 2870 5721 Vtati‘i'mede
2901 5652 3110 5709 dictum;
3598 5651 3800 5721 saturae

2222 5704 2613 5783 Eé'gaé'gﬁoﬁato'
2811 5723 2974 5763 tamen
3018 5704 3324 5783 pari-iddith
3335 5781 3347 5783 Α
3365 5707 3567 5783 proprie»
3591 5704 3686 5783 dici
3714 5714 3800 5753 ue-

2222 5768 2373 5845 qu‘eat
2388 5768 2534 5846 {huic
2556 5768 2710 5832 omnia
2736 5776 2902 5825 Alieno
2927 5768 3089 5823 nostro
3112 5777 3273 5822 notata
3295 5768 3591 5819 doctissime.
3616 5782 3639 5811 υ
