4032 6284
258 365 322 424 ετ
1413 356 1772 413 EXPOSITIO
1811 356 1875 410 IN

1986 357 2240 415 iALMUM
2279 361 2364 416 IV.
2833 407 2838 411 .
3007 406 3011 408 .
3484 363 3570 422 58³

270 478 386 547 phis
417 475 524 546 (α).
552 473 702 542 Quod
727 473 772 527 si
801 472 902 526 illis
933 469 1130 526 relictis
1152 468 1218 522 ad
1239 470 1521 539 allegorias
1541 467 1865 537 confugeris,

267 578 316 622 te
347 567 480 621 illttd
528 563 897 633 interrogabo,
927 561 1063 628 Quid
1110 570 1193 614 est
1231 559 1437 628 Jupiter
1465 559 1586 630 (b)?
1633 559 1725 614 Est
1767 557 1871 614 fer—

197 656 229 724 g
273 671 420 717 veus,
456 654 648 724 inquit,
679 653 993 716 substantia,
1026 659 1082 705 et
1115 665 1235 719 pars
1261 666 1379 719 qua:
1405 659 1620 720 supcrat
1648 663 1826 704 aerem
1851 689 1867 717 ,

269 760 322 803 et
369 763 533 817 quam
581 747 851 817 appellant
894 745 1170 806 aitlterem,
1203 759 1267 797 ex
1311 759 1376 796 eo
1403 742 1540 812 quod
1589 742 1792 796 ferveat
1819 749 1873 796 et

204 817 221 850 i
271 850 406 896 rat.
439 841 558 894 Non
586 851 669 894 est
714 855 844 908 ergo
870 836 1222 893 ratiocinandi
1268 852 1364 890 nec
1391 835 1726 890 discernendi
1773 851 1869 903 po-

272 942 462 988 testate
492 932 734 1002 praedita.
765 930 860 984 sed
899 943 1090 998 expers
1117 927 1336 982 rationis
1375 927 1690 981 substantia.
1719 925 1871 992 Quod

270 1027 410 1077 enim
444 1035 635 1077 natura
674 1022 816 1077 aeris
847 1036 945 1076 nec
982 1021 1242 1074 rationem
1276 1018 1486 1084 habeat,
1522 1033 1620 1073 nec
1660 1017 1874 1072 ratioci-

269 1120 570 1176 nationem.
600 1115 772 1170 cuivis
816 1123 896 1168 est
939 1122 1200 1181 apertum,
1236 1119 1284 1166 et
1329 1126 1486 1164 nemo
1529 1119 1612 1163 est
1639 1110 1726 1178 qui
1774 1109 1874 1162 hoc

270 1211 502 1274 neseiat,
535 1207 748 1263 etiamsi
780 1206 976 1269 minus,
1021 1219 1180 1273 quam
1225 1202 1381 1271 lapis,
1423 1216 1614 1256 sensus
1661 1200 1870 1254 haheat.

268 1302 451 1368 Quare
493 1300 602 1367 jam
631 1297 698 1351 de
727 1296 904 1350 medio
931 1294 1170 1348 sublatus
1196 1302 1277 1347 est
1302 1291 1528 1361 Jupiter,
1557 1300 1609 1344 et
1637 1290 1753 1360 ejus
1777 1290 1873 1343 de-

273 1394 376 1446 leta
422 1391 746 1444 substantia.
777 1385 832 1441 Si
873 1386 1014 1440 enim
1045 1401 1138 1439 aer
1186 1395 1268 1439 est
1308 1383 1515 1453 Jupiter
1540 1423 1550 1442 ,
1579 1397 1672 1435 aer
1699 1390 1874 1434 autem

272 1492 357 1538 est
404 1481 458 1535 id
491 1479 636 1550 quod
676 1480 786 1548 jam
817 1479 1067 1543 diximus,
1099 1492 1162 1532 ex
1190 1491 1257 1530 eo
1284 1491 1492 1544 quoque
1531 1472 1768 1528 interibit
1796 1472 1876 1526 fa-

278 1575 432 1629 uula.
463 1572 520 1628 Si
566 1580 744 1626 autem
790 1581 874 1625 est
899 1586 1009 1633 aer,
1043 1584 1144 1624 nec
1186 1569 1284 1622 fuit
1310 1567 1532 1636 alicujus
1563 1577 1732 1636 pater,
1778 1580 1878 1626 nec

272 1669 510 1735 aliquam
559 1665 767 1735 peperit
811 1663 1184 1724 substantiam,
1233 1660 1530 1728 cujusmodi
1571 1658 1878 1727 confingunt

273 1761 450 1817 solem
471 1797 488 1821 ,
520 1771 679 1824 quem
724 1755 884 1808 etiam
912 1761 1104 1807 vocant
1146 1752 1447 1822 Apollinem
1480 1753 1574 1820 (ε),
1606 1760 1660 1804 et
1699 1749 1879 1804 dicunt

276 1863 402 1904 esse
431 1848 552 1915 ejus
599 1847 763 1900 lilium
795 1864 808 1898 :
839 1861 937 1900 nec
975 1846 1115 1898 enim
1143 1844 1224 1898 sol
1269 1843 1426 1897 habet
1467 1843 1748 1905 rationem,
1779 1856 1878 1897 nec

277 1949 539 2001 mentem,
574 1951 671 1990 nec
696 1937 1091 2004 cogitationem,
1126 1933 1219 1988 sed
1250 1934 1418 2003 ipsum
1451 1934 1609 1988 etiam
1636 1942 1716 1986 est
1744 1947 1879 2002 opus

277 2029 544 2092 naturale,
559 2026 698 2094 quod
717 2027 889 2096 agitur
905 2037 955 2080 et
967 2024 1336 2080 circumfertur
1358 2025 1655 2094 lege,quam
1670 2025 1719 2078 ei
1738 2024 1878 2080 Deus

278 2120 331 2173 in
387 2119 649 2188 principio
701 2117 894 2187 posuit.
920 2117 1130 2186 Alioqui
1159 2132 1258 2170 nec
1283 2117 1466 2185 pluere
1515 2124 1598 2170 est
1621 2115 1836 2170 aetheris
1859 2155 1875 2180 ,

276 2208 375 2262 sed
395 2209 639 2273 nubium,
657 2224 776 2276 quae
795 2223 982 2276 aquam
1000 2207 1297 2275 suscipiunt
1314 2208 1397 2262 vel
1423 2223 1487 2262 ex
1520 2209 1673 2272 mari,
1703 2207 1785 2261 vel
1811 2221 1875 2260 ex

277 2302 432 2368 aquis
458 2317 580 2369 qua:
607 2302 676 2354 ab
704 2301 813 2354 alto
860 2315 1020 2368 super
1063 2301 1250 2355 ctelum
1283 2301 1543 2363 feruntur,
1589 2309 1644 2353 ut
1694 2299 1877 2354 dicunt

280 2391 580 2460 prophetat.
604 2391 696 2446 Sin
715 2401 890 2444 autem
915 2391 1068 2445 fidem
1094 2407 1196 2445 non
1229 2392 1389 2444 habes
1414 2390 1704 2459 prophetis,
1729 2391 1877 2460 signa

283 2494 472 2555 aperta
502 2495 556 2538 et
601 2484 879 2538 manifesta
912 2484 1230 2553 pra-bemus,
1259 2500 1376 2554 qua:
1423 2485 1652 2538 maxime
1694 2491 1878 2536 osten-

277 2578 415 2631 dunt
440 2594 534 2632 eos
563 2576 726 2632 fuisse
755 2594 784 2630 a
813 2578 922 2632 Deo
953 2577 1265 2648 inspiratos,
1295 2587 1344 2630 et
1374 2577 1502 2630 nihil
1532 2577 1685 2632 nobis
1710 2577 1882 2631 disse-

281 2671 479 2735 ruisse,
509 2669 648 2738 quod
680 2685 742 2724 ex
772 2685 830 2722 se
855 2667 1126 2733 afferrent,
1157 2668 1251 2723 sed
1293 2667 1472 2722 divina
1500 2668 1586 2722 illa
1629 2666 1798 2738 gratia
1825 2675 1879 2721 et

283 2761 654 2831 snpercaelesti
683 2762 910 2816 amatos.
945 2762 1302 2830 Qutecumque
1342 2761 1482 2814 enim
1527 2760 1593 2813 ab
1619 2761 1698 2814 eis
1739 2759 1878 2814 dica

283 2864 432 2918 sunt,
469 2854 626 2907 linem
657 2863 782 2907 sunt
806 2865 1113 2922 assequuta,
1147 2861 1200 2906 et
1228 2854 1403 2906 omnia
1434 2852 1498 2903 ad
1531 2867 1706 2904 rerum
1737 2849 1878 2904 veri-

286 2958 457 3002 tatem
504 2947 856 3009 devencrunt,
901 2962 994 3000 seu
1040 2954 1243 3010 vetera,
1290 2959 1385 2998 seu
1414 2959 1553 2997 nova
1584 2943 1714 2997 velis
1741 2941 1882 2995 acri-

287 3055 440 3109 pere.
475 3039 604 3092 Nam
652 3046 709 3091 et
735 3053 854 3106 qua}
883 3035 950 3090 tle
993 3035 1192 3090 Jutla-is
1231 3051 1259 3088 a
1290 3034 1562 3104 prophetis
1591 3033 1728 3086 dicta
1759 3042 1882 3085 sunt

284 3132 468 3186 omnia
517 3133 673 3185 linem
726 3138 1021 3199 ceperunt,
1068 3144 1295 3198 quorum
1354 3129 1512 3180 etiam
1560 3127 1732 3180 exitus
1781 3125 1883 3180 fuit

282 3222 536 3277 omnibus
567 3219 883 3274 manifestus
911 3236 924 3272 :
953 3228 1007 3274 et
1030 3235 1148 3289 quae
1168 3218 1234 3274 de
1262 3216 1472 3271 Christo
1494 3217 1543 3269 in
1571 3215 1739 3281 Novo,
1763 3231 1880 3284 quae

285 3313 521 3367 maxime
549 3311 841 3366 ostendunt
884 3310 1119 3364 divinam
1147 3324 1267 3363 esse
1313 3317 1593 3374 utramque
1636 3305 1877 3374 Scriptu-

287 3420 426 3458 ram.
459 3402 516 3458 Si
562 3413 739 3456 autem
772 3411 895 3456 sunt
922 3402 1117 3463 divina,
1165 3416 1283 3469 qua!
1327 3399 1394 3452 de
1424 3400 1534 3452 Deo
1560 3398 1611 3451 in
1653 3413 1714 3452 ea
1742 3396 1878 3451 dicta

286 3503 431 3556 sunt,
463 3509 525 3548 ea
573 3509 697 3547 vera
743 3503 868 3547 sunt
914 3493 1112 3546 omnia.
1145 3490 1221 3544 Ne
1265 3490 1444 3544 dubita
1491 3490 1644 3557 igitur
1674 3488 1740 3543 de
1791 3487 1881 3542 Dei

287 3584 646 3654 providentia,
676 3583 771 3639 sed
802 3583 916 3652 ejus
955 3599 1162 3648 curam,
1191 3596 1347 3650 quam
1375 3580 1532 3649 gerit,
1577 3579 1839 3633 admirare
1863 3620 1878 3646 ,

287 3677 430 3745 quod
461 3691 581 3730 eum
609 3679 714 3730 sint
742 3677 862 3730 boni
885 3686 938 3731 et
967 3675 1112 3739 ntali,
1134 3676 1318 3728 orbem
1347 3681 1609 3726 terrarum
1638 3682 1690 3725 et
1715 3669 1879 3725 solem

287 3768 543 3822 omnibus
576 3768 854 3838 permittit,
887 3776 939 3821 et
983 3765 1232 3820 omnibus
1262 3764 1353 3818 dat
1402 3763 1623 3833 pluvias.
1658 3761 1810 3828 Quod
1839 3759 1882 3814 si

287 3859 415 3912 sinit
446 3859 655 3927 aliquos
681 3858 875 3928 degere
902 3857 953 3910 in
984 3856 1322 3910 mendicitate
1351 3865 1404 3908 et
1433 3855 1628 3923 inopia,
1679 3852 1728 3905 id
1761 3853 1884 3906 facit

289 3958 346 4002 ut
373 3950 606 4002 animam
658 3949 864 4002 illorum
910 3948 1160 4015 corrigat,
1207 3944 1478 4014 sapientia:
1510 3943 1881 3998 studiosiorem

286 4043 522 4094 animam
556 4040 816 4094 efﬁciens.
863 4038 1022 4094 Scitis
1053 4038 1218 4102 enim,
1251 4037 1398 4091 scitis
1436 4045 1636 4105 aperte.
1676 4035 1884 4088 divitias

289 4132 507 4202 quidem
537 4132 600 4185 iis
620 4133 708 4201 qui
738 4147 841 4184 non
863 4129 1142 4184 attendunt
1165 4143 1284 4183 esse
1310 4127 1554 4180 vitiorum
1577 4125 1881 4189 mini~tras;

291 4233 658 4292 paupertatem
689 4232 865 4276 autem
907 4231 1131 4275 matrem
1185 4218 1533 4288 philosophiae
1563 4234 1575 4270 :
1607 4231 1774 4284 eaque
1797 4230 1885 4270 res

292 4315 422 4382 ipsa:
451 4313 688 4367 indicant
715 4312 972 4382 quotidie.
1014 4311 1155 4378 Quot
1185 4324 1442 4379 pauperes
1489 4316 1610 4361 sunt
1637 4305 1885 4360 divitibus

293 4394 693 4472 prudentiores,
742 4403 1016 4472 sapientia:
1058 4400 1401 4464 amantiores,
1455 4408 1507 4452 et
1548 4414 1771 4466 corpore
1800 4412 1887 4451 sa-

294 4499 512 4563 niores,
560 4513 682 4551 cum
735 4506 1020 4566 paupertas
1061 4497 1139 4548 eis
1190 4502 1240 4547 et
1285 4508 1500 4546 carnem
1551 4499 1605 4545 et
1653 4491 1884 4567 animam

292 4590 573 4660 corrigat?
602 4589 654 4644 9.
685 4589 752 4643 1η
776 4607 898 4658 pace
916 4591 968 4642 in
986 4589 1202 4658 idipsum
1223 4588 1470 4640 dormiam
1496 4595 1541 4639 et
1561 4586 1883 4655 requiescam.

295 4683 380 4737 10.
416 4681 668 4747 Quoniam
697 4690 770 4743 lu,
799 4678 1031 4741 Domine,
1057 4679 1377 4749 singulm-iter
1405 4678 1457 4730 in
1478 4693 1566 4746 spe
1589 4675 1886 4730 constituisti

293 4789 391 4824 ire.
430 4772 568 4825 Ecce
607 4770 764 4823 aliam
812 4785 916 4822 non
950 4785 1162 4838 parvam
1211 4767 1444 4837 speciem
1494 4767 1838 4835 providentia!
1867 4803 1882 4830 ,

294 4864 437 4934 quod
483 4879 616 4932 pace
663 4862 906 4916 fruantur
950 4863 1038 4930 qui
1079 4870 1202 4914 sunt
1242 4861 1348 4914 Deo
1379 4857 1613 4912 addicti:
1649 4855 1765 4909 Paa:
1805 4865 1889 4910 est

295 4957 441 5008 enim
476 4953 804 5023 diligentibus
836 4955 991 5022 legem
1021 4962 1178 5016 tuam,
1209 4961 1252 5003 et
1285 4967 1382 5003 non
1415 4959 1486 5003 est
1519 4949 1642 5018 ipsis
1670 4946 1885 5012 offendi—

295 5046 468 5098 culum
497 5044 663 5112 (Psal.
694 5045 817 5097 “8.
851 5041 996 5115 165).
1029 5042 1164 5095 Nihil
1192 5042 1330 5096 enim
1362 5055 1510 5109 atque
1539 5040 1675 5092 solet
1705 5052 1886 5108 pacem

294 5152 512 5208 parere,
543 5145 707 5206 atque
739 5137 829 5189 Dei
858 5136 1108 5204 cognitio,
1138 5144 1192 5188 et
1218 5134 1425 5187 vit-tntis
1451 5131 1740 5202 possessio,
1771 5145 1888 5198 qum

300 5228 462 5283 animi
492 5226 955 5298 perturbationum
981 5227 1244 5280 internttm
1289 5225 1487 5280 bellum
1519 5222 1676 5277 domo
1706 5220 1889 5289 procul

381 5384 435 5446 α)
465 5383 586 5432 Vide
609 5381 819 5446 Platonis
838 5379 1091 5446 Cratylum,
1116 5393 1164 5444 p.
1190 5379 1414 5446 401__sqq.

386 5438 602 5510 b’icirca
620 5445 752 5510 Jovis
774 5438 991 5492 naturain
1011 5438 1251 5510 “hiqua:
1273 5438 1484 5510 dimittas
1506 5438 1749 5498 Disqtnsrt.
1773 5447 1890 5510 prte-

299 5497 380 5556 via
397 5497 456 5556 a'd
483 5507 861 5566 antiquitatem,-
893 5517 1080 5566 paragr.
1107 5497 1202 5564 IV;
1227 5502 1437 5552 maxime
1462 5511 1580 5548 vero
1601 5497 1710 5560 qua:
1736 5511 1798 5545 ex
1821 5497 1892 5544 (2i-

298 5582 482 5620 eeroue
504 5567 756 5616 attulimus
778 5567 894 5614 ibid.
941 5621 948 5626 η

363 5632 436 5694 (c)
473 5629 704 5694 Plerique
724 5621 996 5694 Grmoorum
1040 5625 1267 5675 dicebant
1305 5621 1569 5694 Apollinem
1593 5621 1720 5694 {ovis
1740 5619 1890 5694 filium

303 5681 705 5742 esse'Solem.'At
723 5703 816 5740 non
837 5691 907 5738 sic
928 5696 1161 5736 Homerus
1178 5694 1228 5736 et
1242 5681 1419 5748 poene,
1439 5684 1520 5748 qui
1543 5681 1699 5748 Solem
1722 5681 1885 5748 distin-

302 5762 453 5811 guunt
476 5754 541 5802 ab
560 5750 796 5813 Apolline.
815 5749 868 5800 in
888 5748 1018 5801 cultu
1042 5756 1202 5799 autem
1228 5742 1418 5811 publico
1441 5742 1544 5795 lisse
1566 5745 1758 5794 numina
1781 5742 1882 5791 dis-

304 5817 672 5880 timebantur.

1975 469 2137 540 ejicit,
2181 485 2280 527 nec
2324 475 2579 542 permittit
2607 485 2662 529 ut
2699 475 2858 529 homo
2898 476 3224 546 cum'seipso
3266 475 3556 533 seditiones

1974 564 2158 632 agitet.
2200 563 2338 618 Sane
2364 565 2407 617 si
2449 563 2545 617 hae
2571 581 2701 634 pace
2729 578 2834 620 non
2876 564 3100 628 fruatur,
3128 566 3336 621 etiamsi
3363 567 3434 622 sit
3459 582 3554 620 ex-

1976 657 2238 710 trinsecus
2283 669 2490 710 summa
2543 672 2638 725 pax
2669 697 2684 722 ,
2727 657 2933 710 etiamsi
2994 658 3171 712 nullus
3219 672 3342 712 eum
3385 656 3560 712 hostis

1977 747 2210 812 invadat,
2235 758 2315 802 est
2342 749 2580 802 otnnitttn
2609 749 2694 818 qui
2727 750 2778 803 in
2807 759 2947 804 terra
2975 751 3348 820 impugnantur
3373 749 3574 804 miser—.
3612 804 3620 830 Ι

1977 853 2160 891 I‘llllllS.

2053 927 2136 982 12.
2170 928 2448 982 Swvt’ssimi
2480 929 2645 982 hostes
2670 931 2853 984 animi:
2880 931 3195 984 immoderatt'
3235 928 3445 997 affectus
3469 945 3562 984 tto-

1978 1019 2206 1073 luutatis.
2237 1018 2452 1073 Invidia:
2471 1021 2714 1074 conditio.
2740 1051 2811 1062 ——
2837 1021 3017 1092 Neque
3039 1023 3180 1077 enim
3205 1022 3439 1093 Scythae,
3463 1035 3568 1076 nec

1979 1111 2233 1176 Thraces,
2259 1128 2355 1165 nec
2379 1111 2655 1189 Sartttata‘,
2680 1129 2777 1167 nec
2807 1113 2939 1178 ludi,
2971 1129 3067 1168 nec
3095 1113 3280 1174 Mauri,
3305 1127 3406 1167 nec
3419 1127 3562 1181 (ιιιων

1977 1219 2204 1274 cumque
2231 1215 2354 1259 Sunt
2393 1205 2518 1260 ferte
2547 1214 2754 1275 gentes,
2802 1215 2909 1260 tam
2956 1215 3109 1261 atrox
3147 1205 3345 1260 bellum
3375 1217 3562 1275 gerere

1978 1296 2170 1356 solent.
2196 1311 2355 1366 quam
2385 1297 2582 1351 nefaria
2610 1298 2878 1365 cogitatio,
2907 1314 3027 1367 qua:
3058 1307 3296 1351 versatur
3322 1298 3373 1350 in
3401 1311 3560 1364 pene—

1982 1387 2202 1441 tralibus
2229 1388 2412 1451 animi,
2445 1397 2497 1441 et
2519 1389 2878 1458 intemperans
2907 1389 3090 1455 libido,
3119 1405 3269 1442 amor
3299 1389 3558 1458 pecuniae,

1981 1478 2231 1548 potentiae
2263 1478 2551 1534 vehemens
2582 1479 2939 1538 desiderium.
2968 1491 3125 1550 atque
3163 1495 3287 1550 erga
3329 1494 3415 1533 res
3459 1479 3560 1533 htt-

1981 1586 2164 1626 manas
2207 1571 2436 1626 affectio.
2487 1572 2554 1626 Et
2598 1573 2785 1626 merito
2829 1590 2842 1625 :
2885 1571 3010 1626 illud
3055 1572 3196 1626 enim
3241 1582 3322 1624 est
3366 1570 3562 1624 bellum

1981 1672 2294 1728 externum,
2342 1663 2442 1718 hoc
2486 1680 2612 1718 vero
2659 1675 2740 1717 est
2789 1665 3052 1717 internum
3099 1663 3363 1732 prtelium.
3411 1660 3563 1726 Quod

1981 1766 2159 1809 autem
2185 1771 2303 1825 qua:
2331 1756 2472 1810 intus
2515 1765 2824 1819 nascuntur,
2857 1756 2964 1808 sint
2995 1755 3056 1807 iis
3089 1769 3206 1823 qua:
3236 1752 3566 1807 extrinsecus

1981 1845 2257 1912 invadunt,
2280 1847 2546 1915 graviora,
2569 1856 2622 1900 et
2639 1846 2907 1900 interitum
2934 1845 3102 1916 magis
3125 1844 3316 1899 afferre
3337 1842 3563 1908 soleant,

1983 1935 2084 1992 hoc
2108 1938 2225 1992 licet
2257 1937 2438 1992 videre
2465 1937 2516 1990 in
2547 1937 2815 1992 omnibus.
2846 1936 3056 1990 Etenim
3089 1945 3141 1991 et
3169 1935 3294 2005 ligni
3323 1945 3565 1989 naturam

1982 2029 2199 2092 vermis,
2239 2029 2328 2099 qui
2372 2038 2526 2084 natus
2553 2039 2636 2082 est
2666 2030 2829 2096 intus,
2859 2030 3027 2098 magis
3053 2029 3381 2098 corrumpit;
3426 2028 3566 2082 vires

1983 2131 2036 2173 et
2062 2121 2339 2174 sanitatem
2370 2120 2630 2190 corporis,
2654 2120 2845 2184 morbi,
2877 2121 2963 2189 qui
2996 2119 3140 2173 intus
3170 2128 3518 2188 procreantur
3545 2160 3562 2178 .

1986 2212 2102 2281 plus
2147 2212 2366 2276 ltedunt,
2412 2226 2570 2281 quam
2625 2212 2712 2280 qui
2765 2211 3096 2270 extrinsecus
3146 2209 3470 2273 adveniunt;
3517 2217 3571 2262 et

1982 2304 2227 2356 civitates
2265 2318 2370 2356 non
2403 2312 2506 2355 tam
2561 2302 2765 2356 externi
2812 2301 3016 2366 hostes,
3045 2315 3202 2370 quam
3233 2298 3418 2353 civiles
3445 2312 3570 2367 pes-

1981 2393 2234 2448 sutndant
2261 2410 2275 2446 :
2309 2393 2377 2446 ita
2409 2394 2566 2446 etiam
2608 2394 2798 2446 anima:
2838 2408 2943 2446 non
2972 2401 3078 2445 tam
3107 2402 3343 2446 externa:
3367 2405 3486 2460 qua:
3516 2389 3568 2443 in

1984 2503 2098 2541 eam
2129 2485 2380 2539 invadunt
2411 2485 2854 2550 machinationes,
2883 2499 3042 2554 quam
3069 2498 3188 2552 quae
3210 2482 3353 2538 intus
3388 2481 3571 2535 oriun-

1985 2591 2069 2634 tur
2099 2579 2461 2650 mgritudiues,
2506 2579 2791 2648 perniciem
2841 2577 3091 2634 afferunt.
3119 2577 3222 2632 Sed
3271 2577 3314 2632 si
3359 2577 3477 2646 quis
3503 2576 3570 2629 ti-

1987 2688 2190 2726 tnoretu
2219 2671 2313 2725 Dei
2343 2671 2570 2734 habens,
2597 2670 2697 2724 hoc
2725 2670 2921 2725 bellum
2951 2669 3182 2738 perfecte
3209 2668 3494 2732 sedaverit,
3515 2675 3570 2722 et
3635 2709 3638 2712 .

1987 2748 2413 2832 perturbationes
2462 2762 2624 2815 animi
2687 2760 3081 2830 composuerit,
3128 2771 3180 2812 et
3228 2759 3402 2813 varias
3456 2759 3570 2812 illas

1985 2855 2347 2924 itnprobarum
2417 2854 2794 2923 cogitationum
2857 2850 3062 2907 belluas
3111 2848 3411 2914 squocans,
3462 2864 3566 2902 non

1983 2946 2292 3020 permiserit
2336 2955 2393 3000 ut
2441 2947 2495 2999 in
2539 2945 2706 2998 antris
2735 2944 3074 3008 delitescant,
3121 2941 3167 2996 is
3207 2939 3485 3011 purissima
3516 2949 3572 2993 et

1984 3040 2240 3094 altissima
2270 3053 2398 3108 pace
2443 3037 2666 3091 fruetur.
2702 3035 2845 3089 Hanc
2876 3047 3058 3104 pacem
3087 3033 3325 3088 Christus
3351 3031 3570 3086 veniens

1987 3132 2204 3200 largitus
2232 3139 2347 3194 est;
2397 3129 2533 3183 hanc
2576 3128 2738 3182 etiam
2768 3127 2962 3182 Paulus
3003 3134 3248 3199 precatus
3289 3133 3371 3178 est
3399 3121 3568 3176 ﬁdeli-

1986 3224 2104 3286 bus,
2134 3223 2318 3278 dicens
2347 3221 2398 3275 in
2444 3219 2666 3290 singulis
2691 3217 2932 3286 epistolis
2963 3235 2976 3270 :
3011 3215 3187 3271 Gratia
3227 3215 3363 3269 vobis
3389 3223 3433 3267 et
3464 3229 3564 3281 prta;

1985 3333 2016 3367 a
2050 3313 2153 3367 Deo
2181 3312 2334 3365 Patre
2357 3321 2546 3365 nostra.
2578 3309 2676 3376 Qui
2706 3308 2845 3362 hanc
2873 3307 3014 3361 enim
3047 3306 3206 3360 habet
3232 3319 3437 3374 pacem,
3463 3319 3566 3356 non

1985 3408 2156 3461 Solum
2188 3405 2470 3459 barbarum
2512 3411 2566 3456 et
2615 3401 2823 3455 hostem
2847 3442 2860 3463 ,
2893 3399 2987 3454 sed
3036 3415 3102 3453 ne
3149 3401 3319 3468 ipsum
3351 3397 3565 3466 quidem

1987 3499 2253 3554 diabolum
2284 3495 2581 3552 extimescit
2606 3511 2620 3560 ;
2650 3492 2742 3548 sed
2773 3493 3074 3546 universam
3103 3489 3241 3544 ridet
3264 3488 3567 3543 dannomtm

1987 3591 2326 3660 phalangem,
2367 3597 2419 3642 et
2458 3599 2541 3642 est
2590 3586 2838 3640 omnibus
2876 3583 3179 3638 hominibus
3222 3582 3465 3643 alacrior,
3511 3588 3569 3634 ttt

1987 3684 2074 3754 qtti
2107 3698 2209 3736 non
2240 3688 2550 3751 paupertate
2578 3689 2868 3749 prematur,
2901 3694 3004 3732 non
3039 3676 3228 3731 morbo
3268 3685 3320 3729 et
3345 3675 3565 3728 adversa

1989 3771 2294 3828 valetudine
2318 3779 2586 3840 gravetur,
2615 3785 2720 3824 non
2751 3770 2930 3837 aliquo
2966 3782 3149 3821 eorum
3181 3782 3297 3836 qua:
3327 3765 3568 3818 Immani-

1989 3877 2072 3921 tus
2099 3864 2370 3935 inopinato
2393 3863 2639 3918 accidunt
2664 3863 3025 3932 perturbetur,
3053 3876 3116 3916 eo
3144 3860 3281 3929 quod
3305 3859 3566 3913 valentem

1989 3969 2041 4013 et
2071 3973 2254 4011 sanam
2288 3956 2479 4010 habeat
2508 3955 2760 4020 animam,
2790 3970 2906 4022 qtae
2936 3952 3050 4006 luce
3095 3959 3273 4020 potest
3316 3949 3568 4018 prmclare

1987 4060 2041 4106 et
2083 4050 2327 4103 facillime
2357 4048 2730 4102 administrare
2770 4059 2833 4100 ac
2875 4053 3193 4112 temperare.
3222 4043 3288 4096 Et
3307 4049 3363 4093 ιιι
3389 4039 3568 4093 sciatis

1991 4141 2092 4196 hoc
2120 4155 2239 4194 esse
2263 4154 2444 4192 verum
2479 4155 2492 4189 :
2521 4139 2590 4191 sit
2615 4137 2807 4206 aliquis
2830 4135 3059 4200 invidus,
3093 4142 3146 4187 et
3175 4145 3330 4186 nemo
3358 4146 3477 4184 cum
3505 4145 3568 4190 eo

1989 4235 2185 4290 bellum
2213 4239 2396 4302 gerat;
2429 4231 2555 4301 quid
2581 4229 2767 4299 juvat?
2795 4227 2910 4296 Ipse
2938 4227 3080 4280 enim
3112 4240 3231 4278 cum
3261 4223 3435 4291 seipso
3459 4221 3570 4276 bel—

1990 4325 2098 4379 lum
2128 4323 2285 4394 gerit,
2309 4321 2497 4392 quovis
2527 4335 2655 4375 ense
2685 4316 3117 4388 penetrabiliores
3142 4315 3272 4368 inse
3297 4313 3570 4382 Cttgiltilio-

1989 4435 2086 4474 nes
2113 4433 2330 4480 acuens,
2364 4417 2417 4470 in
2445 4413 2691 4469 omnibus
2710 4427 2828 4481 qua:
2852 4409 3095 4464 videntur
3117 4407 3411 4474 offendens,
3437 4414 3491 4460 et
3515 4405 3568 4458 in

1990 4510 2212 4580 singulis
2240 4509 2325 4578 qui
2373 4514 2659 4560 occurrunt
2690 4501 2991 4556 hominibus
3029 4499 3260 4569 seipsum
3304 4496 3566 4556 saucians,

1992 4602 2042 4656 in
2091 4601 2290 4654 nullmn
2343 4597 2599 4651 benevolo
2643 4602 2696 4649 ct
2739 4600 2890 4662 grato
2933 4591 3111 4644 animo
3159 4587 3444 4658 praeditus,
3473 4583 3568 4640 sed

1991 4708 2179 4747 omnes
2210 4691 2327 4744 illos
2375 4699 2640 4757 tamquam
2690 4685 2870 4738 hostes
2901 4683 3132 4736 intuens.
3163 4682 3291 4746 Qua:
3335 4685 3416 4731 est
3443 4689 3569 4744 ergo

1993 4784 2066 4838 illi
2092 4783 2234 4853 pacis
2263 4789 2496 4836 externa:
2525 4779 2741 4840 utilitas,
2773 4774 2985 4844 quando
3028 4772 3112 4826 ille
3140 4771 3320 4826 furens
3346 4777 3397 4821 et
3425 4765 3570 4821 rabie

1993 4878 2246 4947 percitus,
2290 4882 2343 4927 ct
2379 4871 2678 4926 communis
2717 4880 2919 4922 natura:
2961 4865 3126 4918 hostis
3155 4862 3568 4922 circumcursat,

1992 4981 2196 5025 tantum
2241 4969 2504 5022 internum
2545 4964 2740 5019 bellum
2786 4973 3019 5031 gestans,
3061 4965 3116 5011 et
3163 4955 3306 5009 tnille
3350 4951 3467 5006 telis
3510 4964 3572 5004 ac

1993 5064 2196 5133 sagittis
2233 5059 2463 5123 confodi,
2510 5067 2668 5126 atque
2713 5053 2846 5109 adeo
2891 5050 3062 5120 potius
3110 5047 3301 5100 millies
3344 5050 3571 5096 mortem

1996 5157 2100 5227 pati
2127 5164 2336 5224 optans,
2366 5166 2523 5221 quam
2555 5147 2735 5202 videre
2782 5143 3082 5216 quempiam
3112 5155 3175 5192 ex
3220 5137 3304 5200 iis,
3332 5134 3420 5204 qui
3452 5142 3571 5187 sunt

1994 5245 2230 5314 ejusdem
2276 5242 2506 5313 generis,
2559 5240 2609 5292 in
2658 5237 2795 5291 bona
2848 5250 2966 5289 esse
3017 5227 3438 5286 existimatione.
3484 5229 3584 5278 aut'

1994 5335 2199 5390 felicius
2225 5332 2418 5403 agere?
2448 5332 2712 5384 Teneatur
2741 5340 2923 5381 rursus
2945 5323 3079 5378 alius
3109 5318 3343 5390 pecunia:
3369 5317 3573 5386 cupidi-

1996 5436 2121 5489 tate,
2173 5426 2444 5478 innumera
2488 5418 2646 5480 bella,
2694 5430 2929 5487 pugnas,
2975 5423 3027 5467 et
3067 5408 3351 5464 seditiones
3381 5407 3430 5461 itt
3479 5420 3574 5459 sua

1994 5517 2189 5572 confiat
2209 5517 2383 5569 anima
2411 5533 2422 5567 :
2447 5522 2501 5568 et
2518 5513 2739 5566 tumultu
2761 5525 2822 5562 ac
2844 5504 3238 5578 perturbatione
3259 5501 3573 5573 exagitatus,

1995 5626 2063 5665 ne
2093 5616 2265 5677 potest
2291 5605 2502 5670 quidem
2547 5601 2814 5672 paululum
2863 5597 3235 5668 reSpirare.At
3274 5608 3381 5647 non
3413 5591 3456 5645 is
3485 5585 3575 5658 qui

1995 5711 2078 5756 est
2119 5700 2250 5753 liber
2295 5697 2362 5750 ab
2403 5693 2662 5764 ejusmodi
2721 5687 3221 5759 perturbationibus,
3269 5683 3369 5736 hoc
3416 5677 3576 5733 modo

2003 5791 2220 5846 affectus
2251 5799 2332 5844 est
2359 5806 2372 5842 :
2400 5785 2493 5841 sed
2526 5784 2576 5838 in
2609 5781 2891 5854 tranquillo
2934 5792 3087 5850 portu
3129 5775 3299 5842 sedet,
3330 5787 3388 5828 se
3416 5767 3572 5826 studii
