3928 6276
512 363 578 421 οι
1230 348 1290 406 S.
1332 343 1619 406 JOANNIS
1656 336 2155 401 CHRYSOSTOMI
2202 337 2525 397 ARCHIEP.
2566 334 3118 396 CONSTANTINOP.
3709 328 3774 384 6'2

506 476 605 532 καὶ
629 474 762 546 ἡμῖν
794 468 1103 526 ἐπιϐάλλει·
1136 468 1324 522 ἔπειτα
1346 467 1438 520 τὸν
1464 465 1653 537 χρόνον
1691 463 1813 519 καθ’
1851 463 1910 518 δν
1941 458 2079 515 δίδο-

504 582 618 620 ται.
651 563 762 617 Kal
794 561 860 632 δὴ
902 558 1124 624 ἄτοπον,
1167 555 1433 628 διαθήκης
1472 556 1569 626 μὲν
1611 553 1910 628 χρημάτων
1952 553 2080 623 ὑμῖν

505 652 975 724 ἀπαγγελθείσης,
1026 651 1102 714 ὡς
1134 649 1500 720 προσήκοντος
1546 648 1680 716 ἡμῖν
1712 644 1805 699 τοῦ
1850 645 2079 717 κλήρου,

508 743 968 820 περιεργάζεσθαι
1009 741 1104 795 καὶ
1135 740 1610 811 πολυπραγμονεῖν
1629 778 1644 801 ,
1674 737 1768 790 καὶ
1794 736 1864 790 τὰ
1901 736 2082 809 γράμ-

510 855 658 909 ματα
683 835 976 906 ἐπιζητεῖν,
1004 833 1101 886 καὶ
1124 831 1383 904 ἀργύριον
1411 827 1790 894 καταϐάλλειν,
1821 828 1914 881 καὶ
1946 843 2081 899 χαρ-

506 934 643 997 τίοις
674 929 975 999 προσιέναι,
1011 927 1105 982 καὶ
1136 924 1489 996 ἀντιγράφειν
1520 922 1592 977 τὰ
1631 920 2077 992 ἐγγεγραμμένα,

504 1028 604 1081 καὶ
642 1027 821 1079 πᾶσαν
865 1018 1266 1075 ἐπιδείκνυσθαι
1310 1016 1573 1087 σπουδήνο
1615 1013 1850 1069 ἐνταῦθα
1883 1014 1941 1068 66
1971 1011 2078 1065 τῶν

505 1118 780 1189 διαθηκῶν
807 1112 1192 1186 πνευματικῶν
1219 1123 1244 1150 ι
1267 1111 1348 1173 εἱς
1389 1109 1551 1180 μέσον
1568 1105 1965 1179 προκειμένων,
1984 1105 2079 1159 καὶ

504 1211 617 1264 τῶν
652 1209 848 1280 βίϐλων
877 1206 1068 1261 πασῶν
1116 1201 1501 1273 ἀνεῳγμένων,
1531 1199 1796 1271 ῥᾳθυμεῖν
1829 1199 1922 1251 καὶ
1947 1197 2079 1251 ἀνα-

507 1302 878 1364 πεπτωκέναι,
911 1299 1003 1354 καὶ
1034 1296 1203 1350 ταῦτα
1244 1296 1345 1365 τῆς
1382 1293 1742 1364 κληρονομίας
1780 1292 1883 1345 οὑκ
1913 1289 2079 1362 οὑσης

507 1393 792 1463 αἰσθητῆς.
813 1390 1134 1462 Προσίωμεν
1153 1387 1354 1453 τοίνυν,
1378 1386 1470 1440 xa‘:
1495 1386 1799 1456 ἀνοίγωμεν
1818 1384 1885 1438 τὰ
1907 1401 2081 1455 γραμ-

512 1487 735 1559 ματεῖα,
767 1482 862 1536 καὶ
904 1480 1261 1550 ἐγκύπτωμεν
1289 1480 1401 1541 τοῖς
1446 1475 1913 1547 ἐγγεγραμμένοις
1933 1516 1946 1538 ,
1987 1476 2080 1530 καὶ

510 1578 707 1647 ῖδωμεν
735 1573 826 1627 ἐπὶ
855 1572 995 1625 τίσιν
1019 1572 1149 1642 ἡμῖν
1172 1572 1201 1622 6
1225 1568 1427 1640 κλῆρος
1454 1562 1604 1631 οὗτος
1636 1566 2078 1633 καταλέλειπται,

506 1669 601 1723 καὶ
626 1667 709 1730 τίς
741 1667 775 1736 ἡ
816 1663 910 1718 τοῦ
953 1662 1157 1733 κλήρου
1186 1661 1366 1731 φύσις.
1407 1661 1481 1713 οὐ
1516 1658 1624 1730 γάρ
1650 1657 1837 1723 ἁπλῶς
1870 1659 2073 1712 κατέλι-

505 1778 605 1814 πεν
639 1761 769 1831 ἡμῖν
816 1757 910 1811 τὸν
941 1756 1171 1826 κλῆρον,
1206 1752 1320 1807 ἀλλ’
1354 1753 1439 1820 ἐφ’
1484 1751 1697 1823 αἱρέσει
1731 1753 1761 1791 δ
1790 1751 1914 1804 τινί.
1946 1750 2082 1822 Ποίᾳ

506 1850 572 1922 δὴ
588 1849 759 1919 ταύτῃ
784 1864 799 1913 ;
827 1848 889 1900 '0
906 1843 1150 1914 ἀγαπῶν
1175 1860 1271 1913 με,
1285 1841 1437 1911 φησὶ,
1456 1841 1562 1906 τὰς
1579 1839 1832 1905 ἐντολάς
1841 1838 2080 1912 μου[⁴29]

508 1938 774 2007 τηρήσει.
807 1935 914 1989 Kal
943 1932 1122 1993 πάλιν,
1153 1933 1257 1996 Ὃς
1277 1933 1387 1983 οὐκ
1414 1928 1528 1997 ἄρῃ
1555 1930 1661 1981 τὸν
1688 1927 1953 1995 σταυρὸν
1972 1929 2078 1998 αὑ-

510 2025 636 2089 τοῦ,
656 2025 751 2078 καὶ
779 2017 1085 2086 ἀκολουθῇ
1113 2019 1304 2071 ὀπίσω
1330 2033 1449 2085 μου
1475 2029 1488 2043 ·
1530 2015 1621 2068 καὶ
1651 2015 1811 2085 ἕτερα
1840 2014 2080 2080 πλείονα,

509 2112 652 2182 άπερ
686 2112 750 2182 τῇ
779 2107 1022 2180 Διαθήκῃ
1066 2104 1459 2173 ἐγγέγραπται.
1486 2102 1764 2171 Μάθωμεν
1791 2101 1847 2154 δέ
1872 2101 1967 2154 καὶ
1994 2102 2083 2154 τὸν

509 2199 720 2270 χρόνον,
753 2195 876 2250 καθ’
924 2193 981 2247 6v
1027 2192 1293 2263 μέλλομεν
1345 2188 1517 2243 ταῦτα
1547 2187 1974 2258 ἀπολαμϐάνειν.
2008 2187 2081 2241 Οὑ

510 2287 618 2356 γὰρ
635 2287 664 2339 6
687 2281 877 2355 παρών
901 2282 1067 2345 ἐστιν,
1086 2279 1199 2333 ἀλλ’
1222 2281 1250 2332 6
1276 2278 1509 2349 μέλλων·
1531 2275 1729 2346 μᾶλλον
1745 2275 1910 2328 δὲκαὶ
1930 2278 1958 2330 6
1982 2293 2086 2330 πα-

513 2371 622 2446 ρὼν
651 2370 741 2425 καὶ
769 2373 797 2424 6
822 2367 1050 2440 μέλλων.
1076 2365 1319 2434 Ζητεῖτε
1343 2365 1450 2435 γὰρ
1482 2363 1596 2431 τὴν
1621 2363 1949 2428 βασιλείαν
1977 2363 2085 2417 τοῦ

513 2459 685 2522 Θεοῦ,
700 2456 1007 2512 καὶταῦτα
1030 2453 1225 2506 πάντα
1246 2449 1718 2521 προστεθήσεται
1740 2448 1880 2518 ὑμῖν
1898 2464 1912 2478 ·
1939 2449 2001 2502 16
2028 2449 2086 2503 δέ

511 2547 804 2624 ὀλόκληρον
832 2545 973 2598 τότε.
1016 2540 1234 2612 Ἐπειδὴ
1257 2540 1365 2610 γὰρ
1391 2540 1421 2592 6
1450 2538 1639 2609 παρὼν
1663 2538 1776 2608 βίος
1800 2539 2084 2610 ὲπίκηρος,

513 2634 608 2689 καὶ
627 2623 879 2688 ἀτελέστε
887 2647 978 2702 ρον
1004 2628 1084 2682 ἐτι
1104 2626 1442 2697 διακείμεθα,
1461 2627 1596 2698 ὅπερ
1622 2623 1863 2679 ποιοῦσιν
1883 2626 1932 2678 οί
1957 2624 2088 2690 ἐξω-

515 2722 608 2777 θεν
640 2718 948 2792 νομοθέται,
983 2716 1078 2770 καὶ
1120 2713 1345 2778 τελείοις
1375 2713 1687 2784 γενομένοις
1723 2712 2087 2784 ἐγχειρίζουσι

512 2809 613 2882 τὴν
648 2806 908 2879 πατρῴαν
940 2803 1163 2868 οὐσίαν,
1194 2800 1353 2855 τοῦτο
1395 2801 1491 2854 καὶ
1533 2802 1563 2855 6
1596 2800 1727 2864 Θεὸς
1771 2800 2084 2871 ἐργάζεται.

527 2896 777 2951 Ἐπειδὰν
798 2896 878 2957 είς
907 2892 1078 2964 ἄνδρα
1094 2890 1295 2944 τέλειον
1315 2890 1410 2943 καὶ
1430 2888 1627 2960 μέτρον
1650 2887 1865 2959 ἡλικίας
1892 2905 2090 2941 καταν-

513 2985 791 3056 τήσωμεν,
819 2980 915 3034 καὶ
946 2978 1083 3051 πρὸς
1113 2975 1207 3030 16v
1254 2977 1528 3047 ἀκήρατον
1564 2975 1916 3045 μεταστῶμεν
1952 2973 2086 3042 βίον,

516 3074 637 3128 τότε
668 3073 800 3143 ἡμῖν
829 3067 1123 3140 ἐγχειρίζει
1147 3066 1237 3120 τὸν
1260 3064 1457 3135 κλῆρον
1492 3063 1718 3116 ἐκεῖνον.
1751 3061 1901 3125 Τέως
1925 3061 1981 3115 δὲ
2006 3061 2089 3115 δι-

518 3160 692 3219 έθετο,
707 3160 802 3214 καὶ
820 3157 890 3211 τὰ
907 3156 1208 3227 γράμματα
1225 3154 1354 3224 ἡμῖν
1373 3149 1651 3214 κατέλιπε,
1670 3149 1765 3203 καὶ⁹
1785 3148 1906 3202 τίνα
1924 3149 2092 3220 πράτ-

517 3264 703 3311 τοντες
727 3242 1120 3314 ἐπιτευξόμεθα
1152 3241 1250 3311 τῆς
1275 3237 1634 3310 κληρονομίας
1656 3230 1827 3298 εἶπεν,
1847 3234 1989 3288 ὥστε
2016 3237 2091 3307 μὴ

523 3335 801 3396 ἐκπεσεῖν,
833 3331 966 3404 μηδέ
991 3326 1467 3399 ἀποκληρονόμους
1489 3323 1758 3393 γενέσθαι.
1793 3322 1857 3377 Εί
1884 3323 1942 3376 δέ
1970 3339 2093 3376 τινα

521 3421 738 3493 θορυϐεῖ
754 3419 816 3472 16
840 3417 1063 3489 μηδέπω
1077 3414 1311 3476 τελείους
1333 3414 1481 3484 ἡμᾶς
1501 3406 1660 3473 εἶναι,
1678 3412 1772 3464 καὶ
1797 3408 2093 3463 ὑποπτεύει

520 3509 591 3562 τὰ
633 3506 935 3579 εἰρημένα,
985 3502 1332 3556 ἀκουέτωσαν
1388 3497 1602 3552 Παύλου
1641 3497 1918 3566 λέγοντοςο
1954 3497 2094 3550 Ὅτε

519 3594 684 3664 ἥμην
702 3594 939 3661 νήπιος,
954 3591 1036 3656 ὡς
1056 3586 1272 3655 νήπιος
1294 3584 1579 3647 ἐλάλουν,
1596 3583 1678 3648 ὠς
1695 3582 1914 3649 νήπιος
1927 3582 2097 3652 ἐφρό-

518 3697 694 3744 νουν,
725 3680 805 3746 ὡς
827 3678 1041 3745 νήπιος
1063 3671 1437 3744 ἐλογιζόμην
1466 3670 1563 3725 ὅτε
1589 3669 1657 3723 δὲ
1676 3669 1892 3740 γέγονα
1916 3668 2092 3737 ἀνὴρ,

514 3766 871 3837 ,κατήργηκα
895 3764 968 3818 τὰ
993 3763 1103 3817 τοῦ
1127 3761 1348 3830 νηπίου
1368 3777 1383 3791 ·
1416 3759 1544 3830 περὶ
1580 3756 1676 3810 τοῦ
1708 3757 1972 3826 παρόντος
1999 3756 2096 3809 καὶ

521 3855 617 3909 τοῦ
650 3854 931 3926 μέλλοντος
955 3849 1149 3912 αἰῶνος
1171 3844 1579 3916 διαλεγομένου.
1615 3844 1728 3897 Kal
1752 3844 1918 3898 πάλιν
1934 3858 1951 3875 ο
1981 3844 2094 3898 Μέ-

523 3961 657 4014 χρις
699 3937 770 3998 οὗ
809 3937 1274 4006 καταντήσωμεν
1304 3937 1358 3988 ot
1389 3932 1613 3998 πάντες
1654 3934 1743 3997 είς
1773 3929 1963 3999 ἄνδρα
2005 3930 2098 3985 τέ-

513 4034 709 4095 λειον,
738 4031 826 4094 εις
844 4026 1063 4098 μέτρον
1092 4022 1350 4092 ἡλικίας.
1387 4021 1477 4074 Ἐν
1506 4020 1609 4090 μὲν
1635 4021 1745 4091 γὰρ
1765 4018 1844 4090 τῷ
1868 4019 2096 4090 παρόντί

524 4119 647 4190 βίῳ,
699 4115 852 4187 φησὶ,
906 4111 1157 4183 καθάπερ
1209 4107 1361 4180 παρά
1406 4105 1588 4178 τροφῷ
1622 4123 1759 4168 τινι,
1812 4107 1878 4178 τῇ
1921 4106 2097 4160 κτίσει

524 4204 698 4276 ταύτῃ
729 4196 1144 4271 ἁνατρεφόμεθα
1165 4213 1179 4229 ο
1225 4194 1446 4248 ἐπειδὰν
1475 4194 1532 4247 δὲ
1573 4192 1856 4264 μέλλωμεν
1890 4194 1970 4257 είς
1998 4192 2099 4265 τὴν

524 4288 851 4360 δεσποτικὴν
869 4285 1098 4355 ἄγεσθαι
1122 4284 1318 4349 οἰκίαν,
1341 4282 1409 4337 τά
1438 4281 1628 4352 ἱμάτια
1656 4279 2100 4352 ἀπαμφιεννύμεο

526 4395 608 4432 νοι
647 4377 749 4446 τῆς
799 4374 1004 4447 φθορᾶς
1024 4416 1038 4439 ,
1092 4374 1188 4426 καὶ
1240 4370 1546 4442 ἀφθαρσίαν
1594 4367 2097 4439 ἀναλαμϐάνοντες,

525 4466 664 4539 πρὸς
710 4462 905 4535 ἑτέραν
961 4459 1332 4533 μεθιπάμεθα
1372 4458 1546 4527 λῆξιν.
1588 4454 1737 4526 Αῦτη
1784 4457 1817 4527 ή
1863 4455 2097 4527 διαθήκη

524 4554 623 4610 καὶ
654 4552 996 4622 ἀποκλήρους
1025 4560 1049 4589 ο
1098 4546 1322 4609 πολλοὺς
1350 4545 1612 4615 ἠπείλησε
1650 4545 1845 4607 ποιεῖν,
1879 4542 1974 4597 ἐάν
2005 4545 2100 4598 ἀν·-

525 4640 670 4707 άξιοι
711 4639 973 4709 γένωνται
1013 4636 1121 4689 τῶν
1170 4633 1433 4703 αἱρέσεων
1464 4631 1574 4685 τῶν
1614 4629 2097 4701 ἐγγεγραμμένων.

540 4726 681 4782 Ἀλλ’
733 4725 930 4796 ἴδωμεν
970 4723 1054 4787 τίς
1095 4723 1241 4774 ἐστιν
1288 4721 1316 4773 6
1357 4718 1557 4788 κλῆρος
1591 4717 1792 4773 λοιπόν.
1840 4719 1901 4770 Ἃ
1948 4714 2102 4786 μήτε

524 4812 833 4885 ὀφθαλμὸς
867 4807 1007 4874 εἶδε,
1037 4808 1189 4879 μήτε
1216 4804 1325 4875 οὖς
1355 4805 1604 4875 ἤκουσε,
1635 4804 1784 4873 μήτε
1825 4805 1923 4858 ἐπὶ
1961 4822 2102 4872 καρ-

525 4904 668 4958 δίαν
698 4898 1013 4966 ἀνθρώπου
1044 4896 1248 4963 ἀνέϐη.
1290 4892 1412 4956 Πῶς
1446 4891 1623 4945 τοίνυν
1659 4891 1957 4962 ἐμέλλομεν
2002 4891 2102 4963 τὴν

531 4995 729 5067 χρῆσιν
751 4991 956 5047 τούτων
986 4986 1282 5059 λαμϐάνειν
1311 4987 1368 5039 ἐν
1398 4984 1476 5055 τῷ
1506 4982 1731 5054 παρόντι
1756 4981 1876 5053 βίῳ,
1908 4975 1983 5037 ὧν
2008 4983 2102 5037 καὶ

532 5084 567 5152 ἡ
598 5080 797 5151 γνῶσις
822 5075 1137 5149 ὑπερϐαίνει
1160 5073 1257 5144 τὴν
1279 5072 1515 5152 διάνοιαν
1546 5071 1642 5141 τὴν
1675 5070 1981 5141 ἡμετέρανς
2004 5069 2101 5123 Διά

528 5146 688 5223 τοῦτο
707 5168 840 5238 ἡμῖν
865 5146 980 5219 ἐκεῖ
1006 5162 1374 5233 τεταμίευται.
1397 5146 1502 5214 Kal
1530 5160 1631 5230 ὅρα
1656 5158 1756 5227 τὴν
1777 5155 2102 5228 κηδεμονίαν

529 5257 629 5326 τὴν
657 5253 877 5326 πολλήν.
912 5251 1052 5316 Τοὺς
1092 5250 1190 5321 μὲν
1232 5250 1424 5313 πόνους
1454 5249 1520 5319 τῇ
1555 5245 1802 5319 παρούσῃ
1847 5245 2104 5316 συνεκλή-

535 5359 678 5416 ρωσε
702 5341 835 5413 ζωῇ,
857 5338 997 5394 ὥστε
1018 5342 1086 5412 τῇ
1109 5337 1403 5410 βραχύτητι
1423 5336 1515 5389 τοῦ
1541 5335 1731 5407 χρόνου
1766 5332 2103 5402 συγκαταλυ-

597 5525 634 5600 ιρ
659 5524 998 5600 Πνευμοιτιῇν
1019 5521 1165 5570 deest
1203 5520 1253 5568 In
1290 5517 1441 5569 Savil.
1467 5521 1521 5566 el
1542 5514 1590 5564 in
1610 5515 1735 5580 Reg.
1767 5516 1894 5564 Inﬁ'a
1933 5515 2102 5576 iidem,

533 5587 794 5757 3375.?
810 5583 1376 5704 ξὲοἷεείιίιῖξῗιτέίσυοὶὶεε
1387 5640 1594 5690 vidimus
1614 5652 1703 5702 pro
1713 5643 1853 5704 pacm
1870 5633 2104 5688 conditio-

535 5722 783 5832 παέὺικεε.
811 5763 1246 5827 ἀποκληρονὸιωυς,
1266 5763 1442 5814 eodem
1466 5775 1633 5814 sensu.

2185 454 2341 526 θῆναι
2378 457 2442 512 16
2485 455 2781 528 ἐπίμοχθον
2800 472 2813 486 ο
2862 453 2931 507 τά
2972 452 3038 506 δὲ·
3071 448 3257 520 ἀγαθά
3303 446 3367 501 ἐν
3409 444 3493 517 τῷ
3534 443 3772 516 μέλλοντι

2184 547 2542 619 ἐταμιεύσατο
2565 546 2721 601 αἰῶνι
2743 587 2758 610 ,
2792 547 2933 599 ὥστε
2963 543 3040 615 τῷ
3070 542 3264 612 ἀγήρῳ
3304 535 3770 608 συμπαρεκτείνε-

2156 680 2159 681 ν
2186 640 2310 694 σθαι
2338 640 2437 703 τάς
2463 639 2718 711 ἀμοιϐάς.
2766 637 3014 707 Ἐκείνην
3047 633 3148 706 τὴν
3178 631 3338 701 λῆξιν
3372 630 3470 683 καὶ
3503 625 3771 698 βασιλείαν

2186 728 2356 782 καλεῖ.
2382 729 2446 781 El
2475 728 2583 799 γὰρ
2611 728 2705 781 καὶ
2729 725 3045 797 ὑπερϐαίνει
3076 722 3256 791 λόγον,
3288 718 3407 774 ἀλλ’
3449 720 3603 789 ὅμως
3638 717 3772 773 κατά

2183 819 2246 874 τὸ
2271 820 2546 891 ἐγχωροῦν
2575 822 2707 890 ἡμῖν
2736 817 2991 880 ἀκοῦσαι,
3019 813 3364 886 παρῃνίξατο
3389 809 3462 864 τὰ
3497 810 3771 874 μέλλοντα,

2182 911 2280 966 νῦν
2303 912 2420 981 μὲν,
2434 912 2570 980 ὅπερ
2584 910 2755 980 ἔφθην
2772 908 2961 968 εἰπὼν,
2979 905 3255 978 βασιλείαν
3273 903 3484 965 καλῶν,
3506 901 3600 955 νῦν
3618 901 3673 954 δέ
3688 902 3769 970 γά·

2188 1017 2307 1071 μον,
2331 1000 2424 1053 νῦν
2448 1000 2641 1072 ἀρχὴν,
2669 1000 2776 1053 ἀπὸ
2799 998 2908 1051 τῶν
2925 995 3166 1068 φαιδρῶν
3186 993 3299 1047 τῶν
3338 994 3473 1064 παρ’
3500 994 3637 1062 ἡμῖν
3665 993 3770 1045 ὀνο·

2186 1094 2372 1164 μάτων
2398 1092 2738 1164 παρανοίγων
2756 1092 2887 1161 ἡμῖν
2910 1088 3006 1147 τὴν
3030 1105 3096 1140 πε
3106 1087 3157 1158 9l
3172 1085 3405 1139 ἐκείνων
3426 1083 3657 1148 ἔννοιαν,
3681 1083 3772 1152 τὴν

2184 1185 2398 1239 αἰώνιον
2426 1184 2613 1249 δόξαν,
2637 1183 2736 1252 τὴν
2761 1184 3035 1252 ἀκήρατον
3073 1176 3483 1250 μακαριότητα,
3512 1173 3612 1245 τὴν
3641 1173 3772 1245 μετά

2182 1276 2420 1349 Χριστοῦ
2447 1276 2743 1347 διαγωγὴν,
2768 1270 2835 1346 ἦς
2860 1273 3013 1327 οὐδὲν
3041 1272 3105 1327 ἂν
3132 1272 3349 1340 γένοιτο
3374 1268 3512 1321 ἴσον.
3542 1266 3697 1333 Τίνες
3718 1266 3771 1320 66

2184 1370 2279 1424 καὶ
2306 1370 2362 1423 αἱ
2396 1367 2636 1441 αἱρέσεις
2669 1368 2767 1438 τῆς
2810 1363 3164 1435 Ἐκκλησίας,
3194 1359 3402 1432 μᾶλλον
3432 1357 3491 1411 66
3516 1356 3616 1426 τῆς
3645 1356 3768 1427 κλη-

2187 1462 2470 1536 ρονομίας;
2514 1460 2681 1514 υὺδὲν
2717 1457 2975 1530 φορτικὸν
3013 1456 3254 1527 ἔχουσαι.
3310 1453 3374 1505 Ἃ
3410 1448 3618 1504 θέλετε
3654 1447 3767 1509 ἵνα,

2186 1534 2341 1625 φησι,
2374 1551 2631 1607 ποιῶσιν
2658 1550 2799 1621 ὑμῖν
2829 1552 2884 1603 οἱ
2912 1549 3226 1617 ἅνθρωποι,
3260 1539 3459 1598 ταῦτα
3488 1539 3588 1594 καί
3611 1534 3769 1608 ὑμεῖς

2185 1644 2403 1699 ποιεῖτε
2427 1643 2649 1708 αὐτοῖς.
2675 1640 2789 1714 [30]
2812 1641 2973 1711 Ὁρᾷς
2995 1638 3110 1701 πῶς
3130 1634 3285 1690 οὑδέν
3306 1633 3463 1701 ξένον
3487 1631 3769 1700 ἐπεισήγα-

2185 1750 2303 1802 γεν,
2322 1732 2437 1785 ἀλλ’
2460 1731 2496 1786 ἃ
2519 1728 2863 1803 προλαϐοῦσα
2890 1730 2923 1798 ἠ
2954 1725 3113 1796 φύσις
3139 1721 3574 1794 ἐνομοθέτησεν;
3602 1718 3769 1788 Ἀπερ

2187 1823 2370 1888 αὐτὸς,
2387 1825 2542 1894 φησὶ,
2560 1820 2811 1892 γενέσθαι
2829 1818 3001 1880 θέλεις
3029 1814 3182 1887 παρά
3201 1813 3315 1866 τῶν
3338 1810 3572 1881 πλησίον
3593 1809 3671 1870 είς
3693 1806 3770 1867 σέ,

2186 1914 2358 1968 ταῦτα
2386 1913 2480 1966 καὶ
2505 1912 2665 1975 αὐτὸς
2686 1910 2933 1982 ἐργασαι.
2959 1906 3143 1968 Θέλεις
3163 1900 3518 1957 ἐπαινεῖσθαι
3539 1914 3554 1963 ;
3595 1895 3769 1951 Ἐπαί-

2187 2021 2287 2059 νει.
2318 2003 2504 2066 Θέλεις
2539 2003 2613 2074 μὴ
2650 1998 3026 2072 ἀρπάζεσθαι;
3063 1997 3154 2067 Μὴ
3196 1991 3443 2065 ἅρπαζε.
3476 1990 3659 2051 Θέλεις
3694 2002 3761 2040 1:-

2192 2095 2427 2167 μᾶσθαι;
2457 2095 2627 2165 Τίμα.
2658 2092 2842 2155 Θέλεις
2881 2087 3181 2153 ἐλεεῖσθαι;
3225 2084 3428 2139 Ἐλέει.
3468 2081 3652 2143 Θέλεις
3684 2095 3761 2148 φιο

2188 2190 2434 2256 λεῖσθαι;
2470 2189 2641 2242 Φίλει.
2673 2185 2856 2248 Θέλεις
2893 2182 2967 2255 μὴ
3000 2180 3217 2236 ἀκούειν
3263 2175 3493 2240 κακῶς;
3528 2170 3677 2230 Μηδέ
3706 2168 3764 2222 σὺ

2190 2280 2371 2353 εἴπῃς.
2407 2277 2513 2331 Καὶ
2550 2279 2651 2349 69a
2692 2277 2792 2344 τὴν
2836 2273 3141 2344 ἀκρίϐειαν.
3189 2268 3308 2322 Οὑκ
3351 2261 3695 2326 εἷπεν,”οσα
3710 2258 3765 2312 οὑ

2192 2351 2373 2427 θέλετε
2406 2372 2494 2425 ἴνα
2532 2369 2760 2430 ποιῶσι,
2794 2367 2930 2439 μηδέ
2962 2366 3119 2436 ὑμεῖς
3148 2363 3381 2425 ποιεῖτε,
3433 2356 3565 2425 ἀλλ’,
3596 2356 3655 2408 Ἃ
3682 2351 3766 2406 θέο

2189 2468 2347 2521 λετε.
2389 2462 2608 2533 Ἐπειδὴ
2645 2461 2757 2532 γὰρ
2783 2458 2876 2512 δύο
2904 2457 3044 2510 εἰσὶν
3077 2454 3185 2509 660l
3215 2452 3357 2524 πρὸς
3385 2447 3589 2521 ἀρετὴν
3613 2446 3765 2511 ἄγου-

2193 2573 2306 2620 σαι,
2358 2555 2455 2626 μία
2491 2552 2589 2624 μὲν
2626 2554 2659 2623 ἡ
2708 2548 2995 2618 ἀπαλλαγὴ
3027 2547 3126 2616 τῆς
3158 2544 3399 2607 κακίας,
3446 2538 3608 2608 ἑτέρα
3648 2534 3701 2588 δέ
3730 2535 3762 2605 ἡ

2192 2647 2424 2720 ἐργασία
2455 2643 2562 2697 τῶν
2602 2641 2832 2713 ἀρετῶν,
2874 2637 3077 2708 ταύτην
3111 2633 3427 2706 προτίθησι,
3462 2630 3550 2684 διὰ
3576 2626 3762 2694 ταύτης

2193 2717 2450 2806 κάκείνην
2479 2733 2644 2806 δήλην
2673 2730 2842 2785 ποιῶν
2867 2745 2882 2761 ’
2918 2728 3013 2783 καὶ
3048 2728 3144 2798 τὴν
3176 2726 3276 2798 μὲν
3305 2722 3526 2796 ᾐνίξατο
3560 2720 3636 2790 τῷ
3682 2717 3762 2769 λέ-

2192 2846 2332 2899 γειν,
2358 2826 2424 2882 ’0
2440 2830 2638 2899 μισεῖς,
2655 2823 2800 2896 ἄλλῳ
2823 2822 2897 2894 μὴ
2929 2820 3161 2891 ποιήσῃς
3182 2834 3197 2849 ·
3224 2816 3327 2888 τὴν
3354 2815 3411 2869 66
3446 2813 3629 2883 σαφῶς
3652 2810 3764 2877 ἐδή-

2192 2919 2363 2972 λωσεν
2395 2914 2585 2980 εἰπὼν,
2613 2915 2765 2969 Ὅσα
2788 2911 2990 2967 θέλετε
3011 2910 3113 2963 ἵνα
3142 2906 3402 2962 ποιῶσιν
3426 2905 3569 2976 ὑμῖν
3592 2905 3642 2956 οἱ
3667 2900 3761 2953 ἇν-

2196 3006 2534 3078 θρωποι,καὶ
2559 3004 2726 3075 ὑμεῖς
2747 3001 2966 3055 ποιεῖτε
2985 2998 3206 3064 αὐτοῖς.

2268 3098 2332 3168 β’.
2354 3097 2508 3149 Ἔστι
2530 3095 2626 3148 καὶ
2656 3092 2789 3163 άλλη
2824 3091 3054 3161 αἵρεσις.
3085 3086 3220 3140 Ποία
3255 3085 3317 3139 δέ
3343 3082 3513 3153 αὑτης
3543 3081 3616 3134 T6
3639 3080 3763 3147 ἀγα-

2197 3193 2305 3262 πᾷν
2325 3189 2418 3244 16v
2448 3184 2788 3259 πλησίον,ῶς
2818 3182 3027 3237 ἐαυτόν.
3050 3180 3116 3233 Τί
3142 3177 3335 3233 τούτου
3370 3176 3564 3247 γένοιτ’
3588 3173 3650 3228 ἂν
3681 3171 3764 3224 εὑ-

2197 3279 2528 3352 κολὼτερον;
2556 3278 2630 3331 Τὸ
2660 3276 2769 3347 γὰρ
2801 3276 2978 3347 μισεῖν
3007 3270 3240 3343 ἐπαχθὲς
3273 3270 3372 3323 καὶ
3399 3264 3656 3337 θορύϐους
3674 3263 3762 3331 69.-

2198 3372 2389 3426 ποιοῦν
2408 3389 2423 3404 ο
2458 3372 2522 3425 16
2551 3371 2608 3423 66
2635 3368 2811 3433 φιλεῖν
2842 3365 3064 3423 εὔκολον
3098 3367 3193 3417 καὶ⁸
3219 3362 3423 3433 ῥᾴδιον.
3455 3359 3563 3414 Kal
3590 3355 3693 3425 γὰρ
3718 3352 3762 3404 εί

2201 3466 2300 3536 μὲν
2319 3460 2491 3529 εἶπεν,
2506 3459 2978 3532 Ι’Δνθρωιιιιοιδντες
2990 3455 3191 3526 φιλεῖτε
3216 3453 3409 3525 θηρία,
3433 3447 3679 3504 δύσκολον
3702 3439 3763 3513 ἦν

2198 3557 2260 3611 16
2293 3555 2572 3623 ἐπίταγμα
2592 3571 2605 3585 ·
2630 3554 2679 3606 εί
2707 3551 2766 3603 δέ
2797 3549 3117 3622 ἀνθρώπους
3146 3545 3310 3608 ὄντας
3343 3540 3654 3614 ἀνθρώπους
3682 3551 3761 3604 φι-

2197 3651 2310 3704 λεῖν
2344 3648 2660 3709 ἐκέλευσεν,
2690 3643 2818 3697 ἔνθα
2847 3643 2942 3696 καὶ
2968 3639 3031 3693 16
3056 3636 3366 3710 ὁμοιούσιον
3398 3633 3491 3687 καὶ
3522 3627 3761 3695 συγγενὲς

2200 3739 2396 3812 πολλὴν
2420 3737 2659 3808 εἰσφέρει
2688 3732 2877 3804 ῥοπὴν,
2908 3731 3002 3785 καὶ
3023 3728 3174 3801 παρὰ
3196 3727 3296 3796 τῆς
3327 3725 3538 3795 φύσεως
3569 3722 3762 3812 {11:19-

2200 3803 2445 3893 αίνεσίς,
2493 3803 2652 3880 ποίαν
2692 3803 2759 3879 ἀν
2811 3803 2924 3894 ἐχοι
2962 3818 3282 3884 δυσκολίαν;
3321 3818 3498 3884 Ὅπερ
3546 3810 3636 3864 καὶ
3676 3803 3761 3858 ἐπὶ

2200 3920 2431 3974 λεόντων
2458 3917 2553 3971 καὶ
2576 3913 2757 3970 λύκων
2784 3914 2997 3982 γίνεται
3014 3926 3031 3943 ο
3057 3910 3152 3963 καὶ
3176 3907 3286 3980 γάρ
3313 3908 3409 3960 καὶ
3431 3906 3547 3958 ἐκεῖ
3561 3901 3619 3954 16
3642 3914 3761 3982 συγ⁶

2210 4010 2355 4081 γενές
2380 4009 2480 4080 τῆς
2506 4006 2720 4078 φύσεως
2751 3981 2967 4072 ἀγωγὸν
3000 4002 3080 4063 εἰς
3113 3999 3296 4068 φιλίαν
3331 3996 3465 4050 ἐστί.
3496 3992 3653 4047 Ποίαν
3676 3981 3761 4081 οὖν

2204 4075 2466 4174 σχοίημεν
2509 4075 2804 4167 ἀπολογίαν
2828 4135 2845 4163 ,
2898 4095 3118 4156 λέοντας
3159 4093 3258 4163 μὲν
3309 4086 3636 4160 ἡμεροῦντες
3676 4075 3762 4129 καὶ

2203 4197 2420 4260 ἐαυτοῖς
2454 4193 2869 4257 συνοικίζοντες,
2901 4190 2965 4244 16
2989 4189 3045 4242 66
3071 4187 3330 4258 ὁμογενὲς
3373 4183 3448 4255 μὴ
3473 4174 3767 4243 ἐπισπώμε-

2203 4307 2319 4353 νοι;
2348 4288 2460 4359 Οὑχ
2483 4287 2667 4354 ὁρᾶτε,
2697 4285 2778 4338 61:
2807 4281 2993 4337 πολλοὶ
3019 4279 3107 4334 διά
3131 4275 3495 4346 κληρονομίαν
3520 4271 3761 4340 γέροντας

2205 4380 2478 4454 περιίασιν
2512 4376 2868 4450 ἀγρεύοντες,
2922 4373 3017 4429 καὶ
3067 4371 3282 4425 πάντων
3320 4367 3426 4423 τῶν
3461 4362 3553 4418 τοῦ
3589 4360 3760 4428 γήρως

2203 4445 2489 4545 ἀνέχονται
2523 4445 2729 4534 κακῶν,
2769 4466 2880 4522 νέοι
2907 4465 3058 4526 ὅντες
3083 4462 3178 4515 καὶ
3206 4459 3558 4531 σφριγῶντες,

2204 4534 2336 4635 “ria;
2356 4564 2450 4618 καὶ
2476 4559 2585 4615 τῶν
2619 4560 2792 4614 ἄλλων
2819 4556 2928 4611 τῶν
2954 4559 3012 4611 ἐν
3041 4554 3117 4624 τῷ
3144 4555 3290 4626 γήρα
3316 4547 3647 4620 νοσημάτων,
3677 4534 3761 4635 καὶ

2206 4628 2465 4728 ίοορύξης,
2487 4651 2575 4707 διὰ
2596 4650 2689 4705 τοῦ
2711 4647 3093 4721 προσεδρεύειν
3111 4644 3375 4716 διηνεκῶς
3394 4658 3409 4704 ;
3434 4637 3617 4693 Καίτοι
3639 4628 3761 4728 χρη-

2210 4719 2356 4819 ματά
2387 4719 2534 4799 ἐστιν
2562 4744 2711 4807 ἐκεῖ,
2742 4719 2838 4794 καὶ
2867 4719 3062 4811 ἄδηλος
3102 4738 3257 4800 ἐλπίς
3278 4753 3292 4768 ⁸
3338 4729 3566 4789 ἐνταῦθα
3600 4726 3652 4819 Ῠὲ
3673 4719 3760 4819 3"?"

2208 4812 2391 4911 ρανὸς,
2415 4836 2511 4890 καὶ
2535 4834 2641 4906 πρὸ
2667 4832 2763 4886 τοῦ
2789 4828 3019 4903 ούρανοῦ
3047 4828 3109 4882 τὸ
3136 4827 3495 4899 εὐαρεστῆσαι
3518 4816 3647 4887 Θεῷ.
3673 4812 3760 4873 Τίς

2205 4908 2264 4987 66
2297 4934 2331 5003 ἡ
2383 4926 2823 5002 κληρονομοῦσα;
2893 4922 3063 4991 ’Υπὲρ
3111 4919 3223 4987 τῆς
3286 4908 3759 5003 away-099:5ch

2206 4992 2509 5093 γάρ’φησιν
2533 5020 2567 5089 ἠ
2600 4992 2915 5088 προγραφή.
2960 5013 3026 5066 Ἦ
3069 5010 3383 5079 Ἐκκλησία,
3418 5004 3510 5058 καὶ
3551 4997 3608 5052 16
3632 4992 3760 5093 πλή-

2399 5086 2569 5181 αὑτῆς
2589 5124 2601 5138 ’
2634 5086 2761 5178 περὶ
2790 5101 2857 5177 ἦς
2888 5104 3036 5172 λέγει
3061 5104 3090 5156 6
3118 5101 3329 5163 Παῦλος
3351 5116 3365 5131 ο
3402 5086 3758 5180 Ἠρμοοίὶμηῖ⁸

2206 5170 2363 5275 696i;-
2389 5203 2479 5258 ἑνὶ
2506 5170 3031 5269 ἀνδρὶίπαρθένον
3057 5191 3252 5263 ἁγνὴν
3277 5182 3648 5275 παραστῆσαι
3686 5170 3757 5235 τῷ

2210 5272 2458 5367 Χριστῷ.
2491 5293 2602 5347 Kal
2642 5294 2672 5346 6
2714 5290 2965 5359 Ἰωάννης
2987 5302 3002 5317 ⁸
3064 5286 3126 5339 '0
3163 5286 3318 5353 ἔχων
3364 5279 3477 5347 τὴν
3512 5272 3751 5367 νεύμεθηῇ

2208 5350 2467 5456 νῦμφίὸς
2497 5382 2688 5437 ἐστίν.
2733 5379 2872 5433 Ἀλλ’
2895 5350 2933 5431 δ’
2959 5377 3057 5449 μὲν
3086 5350 3316 5446 νυμέίίος
3343 5367 3477 5443 μετά
3500 5362 3597 5424 τὰς

2209 5441 2308 5542 τας
2329 5441 2566 5547 ,ἡμέρας
2604 5471 2861 5527 καταλύει
2903 5441 2972 5523 16
2995 5441 3222 5537 σφοδρδν
3252 5441 3609 5547 1066903106-
3644 5447 3671 5499 6
3702 5441 3753 5547 δέ

2503 5530 2735 5632 ννμφίος
2768 5559 2919 5629 μένει
2945 5530 3204 5629 διηνεκῶς
3233 5554 3379 5627 ἡμᾶς
3407 5530 3643 5617 ἀγαπῶν,
3670 5530 3756 5636 ista

2175 5634 2184 5645 ’
2212 5623 2496 5711 ἐπιτείνων
2519 5623 2611 5707 16v
2627 5623 2802 5707 ’πόθον
2817 5666 2831 5677 ’
2857 5651 2993 5722 ὅπερ
3018 5623 3191 5719 δηλῶν
3216 5623 3265 5700 ὁ⁷
3280 5623 3528 5708 Ἶωάννης
3546 5623 3758 5722 νυμφίτξν

2215 5748 2388 5813 καλεῖ,
2419 5748 2509 5801 ὅτε
2536 5745 2874 5816 ἀκμάζοντες
2900 5710 3154 5797 οίπόθοι.
3192 5739 3265 5795 ω
3293 5733 3380 5790 διὰ
3410 5729 3561 5787 τοῦτο
3585 5721 3639 5778 δὲ
3669 5710 3746 5787 μό·
