4032 6284
247 362 308 415 (id

250 489 395 530 mum
417 488 539 545 quae
566 472 636 528 sit
667 469 959 537 hereditas,
990 477 1045 526 et
1085 469 1130 525 si
1161 482 1224 523 ea
1254 467 1321 522 ad
1347 482 1445 523 nos
1470 483 1682 538 quoque
1723 481 1846 537 per-

249 568 411 622 tinet:
430 565 622 620 deinde
645 573 855 634 tempus
873 576 976 632 quo
993 560 1170 617 datur.
1194 559 1288 613 Est
1308 558 1449 614 enim
1472 558 1785 621 absurdum,
1799 557 1844 612 si

247 661 518 714 deferatur
533 657 749 725 quidem
777 655 932 709 nobis
955 669 1020 708 ex
1051 658 1369 706 testamento
1398 650 1683 715 hereditas,
1708 659 1844 703 tam-

247 767 402 821 quam
433 765 554 820 quae
581 748 650 802 ad
684 762 783 801 nos
810 747 1090 814 pertineat,
1116 744 1182 798 de
1209 759 1272 797 ea
1295 759 1414 797 esse
1440 742 1717 806 sollicitos,
1749 757 1846 795 cu-

247 846 386 897 riose
429 842 706 910 indagare,
737 838 934 906 scripta
967 836 1256 905 inquirere,
1293 834 1570 903 pecuniam
1612 833 1842 896 solvere,

247 933 308 986 ad
341 933 552 986 tabulas
581 930 862 994 accedere,
889 940 942 982 et
967 942 1087 997 qua:
1132 926 1183 979 in
1233 926 1296 979 iis
1341 925 1535 992 scripta
1579 932 1705 976 sunt
1748 937 1844 976 ex-

246 1028 505 1091 scribere,
528 1037 856 1092 omnemqne
877 1021 1130 1074 adhibere
1158 1018 1484 1088 diligentiam
1507 1034 1519 1068 :
1555 1017 1640 1070 hic
1669 1025 1845 1070 autem

247 1118 524 1190 productis
579 1118 632 1171 in
685 1116 921 1170 medium
952 1113 1347 1183 spiritualibus‘
1392 1111 1744 1174 testamentis,
1794 1119 1849 1164 et

247 1212 499 1264 omnibus
518 1209 672 1263 libris
693 1207 914 1277 apertis,
937 1219 1058 1260 esse
1077 1204 1357 1259 socordem
1383 1217 1447 1256 ac
1469 1202 1845 1272 negligentem,

247 1307 404 1375 idque
430 1321 556 1359 eum
599 1318 706 1357 non
750 1302 823 1355 sit
852 1298 1121 1354 sensibilis
1181 1295 1470 1351 hereditas.
1513 1293 1849 1348 Aceedamus

247 1411 394 1467 ergo,
428 1395 737 1464 aperiamus
785 1391 990 1445 tabulas
1017 1396 1073 1443 et
1113 1387 1179 1441 iis
1204 1402 1324 1457 quae
1367 1385 1564 1454 scripta
1606 1391 1731 1437 sunt
1760 1383 1846 1435 in-

246 1491 590 1553 cmnbamus,
620 1485 1004 1552 videamusque
1046 1481 1360 1551 quibusnam
1406 1477 1474 1532 de
1520 1476 1697 1531 causis
1737 1476 1849 1528 haec

247 1582 400 1636 nobis
431 1580 620 1634 relicta
650 1578 719 1632 sit
743 1574 1048 1640 Itaereditas,
1071 1583 1122 1628 et
1151 1587 1270 1641 quae
1299 1571 1367 1625 sit
1402 1578 1588 1624 natura
1621 1567 1848 1620 haeredi«

249 1676 390 1728 tatis.
438 1672 555 1726 Non
588 1671 729 1725 enim
777 1668 992 1736 reliquit
1031 1665 1185 1720 nobis
1241 1663 1592 1718 hereditatem
1644 1679 1770 1734 pure
1797 1672 1852 1718 et

250 1765 521 1828 absolute,
555 1761 649 1816 sed
680 1758 783 1814 sub
811 1758 1037 1828 quadam
1076 1755 1403 1811 conditione.
1449 1754 1704 1822 Quaenam
1755 1770 1850 1808 au-

249 1867 354 1911 tem
377 1872 440 1909 ea
479 1854 602 1909 est?
634 1853 737 1919 Qui
765 1868 846 1904 me
871 1851 1054 1918 diligit,
1098 1849 1286 1918 inquit,
1315 1856 1566 1917 prterepta
1595 1863 1702 1900 mea
1739 1862 1848 1900 ser-

249 1948 379 2001 vabit
407 1945 592 2017 (Joan.
635 1944 724 1998 H.
752 1942 868 2010 25).
903 1941 966 1995 Ει
991 1953 1193 2000 rursus,
1227 1938 1328 2004 Qui
1357 1954 1455 1990 non
1495 1938 1625 1990 tollit
1653 1953 1852 1989 crucem

249 2055 416 2102 suam,
455 2047 501 2090 et
531 2038 754 2105 sequitur
789 2049 868 2086 me
901 2032 1110 2103 (Matth.
1147 2031 1231 2084 10.
1267 2028 1393 2100 55);
1426 2038 1479 2083 et
1524 2029 1677 2098 plura
1724 2029 1847 2094 alia,

251 2145 368 2199 qua:
403 2130 455 2181 in
481 2133 803 2180 testamento
824 2125 1019 2191 scripta
1051 2130 1196 2176 sunt.
1230 2121 1507 2174 Discamns
1529 2121 1686 2173 ctiam
1720 2127 1852 2173 tem-

255 2236 354 2290 pus
373 2234 485 2288 quo
508 2233 624 2270 eam
652 2230 840 2270 sumus
861 2214 1148 2282 accepturi.
1167 2211 1284 2266 Non
1312 2220 1394 2265 est
1419 2211 1560 2264 enim
1593 2224 1848 2278 pnesens,

253 2312 345 2366 sed
376 2313 551 2364 futura
577 2327 595 2374 ;
642 2308 729 2361 vel
760 2307 936 2376 potius
960 2313 1013 2359 et
1044 2319 1280 2372 prmsens
1306 2315 1360 2356 et
1398 2301 1596 2356 futura.
1634 2299 1856 2366 Quaerite

253 2405 396 2458 enim
425 2417 637 2471 regnum
667 2397 784 2462 Dei,
808 2408 855 2450 et
877 2398 981 2450 hazc
1012 2395 1181 2449 omnia
1209 2394 1515 2462 adjiciantur
1543 2391 1677 2445 vobis
1699 2391 1849 2460 (Luc.

255 2496 343 2550 12.
372 2493 466 2564 3|)
494 2512 503 2544 :
534 2502 662 2546 tunc
686 2500 866 2544 autem
893 2487 1121 2558 perfecta
1149 2494 1203 2540 et
1229 2487 1431 2555 integra
1461 2484 1672 2539 dabitur
1701 2483 1854 2536 bere-

254 2589 414 2642 ditas.
436 2587 699 2654 Quoniam
723 2583 868 2637 enini
892 2596 1130 2652 praesens
1152 2580 1254 2633 vita
1280 2589 1360 2634 est
1384 2581 1583 2632 incerta
1612 2585 1666 2632 et
1691 2578 1854 2630 insta-

257 2681 399 2743 bilis,
431 2689 488 2732 et
533 2691 719 2731 sumus
764 2673 938 2728 adhuc
984 2670 1436 2742 imperfectiorcs:
1467 2669 1607 2739 quod
1650 2666 1854 2722 externi

258 2771 463 2826 faciunt
483 2769 842 2839 legislatores,
861 2775 917 2819 ut
946 2764 1010 2818 iis
1034 2765 1122 2834 qui
1152 2763 1218 2817 ad
1248 2763 1457 2832 plenam
1479 2775 1544 2814 ac
1566 2758 1852 2828 perfectam

256 2874 475 2920 aetatem
506 2860 851 2932 pervenerint
876 2867 1096 2928 paterna
1138 2858 1274 2911 bona
1304 2854 1537 2919 tradant,
1571 2854 1670 2908 hoc
1694 2853 1854 2907 etiam

258 2957 382 3011 facit
410 2956 566 3009 Deus.
597 2953 887 3022 Postquam
915 2952 966 3003 in
997 2949 1164 3003 virum
1208 2946 1520 3018 perfer-tum,
1555 2946 1605 2999 in
1637 2961 1854 2999 mensu-

259 3063 374 3102 ram
401 3045 574 3099 a-tatis
599 3042 1017 3106 occurrerimus,
1044 3049 1097 3094 et
1126 3040 1191 3092 ad
1239 3040 1400 3091 vitam
1447 3038 1515 3091 ab
1545 3037 1690 3090 omni
1722 3036 1858 3090 inte-

257 3141 366 3194 ritu
411 3139 642 3190 alienam
692 3133 1085 3196 transierimus,
1131 3143 1255 3185 tunc
1303 3131 1446 3184 illam
1496 3127 1650 3182 nobis
1698 3128 1859 3182 tradit

260 3231 638 3287 hereditatem.
663 3226 873 3281 Interea
898 3234 1072 3278 autent
1105 3233 1326 3277 testatus
1347 3231 1448 3284 est,
1473 3230 1526 3275 et
1555 3221 1859 3289 Scripturas

261 3327 416 3381 nobis
448 3325 684 3393 reliquit,
709 3338 772 3376 ac
803 3322 932 3375 dixit
963 3334 1205 3390 quasnam
1238 3317 1492 3371 facientes
1515 3329 1861 3385 assequemur

265 3417 641 3479 hereditatem,
677 3427 734 3468 ut
763 3414 830 3467 ab
851 3429 909 3466 ea
938 3428 1044 3466 non
1075 3409 1403 3474 exeidamus,
1435 3423 1608 3478 neque
1636 3408 1862 3461 exhere-

263 3509 360 3562 des
399 3507 717 3562 efﬁciamur.
765 3503 915 3570 Quod
965 3503 1008 3556 si
1055 3501 1435 3572 perturbentur
1479 3499 1670 3568 aliqui,
1718 3495 1859 3567 quod

265 3598 502 3654 nomimn
533 3599 702 3651 simus
732 3596 970 3666 perfecti,
995 3603 1050 3647 et
1078 3602 1324 3662 suspecta
1350 3592 1428 3645 eis
1450 3591 1556 3645 sint
1582 3606 1700 3659 quae
1721 3589 1860 3642 dicta

265 3702 413 3751 sunt,
446 3689 665 3741 audiant
696 3687 916 3741 Paulum
947 3684 1210 3738 dicentem
1242 3699 1255 3734 :
1302 3681 1518 3747 Quando
1566 3697 1703 3733 erant
1743 3696 1864 3748 par-

265 3781 433 3841 vulus,
462 3779 698 3848 loquebar
733 3786 784 3829 ut
819 3776 1079 3846 parvulus,
1113 3773 1366 3844 sapiebattt
1409 3780 1461 3824 ut
1491 3771 1751 3841 parvulus,
1780 3786 1864 3823 co-

267 3873 490 3942 gitabam
529 3882 579 3922 ut
617 3868 854 3938 parvulus
887 3882 905 3920 :
942 3865 1145 3936 quando
1193 3873 1359 3917 autent
1403 3864 1565 3932 factus
1609 3879 1721 3916 sunt
1764 3863 1861 3928 vir,

268 3965 503 4018 evacuavi
525 3979 638 4032 qua:
664 3970 806 4015 erant
838 3961 1035 4028 parvuli
1063 3960 1140 4030 (1.
1169 3958 1286 4012 Cor.
1321 3957 1405 4011 l5.
1441 3957 1560 4028 ll);
1599 3956 1865 4025 loquendo

270 4054 338 4108 dc
361 4052 611 4122 put-senti
638 4062 691 4105 ct
711 4051 776 4104 de
799 4048 977 4103 futuro
1008 4049 1224 4102 swculo.
1249 4046 1314 4101 Et
1332 4061 1516 4100 rursus
1540 4063 1552 4100 :
1580 4045 1750 4098 Donec
1777 4061 1864 4098 oc-

270 4145 578 4200 curret-intus
631 4159 802 4196 omnes
841 4142 893 4194 in
923 4142 1087 4194 virum
1135 4139 1432 4208 perfectum,
1477 4139 1532 4191 in
1580 4153 1866 4190 mensuram

275 4240 437 4291 etatis
481 4235 697 4308 (Ephes.
727 4237 779 4290 4.
816 4233 924 4305 13).
959 4233 1011 4287 1η
1054 4234 1158 4287 vita
1189 4234 1330 4287 enim
1376 4231 1645 4300 praesenti,
1675 4229 1861 4299 inquit,

274 4333 435 4386 veluti
463 4329 602 4398 apud
629 4330 889 4382 nutricem
917 4324 1225 4395 quamdam,
1245 4331 1495 4379 creatura
1515 4321 1615 4376 hac
1635 4322 1826 4375 alimur
1849 4338 1863 4376 :

273 4422 488 4492 quando
516 4428 694 4472 autem
725 4419 775 4470 iit
813 4416 1031 4470 domum
1079 4415 1282 4469 Domini
1315 4414 1868 4477 deducemur,exuen-

277 4527 356 4570 tes
381 4525 563 4569 vestes
591 4509 970 4579 corruptionis,
1004 4518 1056 4562 et
1083 4514 1415 4561 assumentes
1458 4502 1872 4573 incorruptibili-

276 4619 463 4671 tatem,
491 4605 559 4659 ad
586 4604 744 4658 aliam
795 4603 916 4655 vita:
941 4600 1301 4656 conditionem
1331 4607 1456 4652 tunc
1505 4597 1869 4651 traducemur.

276 4698 390 4754 Hoc
435 4706 817 4751 testamentum
869 4693 1064 4747 multos
1108 4691 1269 4746 etiam
1321 4689 1616 4744 exheredes
1665 4689 1873 4742 futuros

277 4794 542 4844 minatum
573 4797 675 4852 est,
707 4787 752 4842 si
783 4784 1174 4839 Cotiditionibus
1220 4782 1271 4836 in
1302 4797 1366 4835 eo
1411 4781 1624 4850 scriptis
1674 4777 1872 4847 indigni
1902 4851 1911 4857 _

277 4885 497 4938 fuerint.
525 4882 630 4934 Sed
656 4879 931 4933 videamus
972 4878 1224 4945 deinceps
1267 4890 1510 4944 quzenatn
1547 4872 1614 4927 sit
1657 4872 1873 4927 heredi-

234 4945 264 5100 ὶ
289 4991 379 5030 .as.
419 4973 548 5039 Qua:
575 4988 667 5025 nec
697 4971 872 5023 oculus
898 4969 1037 5030 vidit,
1068 4984 1156 5021 nec
1186 4967 1325 5020 auris
1354 4964 1564 5027 audivit,
1593 4980 1682 5017 nec
1703 4964 1757 5016 in
1788 4978 1875 5015 car

283 5067 501 5100 Ιυηηὸηἶο
538 5064 865 5100 annon/larunt
907 5061 952 5100 (Ι
1012 5058 1110 5100 (την
1155 5059 1208 5100 9.,
1242 5060 1313 5100 gn.
1347 5057 1623 5100 {ltinmndn
1666 5071 1792 5100 prun
1824 5055 1875 5100 in

246 5101 262 5334 ξ

281 5067 501 5120 hominis
537 5064 866 5117 ascenderunt
907 5061 981 5133 (l.
1012 5058 1128 5114 Cor.
1155 5059 1211 5112 2.
1242 5060 1316 5127 9).
1347 5057 1623 5124 Quomodo
1666 5071 1792 5126 ergo
1823 5055 1875 5111 in

283 5159 535 5228 praesenti
566 5157 674 5208 vita
698 5169 882 5208 eorum
913 5169 1097 5206 sumus
1121 5168 1272 5205 usum
1303 5151 1625 5221 percepturi,
1649 5145 1874 5220 quorum

284 5251 365 5304 vel
395 5249 635 5319 cognitio
681 5255 917 5300 nostram
947 5245 1322 5315 cngitationem
1364 5243 1623 5311 superat?
1668 5241 1790 5297 Ideo
1815 5257 1876 5296 ea

285 5342 395 5396 illic
438 5340 594 5394 nobis
626 5347 752 5392 sunt
777 5337 1028 5406 reposita.
1063 5337 1192 5389 Vide
1239 5345 1415 5388 autem
1448 5335 1667 5388 multam
1697 5349 1878 5388 curam

284 5435 402 5499 ejus
429 5448 493 5485 ac
523 5429 938 5502 providentiam.
965 5426 1202 5482 Labores
1231 5427 1447 5496 quidem
1480 5427 1598 5481 vitae
1630 5425 1877 5496 pra-senti

286 5526 548 5588 attribuit,
583 5534 642 5577 ut
670 5523 789 5593 ejus
817 5521 1075 5575 brevitate
1103 5537 1203 5573 una
1233 5522 1392 5574 etiam
1439 5521 1734 5574 solveretur
1762 5533 1880 5570 mn-

288 5618 437 5672 lestia
466 5635 478 5670 :
528 5616 664 5670 bona
699 5621 876 5666 autem
907 5612 956 5665 in
1002 5610 1234 5666 futurutn
1267 5611 1522 5665 satculum
1569 5609 1880 5674 reservavit,

351 5810 368 5840 ι
406 5817 528 5861 vox.
553 5799 910 5868 spiritualibus,
936 5801 1077 5852 deest
1102 5805 1148 5853 in
1173 5801 1312 5852 Savtl.
1341 5810 1388 5850 et
1417 5805 1461 5850 in
1488 5809 1602 5864 itcg.

1384 351 1750 411 EXPOSITIO
1787 352 1852 411 IN
1891 351 2213 412 PSALMUM
2251 354 2317 413 γ.

3473 366 3540 419 62

1958 477 2013 522 ut
2039 469 2498 526 remunerationes
2517 472 2935 530 extenderentur
2959 489 3079 532 eum
3105 480 3403 536 aeternitate
3426 497 3546 550 qtae

1953 569 2038 615 est
2062 576 2255 632 expers
2281 563 2437 617 senii.
2483 563 2630 619 Illam
2662 576 2860 622 sortem
2901 577 3057 622 vocat
3093 570 3253 624 etiam
3296 586 3540 641 regnum.

1955 651 2068 706 Etsi
2095 654 2239 708 enim
2266 657 2564 711 orationem
2595 669 2870 728 superant,
2904 671 3160 730 quantum
3189 670 3366 718 tamen
3391 665 3547 722 nobis

1956 744 2077 798 licet
2101 744 2306 810 audire,
2339 747 2672 817 aenigmatice
2698 749 2872 804 futura
2904 751 3241 821 signiﬁcavit,
3265 769 3407 809 nunc
3432 757 3549 826 qui-

1955 835 2096 902 dem,
2131 849 2184 890 ut
2219 837 2328 908 jam
2361 839 2486 904 dixi,
2524 856 2744 910 regnum
2791 858 3008 906 voeans,
3057 860 3199 900 nunc
3237 855 3412 901 autem
3443 863 3544 901 nu-

1955 929 2120 996 ptias,
2157 945 2296 984 nunc
2328 931 2632 998 imperium,
2665 949 2726 986 ex
2760 934 3054 1002 sliletididis
3094 953 3212 1005 quae
3257 947 3380 992 sunt
3407 940 3577 1006 apud.

1959 1035 2056 1074 nos
2100 1023 2431 1087 nominibus,
2475 1023 2541 1077 ad
2591 1025 2676 1078 illa
2724 1027 3001 1096 cogitanda
3043 1029 3195 1083 nobis
3237 1031 3377 1084 viam
3418 1018 3586 1099 apeo‘

1955 1115 2121 1180 riens,
2150 1127 2408 1170 aeternam
2435 1117 2679 1186 gloriam,
2714 1119 2782 1173 ab
2813 1120 3028 1173 interitu
3068 1121 3294 1176 alienam
3327 1122 3551 1178 beatitu-

1955 1206 2153 1270 dinem,
2183 1223 2302 1262 cum
2329 1208 2545 1263 Christo
2577 1210 2738 1264 vitam
2771 1213 3051 1280 agendam,
3082 1214 3166 1268 cui
3211 1215 3342 1268 nihil
3376 1223 3548 1284 potest

1954 1296 2205 1351 conferri.
2238 1298 2492 1366 Quaenam
2538 1310 2661 1354 sunt
2688 1311 2865 1356 autem
2911 1304 3245 1359 conditiones
3273 1306 3543 1372 Ecclesiae,

1956 1389 2035 1441 vel
2067 1389 2238 1455 potius
2270 1389 2624 1445 hereditatis?
2653 1391 2782 1458 Qua:
2812 1393 2945 1447 nihil
2978 1394 3174 1450 habent
3195 1395 3543 1451 difﬁcultatis.

1959 1478 2086 1543 Qua:
2127 1480 2296 1543 vultis,
2327 1479 2517 1549 inquit,
2564 1491 2617 1534 ut
2667 1483 2858 1552 faciant
2898 1486 3034 1538 vobis
3075 1486 3321 1553 homines,
3365 1504 3423 1541 ea
3460 1504 3547 1543 vos

1956 1571 2105 1621 etiam
2126 1570 2249 1639 ipsis
2275 1572 2430 1641 facile
2454 1571 2665 1641 (Matth.
2698 1574 2749 1626 7.
2786 1574 2899 1643 12).
2930 1575 3089 1630 Vides
3115 1578 3384 1646 quomodo
3417 1579 3550 1636 ttiltil

1956 1664 2188 1717 alienum
2217 1666 2475 1731 attulerit,
2511 1668 2602 1721 sed
2643 1683 2704 1722 ca
2745 1685 2863 1738 quae
2917 1680 3104 1724 natura
3160 1672 3306 1740 prius
3351 1674 3552 1727 consti-

1959 1759 2162 1811 tuerit?
2191 1759 2319 1827 Quae
2341 1761 2438 1824 vis,
2469 1760 2660 1830 inquit,
2681 1772 2736 1816 ιιι
2766 1763 3045 1833 propinqui
3075 1765 3146 1818 tui
3177 1765 3227 1818 in
3253 1775 3303 1821 te
3328 1765 3545 1835 faciant,

1956 1863 2018 1903 ea
2048 1849 2159 1917 ipse
2185 1864 2398 1919 quoque
2418 1852 2519 1906 fac.
2550 1851 2642 1906 Vis
2674 1853 2874 1908 laudari
2900 1855 2923 1908 ζ)
2972 1854 3172 1910 Lauda.
3202 1855 3317 1910 Non
3344 1858 3423 1912 vis
3448 1859 3551 1912 ali-

1961 1941 2086 2008 quid
2120 1942 2212 1995 tibi
2244 1943 2382 1996 furto
2403 1944 2597 2011 surripi
2625 1947 2646 1998 ?
2677 1945 2752 2000 Ne
2780 1946 2978 2001 furare.
3005 1947 3098 2002 Vis
3125 1948 3412 2004 honorari?
3441 1951 3553 2005 llo-

1957 2031 2210 2086 nora.Vis
2233 2034 2654 2089 misericordiam
2676 2038 2925 2106 assequi?
2946 2039 3325 2096 Miserere.Vis
3351 2044 3552 2096 amari?

1957 2121 2112 2176 Ama.
2133 2121 2226 2176 Vis
2255 2139 2358 2178 non
2385 2127 2523 2179 niale
2543 2127 2765 2181 audire?
2793 2127 2900 2182 Nec
2934 2137 2985 2182 tu
3013 2130 3152 2184 male
3170 2130 3387 2186 dixeris.
3414 2131 3549 2187 Vide

1957 2224 2132 2269 autem
2179 2231 2336 2285 quam
2377 2229 2620 2272 accurate
2648 2219 2898 2288 loquutus
2924 2228 3024 2274 est.
3057 2221 3174 2276 Non
3202 2221 3368 2276 dixit:
3391 2223 3551 2289 Quae-

1957 2319 2185 2375 cumque
2229 2323 2336 2361 non
2387 2310 2548 2364 vultis
2601 2319 2656 2364 ut
2690 2311 2906 2379 faciant,
2935 2327 3035 2366 nec
3080 2327 3177 2367 vos
3226 2312 3404 2380 facite,
3433 2313 3549 2377 sed,

1961 2399 2088 2464 Qua:
2116 2401 2284 2454 vultis.
2329 2402 2590 2469 Quoniam
2622 2402 2741 2457 duae
2788 2413 2912 2457 sunt
2957 2405 3053 2458 viae
3098 2421 3217 2474 quae
3256 2407 3459 2461 ducunt
3485 2406 3552 2460 ad

1960 2491 2234 2557 virtutem,
2267 2508 2368 2546 una
2402 2493 2639 2562 quidem,
2675 2493 2918 2548 liberatio
2977 2509 3006 2547 a
3058 2495 3187 2549 vitio
3217 2512 3228 2548 :
3275 2496 3376 2549 alia
3404 2511 3551 2562 vero,

1960 2583 2169 2636 virtutis
2199 2585 2341 2638 actio
2373 2603 2386 2638 :
2425 2583 2561 2638 hanc
2598 2585 2867 2654 proponit,
2897 2601 2994 2654 per
3033 2584 3170 2640 hanc
3211 2586 3351 2640 illaut
3389 2589 3547 2640 etiam

1959 2675 2272 2739 declarans;
2320 2685 2373 2729 et
2414 2675 2558 2729 illam
2582 2675 2796 2745 quidem
2827 2675 3056 2730 obscure
3079 2676 3390 2746 signiﬁcavit
3432 2693 3552 2731 etnn

1966 2767 2138 2822 dixit:
2173 2767 2324 2833 Quod
2364 2767 2546 2829 odisti,
2593 2766 2689 2820 ‘alii
2723 2782 2789 2821 ne
2822 2765 3012 2820 feceris
3042 2785 3054 2820 :
3102 2767 3236 2822 hanc
3266 2783 3392 2822 vero
3440 2784 3554 2823 ma-

1961 2860 2156 2914 nifeste
2182 2859 2473 2914 declaravit
2498 2859 2680 2914 dicens
2703 2878 2716 2915 :
2741 2859 3082 2930 Quaecumque
3105 2861 3256 2915 vultis
3281 2871 3336 2914 ut
3361 2863 3552 2930 faciant

1961 2952 2100 3006 vobis
2130 2952 2374 3019 homines,
2403 2962 2449 3006 et
2475 2967 2562 3005 vos
2599 2952 2723 3022 ipsis
2753 2954 2903 3017 facile
2935 2952 3086 3026 (Tob.
3118 2955 3169 3008 4.
3198 2954 3312 3024 16).

2031 3042 2087 3096 2.
2117 3041 2213 3096 Est
2257 3043 2418 3096 etiam
2449 3042 2549 3096 alia
2594 3043 2849 3097 conditio.
2882 3043 3136 3110 Quantam
3167 3057 3229 3097 ea
3260 3043 3382 3098 est?
3429 3043 3559 3098 Dili-

1960 3149 2088 3202 gere
2117 3135 2435 3203 proximum,
2467 3135 2606 3188 sicut
2633 3134 2889 3204 seipsum.
2931 3133 3068 3200 Quid
3099 3149 3219 3188 esse
3249 3135 3415 3204 possit
3455 3135 3557 3189 hoc

1963 3224 2214 3280 facilius?
2263 3224 2452 3279 Odisse
2481 3225 2624 3278 enim
2654 3239 2816 3295 grave
2842 3233 2941 3289 est,
2975 3236 3029 3280 et
3059 3225 3238 3279 turbas
3263 3241 3326 3279 ac
3355 3228 3556 3281 tumul-

1966 3326 2048 3371 tus
2072 3318 2312 3371 excitans
2341 3333 2354 3368 :
2387 3332 2568 3370 amare
2615 3325 2795 3370 autem
2841 3317 2997 3371 facile
3024 3326 3104 3371 est
3131 3327 3186 3371 et
3225 3317 3553 3386 expeditum.

1964 3408 2020 3464 Si
2063 3410 2204 3462 enim
2235 3409 2476 3472 dixisset,
2515 3409 2618 3464 Vos
2645 3425 2764 3463 cum
2796 3408 3042 3464 homines
3087 3410 3441 3481 sitis,diligitc
3471 3413 3561 3465 be-

1965 3501 2119 3566 stias,
2149 3509 2474 3568 praeceptum
2504 3499 2690 3555 fuisset
2710 3500 2960 3556 difﬁcile:
2994 3500 3037 3554 si
3066 3509 3244 3556 autem
3269 3503 3358 3572 qtti
3387 3503 3560 3556 homi-

1967 3606 2064 3646 nes
2094 3603 2236 3656 sunt,
2272 3591 2517 3646 homines
2545 3608 2726 3647 amare
2745 3593 2923 3662 jussit,
2955 3593 3044 3648 ubi
3070 3593 3383 3648 substantiae
3411 3595 3564 3649 simi-

1966 3682 2154 3747 litudo,
2171 3683 2439 3752 cognatio,
2456 3692 2509 3736 et
2537 3684 2701 3752 ipsius
2730 3693 2934 3738 naturae
2955 3685 3248 3739 admonitio
3269 3685 3562 3754 plurimum

1969 3778 2226 3830 momenti
2278 3776 2512 3829 afferunt
2554 3775 2620 3829 ad
2671 3777 3027 3845 diligendum,
3063 3778 3332 3848 quidnam’
3370 3778 3565 3835 habent

1969 3867 2338 3921 difﬁcultatis?
2363 3867 2514 3933 Quod
2545 3867 2601 3921 ﬁt
2626 3867 2785 3922 etiam
2813 3869 2864 3922 iit
2894 3869 3138 3924 leonibus
3161 3879 3214 3924 et
3239 3870 3406 3939 lupis:
3437 3887 3566 3925 nam

1968 3958 2107 4027 apud
2137 3958 2256 4011 illos
2281 3959 2440 4012 etiam
2474 3969 2675 4012 natura:
2695 3961 2943 4028 cognatio
2974 3960 3222 4014 conciliat
3249 3962 3558 4015 amicitiam.

1972 4053 2267 4118 Quamnam
2311 4067 2439 4120 ergo
2466 4053 2758 4121 poterimus
2800 4053 2992 4108 afferre
3030 4055 3448 4120 excusationem,
3473 4055 3562 4122 qui

1974 4143 2158 4197 leones
2199 4142 2413 4211 quidem
2457 4141 2938 4208 mansuefacimus,
2981 4153 3036 4198 et
3066 4144 3118 4198 in
3169 4144 3352 4198 iisdem
3387 4146 3564 4199 nobis-

1971 4249 2090 4288 cum
2105 4233 2309 4286 aedibus
2326 4232 2644 4287 collocamus
2662 4249 2676 4297 ;
2694 4233 2834 4302 quod
2847 4242 2928 4288 est
2943 4243 3118 4287 autem
3133 4233 3369 4300 ejusdem
3389 4236 3565 4288 uobis-

1973 4341 2094 4381 cum
2125 4327 2358 4396 generis,
2405 4341 2512 4378 non
2562 4325 2918 4379 attrahimus?
2964 4325 3079 4379 Non
3128 4325 3320 4381 videtis
3367 4328 3572 4382 multos

1975 4435 2095 4475 esse
2121 4419 2212 4490 qui
2259 4428 2479 4489 propter
2521 4417 2869 4471 hereditatem
2913 4431 3070 4472 senes
3109 4427 3319 4487 captant
3365 4428 3418 4474 et
3463 4421 3568 4473 cir-

1976 4518 2341 4574 cumcursaut,
2373 4523 2436 4562 ac
2468 4508 2758 4562 senectutis
2783 4509 2960 4562 omnia
3001 4509 3137 4562 mala
3168 4509 3414 4575 tolerant,
3443 4526 3567 4564 cum

1977 4603 2086 4656 sint
2120 4601 2369 4671 juvenes,
2402 4609 2696 4668 vegetoque
2720 4614 2785 4653 ac
2824 4599 3106 4653 luxurianti
3135 4615 3380 4669 corpore,
3407 4600 3568 4670 poda-

1978 4707 2127 4762 gram
2160 4705 2352 4760 nempe
2378 4700 2432 4745 et
2479 4690 2610 4743 alios
2641 4690 2931 4743 senectutis
2978 4690 3222 4754 morbos,
3246 4706 3571 4754 mucum,_ac

1980 4791 2270 4846 scrcatum,
2300 4779 2441 4852 quod
2489 4781 2591 4834 illis
2623 4791 2879 4849 perpetuo
2911 4781 3232 4834 assideant?
3260 4783 3429 4850 Atqui,
3466 4783 3572 4835 illic

1981 4884 2106 4929 sunt
2149 4875 2408 4943 pecuniae,
2444 4881 2496 4928 et
2527 4889 2649 4942 spes
2679 4874 2812 4928 incet
2829 4883 2877 4927 ta
2905 4889 2918 4936 ;
2952 4873 3038 4927 hic
3065 4882 3240 4928 autem
3274 4875 3485 4936 caelum,
3518 4883 3574 4928 et

1981 4975 2108 5020 ante
2136 4966 2325 5035 caelum
2355 4965 2448 5018 Dei
2480 4966 2668 5033 gratia.
2692 4964 2821 5030 Qua:
2847 4973 2929 5018 est
2959 4965 3186 5032 illa-quae
3218 4963 3569 5016 hereditatem

1983 5055 2212 5124 accipit?
2243 5055 2520 5123 inscriptio
2550 5055 2691 5109 enim
2722 5054 2878 5119 dicit,
2909 5053 3010 5108 Pro
3035 5069 3224 5123 eaqua:
3249 5053 3570 5106 hereditatem

1984 5148 2186 5218 accipit.
2213 5147 2473 5211 Ecclesia,
2491 5155 2546 5201 et
2574 5146 2689 5214 ejus
2716 5144 3026 5213 plenitudo;
3054 5145 3122 5200 de
3149 5159 3250 5214 qua
3280 5143 3408 5197 dicit
3436 5143 3571 5197 Pau-

1986 5239 2070 5293 lus
2097 5257 2110 5294 :
2153 5237 2413 5302 Despondi
2441 5253 2527 5290 vos
2556 5236 2643 5290 uni
2667 5237 2794 5300 viro,
2823 5236 3067 5306 virginem
3107 5243 3300 5288 castam
3342 5233 3576 5287 exhibere

1987 5330 2184 5385 Christo
2213 5329 2295 5398 (‘2.
2318 5329 2436 5383 Cor.
2462 5329 2548 5384 il.
2575 5327 2656 5397 ‘2).
2687 5327 2752 5380 Et
2780 5327 3013 5381 Joannes
3043 5342 3056 5378 :
3095 5324 3192 5391 Qui
3231 5324 3376 5378 habet
3419 5341 3574 5394 spon-

1987 5439 2118 5487 sam,
2147 5437 2365 5491 sponsus
2403 5428 2475 5472 est
2503 5419 2680 5489 (Joan.
2723 5419 2775 5471 5.
2803 5417 2914 5486 ἓ9).
2945 5416 3186 5485 Sponsus
3211 5415 3423 5484 quidem
3456 5426 3576 5483 post

1991 5514 2190 5583 primos
2217 5511 2332 5566 dies
2378 5510 2600 5565 remittit
2641 5508 2838 5562 amoris
2866 5505 3256 5562 vehementiam
3289 5524 3302 5563 :
3348 5521 3578 5574 sponsus

1989 5615 2166 5660 autem
2212 5611 2393 5658 noster
2421 5619 2516 5656 nos
2543 5610 2687 5655 amat
2716 5609 2995 5670 perpetuo,
3026 5608 3080 5654 et
3105 5607 3264 5670 auget
3293 5613 3528 5652 amorem
3558 5613 3570 5648 :

1991 5697 2130 5767 quod
2153 5695 2622 5752 innuensloannes
2641 5703 2794 5748 vocat
2819 5707 3094 5764 sponsum,
3110 5691 3323 5763 quando
3345 5691 3574 5744 maxime

1941 5839 1944 5842 ί
1996 5794 2172 5861 vigt‘nt
2191 5805 2422 5844 amores.
2451 5788 2567 5844 Non
2594 5786 2766 5843 solum
2788 5797 2964 5842 autem
2988 5787 3108 5843 ideo
3128 5793 3384 5852 sponsam
3410 5791 3575 5832 voca-
