3928 6276
524 366 592 421 οἵ.
1292 359 1348 418 3.
1387 357 1667 416 JOANNIS
1703 356 2179 414 CHRVSOSTOMI
2218 357 2531 415 ARCIIIEP.
2576 351 3103 413 CONSTANTINOP.
3728 368 3784 421 Μ

527 485 598 538 vit
629 498 645 535 :
677 478 773 537 sed
797 479 961 535 etiam
982 475 1124 550 quod
1168 476 1295 531 velit
1337 490 1526 530 omnes
1554 490 1716 529 unum
1754 489 1877 529 esse
1914 488 2111 541 corpus

520 586 576 629 et
600 587 759 627 unam
797 570 1029 624 animam
1059 569 1264 622 ratione
1287 567 1498 621 virtutis
1527 574 1581 620 et
1607 565 1810 619 amoris
1840 582 1854 618 :
1887 573 1941 618 et
1969 563 2111 633 quod

521 662 967 733 quemadmodum
1013 675 1208 729 sponsa
1234 658 1410 713 omnia
1442 655 1568 712 facit
1613 666 1671 709 ut
1716 657 1833 710 viro
1862 656 2108 725 placeat:

522 760 594 813 ita
641 773 740 813 nos
784 755 1112 811 etiamtales
1149 768 1271 807 esse
1312 761 1525 821 Oportet
1574 764 1670 819 per
1714 757 1877 803 totam
1925 749 2107 801 vitam.

521 851 706 922 Qualis
729 864 919 919 sponsa
946 864 1064 917 qua:
1089 847 1141 900 in
1171 845 1263 899 illo
1285 843 1371 899 die
1400 842 1550 897 sedet
1578 842 1632 896 in
1656 841 1840 904 cubili,
1869 839 1919 894 id
1947 854 2108 894 unum

525 940 893 998 tantumnodo
936 937 1206 1007 cogitans,
1251 935 1519 1004 quomodo
1568 933 1683 986 viro
1729 932 1934 1002 placeat
1978 948 1991 982 :
2036 930 2109 983 ita

522 1032 687 1086 etiam
710 1045 807 1083 nos
837 1027 896 1082 in
924 1026 1027 1082 hac
1055 1027 1160 1080 vita
1189 1024 1456 1088 sedentes,
1489 1038 1649 1078 unum
1699 1023 1869 1076 solum
1903 1029 2110 1090 specte-

520 1135 659 1186 mus,
691 1129 744 1174 ut
767 1133 964 1188 sponso
993 1116 1349 1184 placeamns‘,
1380 1124 1435 1169 et
1460 1127 1671 1182 sponsa
1698 1110 2015 1165 modestiam
2045 1124 2109 1164 ac

519 1212 771 1269 decorem
817 1221 1214 1265 conservemus.
1246 1206 1413 1276 Hujus
1438 1220 1649 1275 sponsae
1698 1203 1858 1257 David
1898 1216 2109 1271 quoque

520 1303 784 1367 meminit,
801 1300 1019 1355 dicens:
1047 1297 1249 1352 Adstitit
1273 1299 1447 1367 regina
1468 1295 1706 1349 adextris
1735 1294 1832 1347 tuis
1852 1293 1905 1346 in
1933 1293 2109 1347 vestitu

520 1397 784 1457 deaurato,
806 1391 1121 1446 circumdata
1153 1390 1388 1445 varietate
1418 1389 1470 1442 in
1495 1387 1707 1457 ﬁmbriis
1745 1388 1910 1438 aureis
1933 1384 2104 1454 (Psal.

519 1486 609 1540 Η.
644 1486 750 1554 ll).
772 1483 864 1537 Vis
891 1481 1069 1536 videre
1094 1480 1211 1548 ejus
1238 1478 1488 1535 ealeeos?
1530 1477 1664 1532 Audi
1695 1476 1912 1531 Paulqu
1942 1490 2006 1543 pa
2021 1490 2106 1527 ra-

520 1574 808 1646 nymphum
834 1573 930 1645 (a),
959 1573 1045 1641 qui
1076 1571 1206 1628 dicit
1243 1588 1257 1625 :
1304 1569 1526 1625 Calceati
1564 1568 1715 1638 pedes
1747 1568 1801 1621 in
1842 1581 2105 1636 prwpara—

519 1667 654 1718 tione
695 1662 936 1733 evangelii
992 1662 1133 1731 pacis
1181 1660 1346 1730 (Eph.
1377 1659 1429 1715 6.
1464 1660 1575 1727 15).
1605 1658 1696 1712 Vis
1739 1659 1897 1712 etiam
1930 1656 2107 1710 videre

519 1759 636 1826 ejus
661 1772 870 1821 zonam,
909 1765 962 1808 et
1002 1752 1270 1823 quomodo
1308 1752 1602 1820 composita
1626 1760 1708 1804 est
1732 1764 1797 1802 ex
1845 1747 2106 1803 seriaate?

525 1846 614 1901 Ille
638 1848 749 1913 ipse
771 1855 822 1899 te
849 1842 1083 1897 docebit.
1107 1841 1331 1895 Acciucti
1356 1841 1550 1895 lumbos
1593 1848 1778 1894 vestros
1806 1839 1859 1891 in
1902 1838 2107 1892 veritate

523 1939 570 2009 (ι
580 1938 681 1991 bid.
713 1939 767 1990 6.
802 1937 909 2004 ll).
945 1932 1035 1987 Vis
1066 1934 1226 1987 etiam
1261 1932 1441 1987 videre
1471 1931 1587 2001 ejus
1620 1928 2105 2000 pulchritudinem?

522 2032 576 2086 ld
612 2033 680 2084 ab
709 2028 897 2084 eodem
929 2039 1141 2095 quoque
1168 2023 1367 2079 disces.
1399 2021 1518 2077 Non
1545 2021 1734 2077 habens
1753 2020 2003 2074 maculam
2027 2019 2104 2073 vel

521 2137 701 2192 rugam
736 2116 897 2189 (Ibid.
938 2117 994 2171 5.
1033 2115 1147 2186 27).
1193 2114 1331 2169 Audi
1376 2115 1534 2168 etiam
1582 2112 1709 2184 quid
1748 2111 1819 2167 de
1860 2126 1924 2167 ea
1963 2110 2105 2165 dicat

519 2211 869 2266 Ecclesiastes
885 2210 983 2280 (li).
1001 2206 1128 2261 Tota
1149 2208 1362 2276 pulchra
1383 2221 1452 2269 es,
1473 2204 1758 2275 propinqua
1780 2219 1908 2267 mea,
1923 2211 1971 2255 et
1992 2217 2103 2254 ma-

519 2300 634 2353 cula
655 2317 755 2354 non
786 2310 857 2354 est
878 2300 930 2353 in
950 2309 998 2353 te
1023 2298 1196 2371 (Cant.
1221 2297 1275 2352 4.
1302 2296 1380 2365 7).
1407 2294 1498 2350 Vis
1517 2293 1678 2349 etiam
1706 2292 1888 2349 videre
1907 2292 2101 2363 pedes?

523 2395 687 2459 Quam
733 2393 942 2462 speciosi
974 2392 1122 2460 pedes
1151 2388 1601 2460 euangelizandum
1645 2401 1840 2455 pacem,
1886 2402 2098 2457 evange-

519 2486 778 2539 lisautium
808 2487 936 2538 bona
961 2482 1134 2554 (Rom.
1168 2481 1252 2535 l0.
1285 2481 1397 2551 15)!
1432 2480 1496 2533 Et
1522 2477 1661 2548 quod
1699 2478 1954 2533 eximium
1980 2486 2089 2542 est,

519 2587 572 2632 et
600 2576 955 2631 admiratione
1008 2574 1400 2646 dignissimum,
1431 2586 1553 2626 cum
1575 2586 1692 2625 eam
1719 2573 1801 2627 sic
1840 2584 2096 2626 exornas-

518 2678 618 2732 set,
645 2682 748 2722 non
778 2670 918 2723 venit
943 2667 1167 2738 gloriam
1219 2681 1371 2720 suam
1413 2676 1755 2728 ostensurus,
1801 2680 1870 2718 ne
1907 2662 2097 2734 insigni

520 2775 611 2814 sua
654 2759 1046 2828 pulchritudine
1082 2775 1200 2814 eam
1244 2758 1686 2827 obstupefaceret,
1734 2766 1788 2811 et
1831 2765 2096 2812 amentem

520 2851 798 2916 redderet;
842 2850 936 2904 sed
966 2852 1109 2905 venit
1155 2851 1345 2905 eodem
1396 2849 1608 2904 indutus
1659 2850 1966 2903 indumento
1993 2862 2100 2918 quo

518 2958 712 3011 sponsa
745 2960 757 2995 :
790 2942 1060 3010 particeps
1087 2941 1231 2996 enim
1270 2950 1353 2995 est
1390 2954 1542 3011 aeque
1579 2954 1642 2994 ac
1687 2939 1800 3008 ipsa
1843 2939 2020 2992 carnis
2044 2948 2100 2992 et

516 3035 824 3105 sanguinis;
870 3048 970 3087 nec
1017 3034 1129 3102 ipse
1157 3048 1275 3087 eam
1322 3047 1535 3086 sursum
1562 3041 1734 3099 vocat,
1765 3030 1858 3086 sed
1890 3030 1955 3086 ad
1980 3046 2097 3084 eam

516 3125 744 3192 accedit,
776 3139 997 3179 servans
1018 3125 1106 3178 hic
1132 3138 1344 3194 quoque
1367 3122 1549 3195 sponsi
1576 3122 1769 3194 legem,
1792 3138 1909 3192 quae
1937 3137 2098 3192 Spon-

517 3232 634 3272 sum
662 3216 728 3270 ad
756 3230 1004 3285 sponsam
1054 3215 1288 3271 adducit.
1331 3213 1483 3281 Quod
1523 3215 1684 3269 etiam
1714 3214 1849 3268 dixit
1889 3213 2095 3269 Muses:

523 3308 625 3362 l’ro
666 3324 722 3362 eo
765 3309 1009 3377 relinquet
1051 3309 1200 3361 homo
1252 3315 1448 3377 patrem
1505 3315 1553 3360 et
1594 3315 1802 3359 matrem
1844 3312 2006 3369 suam,
2051 3314 2098 3359 et

515 3400 786 3453 adliazrebit
815 3400 960 3453 uxori
987 3415 1091 3452 sua:
1121 3396 1273 3471 (Gen.
1306 3397 1362 3452 Ξ.
1391 3397 1509 3467 24).
1539 3397 1608 3452 Et
1644 3397 1871 3452 Paulus:
1905 3396 2099 3452 Sacra-

519 3499 738 3541 mcntum
767 3488 860 3541 hoc
904 3504 1143 3556 maguum
1178 3497 1246 3541 est
1277 3504 1295 3542 :
1330 3504 1419 3558 ego
1447 3495 1615 3541 autent
1640 3487 1754 3541 dico
1803 3487 1856 3540 in
1898 3486 2096 3542 Christo

516 3590 563 3631 et
589 3579 640 3631 in
673 3577 898 3631 Ecclesia
922 3578 1142 3649 (Ephes.
1186 3578 1239 3633 5.
1277 3578 1389 3647 52).
1420 3576 1553 3632 Cum
1599 3592 1728 3647 ergo
1768 3579 2000 3633 venisset
2043 3579 2095 3632 in

515 3668 633 3737 ejus
659 3667 1040 3733 habitaculum,
1069 3677 1127 3725 et
1153 3684 1272 3722 eam
1304 3669 1596 3723 invenisset
1619 3666 1911 3733 sordidam,
1941 3683 2100 3737 squa-

517 3765 699 3833 lidam,
732 3764 948 3828 nudam,
999 3765 1255 3834 sanguine
1303 3763 1664 3832 inquinatam,
1714 3763 1877 3828 lavit,
1927 3763 2094 3829 unxit,

515 3860 665 3922 aluit,
688 3866 838 3911 veste
866 3856 1058 3918 induit,
1081 3856 1166 3909 cui
1193 3871 1371 3923 parem
1396 3855 1635 3909 invenire
1659 3870 1764 3909 non
1796 3854 1937 3909 licet.
1963 3853 2095 3908 Cum

520 3951 632 4017 ipse
661 3947 757 4017 ipsi
790 3946 979 4002 luisset
1007 3944 1395 4008 indumentum,
1429 3958 1546 3998 eam
1585 3944 1844 3998 sublatam
1887 3958 2097 3999 sursum

515 4041 594 4093 sic
634 4037 801 4093 ducit.
835 4036 894 4091 Ei
927 4043 1105 4107 parata
1133 4044 1216 4090 est
1258 4034 1546 4088 hereditas.
1574 4034 1711 4101 Quid
1738 4049 1867 4105 ergo
1891 4034 1958 4089 de
1984 4035 2096 4104 ipsa

522 4131 647 4184 dicit
679 4129 979 4199 propheta?
1025 4128 1185 4182 Multa
1216 4145 1229 4181 :
1263 4135 1346 4182 est
1392 4126 1534 4182 enim
1581 4127 1698 4197 ejus
1741 4138 2012 4198 patronus,
2043 4138 2099 4184 et

519 4221 684 4274 multa
712 4236 891 4274 eorum
934 4234 1053 4289 quae
1078 4218 1128 4273 ei
1169 4232 1290 4274 sunt
1319 4229 1573 4271 eventura
1626 4219 1867 4288 prwdixit
1889 4229 1941 4274 et
1970 4235 2095 4289 pro-

517 4314 766 4367 clamavit
792 4330 806 4365 :
839 4310 1284 4382 quemadmodum
1312 4310 1381 4366 de
1409 4326 1628 4381 sponso,
1659 4311 1729 4366 de
1757 4313 2097 4382 sponsalibus

517 4418 571 4460 et
613 4403 932 4458 deductione
978 4403 1043 4456 ad
1090 4418 1364 4472 sponsum,
1407 4402 1475 4457 de
1520 4402 1675 4457 bonis
1717 4418 1834 4472 quae
1884 4412 2009 4457 sunt
2047 4403 2096 4458 ei

520 4502 797 4549 eventura.
841 4492 1128 4561 Propterea
1175 4493 1260 4546 hic
1289 4493 1448 4547 etiam
1499 4509 1592 4562 pro
1620 4493 1733 4562 ipsa
1764 4494 2012 4562 loquitur,
2043 4503 2099 4549 et

518 4584 802 4654 incipiens,
832 4583 968 4637 sicut
999 4583 1085 4636 isti
1136 4584 1342 4652 patroni
1390 4594 1445 4638 et
1475 4594 1714 4639 oratores
1760 4586 1814 4640 in
1859 4585 2094 4655 judiciis,

519 4677 651 4732 dicit
668 4690 954 4747 quemnam
980 4690 1075 4730 sua
1095 4676 1335 4730 oratione
1356 4675 1626 4739 defendat,
1647 4693 1838 4748 nempe
1857 4694 1917 4734 se
1936 4679 2096 4734 verba

523 4768 696 4824 facere
744 4765 848 4820 Pro
874 4781 934 4820 ea
959 4781 1073 4834 qua:
1117 4765 1443 4819 hereditatem
1487 4767 1691 4834 accipit.
1735 4768 1874 4835 Quid
1917 4778 2095 4826 autem

522 4870 667 4932 petat
723 4862 879 4915 heres
933 4858 1038 4923 illa,
1086 4857 1384 4912 audiamus.
1430 4857 1485 4912 2.
1533 4858 1689 4913 Verba
1736 4877 1845 4915 mea
1892 4863 2098 4918 auribus

523 4955 741 5024 percipe,
773 4950 1008 5005 Domine.
1037 4950 1303 5019 Sponsum
1336 4960 1486 5005 vocat
1530 4951 1845 5018 Dominum;
1889 4954 1992 5010 hoc
2016 4965 2099 5010 est

522 5046 664 5099 enim
704 5056 915 5113 sponsa:
945 5039 1080 5111 frugi
1122 5040 1374 5095 ofﬁcium.
1405 5042 1460 5097 Si
1489 5058 1716 5114 namque
1743 5044 1844 5100 hoc
1869 5045 1928 5100 lit
1953 5047 2004 5100 lu
2035 5047 2099 5101 iis

520 5137 608 5207 qni
636 5140 762 5189 sunt
788 5132 1023 5200 ejusdem
1044 5132 1384 5199 substantiae,
1416 5143 1471 5188 et
1500 5150 1632 5189 uxor
1666 5136 1913 5192 maritum
1942 5145 2099 5192 vocat

521 5230 837 5283 dominum:
866 5226 1031 5278 multo
1078 5226 1245 5296 magis
1294 5226 1345 5279 in
1391 5226 1605 5283 Christo
1653 5237 1708 5283 et
1743 5229 1794 5284 in
1835 5230 2094 5298 Ecclesia,

525 5320 615 5374 ubi
646 5325 727 5372 est
767 5317 929 5371 etiam
971 5325 1156 5372 natura
1190 5316 1461 5373 Dominus.
1506 5318 1580 5373 lta
1615 5334 1744 5390 ergo
1780 5335 1901 5375 eum
1945 5331 2100 5377 vocat

587 5473 602 5504 ¹
641 5479 778 5534 ἣδε..
803 5475 853 5520 ut
870 5469 1030 5534 sponsi
1051 5470 1286 5521 virtutem.

586 5555 658 5613 (α)
690 5553 879 5622 scilicet
907 5554 989 5614 qui
1028 5555 1209 5622 animas
1246 5553 1429 5603 Christo
1466 5553 1725 5615 desponsat
1750 5569 1763 5605 :
1786 5563 1839 5605 ut
1876 5556 1981 5618 ipse
2013 5560 2095 5618 ait,

530 5616 767 5676 Despondi
786 5616 912 5663 enim
936 5627 1013 5663 ws
1033 5616 1117 5663 uni
1147 5616 1264 5670 viro.
1299 5624 1393 5665 etc.

588 5675 634 5735 (lt
648 5681 663 5732 l
693 5676 1009 5724 Ecclesiasten
1034 5675 1109 5724 hic
1133 5686 1268 5726 vocat
1309 5676 1607 5725 Salomonem
1633 5690 1646 5724 :
1680 5681 1814 5728 locus
1834 5686 2000 5731 autem
2024 5690 2101 5732 est

529 5736 577 5786 in
598 5738 814 5787 multicia.
834 5741 965 5786 nunc
989 5748 1104 5784 vero
1128 5735 1285 5787 locum
1310 5750 1403 5786 non
1430 5738 1573 5787 eﬂert
1597 5745 1787 5801 Regius.

2224 474 2524 539 Dominum,
2553 490 2655 528 non
2680 483 2880 528 tantum
2912 486 2967 529 ut
2989 490 3266 543 Sponsum,
3288 475 3379 530 sed
3404 477 3566 531 etiam
3593 489 3647 531 ut
3677 496 3787 534 vere

2221 562 2591 630 Dominum,et
2610 580 2734 619 eum
2765 568 2829 619 ad
2864 580 3052 635 preces
3082 566 3375 621 audiendas
3402 567 3639 623 attrahit.
3657 571 3784 636 Quo-

2218 654 2358 707 niam
2385 654 2525 708 enim
2556 665 2639 709 est
2664 656 2711 709 ei
2740 657 3007 725 proposita
3038 656 3328 720 hereditas,
3359 658 3474 712 hate
3499 670 3674 713 autem
3705 662 3786 713 he-

2215 742 2415 797 reditas
2442 743 2689 798 eﬂ'ectum
2732 747 2972 810 sortitur,
2994 746 3038 799 si
3080 761 3198 815 quae
3229 747 3329 801 sibi
3372 759 3500 801 sunt
3531 764 3779 819 ιιι-ειδιευιιω

2216 843 2361 887 recte
2392 832 2598 899 recent,
2630 844 2747 888 orat
2776 844 2831 888 et
2870 836 3116 889 obsecrat
3165 847 3222 889 ιιι
3248 837 3299 889 ei
3345 852 3500 904 opem
3543 838 3697 903 lerat,
3736 851 3786 893 ut

2213 936 2335 991 qua:
2357 933 2479 977 sunt
2508 925 2781 993 proposita
2808 924 3068 991 perﬁciat,
3093 933 3149 979 et
3176 941 3279 978 non
3310 927 3522 980 excidat
3548 928 3613 982 ab
3639 935 3780 983 tu-re-

2213 1011 2399 1067 ditate.
2435 1011 2570 1067 Dicit
2597 1014 2773 1082 itaque
2804 1031 2818 1067 :
2878 1013 3036 1067 Verba
3059 1031 3168 1067 mea
3197 1015 3404 1069 auribus
3430 1018 3649 1086 percipe,
3684 1018 3784 1071 Dea

2215 1103 2370 1169 mine,
2394 1113 2449 1158 et
2475 1104 2580 1158 hoc
2604 1105 2735 1159 dicit
2761 1121 2884 1160 cum
2916 1105 3125 1170 lidueia,
3146 1107 3397 1176 quoniam
3428 1122 3491 1160 ea
3521 1108 3646 1177 petit
3671 1127 3781 1178 qua:

2213 1194 2329 1264 ipse
2358 1196 2519 1250 etiam
2550 1196 2680 1251 dare
2708 1197 2897 1267 cupit:
2923 1198 3370 1267 quemadmodum
3398 1198 3446 1252 si
3471 1201 3590 1268 quis
3607 1215 3666 1255 ea
3697 1218 3780 1266 pe-

2213 1296 2289 1340 tat
2310 1302 2430 1357 quae
2457 1304 2522 1343 eo
2550 1289 2639 1358 qui
2670 1290 2739 1345 sit
2768 1289 2991 1345 daturus
3034 1290 3248 1360 indigna
3292 1299 3442 1356 sunt,
3475 1306 3580 1345 non
3624 1304 3781 1362 potest

2210 1393 2327 1432 eam
2352 1388 2532 1447 petere
2560 1380 2811 1450 gratiam.
2840 1380 3067 1446 Quando
3092 1392 3210 1435 orat
3241 1380 3505 1436 adversus
3532 1383 3777 1450 inimicus,

2208 1470 2423 1538 quando
2458 1469 2718 1526 adversus
2746 1487 2842 1527 eos
2865 1471 2956 1542 qui
3003 1472 3245 1527 molestia
3284 1473 3457 1543 aliqua
3485 1474 3776 1536 all‘ecernnt,

2208 1574 2272 1613 ea
2313 1576 2417 1613 non
2465 1569 2590 1614 sunt
2629 1562 2787 1617 verba
2832 1561 3085 1628 hominis,
3126 1561 3220 1617 sed
3267 1561 3486 1617 diaboli.
3516 1565 3572 1620 Si
3611 1564 3777 1632 jurare

2210 1651 2353 1704 enim
2380 1660 2463 1705 est
2492 1666 2521 1705 a
2550 1652 2765 1707 diabolo
2812 1653 3002 1723 (Quod
3045 1654 3190 1708 enim
3241 1664 3311 1708 est
3361 1655 3441 1708 Itis
3494 1657 3720 1725 amplius,
3750 1674 3777 1707 a

2209 1739 2344 1793 malo
2368 1740 2475 1810 est)
2502 1740 2720 1811 (Matth.
2751 1742 2806 1797 5.
2836 1743 2953 1810 37),
2982 1744 3186 1798 clarum
3217 1754 3299 1799 est
3325 1745 3467 1813 quod
3496 1746 3649 1800 etiam
3677 1762 3776 1814 pre-

2207 1830 2319 1884 cari
2342 1830 2598 1888 adversus
2630 1833 2893 1888 inimicos.
2922 1833 2977 1889 Si
3013 1850 3141 1905 ergo
3164 1834 3333 1897 dicas,
3376 1835 3534 1889 Verba
3561 1854 3671 1889 mea
3698 1855 3776 1889 nu-

2207 1922 2343 1976 ribus
2368 1923 2687 1994 percipe,dic
2706 1939 2768 1979 ea
2797 1924 2956 1978 verba
2975 1940 3094 1995 quin.
3119 1935 3244 1979 sunt
3269 1926 3504 1981 hominis
3531 1928 3772 1982 mansueti

2207 2028 2271 2068 ac
2301 2014 2541 2079 humani,
2573 2024 2626 2070 et
2654 2016 2744 2086 qui
2777 2016 2909 2070 nihil
2943 2016 3100 2071 habet
3125 2017 3473 2072 diabolicmn.

2278 2105 2330 2161 5.
2374 2104 2553 2170 Qualis
2604 2107 2670 2160 sit
2714 2121 2832 2161 vera
2859 2107 3041 2173 oratio,
3077 2116 3124 2161 et
3178 2110 3395 2177 qualiter
3441 2110 3508 2162 ad
3543 2113 3770 2165 oraudum

2205 2210 2296 2249 uos
2356 2196 2642 2264 comparari
2700 2207 2947 2266 oporteat.
2998 2226 3073 2237 —
3142 2215 3162 2249 ι
3227 2196 3466 2269 lntellige
3522 2200 3769 2255 clamorem

2204 2305 2389 2342 meum.
2426 2308 2445 2336 ι
2478 2288 2778 2344 Clamorem
2808 2288 2894 2343 hic
2918 2289 3067 2352 dicit,
3097 2306 3202 2344 non
3229 2292 3374 2345 vocis
3396 2293 3725 2347 inte‘ntiouetu
3751 2335 3764 2356 ,

2200 2377 2296 2434 sed
2345 2378 2536 2432 mentis
2572 2379 2926 2434 all'ectionem.
2988 2379 3118 2434 Nam
3172 2381 3303 2437 Mosi
3380 2383 3541 2436 etiam
3591 2387 3765 2438 tacenti

2202 2467 2337 2522 dixit
2364 2484 2379 2522 :
2412 2467 2549 2532 Quid
2573 2469 2762 2523 clamas
2791 2470 2861 2522 ad
2883 2486 2960 2523 me
2979 2469 3168 2541 (Exod.
3206 2473 3271 2526 ll
3330 2471 3463 2544 lii)?
3491 2473 3601 2528 Non
3627 2474 3763 2538 dixit,

2201 2557 2337 2625 Quid
2367 2573 2491 2612 oras
2511 2557 2576 2612 ad
2602 2561 2725 2613 me?
2745 2559 2837 2613 sed
2859 2601 2872 2621 ,
2906 2559 3041 2626 Quid
3066 2561 3256 2616 clamas
3297 2564 3363 2615 ad
3394 2581 3472 2618 me
3491 2565 3515 2618 ?
3536 2565 3763 2633 quouiun

2201 2665 2321 2705 cum
2344 2651 2642 2705 vehementi
2678 2650 2868 2706 ali'ectu
2916 2651 2984 2706 ad
3037 2668 3157 2706 eum
3205 2664 3525 2709 accesserat.
3566 2656 3630 2711 Ut
3651 2671 3765 2722 ergo

2201 2740 2365 2795 scires
2390 2740 2474 2796 hic
2497 2756 2708 2810 quoque
2739 2757 2842 2795 non
2869 2742 2970 2796 dici
3002 2743 3290 2798 clamorem
3321 2784 3336 2811 ,
3366 2746 3460 2801 sed
3493 2747 3675 2802 mentis
3697 2749 3763 2801 al-

2200 2830 2505 2897 lectionem,
2531 2840 2587 2887 et
2611 2834 2877 2888 intensum
2918 2834 3176 2899 studium,
3219 2851 3324 2891 non
3353 2836 3523 2894 dixit:
3556 2839 3763 2894 Auribus

2200 2923 2415 2993 percipe
2455 2924 2742 2980 clamorem
2796 2941 2971 2981 meum
3004 2944 3018 2981 z
3051 2927 3142 2981 sed
3193 2929 3358 2997 quid?
3408 2929 3763 3001 lntcllige,hoc

2200 3025 2304 3083 est,
2337 3015 2507 3070 Disce.
2569 3015 2681 3071 Etsi
2726 3017 2867 3073 enim
2913 3016 3158 3073 humanis
3214 3021 3391 3075 verbis
3436 3036 3560 3077 usus
3594 3032 3685 3083 est,
3716 3022 3760 3075 iu

2203 3107 2330 3178 ipsis
2356 3117 2530 3163 tamen
2560 3109 2736 3163 verbis
2758 3109 3002 3164 luunanis
3029 3110 3170 3179 quod
3194 3120 3338 3165 recte
3364 3122 3761 3181 repraesentator

2200 3198 2481 3268 signiﬁcat.
2513 3196 2725 3252 Intende
2749 3199 2857 3251 voci
2878 3199 3259 3270 supplicationis
3272 3218 3415 3255 ntere.
3449 3203 3578 3257 Dicit
3596 3218 3761 3257 rursus

2202 3301 2387 3341 vocem
2414 3287 2699 3341 internam.
2750 3288 2825 3342 lta
2879 3290 3038 3344 etiam
3078 3290 3341 3345 clamabat
3387 3295 3535 3347 Anna
3585 3295 3760 3348 Etnen

2199 3373 2332 3429 dixit
2373 3376 2688 3444 simpliciter
2726 3388 2781 3432 ct
2822 3378 3086 3444 absolute,
3136 3379 3355 3435 Intende
3379 3384 3495 3434 voci
3529 3383 3761 3436 orationis

2200 3479 2354 3529 metr,
2387 3464 2501 3530 sed,
2539 3464 2939 3537 Supplicatiouis
2968 3467 3133 3541 mece(
3161 3469 3213 3522 1.
3242 3469 3373 3541 Reg.
3405 3472 3452 3527 1.
3489 3473 3552 3527 l3
3641 3472 3758 3527 Eum

2198 3558 2340 3612 enim
2366 3558 2456 3626 qui
2485 3567 2623 3624 orat,
2653 3566 2865 3629 oportet
2891 3569 2946 3614 et
2978 3559 3213 3615 habitum
3242 3571 3297 3616 et
3323 3574 3555 3618 mentem
3578 3563 3761 3632 sappii-

2199 3649 2278 3702 cis
2300 3648 2539 3703 induere.
2574 3649 2672 3716 Qui
2699 3651 2841 3703 enim
2864 3651 3084 3719 supplex
3108 3661 3207 3716 est,
3243 3668 3347 3705 non
3380 3654 3596 3708 adhibet
3618 3652 3758 3706 verba

2201 3744 2526 3794 accusatoris
2561 3740 2683 3810 :qui
2733 3750 2909 3795 autem
2954 3742 3173 3797 inimico
3218 3745 3355 3799 male
3402 3752 3760 3821 precatui-mat

2201 3839 2482 3885 accusator
2533 3832 2730 3898 potius,
2786 3847 2943 3900 quam
2979 3834 3222 3902 supplex.
3279 3835 3467 3889 Vidisti
3514 3832 3759 3904 quomodo

2199 3921 2491 3975 orationem
2520 3921 2713 3985 attulit,
2736 3922 2948 3991 quando
2987 3939 3103 3977 eam
3134 3923 3255 3978 fecit
3281 3924 3490 3994 dignam
3520 3941 3631 3994 quae
3669 3938 3756 3975 au-

2200 4012 2444 4068 diretur?
2476 4014 2550 4068 lta
2590 4015 2747 4068 etiam
2798 4030 2897 4069 nos
2936 4016 3147 4084 quando
3177 4032 3392 4070 oramus
3412 4058 3428 4085 ,
3457 4027 3513 4072 et
3535 4016 3756 4070 volumus

2200 4104 2461 4170 exattdiri,
2483 4121 2599 4159 eam
2627 4107 2853 4174 primum
2883 4108 2950 4160 ita
2973 4121 3342 4177 comparemus
3364 4150 3377 4171 ,
3407 4121 3461 4163 nt
3491 4110 3557 4162 sit
3583 4105 3758 4172 oratio,

2201 4206 2254 4250 et
2285 4211 2391 4250 non
2420 4197 2709 4263 accusatio,
2734 4208 2785 4252 et
2815 4199 2936 4252 latis
2959 4197 3025 4252 ab
3051 4213 3117 4253 eo
3144 4199 3345 4269 legibus
3372 4201 3755 4255 convenientem

2199 4301 2316 4339 eam
2350 4286 2764 4342 introducamus.
2791 4288 2900 4343 Rea:
2915 4305 3053 4344 meus
3081 4299 3124 4343 ct
3146 4289 3281 4345 Deus
3302 4308 3462 4346 meus.
3493 4288 3635 4358 Quod
3658 4289 3754 4342 ire-

2199 4387 2425 4447 quenter
2453 4378 2576 4434 dicit
2604 4380 2882 4448 propheta,
2909 4383 2989 4434 vel
3021 4382 3194 4449 potius
3237 4383 3377 4452 quod
3411 4394 3526 4439 erat
3551 4381 3755 4436 Abrahae

2200 4468 2450 4523 eximium
2473 4469 2806 4538 attributum,
2851 4481 2910 4524 ut
2941 4472 3069 4527 dicit
3110 4472 3302 4525 Paulus
3335 4491 3347 4526 :
3382 4475 3494 4539 Qua
3528 4475 3587 4527 de
3620 4486 3757 4525 causa

2201 4574 2301 4611 non
2323 4558 2563 4612 erubescit
2588 4558 2725 4612 Deus
2756 4563 2887 4613 Deus
2908 4576 3079 4614 eorum
3111 4564 3278 4614 vocari
3308 4561 3490 4633 (Hebr.
3530 4562 3608 4617 ll.
3639 4562 3755 4628 lli);

2202 4648 2303 4703 hoc
2330 4652 2442 4719 ipsa
2469 4648 2566 4703 sibi
2592 4651 3193 4718 assumpsit,desidcrio
3246 4653 3469 4722 impulsa
3520 4651 3754 4722 pra-clare

2201 4740 2495 4808 usurpavit.
2528 4738 2643 4794 Non
2674 4740 2814 4794 enim
2840 4739 3008 4806 dixit,
3040 4740 3173 4806 Rex,
3208 4741 3452 4797 absolute
3473 4783 3488 4805 ,
3518 4741 3628 4805 sed,
3658 4739 3755 4794 lict:

2201 4845 2336 4882 meus
2364 4838 2408 4882 et
2432 4827 2569 4883 Deus
2607 4846 2764 4894 meus,
2789 4844 3024 4884 amorem
3072 4846 3223 4885 suum
3278 4832 3533 4885 iudicans.
3577 4827 3755 4883 Deinde

2199 4917 2353 4973 allen
2381 4933 2589 4988 causas,
2620 4930 2834 4988 propter
2860 4935 2989 4988 quas
3020 4920 3129 4973 vult
3154 4937 3270 4977 eam
3316 4920 3569 4975 exaudiri.
3608 4918 3750 4984 Qua:-

2201 5024 2323 5064 nam
2350 5017 2525 5064 autem
2551 5019 2672 5063 sunt
2692 5025 2770 5065 ea:
2790 5013 2813 5061 ’τ
2841 5011 2896 5065 4.
2922 5010 3171 5076 Quoniam
3196 5012 3263 5064 ad
3281 5022 3327 5066 te
3346 5014 3513 5074 orabo,
3541 5010 3750 5065 Domine.

2200 5102 2348 5170 Quis,
2381 5102 2604 5171 inquies,
2640 5101 2801 5156 Deum
2832 5117 2934 5158 non
2962 5094 3116 5159 erat?
3137 5104 3278 5159 Multi
3305 5103 3751 5173 videnturqnidem

2204 5193 2368 5247 Deum
2398 5206 2553 5247 orare
2583 5211 2596 5245 :
2622 5192 2717 5247 sed
2750 5193 2799 5246 id
2822 5192 3038 5258 faciunt,
3069 5205 3123 5247 ut
3160 5210 3218 5249 se
3262 5204 3525 5255 ostentent
3547 5192 3753 5247 homini-

2202 5282 2322 5337 bus.
2370 5283 2437 5337 At
2486 5298 2590 5336 non
2640 5282 2754 5337 huic
2782 5304 2794 5339 :
2823 5283 2915 5337 sed
2960 5284 3027 5339 ad
3069 5284 3233 5340 Deum
3281 5286 3449 5355 ipsum
3487 5283 3746 5342 ferebatur,

2204 5374 2452 5428 humanis
2477 5372 2636 5428 rebus
2662 5374 2910 5429 onmibus
2939 5374 3193 5429 dimissis.
3228 5375 3380 5431 Mane
3412 5374 3636 5430 exaudiet
3675 5386 3749 5422 ro-

2203 5480 2308 5517 cem
2352 5479 2538 5517 meam.
2569 5462 2730 5518 Vides
2770 5462 3058 5519 vehemens
3096 5465 3351 5532 studium,
3392 5475 3445 5518 et
3484 5462 3749 5518 etmtrituut

2202 5552 2471 5607 animum?
2497 5554 2541 5606 A
2575 5553 2830 5622 principio
2858 5554 2985 5622 dici,
3019 5555 3204 5625 inquit,
3254 5555 3356 5610 hoc
3388 5570 3504 5625 ago.
3544 5549 3752 5607 Audiam

2204 5645 2295 5712 qui
2325 5651 2441 5712 post
2482 5646 2757 5697 innumera
2784 5660 2946 5714 opera
2980 5644 3189 5699 tandem
3238 5645 3453 5699 veniunt
3479 5641 3541 5697 ad
3570 5644 3746 5693 oratio-

2208 5751 2350 5790 nem.
2373 5736 2442 5789 At
2463 5751 2566 5790 non
2594 5737 2702 5806 ipsa
2731 5754 2743 5791 :
2770 5736 2859 5792 sed
2882 5737 2948 5793 ab
2970 5737 3117 5792 initio
3143 5737 3247 5793 diei
3274 5737 3430 5794 dabat
3455 5737 3557 5791 Deo
3589 5728 3755 5802 primi-
