4032 6284
461 487 603 559 αὕτη
623 504 635 520 ·
672 486 789 542 ἀλλ’
818 488 882 542 ὲκ
928 488 1227 559 προοιμίων
1257 488 1360 559 τῆς
1393 489 1605 560 ἡμέρας
1646 486 1745 549 τὰς
1780 482 2037 555 ἀπαρχὰς

463 572 633 629 ιδίδου
669 570 747 642 τῷ
775 570 912 642 Θεῷ.
944 570 1043 625 Δεῖ
1067 572 1198 644 γὰρ,
1236 573 1387 643 φησι,
1429 570 1682 640 φθάνειν
1726 570 1836 623 τὸν
1865 567 2044 635 ἥλιον

464 653 557 712 ἐπ’
607 655 996 723 εὐχαριστίαν
1026 669 1144 710 σου
1164 699 1179 722 ,
1211 655 1310 709 καὶ
1347 653 1461 724 πρὸ
1503 650 1809 718 ἀνατολῆς
1849 651 2044 720 φωτὸς

464 736 858 807 ἐντυγχάνειν
892 754 1013 793 σοι.
1059 740 1132 792 Σὺ
1169 738 1225 793 δὲ
1255 738 1350 793 ἐπὶ
1400 738 1497 810 μὲν
1531 736 1793 807 βασιλέως
1837 736 1939 788 οὐκ
1974 736 2042 788 ἂν

464 820 718 891 ἀνάσχοιο
743 820 832 874 τὸν
857 820 1114 876 ἐλάττονα
1138 822 1243 893 πρὸ
1263 816 1356 875 σοῦ
1379 820 1716 894 προλαϐόντα
1735 818 2045 892 προσκυνῆ·

467 921 587 958 σαι·
618 905 733 959 νυνὶ
760 903 818 959 δὲ
873 902 1022 976 ἡλίου
1065 905 1489 977 προσκυνοῦντος
1541 903 1819 967 καθεύδεις
1859 902 2041 970 αὐτὸς,

448 991 562 1062 ,καὶ
591 991 894 1061 ἀναχωρεϊς
916 990 980 1062 τῇ
1006 992 1180 1043 κτίσει
1205 991 1302 1061 τῆς
1327 990 1613 1062 προεδρίας
1636 1001 1687 1052 α,
1710 988 1803 1040 καὶ
1823 985 1882 1039 ού
1916 986 2045 1055 φθά-

442 1060 577 1136 ’νεις
596 1060 812 1125 ἃπασαν
830 1060 1060 1145 [55])τὴν
1084 1060 1268 1125 κτίσιν
1282 1060 1380 1144 τὴν
1400 1071 1486 1126 διὰ
1506 1073 1563 1125 σὲ
1587 1069 1903 1141 γενομένην,
1922 1069 2043 1121 οὐδὲ

464 1153 727 1219 ἀποδίδως
767 1156 916 1227 αὐτῷ
946 1156 1015 1209 τὰ
1060 1158 1480 1229 εὐχαριστήρια,
1524 1156 1639 1209 ἀλλ’
1687 1154 2044 1224 ἀνιστάμενος

465 1239 560 1293 καὶ
595 1238 717 1308 ὄψιν
754 1239 1102 1310 περικλύςεις
1138 1241 1232 1293 καὶ
1262 1243 1468 1311 χεῖρας,
1503 1240 1600 1311 τὴν
1642 1238 1698 1292 δὲ
1742 1237 1917 1308 ψυχὴν
1948 1254 2045 1289 πε-

463 1323 654 1394 ριορᾷς
698 1322 1042 1392 ἀκάθαρτον;
1095 1324 1207 1377 Οὐκ
1254 1320 1433 1385 οἶσθα,
1474 1324 1555 1376 ὅτι
1594 1321 1843 1394 καθάπερ
1892 1321 2044 1374 ὕδατι

458 1405 644 1476 σῶμα,
675 1404 817 1458 οὕτω
840 1405 907 1458 δι’
930 1405 1094 1480 εὐχῆς
1124 1407 1157 1475 ἠ
1189 1405 1336 1477 ψυχὴ
1359 1406 1712 1477 καθαίρετᾳις
1738 1405 1906 1473 Νίψον
1937 1404 2044 1456 τοίο

460 1505 560 1542 νυν
586 1488 692 1558 πρὸ
715 1487 807 1540 τοῦ
832 1485 1082 1556 σώματος
1106 1488 1202 1560 τὴν
1227 1488 1422 1559 ψυχήν.
1452 1488 1651 1541 Πολλαι
1687 1489 1855 1558 λῆμαι
1887 1503 2045 1559 προσ-

468 1570 709 1625 ίστανται
745 1571 880 1641 αύτῇ
921 1570 1150 1634 κακίας·
1182 1571 1386 1635 ταύτας
1438 1569 1768 1641 ἀποθώμεθα
1806 1568 1895 1623 διά
1939 1570 2039 1639 τῆς

463 1654 718 1721 δεήσεως.
755 1654 851 1706 “Av
880 1653 990 1725 7&9
1017 1653 1160 1707 οὕτω
1188 1655 1249 1707 τὸ
1283 1654 1455 1724 στόμα
1485 1654 1813 1725 τειχίσωμεν
1831 1692 1846 1715 ,
1879 1652 2044 1707 καλὸν

464 1736 714 1805 θεμέλιον
751 1738 850 1806 τῆς
900 1736 1274 1808 καθημερινῆς
1314 1738 1566 1809 πράξεως
1610 1735 2041 1807 καταϐαλοῦμεν.

469 1819 541 1873 Τὸ
571 1819 721 1887 πρωϊ
743 1819 1211 1888 παραστήσομαι
1235 1835 1355 1881 σοι.
1383 1820 1481 1873 καὶ
1507 1820 1826 1890 ἐπόψομαι.
1852 1823 2047 1888 Παρα-

463 1901 767 1971 στήσομαί
795 1916 913 1968 σοι,
950 1903 1009 1956 ού
1038 1903 1208 1974 τόπῳ,
1246 1905 1428 1974 φησὶν,
1459 1903 1573 1957 ἀλλ’
1599 1904 1800 1975 ἔργοις.
1846 1904 1904 1957 Ὀ
1933 1904 2045 1977 γὰρ

464 1985 703 2048 τοιοῦτος
738 1985 905 2053 ἐγγὺς
948 1985 1201 2055 γενέσθαι
1244 1987 1464 2040 δύναται
1502 1986 1596 2041 τοῦ
1632 1985 1790 2041 Θεοῦ.
1836 1988 1910 2040 Τὸ
1937 1987 2044 2059 γὰρ

465 2068 632 2137 ἐγγὺς
663 2067 757 2120 καὶ
775 2067 836 2121 τὸ
861 2067 1080 2139 μακρὰν
1110 2069 1358 2123 ἐντεῦθεν
1383 2070 1666 2141 συμϐαίνει
1687 2086 1700 2099 ⁸
1726 2071 1754 2123 ὁ
1782 2068 1886 2142 γὰρ
1913 2069 2044 2135 Θεὸς

464 2150 741 2221 πανταχοῦ
776 2153 913 2205 ἔστι.
947 2152 1415 2223 Παραστήσομαί
1438 2169 1560 2217 σοι,
1590 2152 1688 2207 καί
1719 2153 2042 2224 ἐπόψομαι,

463 2233 555 2288 ὅτι
578 2235 715 2304 οὐχί
743 2234 889 2301 Θεὸς
909 2234 1101 2289 θέλων
1129 2236 1388 2305 ἀνομίαν
1415 2235 1497 2290 σὺ
1522 2232 1594 2291 εἶ.
1618 2236 1844 2308 Ἕτερος
1875 2238 2048 2308 ἑρμη-

464 2320 659 2387 νευτής
692 2334 858 2388 φησι⁸
898 2318 1005 2372 Καὶ
1034 2319 1352 2390 σκοπήσω,
1385 2319 1475 2373 ὅτι
1504 2320 1642 2390 οὐχί
1682 2321 1828 2387 Θεὸς
1854 2322 2048 2375 θέλων

464 2397 722 2468 ἀνομίαν
760 2399 841 2453 σὺ
871 2400 944 2453 ετ.
984 2400 1136 2454 Οὐδὲ
1175 2402 1533 2471 παροικῆσαι
1578 2404 1699 2456 σοι’
1723 2404 2048 2470 πονηρευό-

458 2497 663 2552 μενος.
724 2481 987 2536 Ἐνταῦθα
1028 2482 1098 2535 τὰ
1125 2482 1317 2537 εἴδωλα
1346 2484 1636 2538 αἰνίττεται
1661 2503 1675 2517 ο
1709 2486 1791 2539 ὃτι
1838 2484 2048 2548 τούτοις

464 2565 703 2637 ἔχαιρον,
737 2565 833 2619 καὶ
871 2566 1186 2638 παρανομίᾳ
1229 2568 1401 2642 πάσῃ,
1435 2567 1532 2622 καὶ
1568 2571 1681 2633 τοῖς
1709 2569 1890 2634 ἄλλοις
1936 2571 2047 2633 τοῖς

466 2649 525 2701 ἐν
551 2648 786 2719 πονηρίᾳ
821 2647 1160 2720 πράγμασιν.
1202 2647 1356 2704 Οὐδὲ
1395 2651 1753 2721 παροικήσει
1793 2670 1906 2729 σοι*
1940 2666 2048 2707 πο-

464 2732 889 2800 ντιρευόμενος.
921 2731 1035 2785 Οὐκ
1064 2731 1212 2787 ἔσται
1238 2749 1342 2797 σοι,
1374 2735 1528 2803 φησὶ,
1565 2735 1736 2805 φίλος,
1762 2735 1863 2790 οὐκ
1894 2735 2047 2789 ἔσται

467 2831 553 2869 σοι
575 2812 817 2883 πλησίον.
840 2812 995 2868 Οὐδὲ
1014 2814 1365 2885 διαμενοῦσι
1386 2817 1715 2888 παράνομοι
1729 2817 2048 2873 κατέναντι

463 2893 585 2950 τῶν
614 2895 938 2966 ὀφθαλμῶν
968 2911 1106 2951 σου.
1148 2898 1222 2952 Τδ
1265 2901 1631 2972 μισοπόνηρον
1671 2900 1765 2955 τοῦ
1794 2900 1931 2954 Θεοῦ
1961 2902 2049 2953 ὲν-

463 2979 642 3035 ταῦθα
676 2979 946 3043 δείκνυσι,
973 2979 1241 3035 διδάσκων
1273 2985 1399 3047 τοὺς
1428 2985 1597 3053 ἐγγὺς
1633 2984 1798 3039 αὑτοῦ
1827 2984 2049 3054 γινομέ-

463 3080 591 3125 νους
629 3062 902 3126 τοιούτους
942 3063 1170 3126 ἑαυτοὺς
1208 3068 1676 3132 κατασκευάζειν,
1702 3067 1779 3132 ώς
1802 3068 1903 3122 οὐκ
1926 3067 2047 3121 ένὺν

462 3145 640 3211 ἄλλως
669 3147 920 3215 γενέσθαι
953 3146 1138 3216 ἐγγύς.
1170 3149 1234 3202 EI
1261 3149 1374 3219 7&9
1398 3150 1671 3222 ἀνθρώπῳ
1703 3150 1924 3223 χρηστῷ
1947 3150 2048 3205 οὐκ

464 3232 535 3288 ἃν
559 3247 645 3294 τις
671 3230 887 3285 δύναιτο
911 3231 1164 3299 γενέσθαι
1189 3231 1438 3304 πλησίον,
1463 3236 1576 3299 τοῖς
1596 3236 1820 3307 τρόποις
1842 3236 2051 3307 διεστη-

457 3312 582 3378 κὼς
613 3314 800 3379 αὐτοῦ,
837 3313 1015 3386 πολλῷ
1051 3315 1249 3385 μᾶλλον
1280 3316 1475 3388 τούτῳ.
1498 3319 1622 3372 Ὅτι
1648 3317 1760 3391 γὰρ
1795 3317 2049 3374 δύνανται

466 3397 737 3467 ὲναρέτων
764 3397 973 3469 ἀνδρῶν
1000 3399 1167 3467 ἐγγὺς
1185 3400 1440 3468 γενέσθαι
1467 3401 1516 3454 οἱ
1547 3401 1796 3472 πονηροὶ,
1819 3402 2048 3456 ἄκουσον

458 3481 520 3539 τί
569 3498 700 3550 φασι
733 3482 861 3552 περὶ
891 3481 986 3535 τοῦ
1025 3483 1267 3537 δικαίου·
1309 3484 1507 3552 Βαρύς
1547 3485 1717 3539 ἐστιν
1752 3485 1899 3555 ἡμῖν
1949 3485 2050 3540 καὶ

462 3564 864 3632 βλεπόμενος.
910 3564 1066 3619 Οὕτω
1111 3567 1207 3620 καὶ
1250 3566 1533 3639 Ἱωάνννης
1577 3569 1638 3622 τὸ
1678 3568 2047 3642 δεσμωτήριον

454 3647 634 3705 -οίκῶν
667 3650 761 3702 καὶ
787 3648 864 3721 μὴ
887 3649 1163 3721 ὁρώμενος
1194 3649 1381 3704 ἐλύπει
1419 3653 1519 3723 τὴν
1559 3653 1861 3724 Ἡρωδιάδα
1883 3671 1897 3685 ⁸
1928 3655 2050 3708 καί-

453 3754 550 3790 τοι
580 3735 831 3790 τοσοῦτον
879 3736 1043 3791 αὐτοῦ
1087 3738 1407 3810 ἀφειστήκει
1444 3740 1506 3792 τὸ
1537 3740 1776 3810 γύναιον·
1816 3742 1953 3813 μετὰ
1992 3742 2049 3797 δὲ

422 3824 566 3897 ,τὴν
594 3825 868 3896 τελευτὴν,
900 3826 994 3879 καὶ
1018 3824 1111 3879 τοῦ
1134 3827 1399 3898 τυρᾲννου
1427 3828 1549 3881 τότε
1586 3829 1794 3884 ἐκείνου
1830 3830 1893 3883 τὸ
1922 3847 2048 3884 συν-

453 3887 606 3978 αιδὸς
629 3887 897 3967 κατέσειε.
933 3914 1138 3985 Μηδεὶς
1172 3887 1354 3968 τοίνυν
1388 3915 1497 3968 τῶν
1528 3918 1586 3970 ὲν
1629 3917 1798 3989 ἀρετῇ
1831 3916 2049 3982 ζώντων

456 4000 707 4073 κήγείσθω
743 4018 797 4053 τι
825 4001 1056 4070 πάσχειν
1086 4001 1279 4065 δεινὸν,
1306 4001 1408 4057 κᾶν
1450 4003 1868 4076 ὲπιϐουλεύηται
1898 4006 2048 4075 παρά

453 4087 576 4154 πῶν
607 4086 880 4159 πονηρῶν.
916 4089 980 4141 Ol
1006 4088 1113 4160 7&9
1148 4087 1446 4160 πάσχοντες
1470 4085 1657 4157 κακῶς
1689 4093 1740 4146 οἱ
1770 4094 2048 4158 ποιοῦντές

450 4178 623 4239 πείσω.
661 4176 996 4247 Ἐμίσησιις
1025 4175 1258 4243 πάντας
1286 4176 1426 4243 τοὺς
1481 4177 1906 4250 ἐργαζομένους
1933 4181 2049 4252 τὴν

452 4263 745 4331 ,άνομίαν,
809 4263 1058 4330 ἀπολεῖς
1115 4263 1347 4333 πάντας
1393 4267 1537 4332 τοὺς
1584 4269 1929 4336 λαλοῦντας
1980 4268 2048 4323 τὸ

461 4349 715 4418 ψεῦδος.
748 4350 963 4418 Ἄνδρα
987 4351 1247 4421 αἱμάτων
1282 4353 1380 4406 καὶ
1404 4355 1615 4408 δόλιον
1633 4356 2048 4420 ,βδελύσσεται

458 4435 703 4502 Κύριος.
746 4433 930 4488 Ταῦτα
962 4434 1207 4505 λέγεται,
1251 4440 1350 4509 οὐχ
1391 4439 1476 4493 ἵνα
1508 4439 1830 4512 ἀκούσωμεν
1864 4443 2045 4513 μόνον,

460 4519 583 4579 ,ἀλλ’
614 4519 700 4574 ἵνα
722 4520 815 4573 καὶ
837 4521 1218 4593 παιδευώμεθα
1239 4524 1267 4563 δ
1288 4525 1460 4580 ταῦτα
1481 4527 1719 4598 συνεχῶς
1738 4528 2046 4597 ἀκούοντες,

464 4608 566 4665 ’καὶ
594 4607 672 4679 τῷ
695 4608 880 4680 τρόπῳ
903 4608 996 4662 τοῦ
1029 4611 1264 4681 νυμφίου
1296 4614 1630 4684 ἁρμόζεσθαι
1649 4659 1664 4684 ,
1705 4618 1798 4671 καὶ
1824 4619 2048 4689 πλησίον

468 4695 635 4749 αὐτοῦ
663 4694 930 4763 γίνεσθαι.
950 4697 1058 4779 -Ὠς
1081 4696 1147 4751 ἀν
1177 4697 1252 4770 μὴ
1274 4699 1446 4753 ταῦτα
1473 4697 1528 4773 ᾖ,
1561 4703 1915 4776 ὲρημούμεθα
1949 4706 2048 4779 τῆς

466 4782 674 4843 ἄνωθεν
703 4783 897 4854 ῥοπῆς,
917 4777 979 4836 οὗ
1003 4784 1154 4838 οὐδὲν
1177 4786 1244 4840 ἂν
1266 4787 1472 4856 γένοιτο
1493 4792 1694 4861 χεῖρον.

536 4871 601 4931 δ’.
628 4873 956 4941 Ἐμίσησας
1000 4872 1233 4943 πάντας
1276 4877 1420 4944 τοὺς
1468 4878 1895 4951 ἐργαζομένους
1930 4883 2048 4954 τὴν

463 4959 742 5028 ἀνομίαν·
771 4959 873 5013 κᾶν
899 4959 1082 5024 δοῦλος
1102 4956 1158 5037 ᾗ,
1189 4964 1343 5034 φησὶ,
1371 4964 1475 5021 κᾶν
1503 4966 1918 5041 ὲλεύθερος,κᾶν
1949 4972 2047 5045 βα-

466 5047 670 5110 σιλεὺς,
713 5046 817 5100 κᾶν
844 5048 1111 5109 ὁστισοῦν.
1142 5048 1220 5106 Οὐ
1258 5051 1367 5124 γάρ
1410 5053 1517 5107 ἀπὸ
1554 5055 1662 5109 τῶν
1693 5056 2041 5131 ἀξιωμάτων,

387 5143 393 5165 ς
460 5135 583 5199 ἀλλ’
622 5135 731 5190 ἀπὸ
767 5137 865 5207 τῆς
915 5138 1116 5210 ἀρετῆς
1142 5140 1269 5203 τοὺς
1304 5140 1490 5210 φίλους
1524 5144 1796 5217 ἐγκρίνειν
1842 5148 1872 5203 ὁ
1913 5149 2044 5214 Θεὸς

466 5224 679 5283 εἴωθεν.
735 5225 875 5283 Ἀλλ’
908 5227 1097 5303 ἐπειδὴ
1140 5228 1324 5284 πολλοὶ
1359 5231 1469 5287 τῶν
1520 5235 1846 5308 παχυτέρων
1894 5239 2044 5295 οὐδὲν

462 5311 725 5383 ἡγοῦνται
757 5312 817 5367 τὸ
861 5316 1016 5385 μῖσος
1047 5311 1208 5383 εἶναι,
1237 5318 1465 5381 ἄκουσον
1510 5323 1627 5386 πῶς
1654 5325 1903 5395 ἐπήγαγε
1949 5329 2043 5382 καὶ

465 5398 741 5463 κολάσεως
786 5401 970 5470 φόϐον,
1019 5401 1188 5461 εἰπών
1208 5421 1221 5434 ·
1282 5405 1554 5475 Ἀπολεῖς
1613 5411 1846 5479 πάντας
1902 5414 2044 5481 τοὺς

457 5485 805 5553 λαλοῦντας
826 5489 895 5542 τὸ
921 5489 1167 5565 ψεῦδος
1193 5492 1282 5550 ἐπὶ
1306 5492 1367 5546 τὸ
1402 5497 1705 5573 παχύτερον
1730 5499 1839 5561 τῶν
1865 5494 2046 5573 ἁμαρ-

457 5573 773 5645 τανομένων
835 5575 925 5631 τὸν
973 5577 1129 5646 λόγον
1190 5582 1515 5651 μετατιθείς.
1580 5587 1655 5649 Οὐ
1719 5589 1827 5660 7&9
1879 5589 2042 5661 μέχρι

519 5737 551 5840 ξ
578 5736 701 5801 Reg.
726 5739 807 5816 καί
830 5742 1127 5850 παραχωρεῖς
1144 5749 1202 5808 τῇ
1222 5746 1447 5814 προεδρίᾳ
1464 5753 1547 5808 τῆς
1568 5750 1789 5809 κτίσεως.

575 5799 694 5850 Reg.
727 5818 806 5850 και
825 5818 889 5850 αα
915 5818 1058 5850 ωηεν.

617 5813 694 5864 eg.
727 5813 806 5852 και
824 5813 1058 5866 μάθωμεν.

1123 372 1184 428 S.
1222 370 1506 429 JOANNIS
1543 365 2038 427 CHRYSOSTOMI
2074 363 2403 457 ARQHIEP.
2441 365 2997 424 CONSTANTINOP.

3645 368 3718 423 66

2145 480 2241 535 τοῦ
2292 482 2483 552 μίσους
2528 486 2781 556 στήσεται
2821 482 2893 538 τὰ
2937 484 3035 554 τῆς
3065 480 3354 552 τιμωρίας,
3394 476 3572 535 καίτοι
3620 480 3721 535 καὶ

2142 570 2301 625 τοῦτο
2326 571 2532 642 ἄφατοε
2561 572 2781 636 κόλασις
2798 589 2812 602 ·
2846 570 2983 625 ἀλλὰ
3012 571 3106 623 καὶ
3138 569 3345 632 πάντας
3372 565 3563 622 ἀπολεί
3588 568 3722 632 τοὺς

2143 658 2441 727 λαλοῦντας
2458 664 2520 715 τὸ
2535 661 2750 732 ψεῦδος.
2770 661 2962 715 Καίτοι
2984 661 3080 714 καὶ
3094 658 3156 713 τὺ
3174 658 3439 730 πρότερον
3458 656 3719 726 χαλεπὸν,

2143 748 2239 802 καὶ
2261 748 2484 821 γεέννης
2498 752 2697 822 χεῖρον,
2718 749 2778 802 τὸ
2796 749 3090 820 μισηθῆναι
3107 746 3256 818 παρὰ
3268 743 3424 798 Θεοῦ·
3453 742 3563 815 [54]
3580 741 3723 797 ἀλλά

2143 838 2281 909 πρὸς
2306 839 2404 909 μὲν
2417 842 2543 903 τοὺς
2569 838 2805 894 συνιέναι
2828 838 3155 909 δυναμένους
3178 836 3355 890 έκεῖνο
3369 834 3553 904 ἔθηκε·
3578 831 3722 902 πρὸς

2142 925 2199 978 δὲ
2235 927 2362 989 τοὺς
2383 926 2722 997 παχυτέρους
2754 927 2847 980 καὶ
2872 924 3029 979 τοῦτο
3052 922 3380 993 προσέθηκε.
3421 918 3513 990 Μὴ
3538 916 3722 972 τοίνυν

2145 1012 2483 1085 θορυϐηθῇς,
2522 1013 2796 1084 ἄνθρωπε,
2844 1011 2979 1083 μηδὲ
3014 1010 3312 1082 ταράττον,
3343 1006 3563 1060 ὲπειδάν
3601 1005 3724 1077 ἴδῃς

2143 1102 2294 1166 τινὰς
2316 1102 2700 1174 ψευδομένους,
2732 1103 3095 1174 ἁρπάζοντας,
3122 1095 3592 1159 πλεονεκτοῦντας,
3620 1093 3724 1149 καὶ

2148 1190 2313 1261 μηδὲν
2361 1190 2669 1261 πάσχοντας
2704 1190 2904 1243 δεινόν·
2938 1189 3091 1242 ἔσται
3125 1187 3233 1256 γὰρ
3278 1186 3493 1247 πάντως
3536 1181 3719 1235 τοῦτο.

2145 1277 2380 1349 Τοιαύτη
2421 1279 2528 1350 γὰρ
2563 1281 2596 1350 ἡ
2638 1278 2731 1332 τοῦ
2766 1276 2902 1331 Θεοῦ
2939 1276 3127 1347 φύσιςο
3159 1272 3561 1344 ἀποστρέφεται
3620 1285 3724 1323 πο-

2145 1365 2358 1435 νηρίαν,
2384 1368 2534 1436 μισεῖ
2551 1383 2609 1418 τε
2639 1364 2805 1436 αὐτὴν
2833 1366 2948 1423 ἀεὶ,
2977 1366 3070 1417 καὶ
3096 1361 3480 1432 ἀπεχθάνεται.
3498 1357 3542 1409 Τ
3544 1357 3634 1419 οὺς
3659 1354 3723 1407 δὲ

2143 1450 2434 1517 λαλοῦντας
2459 1454 2520 1507 τὸ
2557 1453 2748 1524 ψεῦδος
2790 1450 3024 1506 ἐνταῦθα
3049 1450 3196 1519 λέγει
3224 1449 3350 1511 τοὺς
3388 1447 3446 1500 ὲν
3485 1441 3724 1516 πονηρίᾳ
3770 1492 3777 1499 .

2146 1540 2414 1611 βιοῦντας,
2452 1544 2577 1607 τοὺς
2604 1542 2672 1596 τὰ
2699 1541 2870 1614 ψευδῆ
2908 1541 3209 1612 πράγματα
3245 1536 3560 1597 διώκοντας,
3591 1533 3722 1594 τοὺς

2144 1634 2274 1703 περὶ
2306 1631 2533 1702 ἡδονὰς,
2572 1633 2699 1696 τοὺς
2743 1631 2872 1703 περὶ
2907 1627 3347 1700 γαστριμαργίαν
3368 1664 3386 1691 .
3419 1624 3547 1686 τοὺς
3590 1619 3724 1689 ’περὶ

2144 1719 2454 1785 πλεονεξίαν
2474 1720 2860 1792 ἐπτοημένους.
2888 1715 3010 1772 υἷδε
3029 1717 3138 1787 γὰρ
3160 1715 3339 1770 πάντα
3357 1709 3530 1765 ταῦτα
3548 1707 3722 1780 ψεύδη

2144 1809 2349 1863 καλεῖν.
2393 1809 2608 1879 Ἄνδρα
2647 1808 2908 1878 αἱμάτων
2937 1808 3035 1861 καί
3065 1807 3274 1860 δόλιον
3309 1800 3723 1868 βδελύσσεται

2143 1897 2377 1965 Κύριος.
2400 1896 2503 1950 Τὸν
2523 1896 2741 1966 φονικὸν
2752 1894 2987 1950 ἐνταῦθά
2998 1911 3149 1965 φησι,
3170 1892 3262 1946 τὸν
3282 1887 3719 1947 ἐπιϐουλεύοντα,

2143 1984 2234 2038 τὸν
2248 1984 2500 2050 ὓπουλον,
2516 1986 2608 2039 τὸν
2630 1983 2764 2038 ἄλλα
2786 1984 2883 2056 μὲν
2899 1985 2991 2036 ἐπὶ
3014 1982 3276 2052 στόματος
3288 1979 3542 2050 φέροντα,
3556 1975 3724 2045 ἔτερα

2143 2072 2200 2126 δὲ
2224 2074 2316 2127 ἐπὶ
2333 2075 2433 2145 τῆς
2456 2073 2709 2138 διανοίας,
2731 2074 2823 2127 τὸν
2844 2071 3222 2145 περικείμενον
3246 2066 3584 2139 προσωπεῖον
3601 2064 3726 2114 Em-

2147 2162 2370 2227 εικείας,
2391 2163 2462 2215 τὰ
2482 2161 2539 2215 δὲ
2564 2160 2743 2215 λύκων
2762 2158 3223 2229 ἐπιδεικνύμενον,
3243 2150 3305 2209 οὗ
3330 2155 3508 2226 χεῖρον
3532 2150 3633 2204 οὐκ
3653 2146 3726 2202 ἂν

2145 2250 2354 2319 γένοιτο
2371 2249 2542 2303 οὐδέν.
2574 2250 2632 2303 '0
2648 2248 2745 2321 μὲν
2761 2248 2866 2321 γὰρ
2883 2247 3039 2317 δῆλος
3058 2243 3246 2316 ἐχθρὸς
3283 2244 3377 2297 καὶ
3388 2237 3727 2308 εὐφύλακτος

2145 2339 2339 2409 γένοιτ’
2370 2338 2455 2392 ἀν·
2482 2339 2512 2391 ὁ
2533 2338 2589 2392 δὲ
2619 2335 3012 2408 συγκαλύπτων
3038 2335 3137 2401 τὴν
3167 2331 3431 2403 πονηρίαν
3455 2327 3549 2382 καὶ
3571 2323 3723 2397 χρώ-

2150 2443 2309 2496 μενος
2341 2429 2410 2498 τῇ
2457 2425 2660 2496 κακίᾳ,
2692 2422 3041 2497 δυσφώρατος
3083 2419 3180 2486 ὢν,
3217 2416 3387 2473 πολλά
3430 2414 3727 2490 ἐργάζεται

2144 2515 2214 2568 τὰ
2242 2513 2408 2569 δεινά.
2460 2513 2560 2569 Διά
2588 2512 2745 2568 τοῦτο
2770 2513 2864 2568 καὶ
2902 2515 2931 2567 ὁ
2971 2509 3223 2582 Χριστὸς,
3256 2505 3418 2579 ήνίκα
3441 2502 3508 2558 ἀν
3541 2516 3726 2572 παρα-

2146 2600 2411 2669 γίνοιντο,
2456 2601 2648 2673 νήφειν
2694 2600 2997 2655 ἐκέλευσεν.
3053 2599 3370 2667 Ἐρχονται
3423 2591 3532 2663 γάρ
3571 2585 3727 2656 πρὸς

2144 2688 2302 2760 ὑμᾶς
2320 2690 2389 2744 ἐν
2408 2688 2698 2759 ἐνδύμασι
2718 2685 3043 2757 προϐάτων,
3066 2684 3293 2739 ἔσωθεν
3313 2679 3380 2735 δέ
3403 2682 3521 2734 εισι
3543 2677 3726 2732 λύκοι

2147 2779 2431 2852 ἅρπαγες.
2478 2778 2621 2848 Ἐγὼ
2661 2777 2732 2832 δὲ
2763 2776 2833 2832 ἐν
2866 2774 2946 2842 τῷ
2974 2773 3190 2840 πλήθει
3221 2766 3326 2825 τοῦ
3364 2766 3574 2832 ἐλέους
3601 2778 3726 2852 σου

2145 2850 2568 2939 είσελεύσομαι
2594 2869 2682 2934 εἰς
2711 2865 2819 2921 τὸν
2846 2861 3014 2920 οἶκόν
3049 2879 3187 2918 σου.
3232 2856 3450 2943 Ἐπειδὴ
3473 2855 3580 2926 γὰρ
3612 2850 3728 2907 ἀπὸ

2145 2958 2402 3013 τοιού-των
2426 2961 2460 3030 ή
2503 2955 2798 3027 Ἐκκλησία
2824 2953 3153 3016 συνείλεκτο,
3193 2948 3478 3019 Ἑλλήνων,
3508 2943 3723 3030 μάγων.

2147 3029 2506 3118 ἀνδροφόνων,
2537 3046 2772 3116 γοήτων,
2795 3040 3064 3113 ψευστῶν,
3093 3037 3359 3102 ὑπούλων,
3393 3032 3515 3087 εἷπε
3537 3030 3615 3092 δὲ,
3639 3029 3728 3118 ὅτι

2151 3116 2328 3205 μισεῖς
2359 3134 2454 3188 καὶ
2486 3133 2823 3206 ἀποστρέφῃ,
2859 3128 3132 3193 δεικνῦσα,
3162 3127 3242 3180 ὅτι
3272 3124 3370 3194 οὐχ
3398 3120 3536 3192 αὕτη
3579 3116 3727 3172 κατὰ

2146 3222 2490 3294 δικαιοσύνην
2537 3222 2631 3274 καὶ
2678 3217 3107 3292 κατορθώματα,
3154 3213 3293 3270 ἀλλά
3341 3209 3482 3266 κατά
3535 3206 3727 3278 φιλαν-

2148 3309 2396 3382 θρωπίαν
2429 3309 2810 3380 ἀπαλλαγεῖσα
2839 3307 3061 3361 ἐκείνων
3095 3304 3174 3369 είς
3215 3302 3286 3356 τὰ
3326 3299 3578 3355 ὲνδότατα
3609 3297 3729 3349 είσο

2147 3399 2331 3469 ήγετο,
2347 3398 2627 3469 ἐπήγαγεν
2644 3414 2658 3428 -
2706 3394 2853 3465 Ἐγὼ
2876 3394 2945 3449 δὲ
2962 3393 3034 3448 ἐν
3049 3391 3129 3458 τῷ
3150 3389 3365 3456 πλήθει
3385 3386 3491 3442 τοῦ
3511 3384 3725 3452 ἐλέους

2148 3503 2265 3541 σου
2294 3488 2717 3555 εἰσελεύσομαι
2749 3486 2836 3550 είς
2860 3482 2968 3537 τὸν
2994 3478 3163 3536 οἶκόν
3180 3493 3316 3533 σου.
3354 3476 3472 3530 Ἵνα
3500 3472 3609 3543 γὰρ
3640 3472 3723 3545 μή

2147 3590 2231 3638 τις
2260 3573 2392 3644 λέγῃ
2413 3591 2428 3607 ι
2471 3573 2592 3638 Πῶς
2617 3569 2710 3626 οὖν
2737 3572 2801 3625 σὺ
2827 3573 2860 3642 ή
2884 3569 2955 3623 τὰ
2981 3568 3076 3623 καὶ
3100 3566 3170 3620 τά
3197 3560 3548 3637 ἐργασαμένη
3580 3559 3722 3614 ὲσώ-

2149 3662 2283 3734 θης;
2346 3657 2467 3715 εἷπε
2521 3661 2613 3715 τὸν
2655 3661 2856 3731 τρόπον
2902 3658 3002 3728 τῆς
3044 3654 3337 3726 σωτηρίας,
3370 3652 3453 3707 ὅτι
3477 3649 3574 3703 Διά
3619 3648 3721 3718 τὴν

2147 3750 2347 3824 πολλὴν
2398 3749 2825 3821 φιλανθρωπίαν,
2873 3747 2962 3801 διὰ
3007 3746 3106 3818 τὴν
3156 3744 3361 3813 ἄφατον
3408 3738 3724 3809 ἀγαθότητα

2148 3839 2378 3911 ἐσώθην.
2421 3839 2558 3892 Ἀλλ’
2598 3837 2701 3891 εἰσί
2734 3853 2896 3899 τινες,
2941 3835 2991 3889 οἳ
3037 3834 3156 3889 οὐδὲ
3202 3833 3348 3886 ἔλεον
3383 3829 3725 3902 προσίενται,

2149 3929 2342 3983 ἀνίατα
2370 3927 2671 3990 νοσοῦντες,
2692 3921 2793 3979 οἷοι
2816 3920 2956 3998 ἦσαν
2976 3927 3024 3979 οἱ
3063 3924 3304 3978 Ἰουδαῖοι
3328 3941 3342 3953 ο
3374 3923 3408 3993 ή
3433 3919 3540 3991 γάρ
3559 3917 3724 3988 χάρις

2149 4020 2243 4073 καὶ
2269 4021 2298 4073 ὁ
2325 4017 2492 4081 ἔλεος,
2527 4017 2629 4072 κάν
2660 4017 2818 4087 χάρις
2917 4016 3011 4069 καὶ⁷
3034 4013 3202 4079 ἔλεος,
3227 4012 3362 4068 ἀλλὰ
3385 4011 3509 4074 τοὺς
3536 4007 3723 4079 βουλο-

2152 4107 2345 4178 μένους
2378 4107 2473 4161 καὶ
2506 4108 2664 4178 χάριν
2695 4104 2917 4175 ἔχοντας
2948 4103 3144 4169 σώζει,
3178 4105 3239 4157 ού
3284 4105 3410 4165 τοὺς
3450 4100 3725 4170 ἀφηνιῶνι-

2148 4213 2248 4261 τας
2277 4196 2371 4250 καὶ
2406 4197 2481 4269 μὴ
2534 4196 2888 4268 βουλομένους
2917 4194 3170 4260 δέξασθαι
3216 4192 3313 4265 τὴν
3356 4193 3584 4266 δωρεὰν,
3617 4186 3723 4245 οἷοι

2124 4286 2437 4356 ,γεγόνασιν
2464 4289 2516 4341 οἱ
2563 4286 2824 4351 Ἰουδαῖοι,
2869 4285 2998 4356 περὶ
3029 4277 3103 4338 ὦν
3137 4284 3232 4339 καὶ
3274 4283 3484 4346 Παῦλος
3511 4282 3719 4351 ἔλεγεν,

2147 4376 2231 4429 ὅτι
2273 4376 2660 4445 Ἀτνοοῦντες
2685 4374 2802 4443 τὴν
2838 4375 2944 4430 τοῦ
2984 4374 3131 4430 Θεοῦ
3167 4373 3587 4440 δικαιοσύνην,
3619 4374 3720 4425 καὶ

2145 4462 2264 4532 τὴν
2288 4463 2448 4517 ιδίαν
2485 4462 2879 4530 δικαιοσύνην
2907 4462 3219 4531 ζητοῦντες
3245 4461 3491 4531 στῆσαι,
3525 4461 3602 4532 τῇ
3630 4462 3722 4516 δι-

2146 4551 2443 4619 καιοσύνῃ
2476 4550 2584 4605 τοῦ
2619 4550 2766 4605 Θεοῦ
2792 4552 2904 4619 οὐχ
2929 4550 3339 4620 ὑπετάγησαν.
3372 4546 3503 4605 Εἶτα
3527 4550 3720 4624 ἐπειδὴ

2146 4635 2268 4693 εἷπε
2298 4639 2367 4692 τὰ
2393 4639 2486 4694 τοῦ
2516 4639 2672 4705 Θεοῦ,
2704 4640 2851 4708 λέγει
2879 4641 2973 4693 καὶ
2996 4640 3065 4694 τὰ
3096 4643 3226 4713 παρ’
3259 4641 3460 4713 ἑαυτῆς
3483 4660 3497 4673 ·
3525 4645 3721 4712 Προσ-

2147 4727 2395 4795 κυνήσω
2438 4729 2590 4797 πρὸς
2644 4727 2798 4784 ναὸν
2849 4728 3021 4800 ἅγιόν
3070 4742 3187 4783 σου
3237 4729 3308 4783 ἐν
3371 4732 3532 4799 φόϐῳ
3574 4743 3716 4784 σου.

2150 4817 2319 4870 Ὅταν
2347 4817 2456 4890 7&9
2484 4816 2705 4888 χάριτος
2733 4816 3045 4883 ἀπολαύσω,
3076 4818 3171 4871 καλ⁵
3193 4817 3263 4871 τά
3302 4819 3429 4890 παρ’
3475 4819 3719 4890 ἐμαυτῆς

2146 4907 2460 4976 εἰσενέγκω,
2510 4906 2710 4978 ταύτην
2759 4907 2977 4962 είσοίσω
3024 4925 3105 4962 σοι
3149 4908 3249 4980 τὴν
3297 4909 3509 4973 θυσίαν,
3544 4911 3719 4981 φησί’

2144 4995 2558 5064 Προσκυνήσω
2590 4994 2740 5064 πρὸς
2767 4995 2919 5049 ναὸν
2953 4995 3123 5066 ἅγιόν
3150 5011 3267 5050 σου
3294 4997 3364 5050 ἐν
3390 4998 3550 5067 φόϐῳ
3575 5014 3717 5058 σου.

2147 5085 2223 5138 Οὐ
2264 5085 2516 5156 καθάπερ
2563 5084 2613 5136 οί
2664 5083 2850 5137 πολλοὶ
2897 5084 3006 5137 τῶν
3038 5086 3379 5155 εὐχομένων,
3424 5086 3714 5156 κνώμενοι,

2145 5172 2514 5244 χασμώμενοι,
2549 5172 2877 5241 ναρκῶντες,
2914 5172 3048 5227 ἀλλά
3087 5173 3224 5243 μετὰ
3258 5173 3422 5242 φόϐου
3467 5177 3559 5231 καὶ
3588 5176 3716 5247 τρό-

2149 5277 2273 5331 μου,
2306 5260 2488 5331 φησίν.
2536 5259 2593 5312 '0
2622 5260 2731 5329 7&9
2766 5258 2938 5322 οὕτως
2966 5260 3275 5330 εὐχόμενος,
3307 5264 3487 5317 πᾶσαν
3518 5265 3719 5318 κακίαν

2146 5347 2492 5411 ἀποτίθεται,
2539 5346 2673 5416 πρὸς
2719 5348 2897 5401 πᾶσαν
2928 5347 3128 5421 ἀρετὴν
3157 5355 3596 5423 χειραγωγεῖται,
3625 5353 3717 5405 τὸν

2144 5435 2276 5489 Θεδν
2306 5435 2463 5489 ἵλεων
2489 5435 2806 5505 καθίστησιν
2840 5436 3037 5508 ἐαυτῷ.
3081 5438 3277 5507 Κύριε,
3308 5438 3618 5508 όδήγησόν
3640 5456 3718 5509 με

2142 5524 2213 5577 ἐν
2232 5522 2309 5592 τῇ
2323 5522 2680 5592 δικαιοσύνῃ
2702 5540 2818 5578 σου
2837 5523 3015 5578 ἕνεκα
3034 5523 3153 5579 τῶν
3174 5527 3404 5596 ἐχθρῶν
3416 5546 3554 5596 μου.
3584 5526 3718 5586 Eine

2142 5618 2268 5679 τοὺς
2296 5616 2494 5687 ὕμνους
2527 5616 2619 5669 τοῦ
2653 5615 2809 5681 Θεοῦ,
2843 5619 2904 5670 τὸ
2938 5619 3333 5690 μισοπόνηρον,
3512 5620 3572 5675 τὸ
3597 5619 3720 5690 φιλ-

2145 5708 2450 5779 ἀνθρωπον,
2467 5708 2528 5760 τὸ
2547 5709 2918 5779 κηδεμονικὸν,
2946 5706 3063 5763 εἷπε
3084 5712 3180 5782 τὴν
3200 5714 3395 5783 ἑαυτῆς
3423 5714 3715 5786 σωτηρίαν,

2116 5796 2265 5859 ἐἷπε
2293 5799 2384 5861 τὸν
2413 5800 2612 5874 τρόπον
2659 5803 2780 5867 καθ’
2810 5804 2870 5865 ὃν
2914 5800 3093 5883 ἐσώθη
3121 5845 3136 5872 ,
3184 5803 3301 5869 εἷπε
3332 5805 3451 5866 τίνα
3480 5806 3625 5880 μετά
3656 5796 3721 5862 τι
