4032 6284
301 319 366 378 es
1448 325 1808 386 προειπο
1845 329 1909 386 IN
1948 311 2268 391 PSALIIUM
2309 332 2372 397 v.

300 443 415 488 tias.
469 435 680 496 Oportet
724 435 890 497 enim,
935 436 1128 505 lnquit,
1172 437 1242 489 ad
1295 439 1486 508 gratias
1523 440 1613 494 tibi
1662 442 1888 507 agendus

297 528 450 580 solent
470 528 777 593 prtcsenirr,
807 537 851 580 et
875 537 994 582 ante
1011 539 1178 581 ortum
1195 529 1321 582 lucis
1341 537 1388 583 le
1411 529 1598 598 alloqui
1621 530 1775 603 (Sap.
1799 533 1885 586 16.

295 617 408 682 98).
436 615 515 669 Ὑιι
541 625 724 670 autem
749 632 854 670 nou
886 618 1103 686 patiaris
1133 628 1188 672 ιιι
1209 619 1275 684 is,
1309 620 1396 688 qui
1445 629 1495 674 te
1535 620 1756 675 inferior
1792 621 1882 688 sit,

295 706 672 775 imperatorem
701 719 829 762 ante
869 718 920 762 te
949 708 1136 763 adoret
1166 729 1179 764 :
1214 724 1352 764 nunc
1400 719 1578 764 autem
1609 711 1724 766 sole
1758 711 1884 769 ado-

294 809 438 851 rante
470 799 586 866 ipse
610 798 838 862 dormis,
872 808 925 853 et
953 798 1101 853 cedis
1130 799 1304 868 primo
1331 799 1452 854 loco
1471 810 1754 866 creaturae,
1783 817 1884 856 nec

291 905 504 943 omnem
556 902 862 944 creaturam
911 892 1204 959 praevenis,
1241 906 1360 959 qua:
1398 902 1615 960 propter
1646 901 1696 946 te
1744 891 1881 947 facta

289 991 386 1045 est,
416 997 526 1035 nec
548 983 594 1034 ei
628 982 742 1050 agis
790 983 1007 1051 gratias,
1062 981 1155 1036 sed
1200 997 1320 1034 cum
1352 982 1561 1050 .surgis,
1591 999 1777 1036 manus
1826 993 1881 1038 ct

287 1073 477 1126 facient
528 1071 695 1138 lavas,
743 1077 974 1127 animam
1028 1082 1206 1126 autem
1249 1073 1574 1126 immundam
1621 1073 1880 1142 negligis?

285 1165 475 1216 Nescis
507 1162 646 1215 sicut
669 1178 867 1232 corpus
907 1178 1063 1232 aqua,
1101 1163 1170 1216 ita
1221 1163 1464 1218 oratione
1496 1162 1738 1216 mundari
1766 1165 1881 1217 ani-

284 1268 424 1306 mam
451 1253 475 1304 ?
508 1253 648 1307 Lava
677 1268 808 1324 ergo
836 1263 960 1309 ante
987 1269 1184 1324 corpus
1209 1254 1464 1308 animam.
1495 1253 1673 1308 Multa:
1695 1255 1768 1308 illi
1797 1255 1877 1309 itt-

281 1347 460 1400 sident
497 1348 744 1400 vitiorum
778 1349 1030 1412 maculae;
1061 1362 1153 1401 eas
1173 1348 1505 1417 expellamus
1548 1364 1643 1417 per
1680 1350 1876 1404 oratio-

281 1453 426 1491 netu.
451 1438 519 1492 Si
567 1439 710 1492 cnim
759 1453 821 1492 os
864 1448 1102 1491 nostrum
1147 1438 1215 1491 ita
1258 1439 1627 1505 tnunierimus,
1667 1437 1874 1494 diui-nte

277 1529 511 1581 actionis
553 1528 834 1596 pulchrum
858 1529 1146 1596 jecerimus
1187 1527 1608 1584 fundamentum.
1640 1529 1692 1584 5.
1717 1529 1872 1583 Mane

275 1619 498 1673 adstabo
533 1620 642 1685 tibi,
675 1630 721 1672 et
745 1619 935 1672 videbo.
970 1619 1191 1674 Adstabo
1222 1619 1330 1686 tibi,
1361 1635 1465 1673 non
1495 1620 1612 1674 loco
1633 1660 1647 1684 ,
1673 1621 1862 1688 inquit,

273 1709 370 1764 sed
402 1711 578 1764 factis.
604 1710 705 1777 Qui
729 1711 870 1765 enim
891 1711 1010 1765 talis
1035 1719 1136 1776 est,
1166 1710 1210 1764 is
1238 1725 1400 1779 prope
1427 1709 1593 1764 Deum
1624 1726 1742 1765 esse
1767 1727 1868 1780 po-

274 1807 401 1853 test.
425 1800 496 1854 Ut
521 1800 667 1855 enim
695 1815 864 1870 prepe
890 1801 1076 1862 simus,
1103 1801 1184 1854 vel
1215 1799 1415 1868 procul,
1447 1816 1516 1860 ex
1557 1815 1623 1856 eo
1649 1802 1862 1856 evenit:

272 1888 418 1943 Deus
450 1891 598 1943 enim
639 1899 725 1944 est
776 1890 990 1960 ubique.
1018 1890 1242 1944 Adstabo
1272 1890 1380 1957 tibi,
1413 1901 1460 1944 et
1487 1892 1660 1945 uidebo
1684 1933 1700 1958 ,
1748 1909 1865 1963 quo-

269 1980 413 2031 niam
450 1997 555 2032 non
599 1981 737 2035 Deus
785 1981 954 2034 volens
982 1981 1297 2050 iniquitatem
1326 1991 1379 2034 tu
1403 1998 1475 2036 es.
1509 1983 1658 2037 Alius
1695 1985 1861 2038 inter-

267 2086 396 2142 pres
418 2072 551 2126 dicit
581 2090 595 2126 :
616 2071 684 2126 Et
705 2073 1029 2127 considerabo
1053 2074 1187 2144 quod
1215 2091 1314 2127 non
1332 2073 1470 2128 Deus
1485 2075 1652 2128 volens
1678 2076 1862 2147 iniqui-

266 2175 424 2217 tatem
447 2173 501 2217 tu
528 2181 579 2218 es
601 2163 702 2234 (a).
734 2163 788 2218 6.
818 2163 995 2235 Neque
1022 2164 1262 2217 habitabit
1294 2166 1448 2234 juxta
1495 2175 1542 2218 te
1587 2166 1856 2235 malignus.

263 2256 571 2311 Simulacra
602 2256 690 2310 hic
719 2257 908 2322 innuit,
942 2255 1082 2326 quod
1115 2257 1196 2309 his
1245 2255 1663 2322 delectarentur,
1702 2266 1758 2310 ut
1805 2266 1860 2312 et

261 2351 415 2404 omni
448 2350 749 2420 iniquitate,
779 2350 1046 2420 rebusque
1081 2349 1358 2418 improbis.
1403 2348 1582 2420 Neque
1615 2350 1856 2404 habitabit

253 2443 414 2511 juxta
433 2450 483 2495 te
501 2442 778 2512 malignus.
817 2440 934 2496 Non
973 2443 1074 2496 erit
1118 2441 1232 2506 tibi,
1282 2441 1467 2511 inquit,
1490 2441 1714 2507 amicus,
1748 2457 1853 2496 non

259 2534 371 2588 erit
391 2532 485 2587 tibi
512 2533 741 2588 vicinus.
773 2531 950 2602 Neque
978 2531 1335 2602 permanebunt
1361 2533 1540 2604 injusti
1554 2541 1670 2586 ante
1681 2534 1855 2587 oculos

259 2635 398 2679 tuos.
429 2623 677 2680 OStendit
703 2623 789 2679 hic
815 2623 980 2678 Deum
1011 2623 1188 2678 odisse
1213 2623 1400 2687 malos,
1431 2623 1631 2679 docens
1657 2624 1852 2694 eosqui

259 2715 341 2770 i'tli
374 2716 658 2787 propinqui
708 2731 830 2771 esse
873 2715 1075 2781 volent,
1114 2725 1170 2769 ut
1197 2716 1403 2786 seipsos
1431 2717 1564 2770 tales
1604 2715 1848 2783 reddant,

255 2808 403 2879 quod
434 2824 540 2862 non
571 2808 673 2861 alia
701 2809 906 2861 ratione
926 2822 1094 2878 pr0pe
1120 2823 1240 2862 eum
1267 2823 1388 2862 esse
1421 2808 1594 2862 liceat.
1619 2807 1676 2862 Si
1703 2809 1848 2863 enim

257 2901 382 2956 viro
408 2901 554 2955 bono
603 2915 711 2954 non
765 2900 935 2970 possit
983 2913 1104 2954 esse
1157 2900 1504 2970 propinquus,
1554 2900 1642 2970 qui
1687 2902 1755 2954 ab
1781 2915 1848 2956 eo

253 2992 530 3062 discrepet
570 2991 808 3046 moribus
837 3008 851 3044 :
884 2991 932 3046 ei
963 2994 1127 3045 multo
1158 2993 1346 3060 magis.
1397 2991 1548 3058 Quod
1571 2992 1712 3048 enim
1743 2993 1846 3048 im-

254 3086 413 3156 probi
465 3100 572 3139 non
616 3083 821 3154 possint
841 3099 960 3139 esse
986 3083 1162 3153 probis
1212 3083 1510 3152 propinqui.
1549 3083 1671 3138 audi
1716 3085 1844 3154 quid

253 3178 442 3233 dicant
468 3178 536 3232 de
561 3178 747 3246 justo:
770 3176 949 3232 Grauis
975 3187 1048 3231 est
1077 3176 1217 3230 nobis
1249 3177 1324 3230 vel
1357 3177 1402 3231 si
1442 3187 1636 3230 tantum
1676 3179 1847 3233 videa-

254 3279 339 3324 tur
365 3270 383 3339 (
409 3267 540 3339 Sap.
571 3268 627 3322 2.
657 3269 726 3324 15
746 3268 786 3338 ).
811 3267 884 3322 lta
911 3267 1146 3324 Joannes
1170 3268 1254 3323 vel
1299 3283 1461 3338 agens
1508 3269 1560 3322 in
1604 3283 1840 3336 carcere,

252 3377 378 3416 cum
409 3376 479 3416 ne
507 3361 779 3415 videretur
822 3360 1036 3431 quidem
1067 3401 1082 3427 ,
1113 3361 1371 3415 molestus
1391 3370 1508 3415 erat
1531 3360 1838 3430 Herodiadi,

254 3454 380 3508 licet
411 3463 616 3508 tantutn
645 3454 711 3507 ab
737 3467 803 3508 eo
829 3453 1019 3507 mulier
1048 3452 1263 3506 abesset
1295 3469 1308 3505 :
1342 3461 1460 3521 post
1485 3463 1712 3507 mortem
1742 3469 1842 3507 au-

254 3557 384 3614 tem,
418 3549 580 3601 etiam
614 3547 752 3600 illius
773 3546 860 3615 qui
901 3555 1030 3600 tunc
1055 3553 1172 3600 erat
1219 3544 1430 3615 tyranni
1461 3545 1688 3599 vexabat
1713 3559 1843 3599 con-

251 3638 556 3694 seientiam.
589 3637 759 3692 Nemo
808 3650 938 3706 ergo
963 3651 1150 3690 eorum
1181 3635 1271 3706 qui
1318 3634 1370 3688 in
1399 3635 1593 3690 virtute
1631 3636 1837 3703 vivunt,

251 3744 497 3800 segrave
545 3729 743 3798 aliquid
788 3730 894 3798 pati
937 3728 1226 3793 existimet,
1275 3728 1483 3783 etiamsi
1531 3728 1756 3798 improbi
1788 3729 1838 3784 ei

250 3821 592 3876 insidientur.
640 3819 739 3887 Qui
792 3819 934 3874 enim
979 3817 1118 3872 male
1165 3817 1402 3882 faciunt,
1449 3817 1487 3871 ii
1547 3819 1836 3887 patiuntur.

249 3912 303 3966 7.
339 3911 509 3965 Odisti
528 3927 697 3964 omnes
715 3912 798 3980 qui
823 3919 1093 3980 aperantur
1112 3909 1438 3978 iniquitatem,
1467 3912 1644 3980 perdes
1668 3927 1839 3966 omnes

251 4005 336 4074 qui
351 4005 630 4072 loquuntur
652 4003 988 4055 mendacium.
1022 3999 1200 4054 Virum
1219 4001 1525 4071 sanguinum
1537 4010 1583 4056 et
1602 4002 1836 4055 dolosam

247 4095 624 4149 abominabitur
652 4093 922 4146 Dominus.
954 4093 1078 4146 Haec
1099 4092 1368 4158 dicuntur,
1401 4105 1506 4145 non
1555 4101 1612 4146 ut
1661 4092 1836 4148 solum

247 4187 548 4248 audiamus,
582 4185 675 4239 sed
696 4185 853 4239 etiam
874 4193 929 4238 ut
954 4183 1242 4238 doceamur
1261 4181 1374 4237 haec
1394 4182 1605 4238 assidue
1616 4183 1838 4238 audien-

250 4289 349 4344 tes,
377 4288 433 4333 et
454 4278 639 4347 Sponsi
668 4277 906 4332 moribus
948 4291 1266 4346 congruere,
1297 4285 1351 4330 et
1379 4277 1426 4330 ei
1458 4291 1582 4330 esse
1607 4279 1834 4346 propin-

247 4371 358 4440 qui.
389 4371 447 4425 Si
474 4370 618 4424 enim
643 4369 757 4424 haec
781 4384 886 4423 non
914 4368 1063 4432 ﬁant,
1091 4382 1327 4437 superno
1353 4367 1554 4422 auxilio
1577 4368 1826 4424 destitui-

248 4479 390 4527 mur,
423 4479 530 4532 quo
557 4462 691 4515 nihil
719 4469 893 4531 potest
913 4475 1033 4516 esse
1060 4460 1313 4515 delet-ius.

314 4555 372 4609 4.
418 4553 585 4606 Odisti
609 4569 779 4606 omnes
797 4553 882 4622 qui
902 4560 1174 4620 operantur
1201 4553 1519 4624 iniquitatem
1536 4569 1556 4608 .'.
1583 4553 1702 4608 sive
1722 4567 1835 4608 ser-

246 4660 366 4712 vus,
393 4644 585 4715 inquit,
615 4641 798 4710 fuerit,
826 4643 942 4698 sive
969 4642 1124 4708 liber,
1149 4644 1263 4698 sive
1289 4659 1383 4697 rex
1402 4686 1417 4709 ,
1448 4646 1561 4699 sive
1580 4632 1830 4714 quicum-

244 4753 350 4808 que
380 4736 564 4791 fuerit.
593 4734 708 4788 Non
763 4734 905 4789 enim
945 4749 1012 4789 ex
1061 4733 1339 4803 dignitate,
1379 4734 1474 4789 sed
1518 4750 1583 4789 ex
1636 4736 1832 4790 virtute

243 4829 387 4884 lulet
432 4828 577 4882 Deus
618 4825 820 4880 amicos
861 4825 1079 4895 eligere.
1134 4825 1240 4880 Sed
1291 4826 1543 4895 quoniam
1593 4826 1830 4881 nonnulli

243 4917 544 4975 crassiores
564 4917 743 4970 odium
776 4915 903 4969 nihil
931 4931 1049 4971 esse
1078 4916 1404 4981 existimant,
1428 4915 1833 4986 audiquomodo

244 5015 404 5068 etiam
433 5011 684 5082 supplicii
711 5010 963 5065 timorem
986 5010 1256 5064 induxerit
1285 5025 1300 5060 :
1337 5007 1528 5061 Perdes
1548 5025 1724 5063 omnes
1742 5011 1830 5079 qui

243 5109 519 5177 loquuntur
533 5103 853 5158 mendacium
877 5118 896 5157 :
915 5101 980 5156 ad
1022 5101 1075 5156 id
1111 5101 1254 5172 quod
1277 5110 1358 5157 est
1385 5101 1435 5155 in
1465 5103 1830 5171 peccatoribus

241 5198 476 5253 cassius
500 5197 802 5251 orationem
832 5194 1178 5249 transferens.
1211 5192 1335 5247 Non
1368 5192 1510 5249 enim
1555 5208 1726 5262 usque
1764 5192 1830 5248 ad

239 5291 420 5346 odium
444 5289 691 5345 subsistit
717 5287 1058 5357 supplicium,
1080 5286 1181 5341 etsi
1207 5285 1310 5340 hoc
1335 5300 1549 5356 quoque
1571 5287 1640 5340 sit
1667 5291 1826 5355 puni-

243 5383 318 5438 tio
357 5379 668 5448 inelfabilis,
697 5377 791 5433 sed
819 5378 979 5434 etiam
1007 5375 1195 5447 perdet
1216 5390 1402 5431 omnes
1431 5376 1521 5444 qui
1549 5376 1832 5446 loquuntur

295 5550 372 5613 (a)
405 5551 493 5598 Hic
508 5546 647 5596 locus
668 5547 722 5596 iu
741 5544 970 5607 Hexaplis
990 5545 1169 5594 nostris
1191 5555 1286 5593 non
1307 5543 1515 5613 integer
1537 5540 1712 5591 allatus
1732 5545 1828 5591 est.

231 5603 439 5689 Henna
463 5637 537 5686 sic
561 5636 746 5684 habent
771 5649 783 5682 :
809 5603 932 5682 ὡκ
973 5631 1096 5688 ww
1140 5630 1264 5709 van
1307 5603 1378 5678 5n
1402 5603 1476 5681 δι’)
1515 5629 1567 5678 ν)
1607 5627 1824 5682 unum:

236 5716 311 5782 ubi
338 5721 700 5782 Ιηιυτρτεενκαὶ
722 5730 890 5776 nonius
911 5726 968 5766 ὅτι
991 5727 1176 5782 0511.8“;
1191 5723 1303 5782 piam
1324 5726 1474 5782 ᾀνομὶαν
1491 5726 1535 5766 σὺ
1560 5722 1618 5765 ti:
1640 5721 1694 5764 El
1714 5726 1826 5764 (ξοη-

223 5781 461 5834 siderabo
485 5775 716 5844 quoniam
740 5775 834 5828 non
856 5785 986 5829 Deus
1009 5775 1165 5827 solens
1184 5775 1483 5839 iniquitatem
1506 5783 1557 5827 tu
1575 5790 1650 5828 es.

3505 353 3577 409 66

1996 444 2352 500 mendacium.
2383 446 2712 520 Quamquam
2736 454 2883 522 prius
2924 469 3136 526 quoque
3181 472 3340 528 grave
3369 472 3472 528 est,
3511 479 3566 522 ot

1991 534 2232 602 gchcuna
2268 537 2521 606 deterius,
2559 542 2684 597 odio
2728 544 2909 599 haberi
2955 561 2986 600 a
3037 547 3176 608 Deo:
3231 551 3325 606 sed
3367 553 3435 607 ad
3474 571 3570 610 eos

1989 627 2205 695 quidem
2261 632 2348 700 qui
2397 643 2622 701 possunt
2674 635 3015 706 intelligere,
3072 639 3201 696 illttd
3248 646 3422 712 posuit
3454 663 3468 700 :
3499 653 3567 702 ad

1988 719 2282 774 crassiores
2308 736 2437 776 vero
2464 722 2566 778 hoc
2591 739 2801 796 quoque
2826 728 3038 798 adjecit.
3063 729 3142 786 Ne
3185 748 3311 804 ergo
3359 746 3561 804 pertur-
3597 783 3606 817 ,

1987 808 2150 875 beris,
2177 826 2210 865 ο
2243 813 2404 868 ltomo
2423 857 2437 878 ,
2466 831 2640 887 neque
2669 820 2964 892 obstrepas,
2995 825 3206 893 quando
3233 828 3428 882 videris
3463 832 3556 885 aV-

1985 914 2116 968 quos
2137 905 2475 973 mentientes,
2505 909 2792 978 rapientes,
2824 913 2872 966 in
2895 913 3030 968 bona
3061 916 3287 972 aliorum
3311 919 3566 975 invaden-

1987 1000 2084 1055 tes,
2118 995 2206 1061 qui
2235 1004 2410 1051 tameu
2460 1001 2589 1054 nihil
2622 1003 2746 1056 mali
2798 1005 3070 1073 patiuntur
3099 1029 3112 1062 :
3145 1009 3244 1063 hoc
3289 1012 3430 1065 enim
3459 1015 3563 1068 erit

1982 1083 2218 1138 omnino.
2251 1086 2391 1141 Talis
2418 1099 2497 1143 est
2544 1092 2737 1161 quippe
2779 1093 2869 1147 Dei
2900 1106 3083 1152 natura
3117 1113 3433 1155 :aversatur
3457 1102 3558 1156 im-

1983 1175 2319 1244 probitatem,
2348 1195 2464 1234 eatn
2497 1195 2709 1252 semper
2736 1185 2848 1239 odit
2875 1197 2928 1241 et
2954 1189 3226 1246 abhorret.
3257 1193 3563 1263 Loqucutes

1979 1273 2156 1320 autem
2183 1269 2513 1327 mendacium
2546 1273 2632 1328 hic
2649 1275 2776 1330 dicit
2803 1293 2898 1332 eos
2936 1279 3024 1348 qui
3057 1283 3195 1336 male
3232 1283 3432 1349 vivunt,
3462 1299 3555 1340 eos

1977 1359 2064 1427 qui
2093 1374 2179 1414 res
2208 1360 2426 1418 fallaces
2455 1375 2864 1439 persequuntur,
2897 1385 2990 1424 eos
3014 1374 3100 1439 qui
3133 1372 3358 1436 libidini.
3391 1376 3552 1442 gulae,

1976 1457 2029 1502 et
2055 1452 2295 1506 avaritiae
2320 1463 2444 1508 sunt
2463 1455 2646 1510 dediti.
2679 1457 2804 1512 Haec
2829 1461 2970 1514 enim
2999 1464 3174 1516 omnia
3203 1465 3339 1519 solet
3363 1470 3556 1536 appel-
3637 1518 3641 1525 .

1975 1537 2085 1593 lure
2125 1541 2425 1598 mendacia.
2469 1545 2644 1600 Virum
2674 1551 2980 1620 sanguinum
3013 1562 3058 1605 et
3094 1554 3325 1609 dolosam
3361 1557 3553 1611 abanti-

1973 1630 2175 1686 nabitur
2204 1633 2475 1690 Dominus.
2508 1637 2790 1694 llotninem
2829 1642 2915 1695 hic
2942 1642 3072 1696 dicit
3102 1645 3190 1713 qui
3229 1647 3376 1702 caede
3403 1649 3554 1704 dolea

1971 1729 2161 1788 ctatur,
2195 1727 2282 1794 qui
2327 1727 2622 1794 insidiatur,
2647 1733 2733 1801 qui
2763 1741 2845 1786 est
2871 1732 3242 1791 fraudulentus
3285 1749 3338 1794 et
3378 1742 3552 1796 versi-

1919 1852 1926 1856 .
1969 1812 2142 1881 pellis,
2169 1817 2259 1885 qui
2300 1818 2444 1874 aliud
2477 1821 2634 1876 habet
2661 1825 2711 1877 in
2747 1839 2861 1891 ore,
2892 1827 3036 1880 aliud
3091 1829 3142 1882 in
3185 1839 3426 1899 pectore,
3455 1835 3545 1903 qui

1966 1907 2391 1966 mansuetudinis
2419 1913 2633 1982 quidem
2661 1930 2722 1970 ac
2748 1919 3018 1972 comitatis
3042 1935 3322 1990 personam
3356 1925 3542 1991 induit,

1964 1996 2059 2052 sed
2107 2013 2166 2054 se
2215 2001 2365 2057 factis
2399 2003 2577 2074 lupum
2628 2007 2879 2075 ostendit,
2909 2026 3015 2080 quo
3058 2012 3186 2066 nihil
3217 2017 3384 2084 possit
3425 2032 3549 2074 esse

1963 2086 2216 2145 deterius.
2246 2093 2474 2164 Apertus
2500 2098 2640 2152 enim
2672 2099 2918 2156 inimicus
2946 2112 3120 2171 potest
3149 2104 3300 2160 facile
3324 2109 3499 2162 caveri
3523 2126 3541 2166 :

1962 2179 2049 2247 qui
2080 2190 2255 2236 autem
2287 2186 2538 2239 malitiam
2585 2187 2798 2257 quidem
2839 2193 2997 2256 celat,
3039 2201 3096 2247 et
3121 2195 3286 2248 utitur
3315 2197 3538 2264 malitia,

1959 2284 2080 2324 cum
2109 2288 2214 2328 non
2245 2278 2409 2344 possit
2431 2276 2584 2334 facile
2604 2280 2953 2348 deprehendi,
2975 2283 3198 2351 plurima
3230 2287 3364 2340 mala
3391 2288 3538 2347 facit.

1959 2362 2218 2430 Quocirca
2266 2368 2509 2425 Christus
2550 2374 2744 2437 etiam,
2797 2376 3010 2444 quando
3058 2378 3130 2430 illi
3169 2381 3535 2449 accesserint,

1957 2457 2164 2511 sobrios
2186 2467 2239 2512 et
2266 2469 2498 2517 attentos
2536 2478 2633 2517 nos
2672 2479 2791 2518 esse
2815 2466 2988 2534 jubet.
3027 2465 3244 2521 Veniunt
3284 2470 3427 2525 enim
3468 2472 3538 2525 ad

1957 2562 2061 2612 vos,
2089 2548 2270 2618 inquit,
2305 2551 2357 2604 in
2385 2553 2687 2609 vestimentis
2707 2556 2872 2608 ovium
2902 2571 2921 2610 :
2948 2558 3080 2612 intus
3101 2569 3264 2612 autent
3284 2572 3402 2615 sunt
3428 2563 3537 2632 lupi

1954 2653 2162 2706 rapaces
2189 2639 2398 2710 (Matth.
2431 2643 2482 2694 7.
2517 2644 2628 2713 15).
2649 2645 2701 2699 8.
2725 2645 2835 2716 Ego
2849 2658 3016 2700 autem
3038 2648 3087 2700 in
3099 2650 3416 2706 multitudine
3437 2653 3534 2706 nti-

1952 2731 2239 2786 sericordia:
2260 2740 2359 2787 tute
2382 2734 2594 2788 introibo
2614 2736 2666 2789 in
2695 2735 2899 2791 domum
2921 2747 3076 2792 tuam.
3107 2739 3364 2806 Quoniam
3392 2745 3534 2800 enim

1952 2835 2015 2876 ex
2038 2823 2297 2891 ejusmodi
2325 2827 2628 2882 hominibus
2650 2827 2872 2883 collecta
2899 2839 3014 2884 erat
3045 2831 3303 2899 Ecclesia,
3322 2836 3534 2904 gentili-

1951 2912 2069 2977 bus,
2101 2917 2286 2985 magis,
2314 2917 2616 2985 homicidis,
2647 2919 3141 2990 prmstigiatoribus,
3167 2925 3529 2994 mendacibus,

1950 3004 2329 3075 deceptoribns
2363 3025 2377 3063 :
2410 3007 2621 3063 dixerat
2667 3019 2866 3078 autem,
2915 3011 3082 3067 Odisti
3128 3021 3182 3068 et
3222 3018 3530 3073 aversaris:

1948 3099 2238 3154 ostendens
2269 3115 2328 3156 se
2358 3118 2464 3156 non
2495 3119 2558 3157 ex
2597 3105 2802 3174 juStitia
2850 3115 2905 3160 et
2931 3116 3078 3162 recte
3109 3107 3283 3176 factis,
3317 3110 3412 3166 sed
3456 3127 3528 3166 ex

1948 3190 2088 3246 illius
2109 3193 2392 3249 clementia
2417 3197 2606 3252 abillis
2637 3199 2916 3254 liberatam
2953 3201 3006 3255 in
3036 3205 3329 3272 penetralia
3359 3205 3531 3261 intro-

1945 3282 2158 3338 ductam
2201 3301 2354 3353 esse,
2397 3289 2675 3356 subjunxit
2707 3307 2720 3342 :
2756 3289 2866 3360 Ego
2910 3301 3077 3346 autent
3115 3293 3170 3346 in
3209 3295 3533 3351 multitudine

1945 3375 2301 3432 misericordiae
2337 3389 2458 3446 tute,
2509 3382 2724 3436 itttroibo
2774 3383 2827 3437 in
2866 3384 3070 3438 domum
3112 3395 3271 3442 tuam.
3311 3388 3386 3443 Ne
3411 3390 3531 3459 quis

1945 3467 2085 3520 enim
2104 3466 2242 3522 dicat
2272 3487 2284 3522 :
2317 3469 2594 3536 Quomodo
2620 3489 2746 3544 ergo
2774 3483 2847 3538 ttt,
2877 3492 2995 3546 qua:
3018 3477 3132 3531 haec
3151 3487 3204 3533 et
3221 3479 3306 3534 illa
3333 3479 3528 3549 fecisti,

1944 3568 2152 3615 servata
2182 3562 2281 3615 es?
2321 3562 2454 3616 dixit
2488 3565 2700 3620 modutn
2738 3567 2922 3621 salutis
2951 3585 2964 3618 :
2999 3567 3219 3637 Pr0pter
3246 3586 3524 3641 magnam,

1944 3649 2134 3720 inquit,
2182 3651 2556 3720 clementiam,
2610 3665 2829 3726 propter
2871 3657 3190 3714 ineffabilem
3238 3661 3527 3719 bonitatem

1941 3753 2150 3795 servata
2201 3759 2339 3798 sum.
2395 3744 2500 3800 Sed
2549 3756 2674 3801 snut
2730 3749 2992 3816 nonnulli,
3049 3751 3140 3820 qui
3191 3767 3289 3806 nec
3320 3753 3529 3808 miseri.-

1941 3835 2174 3890 cordiam
2205 3837 2418 3906 quidem
2443 3837 2751 3904 admittunt,
2785 3841 3153 3897 immedicabili
3184 3845 3371 3899 morbo
3391 3846 3531 3899 allia

1941 3927 2033 3990 cti,
2073 3927 2370 3996 cujusmodi
2419 3939 2546 3983 sunt
2573 3929 2744 3984 Judaei
2777 3949 2788 3983 :
2821 3932 2988 4000 gratia
3028 3934 3168 3988 enim
3217 3945 3269 3988 et
3312 3936 3531 3990 miseria

1939 4020 2141 4084 cordia,
2173 4022 2270 4074 etsi
2296 4022 2360 4076 sit
2384 4024 2548 4092 gratia
2578 4033 2631 4076 et
2661 4015 3047 4088 miSericordia,
3075 4026 3314 4081 volentes
3342 4037 3530 4088 tamen.

1940 4123 1993 4166 et
2017 4112 2236 4181 gratiam
2259 4111 2515 4167 habentes
2541 4123 2736 4178 servat,
2770 4132 2872 4170 non
2905 4131 3007 4170 eos
3025 4116 3111 4186 qui
3142 4116 3393 4170 ell'renata
3425 4133 3524 4173 att-

1940 4201 2089 4256 daeia
2121 4211 2438 4272 repugnant,
2486 4213 2538 4257 et
2566 4205 2762 4258 donum
2808 4206 2994 4259 nolunt
3019 4206 3307 4277 suscipere,
3339 4210 3533 4277 quales.

1939 4294 2152 4350 fuerunt
2196 4295 2392 4360 Judmi,
2441 4295 2507 4350 de
2561 4298 2755 4366 quibus
2799 4299 2956 4352 etiam
3001 4298 3127 4353 dicit
3157 4299 3348 4355 Paulus
3378 4303 3532 4371 quot:

1937 4386 2226 4455 ignorantes
2264 4387 2364 4441 Dei
2394 4388 2684 4458 justitiam,
2717 4398 2763 4442 et
2792 4392 3055 4460 propriam
3089 4393 3341 4462 justitiam
3376 4413 3528 4465 quae».

1937 4489 2099 4532 rentes
2127 4489 2364 4546 statuere,
2408 4481 2626 4551 justitice
2671 4480 2767 4533 Dei
2798 4498 2898 4535 non
2948 4492 3064 4536 sunt
3085 4483 3297 4554 subjecti
3322 4484 3340 4556 (
3365 4484 3522 4545 lianc.

1939 4568 2029 4624 10.
2060 4571 2136 4638 5).
2168 4569 2368 4624 Deinde
2397 4571 2646 4640 quoniam
2675 4571 2741 4627 de
2775 4573 2882 4626 Deo
2910 4572 3062 4638 dixit,
3087 4574 3154 4628 de
3182 4576 3352 4647 seipsa
3381 4594 3517 4648 quo-

1937 4675 2040 4731 que
2071 4661 2303 4730 loquitur
2335 4678 2350 4715 :
2381 4661 2616 4715 Adorabo
2655 4662 2722 4715 ad
2753 4663 2992 4732 templum
3033 4675 3261 4720 sanctum
3300 4677 3438 4720 tuum
3467 4669 3529 4731 in.

1936 4752 2114 4805 timore
2169 4760 2272 4804 tuo.
2325 4750 2430 4806 Ubi.
2483 4753 2626 4809 enim
2704 4755 2929 4823 gratiam
2983 4770 3300 4826 accepero,
3355 4768 3524 4826 tunc,

1937 4845 2101 4915 inquit
2133 4885 2150 4911 ,
2202 4860 2318 4899 mea
2377 4845 2637 4907 oﬂ‘uram,
2702 4847 2800 4900 hoc
2857 4847 2950 4900 tibi
3010 4850 3326 4904 sacriﬁcium
3389 4849 3524 4905 offc-

1935 4954 2070 4993 ram.
2127 4938 2362 4992 Adorabo
2421 4941 2488 4991 ad
2540 4939 2784 5006 templum
2831 4951 3058 4994 sanctum
3124 4951 3262 4994 tuum
3326 4942 3377 4994 in
3437 4945 3533 4998 ti-s.

1936 5047 2075 5084 more
2123 5040 2228 5083 tuo.
2275 5031 2389 5084 Non
2441 5032 2595 5094 sicut,
2643 5032 2832 5101 inquit,
2871 5032 3019 5086 multi
3049 5033 3135 5100 qui
3183 5044 3355 5096 orant,
3398 5049 3524 5089 sese

1935 5123 2254 5192 scalpentes,
2282 5122 2513 5187 hiantes,
2528 5131 2909 5192 lorpescentes,
2945 5123 3036 5177 sed
3064 5138 3182 5176 cum
3208 5123 3416 5186 timore,
3439 5124 3524 5179 in-t

1935 5217 2068 5288 quit,
2096 5226 2148 5272 et
2176 5226 2426 5272 tremore.
2453 5216 2555 5281 Qui
2580 5216 2720 5269 enim
2755 5216 2832 5269 sic
2856 5223 2994 5276 orat,
3019 5229 3177 5268 omne
3209 5214 3389 5267 vitium
3416 5215 3528 5269 de-t

1935 5311 2101 5380 ponit,
2135 5308 2200 5362 ad
2229 5324 2441 5362 onmem
2469 5308 2714 5363 virtutem
2742 5307 3038 5369 deducitur,
3075 5307 3238 5359 Deum
3265 5305 3363 5360 sibi
3393 5307 3525 5365 redp.

1934 5401 2345 5472 ditpropitium.
2381 5399 2435 5453 9..
2487 5399 2722 5463 Domine,
2770 5400 2931 5474 deduc
2972 5414 3052 5451 me
3103 5399 3159 5452 in
3193 5399 3398 5469 justitia
3431 5412 3528 5454 tua

1935 5505 2138 5565 prapter
2163 5494 2390 5546 inimicos
2417 5509 2572 5546 meos.
2599 5493 2747 5546 Dixit
2773 5491 2953 5546 laudes
2984 5491 3098 5559 Dei,
3117 5491 3248 5547 dixit
3269 5493 3319 5547 in
3348 5495 3525 5549 malos

1933 5585 2141 5652 odium,
2193 5583 2608 5653 benignitatem,
2662 5582 3024 5650 clementiam,
3082 5583 3526 5653 sollicitudinem,

1936 5675 2068 5730 dixit
2093 5669 2247 5728 suam
2271 5675 2518 5738 salutem,
2561 5672 2690 5727 dixit
2720 5673 2990 5743 quomodo
3016 5683 3225 5730 servata
3264 5675 3353 5740 sit,
3387 5675 3528 5731 dixit

1930 5775 2217 5836 postquam
2244 5773 2451 5819 servata
2492 5760 2591 5818 fuit
2615 5777 2860 5834 quaenam
2887 5765 3159 5832 attulerit;
3192 5765 3321 5822 vitia
3358 5779 3531 5823 aver-
