4032 6284
455 351 527 408 67
1199 349 1254 403 S.
1295 347 1569 403 JOANNIS
1606 347 2076 404 CllllYSOSTOMl
2118 349 2435 406 ARClllEP.
2477 353 3004 412 CUNSTANTINOP.
3655 361 3730 415 GR

453 472 565 516 sata
586 470 688 526 est,
735 457 802 515 ad
831 459 1079 515 virtutem
1117 458 1337 513 deduxit
1366 477 1378 510 :
1408 459 1471 511 iis
1496 460 1652 512 etiam
1680 461 1769 527 qui
1790 465 1924 510 mule
1955 459 2036 510 vi-

451 559 606 617 vunt,
636 549 826 606 bonam
857 565 1005 619 spem
1028 549 1193 614 dedit,
1251 550 1294 602 si
1353 549 1616 602 voluerint
1662 549 1922 612 c0uverti,
1975 555 2031 600 ut

459 643 556 712 qui
582 645 784 711 possint
825 641 1240 695 miscricordiam
1281 639 1571 707 consequi;
1617 639 1879 692 convertit
1921 652 2035 692 scr-

457 747 668 788 moncm
720 731 786 784 ad
819 730 1146 800 petitionem,
1174 745 1290 800 qua:
1316 729 1568 798 deinceps
1596 729 1725 782 dicit
1757 747 1768 781 :
1797 727 2031 792 Domine,

459 823 624 876 deduc
653 839 731 876 me
759 825 810 875 in
830 823 1034 891 justitia
1062 833 1148 873 tua
1179 836 1314 889 :per
1339 820 1456 874 lucc
1506 819 1706 874 docens
1741 820 2034 872 auditorem

456 913 601 982 prius
626 911 853 984 hymnos
885 912 994 966 Deo
1021 911 1232 976 offerre,
1257 920 1312 964 et
1351 924 1446 978 pro
1496 909 1766 962 beneﬁciis
1805 923 1968 978 accep
1993 909 2037 962 is

453 1005 648 1075 gratias
673 1019 868 1072 agere;
898 1012 951 1058 et
979 1012 1104 1058 tunc
1127 1017 1245 1071 quae
1275 1003 1385 1055 vult
1415 1011 1613 1070 petere,
1640 1008 1694 1055 et
1720 1015 1816 1070 pro
1838 1001 1900 1054 iis
1920 1016 2036 1070 qua:

454 1094 722 1163 acceperit
749 1108 931 1148 rursus
955 1108 1112 1163 agere
1129 1093 1344 1161 gratias.
1375 1091 1480 1146 Sed
1501 1092 1773 1145 videamus
1793 1105 2034 1158 quamam

455 1201 516 1241 ea
545 1197 666 1241 sunt
697 1201 815 1254 qua:
851 1186 1002 1255 petit.
1039 1184 1174 1240 Num
1227 1182 1425 1253 aliquid
1449 1199 1634 1238 eorum
1660 1198 1778 1252 quae
1807 1181 1874 1236 ad
1901 1181 2037 1236 hanc

457 1279 616 1332 vitam
642 1276 944 1346 pertinent?
988 1274 1241 1344 numquid
1294 1273 1589 1341 temporale
1626 1287 1690 1326 ac
1737 1280 2036 1325 momenta-

458 1367 659 1422 neuni?
688 1366 941 1436 numquid
987 1380 1172 1420 eorum
1206 1379 1324 1434 qua:
1365 1362 1764 1432 prieterlluunt?
1793 1360 1928 1415 Num
1969 1361 2038 1412 de

456 1459 652 1514 divitiis
683 1457 950 1528 loquitur?
996 1473 1119 1511 num
1158 1457 1226 1511 de
1246 1455 1456 1524 gloria?
1488 1471 1613 1510 num
1659 1454 1727 1508 de
1768 1450 2039 1521 potentia?

457 1567 582 1605 num
609 1551 677 1605 de
705 1549 1020 1604 ulciscendis
1045 1549 1310 1603 inimicis?
1340 1547 1479 1602 Nihil
1510 1546 1720 1600 horum.
1745 1544 1848 1599 Sed
1875 1542 2039 1612 quid?

460 1641 690 1706 Domine,
716 1641 876 1694 deduc
898 1656 976 1693 me
1000 1641 1053 1692 in
1062 1638 1268 1708 justitia
1293 1648 1378 1691 tua
1403 1646 1607 1707 prapter
1633 1636 1860 1688 inimicos
1882 1649 2040 1687 meos.

463 1732 620 1787 Vides
640 1732 908 1802 quomodo
933 1730 1062 1786 nihil
1090 1731 1220 1800 petit
1237 1730 1436 1783 tluxum
1459 1738 1511 1782 et
1527 1727 1803 1793 caducum,
1835 1735 1888 1780 et
1911 1741 2044 1795 quo-

458 1823 619 1880 modo
647 1839 937 1893 supernum
961 1832 1114 1892 rogat
1137 1820 1428 1875 auxilium?
1453 1821 1550 1886 Qui
1583 1819 1724 1874 enim
1759 1833 1818 1872 ca
1841 1818 1924 1870 via
1951 1817 2036 1870 in-

458 1914 789 1984 grediuntur,
843 1927 908 1966 eo
951 1915 1180 1968 maxime
1230 1911 1426 1965 auxilio
1472 1910 1725 1979 indigent.
1777 1908 2042 1963 Justitiam

459 2013 636 2058 autem
668 2003 754 2058 hic
781 2003 910 2058 dicit
935 2003 1239 2057 universam
1267 2001 1512 2056 virtutem
1543 2000 1641 2069 (a).
1681 2000 1746 2053 Et
1790 2007 1936 2053 recte
1962 1996 2042 2052 di-

458 2095 554 2161 cit,
583 2094 644 2148 1η
671 2104 758 2148 tua
772 2094 994 2162 jnstitia.
1028 2093 1122 2147 Est
1158 2093 1297 2147 enim
1333 2092 1491 2146 etiam
1520 2090 1792 2145 hominum
1815 2089 2039 2158 justitia,

458 2203 579 2259 quae
608 2202 677 2241 ex
704 2186 940 2240 externis
989 2185 1191 2254 legibus
1243 2183 1616 2253 proﬁciscitur,
1668 2181 1762 2236 sed
1808 2181 1945 2244 vilis,
1989 2189 2046 2235 et

459 2293 579 2348 qua:
626 2275 757 2329 nihil
814 2276 974 2329 habet
1001 2274 1290 2342 perfectum
1317 2283 1370 2328 et
1397 2273 1717 2333 absolutum,
1745 2279 1796 2324 et
1836 2277 2046 2324 constat

459 2382 524 2420 ex
558 2366 800 2420 humanis
824 2364 1253 2434 cogitationibus.
1295 2363 1405 2432 Ego
1433 2371 1606 2416 autem
1637 2369 1778 2414 tuam
1809 2369 1929 2425 petp
1953 2359 2043 2428 ju-

459 2456 678 2520 stitiam,
705 2470 824 2524 quae
848 2469 873 2506 a
899 2463 949 2508 te
974 2453 1148 2507 delata
1172 2461 1274 2516 est,
1305 2467 1424 2521 quae
1468 2451 1612 2505 ducit
1660 2451 1712 2504 in
1745 2449 1962 2515 caelum;
1991 2456 2046 2503 ct

460 2548 733 2613 auxilium,
767 2556 825 2601 ut
855 2546 994 2600 hanc
1014 2545 1272 2614 justitiam
1300 2543 1430 2598 mihi
1457 2542 1736 2599 conciliem
1771 2542 1810 2594 ι.

531 2641 583 2694 5.
619 2639 782 2693 Recte
799 2647 973 2691 autem
997 2637 1126 2691 dixit
1147 2635 1296 2701 illud,
1319 2635 1491 2689 Deduc
1513 2651 1610 2688 me.
1634 2634 1878 2689 Prmsens
1901 2632 2041 2686 enim

461 2731 566 2784 vita
599 2730 681 2784 via
719 2737 802 2784 est
837 2743 954 2798 qua:
989 2737 1103 2782 uta
1135 2742 1295 2781 manu
1330 2741 1554 2795 superna
1593 2723 1883 2779 deducatur
1912 2737 2045 2792 Opus

462 2821 640 2875 habet.
659 2819 713 2875 Si
736 2820 876 2875 enim
897 2818 1077 2872 urbem
1102 2816 1384 2887 ingressuri
1406 2832 1537 2885 opus
1563 2815 1818 2869 habemus
1840 2813 2044 2884 aliquo,

459 2911 548 2981 qui
580 2910 716 2963 viam
755 2909 908 2962 nobis
952 2907 1176 2973 indicet,
1205 2906 1372 2960 multo
1401 2905 1567 2975 magis
1592 2905 1643 2958 in
1671 2904 1860 2959 etclum
1887 2919 2045 2972 pere-

461 3001 717 3072 grinaturi
759 3013 893 3070 opus
934 2997 1187 3053 habemus
1225 3012 1454 3066 superno
1495 2995 1712 3060 auxilio,
1740 3005 1796 3049 ut
1828 2995 2042 3061 indicet,

459 3091 742 3147 confirmet
785 3098 840 3144 et
877 3088 1102 3144 deducat
1135 3107 1147 3142 :
1181 3087 1358 3140 multae
1381 3087 1521 3141 enim
1544 3095 1668 3139 sunt
1694 3085 1896 3139 semita:
1925 3099 2045 3153 qua:

463 3185 748 3239 divertunt.
778 3182 1066 3250 Propterea
1090 3179 1360 3234 dexteram
1390 3179 1483 3233 Dei
1509 3187 1801 3232 teneamus.
1830 3174 2046 3246 Propter

458 3278 688 3332 inimicos
715 3291 869 3329 meos.
901 3273 1066 3340 Multi,
1098 3272 1283 3342 inquit,
1308 3269 1679 3339 conspirarunt
1707 3268 1925 3327 inimici,
1948 3281 2044 3321 vo-

461 3369 631 3424 lentes
650 3379 862 3434 gressus
884 3379 1030 3418 meos
1050 3363 1334 3428 divertere,
1354 3369 1406 3414 et
1425 3362 1475 3413 in
1498 3374 1732 3413 errorem
1754 3358 2040 3424 abducere,

463 3463 515 3514 in
547 3460 809 3528 aliamque
837 3457 975 3510 viam
1003 3455 1216 3510 ducere.
1263 3451 1394 3521 Quia
1425 3468 1550 3522 ergo
1588 3452 1721 3505 tales
1759 3458 1881 3506 sunt
1911 3450 2043 3504 insi-

461 3551 584 3615 dim,
613 3547 745 3602 tales
775 3547 1096 3608 invasiones,
1121 3545 1233 3614 ipse
1257 3558 1341 3596 me
1363 3541 1554 3596 deduc.
1587 3541 1702 3595 Tuo
1730 3541 1871 3596 enim
1904 3540 2046 3594 auxi-

462 3641 534 3694 lio
555 3651 708 3708 egeo.
739 3636 869 3691 Nam
898 3634 1026 3689 utin
1057 3635 1138 3687 via
1166 3632 1376 3703 quidem
1405 3630 1744 3694 deducamur,
1775 3629 1888 3700 ejus
1917 3637 1998 3683 est
2029 3647 2042 3682 :

463 3743 521 3787 ut
549 3739 726 3786 autem
758 3727 900 3798 digni
930 3728 1095 3782 simus
1116 3735 1174 3779 ut
1198 3725 1284 3778 illa
1319 3739 1477 3778 manu
1511 3732 1784 3777 teneamur
1803 3763 1817 3788 ,
1847 3729 2045 3774 nostra:

463 3823 534 3876 sit
557 3809 865 3890 diligentias.
899 3817 956 3873 Si
984 3815 1146 3871 fueris
1171 3815 1310 3870 enim
1339 3813 1660 3878 immundus,
1691 3827 1795 3866 non
1826 3820 1877 3865 te
1903 3818 2048 3865 tenet

464 3915 550 3968 illa
577 3925 763 3966 manus
787 3927 799 3962 :
823 3909 866 3964 si
894 3906 1055 3963 fueris
1079 3921 1269 3960 avarus
1287 3946 1302 3970 ,
1330 3905 1374 3958 si
1403 3904 1632 3974 aliquam
1663 3903 1817 3957 aliam
1846 3901 2048 3955 habens

464 4004 748 4060 maculam.
777 3999 956 4071 Dirige
979 4000 1033 4054 in
1056 4007 1323 4068 conspectu
1340 4007 1423 4051 tuo
1443 3997 1573 4050 viam
1595 4012 1754 4049 meam
1776 4011 1794 4049 :
1817 3994 1918 4049 hoc
1942 4001 2044 4060 est,

465 4096 570 4151 Fac
599 4094 725 4148 mihi
758 4109 875 4148 eam
908 4092 1124 4154 claram,
1155 4099 1412 4159 apertam,
1441 4097 1619 4142 notam
1645 4107 1658 4142 :
1689 4086 1771 4142 fac
1797 4097 1853 4142 ut
1878 4102 1941 4142 ea
1971 4088 2043 4142 sit

463 4187 600 4257 apud
624 4203 707 4240 me
728 4194 873 4240 certa
903 4191 956 4238 et
986 4189 1154 4236 recta.
1201 4180 1352 4234 Alius
1381 4190 1554 4232 autem
1588 4179 1848 4247 interpres
1868 4177 2001 4232 dixit
2028 4193 2044 4231 :

466 4279 745 4348 Complana
769 4285 883 4331 ante
907 4292 985 4330 me
1009 4274 1141 4329 viam
1175 4283 1345 4338 tuam;
1375 4271 1475 4326 hoc
1497 4280 1598 4337 est,
1624 4269 1809 4325 Redde
1839 4270 2045 4338 planam

464 4387 527 4426 ac
561 4371 790 4426 facilem.
817 4368 903 4424 10.
937 4367 1190 4435 Quoniam
1217 4382 1317 4420 non
1343 4373 1414 4418 est
1451 4365 1503 4417 in
1538 4379 1710 4417 eorum
1739 4361 1940 4428 veritas,
1962 4376 2049 4415 cor

464 4480 636 4519 eorum
657 4479 840 4516 vanum
864 4469 954 4514 est.
986 4459 1111 4514 Mihi
1135 4459 1338 4513 videtur
1360 4456 1472 4511 hate
1493 4456 1671 4510 dicere
1695 4463 1747 4508 et
1777 4453 1844 4508 de
1873 4455 1935 4508 iis
1957 4453 2047 4524 qui

466 4559 518 4612 in
547 4570 730 4610 errore
753 4562 1065 4615 versantur,
1097 4559 1151 4605 et
1191 4565 1251 4605 OS
1289 4561 1343 4603 et
1387 4558 1618 4603 mentem
1661 4560 1952 4612 accusans,
1992 4554 2050 4600 ut

467 4651 612 4706 omni
642 4650 782 4702 bono
801 4646 1141 4707 destitutam;
1174 4650 1229 4697 et
1252 4641 1318 4697 de
1339 4642 1402 4695 iis
1427 4642 1514 4711 qui
1536 4641 1718 4695 vivunt
1742 4639 1796 4693 in
1823 4638 2044 4694 scelere.

467 4743 552 4797 ll.
587 4739 890 4810 Sepulcrum
916 4744 1094 4806 patens
1124 4743 1194 4786 est
1229 4741 1398 4803 guttur
1426 4748 1616 4785 eorum.
1649 4729 1743 4784 Vel
1773 4729 2047 4784 hominum

465 4832 615 4888 caede
655 4828 930 4895 delectari,
972 4827 1056 4881 vel
1097 4833 1304 4879 mortua
1331 4831 1386 4878 et
1410 4822 1550 4877 male
1574 4822 1768 4876 olentia
1801 4821 2048 4892 dogmata

465 4926 704 4998 proferre
729 4921 816 4976 hic
841 4919 990 4976 dicit.
1017 4915 1134 4972 Non
1159 4915 1484 4970 aberraverit
1522 4913 1808 4982 quispiam,
1834 4914 1876 4966 si
1907 4912 2049 4967 dicat

464 5018 624 5074 etiam
651 5028 860 5079 eorum,
882 5010 972 5080 qui
1003 5009 1253 5063 obsccena
1284 5006 1445 5059 verba
1477 5004 1764 5073 loquuntur
1784 5043 1798 5066 ,
1827 5018 1918 5056 ora
1950 5017 2046 5072 pa-

467 5119 583 5164 tcns
605 5104 907 5174 sepulcrum
936 5096 1251 5169 appellasse.
1287 5094 1381 5149 Ille
1407 5094 1549 5148 enim
1575 5092 1735 5147 fcetor
1759 5101 1841 5147 est
1870 5093 2045 5146 sensi-

468 5199 558 5254 bili
595 5197 761 5253 multo
799 5192 1030 5264 gravior,
1059 5188 1150 5258 qui
1183 5186 1397 5257 quidem
1437 5201 1500 5240 ex
1541 5185 1732 5238 anima:
1769 5182 2048 5253 putredine

465 5291 674 5345 oritur:
704 5294 827 5342 sunt
853 5285 1012 5340 etiam
1039 5295 1320 5334 avarorum
1358 5294 1451 5334 ora
1487 5278 1630 5343 talia,
1665 5278 1876 5348 quando
1915 5277 2046 5331 nihil

464 5380 609 5436 aliud
657 5378 927 5448 proferunt
955 5388 1113 5445 quam
1139 5369 1312 5426 cmdes
1341 5378 1395 5424 et
1420 5370 1649 5439 rapinas.
1691 5369 1768 5424 Ne
1811 5369 1880 5423 sit
1918 5383 2045 5438 ergo

465 5489 529 5528 os
573 5483 721 5526 tuum
767 5468 1103 5538 sepulcrum,
1151 5462 1244 5517 sed
1281 5461 1576 5516 thesaurus.
1608 5461 1862 5518 Thesauri
1902 5461 2044 5515 enim

530 5567 546 5598 ι
584 5570 720 5624 neg.,
745 5565 796 5609 ut
819 5560 940 5624 hanc
955 5556 1195 5620 justitiam
1216 5550 1335 5624 mihi
1358 5552 1608 5624 conciliem
1631 5551 1681 5602 in
1705 5552 2010 5624 prtesidium.

529 5627 603 5687 (a)
627 5615 862 5673 Justitiam
883 5615 1130 5687 hirivocat,
1148 5615 1688 5687 tmiuersamvirtutem.
1700 5622 1910 5687 veteres
1927 5627 2047 5676 quo-

465 5676 564 5751 que
586 5676 848 5751 scriptores
871 5680 1164 5751 profanidiu
1187 5685 1305 5751 ante
1337 5677 1574 5751 Christum
1587 5676 1830 5751 justitiam
1845 5689 2044 5751 omnem

468 5702 564 5751 que
586 5698 848 5748 scriptores
887 5698 1050 5730 Iratam
1082 5698 1164 5729 (nu
1187 5698 1305 5728 ante
1337 5698 1574 5726 curiatum
1587 5698 1824 5738 ptumum
1845 5698 2044 5742 υψιιυιιι

468 5763 582 5799 esse
607 5749 832 5796 virtutem
854 5698 1097 5800 dicebant,
1120 5753 1214 5802 qua
1238 5739 1301 5788 de
1324 5750 1382 5789 re
1417 5751 1610 5790 versum
1633 5738 1936 5801 Empedoclis
1949 5737 2044 5800 jam

467 5828 613 5880 supra
634 5823 681 5873 p.
707 5807 786 5870 ιο,
807 5813 904 5857 not.
931 5805 1022 5868 (a),
1043 5803 1307 5853 attulimus.

2145 461 2365 514 multum
2421 478 2449 516 a
2501 464 2757 531 sepulcris
2817 465 3101 530 differunt,
3151 468 3290 537 quod
3350 469 3436 524 illa
3509 470 3726 538 quidem

2140 563 2482 621 corrumpant
2545 555 2683 622 quod
2743 561 3092 626 acceperint,
3169 560 3253 615 isti
3315 577 3443 615 vero
3507 576 3729 616 conser-

2139 651 2281 695 vent.
2319 643 2462 697 Ilabe
2489 659 2616 714 ergo
2637 655 2690 698 tu
2719 661 2928 716 quoque
2964 648 3177 702 divitias
3211 650 3370 703 studii
3408 651 3722 720 sapientius.

2139 750 2258 803 quae
2301 746 2555 804 perpetuo
2593 751 2933 808 permanent,
2965 739 3056 794 sed
3087 757 3192 795 non
3219 741 3462 797 faetorem
3490 743 3726 811 aliquem

2141 837 2195 879 et
2219 826 2573 894 putredinem.
2614 831 2680 883 lit
2723 846 2826 882 non
2872 831 3010 884 dixit
3049 831 3364 902 simpliciter
3399 842 3453 887 et
3481 833 3729 886 absoluta

2142 919 2462 986 sepulcrum,
2490 919 2582 973 sed
2616 931 2830 989 patens,
2870 930 2926 974 ut
2963 921 3122 976 etiam
3162 923 3426 991 significet
3464 927 3725 993 majorem

2141 1024 2260 1064 esse
2285 1009 2750 1065 abominationem.
2781 1013 2912 1066 Cum
2933 1011 3072 1066 enim
3109 1023 3380 1082 oporteret
3413 1029 3506 1068 eos
3546 1015 3728 1082 Iuijus-

2144 1101 2283 1155 modi
2313 1103 2473 1157 verba
2498 1103 2692 1164 celare,
2724 1104 2796 1157 illi
2826 1104 2986 1158 etiam
3009 1104 3280 1173 proferunt
3303 1114 3359 1158 ut
3379 1119 3531 1159 suum
3557 1110 3728 1174 magis

2143 1193 2382 1247 morbum
2410 1192 2711 1248 ostendant.
2751 1193 2815 1247 Et
2846 1195 2896 1247 in
2923 1195 3146 1248 mortuis
3171 1194 3384 1264 quidem
3412 1195 3730 1264 corporibus

2143 1281 2463 1335 contrarium
2487 1281 2757 1350 facientes,
2776 1285 3202 1338 terrictradimus
3224 1303 3237 1338 :
3259 1284 3311 1338 lii
3349 1295 3526 1339 autem
3558 1286 3609 1339 in
3644 1285 3730 1338 liis

2142 1371 2318 1424 verbis
2343 1373 2536 1425 faciunt
2559 1374 2908 1437 contrarium,
2930 1389 2978 1428 et
3004 1372 3143 1443 quod
3171 1376 3220 1428 in
3244 1375 3348 1428 imo
3371 1376 3530 1428 corde
3551 1376 3730 1430 celare

2143 1470 2412 1529 oporteret
2441 1470 2494 1516 et
2522 1462 2801 1523 suﬂ‘ocare.
2835 1462 3203 1533 profcrentes,
3244 1474 3297 1518 et
3337 1465 3532 1518 multos
3559 1466 3730 1519 oﬂ'cn-

2143 1551 2351 1616 dentes,
2371 1560 2424 1606 et
2447 1553 2694 1607 omnibus
2725 1553 2946 1606 videnda
2975 1563 3347 1622 proponentes.
3383 1555 3484 1609 Sed
3513 1569 3607 1608 cos
3635 1555 3728 1624 qui

2146 1643 2277 1697 tales
2300 1649 2440 1709 sunt,
2467 1659 2667 1713 qumso,
2693 1645 2986 1713 aliigamus.
3019 1644 3076 1698 Si
3102 1645 3242 1698 enim
3272 1654 3474 1698 mortua
3499 1659 3727 1713 corpora

2143 1743 2291 1786 extra
2319 1732 2501 1788 urbem
2521 1733 2805 1802 sepelimus
2830 1734 2927 1803 (a),
2953 1734 3120 1787 multo
3146 1734 3313 1804 magis
3341 1749 3432 1789 eos
3458 1734 3546 1804 qui
3566 1735 3728 1787 verba

2145 1833 2370 1889 mortua,
2399 1831 2452 1878 et
2477 1824 2566 1893 qui
2593 1825 2714 1878 talia
2745 1824 3039 1894 proferunt,
3071 1833 3212 1879 etne
3233 1835 3410 1894 tegere
3433 1831 3524 1878 aut
3545 1825 3728 1877 obum-

2146 1913 2301 1968 brare
2320 1914 2532 1984 quidem
2557 1915 2758 1980 volunt,
2785 1915 2940 1985 longe
2968 1915 3252 1969 amandare
3275 1925 3483 1984 oportet
3508 1933 3520 1968 :
3547 1915 3732 1984 hujus-

2145 2003 2288 2059 modi
2332 2005 2475 2059 enim
2517 2021 2609 2059 ora
2661 2014 2784 2060 sunt
2825 2007 3124 2060 communis
3169 2006 3396 2061 civitatis
3442 2008 3726 2077 pernicies.

2146 2097 2356 2168 Linguis
2380 2099 2483 2152 suis
2504 2099 2673 2152 dolose
2693 2099 2920 2169 agebant.
2955 2099 3142 2154 Vidisti
3168 2099 3307 2153 aliud
3336 2115 3504 2170 genus
3527 2101 3730 2168 impro-

2145 2187 2345 2244 bitatis.
2372 2189 2432 2243 lli
2457 2189 2667 2259 quidem
2698 2190 2874 2244 dolum
2904 2191 2953 2243 in
2982 2200 3160 2244 mente
3185 2205 3278 2244 sua
3301 2191 3494 2257 celant,
3521 2191 3735 2244 blandis

2147 2279 2322 2335 verbis
2342 2290 2552 2335 utentes
2576 2299 2588 2332 :
2613 2282 2698 2334 alii
2723 2292 2898 2335 autem
2929 2281 3064 2337 adeo
3089 2290 3214 2336 sunt
3239 2281 3370 2336 vafri
3393 2292 3445 2337 et
3471 2282 3650 2348 astuti,
3672 2293 3728 2337 ut

2148 2371 2201 2424 in
2230 2371 2356 2441 ipsis
2377 2372 2554 2426 verbis
2597 2373 2988 2442 improbitatem
3017 2374 3265 2444 obtegant
3284 2415 3298 2440 ,
3332 2375 3649 2445 fraudesque
3674 2387 3729 2431 et

2147 2461 2364 2516 insidias
2389 2472 2715 2517 construant.
2735 2463 2925 2517 Judica
2942 2465 3078 2531 illos,
3102 2465 3233 2519 Deus
3250 2509 3266 2531 ,
3295 2467 3524 2520 excidant
3543 2484 3571 2518 τι
3592 2469 3732 2534 cogi-

2149 2555 2418 2609 tationibus
2455 2557 2577 2609 suis.
2612 2556 2744 2611 Vide
2771 2556 2856 2612 hic
2884 2558 3041 2611 etiam
3069 2573 3226 2626 quam
3259 2558 3327 2612 sit
3368 2559 3511 2614 mitis
3536 2563 3729 2613 oratiu.

2147 2644 2262 2699 Non
2291 2646 2433 2700 enim
2463 2645 2594 2699 dixit
2622 2662 2634 2698 :
2669 2645 2820 2708 Puni,
2850 2645 2965 2712 sed,
2989 2645 3178 2700 Judica
3204 2662 3307 2714 eos,
3328 2656 3384 2702 et
3419 2647 3500 2701 fac
3529 2659 3584 2702 ut
3615 2663 3735 2701 ces-

2146 2745 2268 2792 sent
2295 2751 2327 2790 a
2357 2737 2514 2801 vitio;
2557 2735 2638 2791 fac
2681 2745 2737 2790 ut
2779 2737 2885 2790 sint
2924 2737 3069 2791 irrita
3099 2753 3282 2792 eorum
3305 2739 3554 2805 consilia,
3585 2739 3732 2806 quod

2148 2829 2306 2883 etiam
2333 2843 2428 2898 pro
2459 2829 2586 2897 ipsis
2612 2838 2692 2882 est
2720 2844 2900 2893 orare,
2937 2840 2994 2883 ut
3039 2845 3142 2884 non
3185 2830 3317 2884 ultra
3361 2831 3734 2900 progrediatur

2148 2934 2332 2974 eorum
2355 2919 2684 2988 improbitas.
2714 2919 3009 2974 Secundum
3029 2921 3396 2975 multitudinem
3419 2922 3736 2991 impie-talum

2149 3026 2323 3064 eorum
2354 3011 2549 3081 expelle
2590 3026 2671 3064 eos
2694 3051 2710 3076 ,
2749 3012 2986 3079 quoniam
3030 3012 3345 3066 irritaverant
3385 3023 3450 3079 te,
3494 3013 3730 3067 Domine.

2150 3099 2262 3155 Hoc
2289 3109 2390 3168 est,
2417 3101 2530 3155 Non
2561 3110 2684 3155 sunt
2710 3102 2839 3156 mihi
2857 3117 3000 3157 cura:
3021 3118 3083 3156 ea
3108 3119 3225 3172 quae
3252 3103 3378 3157 mihi
3405 3103 3540 3158 facta
3567 3114 3691 3158 sunt
3716 3124 3730 3160 :

2149 3193 2244 3249 sed
2274 3194 2429 3249 doleo
2465 3203 2682 3263 propter
2706 3208 2767 3248 ea
2792 3209 2910 3263 qua:
2940 3195 3030 3249 tibi
3061 3195 3314 3250 fecerunt.
3345 3195 3454 3249 Hoc
3483 3205 3564 3250 cst
3587 3198 3734 3250 enim

2149 3284 2201 3338 in
2242 3286 2426 3355 primis
2472 3285 2543 3356 pii
2588 3295 2641 3340 et
2681 3286 2934 3354 sapientis
2973 3287 3166 3351 animi,
3197 3301 3320 3341 suas
3346 3287 3558 3356 quidem
3588 3288 3736 3342 nolle

2150 3375 2364 3441 ulcisci,
2393 3376 2487 3431 sed
2520 3377 2610 3431 Dei
2640 3377 2857 3446 injurias
2885 3377 3230 3432 vehementer
3267 3379 3531 3447 persequi.
3576 3379 3730 3432 Multi

2149 3467 2346 3524 faciunt
2371 3467 2454 3523 his
2473 3471 2758 3532 contraria,
2787 3485 2904 3539 qua:
2934 3469 2984 3523 in
3017 3469 3180 3524 Deum
3211 3469 3423 3539 quidem
3448 3470 3582 3524 facta
3605 3481 3732 3525 sunt

2148 3569 2569 3626 contemnentes,
2592 3577 2712 3631 qua:
2740 3561 2870 3616 inse
2897 3571 3072 3615 autem
3099 3569 3309 3631 peccata
3331 3561 3587 3617 acerrime
3614 3562 3734 3616 vin-

2150 3653 2407 3708 dicantes.
2436 3654 2506 3707 At
2532 3669 2635 3706 non
2662 3653 2739 3708 sic
2766 3655 2952 3715 sancti,
2979 3653 3072 3708 sed
3095 3669 3277 3709 eorum
3302 3654 3512 3724 quidem
3535 3672 3652 3724 quae
3676 3656 3732 3709 in

2151 3745 2314 3800 Deum
2344 3744 2555 3808 ﬁebant,
2579 3753 2729 3799 erant
2756 3746 2999 3800 acerrimi
3022 3745 3287 3810 vindices;
3315 3761 3433 3815 qua:
3464 3747 3514 3799 in
3546 3762 3604 3801 se
3629 3762 3730 3800 au-

2151 3844 2257 3890 tem
2274 3877 2286 3897 ,
2321 3837 2670 3906 negligebant.

2223 3927 2422 3982 Lwtitia
2470 3944 2532 3982 ea:
2578 3927 2685 3982 Deo
2725 3929 2894 3998 ﬁrma.
2923 3957 2996 3968 —
3022 3929 3109 3984 1'2.
3140 3946 3161 3981 ι
3194 3925 3260 3982 Et
3295 3927 3526 3983 (tutentur
3560 3944 3733 3982 omnes

2149 4020 2234 4088 qui
2258 4028 2460 4090 sperant
2486 4020 2537 4074 in
2567 4030 2632 4073 te.
2663 4038 2681 4072 ι
2720 4020 2847 4076 Vide
2873 4021 3073 4075 lucrum
3100 4021 3374 4076 orationis.
3420 4022 3486 4075 Et
3511 4019 3586 4074 illi
3611 4036 3729 4074 ine-

2151 4111 2311 4165 liores
2339 4111 2581 4172 evadent,
2608 4119 2660 4164 et
2682 4110 2940 4166 desistent
2960 4127 2990 4165 a
3015 4112 3186 4176 vitiis;
3218 4121 3270 4166 et
3299 4111 3387 4165 alii
3423 4126 3609 4181 magna
3632 4127 3730 4164 vo-

2153 4203 2350 4273 luptate
2377 4202 2690 4267 afﬁcientur,
2719 4202 2958 4258 videntes
2978 4203 3185 4257 illorum
3207 4202 3570 4267 mutationem,
3593 4211 3644 4256 et
3661 4203 3733 4257 ad

2151 4295 2204 4349 id
2229 4295 2368 4363 quod
2393 4304 2476 4350 est
2503 4295 2693 4349 melius
2721 4293 3122 4348 conversionem
3146 4334 3162 4358 ,
3191 4301 3247 4347 et
3270 4293 3403 4348 alios
3433 4308 3492 4348 ea
3523 4293 3734 4348 ratione

2153 4385 2268 4442 fieri
2293 4386 2562 4441 meliores.
2595 4384 2661 4438 ln
2686 4395 2925 4438 internum
2951 4383 3298 4450 exsultabant,
3333 4391 3378 4435 et
3407 4381 3649 4436 habitabit.
3675 4384 3731 4436 in

2151 4479 2241 4532 eis.
2274 4478 2385 4533 [loc
2421 4485 2502 4532 est
2539 4477 2680 4532 enim
2721 4476 2948 4530 maxime
2971 4474 3218 4545 gaudium
3248 4483 3592 4544 perpetuum;
3627 4475 3731 4528 alia

2152 4570 2292 4622 enim
2335 4568 2522 4638 gaudia
2562 4563 2728 4620 nihilo
2769 4573 2892 4619 sunt
2936 4564 3208 4619 stabiliora
3253 4580 3410 4634 quam
3450 4563 3730 4618 fluviorum

2153 4660 2368 4723 fluenta,
2397 4676 2514 4730 quae
2544 4659 2698 4714 simul
2721 4673 2783 4712 ac
2809 4657 3052 4712 videntur
3076 4657 3472 4725 praiterlluunt;
3502 4673 3619 4725 qu:e
3643 4665 3726 4711 est

2152 4763 2326 4808 autem
2355 4769 2422 4808 ex
2449 4753 2556 4807 Deo
2582 4752 2782 4816 laetitia,
2814 4759 3025 4815 manet,
3057 4748 3324 4818 firmisque
3348 4749 3510 4802 haeret
3536 4749 3730 4801 radici-

2154 4845 2271 4910 bus,
2295 4854 2348 4900 et
2371 4854 2453 4898 est
2471 4843 2740 4898 sufficiens
2761 4883 2774 4906 ,
2807 4851 3061 4912 perpetua
3091 4854 3153 4894 ac
3178 4839 3402 4903 stabilis,
3428 4852 3545 4908 quae
3573 4838 3732 4895 nullis

2155 4935 2436 5004 inopinatis
2464 4948 2527 4987 ac
2553 4931 2928 5000 inexspectatis
2950 4930 3159 4984 casibus
3186 4931 3603 4998 interrumpitur,
3634 4927 3732 4984 sed

2155 5041 2246 5096 per
2284 5040 2347 5080 ea
2384 5040 2500 5094 qua:
2540 5023 2821 5093 prohibent
2857 5021 3027 5088 major
3061 5028 3116 5074 et
3151 5019 3426 5074 sublimior
3466 5017 3725 5072 redditur.

2151 5117 2283 5172 Nam
2322 5125 2376 5170 et
2408 5114 2627 5184 apostoli
2656 5112 2874 5182 ﬂagellis
2907 5109 3261 5174 caedebantur,
3304 5117 3358 5162 et
3390 5107 3725 5177 gaudebant;

2152 5221 2204 5267 et
2224 5210 2421 5265 Paulus
2446 5206 2797 5277 afﬂigebatur,
2829 5213 2883 5260 et
2907 5202 3205 5259 exsultabat
3233 5219 3246 5254 :
3275 5201 3562 5254 moriturus
3589 5208 3729 5265 erat,

2152 5315 2206 5360 et
2241 5303 2415 5373 gaudii
2454 5300 2736 5370 participes
2760 5297 3076 5368 appellabat,
3099 5294 3283 5349 dicens
3314 5312 3328 5348 :
3362 5292 3465 5348 Sed
3487 5293 3578 5344 etsi
3600 5292 3717 5345 deli-

2155 5396 2242 5450 bor
2267 5403 2473 5463 prapter
2501 5391 2807 5459 sacriﬁcium
2828 5397 2875 5442 et
2901 5386 3227 5441 ministerium
3249 5384 3368 5454 ﬁdei
3386 5397 3588 5450 verme,
3607 5397 3738 5450 gau-

2153 5489 2246 5541 deo
2274 5495 2319 5540 et
2350 5485 2574 5539 colla'tor
2598 5499 2711 5536 cum
2731 5481 2866 5534 vobis
2893 5479 3139 5533 omnibus.
3172 5475 3355 5528 Itidem
3385 5489 3468 5526 vos
3493 5472 3724 5544 gaudete,

2153 5590 2197 5634 et
2221 5594 2413 5632 mecum
2432 5573 2755 5630 collaztamini
2782 5569 3038 5640 (Philipp.
3069 5567 3122 5622 2.
3149 5569 3235 5622 Π.
3263 5567 3371 5635 18).
3401 5565 3532 5619 Cum
3557 5563 3620 5617 iis
3639 5564 3728 5632 qui

2215 5669 2289 5730 (a)
2324 5674 2420 5716 Mos
2433 5664 2703 5730 sepeliendi
2721 5674 2921 5730 corpora
2935 5660 3272 5730 defunctorum
3292 5664 3429 5730 ostra
3451 5657 3732 5730 urbesnon

2151 5715 2286 5803 apud,
2300 5715 2526 5842 nominatis
2543 5727 2700 5787 modo,
2725 5715 2821 5776 sed
2839 5726 2983 5774 etiam
3005 5721 3130 5784 apud
3163 5721 3488 5770 Athenienses
3517 5715 3732 5778 aliosque

2154 5807 2204 5843 in
2223 5804 2312 5842 usu
2335 5802 2418 5842 era
