4032 6284
366 504 431 559 69
1558 491 1916 549 exrosmo
1953 490 2018 547 ut
2056 476 2376 550 PSALMUM
2421 493 2480 548 v.
3556 502 3623 554 το

368 619 431 672 ita
476 616 717 670 lartantur
761 612 900 668 Deus
949 611 1171 666 habitat.
1205 609 1560 680 Quamobrem
1588 610 1697 678 ipsa
1725 618 1938 677 quoque

364 706 483 762 dicit
515 724 528 759 :
557 704 620 759 In
641 715 885 759 retentum
915 700 1256 765 exsultabant,
1279 710 1324 756 et
1351 700 1597 754 habitabis
1628 699 1681 754 in
1707 700 1798 753 eis.
1829 697 1940 752 Hoc

363 802 527 870 ip~um
566 799 807 853 Christus
848 798 1007 852 etiam
1046 793 1352 866 signiﬁcans
1387 792 1617 858 dicebat,
1650 790 1939 848 ostendens

360 908 471 946 eam
499 891 819 960 voluptatem
851 889 1067 943 minime
1097 902 1253 956 posse
1281 900 1526 941 cessare:
1552 885 1747 940 Rursus
1765 884 1939 938 mdebo

361 999 461 1047 vos,
488 991 538 1036 et
561 983 1047 1055 gaudiumyestrum
1069 992 1215 1033 nemo
1240 978 1367 1031 tollit
1391 974 1574 1048 (Joan.
1601 973 1685 1030 16.
1713 974 1828 1046 22).
1874 974 1940 1029 Et

361 1088 541 1127 rursus
587 1072 780 1126 Paulus
812 1088 825 1125 :
862 1070 1075 1141 Semper
1117 1069 1363 1140 gaudete,
1417 1067 1618 1121 assidue
1664 1076 1803 1120 orate
1847 1065 1933 1135 (Ι.

362 1164 533 1218 Thess.
565 1165 619 1218 5.
653 1163 737 1218 18.
772 1162 897 1233 i7).
945 1159 1015 1217 Et
1048 1159 1399 1233 gloriabuntur
1431 1158 1484 1213 in
1523 1168 1570 1213 te
1601 1158 1688 1226 qui
1720 1158 1937 1227 diligunt

359 1272 533 1310 nomen
560 1266 719 1308 tuum.
754 1255 846 1309 llis
869 1254 1013 1309 enim
1038 1252 1166 1308 solis
1191 1251 1317 1307 licet
1340 1250 1571 1306 maxime
1594 1249 1828 1320 gloriari,
1856 1248 1938 1302 his

278 1354 285 1360 '
357 1346 584 1416 gaudere
612 1388 628 1409 ,
662 1345 745 1400 bis
775 1345 939 1400 lauari
977 1353 1072 1399 :at
1112 1344 1199 1415 qui
1238 1342 1305 1398 de
1345 1342 1410 1397 iis
1460 1357 1579 1412 qua:
1606 1340 1672 1394 ad
1704 1340 1838 1394 hanc
1861 1339 1936 1392 vi-

358 1446 458 1491 tam
486 1437 750 1508 pertinent
780 1436 1058 1507 gloriatur,
1090 1450 1153 1490 ae
1177 1434 1277 1488 sibi
1310 1433 1500 1503 placet,
1528 1433 1572 1486 is
1601 1431 1732 1485 nihil
1755 1429 1936 1485 differt

357 1527 421 1580 ab
444 1529 507 1581 iis
530 1527 619 1597 qui
654 1527 706 1581 iu
731 1542 921 1581 somno
946 1527 1216 1595 Voluptate
1244 1524 1508 1579 fruuntur.

422 1617 477 1671 6.
507 1616 649 1684 Quid
678 1616 819 1670 enim
852 1616 978 1670 mihi
998 1656 1015 1683 ,
1040 1615 1146 1680 die,
1179 1629 1381 1685 quaeso,
1408 1598 1473 1668 ex
1506 1613 1664 1668 rebus
1690 1611 1937 1667 humanis

358 1718 435 1763 cst
455 1707 716 1776 ejusmodi
737 1744 753 1773 ,
782 1714 839 1762 ut
859 1707 929 1762 de
955 1722 1022 1762 eo
1046 1706 1165 1777 quis
1190 1705 1361 1777 possit
1386 1719 1511 1759 vere
1534 1718 1596 1759 ac
1623 1702 1794 1758 solide
1822 1702 1939 1774 glo-

357 1798 510 1852 riari?
542 1798 696 1853 Vires
722 1798 996 1867 Corporis?
1038 1797 1144 1853 Sed
1186 1806 1242 1851 ut
1272 1811 1364 1852 eas
1393 1784 1591 1850 validas
1622 1794 1934 1860 habeamus,

361 1904 459 1944 non
483 1899 566 1943 est
588 1888 755 1943 nostri
777 1888 1004 1956 arbitrii,
1026 1897 1081 1944 et
1100 1887 1221 1942 ideo
1241 1902 1345 1941 non
1368 1897 1453 1941 est
1467 1886 1607 1956 quod
1629 1876 1935 1954 gloriemur,

357 1987 407 2033 et
431 1979 629 2048 alioqui
660 1978 981 2033 llaeceseunt
1017 1986 1071 2032 ct
1106 1976 1353 2032 excidunt
1392 1975 1670 2039 celeriter,
1702 1981 1757 2029 et
1796 1987 1938 2042 stupe

356 2071 508 2125 etiam
550 2071 751 2125 larduut
782 2085 905 2125 eum
944 2070 1032 2139 qui
1071 2079 1153 2123 est
1181 2068 1245 2123 iis
1276 2066 1547 2138 praeditus.
1572 2067 1617 2121 si
1644 2065 1710 2121 iis
1736 2080 1840 2122 non
1878 2073 1939 2121 ut

356 2170 563 2231 oportet
593 2171 793 2217 utatur.
837 2160 947 2215 lloe
987 2160 1144 2215 etiam
1182 2158 1288 2214 dici
1331 2166 1505 2229 potest
1544 2157 1611 2213 de
1645 2156 1939 2227 pulchritu-

357 2254 493 2313 dine.
523 2254 593 2308 de
620 2253 839 2318 divitiis,
868 2253 936 2308 de
963 2252 1219 2323 potentia,
1248 2249 1315 2305 de
1342 2250 1627 2318 voluptate,
1659 2258 1712 2303 et
1738 2247 1806 2303 de
1831 2261 1940 2302 om-

358 2346 506 2401 nibus
548 2362 671 2414 qua:
715 2345 779 2400 ad
811 2345 945 2399 hanc
980 2344 1137 2399 vitam
1177 2342 1462 2413 pertinent.
1502 2340 1562 2394 in
1614 2341 1722 2395 Deo
1761 2348 1937 2395 autem

356 2445 406 2491 ct
433 2437 484 2491 in
510 2438 630 2505 ejus
654 2450 837 2490 amore
857 2435 1093 2506 gloriari,
1130 2443 1212 2490 est
1254 2442 1474 2488 ornatus
1501 2433 1737 2487 omnium
1765 2432 1938 2486 maxi-

358 2544 489 2590 mus,
511 2538 568 2584 ct
589 2528 843 2598 splendor
860 2528 951 2599 qui
969 2526 1370 2581 innumerabilia
1386 2533 1600 2594 superat
1617 2522 1936 2589 diademata,

355 2620 557 2673 etiamsi
596 2621 667 2674 sit
693 2620 932 2689 captivus
958 2619 1002 2673 is
1028 2619 1117 2689 qui
1142 2617 1417 2689 gloriatur.
1462 2616 1558 2671 llic
1585 2624 1803 2670 ornatus
1833 2630 1938 2669 non

357 2710 561 2778 morbo,
596 2727 704 2765 non
731 2711 903 2776 senio,
934 2725 1041 2766 non
1069 2724 1246 2764 rerum
1276 2706 1658 2773 vicissitudine,
1685 2721 1789 2760 non
1816 2714 1943 2759 tem-

357 2815 541 2870 porum
570 2803 848 2867 varietate,
877 2818 983 2857 non
1010 2801 1121 2870 ipsa
1151 2798 1381 2870 denique
1406 2808 1577 2853 morte
1603 2795 1940 2865 interrumpi-

359 2905 473 2949 tur:
504 2893 602 2949 sed
629 2903 752 2948 tunc
775 2895 934 2949 etiam
957 2892 1123 2963 magis
1142 2889 1465 2962 resplendet.
1497 2890 1582 2944 l5.
1616 2886 1865 2954 Quoniam
1884 2894 1941 2940 tu

354 2987 615 3043 benediees
634 2988 797 3059 justo.
836 2986 1097 3056 Quoniam
1133 2983 1281 3040 multi
1320 2999 1386 3038 ex
1424 2983 1489 3039 iis
1527 2982 1615 3054 qui
1655 2982 1726 3036 ita
1765 2974 1945 3035 aﬂecti

358 3090 497 3147 stunt,
524 3079 738 3151 probris
762 3093 825 3133 ac
844 3076 1140 3134 maledictis
1169 3075 1238 3130 ab
1262 3072 1564 3129 hominibus
1591 3080 1936 3142 appetuntur,

359 3184 421 3224 se
444 3170 761 3236 irridentur,
789 3179 843 3223 et
868 3167 1098 3223 maxime
1121 3165 1212 3237 qui
1239 3166 1483 3220 virtutem
1513 3170 1938 3234 persequunturt

358 3278 424 3321 ne
461 3267 586 3337 quis
623 3281 690 3321 ex
725 3264 1075 3321 crassioribus
1116 3270 1391 3333 propterea
1430 3261 1665 3315 animum
1705 3259 1939 3329 abjiciat,

356 3358 471 3412 vide
489 3355 766 3428 quomodo
785 3355 899 3425 ejus
921 3364 1153 3410 mentem
1177 3352 1325 3409 fulcit
1340 3360 1396 3408 et
1415 3358 1696 3417 sustentat,
1717 3350 1900 3405 dicens
1923 3365 1938 3403 :

360 3448 620 3519 Quoniam
640 3458 694 3501 tu
720 3448 975 3502 benedice:
984 3447 1148 3519 justo.
1176 3444 1312 3514 Quid
1341 3444 1483 3501 enim
1505 3443 1684 3499 damni
1712 3442 1936 3512 accipit,

357 3540 401 3594 si
427 3541 674 3596 homines
701 3548 1063 3604 contemnant,
1091 3546 1145 3593 et
1170 3538 1453 3593 universus
1477 3535 1623 3591 orhis
1654 3544 1938 3600 terrarum,

357 3633 571 3702 quando
598 3631 855 3686 Dominus
884 3630 1191 3699 angelorum
1215 3642 1340 3686 eum
1369 3629 1543 3684 laudat
1569 3638 1625 3683 et
1651 3627 1941 3699 pratdicat?

358 3724 819 3793 Quemadmodum
865 3725 909 3778 si
954 3724 1068 3793 ipse
1113 3734 1216 3778 non
1263 3722 1577 3789 benedicat,
1604 3722 1707 3776 etsi
1751 3734 1941 3776 omnes

359 3815 597 3880 laudent,
620 3815 706 3885 qui
731 3824 923 3869 terram
949 3827 1001 3870 et
1028 3824 1175 3869 mare
1196 3813 1452 3878 habitant,
1476 3811 1525 3867 ei
1550 3812 1677 3868 nihil
1702 3810 1938 3882 prodest.

358 3906 467 3960 Hoc
485 3919 619 3974 ergo
639 3905 781 3959 oumi
812 3904 1014 3959 ratiOne
1032 3918 1303 3963 curemus,
1334 3911 1390 3956 ut
1416 3902 1528 3971 ipse
1548 3917 1647 3957 nos
1669 3901 1952 3970 prmdicet,

356 3997 470 4065 ipse
496 4010 599 4051 nos
621 4002 862 4050 coronet.
891 3994 1042 4061 Quod
1073 3995 1115 4048 si
1150 3992 1259 4057 iiut,
1282 4008 1465 4047 smnus
1492 3990 1739 4047 omnibus
1761 3990 1943 4046 excel-

356 4088 569 4153 siores,
623 4087 827 4140 etimisi
882 4086 934 4141 in
989 4093 1331 4155 paupertate,
1378 4082 1583 4139 etiamsi
1631 4082 1683 4137 in
1732 4082 1941 4148 morbo,

355 4180 567 4233 etiamsi
614 4177 668 4231 in
700 4178 955 4234 extremis
992 4177 1142 4232 malis
1179 4177 1363 4232 simus.
1405 4174 1535 4230 Nam
1565 4174 1722 4230 etiam
1752 4172 1941 4228 beatus

357 4269 458 4325 Job
483 4272 535 4324 in
565 4270 897 4338 sterquilinio
918 4268 1137 4331 sedens,
1167 4267 1441 4322 vulnerum
1479 4265 1627 4321 sanie
1662 4264 1937 4320 exulcera-

358 4370 463 4426 tos,
487 4360 964 4416 innumerabilibus
982 4370 1191 4415 scatens
1213 4358 1467 4413 vermium
1499 4356 1753 4424 fontibus,
1776 4364 1829 4411 et
1848 4355 1939 4412 illa

359 4452 723 4523 indignissima
754 4451 977 4522 patiens,
1003 4460 1061 4506 ut
1084 4451 1227 4520 quia
1250 4450 1418 4504 servis
1440 4457 1842 4518 construeretur,
1864 4446 1942 4502 ei-

356 4558 461 4613 que
483 4543 555 4598 ab
582 4543 766 4597 amicis
793 4552 845 4597 et
872 4541 1119 4604 inimicis,
1150 4553 1204 4596 et
1227 4540 1295 4594 ab
1321 4556 1484 4594 uXore
1515 4538 1720 4594 iusitlize
1750 4538 1939 4594 tende-

359 4646 567 4702 rentur,
591 4645 645 4689 et
657 4635 721 4689 ad
746 4633 1001 4703 inopiam,
1024 4632 1237 4698 t‘atnem,
1260 4641 1313 4685 et
1338 4629 1776 4685 immedicabilem
1795 4614 1943 4700 aegri-

360 4727 598 4782 tudinem
630 4727 770 4780 ilhun
799 4733 943 4780 esset
969 4723 1212 4779 redactus
1236 4764 1251 4786 ,
1288 4733 1403 4777 erat
1431 4721 1667 4775 omnium
1690 4718 1936 4775 beatlssi-

357 4832 498 4871 nuis.
523 4815 840 4885 Quomodo?
865 4814 1125 4881 Quoniam
1149 4812 1342 4868 Deusei
1363 4798 1938 4867 benedicebatdicons:

359 4908 531 4963 nemo
558 4923 589 4961 a
617 4906 1031 4976 reprehensione
1057 4905 1280 4967 alienus,
1298 4904 1489 4974 juStus,
1507 4918 1685 4964 verus,
1714 4901 1850 4971 pius,
1873 4901 1941 4955 ab

358 5000 504 5052 eauti
533 5014 592 5052 re
622 4998 757 5051 mala
775 4997 1068 5052 abstinens.
1101 4984 1332 5061 Domine,
1361 5004 1415 5047 ut
1441 5003 1582 5047 scuto
1602 4992 1743 5046 bona:
1764 4992 1942 5045 volun-

361 5090 481 5143 tatis
505 5099 606 5142 true
631 5088 883 5143 σοι-σηπειὶ
934 5104 1025 5142 nos
1071 5070 1209 5158 (Job
1235 5087 1284 5141 l.
1321 5086 1408 5155 1).
1453 5068 1659 5138 Rursus
1701 5082 1857 5136 desiit
1887 5082 1937 5136 in

360 5185 648 5249 gratiarum
675 5182 966 5243 actionem,
999 5179 1284 5248 gratiarum
1318 5177 1541 5231 actionis
1571 5164 1796 5246 hymnos
1833 5173 1940 5227 Deo

359 5273 606 5327 otl‘erens.
656 5271 809 5341 Quod
852 5280 934 5327 est
970 5279 1145 5325 autem
1179 5277 1383 5323 scutum
1426 5268 1577 5320 honre
1618 5260 1940 5318 voluntatis?

360 5363 577 5419 Scotum
620 5366 898 5433 optimum,
942 5372 1147 5417 scutum
1195 5361 1484 5417 secundum
1535 5357 1625 5413 Dei
1667 5355 1936 5423 tuentem,

360 5471 516 5509 arma
554 5456 905 5526 pulcherrima
949 5455 1049 5524 (a).
1091 5453 1240 5520 Quod
1287 5446 1463 5506 autem
1505 5446 1651 5515 dicit,
1682 5449 1785 5503 tale
1812 5452 1934 5504 est:

360 5546 468 5600 Nos
495 5551 692 5616 optimo
720 5546 916 5600 auxilio
944 5544 1197 5599 muniisti.
1239 5538 1397 5597 Alius
1423 5538 1598 5596 autem
1643 5536 1936 5611 interpres,

359 5641 451 5710 qui
477 5640 622 5705 dicit,
652 5638 925 5694 Coronobis
953 5639 1142 5706 ipsum,
1174 5624 1240 5691 de
1263 5636 1408 5706 justo
1435 5634 1587 5699 dixit,
1615 5634 1671 5686 u't
1698 5632 1935 5695 doceret,

361 5732 650 5803 Coronabis
676 5732 848 5800 ipsum
871 5730 1093 5800 justum,
1126 5728 1227 5784 hoc
1250 5720 1368 5789 est,
1404 5712 1541 5782 bona
1581 5722 1666 5780 tua
1695 5720 1939 5777 voluntas

362 5832 444 5877 est
493 5822 561 5877 illi
604 5807 702 5892 pro
738 5821 921 5886 armis,
946 5820 1111 5890 iisque
1152 5816 1609 5890 praestantissimis
1635 5832 1647 5870 :
1675 5815 1763 5871 vel
1789 5812 1937 5878 illud,

427 5942 500 6004 ζα)
532 5951 641 5994 Haec
656 5941 831 5994 eodem
849 5955 1015 6000 sensu,
1035 5942 1122 5992 sed
1146 5942 1252 5991 aliis
1275 5941 1440 5991 verbis
1460 5938 1605 5989 etfert

2046 602 2257 672 Optimo
2283 607 2480 662 auxilio
2503 605 2704 677 justum
2735 606 2927 673 munis,
2956 617 3011 663 et
3036 621 3206 679 neque
3234 608 3349 678 ejus
3384 598 3614 680 pulchri»

2046 700 2172 754 tudo
2192 700 2392 771 privata
2414 709 2495 756 est
2518 701 2822 765 securitate,
2852 715 3023 770 neque
3046 700 3162 771 ejus
3181 694 3434 758 securitas
3454 703 3620 774 gloria
3653 681 3661 687 ’

2044 792 2369 848 destituitur.
2400 791 2537 861 Quid
2560 791 2702 848 enim
2735 791 2952 861 fortius,
2979 793 3103 865 quid
3129 809 3312 850 rursus
3337 796 3620 851 formosius

2043 898 2110 939 eo
2136 883 2270 951 viro,
2298 885 2389 955 qui
2427 899 2458 938 a
2492 899 2717 954 superna
2743 884 2926 941 dextra
2956 886 3225 941 munitur?
3270 885 3397 943 ll:ec
3421 890 3620 943 corona
3659 858 3668 880 Ι

2042 975 2201 1029 etiam
2230 991 2295 1031 ex
2323 975 2681 1032 misericordia
2704 976 3019 1041 contexitur,
3043 978 3485 1048 quemadmodum
3508 974 3621 1050 ipse

2044 1062 2207 1120 David
2237 1065 2361 1121 dicit
2385 1063 2508 1120 alibi
2536 1084 2549 1121 :
2576 1066 2672 1134 Qui
2700 1076 2747 1121 te
2772 1077 2977 1121 coronat
3001 1068 3052 1121 in
3083 1064 3421 1122 misericordia
3446 1062 3493 1123 et
3520 1071 3616 1122 mi-

2042 1156 2419 1237 serationibust
2438 1155 2584 1210 Psal.
2618 1144 2736 1213 102.
2770 1156 2862 1227 4).
2910 1157 3034 1214 llaec
3075 1152 3234 1213 etiam
3274 1175 3338 1213 es
3373 1160 3574 1229 jnstitia
3600 1202 3615 1226 ,

2041 1246 2486 1316 quemadmodum
2516 1248 2644 1302 dicit
2673 1248 2864 1302 Paulus
2896 1265 2910 1304 :
2938 1248 3017 1303 De
3039 1259 3217 1303 cetera
3241 1246 3365 1304 milii
3382 1261 3454 1305 cst
3474 1269 3620 1322 repo-

2040 1339 2139 1393 sita
2159 1338 2376 1409 justitia:
2403 1355 2587 1393 corona
2613 1340 2686 1410 (2.
2725 1328 2855 1394 Tim.
2891 1328 2942 1395 4.
2970 1336 3047 1410 8).
3091 1326 3184 1395 Est
3223 1338 3384 1396 etiam
3424 1336 3618 1398 corona

2042 1429 2258 1500 gratim,
2303 1431 2441 1486 sicut
2479 1430 2606 1493 dicit
2649 1420 2786 1485 alius
2818 1430 3054 1487 :Corona
3096 1442 3262 1486 autem
3299 1426 3616 1504 gratiaruni‘

2042 1521 2273 1593 defendet
2293 1531 2338 1575 te
2366 1521 2544 1592 (Prov.
2566 1518 2619 1576 4.
2647 1508 2724 1591 9).
2770 1522 2887 1577 Jam
2929 1538 3055 1577 vero
3096 1532 3177 1578 est
3219 1520 3378 1578 etiam
3424 1524 3615 1579 corona

2041 1613 2242 1684 gloria},
2273 1614 2411 1670 sicut
2435 1614 2559 1669 dicit
2586 1613 2745 1669 Isaias
2774 1632 2787 1668 ;
2822 1614 2932 1668 Erit
2959 1612 3146 1669 corona
3174 1600 3281 1686 spei
3301 1657 3319 1682 ,
3351 1612 3413 1672 ea:
3457 1614 3618 1687 gloria

2042 1714 2272 1760 contexta
2298 1703 2429 1778 (Isai
2444 1705 2564 1768 .38.
2594 1705 2673 1776 5).
2698 1704 2905 1761 Corona
2931 1707 3071 1761 enim
3095 1694 3256 1762 habet
3285 1707 3399 1762 hare
3419 1702 3616 1774 omnia,

2043 1794 2451 1865 benignitatem,
2476 1794 2762 1864 justitiam.
2792 1794 3046 1866 gratiam,
3075 1794 3318 1865 gloriam,
3349 1791 3618 1853 decorem.

2044 1887 2141 1942 Est
2165 1887 2306 1943 enim
2340 1887 2431 1941 Dei
2459 1886 2681 1952 donum,
2710 1887 2850 1956 quod
2878 1888 3076 1942 variam
3106 1888 3348 1958 producit
3371 1890 3616 1959 gratiam.

2047 1980 2145 2035 Est
2170 1980 2327 2035 etiam
2355 1976 2763 2051 inebrrtiptiobis
2783 1982 2999 2052 corona,
3021 1977 3464 2052 quemadmodum
3496 1983 3621 2040 dicit

2045 2073 2239 2130 Paulus
2270 2090 2284 2130 :
2308 2071 2398 2129 Illi
2412 2072 2611 2146 quidem
2631 2083 2683 2129 ιιι
2703 2074 3330 2153 corruptibilentcoronam
3348 2076 3621 2147 accipiant,

2044 2185 2136 2223 nos
2160 2176 2328 2223 autem
2356 2167 2700 2237 incorruptam
2730 2168 2804 2237 (ί.
2837 2166 2958 2223 Gor.
2986 2168 3039 2223 9.
3064 2168 3178 2239 25).
3224 2168 3335 2223 Hoc
3373 2178 3456 2225 est
3496 2185 3625 2239 ergo

2044 2258 2185 2329 quod
2210 2258 2297 2312 hic
2315 2257 2464 2323 dicit,
2495 2257 2793 2314 Securitate
2816 2267 2870 2313 et
2894 2258 3056 2329 gloria
3076 2272 3175 2315 nos
3195 2259 3481 2315 coronasti.
3514 2259 3620 2314 Ta-

2042 2349 2112 2405 lia
2134 2357 2258 2404 sunt
2288 2349 2431 2404 enim
2462 2348 2556 2403 Dei
2582 2349 2721 2403 dona
2750 2349 2943 2417 valida,
2968 2358 3022 2405 et
3040 2349 3234 2406 decore
3256 2349 3408 2419 plena
3441 2368 3456 2404 :
3490 2349 3626 2405 tales

2041 2450 2167 2497 sunt
2191 2457 2424 2498 coronae.
2470 2443 2539 2495 At
2566 2442 2618 2495 in
2648 2441 2951 2497 hominibus
2995 2456 3100 2496 non
3141 2440 3215 2495 ita
3255 2426 3377 2496 est:
3410 2426 3505 2495 sed
3532 2443 3619 2512 qui

2042 2542 2123 2589 est
2147 2533 2360 2603 quidem
2379 2532 2430 2587 in
2449 2532 2637 2603 gloria,
2661 2541 2872 2587 nonest
2900 2531 3119 2585 omnino
3148 2546 3395 2596 securus;
3427 2530 3514 2601 qui
3538 2541 3622 2585 est

2047 2632 2224 2678 autem
2268 2624 2321 2679 in
2360 2624 2662 2688 securitate,
2696 2639 2801 2679 non
2839 2634 2921 2678 est
2957 2624 3174 2678 omnino
3214 2606 3265 2677 in
3307 2623 3493 2693 gloria,
3527 2637 3622 2677 nec

2048 2717 2165 2772 lucc
2192 2717 2343 2772 facile
2373 2717 2526 2771 simul
2555 2715 2829 2771 evenerint
2857 2733 2871 2769 :
2903 2698 3045 2785 quod
3072 2714 3115 2769 si
3142 2714 3299 2768 etiam
3328 2714 3621 2778 evenerint,

2043 2805 2288 2863 celeriter
2316 2804 2642 2862 auferuntur.
2670 2804 2829 2860 Verbi
2850 2805 3016 2879 gratia
3042 2821 3055 2857 :
3080 2803 3179 2871 Qui
3200 2812 3322 2858 sunt
3349 2796 3617 2883 potentes,

2043 2909 2099 2958 et
2127 2914 2367 2956 summos
2394 2907 2586 2969 gerunt
2607 2874 2963 2969 magistratus,
2988 2906 3107 2951 sunt
3128 2896 3340 2966 quidem
3364 2874 3622 2966 splendidi

2045 3001 2102 3050 et
2130 2992 2381 3056 illustres,
2412 2989 2505 3048 sed
2536 3006 2640 3045 non
2666 2989 2859 3056 securi,
2891 2988 2997 3043 imo
3031 2987 3115 3042 vel
3151 3002 3216 3042 eo
3255 2973 3483 3043 maxime
3522 3003 3622 3041 uo-

2048 3085 2193 3139 mine
2221 3082 2275 3138 in
2300 3082 2503 3138 lubrico
2527 3090 2582 3136 et
2609 3080 2910 3151 periculoso
2939 3080 3054 3135 loco
3081 3089 3377 3145 versantur,
3410 3087 3623 3149 promer

2043 3176 2227 3249 gloria:
2254 3174 2692 3247 magnitudinem.
2715 3173 2815 3239 Qui
2844 3180 3018 3228 autem
3042 3157 3167 3227 sunt
3187 3171 3376 3243 abjecti
3397 3180 3450 3226 et
3471 3171 3623 3238 viles,

2046 3276 2171 3324 sunt
2197 3266 2410 3337 quidem
2437 3265 2609 3322 securi
2631 3304 2645 3328 ,
2681 3279 2746 3320 eo
2773 3262 2913 3335 quod
2949 3278 3053 3317 non
3083 3272 3503 3332 cognoscantur,
3530 3260 3625 3318 sed

2045 3376 2111 3418 eo
2134 3361 2251 3431 ipso
2279 3368 2406 3414 sunt
2428 3358 2511 3415 vel
2542 3357 2770 3413 maxime
2799 3338 3007 3426 inglorii
3025 3396 3040 3417 ,
3069 3353 3209 3425 quod
3236 3354 3287 3408 in
3315 3353 3621 3431 securitate.

2047 3452 2103 3508 lu
2151 3430 2259 3508 Deo
2301 3461 2480 3507 autem
2528 3464 2634 3506 non
2685 3450 2757 3504 ita
2794 3456 2876 3503 est
2905 3464 2918 3500 :
2947 3445 3056 3523 sed.
3087 3436 3308 3516 utraque
3351 3430 3624 3515 insigniter

2043 3551 2383 3606 concurrunt,
2406 3550 2460 3599 et
2477 3541 2641 3612 gloria
2662 3547 2717 3597 et
2730 3539 3007 3595 securitas.
3029 3524 3434 3593 Considerantes
3449 3536 3624 3607 itaque

2044 3636 2303 3691 bonorum
2335 3631 2748 3704 magnitudinem
2770 3669 2786 3696 ,
2821 3640 2872 3684 et
2897 3637 3020 3684 ante
3039 3628 3216 3684 omnia
3245 3614 3401 3698 quam
3431 3627 3498 3682 sit
3527 3627 3623 3682 bo-

2048 3744 2174 3784 num
2199 3727 2307 3781 Deo
2331 3739 2452 3781 esse
2474 3732 2703 3795 gratum,
2725 3720 2865 3792 quod
2893 3728 2974 3776 est
3002 3730 3053 3774 et
3082 3722 3249 3779 arma,
3276 3727 3331 3774 et
3350 3718 3537 3789 gloria,
3568 3712 3626 3772 et

2043 3819 2331 3884 securitas,
2368 3824 2424 3872 et
2450 3817 2587 3872 bona
2615 3811 3017 3868 innumerabilia
3037 3850 3052 3875 ,
3081 3809 3145 3864 ad
3172 3803 3439 3864 certamen
3472 3803 3622 3862 nobis

2044 3913 2371 3986 propositum
2410 3923 2685 3965 curramus
2726 3921 2847 3961 cum
2891 3902 3187 3965 tolerantia,
3237 3915 3334 3955 nec
3373 3894 3620 3969 umquam

2043 3981 2220 4061 animo
2232 4000 2558 4064 deﬁciamus,
2573 4012 2671 4054 nec
2686 4010 2931 4066 umquam
2946 3992 3218 4047 videamur
3235 3991 3486 4045 inermes.
3513 3981 3621 4043 Iloc

2044 4096 2188 4152 enim
2214 4093 2339 4151 belli
2368 4106 2532 4163 genus
2574 4104 2680 4146 non
2717 4088 2915 4159 patitur
2934 4125 2950 4151 ,
2975 4094 3035 4140 ut
3064 4083 3218 4137 miles
3241 4076 3481 4136 videatur
3506 4081 3623 4134 sine

2042 4187 2207 4242 armis
2232 4203 2247 4239 :
2275 4183 2370 4241 sed
2393 4194 2516 4238 tunc
2532 4180 2745 4237 demum
2772 4175 3053 4232 dimittitur
3076 4164 3381 4244 apparatus,
3412 4174 3623 4241 quando

2042 4278 2202 4336 fuerit
2229 4277 2492 4332 theatrum
2513 4271 2830 4330 dissolutum
2858 4284 2874 4323 :
2896 4267 3114 4347 solvitur
3133 4262 3308 4321 autem
3332 4264 3617 4347 theatrum,

2045 4370 2259 4445 quando
2280 4369 2458 4426 anima
2482 4366 2704 4423 solvitur
2731 4379 2759 4417 a
2786 4375 3029 4431 corpore.
3056 4344 3231 4428 Quare
3255 4344 3511 4445 quamdiu
3533 4355 3622 4411 hic

2043 4438 2267 4529 sumus,
2296 4471 2530 4530 pugnare
2553 4467 2774 4512 necesse
2805 4459 2888 4507 est
2924 4459 2979 4505 et
3012 4448 3155 4504 domi
3191 4438 3457 4510 sedentes,
3485 4442 3540 4501 et
3568 4446 3618 4500 iu

2045 4555 2217 4610 forum
2257 4557 2446 4607 euntes
2491 4554 2546 4603 et
2588 4542 2933 4616 prandentes,
2974 4549 3029 4595 et
3068 4530 3313 4610 a‘grotos',
3343 4547 3396 4593 et
3438 4532 3619 4591 sanos.

2044 4641 2212 4699 Morbi
2254 4639 2396 4695 enim
2443 4647 2710 4711 tempore,
2753 4630 2908 4705 hujus
2941 4629 3169 4685 maxime
3199 4622 3386 4698 pugnae
3413 4626 3621 4696 tempus
3716 4625 3723 4629 ’

2043 4743 2147 4802 est,
2173 4730 2386 4804 quando
2437 4729 2653 4784 dolores
2698 4723 2928 4793 undique
2978 4711 3297 4804 conturbant
3346 4712 3575 4804 animam
3603 4754 3616 4779 ,

2278 4821 2503 4877 tristitia:
2531 4816 2791 4880 obsident,
2813 4811 3023 4898 quando
3042 4796 3195 4865 adest
3218 4802 3458 4898 diabolus

2045 4892 2201 4982 laus,
2245 4925 2305 4983 ut
2354 4910 2606 4968 acerbum
2651 4905 2861 4978 aliquod
2901 4894 3118 4958 verbum
3166 4894 3422 4955 dicamus.
3469 4892 3618 4950 Tune

2043 5009 2271 5065 maxime
2309 5020 2406 5061 nos
2439 5001 2630 5058 muniri
2670 5007 2898 5069 oportet,
2931 4994 3031 5066 tegi
3072 4990 3251 5055 lorica,
3284 4984 3493 5061 clypeo,
3520 4986 3617 5058 g'a-

2042 5102 2148 5169 lea,
2179 5111 2234 5156 et
2259 5098 2423 5154 armis
2449 5093 2657 5152 caeteris
2674 5133 2688 5158 ,
2720 5100 2771 5147 et
2800 5097 3053 5162 perpetuo
3080 5085 3187 5139 Deo
3213 5080 3421 5173 gratias.
3438 5088 3613 5150 agere.

2042 5166 2169 5250 Hice
2211 5198 2334 5246 sunt
2375 5184 2681 5259 gravissima
2728 5196 2847 5251 quae
2897 5180 2949 5232 in
2995 5173 3262 5231 diabolum
3307 5166 3625 5259 torquentur

2044 5283 2169 5349 tela,
2199 5281 2284 5337 hic
2308 5256 2395 5336 est
2413 5278 2545 5332 ictus
2574 5275 2628 5328 in
2655 5272 2947 5328 daemonem
2969 5258 3319 5323 certissimus,
3342 5256 3465 5315 tunc
3484 5258 3616 5339 .Sunt

2094 5381 2113 5413 ι
2140 5347 2284 5439 Εςιίιο
2310 5372 2463 5439 Item.
2480 5372 2624 5439 P'Q‘I-
2665 5367 2710 5433 t-
2745 5366 2827 5439 93
2865 5347 3615 5439 ισρῑίξῖιξξέἒαέἐῖἱῦεξῐεέξθέἐξ

2033 5418 2536 5506 Ιεῑιάςῖἴέῖἅὲῖφᾷνφ
2558 5418 3460 5506 “fieriﬁﬂi‘ﬁf’ffijﬂt.Si":
3481 5419 3612 5506 32332

2035 5475 3614 5565 Τάῧῖῖὶῦἶρ’δέ’ἇῖέῧηῖθίδῑίάεέἐῐιξξ(ἕρξιρεξῷεὶὲἐξὲυξιὶἒὲὲὲίὲ

2037 5530 3614 5625 ἓῗῶᾘὲὺὸῗῶ,Ἔὲῖότῖιῦξέὶὲἓέἐεζέἒᾟεὶξίἓξὲξςὶ

2037 5595 2600 5679 333$?"327’c3'roizi1
2617 5595 3020 5679 pulchritudinis
3050 5595 3467 5679 intentasse)
3477 5598 3619 5679 ξριξῦ

2038 5662 2629 5745 ἷὶἔὲιῖιῖὲὶιι,“ὂᾲ’ὶὸὲὀῂα
2642 5662 2967 5745 'gratmm,
2981 5662 3102 5745 sed
3127 5662 3619 5745 existingﬂum.

2040 5719 3149 5800 ἵῖἑὲἱὶἐίιῖῗὲκῖῖυῶἶὺὲἰόεἵὲᾞῶιωΙςοίβξθλ
3192 5740 3305 5800 ρξφ
3327 5719 3619 5800 EEEstP‘Q:

2043 5786 2552 5865 ῑιῒιίἴὶῗθῗιὲέίὶίιῐιξ
2585 5790 2823 5848 coronant
2851 5789 2982 5865 quin
3004 5786 3621 5865 gratiaruyngjgieifg

2258 5848 2578 5934 tegimen.
2615 5854 2996 5934 autemuvetrba
3015 5848 3180 5914 'hujus
3232 5848 3469 5897 versiculi
3505 5853 3621 5892 eum

2048 5920 2410 5996 pdsterioribus
2427 5921 2609 5984 prioris
2633 5920 2954 5982 cOpulaverit.
