3928 6276
370 398 430 451 71
1172 396 1229 449 S.
1261 394 1540 450 JOANNIS
1577 389 2051 448 CllllYSOSTOMI
2086 388 2399 446 ARCIIIEP.
2443 391 2975 453 CONSTANTINOP.
3559 403 3622 456 '1!

359 524 572 565 mrona:
601 508 1060 581 Splentlidissiniau
1094 510 1222 564 Nam
1251 510 1408 563 etiam
1431 509 1645 563 beatum
1670 505 1770 562 ilob
1792 502 1946 577 (nihil

354 601 502 654 enim
534 609 677 655 vetat
713 618 816 673 quo
854 603 1030 656 minus
1068 600 1132 655 ad
1176 615 1294 655 eum
1334 613 1519 655 rursus
1556 597 1945 668 confugiamus)

364 690 465 745 hoc
504 691 734 748 maxime
758 693 961 748 clarum
995 691 1258 756 reddidit,
1291 690 1397 746 hoc
1426 688 1671 745 maximis
1701 687 1941 743 laudibus

361 783 573 852 atl'ecit,
622 783 721 838 hoc
774 784 1042 840 coronavit
1070 825 1087 850 ,
1135 782 1274 853 quod
1323 792 1562 851 tempore
1604 777 1941 843 tentationis,

361 874 530 930 morbi
564 887 613 929 ct
645 877 987 946 paupertatis,
1021 873 1329 928 immutabili
1352 871 1611 943 ejusmodi
1640 870 1819 924 animo
1848 882 1944 937 ap-

363 970 614 1038 paruerit,
646 981 698 1026 ct
740 978 919 1025 mente
966 968 1269 1032 iunnobilis,
1301 966 1492 1036 quibus
1530 965 1726 1035 gratias
1767 969 1947 1032 ageret

364 1064 473 1116 Deo
518 1063 673 1116 verba
715 1061 988 1126 obtulerit,
1017 1068 1071 1115 et
1114 1058 1389 1129 spirituale
1430 1057 1557 1112 illud
1602 1054 1940 1110 sacriﬁcium.

363 1154 528 1209 Erant
554 1153 694 1208 enim
722 1151 1036 1208 sacriﬁcium
1062 1151 1221 1206 verba
1251 1149 1384 1220 ejus,
1412 1163 1533 1219 qua:
1557 1147 1690 1202 dixit
1722 1162 1735 1198 :
1768 1145 1947 1198 Domi-

352 1262 453 1300 nus
480 1244 638 1312 dedit,
672 1243 920 1299 Dominus
951 1242 1153 1297 abstulit
1181 1259 1200 1296 :
1226 1242 1356 1296 sicut
1387 1239 1606 1294 Domino
1642 1237 1851 1307 placuit,
1875 1236 1946 1288 ita

353 1342 552 1407 factum
591 1346 665 1392 est
700 1352 719 1391 :
753 1337 816 1391 sit
850 1351 1029 1390 nomen
1069 1333 1273 1388 Domini
1315 1331 1626 1386 benedictum
1666 1328 1717 1382 in
1756 1325 1945 1381 stccula

365 1424 487 1499 (Job
530 1427 582 1481 1.
612 1426 725 1498 21).
759 1426 907 1493 Quod
941 1425 1151 1495 quidem
1176 1437 1274 1477 nos
1298 1437 1506 1494 quoque
1533 1434 1746 1490 semper
1769 1418 1934 1471 facia-

355 1532 499 1582 mus.
541 1517 593 1573 in
641 1517 1043 1583 tentationibus,
1087 1516 1138 1570 in
1186 1511 1598 1580 calamitatibus,
1639 1513 1693 1566 in
1738 1508 1945 1567 insidiis

360 1609 523 1664 Deum
549 1607 715 1680 gloria
743 1615 795 1663 et
827 1606 1030 1662 honore
1057 1605 1352 1662 afﬁcientes
1374 1648 1388 1672 ,
1417 1612 1471 1659 ct
1497 1613 1751 1674 perpetuo
1774 1602 1940 1657 bene-

354 1697 636 1755 diccutes:
665 1699 913 1771 quoniam
959 1699 1006 1754 ci
1053 1698 1219 1770 gloria
1264 1698 1317 1751 in
1363 1695 1557 1752 smcula
1605 1692 1939 1749 szcculorum.

360 1791 553 1845 Amen.

679 1921 1037 1979 EXPOSITIO
1076 1920 1144 1978 IN
1185 1920 1504 1978 PSAMIUM
1548 1919 1635 1976 Vl.

466 2036 681 2092 Domine
700 2077 718 2105 ,
748 2053 811 2092 ne
841 2039 893 2092 in
924 2039 1094 2110 furore
1135 2046 1219 2091 tuo
1242 2053 1430 2109 arguas
1454 2052 1533 2090 me
1553 2076 1570 2103 ,
1606 2044 1762 2106 neque
1784 2037 1836 2090 in
1916 2096 1919 2099 _

848 2130 927 2184 ira
953 2139 1045 2185 tua
1073 2129 1316 2199 corripias
1344 2144 1441 2182 me.

424 2240 477 2294 1.
517 2237 739 2306 Quando
761 2238 993 2294 furorem
1015 2246 1070 2294 et
1096 2238 1228 2293 iram
1249 2237 1318 2294 de
1346 2238 1455 2294 Deo
1484 2236 1773 2303 audiveris,
1802 2237 1938 2292 nihil

354 2331 642 2387 humanum
673 2332 959 2401 suspiceris
990 2350 1003 2386 :
1034 2340 1156 2386 sunt
1192 2332 1334 2387 enim
1366 2331 1526 2386 verba
1558 2332 1749 2401 quibus
1777 2345 1838 2386 se
1876 2329 1943 2385 ad

353 2429 566 2492 caluum
591 2431 832 2477 nostrum
859 2423 1110 2478 demittit.
1142 2423 1281 2477 Deus
1306 2423 1449 2477 enim
1489 2422 1557 2477 ab
1586 2422 1668 2477 his
1697 2423 1943 2478 omnibus

353 2516 490 2571 lihcr
516 2526 619 2573 est.
650 2515 725 2571 ita
766 2524 941 2571 autem
973 2515 1205 2587 loquitur
1235 2524 1292 2570 ut
1331 2515 1381 2569 in
1423 2516 1748 2570 crassiorum
1791 2514 1945 2570 cadat

352 2608 779 2680 intelligentiam.
804 2607 933 2663 Nam
956 2622 1054 2663 nos
1074 2623 1283 2679 quoque
1302 2606 1513 2679 quando
1535 2608 1805 2677 loquimur
1823 2622 1942 2661 cum

350 2698 593 2755 barbaris
619 2741 635 2766 ,
659 2699 869 2755 illorum
898 2700 1070 2769 lingua
1101 2701 1299 2756 ntimnr
1323 2716 1340 2754 :
1369 2710 1421 2755 et
1446 2700 1491 2753 si
1520 2715 1638 2754 cum
1668 2715 1833 2770 puero
1863 2700 1944 2755 lo-

355 2791 569 2859 quimur
593 2835 607 2856 ,
634 2773 734 2845 una
765 2806 884 2846 cum
916 2808 982 2846 eo
1011 2792 1329 2847 balbutimus
1351 2834 1364 2854 ,
1398 2802 1452 2846 ct
1479 2799 1535 2846 ut
1570 2792 1943 2863 sapientissimi

358 2880 548 2938 simus.
582 2880 645 2933 ad
689 2880 1034 2934 bunti'itatem
1065 2880 1204 2935 illius
1228 2895 1326 2935 nos
1354 2880 1697 2936 demi'timus.
1726 2881 1792 2937 Et
1821 2880 1945 2952 quid

362 2970 552 3024 mirum
590 2977 633 3024 si
675 2971 773 3025 hoc
815 2971 865 3024 in
896 2970 1076 3027 verbis
1106 2971 1344 3033 facimus,
1377 2988 1496 3042 qua:
1520 2971 1589 3026 do
1627 2972 1675 3025 id
1703 2973 1861 3028 etiam
1893 2974 1943 3028 in

351 3064 515 3119 rebus
543 3063 605 3116 ‘lit
627 3082 650 3114 τι
672 3063 845 3129 nobis,
868 3072 927 3119 ut
964 3065 1050 3135 qui
1078 3072 1134 3120 et
1158 3079 1345 3119 manus
1362 3064 1717 3124 mordeamus.
1740 3076 1790 3120 et
1814 3065 1943 3119 iram

355 3158 666 3213 simulemus
691 3201 706 3222 ,
734 3168 796 3212 ut
827 3159 1076 3213 infantem
1120 3159 1483 3230 corrigamus?
1506 3158 1579 3214 lla
1609 3158 1766 3214 etiam
1805 3158 1946 3214 Deus

350 3248 640 3302 crassiores
665 3247 877 3303 afﬁcere
903 3248 1110 3315 volens,
1139 3248 1332 3303 talibus
1357 3248 1533 3303 verbis
1559 3262 1685 3303 usus
1705 3258 1805 3303 est.
1828 3248 1943 3303 Non

351 3339 491 3393 enim
525 3354 636 3409 prO‘
650 3354 744 3394 sua
769 3340 1024 3410 dignitate
1045 3339 1193 3410 loqui
1217 3340 1453 3405 studuit,
1483 3338 1577 3394 sed
1605 3355 1702 3408 pro
1727 3341 1943 3394 auditu-

350 3449 469 3487 rum
496 3432 739 3488 utilitate.
764 3432 900 3486 Nam
927 3448 984 3487 se
1016 3449 1119 3486 nan
1152 3448 1272 3487 esse
1313 3433 1405 3485 irae
1433 3430 1721 3486 obnoxium
1753 3432 1942 3486 alicubi

347 3521 634 3578 ostendens
655 3562 672 3588 ,
710 3520 919 3577 dictabat
949 3541 962 3576 :
998 3521 1262 3591 Numquid
1290 3538 1369 3575 mc
1393 3521 1461 3575 ad
1484 3521 1612 3575 iram
1632 3533 1904 3594 provocant
1926 3564 1940 3588 ,

346 3632 517 3671 nonne
537 3616 728 3684 scipsos
757 3614 774 3684 (
798 3612 908 3667 Jer.
935 3615 981 3667 7.
1015 3614 1076 3670 19
1098 3613 1115 3683 )
1138 3615 1163 3668 ?
1191 3614 1268 3668 Tu
1296 3623 1470 3667 autem
1495 3612 1762 3681 quomodo
1781 3614 1945 3670 velles

359 3710 533 3777 ipsum
575 3707 841 3763 disserere
885 3723 1002 3763 cum
1033 3706 1231 3761 Juda‘is
1256 3749 1270 3771 ,
1297 3721 1421 3760 cum
1455 3720 1625 3775 neque
1646 3705 1906 3760 irascatur
1926 3747 1942 3771 ,

351 3815 450 3857 nec
476 3800 600 3855 odio
624 3798 817 3855 habeat
843 3799 1049 3853 malos?
1075 3798 1198 3853 odio
1226 3799 1367 3852 enim
1398 3806 1480 3852 est
1522 3797 1684 3852 animi
1726 3805 1944 3867 pertur-

351 3890 490 3944 batio
514 3905 529 3956 ;
556 3906 655 3946 nec
680 3888 908 3945 humana
936 3887 1224 3959 reSpiciat?
1252 3888 1429 3944 videre
1462 3886 1606 3943 enim
1630 3902 1694 3943 es
1721 3901 1945 3957 corpore

346 3990 759 4052 snmptunicst;
816 3998 988 4054 neque
1036 3981 1259 4037 audiat?
1303 3997 1423 4037 nam
1472 3982 1572 4037 hoc
1616 3995 1829 4053 quoque
1877 3997 1944 4038 cx

347 4089 527 4128 carne.
544 4072 646 4128 Sed
669 4090 732 4129 ex
757 4072 856 4129 hoc
879 4072 1077 4128 malum
1095 4072 1235 4128 aliud
1257 4072 1448 4142 dogma
1476 4070 1747 4128 inductum
1770 4080 1934 4141 esset,

341 4180 539 4235 nempe
562 4181 665 4218 non
689 4165 797 4235 regi
817 4166 994 4220 omnia
1017 4180 1047 4218 a
1073 4163 1161 4219 Dei
1186 4162 1515 4234 providentia
1548 4179 1560 4214 :
1590 4171 1646 4218 et
1671 4162 1796 4218 dum
1820 4164 1944 4219 talia

336 4257 431 4312 de
452 4258 559 4311 Deo
579 4256 764 4311 audire
790 4265 1120 4322 recusarent,
1144 4255 1292 4312 multi
1315 4270 1379 4311 ex
1406 4255 1491 4321 iis,
1519 4255 1609 4325 qui
1632 4262 1756 4309 tunc
1769 4264 1940 4321 erant,

345 4346 565 4400 omnino
593 4346 756 4400 Deum
796 4360 917 4401 esse
946 4348 1283 4416 ignorassent
1310 4364 1323 4398 :
1350 4361 1415 4400 eo
1443 4353 1622 4399 autem
1652 4344 1896 4414 ignorato
1916 4386 1931 4410 ,

352 4440 529 4493 omnia
578 4438 904 4509 periissem:
951 4440 1042 4493 illo
1070 4449 1253 4494 contra
1309 4439 1616 4494 introducto
1656 4438 1940 4509 dogmate,

353 4528 598 4583 celeriter
626 4529 737 4584 lieri
782 4538 989 4600 poterat
1021 4530 1302 4584 correctio.
1331 4529 1424 4585 Cui
1455 4532 1599 4585 enim
1629 4544 1943 4600 persuasum

351 4629 430 4673 ρει
463 4618 624 4673 Deum
656 4634 774 4675 esse
792 4660 809 4685 ,
835 4620 933 4675 etsi
964 4635 1067 4674 non
1104 4619 1300 4675 haheat
1320 4634 1437 4674 eam
1463 4636 1620 4690 quam
1646 4637 1742 4691 par
1769 4631 1851 4676 est
1876 4621 1944 4677 de

352 4712 460 4767 Deo
489 4711 802 4767 sententiam
822 4754 838 4777 ,
870 4710 962 4766 sed
1002 4710 1125 4781 quid
1156 4711 1221 4765 de
1246 4725 1310 4765 eo
1335 4710 1568 4766 crassius
1604 4710 1939 4780 suspicetur;

351 4815 590 4874 tempore
620 4804 833 4873 quidem
866 4810 1012 4857 certo
1038 4802 1085 4856 ei
1116 4801 1523 4872 persnadcbitur
1543 4842 1557 4866 ,
1591 4802 1719 4856 nihil
1746 4804 1857 4858 tale
1888 4803 1940 4857 in

348 4900 513 4954 Deum
540 4896 748 4967 cadere.
777 4896 876 4965 Qui
904 4905 1074 4951 autem
1100 4895 1260 4952 habet
1282 4909 1588 4965 persuasum
1606 4895 1724 4965 ejus
1741 4895 1939 4949 nullam

348 5006 467 5044 esse.
499 4989 902 5059 providentiam,
947 5004 1043 5042 nec
1073 4987 1230 5043 ullam
1264 5003 1385 5043 eum
1415 5002 1596 5041 rerum
1635 5001 1813 5042 curam
1843 5002 1937 5057 εν·-

340 5096 490 5147 rerc,
525 5097 691 5149 neque
724 5081 764 5134 si
796 5081 1051 5135 exsistant
1078 5119 1095 5143 ,
1126 5094 1313 5133 curare
1336 5120 1349 5143 ,
1380 5077 1505 5148 quid
1530 5092 1653 5133 eum
1674 5077 1868 5146 juvcrit
1895 5075 1939 5133 si

350 5180 605 5224 tractetur
652 5170 716 5224 du
762 5168 852 5224 Dei
901 5168 1330 5237 impatibilitate?
1377 5168 1465 5222 Illa
1507 5169 1617 5235 ipsa
1647 5168 1712 5222 tle
1737 5183 1893 5222 causn
1920 5211 1934 5231 ,

345 5278 462 5321 t‘llill
486 5262 635 5334 prius
653 5278 768 5316 cum
793 5261 894 5316 illis
917 5260 1274 5326 disseruisset,
1304 5270 1579 5330 postquam
1609 5261 1689 5316 eis
1716 5275 1933 5329 persna-

345 5354 433 5414 sit,
460 5363 515 5405 ut
547 5368 665 5403 ιοιιιιι
691 5368 811 5407 esse
835 5354 1117 5423 opinat'ent
1139 5367 1200 5415 rr.
1231 5351 1478 5418 paulatim
1507 5366 1596 5405 cos
1627 5366 1811 5405 rursus
1838 5366 1933 5404 ev-

348 5451 555 5514 ptlt’gal,
586 5442 651 5496 ad
684 5443 782 5495 hoc
810 5442 999 5511 dogma
1034 5443 1267 5498 eveheus
1290 5482 1305 5503 .
1336 5440 1404 5495 de
1429 5457 1494 5495 eo
1520 5441 1740 5510 loquens
1768 5440 1932 5494 subti-

350 5537 524 5598 mius,
554 5545 751 5587 etcum
797 5548 914 5588 esse
958 5536 1024 5588 ab
1068 5534 1348 5587 alter-tione
1394 5542 1661 5585 remotum
1696 5532 1935 5591 oratione

344 5632 676 5688 pertractans
735 5624 868 5676 Dicit
894 5624 1033 5677 enim
1060 5625 1195 5687 alius
1227 5622 1483 5692 propheta
1512 5641 1524 5675 :
1570 5621 1689 5675 Non
1716 5621 1929 5680 esuriat,

345 5731 499 5786 neque
532 5712 777 5769 laborabit
804 5711 965 5775 (Isai.
998 5713 1084 5766 40.
1112 5712 1221 5783 9.8)
1259 5729 1270 5766 :
1298 5723 1351 5764 rt
1378 5712 1465 5782 qui
1508 5728 1628 5766 cum
1655 5712 1807 5765 irasci
1848 5711 1932 5764 ὼ-

345 5818 516 5876 serat,
542 5804 687 5860 idem
708 5819 897 5860 rursus
923 5803 1213 5859 ostendens
1229 5804 1398 5875 Deum
1416 5820 1540 5873 esse
1558 5802 1929 5873 impatibilem,

2054 502 2321 576 subjungit
2353 525 2365 560 :
2398 506 2660 577 Numquid
2678 526 2758 564 me
2773 510 2873 581 ipsi
2891 512 2958 565 ad
2983 512 3111 565 iram
3140 524 3408 583 provocant
3429 557 3444 581 ,
3468 533 3623 574 nonne

2052 596 2240 667 seipsos
2266 596 2414 668 (lar.
2449 600 2498 652 7.
2529 599 2636 668 19)
2660 601 2684 654 ?
2717 601 2780 655 Et
2799 601 3130 672 quiilixcrat
3146 618 3268 660 eum
3289 619 3406 662 esse
3430 606 3479 662 itt
3501 616 3624 663 teut-

2052 687 2139 757 plu
2158 730 2173 753 ,
2205 701 2389 743 rursus
2417 689 2543 744 dicit
2577 709 2589 743 :
2621 689 2739 744 Non
2769 703 2841 747 est
2879 693 3028 747 homo
3049 695 3099 747 in
3127 703 3172 749 te
3191 690 3426 767 sanctus,
3459 710 3502 752 et
3529 717 3621 755 non

2051 778 2307 848 ingrediar
2344 780 2397 834 in
2436 780 2681 836 civitatem
2724 782 2896 853 (Osee
2946 785 3032 839 11.
3065 784 3173 858 9):
3205 785 3308 841 hoc
3335 798 3416 843 cst
3438 830 3454 856 ,
3488 788 3622 845 Loco

2053 882 2157 921 non
2185 870 2483 926 contineor.
2511 871 2661 939 Quod
2685 871 2729 926 si
2752 887 2856 927 non
2881 888 3069 930 omnes
3098 876 3238 931 ultus
3280 885 3398 946 est,
3424 888 3478 933 at
3506 894 3623 949 pru-

2054 958 2275 1014 dentiori
2292 970 2440 1015 certe
2467 962 2675 1033 reliquit
2698 964 3036 1033 cogitandum
3060 983 3125 1021 ex
3145 966 3325 1033 dictis,
3354 969 3492 1039 quod
3511 970 3625 1041 quia

2051 1052 2340 1122 tyrannicis
2385 1053 2522 1108 liber
2549 1063 2630 1109 est
2655 1054 3058 1126 all‘ectionibus,
3085 1066 3139 1113 et
3162 1059 3279 1114 sine
3310 1061 3500 1130 quibus
3528 1077 3626 1117 nou

2048 1141 2170 1196 licet
2196 1140 2395 1209 vivere,
2413 1143 2481 1198 ab
2499 1145 2620 1200 aliis
2640 1147 2805 1201 multo
2821 1147 2987 1218 magis
3007 1147 3141 1204 liber
3159 1159 3261 1204 est.
3286 1150 3422 1206 Dicit
3440 1151 3627 1223 itaque:

2053 1230 2192 1287 Nam
2219 1235 2318 1289 eris
2346 1246 2399 1290 ut
2436 1224 2589 1291 homo
2611 1237 2866 1295 dormiens
2895 1239 2916 1312 (
2932 1239 3044 1298 Jer.
3076 1241 3170 1297 14.
3198 1241 3232 1297 9
3254 1243 3316 1313 )?
3342 1243 3411 1300 Ει
3439 1244 3630 1317 ultique

2051 1330 2238 1381 tractat
2262 1341 2324 1381 ac
2347 1327 2582 1398 loquitur
2603 1329 2670 1384 de
2691 1329 3096 1400 impatibilitate.
3125 1333 3300 1401 Quare
3322 1334 3412 1390 hic
3430 1351 3635 1408 quoque

2049 1417 2262 1485 quando
2295 1418 2525 1473 furorem
2553 1421 2785 1477 audieris
2808 1462 2824 1489 ,
2856 1438 2922 1479 ne
2949 1432 3101 1493 putes
3124 1438 3243 1480 esse
3279 1424 3632 1483 affectionem.

2046 1508 2100 1565 Si
2132 1510 2274 1565 enim
2304 1510 2547 1568 homines
2572 1514 2661 1584 qui
2682 1514 3035 1586 philosophia:
3059 1517 3293 1586 student,
3325 1519 3502 1590 quoad
3522 1519 3636 1590 ejus

2050 1598 2160 1654 ﬁeri
2194 1607 2404 1671 potest,
2435 1601 2504 1656 ab
2549 1602 2627 1658 ira
2676 1603 2836 1658 alieni
2878 1616 3224 1675 permanent;
3272 1608 3444 1664 multo
3472 1609 3635 1679 magis

2049 1689 2137 1746 illa
2163 1692 2455 1747 substantia
2478 1735 2491 1759 ,
2521 1708 2639 1765 quae
2666 1703 2747 1750 est
2773 1694 2841 1751 ab
2870 1695 3084 1753 interitu
3111 1708 3165 1753 et
3190 1700 3536 1770 corruptione
3574 1701 3637 1754 li-

2048 1780 2174 1837 bera
2200 1822 2213 1847 ,
2245 1790 2299 1837 et
2321 1798 2438 1855 qua:
2466 1799 2563 1840 nec
2587 1784 2691 1840 dici
2719 1827 2734 1854 ,
2765 1802 2862 1843 nec
2891 1788 3272 1859 comprehendi
3301 1799 3498 1861 potest.
3529 1791 3638 1848 Non

2048 1874 2197 1929 vides
2222 1875 2381 1931 etiam
2412 1875 2672 1943 medicos,
2702 1879 2826 1934 dum
2860 1891 3061 1947 secant,
3091 1882 3172 1937 vel
3202 1895 3384 1952 urunt,
3417 1900 3522 1939 nor.
3566 1884 3639 1939 ira

2046 1965 2304 2022 adductos
2332 1967 2383 2022 id
2408 1967 2602 2035 facere,
2626 1970 2720 2024 sed
2749 1971 2889 2042 quod
2913 1972 3049 2028 male
3072 1972 3324 2030 allectum
3350 1985 3436 2031 est
3457 1977 3629 2031 corri-

2046 2069 2172 2125 gere
2196 2056 2374 2112 animo
2399 2057 2498 2113 sibi
2527 2069 2881 2129 proponentes
2902 2103 2919 2128 ,
2953 2077 3057 2118 non
3081 2064 3378 2121 irascentes
3403 2067 3638 2136 aegrotis.

2046 2145 2141 2200 sed
2172 2160 2267 2201 eos
2310 2148 2624 2204 miserantes
2644 2191 2658 2213 ,
2687 2157 2741 2206 et
2767 2167 2794 2203 a
2827 2151 3028 2208 morbis
3057 2153 3393 2210 liberautes?
3417 2156 3645 2223 Quando

2058 2249 2185 2305 ergo
2210 2236 2334 2291 dicit
2366 2255 2378 2289 :
2414 2237 2494 2291 Ne
2517 2239 2568 2291 in
2588 2241 2761 2311 furore
2786 2251 2870 2294 tuo
2895 2258 3080 2314 arguas
3103 2262 3182 2299 me
3208 2261 3227 2299 :
3254 2247 3360 2301 hoc
3390 2247 3543 2314 dicit,
3576 2250 3646 2303 ὅθ

2054 2341 2237 2397 pinnas
2269 2344 2450 2382 sumas
2476 2329 2543 2384 de
2570 2333 2703 2387 meis
2734 2333 2986 2401 peccatis,
3018 2350 3117 2390 nec
3143 2351 3258 2390 mea
3286 2338 3487 2394 delicta
3520 2340 3647 2393 ulci-

2049 2421 2232 2475 scaris.
2264 2423 2316 2477 5.
2345 2421 2395 2474 Μ
2402 2423 2578 2477 iscrerc
2600 2424 2712 2490 mei,
2740 2423 2974 2494 Domine,
2997 2429 3234 2497 quoniam
3253 2431 3495 2499 infirmus
3513 2449 3643 2488 sum.

2051 2512 2160 2566 llac
2180 2527 2310 2567 voce
2336 2524 2524 2569 omnes
2544 2530 2781 2584 egemus,
2810 2517 3020 2574 etiamsi
3053 2519 3471 2576 innumerabilia
3502 2534 3647 2577 recte

2048 2609 2104 2657 et
2127 2618 2190 2656 ex
2217 2603 2407 2658 virtute
2449 2603 2766 2674 fecerimus,
2796 2616 2851 2662 et
2878 2607 2959 2664 vel
2997 2609 3063 2664 ad
3091 2623 3358 2666 summam
3394 2629 3653 2681 pervene-

2050 2695 2215 2748 rimus
2253 2693 2535 2764 justitiam.
2566 2696 2822 2763 Quocirca
2869 2699 2983 2770 ipse
3025 2702 3183 2755 etiam
3228 2713 3419 2772 postea
3463 2719 3655 2759 rursus

2048 2785 2215 2840 dicit:
2251 2784 2368 2839 Non
2384 2787 2750 2856 justi/imbitur
2772 2791 2823 2843 in
2845 2801 3113 2861 conspectu
3156 2803 3242 2847 tuo
3281 2796 3456 2849 onmis
3484 2798 3654 2849 vivens

2048 2877 2236 2951 (Psal.
2272 2880 2479 2951 142.2)
2507 2897 2521 2937 :
2558 2892 2612 2935 et
2650 2882 2811 2937 illud:
2845 2884 2906 2937 Si
2945 2884 3235 2953 iniquitates
3263 2887 3616 2942 observaveris
3641 2930 3654 2949 ,

2050 2970 2163 3041 quis
2182 2971 2439 3025 sustinebit
2461 2973 2479 3041 (
2503 2971 2651 3026 Psal.
2685 2972 2802 3028 129.
2832 2973 2906 3045 3)
2933 2973 2956 3026 ?
2982 2983 3034 3028 et
3060 2974 3257 3030 Paulus
3289 2994 3305 3030 :
3343 2975 3507 3030 Nihil
3534 2978 3659 3031 mihi

2048 3061 2274 3114 conscius
2303 3078 2444 3124 sum.
2485 3062 2575 3116 sed
2601 3079 2702 3116 non
2736 3064 2787 3117 in
2816 3064 2911 3118 hoc
2925 3064 3238 3136 justi/iratus
3262 3084 3383 3120 sunt
3408 3067 3500 3138 (l.
3534 3067 3660 3124 Cor.

2049 3150 2103 3205 4.
2134 3152 2194 3219 4)
2217 3169 2228 3204 :
2256 3160 2309 3206 ct
2336 3152 2502 3207 alius:
2535 3153 2660 3219 Quis
2679 3153 2977 3225 gloriabitur
2998 3173 3182 3226 parum
3207 3159 3400 3213 habere
3424 3177 3518 3213 cor
3538 3162 3565 3214 .’
3586 3162 3660 3214 rei

2047 3258 2159 3312 quis
2190 3253 2375 3297 assere!
2401 3260 2455 3298 se
2479 3260 2584 3298 esse
2613 3245 2857 3299 mundum
2884 3264 2915 3299 a
2951 3248 3101 3301 sorde
3130 3250 3144 3279 ¹
3170 3247 3368 3319 (Prov.
3401 3251 3499 3307 20.
3543 3250 3578 3307 9
3600 3254 3617 3320 j
3636 3250 3661 3302 t

2047 3333 2246 3389 Omnes
2284 3349 2411 3405 ergo
2453 3350 2672 3406 egemus
2710 3338 3072 3394 misericordia
3103 3357 3118 3394 :
3150 3342 3241 3396 sed
3304 3357 3421 3397 non
3468 3358 3664 3399 omnes

2048 3423 2191 3496 digni
2218 3441 2403 3480 sumus
2430 3427 2845 3483 misericordiam
2884 3431 3119 3499 assequi.
3148 3430 3281 3485 Nam
3313 3433 3424 3487 etsi
3456 3434 3531 3488 sit
3560 3435 3664 3488 mi-

2048 3517 2354 3586 sertcordia,
2371 3517 2586 3587 dignum
2608 3526 2782 3574 tamen
2801 3521 3040 3589 requirit,
3057 3522 3524 3591 quemadmodum
3548 3525 3667 3595 ipse

2051 3608 2257 3664 dicebat
2278 3609 2445 3680 Moysi
2475 3627 2487 3662 :
2511 3609 2561 3661 Μ
2570 3610 2783 3664 isercbor
2803 3611 2949 3682 cujus
2976 3610 3240 3665 miserebor
3259 3628 3280 3666 :
3302 3623 3352 3666 et
3374 3615 3667 3669 miserebor

2048 3717 2195 3772 quem
2227 3702 2499 3755 miserabor
2524 3703 2543 3773 (
2564 3701 2728 3757 Exod.
2754 3705 2840 3759 55.
2872 3703 2996 3770 19).
3020 3705 3120 3773 Qui
3140 3721 3269 3776 ergo
3295 3709 3430 3763 fecit
3454 3709 3666 3780 aliquid

2048 3791 2263 3862 dignum
2290 3793 2674 3863 misericordia,
2700 3794 2839 3849 dicet
2872 3812 2885 3850 :
2911 3793 3151 3850 Miserere
3174 3798 3269 3850 mei
3294 3816 3312 3860 ;
3343 3800 3446 3870 qui
3475 3809 3666 3855 autem

2047 3884 2115 3940 ab
2141 3884 2281 3940 illius
2322 3885 2476 3940 venia
2528 3901 2587 3939 se
2625 3888 2885 3950 semovit,
2921 3887 3115 3943 frustra
3152 3889 3298 3943 dicet
3333 3909 3350 3944 :
3388 3891 3668 3949 Miserere.

2048 3977 2105 4033 Si
2130 3978 2270 4032 enim
2297 3986 2439 4034 esset
2466 3987 2781 4047 perventura
2803 3978 2868 4033 ad
2896 3993 3084 4034 omnes
3110 3980 3498 4037 misericordia
3523 4026 3540 4050 ,
3566 4000 3669 4038 ue-

2047 4086 2137 4127 mo
2158 4072 2413 4142 supplicio
2430 4073 2745 4127 abiceretur.
2765 4071 3094 4142 Quamquam
3119 4073 3279 4129 habet
3297 4076 3418 4144 ipsa
3445 4091 3675 4148 quoque

2048 4164 2260 4235 aliquod
2285 4163 2575 4234 judicium,
2616 4174 2815 4219 etcum
2849 4165 2936 4234 qui
2965 4164 3157 4234 dignus
3187 4175 3240 4219 et
3283 4177 3457 4236 aptus
3496 4178 3587 4224 est
3614 4180 3675 4222 ut

2048 4268 2110 4309 ea
2142 4254 2363 4320 Fruatur,
2394 4255 2637 4325 requirit.

2117 4349 2172 4401 2.
2213 4349 2318 4406 Cur
2350 4349 2436 4419 qui
2480 4348 2653 4402 eadem
2698 4359 2905 4417 peccata
2941 4348 3245 4412 admittunt,
3295 4366 3407 4403 non
3456 4353 3677 4406 easdem

2049 4459 2220 4516 prunas
2243 4443 2408 4497 luunt.
2432 4472 2501 4483 —
2521 4442 2671 4497 Multi
2701 4457 2829 4512 ergo
2849 4456 2991 4512 stupe
3011 4442 3195 4496 eadem
3224 4454 3460 4511 peccata
3491 4447 3679 4500 adiui-

2047 4544 2263 4601 seruut,
2295 4542 2350 4589 et
2391 4549 2494 4588 non
2524 4533 2739 4590 easdem
2781 4543 2957 4588 tamen
3001 4547 3186 4601 pinnas
3229 4533 3560 4598 dederunt,
3619 4549 3681 4593 ut

2047 4626 2136 4696 qui
2163 4626 2295 4683 alias
2321 4625 2582 4680 haberent
2607 4640 2794 4681 causas
2823 4640 2941 4693 qua:
2969 4639 3030 4679 ea
3054 4638 3463 4695 pra-cesserant
3493 4641 3510 4682 :
3544 4639 3604 4684 et
3629 4629 3682 4685 si

2048 4721 2209 4775 vultis
2236 4761 2251 4788 ,
2281 4719 2333 4773 in
2362 4718 2465 4774 hac
2496 4732 2637 4772 nunc
2676 4717 3024 4771 immoremur
3051 4717 3312 4770 oratione.
3348 4717 3684 4774 Peccaruut

2047 4811 2213 4867 δυαωί
2243 4823 2430 4867 omnes
2453 4851 2468 4876 ,
2510 4819 2564 4866 et
2590 4808 2800 4864 fuerunt
2826 4806 3114 4862 idololatra:
3138 4848 3153 4871 ,
3200 4806 3294 4861 sed
3327 4823 3450 4862 non
3473 4823 3681 4866 omnes

2047 4902 2261 4959 easdem
2292 4916 2475 4975 pinnas
2507 4901 2737 4968 dedere;
2781 4900 2874 4956 sed
2904 4899 2992 4953 alii
3024 4897 3235 4968 quidem
3279 4900 3637 4956 ceciderunt
3666 4941 3684 4964 ,

2046 4998 2134 5053 alii
2162 5012 2289 5053 vero
2309 4996 2518 5053 veniam
2545 5006 2669 5051 sunt
2694 4993 2984 5065 assequuti.
3016 4993 3070 5045 tn
3104 4991 3340 5060 peccatis
3370 4994 3536 5048 enim
3566 5009 3685 5048 nou

2047 5091 2301 5165 qtu'ritul'
2342 5089 2513 5145 solum
2564 5097 2752 5142 natura
2784 5086 2899 5156 ejus
2939 5084 3081 5154 quod
3132 5085 3332 5137 factum
3391 5095 3490 5140 est
3531 5105 3545 5141 :
3581 5089 3687 5142 sed

2045 5187 2203 5242 etiam
2225 5183 2455 5249 animus,
2487 5189 2542 5236 et
2562 5190 2785 5247 tempus,
2817 5187 2872 5234 et
2888 5191 3044 5232 causa
3069 5216 3084 5241 ,
3107 5186 3162 5232 et
3190 5184 3303 5246 post
3338 5188 3684 5245 peccatum,

2046 5284 2087 5337 si
2122 5282 2172 5336 hi
2200 5280 2412 5351 quidem
2440 5282 2870 5348 perseverarunt.
2900 5272 3018 5327 illos
3039 5284 3168 5325 vero
3193 5272 3505 5338 paenituit,
3543 5281 3608 5325 et
3641 5273 3689 5325 si

2042 5393 2189 5441 casu,
2213 5376 2256 5431 si
2296 5391 2360 5430 ex
2387 5369 2604 5435 fraude,
2638 5378 2692 5425 et
2720 5368 2764 5424 si
2787 5367 2967 5422 dedita
2999 5380 3182 5435 Opera.
3214 5364 3281 5418 Et
3304 5365 3506 5419 multa
3546 5376 3692 5418 sunt

2044 5484 2159 5537 qua:
2185 5473 2521 5535 qumrnntur,
2551 5460 2808 5532 temporis
2831 5456 3152 5520 dill‘ereutia,
3183 5464 3241 5509 et
3262 5461 3465 5511 status
3496 5459 3695 5524 reipu-

2045 5561 2217 5615 blicae.
2269 5556 2336 5614 l3:
2381 5555 2610 5626 exempli
2652 5554 2823 5626 gratia
2855 5570 2869 5607 :
2898 5556 3188 5622 peccarunt
3214 5544 3301 5616 qui
3336 5558 3528 5603 eratut
3577 5550 3695 5604 sub

2045 5649 2244 5716 Veteri,
2268 5656 2487 5716 peccant
2508 5645 2668 5702 etiam
2685 5645 2773 5717 qui
2802 5651 2928 5700 sunt
2951 5641 3047 5696 sub
3066 5638 3213 5696 Novo
3235 5636 3638 5695 Testamento
3675 5656 3695 5701 :

2107 5747 2126 5779 ί
2154 5748 2207 5795 lu
2237 5740 2457 5793 editione
2486 5740 2701 5801 Romana
2741 5737 2940 5801 legitur,
2974 5748 3005 5782 a
3033 5731 3244 5795 peccatis
3288 5732 3307 5793 (
3334 5733 3455 5785 ἀπὸ
3501 5738 3660 5801 ἁμαρ

2038 5809 2201 5871 τῶν),
2225 5804 2499 5855 secundum
2523 5798 2816 5850 Hebraicam
2842 5800 3127 5848 veritatem.
