4032 6284
366 242 447 301 75

365 362 468 418 sed
519 376 619 416 non
666 361 927 417 dederunt
972 361 1180 433 utrique
1225 364 1436 421 easdem
1485 374 1670 436 poenas
1694 409 1710 434 ,
1757 368 1864 424 imo
1892 364 1946 422 hi

363 457 658 525 graviores.
699 455 767 510 Et
812 454 913 511 liae
958 450 1150 511 Paulus
1191 456 1525 528 signiﬁcans,
1566 450 1774 516 dicebat
1802 480 1817 516 :
1850 460 1949 530 Qui

366 547 532 617 legent
557 538 749 618 Napi:
791 546 911 617 fecit
943 549 1138 603 irritam
1161 589 1177 614 ,
1216 550 1325 605 sine
1367 550 1474 605 ulla
1503 553 1817 607 miseratione
1857 556 1946 608 sub

361 638 561 691 duabus
588 636 667 693 uel
685 634 845 692 tribas
872 638 1075 693 testibus
1100 641 1332 695 moritur.
1367 640 1570 706 Quanto
1596 645 1782 713 putatis
1809 646 1949 700 dete-

360 732 489 786 riori
515 731 767 801 supplicio
792 729 974 802 dignus
999 728 1273 799 habebitur,
1295 735 1383 806 qui
1411 734 1598 791 Filium
1623 735 1718 792 Dei
1737 736 1942 793 concul—

356 824 570 887 σενα-ιι,
598 826 647 876 et
666 824 964 893 sanguinem
988 827 1264 880 testamenti
1286 840 1599 881 communem
1629 827 1943 883 existimoe-

356 916 422 968 rit
449 916 470 983 (
499 914 655 969 Hebr.
690 916 776 971 l0.
798 914 890 973 28.
919 912 1071 988 29)?
1095 917 1316 987 Quando
1340 926 1514 975 autem
1545 916 1708 984 dicit,
1740 918 1939 988 Quanto

353 1005 594 1059 deteriori
620 1008 872 1077 supplicio
901 1006 1083 1078 dignus
1110 1004 1387 1075 habebitur,
1417 1010 1681 1066 iutensum
1709 1010 1937 1067 ostendit

354 1097 699 1164 supplicium.
722 1095 1016 1153 Peecaruttt
1038 1100 1129 1170 qui
1151 1098 1319 1169 legem
1341 1110 1745 1171 praecesserunt,
1774 1108 1830 1157 et
1847 1100 1937 1174 qui

351 1196 513 1241 eratut
558 1188 609 1242 in
655 1187 786 1260 lege.
833 1187 1035 1244 Rursus
1094 1191 1300 1261 priores
1351 1191 1422 1246 illi
1473 1207 1656 1262 ptenas
1706 1188 1931 1250 leviores

354 1278 591 1333 Ιινιτιιηί.
626 1277 738 1335 lloc
766 1289 941 1336 autem
972 1280 1295 1352 signiﬁcans,
1323 1280 1533 1338 dicebat
1567 1301 1581 1337 :
1618 1283 1930 1357 Quicumque

349 1372 484 1423 enim
505 1373 615 1425 sine
643 1372 751 1443 lege
770 1374 1112 1442 peccauerunt,
1140 1375 1249 1430 sine
1271 1375 1378 1446 lege
1408 1386 1456 1431 et
1489 1376 1721 1446 peribunt
1744 1374 1929 1450 (Rom.

348 1463 401 1513 ξ.
438 1461 509 1515 12
531 1462 548 1519 l
574 1482 588 1517 :
617 1462 768 1523 Illud,
799 1464 906 1518 sine
926 1462 1049 1535 lege,
1077 1466 1336 1536 signiﬁcat
1362 1468 1547 1536 levius,
1571 1484 1673 1524 non
1699 1469 1929 1541 gravius.

350 1550 415 1604 Et
440 1555 745 1623 quicumque
766 1553 819 1610 in
843 1555 948 1627 lege
972 1567 1263 1626 peccarunt,
1288 1572 1376 1629 per
1400 1560 1554 1631 legem
1567 1560 1933 1632 judicabantur

349 1643 531 1717 (Ibid.
562 1645 603 1719 ).
656 1646 870 1715 Quare?
909 1646 1166 1717 Quoniam
1200 1648 1275 1705 illi
1305 1648 1516 1720 quidem
1573 1650 1769 1708 habent
1812 1656 1932 1724 quae

346 1751 442 1791 eos
489 1744 742 1805 accusat,
793 1750 1036 1796 naturam
1067 1752 1081 1796 ὲ
1109 1741 1163 1798 hi
1215 1752 1340 1799 vero
1382 1759 1500 1800 cum
1541 1750 1726 1801 natura
1769 1746 1935 1814 etiam,

348 1828 523 1897 legent
551 1871 565 1893 ,
597 1839 651 1885 et
693 1840 799 1901 quo
829 1830 944 1901 plus
968 1830 1227 1889 doctrina:
1267 1843 1621 1904 acceperunt,
1650 1844 1729 1894 eo
1757 1837 1929 1908 majus

345 1919 605 1975 subibunt
662 1913 994 1990 supplicium.
1050 1920 1252 1979 Rursus
1298 1926 1456 1980 etiam
1505 1944 1572 1983 ex
1616 1929 1928 1984 auctoritate

346 2009 508 2079 hujus
540 2013 612 2064 rei
645 2010 765 2066 licet
793 2016 1038 2067 eventum
1069 2012 1281 2080 videre;
1313 2015 1469 2086 idque
1499 2019 1724 2089 perspici
1755 2016 1938 2089 potest'
1976 2038 1981 2043 '

344 2116 408 2153 ex
436 2100 722 2155 sucrillcio.
761 2100 861 2155 Pro
887 2102 1138 2157 universo
1161 2115 1309 2160 certe
1331 2108 1421 2175 qui
1461 2112 1702 2177 peccaret
1731 2110 1925 2180 populo

344 2202 555 2244 tantum
582 2192 901 2248 oﬂ‘erebatur
926 2192 1238 2249 sacriﬁcium
1261 2237 1274 2260 ,
1301 2202 1553 2267 quantum
1582 2208 1676 2268 pro
1703 2201 1816 2256 solo
1840 2215 1927 2257 sa-

340 2284 585 2337 cerdote.
620 2283 671 2338 ld
699 2288 872 2339 autem
905 2282 1165 2359 signiﬁcat
1187 2326 1202 2351 ,
1226 2297 1331 2355 quo
1361 2288 1531 2357 major
1552 2296 1633 2343 est
1659 2290 1918 2361 dignitas,

340 2391 409 2427 eo
431 2376 655 2444 gravius
692 2382 813 2430 esse
834 2386 1017 2430 eorum
1062 2376 1152 2446 qui
1178 2384 1397 2447 peccant
1436 2380 1768 2449 supplicium.
1800 2368 1923 2438 ldco

340 2470 458 2533 qum
482 2465 802 2535 simpliciter
825 2465 1038 2535 quidem
1069 2465 1320 2521 fornicata
1348 2475 1493 2533 erat,
1523 2467 1589 2525 de
1617 2471 1792 2526 medio
1819 2473 1933 2527 tol-’

341 2555 554 2610 leuatur
578 2564 602 2612 ε
624 2555 914 2610 sacerdotis
938 2565 1117 2610 autem
1144 2555 1245 2610 lilia
1274 2557 1698 2614 comburebatur.
1729 2561 1920 2619 Possu.

341 2662 456 2701 mus
498 2646 665 2702 etiam
690 2646 900 2701 aliunde
936 2646 1114 2701 videre
1153 2654 1207 2701 et
1233 2648 1437 2702 veniam
1463 2690 1476 2713 ,
1518 2656 1572 2705 et
1609 2651 1925 2721 gravitatem»

338 2738 529 2806 augeri
567 2737 808 2807 supplicii
831 2777 845 2801 ,
891 2742 948 2791 ut
976 2753 1099 2792 cum
1127 2738 1169 2791 is
1207 2739 1299 2807 qui
1326 2741 1559 2808 peccavit
1581 2781 1596 2805 ,
1626 2741 1710 2798 hic
1737 2748 1933 2812 poenas

336 2835 487 2891 dedit
515 2877 529 2898 ,
569 2834 704 2888 alius
743 2840 918 2886 autem
963 2845 1021 2885 se
1067 2831 1331 2899 voluptate
1358 2831 1604 2900 explevit.
1638 2822 1733 2888 llle’
1773 2835 1919 2889 enim

337 2926 445 2980 illic
476 2924 713 2993 (tutiores
736 2964 751 2990 ,
790 2921 878 2977 hic
904 2931 1031 2976 vero
1055 2921 1287 2976 minores
1318 2932 1498 2990 positas
1523 2921 1705 2992 dabit,
1734 2924 1783 2978 si
1809 2936 1914 2980 non

339 3018 421 3073 ln'e
441 3016 608 3071 fuerit
623 3014 839 3068 omnino
858 3013 1149 3068 absolutus.
1174 3011 1238 3066 Et
1257 3010 1310 3066 id
1333 3011 1631 3083 signiﬁcans
1650 2998 1913 3081 Cbristus,

338 3107 544 3165 inducit
564 3106 830 3162 Abraham
858 3104 1118 3160 dicentem
1155 3103 1302 3158 diviti
1330 3121 1344 3159 :
1377 3103 1622 3174 Recepisti
1651 3104 1781 3158 bona
1806 3114 1915 3175 tua,

337 3203 415 3256 llic
456 3214 581 3255 uate
613 3199 790 3263 mala;
816 3205 863 3252 et
890 3211 1022 3249 nunc
1050 3196 1130 3248 hic
1169 3194 1559 3249 consolationem
1595 3196 1817 3266 occipit,-
1861 3206 1915 3251 tu

337 3311 447 3348 vero
469 3291 718 3346 cruciaris
760 3287 782 3358 (
797 3287 922 3341 Luc.
948 3287 1033 3342 16.
1065 3286 1135 3341 25
1155 3287 1194 3357 ).
1225 3280 1332 3341 Sed
1358 3288 1441 3342 hic;
1466 3286 1683 3356 quidem
1703 3289 1801 3344 sibi
1829 3289 1913 3342 in-

338 3393 546 3457 tegrum
592 3380 884 3437 reservavit
924 3378 1276 3449 supplicium,
1318 3382 1371 3434 et
1401 3378 1525 3433 ideo
1547 3381 1778 3449 graviter
1818 3380 1914 3437 fuit

339 3469 597 3547 punitus:
622 3475 710 3530 alii
737 3478 915 3528 autem
944 3466 1046 3527 non
1089 3470 1351 3542 integrum
1371 3512 1387 3539 ,
1430 3468 1523 3527 sed
1552 3486 1617 3527 ex
1644 3482 1793 3542 parte
1814 3515 1831 3542 ,
1858 3478 1915 3529 et

337 3570 456 3626 ideo
493 3569 657 3624 levius
682 3565 987 3637 puniuntur.
1019 3559 1220 3617 Viderit
1244 3564 1402 3617 etiam
1427 3564 1691 3633 quispiam
1711 3564 1912 3634 suppli-

337 3661 400 3716 cii
440 3655 799 3715 diflcrentiam
837 3662 901 3709 ex
932 3664 1117 3723 magna
1147 3651 1493 3722 intelligentia
1518 3658 1572 3707 et
1606 3662 1670 3707 ex
1709 3653 1912 3722 simplia

336 3753 519 3815 titate,
540 3754 597 3804 ut
621 3747 831 3819 quando
852 3746 976 3801 dicit
996 3743 1428 3812 :Servusquinauit
1440 3744 1907 3805 uoluntatemdomi-

335 3833 564 3898 nimim
580 3851 680 3889 non
689 3829 1319 3904 fecineapulabitmnltis:
1335 3834 1421 3903 qui
1440 3842 1607 3889 autem
1631 3851 1731 3890 non
1750 3828 1905 3903 nouit,

334 3940 419 3980 nec
461 3926 623 3997 fecit,
668 3923 925 3993 vapulabit
970 3923 1146 3992 paucis
1178 3919 1303 3992 (Id.
1337 3923 1424 3977 l2.
1455 3924 1543 3979 47.
1583 3925 1650 3980 48
1747 3922 1911 3982 Multa

332 4020 504 4072 etiam
529 4017 633 4071 alia
674 4017 934 4071 invenerit
957 4012 1222 4084 quispiam
1255 4028 1373 4084 qua:
1401 4012 1748 4070 diii’erentiam
1782 4031 1908 4087 sup-

331 4110 476 4179 plicii
524 4110 737 4178 pariunt
769 4148 784 4171 ,
842 4106 975 4160 itcm‘
1019 4104 1376 4160 diﬂ'erentiam
1414 4105 1791 4161 misericordiae
1854 4110 1910 4163 et

331 4196 692 4271 benignitatis.
720 4199 1009 4254 Considera
1035 4203 1207 4252 autem
1242 4195 1295 4250 id
1339 4198 1507 4251 etiam
1537 4199 1595 4253 in'
1617 4199 1793 4268 primo
1814 4199 1911 4255 hoe

330 4295 497 4350 mine.
551 4291 795 4349 Peccavit
838 4292 984 4355 Eva,
1020 4290 1254 4359 peccavit
1296 4290 1455 4345 etiam
1495 4290 1664 4346 Adam
1696 4310 1710 4348 :
1739 4302 1900 4348 unum

331 4390 517 4441 autem
535 4390 652 4439 erat
677 4391 969 4454 peccatum.
999 4381 1169 4435 Ambo
1196 4382 1336 4436 enim
1364 4383 1432 4437 de
1471 4384 1638 4437 fructu
1660 4385 1906 4441 comede-

331 4486 454 4531 rimt
482 4490 501 4530 :'
521 4466 685 4528 ambo
708 4480 885 4528 autem
919 4489 1025 4526 non
1049 4472 1265 4527 easdem
1289 4487 1471 4542 poenas
1497 4473 1776 4529 dederunt.
1803 4474 1906 4532 Oc-

330 4566 458 4620 cidit
479 4566 616 4620 Cain
635 4606 650 4628 ,
683 4564 739 4618 et
762 4564 956 4618 occidit
983 4562 1249 4627 Lamecl't;
1277 4573 1333 4617 et
1359 4563 1442 4617 hic
1462 4564 1672 4632 quidem
1700 4566 1908 4621 miseri-

330 4660 672 4714 cordiamest
692 4664 1027 4726 assequutus,
1054 4655 1142 4710 ille
1168 4670 1303 4711 vero
1320 4656 1537 4727 punitus
1558 4668 1660 4718 est.
1688 4658 1909 4730 Collegit

330 4750 589 4820 quispiam
616 4748 755 4819 ligna
783 4745 1044 4811 sabbato,
1073 4752 1128 4801 et
1165 4745 1362 4799 nullann
1402 4748 1615 4801 veniam
1638 4757 1723 4803 est
1762 4764 1907 4806 asse-

328 4850 523 4912 quurus
545 4834 752 4910 (Nam.
783 4834 870 4893 {5.
898 4833 990 4893 5‘2.
1020 4850 1127 4906 sqq.
1152 4834 1192 4907 ).
1225 4834 1386 4891 David
1432 4836 1643 4906 occidit,
1677 4846 1732 4893 et
1754 4839 1905 4894 adul-

331 4935 529 4990 terlum'
549 4924 851 4998 commisit,
881 4938 935 4987 et
962 4931 1196 4985 salutem
1224 4938 1306 4984 est
1330 4938 1708 5000 consequutus.
1734 4930 1793 4987 ln
1822 4932 1907 4988 his

329 5033 452 5099 ergo
488 5024 791 5099 quaerendis
818 5023 1166 5078 immuremur
1193 5038 1207 5075 :
1236 5021 1411 5076 multo
1425 5028 1509 5076 est
1549 5022 1690 5076 enim
1717 5022 1905 5080 melius

330 5119 438 5176 haec
462 5118 733 5190 inquirere
755 5156 772 5183 ,
810 5122 970 5186 quam
1010 5112 1164 5181 nugis
1192 5116 1249 5167 et‘
1272 5105 1625 5169 conventibus
1650 5116 1747 5185 qui
1776 5116 1907 5172 nunt

328 5213 379 5267 in
403 5202 532 5268 foﬁs
558 5203 802 5267 deditum
824 5216 964 5263 esse.
988 5201 1104 5261 Non
1131 5203 1311 5260 solum
1331 5204 1473 5259 enim
1495 5198 1609 5261 luce
1630 5207 1866 5265 invenire
1883 5251 1905 5278 ,

332 5300 901 5375 s‘ed’etiam‘qnatrere,
944 5306 1192 5369 magnum
1235 5302 1317 5353 est
1364 5297 1611 5365 luerunt,
1660 5300 1758 5356 etsi
1797 5310 1907 5356 non

332 5393 667 5461 inveniamus.
684 5392 949 5463 Cogemur
970 5390 1108 5446 enim
1131 5390 1189 5444 in
1206 5386 1288 5443 his
1308 5389 1597 5457 immorari,
1621 5400 1677 5446 et
1694 5392 1901 5448 univer-

329 5498 441 5541 sunt
467 5492 679 5557 mpu-
698 5484 761 5538 in‘
776 5483 1207 5538 uincemus.
1225 5479 1336 5536 Cur
1353 5481 1731 5552 ergoioportet
1754 5483 1896 5538 enim

327 5577 389 5631 ad
405 5578 547 5647 prius
568 5575 859 5630 institutam
883 5573 1058 5629 redire
1083 5569 1423 5653 orationem),
1451 5578 1581 5627 cnm'
1596 5584 1782 5628 omnes
1808 5569 1899 5630 Ju-

327 5665 419 5722 daei
449 5665 671 5722 vitulum
696 5662 1035 5731 conﬂassent,
1062 5662 1149 5717 alii
1180 5659 1392 5730 quidem
1419 5662 1585 5732 puniti
1616 5672 1738 5719 sunt
1757 5706 1770 5732 ,
1800 5665 1891 5719 alii

1537 249 1893 309 EXPOSITIO
1927 246 1993 305 lN
2030 248 2352 311 PSALMUM
2390 254 2475 310 Vl.
3562 274 3643 332 πθ

2061 380 2188 419 vero
2219 366 2479 423 minime?
2506 365 2656 438 Quod
2687 367 2760 426 illi
2789 371 3003 445 quidem
3034 375 3343 445 poenitentia
3370 368 3550 448 ducti,
3578 395 3633 440 et

2054 455 2222 525 ipsam
2254 457 2493 514 naturam
2518 458 2669 516 obliti
2701 460 2825 529 sint,
2851 475 2970 519 cum
3000 465 3208 535 pietatis
3231 484 3386 525 causa
3412 475 3625 543 pr0pin-

2051 560 2185 616 quos
2218 548 2515 606 necarunt:
2561 548 2634 605 illi
2678 568 2802 607 vero
2848 567 3273 624 perseverarunt.
3325 560 3503 630 Itaque
3532 563 3631 619 fuit

2049 630 2265 699 quidem
2299 651 2574 729 peccatum
2602 645 2806 715 aequale
2832 662 2848 701 ;
2881 647 2973 702 scd
3002 665 3120 719 qua:
3150 664 3477 723 consequuta
3504 663 3629 709 sunt

2050 740 2153 780 ucn
2178 726 2323 783 fuere
2345 726 2584 801 mqualia.
2604 732 2778 801 Quare
2799 745 2973 792 autem
2994 748 3047 794 et
3075 740 3127 795 in
3148 741 3337 810 Adam,
3363 754 3416 800 et
3442 746 3490 800 in
3514 745 3627 804 Eva

2047 825 2151 874 non
2183 820 2278 875 fuit
2322 822 2458 879 idem
2483 826 2797 896 supplicium
2829 828 2927 884 etsi
2957 829 3113 887 fuerit
3142 833 3278 890 idem
3309 837 3625 906 peccatum?

2046 908 2178 977 Quia
2222 927 2326 967 non
2372 913 2510 970 idem
2549 926 2718 972 erata
2751 920 2970 977 muliere
3003 916 3282 994 deceptum
3312 941 3431 984 esse
3456 968 3471 993 ,
3514 938 3568 984 et
3591 946 3623 985 a

2045 1012 2308 1087 serpente.
2339 1005 2517 1076 Itaque
2542 1005 2736 1062 Paulus
2758 1008 2886 1065 illud
2913 1013 3199 1083 appellavit
3226 1014 3618 1087 deceptionem,

2042 1086 2227 1145 dicens
2260 1111 2274 1147 :
2305 1093 2467 1148 Adam
2493 1097 2710 1167 nonfuit
2731 1098 2985 1169 deceptus,
3019 1098 3201 1157 mulier
3218 1086 3384 1159 autent
3413 1106 3621 1177 decepta

2044 1180 2138 1252 fuit
2168 1182 2220 1237 in
2246 1186 2639 1257 transgressione
2672 1186 2753 1258 (ί.
2802 1182 2935 1245 Tim.
2967 1190 3022 1245 2.
3069 1191 3197 1266 14).
3240 1193 3347 1250 Cur
3369 1207 3543 1252 autem
3575 1199 3619 1253 is

2040 1272 2131 1343 qui
2151 1274 2287 1345 ligna
2309 1278 2610 1348 collegerat,
2633 1284 2737 1335 non
2762 1293 2843 1338 est
2865 1284 3177 1355 assequutUs
3200 1288 3444 1343 veniam?
3471 1280 3616 1359 Quo-

2041 1365 2182 1419 niam
2227 1374 2342 1422 erat
2394 1371 2638 1425 t'naXimne
2678 1372 2966 1442 iniquitatis
2997 1386 3315 1448 praceptum
3344 1381 3519 1434 statim
3551 1383 3617 1435 ab

2039 1454 2190 1510 initio
2213 1460 2526 1528 transgredi,
2559 1460 2612 1516 et
2638 1464 2914 1532 oportebat
2944 1466 3060 1520 aliis
3090 1468 3338 1536 magnum
3370 1473 3615 1524 timorem

2038 1546 2264 1633 immitti.
2279 1540 2557 1609 "acetiam
2573 1542 2627 1612 in
2640 1550 2901 1627 Sapphira
2914 1552 3180 1613 etAuania
3193 1556 3519 1633 accidit(.ict.
3533 1563 3611 1633 5).

2036 1622 2104 1691 El
2116 1642 2211 1693 nOs
2224 1639 2398 1708 itaque
2413 1642 2623 1710 quando
2642 1648 2936 1711 peccamus,
2951 1622 3433 1711 cousidereumsmn
3448 1654 3611 1705 simus

2035 1725 2179 1797 digni
2206 1726 2565 1785 misericordia
2590 1774 2603 1798 ,
2633 1734 2676 1788 si
2703 1726 2827 1804 quid
2858 1734 3077 1790 fecimus
3110 1748 3164 1790 ut
3191 1738 3606 1794 IlliscricOI‘diuttt

2033 1814 2397 1888 assequamur,
2427 1821 2469 1876 si
2519 1822 2824 1892 paenitentia
2853 1824 2994 1881 dueti
3035 1843 3236 1893 sumus,
3266 1829 3310 1884 si
3359 1831 3609 1886 meliores

2033 1912 2318 1977 evasimus,
2349 1914 2392 1966 si
2418 1910 2736 1970 destitimus.
2768 1916 2899 1972 Nam
2936 1904 3240 1989 ptenitentia
3269 1920 3491 1978 salutem
3522 1940 3609 1978 as-

2033 2002 2182 2072 sequi
2206 2043 2223 2070 ,
2264 1998 2387 2057 illud
2417 2014 2497 2060 est
2526 2020 2556 2060 a
2585 2002 2676 2062 Dei
2707 2009 3063 2066 misericordia
3106 2014 3325 2067 servari.
3367 2013 3440 2067 lta
3478 2030 3605 2085 ergo

2033 2092 2119 2148 hic
2143 2096 2305 2149 etiam
2336 2100 2484 2166 rogat
2515 2094 2635 2153 inde
2661 2100 2882 2167 servari,
2911 2100 2971 2155 ci
3006 2098 3273 2174 lacrymis,
3306 2120 3367 2159 ex
3398 2105 3602 2160 lamen-

2033 2186 2335 2242 tationilius.
2361 2176 2413 2244 7.
2440 2186 2640 2246 Lavabo
2664 2193 2825 2259 enim,
2861 2195 3046 2266 inquit,
3078 2206 3166 2266 per
3185 2197 3410 2269 singulas
3434 2211 3611 2255 noctes.

2029 2278 2211 2333 lectum
2254 2288 2454 2345 meum;
2495 2281 2730 2353 lacrymis
2778 2284 2898 2339 meis
2946 2294 3158 2339 stratum
3198 2284 3360 2340 meum
3404 2289 3594 2359 rigubu.

2029 2372 2085 2428 l'd
2115 2382 2219 2438 ρει,
2251 2382 2316 2428 ex
2340 2380 2760 2446 c'ompunctiOnc.
2793 2368 2845 2432 5.
2868 2377 3171 2432 Conturbata
3191 2378 3309 2434 sunl
3329 2396 3441 2434 ossa
3468 2380 3595 2443 mea,

2025 2463 2080 2521 4.
2108 2476 2153 2520 et
2172 2468 2339 2521 anima
2364 2485 2473 2521 utea
2496 2468 2690 2523 turbata
2716 2479 2785 2525 est
2805 2471 2964 2525 ualde.
2990 2470 3104 2526 Non
3128 2458 3226 2526 ltoc
3251 2473 3426 2527 statim
3448 2466 3594 2543 dicit,

2026 2555 2118 2611 sed
2149 2548 2216 2610 ad
2246 2562 2447 2613 naturai
2467 2547 2825 2615 inﬁrmitatem
2852 2554 3107 2632 confugit,
3133 2550 3333 2618 dicens.
3362 2560 3414 2618 5.
3439 2564 3595 2619 Mise-

2022 2658 2131 2704 rere
2142 2650 2254 2716 mei,
2278 2648 2503 2717 Domine,
2522 2640 2996 2722 duoniaminﬁrmus
3010 2671 3140 2708 sum.
3164 2653 3232 2708 ita
3255 2646 3401 2720 dicit,
3419 2667 3596 2711 osten-

2023 2740 2154 2795 dens
2172 2741 2271 2795 hoc
2291 2756 2394 2796 non
2408 2738 2581 2798 solum
2597 2743 2688 2799 siti
2688 2742 2841 2799 licere
2861 2762 2872 2794 :
2893 2745 2933 2798 si
2952 2748 3089 2799 enim
3108 2740 3390 2808 sufficeret,
3413 2728 3613 2817 omnes:

2020 2842 2087 2886 ex
2131 2848 2196 2887 co
2237 2833 2430 2887 Servati
2474 2830 2684 2899 essunt;
2733 2848 2916 2887 omnes
2954 2835 3093 2889 enim
3125 2834 3303 2889 sumtis
3332 2829 3613 2909 humans,

2093 2925 2145 2979 ’5.
2187 2920 2310 2979 Mihi
2338 2934 2536 2991 autem,
2564 2924 2612 2979 si
2636 2923 2701 2979 de
2730 2942 2793 2980 eo
2819 2925 3013 2995 aliquid
3038 2922 3275 2979 exactius
3310 2926 3589 2981 dicen-dum

2020 3026 2121 3084 est,
2150 3016 2371 3072 fortasse
2402 3033 2467 3071 ne
2489 3014 2589 3072 hoc
2617 3006 2826 3087 quidem
2854 3014 3058 3070 videtur
3076 3014 3251 3070 dicere
3273 3035 3285 3070 :
3309 3017 3401 3071 sed
3428 3018 3591 3088 signi-

2023 3107 2144 3164 licat
2172 3096 2583 3165 imbecillitatem
2598 3126 2713 3179 qua:
2729 3109 3082 3180 proliéiscitur
3107 3125 3167 3162 cx
3190 3111 3585 3174 tentationibus,

2020 3199 2085 3253 ad
2113 3198 2528 3253 miscricordiam
2557 3208 2612 3252 et
2630 3199 2837 3253 veniam
2865 3194 3267 3267 assequendam,
3301 3190 3434 3252 lianc
3460 3216 3589 3267 quin.

2019 3306 2122 3359 que
2147 3305 2249 3343 non
2282 3296 2498 3358 parvam
2525 3289 2780 3342 rationem
2802 3289 3048 3344 allerens.
3081 3284 3192 3341 lloc
3217 3288 3374 3341 etiam
3395 3288 3445 3340 iu
3469 3305 3589 3357 pro-

2017 3394 2202 3451 gressu
2229 3376 2561 3450 significavit,
2593 3379 2772 3433 dicens
2805 3396 2818 3430 :
2851 3379 2900 3432 8.
2940 3376 3212 3432 Inreteraci
3241 3378 3370 3431 inter
3418 3395 3586 3432 omnes

2016 3473 2243 3527 inimicos
2297 3488 2453 3527 meos.
2505 3468 2735 3525 Al'llictio
2782 3471 2921 3523 enim
2974 3485 3093 3539 qua:
3138 3483 3258 3523 cum
3301 3469 3585 3539 gratiarum

2015 3563 2222 3618 actione
2239 3562 2509 3628 toleratur,
2529 3561 2663 3616 selet
2691 3564 2930 3632 magnam
2957 3561 3192 3630 pra-bere
3211 3564 3391 3614 a'us'am
3422 3561 3585 3616 inise-

2015 3654 2279 3722 ricordite,
2307 3654 2361 3709 et
2389 3654 2553 3710 Deun't
2577 3642 2796 3709 reddere
2816 3654 3117 3725 propitium.
3144 3650 3290 3709 lla‘t’t'c
3313 3656 3439 3727 ergo
3456 3642 3584 3709 milli

2014 3738 2101 3801 hic
2125 3745 2333 3800 videtur
2366 3746 2680 3816 signiﬁcare,
2734 3743 2913 3800 (licens
2937 3762 2950 3798 :
2977 3744 3118 3799 Sana
3165 3764 3261 3812 me,
3323 3744 3535 3801 Domine
3565 3789 3582 3813 ,

2014 3840 2247 3911 quoniam
2270 3838 2564 3893 conturbata
2590 3840 2709 3892 sunt
2727 3838 2845 3893 ossa
2888 3838 3017 3906 mea,
3062 3830 3116 3894 4.
3160 3850 3203 3894 et
3254 3841 3425 3894 animo
3475 3858 3584 3896 utea

2015 3928 2315 3987 turbata'est'
2355 3932 2518 3985 valde.
2551 3918 2662 3985 Non
2691 3928 2857 3984 dixit:
2886 3920 3117 3986 Remitte
3169 3931 3295 3985 milii
3319 3974 3332 3997 ,
3376 3932 3581 4003 neque,

2013 4023 2271 4077 Coud‘ona‘
2296 4014 2442 4087 milii,
2465 4022 2578 4088 sed,
2611 4022 2772 4077 Sana.
2805 4021 2973 4092 Rogat
2995 4021 3135 4076 enim
3160 4033 3215 4076 ut
3240 4025 3412 4092 priora
3437 4011 3585 4079 dele-
3638 4078 3641 4081 γ

2012 4123 2169 4169 antur
2211 4115 2446 4167 vulnera.
2486 4106 2614 4167 Ossa
2658 4112 2742 4166 hic
2780 4104 2907 4167 dicit
2950 4113 3248 4167 universam
3289 4115 3581 4172 Virtutem:

2014 4200 2365 4262 turbatiouem
2417 4214 2616 4269 autem,
2672 4219 2902 4274 pinnam,
2945 4203 3277 4273 supplicium.
3310 4205 3453 4260 Sana
3481 4223 3580 4273 me,

2011 4280 2247 4358 Domine,
2260 4295 2494 4364 quoniam
2507 4284 2798 4348 conturbata
2820 4303 2934 4347 sunt
2950 4310 3063 4348 ossa
3087 4311 3216 4361 utea,
3233 4304 3277 4349 et
3290 4301 3457 4375 animo
3473 4314 3584 4354 utea

2013 4382 2211 4443 turbata
2238 4376 2485 4440 est'vaide.
2519 4382 2971 4452 gnemadmodum
3003 4380 3129 4456 ergo
3154 4384 3206 4440 in
3227 4385 3447 4442 medicis
3478 4388 3577 4444 tria

2010 4488 2155 4546 sunt,
2180 4477 2261 4532 vel
2280 4476 2453 4548 potius
2473 4472 2716 4547 quatuor,
2743 4469 3000 4549 vel'etiam
3017 4476 3248 4547 quinque
3271 4474 3285 4530 ἐ
3318 4478 3577 4544 medicus,

2011 4585 2119 4637 ars,
2139 4576 2389 4639 aegrotus,
2422 4565 2654 4630 morbus,
2687 4564 2769 4621 vis
2796 4561 3321 4633 medicamentorum,
3349 4566 3413 4622 et'
3428 4560 3580 4623 adest

2009 4659 2251 4730 quadam
2270 4673 2439 4729 pugna
2467 4654 2531 4711 ac
2557 4648 2835 4711 conﬂictus
2864 4674 2876 4710 :
2909 4652 2953 4710 Si
3001 4657 3141 4710 enim
3187 4652 3309 4712 cum
3337 4650 3543 4715 mediae
3563 4701 3580 4726 ,

2009 4762 2145 4817 arte,
2171 4758 2226 4806 et
2251 4746 2672 4812 medicamentis,
2695 4744 3075 4825 acceditetiam
3094 4749 3340 4804 voluntas
3368 4744 3573 4833 :rgroti,

2012 4842 2252 4897 morbum
2280 4840 2531 4907 vincunt;
2561 4838 2607 4895 si
2636 4836 2961 4907 autemﬁcum
3014 4838 3120 4894 illis
3170 4847 3311 4894 stare
3363 4839 3414 4893 in
3468 4838 3582 4895 acie

2010 4920 2228 4989 desierit
2246 4931 2501 5001 :egrotu's,
2524 4920 2599 4984 ad
2640 4926 3002 4984 inﬁrmitatem
3042 4926 3273 5000 seipsum
3332 4918 3577 4987 reducit:

2010 5021 2090 5078 vel
2120 5022 2277 5078 etiam
2306 5020 2538 5089 seipsum
2561 5007 2875 5083 labefactat,
2925 5018 2969 5072 si
3025 5020 3146 5073 cum
3188 5018 3277 5072 illa
3326 5015 3593 5075 adversus

2011 5111 2298 5177 medicum,
2330 5104 2733 5175 medicamenta,
2761 5104 2820 5162 et
2839 5104 3004 5163 artem
3058 5109 3112 5163 in
3164 5100 3279 5164 aci'e
3331 5107 3575 5166 steterit:

2009 5205 2078 5259 ita
2106 5202 2264 5258 etiam
2294 5200 2346 5257 io
2375 5199 2530 5256 nobis
2554 5182 2764 5263 accidit,
2791 5192 2900 5252 imo
2953 5200 3123 5267 potius
3175 5196 3278 5253 non
3329 5199 3438 5267 sic,
3484 5198 3585 5256 sed

2009 5295 2174 5349 multo
2211 5290 2590 5348 admirabilius.
2647 5288 2759 5345 Sub
2802 5289 3023 5344 medicis
3073 5288 3213 5343 enim
3266 5304 3407 5362 sape
3457 5294 3585 5347 cum

2007 5387 2216 5452 morbo,
2247 5392 2442 5439 etcum
2468 5390 2599 5448 arte,
2632 5390 2686 5435 et
2713 5396 2832 5436 cum
2857 5380 3252 5435 medicamentis
3278 5389 3383 5437 stat
3410 5398 3578 5454 κλειδο-

2007 5491 2112 5542 tus,
2138 5487 2201 5531 et'
2222 5487 2398 5529 tamen
2428 5460 2955 5541 nibilpr‘odest,’eum
2981 5480 3037 5527 et
3085 5481 3268 5526 natura
3315 5468 3577 5530 imbecilla

2003 5568 2091 5633 sit”,
2116 5566 2295 5623 et'a‘rr
2318 5559 2780 5625 netrsuccesscrit,
2812 5562 2909 5613 nec
2934 5559 3131 5616 exitium
3178 5561 3472 5630 invenerit,
3524 5571 3575 5619 et

2008 5663 2083 5717 vis
2131 5654 2636 5714 medicamentorum
2682 5649 2858 5719 aliquo
2887 5647 3009 5706 Casu
3039 5652 3349 5708 evanuerit:
3382 5653 3432 5707 iu
3466 5654 3573 5709 Deo
