4032 6284
321 183 387 238 73
1109 178 1185 229 5.».
1221 174 1494 232 JO.\NNIS
1532 169 1917 227 CllllYSOSTC

2044 171 2356 227 AllClllEP.
2397 173 2925 231 CONSTANTINOP.

318 306 487 352 autem
513 292 614 348 hoc
641 307 743 347 non
764 300 846 348 est
871 334 884 357 ,
916 289 1008 344 sed
1038 289 1079 342 si
1107 303 1229 345 cum
1263 286 1469 343 medico
1489 284 1718 345 steteris,
1766 297 1884 335 om-

318 389 443 443 nino
466 383 640 439 sanari
666 382 813 436 ulcus
829 387 1058 451 oportet.
1090 377 1204 432 Non
1233 385 1316 435 est
1337 375 1478 430 enim
1508 389 1595 428 ars
1617 373 1848 428 lmmana
1867 418 1881 437 ,

319 487 376 532 ιιι
401 475 592 532 effectu
617 482 829 531 careat:
855 471 946 526 sed
967 471 1140 525 divina
1164 467 1530 538 facultas,quae
1555 474 1608 522 et
1624 472 1886 530 naturam,

320 582 373 624 et
399 566 636 630 morbos,
666 573 720 620 et
745 565 1166 634 improbitatem,
1186 569 1239 616 et
1267 575 1425 617 omne
1448 558 1676 628 denique
1704 557 1886 611 vitium

318 668 551 730 superat.
585 659 652 713 Et
679 658 800 712 ideo
825 655 910 710 hic
932 670 1143 725 quoque
1175 669 1293 708 cum
1320 651 1386 707 ad
1417 651 1582 709 Deum
1625 659 1888 718 tamquam

320 753 383 806 ad
402 751 664 807 medicum
692 749 1025 812 accessisset,
1052 746 1260 800 dicebat
1288 762 1307 800 ε,
1335 744 1480 799 Sana
1507 759 1606 808 me,
1641 741 1852 797 Domine
1871 780 1888 806 ,

318 843 557 912 quoniam
592 839 887 896 conturbata
905 848 1019 893 sunt
1045 854 1155 894 assa
1178 852 1304 890 mea.
1332 833 1578 889 Nonnulli
1606 842 1780 886 autem
1805 833 1889 887 di-

320 944 446 989 cunt
469 950 590 989 eum
614 932 700 987 hic
727 931 904 987 dicere
933 928 1390 984 conturbationem
1419 927 1719 995 illam,qu:e
1751 926 1804 978 ﬁt
1826 939 1891 982 ex

322 1034 560 1095 pccoato.
589 1021 1044 1094 Quemadmodum
1074 1020 1214 1074 enim
1271 1018 1484 1091 quando
1531 1017 1674 1071 venti
1725 1016 1890 1070 vehe-

321 1123 529 1170 mentes
557 1114 689 1170 mari
716 1111 1068 1175 incubuerint,
1097 1110 1272 1165 omnia
1313 1109 1545 1172 turbant,
1576 1117 1630 1161 et
1671 1122 1788 1175 qua:
1817 1115 1895 1159 est

323 1207 378 1260 in
405 1203 665 1276 profundo
693 1219 852 1260 arena
876 1219 1083 1258 sursum
1110 1201 1293 1266 fertur,
1344 1208 1397 1257 ct
1421 1201 1509 1270 qui
1541 1206 1807 1268 navigant,
1843 1199 1894 1251 in

324 1312 520 1369 magno
543 1307 824 1353 versantur
851 1295 1084 1367 periculo
1109 1310 1123 1349 :
1155 1295 1223 1348 ita
1253 1294 1414 1349 etiam
1443 1293 1494 1346 in
1534 1291 1686 1346 nobis
1716 1290 1896 1344 turba-

328 1399 414 1444 tur
441 1390 639 1454 anima,
665 1396 908 1443 movetur
935 1401 1126 1456 corpus
1151 1402 1162 1436 :
1193 1384 1368 1438 omnia
1398 1382 1734 1453 complentur
1762 1392 1898 1437 tem-

327 1490 535 1549 IIOSIMO
559 1496 571 1532 :
602 1488 655 1536 et
683 1479 838 1552 plena
868 1489 950 1534 est
979 1478 1131 1537 nobis
1159 1477 1410 1547 deinceps
1432 1475 1620 1546 cymba
1647 1474 1900 1529 tumultus

322 1586 389 1626 ac
419 1570 846 1642 perturbationis,
871 1567 1053 1624 densae
1080 1575 1206 1622 sunt
1247 1568 1480 1622 tenebrae
1508 1604 1524 1632 ,
1576 1573 1630 1620 et
1681 1571 1905 1634 pereunt

331 1663 504 1718 omnia
521 1661 749 1733 propriis
775 1661 908 1717 locis
933 1661 1154 1728 relictis,
1175 1669 1360 1729 estque
1386 1658 1612 1712 maxima
1636 1655 1899 1712 confusio.

331 1753 442 1808 lloc
462 1754 690 1807 maxime
711 1761 764 1807 et
805 1753 856 1806 in
895 1751 1191 1807 libidinosis
1220 1749 1356 1805 solet
1381 1749 1753 1819 cupiditatibus
1778 1762 1903 1803 eve-

330 1847 464 1910 nire.
494 1845 593 1900 hoc
613 1845 773 1901 etiam
806 1845 989 1913 inira,
1009 1845 1128 1900 etin
1148 1843 1556 1898 calamitatibus.
1608 1841 1732 1897 Hinc
1763 1842 1904 1901 enim

337 1937 511 1991 omnia
542 1935 862 1992 conturbant
885 1943 940 1990 et
965 1949 1085 1991 ossa
1111 1935 1432 1998 etanimam,
1463 1942 1517 1989 et
1561 1933 1772 2004 pupilla:
1820 1935 1904 1990 in-

333 2036 631 2092 vertuntur,
659 2036 838 2083 etnec
863 2025 1002 2082 oculi
1030 2025 1242 2096 quidem
1283 2025 1382 2079 rite
1432 2025 1702 2078 intuentur
1748 2037 1761 2074 :
1812 2022 1914 2081 sed.

331 2118 778 2190 quemadmodum
833 2117 1138 2188 perturbato
1185 2116 1398 2188 auriga,
1455 2116 1583 2186 equi
1622 2115 1909 2170 insolenter

335 2212 609 2268 feruntur:
639 2211 712 2267 ita
739 2210 898 2266 etiam
941 2208 1255 2265 conturbata
1301 2209 1504 2265 ratione
1551 2207 1727 2267 omnia
1777 2220 1913 2261 con-.

335 2304 658 2369 funduntur,
704 2301 882 2357 omnia
928 2302 1300 2366 invertuntur,
1356 2309 1412 2355 et
1454 2299 1719 2368 propriam
1769 2299 1908 2352 viam

335 2395 604 2449 amittunt.
639 2391 918 2462 Quomodo
957 2400 1132 2445 autem
1168 2389 1282 2444 hmc
1333 2389 1422 2443 ﬁat
1461 2389 1804 2458 perturbatio,
1834 2388 1916 2443 di.

338 2500 462 2541 cere
508 2485 667 2542 etiam
715 2498 936 2559 necesse
978 2490 1079 2538 cst.
1118 2481 1232 2536 Non
1275 2482 1418 2537 enim
1466 2491 1523 2536 ut
1569 2482 1621 2536 in
1665 2482 1804 2541 mari
1847 2497 1924 2544 ex

336 2583 620 2632 ventorum
650 2573 876 2645 impetu,
919 2572 989 2627 ita
1016 2571 1174 2628 etiam
1208 2572 1259 2626 in
1290 2572 1465 2626 anima
1518 2587 1582 2627 ex
1637 2573 1909 2642 inopinato

345 2681 493 2735 casu,
523 2664 619 2722 sed
646 2680 712 2721 ex
738 2671 919 2724 nostra
946 2662 1186 2719 socordia
1213 2662 1406 2718 evenit.
1437 2661 1566 2716 Nam
1595 2675 1652 2718 ut
1681 2663 1759 2718 vel
1791 2661 1911 2728 ﬁat,

341 2758 425 2814 vel
451 2772 556 2835 non
579 2757 690 2824 ﬁat,
723 2756 820 2827 ipsi
844 2757 902 2814 in
931 2770 1088 2811 causa
1117 2769 1318 2810 sumus.
1348 2754 1415 2810 Ut
1440 2797 1453 2820 ,
1502 2756 1649 2810 verbi
1703 2755 1866 2825 gratia
1898 2797 1913 2821 ,

341 2858 524 2908 exorta
549 2848 863 2920 cupiditate,
891 2847 997 2908 nisi
1019 2857 1072 2901 tu
1092 2847 1354 2900 tlammam
1375 2846 1712 2912 excitaveris,
1733 2844 1917 2900 fornax

342 2957 449 2996 non
479 2938 805 3004 accenditur,
827 2937 929 2994 nisi
954 2936 1190 2991 materiae
1218 2935 1426 2990 dederis
1451 2937 1777 2990 alimentum.
1801 2935 1916 2990 Non

344 3029 651 3087 accenditur
671 3037 847 3082 autem
878 3026 1091 3092 fornax,
1119 3026 1219 3082 nisi
1274 3024 1340 3080 de
1386 3026 1641 3095 speciosis
1690 3026 1920 3081 vultibus

346 3123 559 3176 curiose
599 3117 968 3189 investigaris,
1021 3117 1120 3172 nisi
1171 3115 1238 3171 de
1287 3115 1456 3171 aliena
1498 3115 1916 3186 pulchritudine'

349 3216 510 3271 fueris
541 3214 760 3268 nimium
805 3211 1084 3276 sollicitus,
1139 3209 1239 3265 nisi
1303 3208 1357 3264 in
1382 3211 1586 3267 theatra
1637 3209 1922 3279 iniquitatis

349 3306 674 3363 ascenderis.
702 3304 810 3361 Nisi
837 3303 978 3359 enim
1014 3317 1225 3357 carnem
1254 3300 1457 3357 deliciis
1497 3298 1821 3370 pinguefecc;
1839 3301 1916 3365 is,

353 3401 452 3456 nisi
477 3400 599 3453 vino
619 3400 878 3454 rationem
905 3395 1146 3451 obrueris
1169 3436 1183 3460 ,
1232 3392 1446 3450 tlamtua
1490 3409 1593 3445 non
1623 3392 1881 3448 excitatur
1907 3433 1922 3454 ,

354 3493 540 3548 l'ornax
571 3505 682 3547 non
704 3487 1029 3549 accenditur,
1079 3501 1184 3538 non
1225 3483 1400 3538 evadit
1445 3483 1612 3537 bellua
1658 3482 1922 3547 ferocior,

359 3600 464 3640 non
487 3592 754 3651 tamquam
783 3594 816 3633 a
840 3577 1011 3633 ventis
1032 3576 1347 3630 immanibus
1375 3575 1700 3630 exscinditur
1725 3576 1926 3645 cogita-

360 3672 521 3727 tionis
549 3669 768 3742 paritas.
796 3667 923 3722 “336
947 3680 1091 3736 ergo,
1124 3665 1314 3741 inquit,
1357 3663 1422 3718 ad
1452 3662 1749 3718 evitandam
1801 3679 1932 3734 pec-

359 3763 462 3820 cati
489 3762 758 3818 ﬂammam
784 3756 1087 3818 sufﬁciunt?
1115 3754 1228 3810 Non
1249 3753 1514 3810 suﬁiciunt
1544 3754 1658 3808 haec
1675 3753 1808 3819 sola,
1836 3753 1929 3808 sed

362 3862 572 3930 oportet
599 3855 757 3910 etiam
781 3851 884 3906 alia
912 3848 1190 3916 accedere,
1212 3846 1478 3902 orationes
1503 3845 1760 3909 assiduas,
1804 3859 1930 3904 san-

365 3955 519 3999 ctoru
527 3955 576 3994 ιιι
588 3939 1054 4002 consuetudinem,
1065 3934 1328 4007 jejunium
1347 3933 1712 4001 moderatum,
1733 3935 1930 3989 victum

370 4045 607 4099 tenuem,
639 4043 943 4087 necessaria.
961 4026 1236 4091 exercitia,
1259 4035 1384 4080 ante
1405 4024 1504 4080 alia
1535 4034 1716 4082 autem
1755 4024 1933 4088 omnia

369 4127 462 4182 Dei
490 4127 754 4189 timorem,
775 4123 1009 4182 futurum
1033 4119 1314 4190 judicium,
1375 4117 1629 4188 supplicia
1670 4116 1932 4177 intolera-

361 4217 512 4286 bilia,
543 4216 802 4272 bonorum
830 4211 1228 4286 promissiones.
1257 4209 1360 4265 Per
1390 4209 1502 4264 haec
1543 4207 1721 4263 omnia
1771 4205 1942 4264 refre-.

370 4325 500 4366 nare
527 4317 678 4380 potes
697 4305 1042 4376 cupiditatem.
1061 4303 1208 4360 rabie
1259 4301 1593 4371 exagitatam,
1651 4307 1708 4353 et
1749 4297 1939 4354 sedare

373 4416 520 4455 mare
543 4403 866 4453 commotum
891 4393 1152 4451 ﬂuctibus.
1186 4391 1292 4448 Sed
1304 4390 1624 4460 tu,Domine,
1646 4387 1942 4459 usquequo?

370 4492 424 4547 5.
445 4489 758 4551 Convertere,
788 4483 1021 4546 Domine.
1043 4483 1179 4554 eripe
1200 4483 1420 4538 animam
1441 4498 1626 4549 meam,
1648 4482 1844 4536 saluum
1865 4498 1944 4537 me

374 4585 458 4652 fac
488 4589 691 4651 ,ποριεῖ
719 4575 1110 4632 miscricordiam
1146 4581 1312 4629 tuam.
1340 4571 1493 4627 Ponit
1529 4572 1740 4628 assidue
1765 4571 1890 4627 illud
1921 4613 1939 4638 ,

380 4673 610 4736 Domine,
633 4667 793 4724 veluti
817 4663 1096 4738 quamdam
1123 4664 1382 4720 rationem
1403 4663 1669 4719 adducens
1690 4665 1872 4735 gratiae
1892 4673 1946 4719 et

374 4760 781 4823 condonationis
818 4773 836 4812 :
866 4765 948 4813 est
970 4757 1112 4811 enim
1137 4753 1253 4810 hate
1276 4761 1455 4809 nostra
1499 4767 1621 4826 spes
1670 4755 1899 4809 maxima
1929 4795 1945 4820 ,

378 4857 498 4927 ejus
522 4849 800 4909 inell‘abilis
827 4845 1104 4903 clementia
1133 4859 1196 4899 ac
1216 4843 1530 4913 benignitas,
1555 4853 1608 4898 et
1637 4842 1775 4914 quod
1822 4859 1947 4898 sua-

378 4957 473 5020 pte
491 4953 676 5001 natura
697 4941 765 4998 sit
791 4951 1087 5011 propensus
1111 4933 1180 4991 ad
1214 4933 1640 4991 condonandum.
1696 4933 1826 4989 Illud
1856 4949 1949 4987 au-

386 5051 516 5101 tem,
548 5034 831 5105 Usquequo,
863 5043 970 5084 non
991 5036 1072 5084 est
1100 5025 1332 5098 graviter
1357 5039 1422 5080 ac
1447 5025 1669 5080 moleste
1694 5023 1910 5080 ferentis
1929 5066 1943 5086 ,

389 5129 484 5186 sed
507 5127 736 5183 dolentis
779 5137 843 5178 ac
883 5119 1196 5184 mcerentis,
1244 5126 1298 5175 et
1343 5131 1447 5171 non
1493 5117 1704 5172 ferentis
1757 5116 1950 5171 molem

387 5219 761 5276 tentationum.

452 5406 470 5440 ι
507 5410 652 5464 nes»
679 5400 798 5464 mu
818 5396 868 5461 ιρι
892 5387 963 5464 rei
985 5383 1958 5464 ﬁ“£,,,‘f‘_’,’,_'_"_’;"_ﬁf‘:_9959.9“9i49ai‘1'

757 5446 1021 5531 -'._"'..“_".£.€"!'
1417 5447 1654 5531 ﬁﬁﬁ‘ﬁ‘g‘?’
1655 5446 1962 5531 32.32133“.

384 5506 808 5586 Ter—nucis
841 5510 973 5586 ignis
984 5525 1002 5571 ;
1173 5508 1388 5561 materia:
1419 5506 1613 5559 dederis
1653 5507 1962 5570 alimentum;

382 5569 561 5646 ι’ἇὲῖἰῖέ
584 5569 740 5636 tam
763 5569 1137 5642 pulchritudine.

1372 5661 1417 5669 κ.

3500 182 3569 238 76

2068 284 2119 337 4.
2159 283 2472 346 Convertere,
2510 283 2740 353 Domine,
2789 289 2924 358 eripe
2949 288 3175 342 animans
3213 308 3394 346 meam.
3456 295 3572 349 Duo

1995 375 2080 430 hic
2108 374 2274 447 ponit,
2303 386 2354 430 et
2383 374 2552 446 ipsum
2581 380 2844 445 converti,
2870 387 2926 435 et
2947 379 3154 452 eripere
3175 383 3423 440 animum.
3460 386 3570 443 lloc

1994 465 2136 521 enim
2163 483 2189 518 ιι
2213 466 2368 535 justis
2391 469 2621 522 maximo
2646 470 2820 524 studio
2841 472 3203 540 contenditur,
3245 486 3303 529 ut
3330 477 3442 546 ipse
3487 495 3570 534 re-

1996 558 2325 625 concilietur,
2354 560 2422 613 sit
2448 561 2704 631 benignus
2731 577 2793 617 ac
2823 565 3100 633 propitius,
3128 575 3184 621 et
3223 583 3329 622 non
3357 584 3572 625 averse-

1995 655 2101 703 tur.
2125 649 2235 706 lloc
2256 650 2396 705 enim
2427 653 2584 707 etiatn
2613 655 2754 708 aliud
2777 655 3138 726 consequitur,
3164 674 3355 728 nempe
3377 668 3434 713 nt
3453 675 3571 715 ser-

1998 749 2152 794 vetur
2178 743 2388 807 anima;
2424 758 2526 797 non
2549 745 2993 814 quemadmodum
3026 749 3174 803 multi
3221 749 3486 819 homines,
3519 759 3574 808 et

2000 830 2229 884 maxime
2254 833 2562 897 crassiores,
2595 851 2754 888 unum
2778 837 2949 890 solum
2979 839 3272 907 requirunt,
3331 851 3386 894 nt
3434 858 3573 912 pra!-

2000 922 2136 974 scnti
2161 921 2402 976 fruantur
2425 924 2794 994 prosperitate.
2819 929 2886 980 At
2917 943 3021 982 non
3053 929 3124 983 illi
3148 930 3263 996 sic;
3295 933 3386 988 sed
3412 943 3466 988 ut
3487 949 3574 987 sa-

2002 1012 2164 1065 lutem
2196 1015 2387 1067 anima:
2410 1026 2822 1086 consequantur,
2869 1033 2973 1088 qua
3020 1020 3151 1075 nihil
3198 1031 3281 1076 est
3312 1023 3388 1078 eis
3437 1025 3575 1078 anti~

2001 1105 2174 1173 quius.
2200 1106 2253 1160 6.
2289 1106 2538 1171 Quoniam
2565 1124 2663 1162 non
2689 1118 2760 1162 est
2788 1111 2839 1162 in
2870 1121 3025 1164 morte
3044 1113 3131 1180 qui
3158 1130 3346 1166 memor
3359 1116 3424 1168 sit
3457 1119 3526 1168 tm’
3549 1157 3576 1178 ,,

2003 1197 2055 1248 in
2078 1197 2276 1268 inferno
2299 1207 2464 1250 autem
2490 1199 2600 1265 quis
2627 1199 2941 1265 conﬁtebitur
2959 1201 3089 1254 tibi?
3119 1203 3249 1258 Vide
3267 1213 3392 1274 quot
3421 1207 3576 1262 affert

2003 1301 2190 1342 causas
2218 1289 2423 1342 salutis.
2455 1289 2703 1352 Quoniam
2723 1291 2955 1358 inﬁrmus
2999 1309 3130 1358 sum,
3185 1295 3370 1364 inquit,
3432 1296 3574 1364 Quo-

1980 1376 2142 1436 niam
2161 1381 2458 1434 conturbata
2477 1391 2592 1434 sunt
2619 1398 2886 1447 ossamea,
2939 1386 3186 1452 quoniam
3227 1385 3341 1441 haec
3382 1398 3502 1456 pcto
3546 1403 3576 1441 a

2005 1474 2248 1540 Domino,
2281 1476 2530 1546 Quoniam
2559 1493 2657 1530 non
2687 1487 2759 1531 est
2783 1477 2834 1530 in
2865 1489 3023 1531 morte
3039 1479 3124 1548 qui
3156 1496 3342 1533 menter
3369 1481 3431 1533 sit
3457 1482 3531 1533 tui
3559 1497 3577 1534 .'

2005 1583 2110 1622 non
2139 1565 2239 1623 hoc
2259 1569 2459 1630 dicens,
2491 1583 2576 1623 res
2616 1579 2823 1624 nostras
2842 1584 2961 1625 esse
2991 1572 3264 1638 prresentis
3285 1573 3406 1627 vita:
3437 1573 3578 1627 limi-

2008 1658 2146 1719 tibus
2167 1659 2617 1728 circutnscriptas,
2646 1658 2791 1716 absit
2816 1676 2832 1712 :
2863 1660 3010 1714 novit
3038 1661 3178 1718 enim
3229 1665 3576 1718 resurrectio-

2009 1762 2166 1812 nem;
2196 1751 2286 1804 sed
2317 1758 2596 1824 postquam
2628 1751 2750 1807 hinc
2779 1752 3183 1818 excesserimns,
3217 1769 3322 1808 non
3352 1753 3466 1809 dari
3489 1743 3599 1809 lo-'

2009 1854 2130 1894 cum
2159 1842 2500 1910 ptenitentize.
2526 1842 2682 1898 Dives
2698 1843 2839 1901 enim
2865 1844 3216 1900 conﬁtebatur
3242 1885 3271 1911 ,.
3305 1856 3361 1900 et
3404 1849 3580 1916 pani-

2011 1935 2171 1988 tentia
2199 1934 2506 2000 ducebatur,
2530 1936 2623 1990 sed
2651 1935 2780 1994 nihil
2808 1937 2856 1992 ei
2881 1937 3149 2007 proderat,
3172 1939 3420 2009 quoniam
3442 1950 3586 1996 tem-t

2012 2041 2109 2096 pus
2139 2028 2466 2096 praeterierat
2488 2027 2648 2099 (Luc.
2678 2029 2791 2098 16).
2820 2027 3063 2100 Virgines
3088 2032 3246 2082 etiam
3279 2031 3458 2084 oleum
3488 2047 3580 2085 ac-

2010 2118 2188 2188 cii-ere
2209 2118 2506 2183 voluerunt,
2535 2119 2637 2177 sed
2657 2132 2815 2173 nemo
2837 2118 2915 2173 eis
2935 2118 3084 2174 dedit
3107 2118 3317 2186 (Matth.
3334 2119 3448 2191 25).
3474 2120 3585 2176 Hoc

2013 2223 2139 2279 ergo
2203 2217 2354 2279 rogat
2414 2209 2502 2270 hic
2562 2209 2720 2267 etiam
2753 2249 2768 2274 ,
2838 2217 2894 2262 ut
2959 2208 3044 2269 hic
3097 2220 3312 2278 peccata
3371 2210 3511 2264 cluat
3569 2227 3582 2262 :

2014 2313 2072 2356 ut
2135 2302 2302 2372 possit
2351 2301 2569 2356 terribili
2634 2301 2882 2360 tribunali
2936 2299 3160 2359 ﬁdenter
3210 2300 3439 2355 adstare.
3479 2301 3595 2356 Dc-

2015 2392 2138 2448 inde
2172 2392 2370 2450 docens
2417 2391 2712 2448 auditorem
2738 2432 2752 2455 ,
2790 2406 2910 2449 eum
2959 2391 3055 2445 Dei
3101 2391 3379 2446 clementia
3422 2405 3584 2460 opor-

2019 2496 2131 2541 tere
2157 2485 2315 2540 etiam
2339 2496 2518 2545 nostna
2548 2499 2799 2554 consean
2832 2484 2986 2555 (nam
3014 2494 3078 2543 et
3098 2485 3142 2539 si
3172 2486 3598 2542 imbecillitatem.

2023 2577 2436 2648 pra-tendamus,
2464 2577 2508 2631 si
2538 2577 2908 2640 turbatiouem,
2958 2577 3014 2634 si.
3030 2577 3121 2632 Dei
3154 2577 3442 2632 bonitatem
3465 2617 3482 2643 ,
3540 2578 3588 2631 si

2018 2668 2120 2726 hoc
2145 2669 2302 2723 etiam
2328 2667 2522 2738 ipsum,
2549 2667 2689 2737 quod
2710 2667 2940 2733 dicebat,
2964 2676 3346 2724 nostrzautetn
3371 2667 3452 2722 his
3477 2682 3590 2728 nan

2018 2761 2295 2826 accedant,
2325 2761 2477 2815 nobis
2505 2759 2636 2814 nihil
2667 2758 2920 2830 prodesse
2947 2763 2966 2828 )
2993 2801 3008 2823 ,
3040 2757 3159 2813 vide
3187 2759 3435 2828 quidnam
3459 2759 3592 2813 subq

2014 2853 2206 2924 jungit.
2232 2855 2283 2907 7.
2317 2851 2562 2907 Laboratvi
2586 2852 2637 2905 in
2666 2851 2853 2922 gemitu
2890 2866 3027 2915 meo,
3049 2850 3224 2903 lavabo
3255 2867 3343 2920 per
3367 2851 3594 2920 singulas

2023 2955 2188 3000 noctes
2235 2945 2417 3001 lectum
2461 2959 2660 3007 meum;
2686 2942 2920 3012 lacrymis
2948 2942 3068 2994 meis
3093 2950 3303 2995 stratum
3329 2957 3489 2994 mrum
3517 2942 3592 2992 ri-

2021 3037 2168 3109 gabo.

2098 3128 2344 3182 Hortatur
2365 3128 2431 3180 ad
2456 3127 2813 3196 paenitentiam.
2841 3155 2914 3168 --
2939 3125 3167 3179 Audiant
3193 3125 3279 3194 qui
3324 3134 3446 3179 sunt
3497 3123 3599 3178 hu-

2025 3221 2179 3274 miles
2194 3230 2248 3275 et
2275 3219 2489 3288 objecti,
2518 3217 2727 3288 qualem
2759 3225 2926 3273 rexet
2956 3230 3183 3285 purpura
3241 3216 3451 3270 indutus
3503 3231 3597 3268 os-

2029 3312 2263 3366 tenderet
2283 3309 2649 3382 pcenitentiam
2672 3324 2686 3361 :
2716 3306 3011 3372 audiamus,
3029 3321 3460 3377 compungamur.
3481 3305 3596 3359 Non

2027 3404 2199 3458 solum
2231 3400 2524 3460 laborabat,
2547 3398 2641 3454 sed
2671 3397 3211 3467 laborabatgenwns;
3259 3412 3364 3452 non
3395 3405 3596 3449 tantum

2031 3493 2440 3566 lacrymahalur,
2469 3489 2561 3545 sed
2580 3489 2740 3544 etiam
2759 3489 3010 3560 lacrymis
3032 3488 3228 3545 lectum
3247 3487 3471 3552 lavabat,
3493 3502 3597 3540 non

2031 3601 2138 3641 uno
2166 3593 2256 3638 aut
2280 3584 2486 3638 duobus
2515 3591 2606 3636 aut
2636 3581 2804 3635 tribus
2829 3579 3033 3644 diebus,
3067 3578 3346 3638 sedietiam
3381 3578 3603 3646 singulis

2033 3677 2316 3740 noctibus;
2346 3684 2523 3729 etnon
2548 3673 2717 3727 solum
2745 3671 2873 3726 dicit
2895 3671 3218 3742 praiteritum
3250 3711 3276 3736 ,
3305 3669 3400 3728 sed
3439 3670 3598 3727 etiam

2033 3766 2287 3823 futurum.
2315 3765 2391 3820 Ne
2421 3765 2614 3834 putetis
2643 3763 2784 3818 enim
2805 3777 2947 3824 eum,
2979 3777 3098 3815 cum
3128 3761 3241 3816 hare
3259 3761 3422 3815 semel
3451 3761 3610 3815 fecis-.

2035 3868 2136 3923 set,
2165 3858 2414 3927 deinceps
2441 3872 2498 3911 se
2529 3855 2689 3925 quieti
2721 3852 3018 3918 tradidisse,
3041 3861 3094 3908 et
3125 3851 3425 3905 laxamento
3453 3866 3612 3905 usum.

2035 3965 2193 4006 esse:
2223 3949 2316 4004 sed
2339 3948 2439 4002 hoc
2464 3945 2675 4001 assidue
2696 3946 2816 4000 fecit
2841 3959 2936 4013 per
2959 3952 3120 3997 totam
3150 3942 3332 4007 vitam,
3367 3956 3472 3996 non
3497 3941 3608 3995 sic.

2040 4051 2098 4096 ιιι
2133 4039 2370 4109 nos,_qui
2398 4053 2503 4094 uno
2531 4037 2617 4091 die
2639 4045 2697 4092 ut
2717 4034 3002 4104 plurimum
3035 4033 3086 4086 id
3108 4043 3346 4102 agentes,
3403 4033 3510 4085 imo
3539 4047 3617 4085 ne.

2040 4147 2146 4186 uno
2171 4128 2407 4200 quidem,
2438 4141 2536 4185 nns
2558 4127 2701 4195 ipsos
2731 4123 2858 4179 risui
2883 4124 2925 4188 ί,
2953 4122 3227 4192 voluptati,
3259 4133 3311 4176 et
3349 4123 3460 4176 otio
3504 4131 3610 4180 trs,-

2039 4223 2232 4277 dinms.
2263 4223 2335 4275 At
2357 4235 2462 4280 non
2491 4219 2577 4271 ille
2600 4234 2623 4279 ε,
2645 4215 2736 4271 sed
2771 4217 2822 4270 in
2852 4215 3098 4286 lacrymis
3127 4212 3609 4284 perpetuo-agebat.

2042 4313 2187 4371 llaac
2213 4327 2310 4367 nos
2337 4312 2495 4367 etiam
2515 4309 2781 4365 imitemur
2806 4306 3215 4362 confessionem.
3263 4305 3316 4360 Si
3342 4305 3483 4360 cnim
3511 4317 3611 4358 no-

2045 4403 2300 4460 lucninins
2332 4403 2416 4456 hic
2442 4401 2588 4465 ﬁere,
2615 4399 2720 4454 illic
2743 4397 2961 4454 omnino
2987 4410 3206 4451 necesse
3252 4394 3352 4449 erit
3391 4393 3519 4448 ﬁere
3560 4403 3617 4447 et

2046 4496 2283 4566 ejnlarc:
2317 4494 2425 4554 illic
2454 4491 2668 4562 quidem
2697 4489 2990 4553 inutiliter;
3021 4489 3106 4543 hic
3128 4497 3305 4542 autem
3329 4501 3449 4541 eum
3470 4501 3617 4540 emo-

2046 4587 2283 4642 lumento
2311 4603 2324 4639 :
2354 4583 2461 4639 illic
2499 4598 2618 4638 eum
2647 4579 2931 4652 ignominia
2958 4593 3020 4636 ac
3066 4577 3360 4642 dedecore;
3392 4575 3478 4630 hic
3519 4575 3617 4630 de-

2047 4694 2172 4734 core
2197 4677 2481 4732 admodum
2508 4685 2562 4730 et
2589 4677 2828 4730 honeste.
2856 4671 2992 4738 Quid
3021 4671 3161 4726 enim
3190 4683 3410 4724 necesse
3430 4665 3622 4726 sithoc

2052 4769 2187 4834 ﬁeri,
2210 4768 2331 4822 audi
2356 4767 2478 4837 quid
2502 4765 2642 4819 dicat
2657 4763 2898 4818 Christus
2927 4779 2940 4814 :
2971 4760 3084 4814 Illic
3096 4760 3188 4814 erit
3204 4761 3361 4830 ﬂetus.
3377 4768 3420 4810 et
3439 4757 3626 4814 stridat:

2052 4861 2273 4914 dentium
2295 4857 2521 4930 (Matth.
2552 4855 2604 4910 8.
2635 4852 2745 4924 li).
2775 4853 2845 4907 At
2869 4868 2972 4906 non
3001 4850 3071 4904 ita
3114 4851 3201 4921 qui
3226 4850 3310 4904 hic
3336 4850 3464 4905 flent
3486 4864 3504 4904 :
3529 4845 3629 4903 sed

2055 4966 2297 5021 magnam
2323 4957 2717 5017 consequentur
2742 4944 3181 4998 consolationem.
3212 4939 3512 4996 Beatienim
3543 4939 3630 5008 qui

2057 5044 2242 5113 lugent,
2270 5041 2508 5112 quoniam
2535 5036 2928 5092 consolationem
2944 5035 3188 5102 accipient
3209 5033 3228 5103 (
3243 5031 3426 5087 Matth.
3452 5033 3505 5086 5.
3534 5030 3628 5099 5).

2071 5132 2156 5189 Va’
2201 5132 2334 5186 vobis
2382 5128 2613 5184 divitibus
2641 5130 2684 5193 ’,
2733 5127 2970 5194 quoniam
2995 5125 3219 5194 accipitis
3243 5123 3634 5178 consolationem

2060 5238 2275 5280 vestram
2319 5221 2493 5291 (Luc.
2527 5220 2580 5274 6.
2624 5216 2760 5287 24).
2805 5215 3036 5276 Audiant
3089 5215 3179 5285 qui
3219 5214 3384 5268 lectos
3439 5211 3633 5266 habent

2131 5447 2145 5474 ι
2184 5447 2321 5507 Reg.
2344 5448 2438 5507 non
2461 5429 2786 5504 sicutnosqui
2824 5441 2918 5480 uno
2939 5429 3022 5480 dte
3064 5434 3148 5480 aut
3169 5439 3265 5478 ma
3301 5431 3435 5477 nocte
3457 5423 3509 5475 id
3541 5422 3639 5488 agi-

2068 5516 2192 5556 mus.
2213 5509 2260 5551 et
2293 5505 2377 5549 nos
2398 5505 2688 5560 ipsosmm:
2828 5552 2840 5560 .
2875 5548 2906 5560 Α.

2132 5566 2152 5596 s
2183 5552 2320 5625 ’μρεη
2347 5552 2580 5617 mit-abis,
2606 5554 2688 5618 qui
2711 5552 2946 5620 gaudetis.
