4032 6284
480 241 546 293 '77
1195 237 1251 292 S.
1291 236 1574 293 JOANNIS
1607 236 2101 293 CIIBYSOSTOMI
2143 239 2459 301 ARCIIIEP.
2500 242 3039 309 CONSTANTINOP.
3672 258 3742 315 78

472 350 557 405 ὅτι
599 353 859 421 ἀπέχετε
898 351 1011 420 τὴν
1039 351 1154 423 [461
1184 350 1572 419 παράκλησιν
1608 352 1792 422 ὑμῶν.
1838 351 2054 405 Ἀκουέο

472 453 653 490 τωσαν
677 439 726 489 οί
755 437 853 501 τὰς
881 437 1129 507 ἀργυρᾶς
1158 435 1343 498 κλίνας
1371 435 1586 505 ἔχοντες
1606 478 1619 495 ,
1664 438 1750 490 οἵα
1780 437 1873 490 τοῦ
1902 438 2069 506 βασι-⁷

473 521 611 585 λέως
638 517 706 591 ἦν
728 522 763 591 ή
801 520 954 591 κλίνη
972 536 988 550 ⁸
1016 521 1078 573 ού
1116 518 1520 590 λιθοκόλλητος,
1565 520 1627 572 ού
1658 521 2054 591 χρυσόπαστος,

475 603 613 658 ἀλλὰ
650 604 880 674 δάκρυσι
919 602 1234 672 λελουμένη.
1266 601 1452 673 Τούτῳ
1487 604 1543 655 αί
1580 603 1772 666 νύκτες
1804 603 1903 656 οὐκ
1930 604 2055 656 ἀνα-

479 684 765 751 παύσεως,
805 683 945 740 άλλά
986 684 1199 757 θρήνων
1231 685 1324 738 καὶ
1356 685 1606 756 ὀδυρμῶν
1650 685 1844 749 νύκτες
1894 682 2057 757 ἦσαν.

488 768 708 839 Ἐπειδὴ
736 770 795 822 ἐν
824 768 1008 841 ήμέρᾳ
1035 764 1224 822 πολλαὶ
1251 768 1559 839 περιέσπων
1585 780 1609 808 δ
1648 768 1808 821 αὑτὸν
1842 767 2058 840 φροντί-

477 850 601 914 δες,
632 851 690 905 δν
729 850 966 915 ἅπαντες
1005 850 1241 915 ἀνέσεως
1274 851 1552 906 ποιοῦνται
1598 853 1820 924 καιῴν,
1869 848 2059 905 τοῦτον

478 936 683 998 ἐκεῖνος
708 935 1142 1006 ἐξομολογήσεως
1171 937 1402 989 ἐποιεῖτο
1425 975 1438 999 ,
1481 933 1807 1007 θερμότερον
1845 933 2058 1007 θρηνῶν

477 1022 620 1073 τότε.
652 1018 833 1073 Καλὸν
877 1018 975 1090 μὲν
1008 1018 1116 1089 γάρ
1155 1019 1330 1073 ἀεὶτὸ
1359 1018 1566 1073 κλαίειν
1589 1060 1604 1082 ,
1641 1018 1873 1090 μάλιστα
1912 1018 1969 1073 δὲ
1999 1015 2061 1073 ἐν

477 1100 655 1173 καιρῷ
684 1101 781 1170 τῆς
809 1101 998 1165 νυκτὸς
1018 1141 1033 1164 ,
1058 1102 1148 1156 ὅτε
1178 1103 1349 1166 οὐδεὶς
1393 1102 1671 1173 ἐκκρούων
1710 1102 1809 1173 τῆς
1853 1100 2063 1171 θαυμα-

478 1184 610 1253 στῆς
652 1184 858 1255 ταύτης
891 1184 1086 1256 ἡδονῆς
1113 1227 1127 1251 ,
1171 1185 1285 1239 ἀλλ’
1316 1185 1523 1240 ἔνεστιν
1559 1185 1934 1258 ἐμφορηθῆναι
1978 1190 2063 1261 τῷ

480 1266 787 1340 βουλομένῳ
811 1269 948 1338 μετὰ
976 1269 1155 1340 πάσης
1188 1268 1387 1333 ἀδείας.
1424 1269 1632 1322 Ἰσασιν
1652 1271 1699 1321 οἱ
1732 1270 1929 1338 πεῖραν
1959 1266 2058 1321 λα⁴

478 1350 662 1415 δύντες
692 1350 721 1404 δ
750 1351 911 1420 λέγω,
962 1351 1095 1422 ὅσην
1127 1350 1466 1422 εὐφροσύνην
1505 1350 1719 1421 ἔχουσιν
1758 1344 1919 1404 αῦται
1950 1350 2059 1403 τῶν

474 1432 727 1506 δακρύων
777 1436 835 1487 αί
880 1435 1074 1504 πηγαί.
1108 1434 1293 1488 Ταῦτα
1340 1436 1408 1489 τά
1443 1434 1658 1505 δάκρυα
1704 1434 1764 1487 τὸ
1797 1434 2060 1488 ἄσϐεστον

477 1516 591 1588 πῦρ
638 1518 827 1574 σϐέσαι
858 1519 1144 1583 δύνανται,
1173 1520 1264 1573 τὸν
1307 1520 1552 1587 ποταμὸν
1582 1522 1790 1572 ἐκεῖνον
1817 1519 1910 1571 τὸν
1952 1518 2060 1589 πρὸ

475 1602 571 1656 τοῦ
592 1603 835 1675 βήματος
870 1604 1178 1675 ἑλκόμενον.
1207 1603 1305 1657 Διὰ
1336 1602 1493 1656 τοῦτο
1518 1604 1611 1655 καὶ
1633 1604 1661 1655 6
1695 1603 1903 1664 Παῦλος
1937 1603 2059 1656 ἐδά-

476 1702 609 1755 κρυε
631 1686 868 1758 τριετίαν
893 1687 1063 1741 νύκτα
1088 1686 1178 1740 καὶ
1199 1686 1434 1757 ἡμέραν,
1453 1686 1520 1739 τὰ
1543 1685 1798 1758 ἀλλότρια
1825 1684 2060 1755 διορθού-

479 1784 638 1837 μενος
671 1769 849 1842 πάοη·
883 1772 1044 1841 ήμείς
1088 1768 1145 1822 δὲ
1179 1769 1297 1822 οὐδέ
1350 1769 1416 1822 τά
1445 1771 1618 1823 οἰκεῖα
1641 1808 1655 1830 ,
1703 1769 1837 1822 ἀλλὰ
1863 1768 2060 1837 γέλωτι

477 1852 572 1905 καὶ
603 1856 777 1923 τρυφῇ
812 1854 1037 1916 ἑαυτοὺς
1084 1851 1413 1918 ἐκδιδόντες,
1450 1854 1545 1923 τὴν
1578 1852 1746 1906 νύκτα
1776 1854 1928 1923 κάρῳ
1964 1852 2059 1922 βα·

478 1932 563 1988 θεῖ
593 1934 1073 2006 καταχωννύμεθα.
1108 1936 1218 1987 Καὶ
1250 1937 1297 1988 οἱ
1334 1936 1433 2005 μὲν
1463 1935 1614 2006 ὕπνῳ
1650 1937 1865 2005 θανάτῳ
1892 1951 2059 2005 προσ-

476 2019 675 2072 εοικότι
708 2020 1087 2091 προσήλωνται
1108 2035 1122 2051 ο
1183 2021 1233 2072 οί
1260 2020 1316 2073 δὲ
1351 2020 1658 2091 ἀγρυπνίαν
1698 2018 1926 2072 Θανάτου
1960 2035 2059 2088 χα-

475 2100 792 2173 λεπωτέραν
818 2102 1157 2173 ἀγρυπνοῦσι
1182 2145 1197 2169 ,
1225 2104 1417 2168 τόκους
1466 2105 1558 2157 καὶ
1586 2101 1919 2172 δανείσματα
1964 2102 2058 2154 καὶ

475 2186 574 2249 τάς
598 2186 800 2259 ἐτέρων
836 2188 1278 2260 ἀναλογιζόμενοι
1323 2190 1444 2243 κατ’
1483 2190 1690 2242 ἐκεῖνον
1726 2188 1818 2242 τὸν
1867 2187 2057 2258 καιρδν

476 2270 787 2334 ἐπιϐουλάς.
824 2270 961 2322 Ἀλλ’
994 2273 1091 2341 ούχ
1135 2274 1186 2325 οἱ
1217 2273 1511 2342 νήφοντες.
1543 2270 1680 2325 ἀλλὰ
1719 2272 1817 2333 τάς
1850 2270 2058 2324 ἑαυτῶν

478 2357 779 2424 γεωργοῦσι
819 2355 998 2426 ψυχάς
1019 2396 1033 2418 ,
1067 2355 1255 2427 ίτισπρ
1285 2356 1424 2425 ύετῷ
1453 2358 1566 2417 τοῖς
1598 2356 1826 2426 δάκρυσι
1852 2369 2057 2425 κεχρη-

481 2440 631 2508 μένοι
652 2438 860 2501 τούτοις
877 2478 890 2498 ,
909 2441 1004 2492 καὶ
1027 2439 1098 2491 τὸ.
1119 2440 1410 2509 σπέρματα
1433 2439 1533 2507 τῆς
1557 2438 1758 2508 ἀρετῆς
1781 2435 2054 2503 αὔξοντες.

480 2522 639 2594 Πάσῃ
666 2521 831 2591 κακία
875 2523 966 2574 καὶ
994 2521 1249 2591 ἀσελγείᾳ
1275 2520 1475 2583 άϐατός
1503 2522 1651 2574 ἐστιν
1673 2520 1802 2591 εὐνὴ
1836 2519 2058 2573 τοιαῦτα

478 2605 688 2676 δάκρυα
710 2605 993 2675 δεχομένη.
1041 2606 1099 2658 '0
1131 2604 1198 2658 τά
1223 2604 1444 2659 τοιαῦτα
1465 2604 1675 2676 δάκρυα
1703 2604 1979 2669 σταλάζων
2007 2605 2057 2672 b,

478 2689 630 2742 ούδέν
660 2690 871 2759 ήγεῖται
891 2689 958 2741 τά
988 2690 1078 2742 ἐπὶ
1105 2688 1201 2761 τῆς
1227 2688 1352 2758 γῆς,
1377 2687 1517 2742 ἀλλά
1536 2689 1716 2758 πάσης
1744 2688 2058 2761 πολιορκίαις

479 2771 807 2827 ἀπαλλάττει
839 2772 937 2844 τὴν
957 2771 1155 2844 ψυχὴν,
1192 2771 1286 2825 τοῦ
1313 2772 1461 2843 ήλίου
1486 2771 1874 2845 λαμπροτέραν
1905 2770 2058 2826 καθί-

481 2875 636 2929 στησι
673 2857 770 2927 τὴν
801 2856 1057 2911 διάνοιαν.
1095 2857 1204 2910 Καὶ
1242 2857 1314 2927 μή
1346 2873 1412 2927 με
1439 2856 1697 2927 νομίσητε
1730 2856 1865 2927 πρὸς
1895 2873 2059 2926 μονα-

478 2945 607 3014 χοὺς
628 2942 801 2996 ταῦτα
827 2941 1007 3010 λέγειν
1048 2940 1206 3011 μόνον
1228 2957 1239 2969 ·
1275 2940 1370 2992 καὶ
1395 2940 1501 3011 γάρ
1541 2939 1677 3008 πρὸς
1709 2938 1995 3008 βιωτικοὺς
2028 2941 2058 3010 ἦ

480 3026 803 3097 παραίνεσις
826 3064 840 3082 .
887 3024 980 3078 καὶ
1017 3022 1157 3095 πρὸς
1186 3021 1407 3085 τούτους
1449 3021 1644 3093 μᾶλλον
1663 3064 1677 3087 ,
1707 3021 1741 3091 ἢ
1773 3020 2016 3085 ἐκείνους
2040 3037 2055 3050 ⁸

480 3103 626 3162 οῦτοι
646 3107 754 3178 γάρ
777 3106 1008 3178 μάλιστα
1029 3106 1079 3159 οί
1099 3105 1343 3177 δεόμενοι
1365 3105 1475 3159 τῶν
1492 3106 1589 3177 τῆς
1616 3104 1901 3176 μετανοίας
1927 3122 2061 3178 φαρ-

484 3197 693 3267 μάκων.
730 3195 789 3250 '0
812 3195 1032 3249 τοιαῦτα
1059 3193 1296 3266 θρηνῶν,
1329 3194 1685 3261 ἀναστήσεται
1715 3192 1929 3263 λιμένος
1954 3209 2058 3262 γα-

480 3284 642 3355 ληνοῦ
675 3283 774 3354 τὴν
807 3283 984 3354 ψυχὴν
1012 3283 1235 3352 ἄμεινον
1260 3280 1399 3351 ἔχων
1420 3321 1434 3343 ,
1465 3280 1643 3333 πάντα
1683 3280 1961 3334 ἐκϐάλλων
1988 3280 2059 3334 τά

483 3367 630 3435 πάθη
648 3384 662 3397 ο
696 3365 896 3435 πολλῆς
930 3363 1355 3436 πεπληρωμένος
1381 3363 1482 3433 τῆς
1511 3361 1847 3435 εὐφροσύνης
1872 3363 1952 3427 είς
1979 3358 2057 3415 οἱ·

483 3466 579 3507 κον
606 3447 740 3502 Θεοῦ
795 3448 933 3518 μετὰ
970 3448 1282 3519 παρρησίας
1314 3447 1684 3517 ἀπαντήσεται
1722 3448 1751 3500 6
1781 3446 2020 3509 τοιοῦτος
2043 3462 2056 3475 ·

482 3530 571 3602 τῷ
605 3530 831 3601 πλησίον
881 3530 998 3599 μεθ’
1028 3530 1221 3601 ήδονῆς
1266 3528 1598 3594 διαλέξεται·
1642 3530 1703 3582 οὐ
1755 3528 1925 3599 θυμὸς
1951 3528 2063 3599 γάρ

485 3615 799 3684 ἐνδομυχεῖ.
838 3615 939 3667 ούκ
977 3612 1241 3682 ἐπιθυμία
1272 3612 1495 3682 φλέγει,
1529 3612 1629 3665 ούκ
1660 3611 1799 3681 ἔρως
1846 3612 2061 3683 χρημά-

484 3715 615 3760 των,
649 3698 710 3750 o6
738 3695 957 3764 φθόνος,
990 3696 1090 3748 οὐκ
1118 3695 1245 3749 ἄλλο
1268 3696 1377 3749 τῶν
1395 3693 1648 3747 τοιούτων
1680 3694 1852 3747 οὐδέν.
1880 3694 2062 3747 Πάντα

487 3781 596 3853 γὰρ
626 3780 819 3843 ταῦτα,
846 3779 1094 3851 καθάπερ
1127 3778 1291 3850 θηρία
1322 3777 1703 3849 ἐμφωλεύοντα
1725 3818 1740 3840 ,
1770 3776 2062 3831 καταδῦναι

452 3888 459 3891 ·
487 3866 577 3920 διά
608 3865 706 3935 τῆς
730 3863 923 3927 νυκτὸς
953 3865 981 3916 6
1015 3863 1315 3933 στεναγμὸς
1361 3864 1571 3923 ἐκεῖνος
1619 3862 1713 3914 καὶ
1756 3861 1823 3915 τά
1855 3860 2064 3933 δάκρυα

489 3948 920 4022 παρεσκεύασεν.
969 3944 1296 4016 Ἐταράχθη
1327 3944 1446 4000 ἀπὸ
1476 3944 1665 4013 θυμοῦ
1696 3947 1728 3998 ὁ
1757 3945 2063 4015 ὀφθαλμός

482 4048 623 4101 μου.
649 4029 803 4096 Εἶδες
829 4029 1007 4102 ψυχὴν
1039 4029 1537 4099 συντετριμμένην;
1570 4029 1755 4081 Εἰπὼν
1775 4027 1873 4098 τὴν
1900 4028 2066 4099 μετά-

490 4134 668 4181 νοιαν,
701 4114 848 4185 λέγει
876 4115 1039 4168 πάλιν
1074 4112 1145 4167 τὰ
1172 4112 1319 4183 πάθη
1340 4152 1354 4175 ,
1386 4112 1475 4165 τὸν
1527 4111 1755 4182 θόρυϐον
1794 4112 1886 4165 τὸν
1912 4112 1969 4165 ἐν
1997 4112 2063 4186 τῇ

489 4200 695 4271 διανοίᾳ
715 4241 729 4261 ,
753 4200 843 4252 τὸν
877 4198 1039 4268 φόϐον
1064 4198 1155 4252 τὸν
1180 4196 1287 4251 ἀπὸ
1312 4196 1412 4266 τῆς
1454 4195 1623 4269 ὀργῆς
1660 4195 1752 4249 τοῦ
1800 4194 1937 4250 Θεοῦ
1969 4197 2064 4264 ἐγ-

491 4278 796 4356 γινόμενον.

474 4420 479 4425 ~
564 4401 627 4447 ε’.
665 4393 970 4463 Ὀφθαλμὸν
997 4394 1104 4465 γὰρ
1132 4393 1364 4448 ἐνταῦθα
1384 4394 1475 4445 τὸν
1506 4391 1605 4460 τῆς
1625 4391 1801 4461 ψυχῆς
1829 4407 1981 4462 φησι,
2008 4392 2070 4445 τὸ

496 4487 801 4559 διορατικδν
831 4488 1005 4540 ἐκεῖνο
1034 4489 1128 4541 καὶ
1151 4487 1387 4554 λογικὸν,
1413 4487 1550 4555 ὅπερ
1580 4485 1613 4554 ἡ
1647 4483 1824 4536 ἔννοια
1853 4483 1962 4536 τῶν
1990 4486 2068 4537 oi-

501 4579 666 4637 κείων
702 4578 1112 4648 ἁμαρτημάτων
1142 4578 1428 4648 ταράττειν
1468 4576 1677 4629 εἴωθεν.
1720 4575 1937 4645 Ἐπειδὴ
1963 4575 2072 4646 γὰρ

501 4670 589 4723 διὰ
638 4667 837 4732 παντὸς
885 4668 990 4739 πρὸ
1019 4667 1128 4721 τῶν
1165 4666 1457 4737 ὀφθαλμῶν
1492 4662 1604 4735 εἶχε
1654 4665 1720 4720 τά
1750 4663 2075 4736 πλημμελή-

505 4778 671 4837 ματα,
709 4760 802 4813 καὶ
830 4759 924 4813 τοῦ
950 4758 1084 4814 Θεοῦ
1109 4760 1207 4831 τὴν
1239 4759 1407 4830 ὀργὴν
1439 4760 1796 4829 ἀνελογίζετο,
1832 4763 1891 4816 ἐν
1926 4761 2075 4835 φόϐῳ

500 4853 610 4921 ὢν,
640 4853 740 4907 οὐκ
768 4852 1083 4924 ἀναλγήτως
1134 4850 1276 4915 ζῶν,
1312 4850 1563 4923 καθάπερ
1604 4853 1652 4905 οί
1689 4852 1903 4920 πολλοὶ,
1941 4854 2076 4908 ἀλλά

500 4945 750 5016 ἀγωνιῶν
780 4945 875 4999 καὶ
919 4943 1159 5016 τρέμων.
1199 4942 1261 4996 'll
1304 4943 1527 5014 τοιαύτη
1575 4944 1789 5016 ταραχὴ
1836 4945 2078 5017 γαλήνης

504 5037 622 5114 μη
652 5040 831 5111 μήτηρ
859 5035 1032 5090 ἐστίν’
1064 5036 1094 5088 6
1122 5034 1361 5100 τοιοῦτος
1399 5035 1559 5105 φόϐος
1587 5036 1770 5098 ἀδείας
1799 5036 2073 5099 ὑπόθεσις.

514 5132 573 5185 '0
617 5130 760 5185 οὕτω
802 5127 1205 5199 τεταραγμένος
1246 5127 1422 5181 πάντα
1461 5127 1703 5197 χειμῶνα
1734 5127 2015 5181 ἐκϐάλλει·
2049 5127 2076 5162 λ

501 5222 756 5294 τοιαύτην
784 5221 886 5275 ούκ
908 5221 1046 5291 ἔχων
1070 5219 1166 5286 τὴν
1190 5218 1369 5288 ψυχὴν
1389 5218 1617 5289 χαλεπὸν
1648 5217 1933 5271 κλυδώνιον
1955 5218 2079 5272 6m-

507 5312 785 5383 στήσεται.
812 5309 924 5364 Καὶ
959 5307 1149 5379 ῶσπερ
1184 5307 1363 5361 πλοῖον
1412 5306 1802 5376 ἀνερμάτιστον
1851 5310 1918 5378 τῇ
1969 5306 2077 5359 τῶν

506 5404 719 5475 ἀγρίων
744 5403 1071 5473 πνευμάτων
1100 5399 1316 5455 ἐκδοθὲν
1350 5399 1496 5470 ῥύμῃ
1513 5439 1529 5461 ,
1552 5400 1761 5469 ταχέως
1805 5416 2075 5454 καταπον-

507 5496 746 5561 τίζεται·
782 5492 927 5547 οὕτω
968 5492 1237 5563 καὶψυχὴ
1285 5491 1601 5564 ἀναλγήτως
1645 5492 1791 5556 ζτῗισα
1816 5534 1827 5556 ,
1868 5493 2079 5564 μυρίοις

572 5633 588 5655 ⁸
616 5635 736 5691 Ιὶρις.
768 5633 990 5682 διέσπων.

571 5697 599 5743 ι
627 5698 747 5759 lh-g.
771 5697 797 5745 6
819 5695 879 5743 τα
898 5692 1091 5747 τοιαῦτα
1115 5693 1359 5749 στενάζων.

2162 358 2447 430 πρόκειται
2480 364 2693 418 πάθεσι.
2727 366 2818 420 Διὸ
2850 367 2943 420 καὶ
2977 369 3004 422 ὀ
3052 368 3318 440 μακάριος
3348 365 3555 435 Παῦλος
3582 370 3746 427 τοῦτο

2158 448 2217 501 τὸ
2258 451 2429 517 πάθος
2470 454 2876 527 ἐνδεικνύμενος
2896 500 2912 524 ,
2945 456 3130 528 ἔλεγεν
3151 476 3166 491 ο
3200 461 3430 528 Οῗτινες
3463 463 3742 531 ἀπηλγη-

2158 541 2328 608 κότες
2356 538 2609 612 ἑαυτοὺς
2639 548 2989 618 παρέδωκαν
3017 548 3092 619 τῇ
3128 550 3411 622 ἀσελγείᾳ
3442 556 3527 621 εἷς
3567 554 3745 624 ἐργα-

2156 633 2302 687 σίαν
2328 636 2698 707 ἀκαθαρσίας
2728 640 2932 708 πάσης
2961 642 3032 696 ἐν
3058 644 3400 714 πλεονεξίᾳ.
3439 647 3549 700 Καὶ
3576 646 3745 702 καθά-

2159 739 2264 795 περ
2295 725 2661 800 κυϐερνήτης,
2686 731 2791 796 ἕως
2814 731 2879 787 ἂν
2911 734 3028 798 ταῖς
3059 736 3301 806 φροντίσι
3320 739 3442 802 ταῖς
3470 736 3613 809 ὑπὲρ
3633 738 3746 793 τῶν

2158 812 2428 868 πλεόντων
2455 819 2807 890 ταράττηται,
2842 821 3046 887 πάντας
3074 825 3132 876 ἐν
3161 825 3371 898 γαλήνη
3396 828 3743 899 καθίστησιν,

2158 902 2219 956 ἂν
2255 904 2312 957 δέ
2355 905 2560 977 ταύτης
2592 908 2921 979 ἀπαλλαγεὶς
2951 912 3220 987 καθεύδῃ,
3251 915 3498 989 ταραχὴν
3545 918 3751 986 ἐπάγει

2164 994 2434 1068 μεγάλην·
2464 998 2606 1053 οὕτω
2630 1000 2695 1074 δὴ
2730 1003 2821 1056 καὶ
2853 1006 2881 1058 6
2924 1004 3212 1077 ἄνθρωπος
3232 1022 3247 1034 ‘
3281 1009 3309 1060 6
3341 1007 3441 1078 μὲν
3490 1008 3746 1076 ἀγωνιῶν

2161 1081 2255 1135 καὶ
2279 1085 2497 1156 τρέμων
2518 1087 2613 1142 καὶ
2631 1092 3028 1163 ταραττόμενος
3054 1132 3072 1157 ,
3106 1095 3163 1147 ἐν
3192 1096 3393 1168 ἡσυχία
3416 1097 3516 1168 τὴν
3545 1097 3745 1151 ἑαυτοῦ

2160 1176 2450 1249 καθίστησι
2473 1179 2712 1236 διάνοιαν
2738 1200 2751 1213 ·
2789 1186 2818 1238 6
2844 1184 2901 1238 δέ
2930 1184 3083 1256 ὕπνῳ
3109 1186 3211 1255 τῆς
3237 1186 3508 1259 ῥᾳθυμίας
3546 1189 3746 1245 ἑαυτὸν

2163 1271 2471 1341 παραδοὺς,
2506 1274 2836 1347 ὑποϐρύχιον
2864 1277 2923 1331 τὸ
2960 1279 3165 1347 σκάφος
3213 1277 3526 1350 ἐργάζεται.
3568 1280 3749 1334 Ἐπα-

2160 1363 2420 1433 λαιώθην
2444 1365 2513 1419 ἐν
2538 1365 2687 1421 πᾶσι
2712 1368 2835 1434 τοῖς
2856 1368 3090 1438 ἐχθροῖς
3114 1386 3257 1437 μου.
3294 1369 3360 1423 Τί
3380 1372 3547 1432 ἐστιν,
3581 1371 3751 1425 Ἐπαο

2160 1459 2456 1525 λαιώθην;
2501 1458 2825 1532 Ἡσθένησα,
2855 1462 3018 1531 φησὶν
3042 1502 3055 1523 ,
3090 1462 3197 1515 ὑπὸ
3224 1461 3332 1518 τῶν
3365 1461 3577 1533 ἐχθρῶν
3611 1478 3741 1533 μου.

2162 1548 2270 1600 Καὶ
2291 1548 2398 1621 γάρ
2419 1549 2709 1617 ἐναγώνιος
2742 1552 2900 1623 ήμῶν
2924 1554 2952 1607 6
2988 1553 3101 1624 βίος
3123 1594 3138 1619 ,
3172 1555 3267 1607 καὶ
3294 1553 3504 1625 μυρίων
3531 1552 3750 1627 ἐχθρῶν

2160 1638 2192 1707 ή
2222 1638 2337 1710 ζωὴ
2359 1640 2489 1710 ήμῖν
2521 1641 2922 1712 ἐμπέπλησται,
2952 1645 3145 1708 οἵτινες
3169 1645 3265 1697 καὶ
3292 1645 3632 1715 ἰσχυρότεροι
3658 1644 3747 1713 γί-

2160 1745 2363 1793 νονται,
2390 1732 2608 1785 ἐπειδάν
2635 1734 2992 1806 ἁμαρτήμασι
3024 1735 3429 1806 περιπέσωμεν.
3453 1736 3547 1789 Διὸ
3568 1736 3748 1792 πάντα

2161 1823 2265 1893 χρὴ
2296 1824 2470 1877 ποιεῖν
2493 1862 2508 1889 ,
2536 1822 2676 1878 ὥστε
2713 1824 2995 1894 διαφυγεῖν
3046 1826 3226 1879 αὐτῶν
3272 1826 3372 1889 τὰς
3413 1824 3616 1891 λαϐὰς,
3649 1827 3749 1881 καὶ

2164 1914 2433 1986 μηδέποτε
2472 1915 2610 1987 πρὸς
2662 1917 2859 1980 αὐτοὺς
2891 1917 3349 1971 καταλλάττεσθαι
3381 1934 3396 1947 ·
3445 1918 3586 1989 αὕτη
3633 1920 3747 1990 γάρ

2161 2006 2291 2076 ἡμῖν
2348 2005 2610 2077 μεγίστης
2662 2006 2963 2077 ἀσφαλείας
3016 2004 3288 2071 δπύθεσις.
3348 2007 3567 2060 Τούτων
3633 2007 3749 2060 τῶν

2160 2097 2374 2167 ἐχθρῶν
2398 2097 2497 2169 τὴν
2526 2097 2784 2167 φάλαγγα
2810 2097 2984 2170 δηλῶν
3012 2101 3040 2152 6
3080 2098 3293 2163 Παῦλος
3318 2142 3331 2163 ,
3363 2098 3582 2167 ἔλεγεν⁸
3620 2100 3749 2152 Οὐκ

2159 2188 2332 2242 ἔστιν
2354 2188 2501 2258 ἡμῖν
2528 2192 2566 2259 ἠ
2599 2191 2765 2258 πάλη
2815 2191 2965 2260 πρὸς
2992 2186 3135 2260 αἷμα
3180 2191 3277 2244 καί
3320 2190 3517 2260 σάρκα
3536 2233 3550 2257 ,
3582 2190 3750 2245 ἀλλὰ

2161 2279 2311 2349 πρὸς
2348 2280 2455 2346 τὰς
2484 2281 2674 2351 ἀρχὰς
2692 2321 2706 2347 ,
2735 2282 2887 2351 πρὸς
2916 2281 3023 2350 τὰς
3061 2283 3349 2346 ἐξουσίας
3369 2325 3383 2342 ,
3421 2281 3569 2349 πρὸς
3602 2282 3748 2349 τοὺς

2162 2371 2646 2442 κοσμοκράτορας
2672 2374 2780 2428 τοῦ
2807 2377 3068 2443 σκότους
3106 2375 3213 2431 τοῦ
3244 2374 3460 2441 αἰῶνος
3506 2375 3744 2428 τούτου.

2174 2462 2328 2515 Ἐπεὶ
2359 2459 2452 2518 οὖν
2480 2464 2705 2535 τοιαύτη
2743 2468 2779 2537 ή
2806 2468 2915 2521 τῶν
2946 2469 3223 2540 πολεμίων
3260 2467 3503 2539 φάλαγξ,
3535 2469 3623 2521 ἀεὶ
3651 2467 3750 2521 καὶ

2159 2552 2421 2623 διηνεκῶς
2460 2556 2777 2621 ὁπλίζεσθαι
2805 2558 2938 2630 χρὴ,
2971 2560 3068 2613 καὶ
3098 2560 3319 2630 φεύγειν
3350 2560 3456 2613 τῶν
3498 2562 3750 2632 ἁμαρτη-

2164 2643 2352 2715 μάτων
2373 2645 2470 2710 τάς
2500 2646 2740 2716 ἐφόδους.
2764 2650 2927 2703 Οὐδὲν
2946 2650 3055 2720 γὰρ
3079 2638 3220 2705 οὕτω
3246 2650 3508 2706 παλαιοῦν
3533 2649 3748 2715 εἴωθεν,

2161 2736 2238 2800 ὡς
2262 2737 2538 2809 ἁμαρτίας
2567 2738 2746 2809 φύσις.
2774 2741 2972 2814 Διόπερ
3002 2742 3096 2795 καὶ
3127 2745 3155 2796 6
3184 2741 3394 2807 Παῦλος
3421 2742 3517 2814 τὴν
3558 2740 3749 2797 ἐντεῦ-

2163 2828 2255 2882 θεν
2318 2830 2619 2885 παλαίωσιν
2677 2834 2968 2905 γινομένην
3027 2833 3418 2907 ἀποτρίϐεσθαι
3479 2832 3750 2897 κελεύων,

2162 2918 2313 2990 ἔλεγε
2332 2938 2345 2951 ⁸
2366 2920 2465 2991 Μὴ
2496 2925 3014 2994 συσχηματίζεσθε
3042 2924 3122 2992 τῷ
3150 2925 3318 2980 αἰῶνι
3352 2927 3560 2991 τούτῳ,
3581 2925 3751 2980 ἀλλὰ

2156 3014 2651 3084 μεταμορφοῦσθε
2690 3014 2765 3086 τῇ
2795 3015 3193 3079 ἀνακαινώσει
3223 3017 3328 3071 τοῦ
3365 3016 3505 3083 νοὸς
3554 3015 3747 3086 ὑμῶν.

2164 3104 2332 3158 Ὅταν
2360 3099 2452 3159 οὖν
2475 3106 2579 3159 ὑπὸ
2597 3104 2698 3177 τῆς
2718 3107 2994 3180 ἁμαρτίας
3022 3107 3337 3180 παλαιωθῇς
3357 3147 3372 3172 ,
3400 3108 3505 3162 ὑπὸ
3522 3107 3623 3179 τῆς
3647 3125 3750 3178 με-

2159 3195 2378 3260 τανοίας
2403 3196 2746 3251 άνακαίνισον
2797 3200 3012 3253 σαυτόν.
3052 3199 3394 3269 ’Ἄπόστητε
3423 3198 3524 3253 ἀπ’
3571 3198 3749 3268 ἐμοῦ,

2162 3288 2385 3355 πάντες
2404 3291 2457 3343 οἱ
2474 3286 2845 3358 ἐργαζόμενοι
2867 3288 2982 3358 τὴν
3004 3290 3282 3359 ἀνομίαν,
3306 3289 3394 3344 ὅτι
3418 3288 3750 3357 είσήκουσε

2162 3376 2377 3445 Κύριος
2426 3375 2537 3443 τῆς
2573 3375 2778 3445 φωνῆς
2816 3377 2922 3432 τοῦ
2956 3376 3268 3447 κλαυθμοῦ
3313 3395 3455 3447 μου.
3488 3376 3749 3430 Ἤκουσε

2164 3464 2377 3531 Κύριος
2404 3461 2513 3532 τῆς
2534 3462 2795 3531 δεήσεως
2818 3482 2937 3533 μου
2956 3504 2972 3528 ,
2999 3466 3214 3535 Κύριος
3252 3462 3367 3531 τὴν
3397 3460 3750 3531 προσευχήν

2158 3568 2278 3621 μου
2308 3550 2735 3617 προσεδέξατο.
2764 3552 2838 3604 υύ
2868 3553 3040 3623 μικρά
3071 3552 3166 3606 καὶ
3194 3550 3334 3622 αῦτη
3361 3550 3478 3613 ὁδὸς
3509 3549 3587 3613 είς
3619 3549 3750 3620 ἀρε-

2162 3638 2262 3708 τὴν
2292 3639 2499 3706 ἄγουσα
2523 3681 2538 3705 ,
2564 3638 2623 3692 τὸ
2661 3637 2881 3710 φεύγειν
2908 3641 3035 3703 τοὺς
3080 3638 3369 3712 πονηρούς.
3402 3638 3579 3708 Ὅπερ
3608 3637 3749 3702 μετὰ

2163 3726 2432 3803 τοσαύτης
2488 3727 2791 3800 ὑπερϐολῆς
2847 3726 2941 3782 καὶ
2996 3730 3024 3781 6
3058 3728 3291 3798 Χριστὸς
3338 3727 3557 3781 ἀπαιτεῖ
3619 3727 3748 3796 παρ’

2165 3813 2347 3886 ήμῶν,
2370 3814 2446 3879 ὡς
2467 3815 2592 3879 τοὺς
2617 3816 2673 3869 ἐν
2696 3813 2848 3880 τάξει
2884 3813 3065 3886 μελῶν
3094 3816 3227 3886 ⁴ήμῖν
3253 3814 3697 3882 ἀναγκαιοτάτων
3720 3823 3742 3851 ε

2165 3902 2323 3968 δντας
2352 3902 2538 3973 φίλους
2568 3902 2809 3956 κελεύειν
2837 3903 3124 3957 ἐκκόπτειν
3150 3942 3166 3966 ,
3191 3904 3317 3956 ὅταν
3342 3902 3491 3974 ἡμᾶς
3514 3903 3748 3955 σκανδα-

2166 3990 2376 4055 λίζωσι,
2394 3991 2488 4044 καὶ
2512 3990 2716 4062 βλάϐην
2737 3990 2862 4043 τινὰ
2883 3991 3013 4061 ήμῖν
3038 3988 3219 4044 αὐτῶν
3240 3992 3274 4060 ή
3307 3990 3561 4043 συνουσία
3582 3989 3748 4061 φέρῃ.

2180 4078 2321 4133 Ἐὰν
2351 4077 2459 4150 γάρ
2484 4119 2498 4141 ,
2522 4078 2706 4148 φησὶν,
2733 4081 2766 4132 ό
2788 4078 3095 4147 ὀφθαλμός
3121 4094 3237 4133 σου
3259 4075 3624 4146 σκανδαλίζῃ
3654 4091 3750 4141 σε,

2168 4166 2340 4232 ἐξελε
2361 4166 2548 4221 αὐτόν
2567 4182 2579 4193 ·
2615 4166 2713 4219 καὶ
2741 4166 2852 4220 ἐὰν
2884 4167 2922 4234 ἡ
2950 4167 3079 4236 χείρ
3107 4183 3224 4221 σου
3252 4164 3621 4234 σκανδαλίζῃ
3649 4179 3753 4229 σε,

2169 4257 2437 4324 ἔκκοψον
2462 4253 2679 4322 αὐτὴν,
2706 4254 2803 4308 καὶ
2827 4253 2986 4319 ,ϐάλε
3005 4253 3124 4309 ἀπὸ
3146 4254 3261 4309 σοῦ
3281 4270 3294 4284 ⁸
3324 4255 3384 4308 ού
3417 4253 3544 4324 περὶ
3571 4252 3752 4323 μελῶν

2171 4342 2366 4410 λέγων,
2389 4342 2568 4411 ἄπαγε
2588 4357 2601 4368 ·
2631 4341 2767 4395 ἀλλὰ
2801 4343 2928 4411 περὶ
2956 4342 3125 4410 φίλων
3150 4342 3409 4411 γνησίων,
3443 4336 3516 4394 ὧν
3545 4341 3627 4395 δεῖ
3651 4340 3754 4404 τὰς

2173 4431 2353 4500 φιλίας
2386 4430 2701 4501 ἀτιμάζειν,
2747 4431 2872 4484 ὅταν
2928 4432 3064 4500 μήτε
3117 4432 3299 4493 αὐτοῖς
3335 4430 3525 4500 κέρδος
3550 4468 3573 4492 ν
3615 4430 3755 4501 μήτε

2174 4520 2305 4590 ἡμῖν
2330 4518 2555 4586 γίνεται,
2585 4517 2719 4572 ἀλλὰ
2756 4517 2948 4588 βλάϐη.
2974 4517 3189 4588 Ταύτην
3210 4519 3273 4590 δὴ
3301 4519 3398 4589 την
3427 4516 3626 4588 ἀρετὴν
3655 4534 3756 4570 κα-

2173 4605 2449 4677 τορθώσας
2477 4607 2572 4659 καὶ
2588 4600 2743 4668 οὗτος
2766 4606 2825 4659 ού
2858 4606 3015 4676 μόνον
3040 4605 3139 4659 οὐκ
3162 4606 3347 4659 ἐδίωκε
3374 4605 3477 4668 τὰς
3498 4603 3755 4667 τοιαύτας

2177 4695 2462 4759 συνουσίας
2482 4733 2498 4758 ,
2530 4694 2665 4750 ἀλλά
2688 4695 2779 4748 καὶ
2810 4694 3204 4765 παρεκελεύετο
3231 4694 3439 4758 τούτοις
3467 4692 3755 4764 άποπηδᾷν

2177 4783 2391 4841 ἐαυτοῦ.

2182 4902 2193 4936 ι
2236 4863 2477 4933 ς’.οὗτος
2492 4870 2587 4942 τῆς
2609 4872 2895 4941 μετανοίας
2917 4872 2943 4924 6
2958 4869 3191 4941 καρπὸς,
3205 4869 3362 4923 τοῦτο
3382 4870 3488 4923 τῶν
3503 4860 3756 4941 δακρύων

2184 4954 2301 5033 [48]
2338 4957 2400 5012 τὸ
2429 4957 2635 5031 κέρδος.
2682 4959 2745 5012 Ἡ
2784 4958 2892 5028 γάρ
2946 4957 3090 5012 οὓτω
3136 4961 3479 5024 συντριϐεῖσα
3523 4958 3753 5025 διάνοια,

2177 5045 2404 5117 οὐδεμιᾷ
2425 5046 2611 5099 λοιπὸν
2646 5045 2991 5117 προσπαθείᾳ
3014 5045 3325 5114 κατέχεται.
3358 5044 3529 5100 Τοῦτο
3558 5046 3633 5117 δὴ.
3659 5046 3758 5100 καὶ

2180 5135 2338 5205 ἡμεῖς
2369 5132 2613 5203 ποιῶμεν
2636 5148 2648 5161 ·
2678 5133 2780 5186 κᾶν
2814 5132 2946 5186 αὐτὸ
2976 5132 3211 5205 διάδημα
3312 5150 3395 5197 τις
3434 5133 3755 5205 περικείμε-

2179 5237 2295 5284 νος,
2330 5219 2540 5293 βλάπτῃ
2572 5219 2625 5272 δὲ
2660 5222 2825 5289 ἡμᾶς,
2865 5220 3220 5291 ἀτιμάζωμεν
3242 5218 3404 5273 αὑτοῦ
3427 5219 3522 5292 τήν
3552 5221 3754 5288 φιλίαν.

2180 5308 2344 5360 Οὐδὲν
2378 5309 2488 5377 γάρ
2534 5307 2909 5378 εὐτελέστερον
2944 5308 3135 5378 ἀνδρὸς
3159 5347 3173 5370 ,
3210 5310 3305 5361 καὶ
3348 5307 3756 5377 βασιλεύοντος,

2180 5399 2309 5451 ὅταν
2352 5398 2521 5467 κακίᾳ
2568 5396 2738 5467 συζῇ*
2785 5395 2974 5468 ὥσπερ
3013 5396 3167 5449 οὐδὲν
3201 5395 3629 5468 βασιλικώτερον
3665 5397 3759 5449 καὶ

2182 5485 2493 5555 δεσμώτου,
2540 5484 2677 5537 ὅταν
2716 5484 2916 5556 ἀρετὴν
3036 5484 3390 5554 κεκτημένος.
3427 5484 3556 5537 Ὀτι
3592 5480 3758 5551 εἰσή-

2246 5627 2270 5655 ε
2300 5624 2383 5672 Sic
2406 5623 2688 5684 “rgalque
2716 5625 2780 5672 i|a
2803 5621 3203 5684 logilinlcrprcs.
3222 5622 3315 5672 A'ii
3339 5621 3757 5685 a‘wwxmozérquc.

2193 5689 2327 5738 L'nus
2346 5701 2370 5734 ιι
2400 5686 2582 5735 διιτίῐίυ
2605 5693 2901 5736 memoratus
2920 5684 3309 5745 ἀναγκαιοτάτην-
