3928 6276
545 268 614 321 Ἰυ
1286 256 1344 311 S.
1373 252 1650 312 JOANNIS
1687 249 1819 307 Cllll
1828 244 2133 305 YSOSTOM

2246 243 2518 300 RCHIEP.
2555 242 3098 334 CONSTANIINOP.
3806 247 3869 303 δῦ

542 381 680 433 niam
720 377 973 431 emudirt't
1014 372 1261 426 Dominus
1293 387 1457 425 vocem
1485 369 1631 437 ﬂetus
1658 365 1770 419 mei.
1815 362 1930 419 Non
1967 361 2119 422 dixit,

546 468 825 523 Esaudivit
879 480 1065 517 vocem
1124 477 1325 523 meam,
1374 457 1709 528 simpliciter,
1762 455 1887 515 sed,
1948 451 2126 504 Vocem

546 565 693 631 ﬂetus
751 558 865 613 mei.
946 556 1102 609 Vides
1159 550 1426 622 quomodo
1470 566 1563 603 sua
1619 547 1763 615 large
1810 554 1867 597 et
1914 544 2128 612 copiose

548 651 798 721 proferat,
850 662 1030 701 vocem
1081 657 1133 699 et
1188 646 1395 706 lit-tum,
1436 656 1618 694 vocem
1660 638 1745 693 hic
1773 636 1975 699 dicens,
2024 649 2125 686 non

550 741 897 795 intentionem
950 735 1235 800 clamoris,
1287 732 1380 788 sed
1435 730 1771 786 aﬂectioncm
1831 726 1990 782 animi
2010 768 2034 795 ,,
2075 733 2130 779 ct

548 834 749 886 lictum.
799 845 901 882 non
939 842 1058 882 eum
1104 826 1273 881 solum
1323 824 1410 892 qui
1445 821 1660 892 proﬂuit
1693 837 1755 873 ex
1801 819 1990 876 oculis.
2035 814 2128 871 sed

545 923 705 977 etiam
755 937 875 975 eum
923 919 1011 990 qui
1043 935 1106 973 ex
1156 917 1364 971 anima?
1414 916 1510 983 Qui
1554 915 1694 968 enim
1729 911 1927 967 inducit
1956 909 2129 981 pumi-

547 1013 786 1074 tcutiam,
828 1019 879 1065 tt
927 1027 956 1065 a
1002 1010 1111 1065 Deo
1137 1009 1437 1067 exauditur.
1480 1006 1580 1060 hoc
1617 1006 1774 1059 etiam
1818 1005 2136 1073 bonumpo-

549 1112 650 1158 test
689 1101 943 1173 pra-clare
977 1100 1250 1167 consequi,
1300 1111 1353 1152 ut
1393 1091 2128 1164 consuetudinemimprobo-

549 1208 668 1247 rum
698 1204 959 1247 amoveat.
989 1192 1076 1247 11.
1133 1189 1443 1243 Erubescont
1488 1198 1532 1241 ct
1572 1187 1934 1242 conturbentur
1962 1201 2130 1239 oumrs

547 1284 738 1337 inimici
790 1283 919 1347 mei;
965 1290 1316 1336 convertantur
1370 1278 1716 1343 retrorsum‘,
1749 1286 1795 1330 et
1841 1276 2133 1329 erubescant

548 1375 695 1431 valde
720 1374 969 1430 velociter.
995 1352 1119 1429 uri:
1143 1373 1312 1425 oratio
1340 1372 1620 1425 maximam
1649 1368 1807 1423 habet
1825 1367 2125 1429 utilitatem,

550 1468 826 1539 pudorem,
858 1467 1089 1536 inquam,
1118 1475 1170 1519 ct
1199 1463 1659 1519 r.-trocessioucm.
1687 1461 1787 1529 Qui
1816 1461 1957 1516 enim
1989 1460 2127 1516 male

550 1570 804 1622 currunt,
855 1562 897 1613 si
940 1560 1257 1613 erubescant
1298 1567 1353 1611 et
1400 1554 1766 1620 retrocedant,
1825 1569 1855 1608 a
1900 1553 2129 1623 nequitia

552 1651 831 1705 dcsistent.
881 1647 1336 1716 Quemadmodum
1380 1648 1520 1701 enim
1570 1646 1615 1700 si
1644 1644 1932 1700 viderimus
1961 1643 2128 1699 homi-

555 1755 677 1797 nem
721 1741 772 1794 in
815 1740 1111 1811 pra'cipitio
1140 1746 1194 1792 et
1231 1738 1510 1809 pt'a‘ruptis
1556 1737 1684 1790 locis
1728 1734 2130 1805 ingredientem,

553 1846 619 1886 ne
646 1831 868 1885 ulterius
910 1828 1162 1899 procedat
1203 1828 1576 1889 retinebimus,
1626 1826 1863 1881 dicentes
1896 1845 1910 1881 :
1939 1825 2131 1891 Homo,

551 1939 658 1994 quo
703 1922 894 1978 ferris?
923 1932 1165 1976 occurret
1200 1920 1289 1975 tibi
1324 1920 1668 1989 prmcipitium
1697 1919 1834 1987 quod
1863 1927 1984 1971 ante
2012 1926 2130 1972 est:

461 2068 475 2079 _
553 2019 621 2071 Ita
653 2016 811 2071 etiam
840 2015 927 2069 hic
960 2015 1067 2069 vult
1095 2013 1263 2068 malos
1290 2011 1642 2066 retrocedere.
1672 2010 1740 2064 Ita
1771 2010 1929 2065 etiam
1958 2014 2136 2064 Iuren-

554 2118 659 2164 tem
708 2122 898 2177 equum
954 2107 1051 2160 nisi
1090 2106 1206 2175 quis
1236 2104 1341 2159 cito
1381 2105 1715 2173 represscrit,
1771 2102 1877 2157 cito
1917 2102 2131 2173 peribit.

552 2200 624 2256 Ita
653 2200 809 2254 etiam
840 2200 1050 2262 medici,
1089 2199 1353 2268 serpentis
1396 2197 1621 2267 alicujus
1668 2212 1926 2250 venenum
1971 2195 2131 2250 adre-

551 2306 687 2361 peus
725 2300 778 2346 et
828 2292 877 2343 in
918 2299 1083 2343 totum
1129 2304 1322 2359 corpus
1362 2304 1615 2343 cmauaus
1670 2288 1895 2342 maxima
1940 2287 2133 2342 celeri-

553 2390 679 2438 tate.
730 2394 795 2435 ne
840 2380 1058 2433 ulterius
1108 2378 1494 2448 progrediatur,
1543 2380 1757 2443 s‘stuut,
1800 2378 1914 2446 ejus
1954 2377 2133 2432 vitium

556 2470 870 2525 incidentes.
950 2469 1058 2523 Iloe
1098 2478 1272 2523 autem
1327 2484 1423 2522 uos
1468 2484 1680 2538 quoque
1736 2468 2023 2534 faciamus,
2081 2479 2136 2524 et

554 2559 698 2628 qttod
740 2560 788 2613 in
836 2560 988 2614 nobis
1024 2568 1106 2612 est
1141 2558 1324 2613 vitium
1372 2561 1597 2613 maxima
1641 2560 1913 2614 celeritate
1963 2562 2133 2630 repri-

555 2664 780 2711 mamus.
821 2665 888 2705 ne
944 2649 1163 2705 ulterius
1219 2649 1565 2720 progrediens
1616 2651 1855 2705 morbum
1921 2661 2131 2722 augeat.

557 2740 808 2810 Neglecta
869 2741 1012 2795 enim
1069 2751 1403 2810 peccatorqu
1452 2741 1672 2797 vulnera
1727 2756 1868 2810 sa‘pe
1932 2744 2135 2809 majora

554 2830 832 2895 evadunt,
903 2839 1099 2886 etnec
1154 2846 1321 2901 usque
1376 2830 1441 2886 ad
1495 2832 1711 2887 vulnera
1768 2834 1938 2887 solum
1997 2834 2136 2887 sistit

554 2921 771 2976 morbus
798 2930 855 2975 et
889 2918 1189 2987 inﬁrmitas,
1232 2921 1323 2976 sed
1367 2935 1510 2993 saepe
1537 2923 1696 2977 etiam
1735 2933 1957 2979 mortem
2002 2925 2136 2993 parit

555 3012 943 3079 immortalem,
1016 3012 1467 3082 quemadmodum
1529 3015 1690 3068 etiam
1750 3016 1794 3069 si
1857 3017 1925 3072 ab
1986 3018 2135 3075 initio

557 3118 718 3174 parva
756 3103 1144 3169 sustulerimus,
1196 3119 1294 3159 nec
1332 3118 1518 3174 magna
1546 3117 1955 3176 consequentur.
1988 3108 2136 3163 Con-

554 3195 727 3251 sidera
770 3205 968 3253 autem.
1008 3195 1108 3265 Qui
1157 3197 1440 3252 meditatus
1477 3207 1559 3253 est
1599 3213 1704 3253 non
1765 3198 1938 3255 facere
1993 3200 2134 3270 inju-

554 3289 712 3357 riam,
758 3304 857 3344 nec
902 3290 1037 3345 sciet
1065 3304 1337 3359 pugnare;
1383 3290 1471 3360 qui
1515 3305 1753 3361 pugnare
1804 3292 2024 3357 nesciet,
2076 3308 2137 3348 se

554 3382 713 3434 etiam
764 3390 910 3437 recte
954 3392 1103 3451 geret
1149 3382 1199 3435 in
1245 3381 1514 3447 amicitia;
1547 3382 1636 3452 qui
1685 3397 1746 3438 se
1798 3383 1851 3437 in
1903 3384 2133 3439 amicitia

555 3478 700 3524 recte
736 3477 903 3539 geret,
951 3484 1055 3525 non
1093 3469 1304 3526 habebit
1342 3471 1647 3539 inimicum;
1686 3473 1776 3544 qui
1814 3483 1992 3529 autem
2030 3490 2135 3530 non

560 3563 717 3617 habet
763 3563 1052 3628 inimicum,
1099 3563 1192 3617 sed
1233 3564 1391 3620 habet
1433 3566 1726 3631 caritatem,
1774 3565 1990 3621 habebit
2019 3582 2134 3622 om-

561 3671 683 3709 nem
712 3655 975 3710 virtutem.
1008 3654 1087 3711 Ne
1115 3657 1289 3726 priora
1333 3672 1460 3727 ergo
1503 3658 1850 3730 negligemus,
1900 3674 1965 3714 ne
1993 3660 2133 3714 mala

558 3749 609 3801 iu
662 3747 833 3819 majus
877 3759 1137 3803 crescant.
1167 3748 1351 3815 ludas,
1380 3749 1424 3804 si
1455 3750 1689 3820 pecunia:
1718 3766 1953 3806 amorem
1979 3765 2134 3806 coer-

557 3839 775 3904 coisset,
822 3853 928 3894 non
978 3839 1212 3895 venisset
1241 3839 1306 3894 ad
1336 3840 1670 3911 sacrilegium
1696 3857 1709 3893 :
1737 3840 1781 3895 si
1826 3841 1952 3896 illud
1983 3857 2133 3897 com-

557 3933 858 4002 pressisset,
912 3946 1017 3987 non
1062 3932 1129 3987 ad
1170 3932 1546 4003 colopbouem,
1594 3941 1651 3987 ut
1677 3933 1844 4001 aiunt,
1875 3934 2132 3989 malorum

559 4024 906 4092 prosiluisset.
952 4024 1016 4078 Et
1045 4023 1166 4079 ideo
1190 4022 1436 4078 Christus
1465 4039 1673 4096 quoque
1699 4043 1805 4082 non
1828 4028 1996 4083 solum
2022 4027 2133 4083 for-

561 4116 878 4170 nicationem
928 4123 982 4170 et
1030 4114 1387 4181 adulterium,
1455 4115 1548 4169 sed
1605 4116 1927 4187 impudicum
1973 4118 2136 4174 etiam

556 4207 800 4260 obtutum
845 4205 1083 4274 reprimit
1129 4203 1360 4274 (Matth.
1382 4205 1436 4262 5.
1461 4204 1534 4261 28
1555 4205 1596 4274 ),
1643 4208 1875 4263 radicem
1919 4209 1990 4263 ab
2028 4211 2136 4264 imo

556 4298 831 4361 evellem,
885 4304 941 4350 ut
984 4296 1187 4352 facilius
1245 4297 1413 4367 possit
1457 4300 1695 4368 superari
1750 4300 1957 4354 vitium.
2025 4300 2137 4355 lloe

557 4388 718 4439 etiam
762 4383 985 4439 faciebat
1025 4385 1241 4449 ludatis,
1272 4388 1503 4442 crassius
1528 4388 1741 4459 quidem
1783 4398 1838 4444 et
1867 4399 2135 4458 tamquam

563 4493 658 4546 ικιτ
684 4478 996 4547 a-nigmata;
1025 4477 1338 4548 loquebatur
1382 4482 1523 4535 enim
1564 4497 1683 4535 cum
1725 4482 2133 4548 earnalioribus,

558 4566 653 4621 sed
680 4576 856 4622 tamen
897 4569 1133 4623 iaciebat.
1167 4570 1488 4636 Quomodo?
1537 4571 1651 4627 Non
1686 4575 2025 4643 permittebat
2078 4586 2138 4630 ut

562 4659 612 4711 iu
642 4659 822 4713 bestiis
851 4660 957 4713 ulla
987 4671 1131 4714 esset
1154 4659 1457 4730 conjunctio
1500 4679 1563 4718 ex
1604 4664 1828 4721 diversis
1852 4668 2138 4738 generibus

561 4747 734 4817 (Deut.
763 4749 853 4803 2‘2.
886 4750 997 4819 10),
1049 4766 1154 4804 non
1182 4751 1390 4807 sinebat
1413 4768 1653 4810 comesse
1677 4758 1984 4828 sanguinem
2011 4759 2139 4815 bru-

561 4851 733 4896 tnrum
766 4840 1184 4912 (Levit.l7.10),
1212 4857 1316 4897 non
1345 4844 1682 4913 permittebat
1709 4856 1889 4905 tenere
1918 4851 2137 4922 pignora

562 4942 681 5003 post
722 4948 1000 5001 vesperum
1034 4933 1206 5002 (Deut.
1232 4934 1321 4989 24.
1355 4936 1465 5005 15),
1507 4951 1696 5008 magna
1735 4953 1832 5008 per
1863 4940 1978 4996 lucc
1999 4940 2141 4995 mala

563 5026 878 5095 reprimens,
924 5040 1019 5095 per
1045 5026 1271 5094 primum
1300 5025 1511 5096 quidem
1539 5028 1735 5081 coitum
1760 5030 2136 5097 masculorum,

562 5131 656 5185 per
678 5115 966 5172 secumlum
996 5125 1171 5169 autem
1197 5116 1391 5179 ordes,
1434 5131 1530 5187 per
1557 5120 1769 5173 tertium
1797 5135 1928 5175 vero
1952 5123 2143 5178 crude-

561 5205 760 5261 litatem
786 5217 841 5262 et
862 5206 1323 5263 inhumanitatem.
1353 5206 1457 5263 Srd
1491 5223 1630 5263 nunc
1654 5210 1832 5264 omnia
1863 5212 2054 5280 passim
2085 5222 2141 5268 et

562 5293 896 5363 itnpudeuter
940 5296 1225 5351 admodum
1275 5299 1424 5359 llunt,
1461 5308 1517 5353 et
1560 5300 1679 5354 ideo
1721 5302 1898 5357 omnia
1945 5318 2141 5375 susque

560 5385 732 5456 deque
776 5398 1002 5457 aguntur
1047 5399 1099 5445 et
1142 5389 1399 5444 feruntur.
1476 5391 1700 5459 Quando
1747 5407 1875 5464 ergo
1926 5409 2140 5464 parvam

595 5630 601 5636 ,
627 5585 642 5616 ⁸
679 5584 750 5634 sic
772 5592 887 5693 “01f.
920 5593 968 5633 tu
992 5586 1100 5636 aliis
1122 5601 1234 5645 vox,
1257 5594 1539 5643 retrorsum.
1562 5588 1734 5655 deest;
1759 5589 1849 5642 sed
1871 5591 1942 5643 sic
1965 5591 2147 5657 legen-

597 5658 676 5693 um
697 5657 807 5693 esse
832 5665 848 5693 ι
866 5647 1077 5693 uitiarant
1109 5663 1164 5693 ea
1189 5663 1298 5693 tum
1322 5658 1609 5693 sentnmtnr.

564 5645 676 5695 dum
697 5657 807 5697 esse
832 5645 1077 5697 declarant
1109 5663 1164 5698 ea
1189 5663 1298 5712 quae
1322 5658 1609 5714 sequuntur.

2235 359 2395 411 animi
2430 360 2880 428 perturbationem
2917 361 3239 431 susceperis,
3289 376 3367 416 ne
3397 377 3535 414 eam
3566 362 3868 432 neglexeris

2231 451 2370 520 quod
2412 467 2569 520 parva
2601 451 2689 513 sit,
2730 451 2822 506 sed
2865 452 3141 508 considera
3174 452 3223 507 id
3260 451 3423 524 quod
3452 468 3531 508 ex
3575 471 3641 507 ea
3688 454 3863 523 alitur,

2234 559 2461 597 mamma
2490 543 2623 597 mala
2657 559 2861 613 parere.
2915 545 3122 601 Etenim
3153 556 3463 616 postquam
3492 546 3549 600 in
3578 545 3746 600 domo
3775 552 3869 603 ali-

2237 644 2485 702 quantum
2550 643 2757 705 stuppa:
2824 651 3105 692 accensum
3169 636 3528 705 viderimus,
3573 642 3861 696 conturba-

2238 741 2376 786 mur.
2417 735 2474 779 et
2506 726 2782 781 tumultum
2811 742 3086 783 movemus
3118 746 3131 781 :
3162 743 3271 784 non
3323 729 3486 784 enim
3533 732 3863 786 attendimus

2210 814 2442 869 initium
2472 833 2484 869 :
2513 816 2606 871 scd
2632 833 2695 872 ex
2736 816 2886 872 initio
2914 818 3071 874 ﬁnem
3098 819 3863 888 considerantes,movemur

2233 916 2286 963 et
2310 908 2674 964 concurrimus
2700 921 2755 964 ut
2784 920 2949 967 totum
2971 912 3235 968 caminum
3262 916 3723 984 exstinguamus.
3758 919 3861 976 Hoc

2236 1001 2356 1071 igne
2379 1001 2749 1059 vehementius
2779 1005 3010 1060 animam
3037 1005 3217 1063 exedit
3237 1008 3471 1061 vitium.
3493 1007 3725 1078 Oportet
3769 1012 3859 1066 ita-

2235 1110 2339 1163 que
2368 1095 2679 1162 prtevenire.
2706 1094 2837 1148 Nam
2866 1096 2908 1149 si
2938 1097 3191 1151 fuerimus
3220 1098 3608 1169 negligentes,
3660 1100 3711 1155 id
3742 1118 3858 1157 cor-

2236 1194 2383 1239 rectu
2412 1184 2599 1258 evadet
2627 1184 2910 1240 difi‘itilius.
2947 1186 3057 1242 lloe
3087 1188 3285 1244 viderit
3327 1191 3616 1259 quispiam
3650 1196 3856 1249 evenire

2235 1275 2394 1329 etiam
2427 1274 2477 1328 in
2508 1275 2740 1344 navigio,
2784 1286 2837 1330 et
2862 1276 3166 1332 conturbari
3196 1288 3440 1344 nautas,
3489 1297 3603 1336 non
3648 1287 3854 1352 quando

2236 1381 2382 1419 mare
2402 1366 2521 1435 jam.
2541 1381 2795 1435 superare
2817 1410 2830 1433 ,
2860 1366 2954 1422 sed
2990 1367 3202 1438 quando
3228 1368 3285 1423 id
3317 1368 3602 1426 {acturum
3632 1389 3751 1429 esse
3784 1377 3852 1429 \i-

2235 1457 2429 1513 derint.
2481 1458 2557 1514 Ne
2604 1460 2770 1515 simus
2807 1476 2935 1531 ergo
2979 1461 3031 1516 in
3063 1463 3240 1532 parvis
3277 1465 3533 1533 peccatis
3564 1467 3844 1533 socordes,

2235 1552 2330 1607 sed
2364 1568 2424 1607 ea
2466 1553 2819 1621 reprimanius
2844 1569 2963 1609 cum
2993 1569 3184 1625 magna
3214 1555 3606 1624 vehementia,
3642 1568 3698 1611 ut
3731 1560 3849 1616 libe-

2237 1659 2416 1700 remur
2463 1660 2493 1698 a
2537 1644 2848 1713 majoribus,
2898 1654 2951 1700 et
2999 1644 3135 1700 bona
3180 1644 3371 1700 futura
3421 1663 3840 1720 eoosequamur,

2235 1735 2400 1806 gratia
2432 1743 2485 1789 et
2511 1734 2830 1805 benignitate
2861 1734 3069 1790 Domini
3096 1733 3266 1791 nostri
3310 1735 3448 1792 Jesu
3477 1736 3707 1805 Christi,
3732 1756 3843 1794 eum

2235 1843 2342 1896 quo
2372 1827 2510 1882 Patri
2543 1842 2644 1879 una
2678 1843 2796 1882 cum
2828 1834 3015 1881 sancto
3040 1827 3241 1898 Spiritu
3272 1828 3478 1898 gloria,
3530 1831 3724 1893 honor,
3755 1831 3840 1884 im-

2237 1919 2465 1989 perium,
2508 1934 2646 1974 nunc
2689 1927 2744 1974 et
2785 1934 3015 1989 semper,
3061 1928 3119 1974 et
3154 1923 3217 1973 in
3256 1921 3836 1977 smeulasztrculormu.

2236 2011 2426 2065 Amen.

2564 2122 2920 2180 EXPOSlTlO
2945 2123 3008 2178 1N
3034 2124 3366 2181 PSALMUM
3401 2125 3535 2180 ται

2240 2239 2291 2294 1.
2325 2237 2561 2294 Patimur
2601 2236 2811 2301 Doridi,
2854 2254 3001 2306 quem
3041 2240 3259 2291 conterit
3301 2239 3530 2293 Domino
3564 2259 3655 2308 pro
3689 2246 3834 2296 meis

2771 2329 2926 2383 (llmst'
2955 2329 3050 2397 ﬁlii
3075 2329 3291 2382 Jemini.

2236 2465 2272 2518 Ξ
2320 2463 2535 2518 Domine
2569 2463 2701 2518 Dens
2732 2480 2889 2529 meus,
2923 2465 2972 2518 in
3000 2473 3044 2518 te
3073 2465 3277 2536 sperari
3301 2469 3537 2522 :snlvnm
3570 2485 3646 2521 me
3673 2472 3747 2539 [ac
3772 2470 3841 2521 nb-

2443 2554 2671 2610 omuibus
2698 2556 3099 2626 persequentibus
3129 2573 3227 2622 me,
3258 2568 3307 2612 et
3346 2558 3508 2611 libero
3537 2576 3632 2611 mc.

2316 2649 2362 2701 Ι.
2388 2647 2669 2717 Oportcret
2705 2646 2918 2717 quidem
2965 2647 3370 2716 Scripturarum
3413 2661 3466 2702 et
3501 2649 3821 2704 historiarum

2238 2740 2373 2794 adeo
2399 2750 2697 2793 accuratam
2736 2738 2931 2793 habere
2970 2739 3372 2809 cognitionem,
3422 2750 3477 2794 ut
3522 2741 3737 2811 longiori
3764 2743 3825 2794 ad

2238 2846 2420 2886 earum
2450 2830 2745 2884 dot-trinam
2774 2830 3015 2884 oratione
3059 2845 3161 2883 non
3204 2847 3531 2901 egeremus;
3576 2832 3665 2887 si-d
3699 2849 3818 2903 quo-

2240 2922 2381 2976 niam
2412 2921 2499 2975 alii
2530 2919 2742 2992 quidem
2781 2921 2830 2974 in
2875 2917 3036 2975 rebus
3065 2920 3419 2976 sa‘eularib-os
3447 2929 3713 2991 occupati,
3740 2923 3816 2974 alii

2239 3028 2367 3068 veto
2394 3014 2600 3081 scipsos
2625 3011 2882 3067 socordia:
2908 3010 3165 3067 dedentes
3189 3053 3203 3077 ,
3246 3027 3311 3068 ea
3348 3030 3456 3068 non
3487 3014 3779 3069 audiverunt
3797 3055 3812 3077 ,

2240 3118 2460 3160 necesse
2489 3112 2568 3159 est
2600 3103 2760 3174 paulo
2787 3104 3010 3173 longiori
3040 3103 3111 3159 uti
3141 3105 3413 3171 oratione,
3444 3106 3635 3160 l'salmi
3672 3120 3814 3174 argu-

2240 3205 2477 3251 mentum
2508 3196 2873 3265 eaplanantes.
2905 3194 3009 3250 Sed
3037 3194 3300 3251 attendite
3326 3196 3628 3266 diligenter.
3656 3196 3812 3263 Quod-

2241 3302 2363 3341 nam
2405 3287 2563 3357 igitur
2591 3296 2673 3341 est
2716 3286 3122 3356 argumentum?
3173 3284 3416 3341 l’salmus
3461 3285 3643 3339 Dimidi
3687 3302 3812 3355 quem

2239 3378 2415 3433 cecinit
2443 3378 2681 3433 Domino.
2709 3377 2894 3434 Alius:
2921 3377 3155 3433 Pratum:
3183 3396 3281 3451 pro
3308 3380 3598 3450 ignorantia
3625 3377 3807 3433 Doridi.

2238 3471 2390 3527 Alius
2410 3487 2423 3524 :
2446 3468 2708 3540 Ignorutio
2734 3466 2925 3525 Davidi
2953 3485 2971 3523 :
2996 3478 3052 3525 et
3077 3485 3172 3539 pro
3203 3468 3398 3537 Cluui,
3432 3470 3692 3541 eEt/dopi:
3717 3467 3807 3542 (α).

2239 3562 2429 3633 inquit.
2470 3562 2574 3616 Sed
2615 3562 2693 3617 sic
2727 3563 2885 3616 etiam
2928 3561 3153 3616 obscura
3181 3571 3338 3629 sunt,
3366 3579 3486 3631 qua:
3513 3561 3646 3617 dicta
3673 3570 3805 3619 sunt.

2238 3655 2379 3727 quod
2403 3669 2496 3709 vos
2519 3653 2791 3709 historiam
2809 3653 3082 3725 ignoretis.
3101 3652 3206 3720 Sed
3223 3654 3480 3725 quoniam
3505 3669 3607 3707 non
3623 3657 3807 3721 oportet

2240 3747 2413 3801 solum
2447 3745 2842 3816 reprehendere
2861 3786 2878 3811 ,
2906 3744 3001 3800 sed
3025 3744 3220 3800 docere
3240 3786 3257 3811 ,
3289 3760 3469 3815 opt-ra-
3498 3743 3708 3812 pretium
3735 3749 3803 3794 est

2241 3838 2597 3891 narrationem
2633 3836 2868 3907 aggredi.
2899 3836 3029 3904 Quis
3074 3850 3205 3908 ergo
3246 3837 3320 3890 sit
3359 3835 3447 3891 hic
3490 3833 3644 3889 Clausi
3684 3831 3802 3883 ﬁlius

2238 3928 2452 3992 Jemiui,
2479 3937 2532 3983 et
2557 3944 2800 3999 quamam
2822 3928 2927 3983 sint
2953 3929 3135 3993 verba,
3169 3942 3271 3998 pro
3295 3927 3491 3999 quibus
3513 3927 3617 3980 Deo
3635 3920 3803 3979 cecinit

2240 4022 2340 4077 hoc
2366 4023 2625 4077 canticum
2659 4022 2819 4077 ltavid
2841 4064 2855 4088 ,
2892 4021 3016 4077 hinc
3040 4021 3295 4093 deinceps
3323 4020 3601 4077 dicendum
3625 4024 3717 4081 est,
3743 4013 3802 4066 ab

2242 4115 2392 4169 initio
2419 4114 2575 4169 ducta
2607 4115 2869 4170 oratione.

2324 4206 2408 4262 Vis
2448 4206 2734 4261 ambitionis
2758 4207 2987 4278 exemplo
3016 4205 3283 4263 Absalonis
3308 4207 3536 4278 probata.
3555 4231 3618 4241 -—-
3652 4198 3798 4253 Absu-

2242 4297 2331 4351 lon
2374 4297 2463 4351 fuit
2505 4298 2640 4351 lilius
2671 4297 2867 4362 David,
2900 4296 3113 4368 juvenis
3152 4297 3491 4352 incontinens
3515 4303 3567 4348 et
3590 4287 3800 4362 perditus

2242 4392 2315 4460 (2.
2336 4389 2462 4460 Reg.
2493 4391 2602 4462 l5).
2635 4389 2682 4443 Is
2706 4390 2988 4460 aliquando
3009 4390 3297 4445 insurrexit
3316 4389 3570 4443 adversus
3596 4391 3792 4453 patrem.

2243 4498 2413 4552 eoque
2440 4498 2603 4552 regno
2621 4524 2637 4547 ,
2669 4492 2722 4538 et
2747 4481 2928 4549 domo,
2962 4491 3015 4537 et
3050 4482 3215 4551 patria
3246 4482 3439 4554 eiecto,
3467 4494 3561 4549 pro
3590 4474 3672 4529 i110
3698 4470 3796 4538 il'so

2245 4576 2458 4631 tenebat
2476 4575 2651 4629 nuntia
2677 4617 2692 4640 ,
2734 4585 2786 4629 et
2819 4591 2989 4645 neque
3018 4586 3280 4641 naturam,
3312 4588 3409 4630 nec
3428 4567 3797 4628 educationem.

2244 4681 2344 4721 nec
2395 4675 2640 4731 :etatem,
2695 4682 2792 4722 nec
2854 4681 2973 4736 qua:
3028 4675 3412 4736 przeeesseraut
3472 4655 3791 4728 respiciebat.

2243 4768 2334 4813 aut
2384 4758 2758 4822 reverebatur;
2812 4758 2904 4814 sed
2946 4769 3059 4813 erat
3102 4760 3270 4824 adeo,
3318 4768 3374 4813 ut
3412 4754 3570 4811 semel
3612 4749 3787 4806 dicam,

2244 4851 2494 4917 crudelis,
2519 4852 2771 4916 immitis,
2800 4860 2854 4906 et
2882 4851 3054 4907 bellua
3082 4852 3259 4920 potius
3280 4865 3435 4922 quam
3464 4846 3630 4908 homo,
3656 4845 3705 4892 ιιι
3721 4834 3793 4888 hi5

2242 4941 2494 4999 onmibus
2524 4942 2788 5012 perruptis
2820 4941 3102 5008 obicibus,
3139 4941 3267 5010 ipsis
3312 4948 3511 4994 natura:
3546 4928 3789 4988 insultare!

2251 5034 2454 5104 legibus
2474 5075 2487 5097 ,
2520 5041 2574 5088 et
2606 5033 2773 5087 turbis
2799 5034 2975 5087 mnuia
3003 5048 3067 5088 ac
3099 5032 3324 5087 tumultu
3352 5027 3661 5095 compleret:
3684 5023 3789 5069 tunc

2246 5125 2389 5179 enim
2420 5124 2596 5178 omnia
2634 5124 3008 5178 cvertebantur
3036 5123 3250 5178 decreta
3288 5129 3514 5181 natum,
3548 5109 3785 5167 hominum

2248 5215 2575 5281 reverentia,
2616 5215 2667 5269 in
2698 5215 2861 5270 Deum
2891 5215 3060 5285 pietas
3087 5230 3151 5270 ac
3186 5214 3403 5285 religio,
3448 5202 3719 5264 humanitas
3741 5198 3787 5248 et

2250 5305 2609 5360 misericordia
2630 5347 2645 5372 ,
2676 5305 3051 5360 alimentorum
3081 5302 3463 5365 remuneratio,
3505 5306 3556 5352 et
3582 5295 3627 5348 in
3652 5297 3786 5345 senc-

2249 5406 2448 5452 ctutem
2480 5397 2796 5452 reverentia.
2824 5396 2955 5451 Nam
2987 5397 3086 5452 etsi
3113 5397 3325 5453 nolebat
3350 5406 3466 5448 eum
3504 5377 3717 5444 revereri
3734 5381 3784 5429 ιιι

2313 5524 2385 5586 (ιι)
2429 5523 2590 5586 Illud,
2625 5520 2871 5586 ignoratio
2915 5519 3095 5573 Davidi
3119 5513 3676 5586 (ἀγνόηματῷλδαυίδὶν
3717 5509 3783 5586 ἔξξὲ

2251 5568 2590 5699 ivngam?
2628 5568 3379 5648 mea"‘tttéa‘,'"aiitase't
3405 5568 3606 5631 tutum;
3630 5575 3674 5630 l.
3714 5568 3779 5613 εει

2295 5660 2358 5699 (11.1
2401 5662 2459 5696 at.

2295 5660 2459 5710 qtutw.
