4032 6284
250 340 313 393 si
1014 305 1019 309 ’
1452 350 1804 408 exposmo
1841 351 1909 408 IN
1946 352 2268 412 PSALMUM
2299 355 2404 412 vn.
3467 369 3535 424 tta

255 465 489 521 patrem,
522 457 708 509 saltem
739 460 971 513 revereri
996 463 1269 528 oportebat
1295 475 1346 516 ιιι
1375 478 1585 529 senem;
1618 466 1660 518 si
1689 480 1852 520 canos

256 548 595 616 negligehat,
646 563 794 606 certe
840 563 894 606 ut
939 554 1362 622 he:.efactorctn;
1409 559 1618 628 quodsi
1650 575 1748 613 nec
1776 561 1851 616 sic

255 639 475 705 quidem
499 682 512 703 ,
549 649 604 694 ut
634 656 756 695 eum
788 644 999 710 quidem
1028 657 1172 702 certe
1201 649 1286 716 qui
1318 643 1510 700 nullam
1545 647 1743 703 fecerat
1770 651 1850 702 in-

253 728 448 798 juriam
476 748 490 783 :
518 731 611 785 sed
633 747 786 786 amor
809 735 1012 802 imperii
1036 736 1169 790 hanc
1192 753 1402 791 omnem
1425 739 1578 808 ejecit
1602 755 1850 794 reveren-

255 821 408 884 tiam,
439 830 494 874 et
534 822 804 878 hominem
841 826 890 878 in
924 825 1085 880 feram
1115 828 1394 882 convertit.
1431 830 1492 883 Et
1521 828 1604 883 hic
1633 829 1844 900 quidem

256 917 467 970 beatus.
497 915 583 984 qui
608 931 728 967 eum
756 927 1010 984 genuerat
1031 927 1084 971 et
1113 921 1336 984 aluerat,
1361 931 1624 993 tatuqttam
1650 937 1772 975 erro
1795 931 1848 978 et

257 1004 514 1081 profugus
543 1009 756 1061 errabat
787 1010 836 1062 in
867 1010 1097 1076 deserto,
1126 1023 1177 1067 et
1206 1030 1322 1083 qua:
1349 1029 1409 1066 ex
1444 1014 1524 1069 his
1554 1024 1848 1084 sequuntur

255 1097 414 1150 malis
445 1100 883 1167 oppritnebatur:
906 1102 992 1156 ille
1022 1119 1147 1156 vero
1175 1105 1224 1157 in
1255 1105 1405 1159 bonis
1432 1107 1664 1175 paternis
1694 1108 1846 1161 volu-

255 1195 462 1256 ptatem
508 1190 775 1258 exldebat.
825 1194 955 1247 Cum
1000 1209 1084 1249 res
1124 1212 1250 1267 ergo
1281 1198 1348 1250 ita
1379 1214 1436 1252 se
1466 1197 1749 1266 haberent,
1783 1213 1846 1254 ac

254 1290 378 1332 cum
407 1279 505 1333 illo
530 1293 712 1336 essent
736 1287 1018 1352 exercitus,
1045 1297 1374 1358 tyrannoque
1401 1291 1559 1344 urbes
1581 1301 1848 1359 parerent,

254 1369 476 1437 quidam
507 1371 673 1426 Chnsi
694 1413 709 1438 ,
745 1375 827 1427 vir
867 1376 1092 1444 probus,
1136 1377 1315 1432 Davidi
1353 1381 1587 1446 amicus,
1619 1397 1764 1437 suam
1793 1384 1846 1439 itt

256 1476 382 1514 eum
413 1463 706 1516 amicitiam
739 1478 992 1534 perpetuo
1013 1471 1344 1524 conservavit
1368 1472 1419 1526 in
1441 1471 1538 1526 hac
1561 1475 1846 1529 mutatione

255 1557 597 1620 temporum;
640 1566 692 1609 et
737 1572 854 1610 cum
899 1575 1039 1629 sa-pe
1078 1577 1196 1614 eum
1240 1563 1456 1614 vidisset
1499 1573 1762 1618 errantem
1793 1566 1846 1622 in

253 1642 570 1706 solitudine,
599 1645 794 1716 dirupit.
825 1650 1071 1710 tunicam.
1098 1655 1318 1719 aspersit
1349 1668 1404 1706 se
1431 1654 1628 1720 cinere,
1657 1657 1844 1712 acerbe

255 1731 411 1786 flevit
455 1745 511 1788 et
556 1737 954 1799 miserabiliter,
1004 1757 1229 1810 cumque
1275 1743 1400 1796 nihil
1445 1745 1584 1798 aliud
1631 1761 1726 1814 p'ts
1757 1756 1842 1810 et,

255 1821 623 1895 Iacrytnarum
677 1827 830 1883 affert
883 1833 1318 1889 consolatiom-m.
1379 1835 1490 1888 Non
1541 1846 1652 1888 erat
1703 1837 1843 1890 enim

255 1918 467 1971 amicus
497 1929 833 1988 temporum,
877 1941 971 1978 nec
1013 1929 1278 1992 potentias,
1323 1929 1413 1982 sed
1460 1926 1695 1992 virtutis;
1730 1931 1846 1984 ide

259 2005 389 2060 licet
418 2009 507 2063 ille
538 2027 704 2079 regno
733 2014 931 2082 ejectus
957 2026 1116 2079 esset,
1154 2036 1255 2072 non
1289 2033 1512 2074 mutarat
1539 2023 1842 2074 amici-tiam.

258 2098 396 2153 Cum
425 2117 556 2170 ergo
585 2103 788 2157 videret
811 2106 972 2160 David
999 2125 1063 2161 eu
1091 2128 1118 2159 ιι
1155 2111 1265 2162 ha-c
1293 2113 1358 2163 ita
1395 2110 1694 2175 facientem,
1723 2113 1850 2170 dicit

257 2190 310 2244 ei
336 2192 508 2248 :Sunt
537 2193 652 2249 lucc
678 2197 888 2262 quidem
918 2201 1090 2262 amici,
1117 2214 1165 2255 et
1189 2203 1299 2270 l'jtl's'
1328 2205 1413 2273 qui
1443 2205 1492 2258 in
1523 2221 1617 2258 nos
1643 2206 1848 2260 sincere

258 2279 490 2336 affectus
515 2294 599 2337 est
626 2303 638 2339 :
664 2287 755 2339 sed
785 2287 910 2341 nihil
943 2306 1039 2343 nos
1075 2292 1333 2359 jnvahuttt
1359 2313 1368 2346 :
1395 2293 1513 2347 idco
1541 2297 1852 2367 (ξιιιιςιιῗιειιι-¹

259 2370 396 2425 dum
427 2383 507 2427 est
529 2417 544 2440 ,
586 2385 640 2431 et
664 2379 860 2448 aliquid
891 2384 1290 2451 ext-agitandum
1313 2427 1326 2446 ,
1359 2395 1413 2438 ut
1439 2402 1499 2439 ea
1529 2388 1718 2456 quibus
1748 2389 1847 2441 im-

262 2464 438 2531 pliciti
465 2480 668 2532 sumus,
697 2471 831 2524 mala
855 2473 1142 2537 Solvautur,
1169 2486 1221 2530 et
1245 2478 1564 2532 invenianne
1590 2481 1775 2533 ratiom
1797 2497 1851 2544 ιη

264 2568 373 2610 nos
402 2555 660 2613 liberandi
683 2561 750 2615 ab
773 2561 853 2616 his
880 2564 1285 2620 calamitatibus.
1319 2568 1438 2621 llzrc
1461 2587 1576 2620 cum
1608 2570 1848 2637 dixisset,

264 2646 435 2700 talem
468 2648 539 2701 illi
568 2651 737 2720 aperit
780 2656 1093 2709 sententiam
1121 2674 1132 2708 ε
1161 2656 1305 2711 \‘atlc
1347 2657 1410 2710 ad
1451 2660 1611 2712 lilium
1641 2675 1812 2713 mcmu
1835 2701 1855 2726 ,

266 2745 328 2790 et
349 2738 508 2792 amici
539 2750 776 2809 suscepta
802 2758 1023 2810 perSona
1047 2746 1280 2801 disturba
1307 2747 1430 2800 mihi
1456 2749 1592 2802 illius
1611 2751 1850 2815 consilia,

265 2831 322 2880 ist
357 2827 441 2881 fac
470 2839 526 2881 ut
553 2831 617 2884 sit
643 2833 847 2886 irritum
870 2836 1230 2905 Achitophclis
1249 2839 1541 2893 consi‘ium.
1563 2839 1657 2893 Hic
1677 2852 1851 2893 autent

265 2921 594 2990 Achitophel
633 2926 778 2993 apud
817 2938 1095 2996 tyrannum
1127 2940 1249 2984 tunc
1275 2934 1449 2986 omnia
1492 2943 1728 2998 poterat,
1780 2934 1852 2986 rei

269 3015 494 3082 quidem
525 3018 766 3073 militaris
791 3022 942 3075 vahle
975 3025 1172 3090 peritus
1197 3067 1206 3087 ,
1237 3027 1323 3095 qui
1352 3027 1401 3079 in
1429 3026 1566 3080 bello
1596 3037 1644 3081 et
1675 3028 1857 3097 prndio

269 3104 613 3171 imperatoris
653 3120 830 3178 partes
877 3116 1127 3180 prarclare
1179 3132 1336 3184 agere
1376 3127 1602 3186 poterat,
1647 3129 1698 3172 et
1737 3119 1856 3172 ideo

271 3197 448 3251 “avid
499 3217 615 3253 cmn
662 3203 780 3272 pius
826 3206 1037 3260 timebat
1073 3225 1226 3276 quam
1274 3218 1551 3281 tyrannum
1596 3229 1609 3265 :
1655 3219 1854 3265 tantum

274 3289 495 3360 ingenio
530 3294 735 3348 valebat
777 3306 828 3348 et
869 3300 1160 3365 prudentia.
1191 3301 1282 3354 llis
1307 3302 1495 3356 auditis
1526 3303 1612 3356 ille
1644 3304 1862 3372 paruit,

275 3396 379 3433 uec
401 3382 560 3436 u'lam
594 3385 762 3452 pusi'li
805 3399 892 3440 ant
925 3389 1115 3458 ahjccti
1156 3391 1318 3445 animi
1347 3393 1714 3463 cogitationem
1742 3408 1856 3449 sus-

275 3465 455 3538 cepit,
490 3489 587 3528 nec
615 3475 811 3531 humile
842 3488 930 3532 ant
961 3480 1200 3548 ignavum
1227 3482 1352 3552 quid
1377 3484 1652 3553 cogitavit,
1686 3500 1856 3555 neque

279 3561 416 3616 dixit
433 3584 443 3615 :
460 3565 595 3631 Quid
620 3568 661 3620 si
694 3569 842 3622 fuero
863 3570 1394 3643 deprehensus?quid
1417 3576 1458 3627 si
1488 3574 1630 3629 larva
1649 3575 1855 3629 detecta

283 3655 476 3711 fuerit?
505 3661 626 3731 quid
656 3661 697 3714 si
732 3661 883 3716 fuerit
912 3663 1272 3734 deprehensus
1299 3676 1446 3722 actus
1475 3669 1863 3725 simulationis?

281 3750 509 3804 callidus
538 3754 851 3823 Achitophel
873 3775 885 3809 :
909 3755 1009 3810 hoc
1046 3757 1268 3814 fortasse
1296 3760 1677 3830 deprehendet.
1709 3763 1860 3817 dete-

282 3852 519 3910 getque,
569 3853 617 3897 et
665 3854 866 3901 temere
906 3861 970 3901 ac
1014 3847 1202 3902 frustra
1256 3850 1362 3904 illic
1409 3851 1610 3921 peribo.
1662 3853 1860 3908 llorum

281 3934 417 3986 nihil
466 3945 746 4004 reputans,
790 3952 847 3990 se
888 3938 937 3990 in
979 3949 1151 3992 castra
1180 3941 1386 4010 tyranni
1419 3941 1706 4010 proripuit,
1747 3943 1863 3998 uni-

285 4039 456 4077 versa:
508 4027 581 4080 rei
629 4042 752 4080 cura
799 4029 849 4081 in
903 4029 1063 4083 Deum
1118 4031 1390 4101 conjecta,
1436 4043 1489 4088 et
1532 4034 1763 4103 seipsum
1810 4035 1860 4088 in

288 4117 461 4171 media
491 4119 709 4173 inunisit
743 4121 990 4188 pericula.
1023 4121 1144 4176 lla-c
1170 4123 1344 4177 omnia
1372 4139 1400 4176 a
1432 4138 1517 4178 me
1546 4123 1680 4179 diem
1710 4132 1861 4194 sunt,

287 4223 394 4261 non
423 4211 594 4262 solum
627 4220 682 4262 ut
705 4212 973 4265 laudemus
993 4253 1008 4278 ,
1040 4212 1131 4266 sed
1161 4224 1217 4268 ut
1241 4223 1294 4268 et
1316 4230 1657 4284 qua-cumque
1681 4217 1870 4273 Davidi,

289 4300 459 4352 tristia
489 4310 776 4354 evenerant
794 4344 806 4363 ,
838 4318 1181 4373 murmuraque
1211 4320 1394 4372 passus
1422 4317 1501 4360 est
1521 4349 1535 4371 ,
1563 4307 1827 4362 discamus
1847 4351 1862 4374 ,

287 4401 336 4442 et
366 4406 714 4460 quaecumque
740 4393 840 4445 alia
865 4396 1138 4448 commoda
1169 4406 1388 4463 possunt
1411 4414 1474 4452 ex
1501 4398 1716 4453 historia
1746 4415 1866 4469 per-

287 4483 390 4550 cipi
417 4525 429 4543 ,
471 4498 531 4537 ca
575 4490 734 4537 etiam
783 4485 836 4539 in
884 4487 1110 4540 medium
1159 4489 1495 4544 adducamus.
1529 4491 1666 4546 Ecce
1693 4494 1862 4558 enim,

289 4574 427 4641 quod
462 4574 677 4628 assidue
707 4590 735 4628 a
768 4577 944 4629 multis
977 4578 1275 4646 inquiritur.
1322 4579 1428 4633 Cur
1446 4581 1573 4650 justi
1619 4582 1864 4650 affligun—

291 4673 394 4727 tur,
422 4665 651 4733 itnprohi
678 4675 853 4719 autem
877 4667 927 4720 in
959 4669 1134 4735 quiete
1161 4680 1213 4724 et
1233 4669 1340 4723 otio
1370 4672 1678 4726 versantur?
1704 4672 1754 4726 id
1783 4672 1868 4727 hic

292 4756 530 4810 invenire
562 4772 862 4825 possumus.
907 4758 1086 4813 Justus
1121 4762 1261 4815 enim
1303 4763 1608 4817 versabatur
1643 4765 1692 4817 in
1721 4767 1866 4818 cala-

293 4848 586 4911 mitatibus,
617 4851 907 4904 sceleratus
946 4861 1122 4905 autem
1150 4893 1165 4918 ,
1209 4862 1260 4905 et
1306 4853 1555 4916 patricida
1581 4895 1594 4915 ,
1626 4863 1679 4907 et
1704 4855 1869 4923 ipsius

293 4952 494 4993 natura:
538 4941 786 4995 inimicus
824 4952 874 4995 et
921 4942 1107 5006 hostis,
1161 4944 1212 4997 in
1261 4942 1509 4998 felicitate
1560 4944 1767 5014 agebat,
1814 4953 1870 5000 et

291 5031 502 5097 palatiis
530 5031 690 5100 regiis
714 5047 728 5084 :
752 5031 846 5085 sed
875 5047 971 5087 nec
999 5033 1084 5086 ille
1113 5033 1398 5103 quidquam
1439 5051 1501 5088 ex
1537 5050 1600 5088 eo
1631 5035 1872 5089 lucraba-

292 5132 393 5184 tur,
447 5139 623 5192 neque
653 5131 867 5177 sanctus
899 5124 980 5179 hic
1012 5125 1338 5187 lzcdehatur,
1382 5125 1474 5179 sed
1519 5125 1607 5178 ille
1654 5124 1865 5194 quidem

292 5215 582 5282 majoribus
612 5213 876 5268 obnoxius
902 5213 999 5267 fuit
1024 5216 1304 5279 aerumnis;
1351 5213 1436 5267 hic
1474 5225 1648 5267 autem
1677 5215 1872 5268 clarior

289 5318 342 5360 et
367 5307 696 5377 splendidior
736 5306 902 5360 factus
927 5315 1027 5369 est,
1072 5315 1128 5360 ut
1155 5322 1340 5359 aurum
1374 5307 1423 5360 itt
1452 5307 1666 5360 fornace
1690 5305 1866 5360 reddi-

292 5411 375 5454 tur
403 5399 696 5453 afﬂictione
727 5398 926 5466 purior.

356 5489 412 5542 2.
440 5488 758 5541 Documenta
777 5497 990 5558 quatuor
1008 5487 1059 5541 in
1081 5488 1336 5542 wrmmn's.
1357 5517 1428 5528 —
1458 5488 1588 5542 Hinc
1613 5503 1739 5556 ergo
1762 5489 1870 5558 pri-

290 5596 432 5634 ntum
478 5581 582 5633 hoc
622 5579 800 5642 disce,
841 5595 908 5632 ne
941 5579 1274 5634 conturbcris
1305 5580 1355 5633 in
1383 5579 1684 5649 huiusmodi
1714 5581 1872 5635 rebus

287 5671 564 5734 adversis,
608 5684 729 5723 cum
772 5670 948 5723 videas
994 5671 1151 5724 etiam
1189 5670 1347 5741 justis
1375 5671 1424 5725 id
1453 5671 1698 5737 evenire;
1728 5671 1866 5725 aliud

286 5777 463 5819 autem
495 5773 705 5834 postea,
732 5778 795 5816 ne
818 5763 1037 5817 mitteris
1058 5775 1152 5832 pro
1171 5771 1424 5833 tempore,
1451 5761 1544 5818 sed
1567 5762 1711 5817 neris
1730 5762 1871 5829 leges

1954 467 2240 536 amicitiai;
2273 472 2510 540 tertium,
2535 480 2592 528 ut
2613 474 2769 528 etiam
2793 477 3021 545 pericula
3049 479 3244 532 audeas
3270 480 3416 535 adire
3439 500 3534 551 pro

1954 559 2180 624 virtute;
2207 571 2486 630 quartum.
2517 573 2572 616 ut
2599 565 2757 618 etiam
2786 566 2835 619 in
2867 568 3025 622 rebus
3056 569 3227 624 dubiis
3249 583 3303 625 et
3331 575 3533 642 asperis

1952 649 2090 705 bona
2116 666 2210 721 spe
2234 653 2306 705 sis
2338 654 2588 722 pra‘ditus
2611 697 2625 722 ,
2670 657 2762 710 Dei
2800 658 3050 712 auxilium
3078 673 3410 730 exspectans.
3443 661 3533 717 llle

1952 741 2093 811 enim
2123 743 2283 798 Chusi
2316 760 2418 799 non
2445 755 2616 800 castra
2645 748 2977 816 respiciebat,
3006 767 3111 805 non
3143 753 3348 822 tyranni
3379 754 3536 807 timo-

1953 847 2105 901 rem,
2152 850 2255 888 non
2300 851 2556 905 equorum
2601 840 3021 907 multitudinem,
3065 858 3168 896 non
3204 854 3530 899 armatorum

1952 921 2258 1002 phalanges,
2303 941 2404 980 non
2443 927 2582 996 qttod
2612 929 2766 982 urbes
2791 928 2899 998 jam
2929 941 3052 986 ante
3084 943 3250 1002 capue
3289 935 3524 1000 fuerant,

1951 1001 2056 1066 non
2089 1015 2296 1069 Davidis
2321 1017 2654 1071 solitudinem
2686 1029 2740 1074 et
2766 1001 3214 1084 imbecillitatem;
3243 1023 3334 1078 sed
3362 1040 3553 1100 unutn_

1950 1108 2120 1162 solum
2145 1109 2436 1174 reSpiciens
2461 1111 2862 1181 inexpugnabile
2889 1113 2977 1168 Dei
3007 1115 3280 1180 auxilium,
3309 1124 3362 1168 et
3391 1116 3530 1170 illius

1946 1196 2395 1264 benevolentiam,
2421 1201 2491 1254 ita
2516 1211 2763 1271 utrasque
2785 1216 2959 1273 partes
2982 1205 3286 1272 dijudicavit
3306 1225 3316 1258 :
3337 1217 3388 1261 ct
3413 1207 3535 1261 illas

1949 1290 2161 1359 quidem
2191 1291 2387 1345 invenit
2416 1293 2732 1360 impotentes
2759 1306 2810 1348 et
2838 1295 3126 1356 invalidas.
3160 1297 3251 1349 has
3282 1312 3407 1351 vero
3438 1296 3530 1351 fir-

1951 1397 2064 1434 mas
2094 1391 2147 1436 et
2178 1393 2438 1451 potentes.
2473 1384 2560 1438 Ille
2591 1386 2730 1438 enim
2779 1386 2972 1454 injuste
3012 1387 3252 1449 faciebat,
3293 1388 3376 1441 hic
3407 1403 3532 1442 vero

1949 1485 2066 1522 eum
2105 1472 2246 1540 justo
2286 1473 2516 1539 St-ipsum
2562 1474 2824 1527 servabat.
2870 1475 3000 1528 Cum
3028 1492 3152 1542 ergo
3181 1487 3378 1539 staret,
3425 1493 3530 1531 non

1953 1563 2040 1615 ubi
2069 1563 2351 1615 multitude
2381 1564 2652 1618 hominum
2677 1607 2689 1629 ,
2720 1567 2811 1620 sed
2845 1567 2928 1619 ιιίιί
2967 1577 3079 1620 erat
3109 1568 3314 1620 virtutis
3346 1570 3527 1636 prassi-

1953 1652 2117 1716 dium,
2167 1670 2320 1723 opem
2375 1655 2464 1709 Dei
2505 1656 2569 1709 ad
2611 1672 2670 1710 se
2713 1661 2947 1710 attraxit.
2999 1660 3118 1711 lla-c
3161 1659 3300 1722 dico,
3348 1671 3397 1710 Ill
3434 1674 3529 1712 nos

1950 1761 2158 1814 quoque
2177 1787 2190 1810 ,
2220 1747 2315 1798 etsi
2344 1747 2442 1799 sint
2493 1748 2741 1802 imbecilli
2784 1764 2812 1801 a
2857 1766 2923 1816 qu
2951 1765 3076 1802 =rum
3109 1761 3252 1818 parte
3280 1761 3381 1803 stat
3401 1752 3486 1818 jus
3509 1789 3528 1814 ,

1953 1838 2162 1891 illorttnt
2194 1849 2370 1908 partes
2404 1843 2818 1898 tueamurzlicet
2857 1843 2959 1896 sint
3003 1854 3246 1912 potentes
3270 1847 3359 1913 qui
3389 1845 3530 1911 inju-

1953 1928 2080 1980 riam
2109 1928 2372 1995 inferunt,
2420 1933 2728 1986 societatem
2770 1933 2979 1986 illorum
3018 1933 3296 2002 fugiamus.
3331 1934 3526 1989 Vitium

1951 2020 2113 2082 enim,
2139 2021 2235 2072 etsi
2268 2036 2442 2074 secum
2475 2022 2662 2076 habeat
2688 2024 2871 2077 univcr
2890 2041 2988 2076 .mn
3013 2025 3193 2076 urbem
3228 2035 3482 2077 terrarmn
3509 2063 3524 2088 ,

1955 2120 2037 2164 est
2066 2111 2298 2164 omnium
2334 2113 2560 2166 maxime
2601 2114 2955 2177 imbecillum;
2990 2116 3154 2166 virtus
3186 2125 3395 2176 autem,
3427 2115 3525 2167 etsi

1953 2201 2062 2255 sola
2090 2202 2177 2266 sit,
2207 2211 2287 2255 est
2309 2203 2542 2255 omnium
2586 2205 2948 2272 potentissima
2973 2223 2985 2256 :
3008 2205 3164 2257 habet
3190 2205 3330 2256 enim
3366 2203 3530 2258 Deum

1953 2305 2133 2345 secum
2174 2301 2423 2345 stantem.
2467 2293 2594 2360 Quis
2637 2310 2762 2364 ergo
2803 2310 3014 2348 servare
3045 2305 3212 2364 po‘cst
3239 2311 3356 2347 eum
3386 2296 3471 2363 qui
3500 2289 3541 2347 a'

1955 2380 2065 2434 Deo
2109 2384 2474 2452 oppugnatur?
2510 2385 2626 2453 quis
2670 2394 2845 2438 autem
2895 2394 3066 2453 potest
3112 2385 3334 2453 perdere
3373 2402 3527 2450 eum,

1954 2472 2036 2526 cui
2064 2472 2175 2540 ipse
2203 2472 2301 2526 fcrt
2331 2474 2618 2527 auxilium?
2646 2474 2768 2528 llacc
2792 2475 2966 2528 omnia
2989 2476 3256 2545 sapienter
3283 2476 3526 2529 conside-

1955 2577 2080 2616 rans
2105 2564 2286 2627 Chnsi,
2323 2565 2454 2617 bona
2478 2581 2570 2634 spe
2590 2577 2866 2634 concepta,
2893 2569 3031 2621 venit
3053 2584 3156 2634 quo
3181 2567 3491 2620 mittebatur
3514 2583 3526 2619 :

1956 2663 2007 2706 et
2034 2665 2310 2724 postquam
2343 2657 2578 2722 adstitit,
2617 2673 2737 2710 cum
2781 2657 2993 2711 vidisset
3027 2669 3304 2728 tyrannum
3335 2672 3531 2724 appro-

1960 2745 2318 2812 pinqnantcm,
2344 2747 2588 2801 accessit.
2620 2747 2709 2801 llle
2738 2757 2914 2800 autem
2938 2763 3058 2800 cum
3087 2749 3386 2816 frequenter
3411 2763 3529 2800 emn

1959 2836 2211 2899 vidisset,
2253 2846 2303 2887 et
2345 2845 2484 2888 esset
2530 2837 2818 2905 imperandi
2858 2837 3143 2905 cupiditate
3172 2837 3378 2901 ebrius,
3426 2853 3532 2889 non

1960 2927 2237 2996 diligenter
2275 2927 2736 2982 examinavitzsed
2780 2929 2925 2981 illum
2957 2927 3210 2991 irridens,
3249 2938 3301 2981 ct
3327 2927 3534 2996 probris

1963 3018 2222 3089 impetens
2245 3061 2259 3084 ,
2295 3020 2428 3083 Abi,
2461 3021 2663 3088 inquit,
2691 3035 2809 3074 cum
2837 3020 3008 3073 amico
3034 3029 3122 3072 tuo
3142 3061 3156 3084 ,
3198 3035 3263 3073 ne
3290 3019 3535 3088 dignatus

1960 3111 2172 3180 quidem
2205 3127 2392 3163 nomen
2422 3111 2618 3176 dicere,
2655 3121 2854 3165 tantum
2882 3121 2996 3163 erat
3023 3109 3223 3175 odium,
3253 3118 3408 3162 tanta!
3437 3109 3535 3163 ini-

1961 3203 2172 3258 micitite
2201 3203 2276 3271 (9..
2307 3204 2431 3274 Reg.
2466 3202 2545 3256 16.
2588 3202 2695 3274 Π).
2747 3202 2843 3258 Cui
2881 3201 3043 3257 Chnsi
3077 3202 3206 3254 nihil
3237 3211 3535 3256 Commotus

1962 3311 2060 3349 nec
2089 3295 2434 3349 conturbatus
2462 3295 2626 3349 dicit:
2652 3293 2873 3362 Quando
2912 3295 3050 3347 Deus
3080 3301 3194 3347 erat
3228 3307 3346 3347 cum
3387 3292 3534 3360 ipso,

1963 3385 2037 3440 illi
2069 3386 2204 3440 bene
2235 3385 2472 3440 volebam
2505 3403 2517 3438 :
2548 3385 2795 3454 quoniam
2836 3394 3010 3437 autem
3048 3398 3187 3437 nunc
3217 3391 3388 3437 tecum
3415 3391 3496 3437 est
3519 3425 3535 3447 ,

1961 3493 2290 3548 consequens
2315 3486 2397 3532 est
2419 3489 2472 3532 nt
2500 3487 2618 3532 tuas
2642 3487 2818 3546 partes
2842 3491 3036 3546 sequar
3061 3475 3214 3548 (Ibid.
3242 3491 3287 3530 ιι.
3314 3476 3404 3530 18.’
3425 3475 3533 3545 19).

1963 3568 2072 3622 [loc
2103 3578 2328 3639 tyranno
2353 3583 2572 3636 magnos
2595 3567 2812 3636 spiritus
2833 3567 2978 3632 fecit,
3010 3567 3370 3636 tumidumque
3392 3567 3536 3621 illum

1963 3659 2282 3722 reddidil,ct
2309 3675 2366 3713 re
2384 3659 2783 3728 nondiligentcr
2804 3660 3100 3713 examinata
3124 3660 3268 3728 (nam
3298 3659 3378 3711 vir
3409 3658 3537 3712 levis

1963 3750 2134 3805 credit
2174 3750 2408 3804 sermoai
2453 3748 2863 3818 cuilibetzquod
2911 3748 2981 3802 illi
3021 3749 3178 3801 etiam
3215 3747 3457 3818 accidit),
3486 3755 3537 3800 et

1966 3841 2188 3895 inimicis
2210 3840 2440 3903 deditus,
2473 3841 2646 3908 ipsum
2678 3841 2851 3894 statim
2883 3839 3022 3892 inter
3048 3840 3262 3893 intimos
3290 3839 3536 3904 admittit,

1967 3941 2020 3986 et
2046 3932 2094 3984 in
2121 3931 2406 3999 primorum
2437 3931 2727 4003 amicorum
2752 3929 2913 3982 refert
2945 3943 3241 3982 numerum.
3277 3927 3413 3979 Deus
3441 3942 3537 3978 au-
3623 3999 3626 4003 η

1969 4033 2072 4076 tem
2104 4038 2355 4090 praesens,
2388 4030 2440 4076 et
2470 4001 2803 4091 qttae‘liebaut
2826 4035 3034 4090 regens,
3058 4020 3231 4074 omnia
3257 4019 3534 4088 dispensa-

1970 4113 2076 4166 bat.
2113 4113 2176 4165 Et
2211 4112 2483 4181 preposito
2513 4113 2650 4165 circa
2680 4111 2873 4165 bellum
2905 4111 3148 4171 consilio,
3176 4125 3294 4161 etnn
3325 4108 3410 4160 alii
3437 4109 3539 4162 alia

1967 4204 2206 4259 dicereut
2246 4203 2311 4258 de
2351 4203 2508 4257 rebus
2537 4203 2782 4270 agendis,
2830 4217 2895 4254 an
2939 4201 3112 4253 statim
3144 4197 3423 4260 invadere,
3472 4213 3538 4250 an

1970 4309 2154 4364 parum
2182 4292 2398 4346 differre
2439 4300 2740 4360 oporteret,
2775 4291 3032 4343 accedens
3064 4287 3407 4356 Aehitolthel.
3452 4289 3538 4354 qui

1969 4385 2193 4439 consilio
2223 4383 2506 4452 plurimum
2541 4382 2749 4434 valebat
2786 4391 2840 4434 et
2884 4382 3199 4434 sententiam
3231 4395 3376 4433 suam
3417 4395 3539 4448 pro-

1972 4475 2148 4532 ferens
2177 4477 2278 4530 hoc
2306 4475 2452 4529 dedit
2473 4475 2774 4536 consilimn,
2795 4473 2975 4525 (licens
3001 4488 3014 4525 :
3039 4471 3302 4525 Affliclum
3333 4485 3468 4524 nunc
3490 4478 3543 4524 et

1973 4570 2334 4640 perturbatum
2377 4578 2578 4636 patrem
2611 4579 2754 4620 ttunn
2793 4566 3118 4619 invadamus.
3147 4563 3277 4618 Nam
3306 4565 3349 4616 si
3375 4563 3422 4617 ei
3459 4578 3543 4616 re-

1970 4659 2202 4729 spirandi
2228 4659 2427 4712 nullmn
2453 4666 2661 4726 tempus
2689 4656 3012 4717 dederimus,
3034 4655 3100 4708 ita
3127 4670 3246 4709 eum
3273 4653 3339 4707 de
3368 4653 3544 4708 medio

1976 4751 2228 4805 tollemus
2253 4766 2266 4802 ε
2287 4749 2329 4802 si
2353 4750 2493 4803 enim
2517 4763 2635 4800 cum
2660 4748 2972 4814 imparatum
2997 4760 3135 4799 nunc
3154 4743 3542 4813 aggrediamur,

1971 4860 2059 4898 res
2084 4843 2231 4898 nullo
2258 4841 2438 4896 labore
2482 4857 2511 4894 a
2535 4841 2686 4894 nobis
2711 4839 3013 4908 perﬁcietur
3055 4835 3073 4910 (
3105 4836 3239 4889 Ibid.
3268 4836 3356 4889 l7.
3380 4835 3472 4888 1-5
3501 4833 3540 4901 ).

1974 4935 2096 4989 Haec
2128 4949 2248 4988 cum
2276 4933 2510 4987 audisset
2551 4941 2834 5002 tyrannus,
2863 4938 3016 4982 vocat
3039 4929 3196 4982 etiam
3228 4924 3390 4979 Chnsi
3411 4965 3425 4989 ,
3455 4923 3544 4991 qui

1971 5024 2038 5078 ad
2066 5025 2236 5095 ipsum
2262 5021 2618 5091 transfugerat
2641 5037 2733 5091 per
2753 5020 3164 5079 simulationem,
3195 5026 3246 5069 ct
3272 5031 3390 5067 cum
3423 5013 3546 5068 facit

1973 5118 2090 5186 eius
2129 5115 2269 5188 quod
2313 5115 2590 5185 petebatur
2630 5112 2835 5166 consilii
2879 5109 3187 5180 participem
3217 5124 3228 5158 :
3255 5104 3393 5174 quod
3439 5120 3545 5160 non

1975 5219 2090 5266 erat
2118 5209 2364 5264 humanae
2394 5207 2584 5261 rationi
2605 5213 3023 5259 consentaneum
3047 5242 3059 5262 ,
3092 5209 3146 5251 ut
3174 5213 3292 5250 eum
3333 5212 3419 5263 qm
3458 5211 3544 5248 re-

1973 5311 2158 5358 center
2185 5309 2424 5363 venerat,
2455 5306 2601 5352 tanto
2623 5299 2826 5351 honore
2847 5295 3100 5353 afficeret,
3127 5299 3177 5341 et
3206 5289 3307 5341 fide.
3329 5289 3544 5357 dignum

1975 5395 2334 5455 existimaret,
2377 5400 2436 5444 ιιι
2478 5391 2636 5444 etiam
2679 5389 2744 5442 d’e
2787 5389 2946 5442 rebus
2989 5381 3245 5452 ejusmodi
3281 5393 3548 5434 cumesse

1976 5486 2135 5542 vellet
2158 5482 2517 5538 consiliarium
2545 5499 2559 5535 :
2582 5479 2674 5533 sed
2706 5479 2841 5531 sicut
2869 5485 2989 5528 ante
3012 5472 3139 5534 dixi,
3171 5470 3381 5539 quando
3412 5469 3550 5520 ficus

1976 5585 2060 5632 est
2078 5576 2286 5640 ductor,
2318 5574 2475 5626 etiam
2503 5586 2620 5640 quae
2649 5577 2772 5622 sunt
2801 5564 3057 5627 difficilia,
3099 5563 3264 5615 facilia
3298 5558 3546 5614 evadunt.

1977 5666 2331 5721 lntroducitur
2357 5663 2535 5725 Chnsi,
2564 5670 2617 5715 et
2658 5659 2778 5712 facit
2810 5658 2858 5712 ei
2900 5657 3116 5709 liberam
3158 5652 3363 5706 dicendi
3407 5661 3546 5716 pote-

1979 5767 2192 5824 statem,
2223 5755 2437 5823 vultque
2455 5753 2632 5806 dicere
2659 5749 2725 5803 de
2748 5764 2814 5803 eo
2837 5747 2976 5818 quod
3004 5744 3316 5815 proponitur
3342 5742 3397 5807 (9.
3424 5739 3544 5805 Reg.
