4032 6284
466 409 534 467 33
1225 407 1282 462 S.
1319 403 1593 460 JO.\;\'.\’IS
1620 398 2094 458 Clllli'SOSTOMl
2134 400 2452 461 ARClllEP.
2496 407 3032 468 CONSTANTINOP.

470 527 556 581 17.
589 524 642 578 5.
674 522 749 593 6).
784 522 917 589 Quid
947 536 1072 576 vero
1090 519 1294 574 Clmsi?
1320 520 1637 590 Numquam,
1670 518 1865 588 inquit,
1901 517 2055 570 aber-

470 615 612 669 ravit
639 611 953 682 Acbitopbel
984 613 1075 682 (a).
1115 611 1272 663 Vides
1304 610 1678 678 prudentiam?
1721 607 1835 663 Non
1868 620 2050 676 repre-

472 707 653 761 la'ndit
691 705 866 759 statim
891 705 1004 773 ejus
1045 704 1382 764 sentcntimu,
1421 703 1512 755 sed
1555 717 1671 755 cunt
1715 703 1887 754 laude.
1923 701 2053 754 Eum

467 801 610 852 enim
646 800 866 854 laudans
903 799 1041 868 quod
1079 807 1435 867 opportunum
1465 804 1617 848 antea
1645 793 1924 847 consilium
1953 791 2053 847 de-

469 892 767 956 disset,-ita
818 904 1134 962 pra~seutetn
1182 891 1448 958 vituperat
1504 889 1845 942 sententiam.
1901 884 2055 952 Quod

471 995 646 1040 autem
672 983 819 1048 dicit,
847 984 949 1038 tale
970 995 1048 1036 est
1074 1002 1086 1035 :
1118 983 1278 1037 Miror
1303 979 1572 1051 quomodo
1597 996 1732 1033 nunc
1758 978 2053 1032 erraverit:

467 1093 570 1130 non
631 1075 756 1129 mihi
812 1077 951 1129 enim
1007 1075 1216 1130 videtur
1273 1089 1392 1128 esse
1452 1074 1578 1128 utile
1635 1071 1938 1125 consilium.
1997 1068 2053 1124 Si

467 1168 662 1235 quippe
703 1183 821 1219 eum
867 1166 1397 1229 nuncinvascritnus,
1439 1175 1706 1232 tamquam
1731 1178 1884 1215 ursus
1907 1160 2054 1217 rabie

469 1260 716 1328 percitus,
749 1258 821 1312 ira
857 1258 1043 1326 plenus
1071 1267 1222 1326 pater
1251 1266 1392 1319 tuus,
1425 1256 1492 1310 de
1519 1255 1621 1308 vita
1649 1255 1969 1322 desperans,
1999 1260 2054 1307 et

467 1367 587 1404 cum
617 1367 820 1405 summa
847 1366 1084 1420 pugnans
1107 1349 1488 1419 indignatione,
1514 1365 1622 1402 suae
1644 1347 1830 1402 salutis
1852 1346 2050 1400 nullam

465 1442 622 1497 ducet
650 1444 930 1509 rationem,
953 1452 1007 1497 et
1029 1442 1258 1496 maximo
1281 1441 1478 1511 impetu
1500 1441 1549 1492 in
1567 1454 1664 1493 nos
1687 1439 1870 1492 irruet.
1898 1436 2050 1505 Quod

465 1537 707 1606 siparum
729 1538 1071 1601 cesserimus,
1091 1552 1212 1591 cum
1230 1551 1350 1589 cum
1369 1533 1659 1602 majoribus
1681 1541 1733 1586 et
1749 1530 2054 1585 instructio-

466 1629 614 1682 ribus
639 1628 808 1698 e0piis
835 1628 1241 1699 aggrediemur,
1271 1625 1532 1696 longeque
1563 1625 1727 1681 tutius
1749 1665 1763 1688 ,
1819 1639 1881 1678 ac
1917 1624 2049 1677 citra

471 1720 630 1773 ullum
665 1720 925 1786 laborem,
967 1728 1022 1775 ct
1044 1735 1166 1773 cum
1206 1718 1434 1773 maxima
1460 1716 1708 1770 l'acilitatc
1737 1730 1856 1770 eum
1890 1711 2049 1768 veluti

466 1813 658 1883 laqueo
688 1813 1018 1882 implicatum
1048 1812 1322 1880 capiemus
1343 1821 1394 1866 et
1426 1809 1753 1864 adducemus
1781 1809 1798 1878 (
1831 1806 1965 1860 Ibid.
1999 1821 2048 1860 υ.

467 1903 498 1955 7
538 1904 647 1973 15).
671 1903 875 1956 Laudat
891 1901 1124 1956 Absalon
1138 1900 1476 1964 sententiam,
1502 1914 1726 1968 eamque
1749 1898 1846 1953 sibi
1869 1897 2048 1951 utilio-

470 2009 581 2048 rem
614 2009 732 2048 esse
753 1993 879 2046 dicit
901 1990 1060 2061 (Ibid.
1089 2007 1134 2044 υ.
1162 1991 1273 2060 14).
1297 1987 1421 2044 Haec
1442 2001 1618 2043 autem
1637 1986 2046 2053 diccbalChnsi,

468 2087 651 2141 liavidi
680 2086 861 2140 volens
885 2085 1013 2140 dare
1039 2093 1246 2153 tempus
1265 2092 1392 2137 utse
1417 2082 1740 2149 aliquantum
1760 2089 2046 2146 recrearet,

465 2197 526 2237 ac
547 2180 856 2251 respiraret,
877 2187 1194 2250 cogeretque
1212 2177 1523 2232 exercitum.
1545 2175 1614 2228 Ita
1634 2191 1759 2244 ergo
1777 2173 2049 2243 repudiata

468 2269 833 2342 AcbitOpbelis
877 2269 1174 2333 sententia,
1227 2283 1323 2338 per
1369 2267 1510 2320 viros
1560 2267 1759 2337 aliquot
1813 2273 2050 2319 secretos

467 2362 702 2427 mittens,
729 2360 906 2414 omnia
933 2360 1113 2414 Davidi
1137 2357 1476 2424 renuntiavit,
1501 2366 1782 2428 tyrannum
1807 2356 2051 2410 videl'cet

465 2469 616 2507 suam
646 2452 970 2522 approbasse
1013 2453 1366 2515 sententiam,
1416 2465 1534 2519 quae
1573 2448 1754 2503 Davidi
1798 2447 2050 2504 all‘erebat

468 2543 766 2596 victoriam.
821 2541 970 2608 Quod
1027 2542 1093 2594 ita
1137 2541 1296 2596 etiam
1333 2541 1524 2595 accidit
1562 2559 1574 2595 :
1626 2558 1744 2595 eum
1785 2541 1928 2595 enim
1973 2541 2047 2596 illi

469 2651 653 2703 parum
692 2633 844 2702 spatii
876 2632 1142 2698 dedisset,
1191 2643 1406 2702 paratus
1436 2632 1593 2686 David
1641 2649 1760 2688 cum
1817 2634 2045 2699 invasit,

470 2725 703 2795 fusisque
743 2739 804 2779 ac
849 2725 1038 2794 fugatis
1080 2723 1322 2778 hostibus
1353 2725 1624 2779 victoriam
1655 2727 1850 2779 retulit.
1896 2726 2047 2792 Quod

466 2835 584 2873 cum
611 2836 705 2889 pro
722 2835 812 2873 sua
833 2818 1110 2889 prudentia
1135 2830 1186 2873 et
1207 2817 1398 2890 ingenii
1422 2819 1635 2874 solertia
1665 2819 1866 2874 videret
1886 2819 2046 2873 Arhi-

467 2912 677 2981 topbel,
727 2921 781 2966 ct
818 2926 883 2965 ex
931 2926 995 2964 eo
1037 2910 1234 2964 exitum
1283 2911 1660 2976 intellexisset,
1691 2927 1882 2980 nempe
1905 2912 2046 2982 quod

468 3005 576 3056 iure
622 3001 888 3057 sententia
937 2999 1184 3054 Absdoni
1223 2999 1446 3054 allatura
1492 3010 1634 3054 esset
1656 3000 1897 3065 exiliunt,
1941 3017 2046 3054 non

467 3096 647 3148 ferens
713 3091 1131 3158 contumeliam,
1203 3091 1459 3145 recedens
1515 3101 1695 3160 aptato
1745 3091 1934 3161 laqueo
1989 3107 2048 3146 sc

464 3182 762 3246 sull'ucavit,
794 3192 849 3236 et
880 3181 948 3235 ita
983 3181 1140 3235 vitam
1172 3180 1340 3234 linivit
1372 3179 1531 3252 (Ibid.
1562 3197 1609 3233 v.
1643 3181 1854 3251 15-25).

534 3275 584 3326 Ii.
624 3273 746 3328 llaec
777 3273 952 3342 itaque
981 3271 1156 3325 omnia
1188 3287 1306 3325 cum
1337 3270 1608 3325 didicisset
1640 3271 1798 3324 David
1823 3313 1836 3336 ,
1891 3270 2046 3324 Psil-

463 3384 606 3422 tuum
635 3368 839 3431 scribit,
875 3366 1122 3439 hymnus,
1152 3366 1343 3437 quibus
1377 3367 1572 3435 gratias
1609 3368 1715 3436 agit
1747 3367 1852 3420 Deo
1876 3410 1890 3432 ,
1919 3368 2050 3422 0ch-

463 3477 625 3524 rens,
675 3469 728 3514 ct
756 3469 921 3513 totum
970 3469 1288 3529 stratagema
1333 3459 1440 3512 ιιυο
1483 3459 1739 3515 tribuens.
1787 3460 2044 3528 Quocirca

467 3549 730 3619 incipiens
759 3551 835 3602 sic
865 3549 991 3602 dicit
1023 3567 1034 3602 :
1063 3549 1117 3602 2.
1153 3548 1369 3602 Domine
1404 3549 1537 3602 Deus
1567 3566 1704 3604 meus
1728 3592 1741 3612 ,
1771 3552 1824 3604 in
1864 3561 1910 3604 te
1928 3570 2044 3621 spe-

462 3639 806 3704 rnoi,salvnm
853 3656 930 3692 me
975 3644 1077 3709 fac.
1125 3638 1240 3694 Non
1294 3640 1343 3693 in
1385 3640 1565 3705 Cbusi,
1603 3657 1701 3696 nec
1727 3643 1777 3695 in
1817 3643 2044 3698 humana

463 3734 740 3802 sapientia.
774 3747 872 3785 nec
896 3731 944 3784 in
971 3731 1107 3785 illius
1127 3731 1423 3801 prudentia,
1459 3747 1557 3786 nec
1578 3733 1628 3786 in
1660 3748 1779 3788 meo
1799 3735 2041 3798 consilio,

463 3824 579 3888 ενιι,
611 3821 673 3876 In
706 3832 769 3877 te.
802 3821 874 3875 Ita
907 3837 1005 3875 nos
1021 3823 1178 3876 etiam
1212 3823 1482 3883 iacimnus,
1512 3823 1718 3876 etiamsi
1755 3840 1846 3892 per
1869 3823 1902 3877 h
1926 3825 2043 3878 imi-

464 3931 559 3971 nes
607 3931 634 3968 a
675 3915 826 3969 nobis
873 3913 1070 3984 aliquid
1120 3913 1370 3984 pr:eclare
1400 3925 1644 3985 geratur,
1700 3917 1805 3970 beo
1850 3919 2046 3986 gratias

463 4024 700 4078 agamus,
725 4018 829 4062 tam
859 4022 955 4076 pro
979 4007 1040 4061 iis
1070 4024 1186 4077 quae
1210 4023 1303 4078 per
1326 4023 1439 4071 nos,
1474 4026 1629 4077 quam
1657 4026 1775 4078 qua-
1795 4029 1888 4078 per
1912 4011 2045 4066 alios

464 4099 618 4153 nobis
638 4107 928 4153 evenerunt
958 4096 1248 4151 beneticiis.
1274 4097 1326 4152 Si
1349 4099 1488 4152 enim
1517 4099 1586 4150 ita
1611 4099 1882 4167 faciamus,
1914 4102 2042 4158 nilt’l

463 4191 564 4243 erit
592 4206 773 4258 grave,
808 4204 905 4241 nec
935 4187 1149 4242 diflicile
1174 4203 1188 4252 ;
1218 4187 1357 4257 quod
1386 4189 1544 4242 etiam
1590 4188 1811 4246 faciebat
1857 4193 2041 4257 David,

461 4283 844 4350 pra-petundum
873 4281 1053 4334 dit-ens
1083 4298 1094 4331 :
1125 4279 1238 4333 Non
1287 4280 1336 4334 in
1381 4280 1554 4335 verbis
1579 4279 1737 4336 Cltusi
1785 4283 2042 4339 habebam

463 4389 612 4442 spem
645 4373 864 4436 salutis,
913 4372 1002 4426 sed
1046 4375 1094 4425 iu
1145 4381 1234 4426 tuo
1272 4372 1494 4425 auxilio.
1528 4372 1656 4427 \‘ide
1706 4385 1880 4428 autem
1923 4391 2042 4430 cum

464 4477 657 4534 quanta
705 4465 932 4534 loquitur
985 4465 1301 4526 affectione,
1353 4466 1490 4519 sicut
1538 4465 1672 4518 solet
1701 4465 1890 4520 laeere.
1929 4467 2044 4524 Non

464 4558 606 4608 enim
637 4557 770 4608 dixit
801 4574 811 4586 ·
849 4556 1066 4608 liniuiue
1100 4555 1237 4608 licus
1267 4573 1276 4608 :
1311 4557 1425 4619 sed,
1458 4555 1673 4610 Domine
1713 4556 1846 4610 Deus
1875 4577 2044 4625 utens;

463 4660 516 4703 et
544 4648 664 4701 alibi
691 4690 704 4710 ,
753 4647 916 4708 Dens,
960 4645 1097 4700 Dens
1125 4663 1290 4708 mens,
1318 4648 1386 4699 ad
1412 4658 1458 4701 te
1476 4649 1538 4702 de
1559 4648 1669 4702 luce
1695 4650 1844 4718 vigilo
1873 4651 2040 4723 (Psal.

463 4743 549 4796 (ντὶ.
585 4742 664 4810 9.).
699 4740 906 4794 Etenim
937 4755 1055 4794 eum
1084 4739 1332 4793 omnibus
1355 4756 1418 4793 eo
1437 4756 1567 4809 opus
1598 4741 1815 4795 habebat
1851 4759 1864 4797 :
1898 4761 2046 4798 seor-

463 4852 579 4888 sum
609 4845 782 4888 autem
811 4849 871 4885 ac
899 4849 938 4886 sn
961 4833 1182 4901 paratim
1213 4843 1429 4902 propter
1453 4833 1482 4885 ii
1507 4834 1655 4903 signo
1699 4835 2039 4890 desiderium.

465 4929 537 4982 ha
571 4929 727 4982 etiam
762 4928 898 4981 licus
929 4925 1028 4979 hoc
1061 4926 1230 4995 ipsum
1259 4925 1380 4979 facit
1423 4926 1472 4979 in
1511 4925 1703 4995 justis,
1747 4937 1799 4980 et
1829 4945 1946 4982 eum
1977 4931 2044 4982 sit

463 5022 698 5073 omnium
733 5020 904 5080 Deus,
939 5035 995 5069 se
1039 5017 1170 5071 dicit
1195 5017 1480 5086 separatim
1527 5033 1646 5070 esse
1685 5018 1846 5072 Deum
1874 5021 2042 5088 justo-

465 5129 605 5167 I'uni.
646 5093 913 5180 bino/Deus
943 5109 1233 5173 Abraham,
1268 5119 1312 5162 et
1339 5107 1473 5162 Dens
1499 5105 1648 5162 Isaac
1672 5151 1686 5174 ,
1723 5120 1766 5162 et
1798 5108 1930 5163 Dens
1950 5110 2047 5163 Ja-

463 5204 553 5256 rob
579 5206 594 5268 (
619 5202 783 5256 Exod.
809 5203 859 5254 5.
896 5198 983 5270 6).
1021 5199 1148 5253 \‘ide
1174 5209 1350 5253 autem
1393 5199 1506 5267 ejus
1539 5201 1873 5268 sapientiam.
1911 5202 2043 5256 Cum

435 5293 702 5378 .tlixisset,
738 5292 950 5345 Domine
977 5291 1110 5343 Deus
1135 5307 1292 5350 mens,
1317 5291 1368 5343 in
1390 5301 1436 5344 te
1461 5293 1655 5360 speravi
1689 5307 1706 5345 :
1733 5307 1836 5345 non
1868 5293 1998 5347 divit
2027 5335 2041 5353 .

465 5384 598 5439 Puni
651 5384 853 5438 hostem
882 5424 895 5443 ,
931 5384 1055 5437 tolle
1098 5382 1163 5436 de
1206 5382 1379 5436 medio
1424 5383 1694 5438 inimicum
1727 5402 1739 5437 ;
1770 5385 1862 5439 Sed
1902 5388 2042 5456 quod

461 5490 616 5529 suum
645 5483 722 5529 est
754 5483 955 5528 tantum
986 5474 1192 5542 quierit,
1221 5483 1274 5526 et
1297 5473 1425 5528 dicit
1450 5473 1691 5529 :Salrnm
1714 5493 1792 5529 me
1813 5480 1915 5548 fac,
1944 5477 2046 5533 hoc

461 5576 543 5619 est
565 5608 580 5627 ,
614 5581 678 5619 ne
711 5565 986 5634 permittas
1015 5575 1066 5616 ut
1114 5565 1250 5620 male
1278 5567 1465 5635 patiar,
1509 5567 1572 5620 ab
1602 5569 1832 5621 omnibus
1872 5586 2042 5637 perse-

463 5657 723 5724 quentibus
767 5671 845 5709 me
868 5697 881 5720 ,
935 5664 980 5708 et
1009 5656 1164 5708 libera
1212 5673 1308 5710 me.
1353 5656 1485 5712 Vide
1514 5659 1779 5728 quomodo
1809 5675 1876 5714 ne
1907 5661 2044 5716 male

522 5791 595 5851 (ιι)
639 5793 719 5840 Hic
758 5792 984 5841 memoria
1031 5791 1124 5842 labi
1151 5793 1758 5858 videtur_t;brysostomus;
1808 5808 1916 5844 nam
1942 5795 2046 5846 base

463 5861 610 5904 verba
634 5865 867 5918 nuaptam
892 5864 1171 5919 comparent
1194 5856 1241 5906 in
1266 5855 1444 5906 nibliis.

3691 415 3763 470 84

2164 517 2374 586 quidem
2414 523 2656 590 patiens,
2695 525 3006 579 nominatim
3053 523 3292 580 meminit
3339 527 3654 597 parricidze,
3703 539 3759 583 et

2163 623 2407 667 naturam
2439 615 2490 668 in
2518 616 2821 671 calamitate
2839 632 3139 687 agnoscens
3163 661 3178 683 ,
3222 628 3278 673 et
3313 619 3364 673 in
3395 619 3532 674 bello
3576 621 3757 690 respi-

2161 704 2308 758 ciens
2342 706 2530 772 lilium,
2554 718 2608 762 et
2635 708 2686 762 in
2710 709 2957 779 periculis
2984 724 3087 764 non
3113 710 3432 766 oblivisceus
3460 713 3756 768 viscerum.

2161 791 2328 849 Tattt't
2359 806 2474 850 erat
2501 797 2550 851 in
2582 797 2718 852 lilios
2745 799 2916 868 pietas
2946 808 2999 854 et
3019 801 3212 854 caritas
3234 842 3249 867 ,
3297 802 3373 856 vel
3399 803 3571 870 potius
3604 813 3754 858 tarda

2160 892 2274 937 erat
2297 884 2414 955 ejus
2438 885 2794 958 philosophia.
2825 887 2941 944 Non
2963 889 3104 944 enim
3134 892 3373 962 tyrannis
3401 905 3626 960 natura‘,
3658 897 3756 948 sed

2162 977 2321 1032 animi
2352 979 2528 1048 potius
2572 981 2924 1036 mansuetudo
2969 999 3091 1037 eum
3146 985 3304 1039 talem
3358 984 3650 1047 reddebat.
3700 996 3758 1040 et

2161 1069 2278 1138 plus
2325 1072 2584 1126 exercitui
2628 1072 2958 1142 imputabat,
3010 1090 3169 1145 quant
3213 1085 3487 1147 tyranno:
3533 1087 3588 1132 et
3629 1077 3756 1133 ideo

2159 1161 2288 1220 dicit
2317 1179 2330 1213 :
2365 1162 2578 1217 Salvum
2610 1181 2687 1219 me
2711 1167 2794 1238 [ac
2817 1167 2881 1220 ab
2905 1166 3134 1222 omnibus
3155 1170 3558 1239 persequentibus
3576 1187 3675 1231 me.
3704 1181 3756 1224 et

2159 1249 2312 1305 libera
2352 1269 2450 1307 me.
2500 1255 2631 1311 Vide
2680 1257 2947 1326 quomodo
2997 1273 3103 1312 non
3149 1258 3438 1314 admodum
3490 1261 3752 1318 invidiose

2159 1345 2681 1402 meminitillorum?
2723 1347 2839 1404 Non
2864 1349 3006 1403 enim
3035 1348 3213 1416 dixit,
3268 1351 3342 1404 Et:
3388 1351 3453 1404 iis
3481 1353 3570 1422 qui
3616 1353 3750 1408 mibi

2158 1435 2355 1490 bellum
2389 1436 2640 1501 inferunt,
2672 1454 2742 1493 ex
2772 1439 2836 1494 iis
2875 1439 2965 1510 qui
3008 1455 3126 1494 mea
3157 1439 3432 1509 diripiunt,
3475 1457 3538 1496 ex
3570 1442 3633 1496 iis
3657 1444 3749 1512 qui

2159 1539 2252 1594 per
2279 1541 2539 1582 summam
2585 1528 2859 1584 libidinem
2896 1545 3030 1586 mete
3063 1531 3222 1601 regia:
3253 1531 3548 1597 insultant,
3593 1544 3642 1588 et
3688 1549 3750 1588 se

2155 1621 2405 1676 omnibus
2431 1623 2644 1692 explent
2676 1623 3033 1694 voluptatibus
3064 1640 3076 1678 :
3107 1623 3200 1678 sed
3220 1665 3235 1689 ,
3279 1625 3320 1678 Α
3343 1627 3749 1696 persequentibus

2155 1725 2251 1764 me.
2275 1710 2328 1766 5.
2361 1711 2443 1766 Ne
2475 1713 2680 1784 quando
2713 1715 2879 1782 rapiat
2913 1725 2968 1769 ut
2995 1714 3071 1768 leo
3113 1715 3336 1768 animum
3380 1733 3540 1769 meam
3563 1757 3582 1778 ,
3621 1717 3749 1770 dum

2156 1820 2254 1858 non
2283 1813 2356 1858 est
2382 1805 2466 1874 qui
2492 1805 2745 1872 redimat,
2789 1821 2949 1874 neque
2993 1805 3081 1877 qui
3122 1805 3316 1860 salvum
3355 1806 3533 1876 faciat.
3585 1807 3747 1877 Atqm

2154 1897 2370 1967 collegit
2412 1895 2742 1964 exercitum,
2783 1908 2839 1952 et
2881 1897 3077 1952 utullus
3124 1911 3304 1952 secum
3347 1897 3575 1952 habuit:
3607 1914 3745 1968 quo-

2155 1989 2316 2044 modo
2348 2005 2476 2060 ergo
2509 1989 2639 2044 dicit
2673 2009 2685 2044 :
2719 1989 2857 2044 Dum
2889 2007 2988 2044 non
3015 1991 3191 2061 estqui
3212 1991 3444 2054 redimat,
3473 2007 3631 2062 neque
3656 1992 3747 2062 qui

2153 2082 2345 2136 salvum
2373 2083 2572 2154 faciat?
2594 2083 2856 2151 Quoniam
2884 2098 2953 2138 ne
2979 2083 3285 2138 universum
3315 2085 3530 2153 quidem
3553 2085 3742 2140 orbem

2155 2182 2418 2228 terrarum
2444 2175 2626 2229 auxilii
2653 2175 2771 2229 loco
2801 2175 2982 2242 habet,
3015 2176 3114 2230 nisi
3143 2191 3299 2245 opem
3321 2177 3554 2232 divinam
3587 2177 3747 2232 fuerit

2154 2273 2492 2335 assequutus,
2522 2281 2622 2320 nec
2646 2281 2704 2320 se
2724 2282 2842 2321 esse
2865 2265 3010 2320 ducit
3033 2267 3086 2320 in
3109 2267 3418 2334 solitudine,
3451 2269 3571 2324 licet
3595 2270 3746 2326 solus

2156 2356 2259 2421 sit,
2312 2357 2356 2412 si
2387 2358 2454 2412 sit
2485 2358 2626 2412 illius
2653 2357 2834 2412 auxilii
2886 2358 3172 2428 particeps.
3222 2358 3287 2412 Et
3330 2360 3448 2413 ideo
3493 2360 3744 2427 dicebat,

2159 2446 2281 2501 Non
2322 2448 2546 2501 solvatur
2570 2464 2661 2501 rex
2703 2465 2792 2518 per
2833 2447 3042 2500 multant
3074 2449 3378 2518 potentiam,
3404 2461 3451 2503 et
3473 2451 3616 2521 gigas
3640 2467 3746 2504 non

2155 2539 2428 2594 silvabitur
2463 2539 2515 2594 in
2555 2540 2872 2594 multitudine
2916 2541 3110 2594 virtutis
3150 2559 3254 2596 sua:
3291 2542 3463 2613 (Psal.
3503 2543 3744 2612 52.10).

2154 2631 2400 2687 Nonnulli
2441 2642 2616 2685 autem
2658 2631 2758 2686 hoc
2801 2631 2996 2686 dictutn
3049 2633 3339 2705 anagogicc
3386 2635 3744 2705 accipientes.

2155 2725 2364 2780 leooem
2393 2734 2445 2778 et
2474 2736 2853 2794 persequentes
2881 2726 3064 2779 dicunt
3091 2741 3210 2780 esse
3235 2726 3504 2780 diabolum
3547 2737 3600 2782 et
3625 2727 3746 2781 dm-

2155 2831 2362 2872 mones.
2404 2816 2663 2884 Quoniam
2696 2817 2837 2868 enim
2871 2816 3078 2870 videbat
3108 2817 3272 2870 lilium
3297 2817 3364 2871 ab
3391 2818 3505 2886 ipso
3532 2826 3743 2887 raptum

2154 2919 2206 2963 et
2235 2908 2546 2962 devoratum
2574 2949 2589 2974 ,
2624 2920 2770 2978 rogat
2816 2925 2879 2961 ne
2919 2907 3144 2978 idipsum
3178 2925 3390 2979 quoque
3427 2909 3475 2963 ei
3503 2909 3743 2976 accidat,

2152 3011 2206 3054 et
2230 2999 2358 3054 dicit
2387 3001 2544 3054 etiam
2584 3015 2798 3054 causam
2849 3009 3064 3070 propter
3109 3015 3266 3070 quam
3296 3001 3397 3056 hoc
3423 3002 3498 3057 illi
3524 3000 3742 3058 accidit.

2153 3091 2405 3158 Quenzuu
2428 3100 2510 3144 est
2535 3102 2708 3146 autem
2734 3090 2933 3144 causa?
2963 3092 3185 3160 l‘ropler
3207 3092 3516 3162 nequitiam,
3547 3093 3743 3163 inquit,

2151 3200 2180 3237 a
2213 3200 2270 3238 se
2305 3183 2393 3236 Dei
2424 3183 2674 3236 auxilium
2704 3184 2915 3237 avertit.
2946 3181 3228 3251 Propterea
3256 3181 3383 3236 dicit
3410 3224 3425 3248 ,
3473 3181 3606 3236 Dum
3637 3199 3745 3237 nou

2151 3285 2224 3329 est
2248 3275 2332 3344 qni
2361 3274 2606 3338 redimat,
2640 3289 2796 3344 neque
2825 3274 2908 3342 qni
2932 3274 3125 3327 solrum
3155 3273 3331 3342 faciat.
3377 3273 3529 3341 Quod
3559 3282 3743 3329 autem

2152 3365 2236 3419 leo
2267 3367 2470 3420 dicatur
2493 3367 2771 3424 diabolus.
2812 3365 2933 3419 audi
2962 3381 3024 3418 ex
3057 3366 3330 3434 Scriptura
3358 3407 3371 3431 ,
3415 3381 3534 3435 qua:
3563 3365 3692 3422 dicit
3724 3385 3740 3422 :

2151 3453 2396 3510 Inimicus
2438 3467 2594 3509 vester
2635 3455 2864 3508 diabolus
2911 3455 3139 3508 circumit
3192 3465 3248 3508 ut
3292 3455 3368 3509 leo
3411 3457 3648 3526 rugiens,
3689 3466 3745 3511 es

2151 3567 2378 3621 qna'rens
2407 3567 2549 3618 quem
2592 3549 2789 3601 devoret
2817 3550 2893 3617 (I.
2932 3544 3042 3602 Pet.
3077 3549 3131 3602 5.
3161 3546 3236 3620 8).
3266 3548 3403 3615 Quin
3433 3550 3592 3603 etiam
3623 3549 3743 3620 ipse

2154 3641 2407 3712 pmpbeta
2437 3639 2564 3694 dicit
2592 3639 2715 3692 alibi
2753 3655 2764 3690 :
2816 3638 2879 3690 Et
2919 3639 3232 3693 t'oncnlcubis
3263 3639 3452 3693 leonem
3483 3649 3528 3692 et
3557 3639 3743 3693 draco-

2151 3751 2264 3788 nem
2301 3732 2469 3804 (Psal.
2501 3733 2590 3786 90.
2626 3729 2736 3803 15).
2783 3733 2872 3786 list
2900 3731 3039 3784 enim
3070 3731 3241 3785 bellua
3288 3731 3601 3800 Inttltiples;
3641 3731 3740 3787 sed

2152 3825 2195 3880 si
2227 3824 2577 3893 sapuerimus,
2611 3823 2694 3877 hic
2721 3823 2805 3877 leo
2830 3833 2880 3876 et
2911 3823 3070 3876 draco
3091 3823 3194 3877 erit
3217 3824 3404 3892 quovis
3428 3824 3538 3878 luto
3558 3824 3736 3888 vilior,

2150 3932 2250 3972 nec
2295 3915 2550 3971 adversus
2596 3931 2693 3970 nos
2721 3924 2907 3984 aperto
2961 3923 3129 3968 marte
3179 3914 3373 3985 diriget
3411 3916 3622 3971 aciem:
3653 3917 3741 3971 sin

2150 4018 2327 4062 autem
2358 4007 2646 4071 direxerit,
2692 4005 3110 4061 conculcabitur.
3143 4005 3406 4059 Ambulate
3427 4006 3567 4061 enim
3588 4048 3604 4073 ,
3651 4007 3738 4060 in-

2149 4099 2283 4169 quit,
2310 4115 2458 4168 super
2486 4108 2737 4166 serpentes
2762 4106 2809 4150 et
2836 4099 3122 4167 scorpiones
3149 4095 3308 4169 (Luc.
3344 4098 3426 4152 10.
3460 4097 3526 4151 19
3616 4097 3740 4152 Cir-

2151 4193 2318 4246 cumit
2356 4191 2498 4244 enirn
2543 4190 2791 4245 incensus
2829 4189 2902 4242 ira
2951 4199 3216 4258 tam-piam
3247 4190 3362 4255 leo;
3415 4191 3508 4245 sed
3556 4191 3600 4244 si
3641 4207 3739 4248 eos

2151 4283 2403 4339 invaserit
2430 4284 2519 4353 qui
2545 4283 2816 4339 Clu-istum
2851 4283 3079 4344 habent,
3124 4294 3174 4337 et
3201 4299 3410 4337 crucem
3441 4283 3490 4338 in
3519 4283 3692 4339 fronte
3718 4325 3737 4349 ,

2149 4387 2203 4433 et
2233 4379 2405 4447 ignem
2435 4375 2695 4446 Spiritus,
2749 4385 2802 4428 et
2844 4374 3140 4442 lampadem
3169 4391 3286 4444 qua:
3329 4391 3612 4444 nutuquam
3644 4393 3738 4430 ex-

2152 4469 2452 4540 stinguitur,
2483 4482 2550 4521 ne
2582 4467 2794 4537 quidem
2824 4465 3068 4519 attollere
3101 4466 3284 4519 oculos
3307 4479 3489 4520 contra
3521 4469 3735 4533 poterit,

2150 4563 2244 4617 sed
2273 4576 2427 4617 verso
2456 4571 2604 4630 tergo
2634 4560 2866 4626 recedet,
2899 4576 2965 4613 ne
3000 4559 3238 4613 converti
3266 4560 3478 4629 quidem
3512 4561 3735 4616 audens.

2151 4653 2217 4708 Et
2247 4669 2313 4707 ne
2337 4653 2508 4706 inania
2532 4662 2580 4704 et
2611 4667 2741 4704 vana
2773 4661 2924 4716 putes
2950 4651 3111 4705 verba
3135 4667 3252 4704 esse
3281 4669 3397 4718 quae
3425 4652 3564 4705 dicta
3587 4663 3732 4717 sunt,

2148 4744 2426 4798 considera
2458 4743 2581 4794 mibi
2619 4743 2858 4795 Paulum.
2891 4742 3019 4795 Nam
3045 4741 3158 4808 ipse
3178 4757 3389 4812 quoque
3412 4744 3574 4797 homo
3595 4756 3733 4808 erat,

2152 4833 2242 4889 sed
2271 4849 2390 4884 eum
2423 4835 2490 4884 ita
2535 4835 2615 4886 leo
2643 4834 2740 4886 istc
2772 4833 3213 4902 pertimescebat,
3247 4843 3300 4886 ut
3341 4841 3516 4888 vestes
3542 4834 3658 4902 ιιῙιιπ
3684 4844 3738 4888 et

2150 4925 2392 4980 umbram
2435 4925 2657 4993 fugeret.
2696 4926 2879 4977 Merito
2913 4943 2924 4976 :
2973 4924 3168 4978 Christi
3213 4926 3354 4978 enim
3395 4924 3736 4994 flagrantiam

2149 5034 2214 5072 ex
2245 5035 2310 5070 eo
2338 5021 2626 5086 Spil'alttcui
2660 5027 2710 5069 (ι
2738 5017 3116 5071 ascendentem
3167 5033 3269 5070 nou
3313 5016 3509 5072 ferebat
3533 5059 3548 5084 ,
3591 5029 3642 5073 et
3670 5020 3737 5074 ad

2151 5108 2447 5179 lampadem
2477 5108 2687 5161 virtutis
2718 5108 2980 5175 respicere
3024 5125 3127 5161 non
3173 5118 3400 5177 poterat.
3435 5109 3488 5162 ι.
3520 5107 3740 5164 Domine

2154 5203 2288 5258 Deus
2324 5219 2462 5256 meus
2486 5242 2499 5265 ,
2546 5202 2590 5254 si
2631 5200 2727 5272 feci
2774 5201 2932 5264 istud,
2961 5201 3004 5253 si
3043 5212 3114 5254 est
3145 5200 3381 5270 iniquitas
3417 5200 3468 5252 in
3509 5200 3740 5252 manibus

2153 5295 2292 5347 meis.
2341 5293 2451 5348 lloc
2485 5302 2738 5361 perpetuo
2782 5292 3101 5345 servandum
3134 5302 3252 5355 est,
3306 5302 3496 5344 utnon
3538 5293 3744 5345 solum-

2152 5386 2310 5439 modo
2334 5400 2547 5439 oretuus
2567 5425 2582 5446 ,
2615 5382 2707 5436 sed
2734 5383 2799 5435 ita
2827 5399 3041 5436 orenms
3060 5423 3074 5447 ,
3105 5392 3158 5435 ut
3181 5384 3338 5435 etiam
3370 5383 3737 5436 esaudiamur.

2150 5477 2264 5534 Non
2295 5480 2435 5532 enim
2484 5477 2682 5532 subicit
2713 5477 2884 5529 oratio
2909 5475 2974 5528 ad
3006 5475 3344 5529 cliicieudiun
3385 5474 3434 5528 id
3481 5475 3622 5544 quod
3659 5484 3742 5528 est

2152 5569 2502 5638 prepositum.
2537 5568 2635 5621 nisi
2671 5569 2740 5621 ita
2765 5582 2881 5621 eam
2913 5565 3394 5635 cotnposucrimus,
3427 5574 3480 5616 ut
3514 5565 3620 5619 Deo
3646 5581 3738 5617 ac-

2151 5669 2302 5730 cepta
2333 5661 2420 5713 sit.
2453 5657 2585 5712 Nam
2617 5659 2788 5712 oravit
2817 5658 2977 5712 etiam
3013 5656 3333 5715 l‘barisa-us.
3367 5663 3422 5710 et
3446 5671 3568 5710 cum
3608 5657 3741 5711 nilul

2147 5753 2282 5822 juvit
2311 5750 2432 5820 (Id.
2487 5752 2569 5805 18.
2630 5753 2726 5823 10)
2755 5768 2770 5818 ;
2803 5761 2856 5805 et
2911 5750 3080 5806 Juda:i
3129 5764 3311 5804 rursus
3350 5757 3571 5804 oraruut
3597 5789 3611 5811 ,
3647 5750 3740 5802 sed

2151 5845 2426 5902 orantibus
2467 5847 2592 5916 ipsis
2636 5846 2773 5902 Deus
2818 5845 3153 5900 avertebatur
3207 5841 3358 5910 (lsai.
3401 5842 3445 5896 l.
3485 5840 3572 5906 t5)
3600 5858 3614 5894 :
3644 5859 3738 5896 ne-
