3928 6276
368 363 439 430 85
1061 362 1129 421 S.
1166 359 1454 419 JOANNIS
1488 332 1984 423 ειικγεοετθιιι
2022 362 2343 420 ARCHIEP.
2384 362 2932 423 CONSTANTINOP.
3564 363 3639 420 86

368 485 522 551 λιστα
542 473 834 533 ἀκούεσθαι
859 474 1182 549 δυναμένην.
1205 477 1375 530 Τοῦτο
1402 477 1497 531 καὶ
1516 477 1575 530 ὲν
1598 479 1666 549 τῇ
1685 477 1792 549 πρὸ
1805 479 1939 532 ταύ-

376 666 518 736 μετά
541 662 640 717 τοῦ
668 663 736 719 τά
766 661 961 716 ἑαυτοῦ
996 661 1349 729 εἰσενεγκεῖν.
1385 659 1519 715 Τίνα
1547 660 1606 713 δὲ
1631 660 1805 714 ταῦτα
1843 656 1946 732 ἧνς

371 754 469 822 Τδ,
498 756 711 818 Λούσω
736 755 866 808 καθ’
899 752 1169 822 ἑκάστην
1204 753 1399 807 νύκτα
1428 751 1544 822 τὴν
1567 753 1789 820 κλίνην
1804 755 1949 822 μου,

372 846 441 901 ἑν
478 845 739 913 δάκρυσί
777 862 892 914 μου
923 844 1040 914 τὴν
1073 842 1397 915 στρωμνήν
1429 863 1550 916 μου
1587 844 1821 914 βρέξω·
1865 845 1949 911 τὸ,

233 558 256 579 ⁵
368 475 834 579 λιστα-ἀκούεσθαι
859 475 1375 579 δυναμένην-Τοῦ.το
1402 477 1497 531 καὶ
1516 477 1575 530 ὲν
1598 479 1666 549 τῇ
1685 477 1792 549 πρὸ
1805 479 1939 532 ταύ-
2056 479 2194 533 Ποία
2225 480 2334 553 γὰρ
2362 480 2533 552 ἀρετὴ
2563 485 2625 533 τὸ
2667 480 2743 552 μὴ
2768 477 3023 549 γενέσθαι
3053 475 3387 549 πατραλοίαν
3415 486 3465 546 ε,
3499 478 3641 552 ὅπερ

369 592 470 647 της
487 573 620 644 εὐχῇ
639 570 927 643 ἐδήλωσεν,
946 570 1044 642 οὐχ
1059 570 1246 636 ἀπλῶς
1265 569 1431 636 άξιιῖιν
1444 570 1798 642 ἀκουσθῆναι,
1811 569 1947 624 ἀλλά
2054 574 2174 628 οὐδὲ
2204 576 2263 628 ἐν
2297 578 2409 640 τοῖς
2439 575 2650 647 θηρίοις
2675 575 2772 629 ἴδοι
2800 591 2883 638 τις
2905 573 3004 639 ἀν;
3036 573 3105 626 El
3134 571 3309 626 ἐστιν
3339 572 3540 628 ἀδικία
3571 572 3646 627 ἐν

2057 672 2235 741 χερσί
2258 691 2400 743 μου.
2429 672 2508 729 Οὐ
2541 673 2687 743 λέγω
2719 671 2851 744 περ)⁸
2878 670 2979 741 τῆς
3010 669 3223 735 ἀδικίας
3250 668 3457 742 ταύτης
3479 686 3495 703 ·
3525 669 3646 724 ἀλλ’

2058 769 2181 823 οὐδὲ
2204 769 2367 844 ἑτέρα
2398 768 2464 825 ἂν
2509 769 2780 841 εὑρεθείη,
2817 769 3004 839 φησὶν,
3045 761 3183 820 οὖσα
3224 766 3283 819 ὲν
3330 763 3485 837 χερσί
3533 780 3640 835 μου

2062 864 2267 921 ἀδικία.
2304 865 2492 921 Ταῦτα
2524 867 2581 921 δὲ
2607 866 2777 936 λέγει,
2821 866 2882 919 ού
2935 861 3351 936 μεγαληγορῶν,
3395 861 3512 915 ἀλλ’
3559 862 3646 925 εἰς

387 938 710 1034 :E’f‘iﬁ’io‘"
851 934 932 1003 τῷ
968 935 1281 1034 Ῡῗθναηξῷ
1302 954 1428 1008 μου
1444 953 1481 1034 ’,
1502 936 1605 1034 τὸν,
1624 939 1954 1034 'Mfmﬂfa
2062 961 2313 1034 ἀνάγκην
2334 962 2590 1033 ἐμπεσὼν
2600 934 2694 1016 τοῦ
2717 961 2786 1016 τά
2803 934 2997 1015 ἑαυτοῦ
3020 957 3425 1032 κατορθώματα
3449 958 3649 1011 εἰπεῖν.

375 1026 477 1083 ἀπ’
497 1026 664 1099 ἐμοῦ,
688 1026 912 1093 πάντες
931 1029 984 1082 οί
1015 1027 1157 1098 ἔργα
1166 1028 1397 1097 ζῦμενοι
1424 1027 1540 1098 τὴν
1571 1028 1848 1099 ἀνομίαν·
1869 1028 1953 1095 τὸ,

390 1118 718 1190 Ἐταράχθη
733 1119 851 1177 ἀπὸ
879 1119 1072 1190 θυμοῦ
1099 1121 1133 1173 ό
1166 1119 1472 1190 ὀφθαλμός
1495 1110 1645 1191 μου.

453 1319 517 1373 δ’.
535 1315 720 1374 Ταῦτα
736 1317 807 1386 γά
813 1334 846 1390 ρ
864 1316 1043 1371 πάντα
1060 1314 1221 1371 ἰκανά
1249 1315 1340 1369 τὸν
1359 1314 1493 1369 Θεὸν
1522 1314 1928 1371 ἐπισπάσασθαι
1943 1333 1957 1348 ·

387 1412 602 1485 θρῆνοι,
623 1411 859 1484 δάκρυα,
883 1409 1200 1481 στεναγμοὶ,
1231 1410 1326 1464 καὶ
1348 1409 1410 1463 τὸ
1428 1409 1538 1463 τῶν
1555 1409 1807 1480 πονηρῶν
1826 1410 1963 1463 ἀπο-

387 1505 587 1576 πηδᾷν,
619 1505 715 1558 καί
752 1503 814 1557 τὸ
836 1502 1134 1557 δεδοικέναι
1161 1502 1258 1556 καὶ
1286 1500 1509 1573 τρέμειν
1532 1501 1698 1556 αὐτοῦ
1732 1501 1833 1573 τὴν
1858 1501 1967 1572 ψῆ-

390 1613 510 1665 φον.
543 1597 651 1648 Καὶ
679 1593 912 1665 ἀλλαχοῦ
944 1593 1153 1663 ἔλεγεν,
1195 1590 1586 1659 Εἰσήκουσεν
1610 1595 1643 1647 ό
1672 1590 1817 1658 Θεὸς
1851 1588 1967 1663 [55]

387 1685 498 1752 τῆς
537 1684 930 1753 δικαιοσύνης
959 1698 1114 1754 μου·
1143 1683 1214 1737 ἐν
1238 1683 1442 1751 θλίψει
1465 1681 1812 1748 ἐπλάτυνάς
1844 1699 1968 1752 μοι.

393 1777 466 1830 Τὸ
488 1777 596 1847 γὰρ
628 1775 924 1830 ἀκούεσθαι
951 1774 1094 1828 οὕτω
1128 1766 1370 1844 γίνεται·
1397 1773 1613 1846 πρῶτον
1639 1775 1734 1845 μὲν
1766 1770 1879 1840 οὖν,
1907 1775 1972 1827 ὲκ

392 1870 487 1922 τοῦ
514 1869 697 1936 ἀξίους
737 1865 875 1922 εἶναι
904 1868 1101 1923 ’λαϐεῖν
1123 1883 1137 1900 ⁸
1172 1867 1387 1933 ἔπειτα,
1437 1870 1504 1921 ὲκ
1532 1867 1625 1920 τοῦ
1661 1866 1803 1920 κατὰ
1846 1867 1973 1930 τοὺς

393 1963 599 2034 νόμους
626 1962 721 2016 τοῦ
756 1961 894 2016 Θεοῦ
921 1960 1211 2035 εὔχεσθαι·
1241 1961 1444 2033 τρίτον,
1479 1963 1546 2014 ὲκ
1567 1960 1662 2014 τοῦ
1702 1959 1970 2031 συνεχῶς·

393 2056 681 2127 τέταρτον,
718 2055 783 2109 ὲκ
814 2055 909 2109 τοῦ
956 2055 1123 2126 μηδὲν
1170 2053 1427 2125 βιωτικὸν
1466 2055 1665 2107 αἰτεῖν·
1703 2052 1974 2125 πέμπτον,

394 2149 463 2202 ἐκ
491 2148 583 2202 τοῦ
616 2147 685 2201 τὰ
709 2146 1058 2219 συμφέροντα
1081 2145 1261 2218 ζητεῖν
1285 2165 1299 2179 ·
1321 2146 1500 2209 ἕκτον,
1530 2147 1595 2199 ὲκ
1623 2143 1718 2198 τοῦ
1748 2145 1816 2199 τά
1845 2144 1975 2216 παρ’

397 2238 608 2293 ἑαυτῶν
637 2238 914 2309 εἰσφέρειν
951 2237 1191 2292 ἅπαντα.
1217 2237 1361 2309 Ὅρα
1387 2234 1521 2305 γοῦν
1545 2234 1772 2299 πολλοὺς
1807 2233 1981 2299 οὕτως

397 2330 797 2401 ἀκουομένους·
827 2330 921 2383 τὸν
957 2328 1258 2401 Κορνήλιον
1290 2327 1528 2382 ἀπὸτοῦ
1566 2327 1711 2399 βίου·
1747 2327 1845 2397 τὴν
1880 2327 1982 2379 Συ⁴

402 2414 804 2491 ροφοινίκισσαν
837 2429 859 2451 ⁸
893 2419 1000 2473 ἀπὸ
1024 2419 1126 2489 τῆς
1154 2414 1513 2495 προσεδρεᾙας
1537 2435 1551 2448 ·
1579 2418 1671 2471 τὸν
1691 2416 1983 2488 Σολομῶνα

400 2511 512 2564 ἀπὸ
545 2510 640 2565 τοῦ
671 2511 877 2583 τρόπου
923 2512 1024 2582 τῆς
1060 2511 1359 2582 αἰτήσεως·
1405 2510 1559 2563 Ἀνθ’
1591 2501 1678 2562 ὧν
1719 2507 1834 2579 γὰρ
1869 2509 1983 2562 οὐκ

404 2605 644 2675 ᾔτησας
655 2604 951 2674 χρήματα,
977 2600 1122 2657 οὐδὲ
1144 2600 1371 2670 ψυχὰς,
1388 2601 1576 2671 φησὶν,
1595 2596 1824 2667 ἐχθρῶν
1843 2613 1981 2652 σου·

402 2699 496 2751 τὸν
514 2697 754 2769 τελώνην
776 2695 884 2750 ἀπὸ
917 2695 1016 2766 τῆς
1055 2691 1560 2765 ταπεινοφροσύνης
1578 2707 1594 2722 ·
1628 2691 1848 2762 ἐτέρους
1864 2688 1985 2742 ἑτέ-

410 2790 600 2862 ρωθεν.
636 2790 848 2860 ’Ὠσπερ
883 2783 978 2841 οὖν
1009 2788 1074 2842 ὲκ
1103 2784 1309 2840 τούτων
1332 2785 1394 2840 τὸ
1423 2782 1717 2839 ἀκούεσθαι
1756 2781 1985 2852 γίνεται,

414 2882 590 2946 οὓτως
621 2882 893 2954 ἑτέρωθεν
918 2880 980 2933 τὸ
1027 2880 1101 2951 μὴ
1139 2877 1457 2946 ἀκούεσθαι,
1492 2875 1598 2930 κᾶν
1622 2875 1821 2928 δίκαιοι
1856 2867 1989 2927 ὦσιν

408 2976 459 3027 οἱ
508 2972 810 3035 αἰτοῦντες.
853 2971 918 3024 Τί
950 2969 1057 3043 γὰρ
1101 2970 1318 3024 Παύλου
1356 2967 1691 3039 δικαιότερον
1735 2964 1988 3036 γέγονεν;

429 3064 568 3117 Ἀλλ’
600 3064 789 3133 ἐπειδὴ
816 3061 1112 3134 ἀσύμφορα
1143 3061 1368 3134 ᾔτησεν,
1397 3060 1497 3114 οὐκ
1519 3057 1785 3129 ἠκούσθη.
1824 3056 1993 3125 Ὑπὲρ

411 3158 651 3222 τούτου,
688 3156 843 3227 φησι,
889 3154 1018 3223 τρίς
1049 3153 1158 3208 τὸν
1200 3154 1422 3222 Κύριον
1461 3149 1867 3221 παρεκάλεσα,
1896 3148 1996 3202 καὶ

412 3247 544 3302 εἶπέ
570 3264 673 3318 μοι
693 3264 709 3280 ·
757 3245 943 3317 Ἀρκεῖ
967 3261 1067 3301 σοι
1096 3246 1134 3314 ἡ
1178 3244 1350 3315 χάρις
1362 3260 1503 3314 μου.
1534 3241 1599 3295 Τί
1631 3240 1687 3295 δὲ
1719 3241 1997 3304 Μωῦσέως

413 3340 578 3394 πάλιν
609 3338 985 3409 δικαιότερονς
1041 3333 1183 3388 Ἀλλ’
1218 3333 1339 3387 οὐδὲ
1372 3332 1580 3395 ἐκεῖνος
1612 3330 1865 3401 ἠκούετο,
1907 3328 1997 3383 λέ-

412 3447 606 3499 γοντος
629 3428 724 3483 τοῦ
758 3428 893 3482 Θεοῦ
916 3444 932 3460 ·
970 3427 1336 3483 Ἱκανούσθω
1361 3440 1483 3480 σοι.
1521 3422 1739 3495 Ἐπειδὴ
1754 3422 1861 3496 γάρ
1878 3422 1999 3495 ᾔτει

420 3524 500 3584 εἰς
532 3521 632 3591 τὴν
659 3519 765 3590 γῆν
787 3521 889 3590 τῆς
916 3517 1249 3588 ἐπαγγελίας
1282 3515 1567 3581 εἰσελθεῖν,
1598 3513 1921 3586 ἀσύμφορον
1941 3513 2000 3568 δὲ

414 3614 579 3667 τοῦτο
605 3608 697 3685 ἦν,
727 3612 830 3665 οὐκ
871 3610 1174 3683 ἐπέτρεψεν
1207 3612 1236 3664 6
1280 3608 1432 3673 Θεός.
1468 3609 1624 3664 Μετά
1673 3607 1880 3662 τούτων
1908 3607 2003 3661 καλ⁸

414 3702 612 3774 ἔτερόν
631 3703 749 3754 ἐστι
775 3700 840 3754 τὸ
855 3698 1049 3753 ποιοῦν
1080 3697 1157 3770 μὴ
1185 3695 1503 3758 ἀκούεσθαι,
1533 3696 1663 3749 ὅταν
1685 3696 1798 3758 τοῖς
1825 3694 2003 3764 ἀμαρ-

386 3814 387 3817 ‘
422 3797 667 3866 τήμασιν
712 3793 1063 3865 ἱπιμένοντες
1107 3787 1416 3860 εὐχώμεθα.
1456 3788 1523 3840 ‘0
1572 3787 1669 3841 καὶ
1704 3787 1836 3857 περὶ
1871 3784 2003 3837 Ἰου-

415 3883 595 3939 δαίων
623 3881 809 3952 ἔλεγεν
851 3879 1043 3944 όθέδς
1090 3877 1170 3950 τῷ
1223 3877 1495 3950 Ἱερεμίᾳ·
1524 3875 1620 3945 Μὴ
1660 3875 2005 3944 προσεύχου

425 3975 561 4045 περὶ
585 3974 694 4030 τοῦ
718 3972 1133 4030 λαοῦτούτου.
1159 3973 1231 4027 Ἦ
1242 3973 1355 4041 οὐχ
1372 3968 1516 4037 ὁρᾷς
1541 3969 1598 4023 τί
1617 3964 1783 4024 οὗτοι
1808 3966 2008 4022 ποιοῦ-

423 4084 563 4133 σιν;
601 4067 716 4122 Ούκ
750 4068 1093 4138 ἀπέστησαν,
1141 4063 1300 4136 φησὶ,
1336 4061 1441 4132 τῆς
1487 4058 1762 4124 ἀσεϐείας.
1803 4058 1896 4112 καὶ
1941 4058 2006 4111 σὺ

428 4161 571 4231 ὑπὲρ
604 4158 787 4216 αὐτῶν
816 4158 1002 4230 δέησιν
1022 4156 1357 4229 ἀναφέρειςς
1397 4153 1535 4209 Ἀλλ’
1561 4152 1664 4207 οὐκ
1700 4150 2010 4207 εἰσακούσο-

431 4254 533 4327 μαί
558 4269 674 4307 σου.
706 4252 877 4308 Πάλιν
912 4251 1041 4305 ὅταν
1069 4251 1189 4304 κατ’
1221 4247 1432 4320 ἐχθρῶν
1463 4244 1731 4317 αἰτῶμεν,
1760 4243 1821 4297 ού
1848 4243 2009 4315 μόνον

427 4351 530 4403 οὐκ
558 4346 887 4418 ἀκουόμεθα,
904 4344 1038 4400 ἀλλά
1055 4346 1151 4398 καὶ
1173 4339 1567 4414 παροξύνομεν.
1589 4339 1882 4408 Φάρμακον
1901 4335 2011 4409 γάρ

430 4443 581 4492 ἐστιν
608 4441 642 4509 ἡ
661 4438 795 4508 εύχή
818 4453 831 4465 ·
863 4436 979 4491 ἀλλ’
1004 4436 1099 4490 ὲάν
1127 4436 1202 4507 μὴ
1220 4432 1472 4505 εἰδῶμεν,
1496 4431 1558 4484 τῦ
1589 4429 1879 4502 φάρμακον
1896 4427 2013 4491 πῶς

426 4528 733 4583 ἐπιτιθέναι
755 4529 881 4599 χρὴ,
907 4527 1029 4580 οὐδὲ
1059 4525 1156 4596 τὴν
1179 4524 1408 4596 δνησινι)
1436 4520 1600 4577 αὑτοῦ
1629 4517 2010 4593 καρπούμεθα.

436 4621 673 4691 ’Ἱδωμεν
701 4619 882 4672 τοίνυν
916 4618 968 4671 τί
999 4618 1093 4670 καὶ
1131 4611 1286 4677 οὗτος
1317 4613 1606 4685 εὐχόμενός
1637 4628 1802 4682 φησι·
1840 4611 2015 4678 Κύριε

433 4719 468 4771 ὁ
490 4715 635 4779 880';-
651 4729 792 4781 μου,
818 4712 871 4763 εί
889 4710 1151 4777 ἐποίησα
1171 4707 1367 4761 τοῦτο.
1383 4706 1454 4759 Τί
1482 4707 1649 4770 ἐστιν,
1675 4707 1741 4759 El
1755 4703 2016 4771 ἐποίησα

434 4806 652 4871 τοῦτος
680 4804 746 4857 Ὃ
768 4801 986 4873 πάσχω,
1009 4800 1195 4871 φησὶν,
1225 4800 1275 4851 εἰ
1297 4797 1601 4869 ἐπανέστην
1630 4795 1818 4868 πατρὶ,
1834 4795 1882 4848 εί
1910 4810 2018 4848 πα-

437 4900 726 4973 ρηνόμησα
765 4895 960 4960 οὕτως.
994 4892 1134 4947 Ἀλλ’
1159 4889 1279 4946 οὐδὲ
1308 4888 1541 4944 ἐνταῦθα
1572 4889 1831 4959 ὀνομαστὶ
1854 4887 2018 4942 πάλιν

436 4994 692 5065 ἀνέχεται
721 4988 814 5043 τὸν
843 4984 1180 5059 ἀδικήσαντα
1212 4986 1408 5044 εἰπεῖν,
1438 4980 1554 5036 ἀλλ’
1589 4980 1728 5050 ὑπὲρ
1757 4978 1851 5034 τοῦ
1885 4995 2018 5033 παι-
2130 5015 2163 5065 ε

436 5087 528 5149 δὸς
556 5082 872 5155 αἰσχύνεται
914 5080 1010 5135 καὶ
1036 5075 1285 5149 ἐρυθριᾷ.
1320 5068 1444 5129 Οἷον
1475 5072 1543 5129 ἂν
1582 5071 1637 5126 εἰ
1664 5088 1747 5136 τις
1789 5069 2021 5142 εὐγενὴς

442 5178 730 5251 ἄνθρωπος
756 5175 855 5247 τὴν
898 5170 1093 5228 ἑαυτοῦ
1143 5170 1381 5240 γυναῖκα
1427 5164 1822 5238 μοιχευομένην
1855 5163 2019 5235 ὁρῶν,

442 5271 579 5342 μηδὲ
615 5267 879 5340 ὀνομαστὶ
900 5264 966 5320 τὸ
1011 5263 1316 5335 ἁμάρτημα
1353 5261 1432 5323 εἰς
1473 5259 1536 5312 τὸ
1581 5257 1744 5328 μέσον
1794 5257 2023 5325 ἀγαγεῖν

442 5362 791 5432 καταδέχοιτο
810 5376 825 5392 ·
853 5356 996 5413 οὕτω
1016 5356 1081 5427 δὴ
1110 5355 1205 5410 καὶ
1227 5347 1402 5416 οὗτος·
1434 5351 1536 5405 οὐκ
1556 5344 1727 5403 εἶπεν·
1745 5344 1809 5400 Εἰ
1830 5346 2024 5414 κατεξ-

445 5451 797 5524 ανέστην,τοῦ
825 5448 1215 5521 γεγεννηκότος
1233 5487 1251 5513 ,
1277 5446 1328 5498 εἰ
1359 5441 1693 5514 πατραλοίας
1722 5439 2021 5511 ἐγενόμην·

448 5544 678 5604 ἀλλάνεί
714 5543 975 5612 ἐποίησα
1002 5540 1200 5596 τοῦτο.
1232 5536 1344 5593 Καὶ
1372 5535 1426 5589 τί
1471 5534 1615 5603 λέγω
1647 5530 1833 5595 τοῦτο;
1861 5530 2024 5602 φησί.

511 5768 536 5797 ³
561 5767 642 5815 Sic
662 5766 760 5815 duo
771 5778 886 5814 mss.
910 5767 963 5812 et
990 5761 1050 5812 N.
1072 5761 1211 5813 TesL
1241 5753 1465 5813 GnEdit.
1493 5752 1875 5819 Συροφοίνισσαν.

509 5826 539 5870 ι
561 5829 662 5880 Alii
682 5828 791 5879 οὐδὲ
811 5829 897 5886 τήν
924 5828 1133 5888 δύναμιν.

2080 1057 2222 1110 Ἀλλ’
2249 1057 2372 1112 οὐδὲ
2404 1055 2548 1111 οὕτω
2577 1073 2678 1110 που
2713 1054 2856 1128 μέγα
2884 1054 3042 1109 τοῦτο
3066 1054 3203 1127 πρὸς
3232 1053 3294 1106 τδ
3330 1052 3519 1124 μέλλον
3552 1055 3656 1125 ρη-

2067 1152 2355 1226 θήσεσθαι.
2392 1153 2456 1207 Τί
2487 1153 2545 1206 δὲ
2580 1150 2737 1206 τοῦτό
2766 1152 2953 1218 ὲστιν;
2982 1150 3052 1204 El
3085 1147 3480 1204 ἀπαπέδωκα
3526 1147 3660 1214 τοῖς

2071 1248 2549 1304 ἀνταποδιδοῦσί
2586 1264 2691 1318 μοι
2730 1245 2909 1310 κακὰ,
2963 1244 3118 1316 φησί.
3158 1242 3464 1314 Προσέχετε
3513 1241 3661 1314 με.τά

2072 1344 2374 1418 ἀκριϐείας.
2407 1345 2482 1399 Οὐ
2511 1345 2620 1417 γάρ
2648 1343 2708 1399 τὸ
2737 1343 2899 1415 τυχόν
2920 1343 3036 1396 ἐστι
3061 1341 3123 1396 τὸ
3143 1340 3453 1413 εἰρημένον.
3475 1338 3663 1394 Καλὸν

2078 1444 2178 1518 μὲν
2211 1443 2320 1516 γάρ
2347 1442 2411 1498 τὸ
2457 1443 2533 1515 μὴ
2565 1442 2798 1496 ἀδικεῖν·
2833 1439 2950 1512 [56]
3000 1436 3180 1510 πολλῷ
3210 1437 3268 1491 δὲ
3313 1437 3517 1508 μεῖζον,
3561 1435 3666 1490 καὶ

2076 1545 2366 1616 φιλοσόφου
2405 1543 2609 1615 ψυχῆς,
2647 1542 2709 1597 τὸ
2759 1541 2849 1595 τὸν
2892 1540 3182 1595 ἀδικοῦντα
3223 1537 3298 1611 μὴ
3329 1534 3667 1609 ἀμύνεσθαι.

2079 1642 2277 1698 Καίτοι
2318 1658 2383 1710 γε
2432 1632 2461 1693 6
2501 1640 2668 1712 νόμος
2702 1638 2863 1693 τοῦτο
2897 1638 3179 1708 παρεῖχεν,
3222 1634 3502 1705 ὀφθαλμὸν
3539 1632 3675 1685 ἀντὶ

2084 1738 2365 1811 ὀφθαλμοῦ
2389 1737 2645 1803 κελεύων,
2674 1736 2766 1789 καὶ
2781 1735 2969 1790 ὀδόντα
2985 1734 3105 1788 ἀντὶ
3121 1733 3331 1795 ὀδόντος
3350 1729 3671 1784 ἐκκόπτειν·

2086 1839 2180 1892 καὶ
2214 1838 2315 1891 οὐκ
2340 1832 2407 1910 ἦν
2425 1834 2736 1907 παράϐασις
2756 1832 2923 1904 νόμου
2950 1830 3014 1885 τδ
3034 1829 3317 1901 γινόμενον
3343 1842 3356 1855 ·
3378 1824 3493 1880 ἀλλ’
3522 1823 3680 1878 οὕτω

2087 1935 2377 2006 φιλόσοφος
2420 1929 2488 2003 ἢν
2530 1923 2706 1993 οὗτος,
2740 1928 2817 1992 ὡς
2867 1926 2941 1999 μὴ
2978 1927 3140 1998 μόνον
3188 1923 3263 1997 μὴ
3305 1919 3681 1994 παραϐαίνειν

2085 2033 2178 2087 τὸν
2199 2032 2384 2102 νόμον,
2401 2027 2540 2084 ἀλλά
2566 2028 2661 2080 καὶ
2682 2026 2748 2078 ὲκ
2770 2021 2966 2077 πολλοῦ
2990 2021 3085 2076 τοῦ
3104 2019 3386 2093 περιόντος
3408 2015 3687 2086 ὑπερϐαί-

2090 2145 2224 2193 νειν,
2261 2126 2356 2181 καὶ
2409 2124 2550 2196 ὑπὲρ
2586 2123 2657 2177 τὰ
2688 2120 2987 2192 σκάμματα
3013 2118 3212 2189 πηδᾷν.
3241 2115 3317 2170 Οὐ
3347 2113 3458 2185 γὰρ
3484 2111 3683 2181 ὲνόμι-

2091 2224 2183 2291 ξεν
2210 2224 2405 2294 ἀρκεῖν
2435 2222 2514 2284 εἰς
2545 2217 2768 2290 ἀρετὴν,
2805 2217 2854 2269 εί
2888 2216 2962 2287 μὴ
2999 2215 3094 2268 καὶ
3125 2208 3579 2285 ὑπερακοντίσειε
3608 2205 3689 2259 τὰ

2091 2319 2514 2393 προστάγματα.
2538 2315 2751 2384 Ὥσπερ
2772 2307 2981 2381 οὖννκαῖ
3006 2309 3215 2374 Παῦλος
3242 2307 3435 2371 ἐποίει,
3464 2303 3690 2359 κελευό-

2099 2435 2260 2491 μενος
2288 2419 2353 2470 ὲκ
2386 2412 2480 2469 τοῦ
2506 2409 2841 2480 Εὐαγγελίου
2872 2406 2994 2479 ζῇν,
3024 2407 3118 2460 καὶ
3147 2405 3225 2478 μὴ
3250 2403 3380 2469 ζῶν,
3411 2402 3527 2456 ἀλλ’
3548 2400 3694 2455 ἀδά-

2095 2531 2266 2569 πανον
2294 2512 2465 2575 τιθεὶς
2496 2510 2558 2565 τδ
2582 2507 2946 2577 Εὑαγγέλιον·
2985 2502 3130 2557 οὕτω
3166 2500 3345 2555 τοίνυν
3380 2499 3475 2553 καὶ
3503 2498 3533 2550 6
3571 2512 3693 2567 μασ

2096 2609 2291 2682 κάριος
2318 2605 2503 2670 Δαυῖδ,
2527 2603 2622 2658 τοῦ
2648 2604 2815 2674 νόμου
2849 2601 3082 2663 διδόντος
3105 2596 3411 2669 ἀμύνεσθαι
3437 2594 3530 2648 τὸν
3562 2593 3697 2646 ἀδι-

2097 2708 2321 2770 κοῦντα,
2352 2704 2454 2758 οὐκ
2490 2702 2704 2774 ἔμεινεν
2743 2701 2801 2753 ὲν
2836 2697 2913 2769 τῷ
2950 2696 3135 2768 μέτρῳ
3179 2692 3375 2764 τούτῳ,
3409 2689 3546 2744 ἀλλά
3588 2687 3700 2742 καὶ

2100 2802 2548 2876 ὑπερηκόντισεν.
2591 2799 2782 2868 Ἡμεῖς
2819 2795 2877 2850 δὲ
2907 2794 2969 2848 οὐ
2994 2791 3153 2847 τοῦτο
3179 2788 3556 2860 ἀπαιτούμεθα
3587 2785 3701 2856 μό·-

2101 2923 2191 2962 νον
2219 2905 2281 2959 τὸ
2327 2903 2404 2976 μὴ
2438 2899 2874 2961 ἀνταποδιδόναι,
2925 2894 3066 2949 ἀλλά
3114 2892 3210 2947 καὶ
3251 2891 3313 2944 τὸ
3355 2889 3700 2960 εὐεργετεῖν.

2099 3010 2371 3080 Εὔχεσθε
2385 3006 2519 3078 γὰρ,
2533 3003 2721 3075 φησὶν,
2734 2999 2888 3069 ὑπὲρ
2900 2995 3020 3052 τῶν
3039 2992 3490 3064 ἐπηρεαζόντων
3511 2986 3703 3057 ὑμᾶς,

2104 3108 2306 3176 καλῶς
2339 3104 2561 3161 ποιεῖτε
2604 3101 2729 3169 τοῖς
2763 3099 3064 3170 μισοῦσιν
3108 3091 3287 3165 ὑμᾶς.
3341 3090 3469 3145 Ἐπὶ
3496 3088 3552 3142 δὲ
3598 3087 3706 3141 τοῦ

2105 3210 2273 3267 Δαυτδ
2315 3209 2377 3263 ού
2419 3204 2614 3278 μικρὸν
2647 3202 2708 3257 τὸ
2740 3201 2816 3273 μὴ
2851 3197 3174 3271 ἀμύνεσθαι,
3206 3191 3342 3249 ἀλλά
3384 3193 3479 3246 καὶ
3511 3186 3711 3260 πολλῷ

2111 3311 2295 3385 μεῖζον
2339 3308 2435 3363 τοῦ
2473 3301 2701 3378 νομικοῦ
2748 3297 3231 3373 παραγγέλματος.
3262 3291 3354 3345 Διό
3401 3305 3588 3360 φησιν,
3628 3287 3713 3340 ει

2107 3413 2375 3480 ἐποίησα
2408 3405 2609 3470 τοῦτο,
2646 3405 2698 3458 εἰ
2729 3400 2905 3457 ἐστιν
2933 3397 3136 3454 ἀδικία
3164 3395 3234 3449 ἐν
3264 3390 3438 3462 χερσί
3460 3404 3581 3458 μου
3603 3404 3617 3417 ·
3644 3387 3714 3440 ει

2108 3505 2499 3567 ἁνταπέδωκα
2542 3501 2670 3567 τοῖς
2707 3490 3181 3554 ἀνταποδιδοῦσί
3206 3505 3309 3560 μοι
3351 3484 3530 3542 κακά.
3573 3483 3719 3537 Ἐπὶ

2115 3611 2214 3682 μὲν
2248 3605 2360 3676 γὰρ
2389 3603 2484 3659 τοῦ
2530 3600 2720 3662 παιδὸς
2760 3596 2857 3652 καὶ
2890 3596 2927 3665 ἡ
2974 3592 3137 3662 φύσις
3181 3586 3452 3643 ἐκώλυεν·
3496 3581 3617 3636 ἀλλ’
3648 3582 3715 3635 εἰ

2113 3676 2357 3780 έτέρους,
2395 3701 2582 3775 φησὶν,
2604 3698 2862 3771 ἠδίκησα,
2887 3694 2921 3766 ἢ
2951 3693 3048 3747 καὶ
3066 3688 3382 3761 ἠμυνάμην.
3409 3682 3577 3737 Ποίαν
3604 3676 3718 3735 οὖν

2117 3808 2272 3880 σχοίη
2282 3821 2380 3877 μεν
2401 3799 2734 3872 συγγνώμην
2757 3797 2940 3868 ἡμεῖς,
2962 3790 3121 3845 ποίαν
3144 3789 3201 3841 δὲ
3214 3783 3532 3853 ἀπολογίαν,
3561 3781 3722 3851 μετά

2114 3909 2215 3980 τὴν
2248 3905 2343 3961 τοῦ
2375 3900 2612 3977 Χριστοῦ
2644 3897 2947 3970 παρουσίαν
2977 3893 3053 3964 μὴ
3084 3889 3377 3962 φθάνοντες
3404 3886 3483 3949 εἰς
3512 3883 3579 3937 τά
3604 3882 3720 3954 μὲ-

2115 4025 2224 4080 τρα
2259 4004 2370 4060 τῶν
2415 4004 2473 4056 ὲν
2513 4004 2580 4071 τῇ
2618 3996 2834 4067 Παλαιᾷ
2876 3987 3327 4060 πολιτευομένων,
3386 3984 3479 4039 καὶ
3528 3980 3723 4035 ταῦτα.

2119 4103 2319 4176 πολλὴν
2353 4098 2675 4174 περισσείαν
2702 4089 3132 4161 ἀπαιτούμενοι;
3179 4085 3314 4139 Ἐὰν
3338 4083 3449 4153 γάρ
3478 4079 3564 4149 μὴ
3598 4095 3724 4134 πε-

2111 4206 2423 4278 ρισσεύσῃ
2441 4249 2457 4269 ,
2485 4199 2674 4272 φησὶν,
2704 4198 2744 4265 η
2784 4193 3144 4258 δικαιοσύνη·
3175 4186 3345 4258 ὑμῶν
3372 4184 3563 4238 πλέον
3588 4182 3731 4236 τῶν

2120 4305 2484 4378 Φαρισαίων,
2525 4303 2599 4354 οὐ
2633 4298 2719 4369 μὴ
2762 4296 3075 4360 εἰσέλθητε
3100 4292 3187 4369 εἰς
3228 4286 3345 4356 τὴν
3381 4283 3735 4351 βασιλείαν·

2119 4406 2240 4462 τῶν
2279 4399 2571 4472 οὐρανῶν.
2603 4399 2816 4467 Ὥσπερ
2850 4393 2960 4464 γὰρ
2999 4391 3101 4444 οὐκ
3131 4388 3278 4442 ἔστιν
3324 4385 3438 4448 ίσος
3467 4382 3498 4436 6
3535 4383 3595 4435 ὲν
3634 4381 3736 4453 τῷ

2122 4508 2273 4579 νόμῳ
2298 4506 2368 4559 τὰ
2391 4500 2533 4557 αὺτά
2561 4494 2843 4568 κατορθῶν
2890 4490 2970 4562 τῷ
3010 4488 3114 4560 πρδ
3148 4485 3243 4540 τοῦ
3287 4484 3455 4555 νόμου
3475 4498 3490 4513 ·
3534 4480 3734 4546 οὕτως

2124 4608 2250 4663 οὕτε
2274 4609 2303 4661 6
2329 4608 2386 4659 ὲν
2416 4605 2481 4673 τῇ
2505 4601 2691 4672 χάριτι
2716 4595 2794 4666 τῷ
2817 4596 2874 4647 ὲν
2900 4591 2981 4662 τῷ
3006 4590 3180 4660 νόμῳ,
3208 4583 3346 4640 ἀλλά
3367 4583 3463 4637 καὶ
3480 4581 3593 4635 ἀπὸ
3613 4582 3731 4637 τοῦ

2126 4705 2322 4779 καιροῦ
2376 4703 2546 4773 πολλὴ
2595 4701 2804 4770 γίνεται
2848 4698 2882 4767 ἡ
2930 4691 3181 4762 διαφορά.
3230 4686 3402 4741 Τοῦτο
3440 4684 3658 4745 δεικνὺς
3697 4685 3737 4738 ὁ

2128 4808 2346 4870 Παῦλος
2378 4806 2473 4860 καὶ
2498 4803 2592 4857 ἐπὶ
2615 4801 2718 4871 τῆς
2742 4796 2963 4859 κακίας,
2987 4794 3081 4848 καὶ⁸
3109 4791 3202 4845 ἐπὶ
3233 4789 3331 4867 τῆς
3364 4785 3587 4859 ἀρετῆς,
3612 4784 3738 4854 ὅρα,

2133 5119 2321 5170 Ὀταν
2349 5112 2462 5183 γὰρ
2499 5109 2650 5176 ἔθνη
2685 5106 2761 5161 τὰ
2787 5102 2875 5175 μὴ
2922 5101 3112 5171 νόμον
3142 5096 3383 5165 ἔχοντα,
3430 5091 3617 5162 φύσει
3648 5090 3741 5144 τὰ

2132 5215 2241 5271 τοῦ
2262 5215 2452 5285 νόμου
2480 5207 2646 5276 ποιῇ,
2679 5201 2845 5262 οὗτοι
2866 5202 3056 5271 νόμον
3073 5197 3159 5268 μὴ
3185 5194 3453 5266 ἔχοντες,
3482 5186 3741 5255 ἑαυτοῖς

2132 5318 2251 5372 εἰσι
2274 5314 2478 5384 νόμος.

2207 5410 2430 5480 ε’.Εἷδες
2447 5412 2566 5476 πῶς
2583 5410 2710 5474 τοὺς
2724 5405 2893 5481 χωρὶς
2908 5403 3075 5475 νόμου
3095 5396 3492 5471 κατορθοῦντας
3509 5391 3741 5444 ἐπαινεῖ

2136 5521 2232 5578 καὶ
2263 5514 2630 5587 ἀνακηρύττει
2653 5529 2671 5579 ;
2696 5509 2843 5581 Ὅρα
2870 5504 3032 5561 πάλιν
3065 5499 3311 5562 καὶτοὺς
3342 5497 3401 5550 ὲν
3436 5496 3507 5566 τῇ
3536 5492 3740 5563 χάριτι

2145 5622 2565 5697 ἁμαρτάνοντας
2601 5615 2718 5679 πῶς
2753 5612 3000 5686 μείζονος
3040 5604 3316 5668 κολάσεως
3356 5598 3542 5665 ἀξίους
3583 5588 3741 5648 εἶναι

2206 5783 2228 5813 ο
2256 5778 2354 5831 Alii
2375 5773 2662 5843 πατρολοίαν
2685 5771 2765 5822 hic
2795 5773 2844 5819 cl
2870 5766 3003 5819 alibi.
3075 5785 3078 5788 ’
