4032 6284
341 350 408 403 sa
1482 322 1874 398 'EXposmo
1931 340 1996 396 IN
2035 341 2352 400 PSALMUM
2386 342 2494 398 vn.
3549 337 3617 392 ss

343 479 443 530 que
472 461 613 515 enim
642 461 885 524 orabant,
913 467 969 512 ut
997 471 1152 512 orare
1179 464 1408 526 oportet.
1445 456 1510 510 Et
1538 455 1805 526 ideojussi
1832 471 1924 511 su-

346 566 463 605 mus
481 565 599 604 eam
621 551 817 604 afferre
846 549 1160 610 orationem,
1189 563 1307 616 qua:
1323 547 1553 601 maxime
1573 548 1739 616 possit
1759 561 1922 601 exan-

345 641 464 694 diri.
497 641 606 694 lloc
629 642 790 694 etiam
821 639 1055 694 ostendit
1084 639 1137 692 in
1166 638 1483 708 przecedcnti
1509 640 1749 693 oratione
1771 680 1787 705 ,
1821 653 1924 693 non

347 733 656 802 simpliciter
681 748 874 802 rogans
904 741 961 786 ut
987 731 1268 798 audiatur,
1311 731 1403 786 sed
1433 746 1555 786 cum
1584 746 1679 786 sua
1717 732 1926 786 attulis-

345 834 442 878 set.
465 823 721 889 Quaenam
747 833 923 878 autem
949 831 1100 879 erant
1121 823 1222 877 ea?
1244 821 1444 876 Lavabo
1465 839 1554 892 per
1570 823 1796 894 singulas
1837 840 1929 876 no-

345 927 444 968 ctes
467 916 653 969 lectum
679 932 866 978 ineunt,
899 914 1136 986 lacrymis
1157 915 1278 967 meis
1296 923 1506 967 stratum
1539 929 1701 986 meum
1731 913 1929 982 rigabo;

346 1007 473 1062 illud
506 1025 520 1060 :
553 1006 806 1061 Laboravi
829 1007 882 1061 in
917 982 1104 1079 gemitu
1129 1023 1237 1059 meo
1271 1004 1453 1076 (Psal.
1486 1005 1540 1059 6.
1574 982 1672 1076 7.);
1706 1004 1886 1060 ethoc
1913 1021 1927 1058 :

348 1098 608 1152 Discedite
635 1115 668 1150 η
699 1114 778 1151 me
797 1114 968 1152 onmes
993 1099 1078 1167 qui
1101 1097 1379 1166 aperantini
1417 1096 1726 1166 iniquitatem
1768 1093 1928 1166 (Ibid.

346 1206 392 1242 υ.
421 1190 513 1259 9);
543 1198 598 1244 et
623 1189 751 1244 illud
781 1207 795 1243 :
826 1186 1162 1245 Conturbatus
1196 1196 1271 1243 est
1312 1205 1343 1241 a
1369 1187 1541 1258 furore
1577 1188 1752 1243 oculus
1793 1204 1932 1244 meus

347 1279 522 1352 (tua.
555 1296 604 1334 υ.
634 1277 726 1351 8).

420 1375 475 1428 4.
501 1373 694 1428 Gratia!
719 1373 1022 1428 conciliatio.
1048 1371 1240 1426 Grandi
1265 1372 1520 1439 {tinnula}.
1543 1400 1614 1412 -—
1639 1371 1762 1427 Hcce
1789 1371 1931 1426 enim

347 1467 531 1519 omnia
558 1466 626 1521 ad
663 1467 826 1520 Deum
849 1464 1220 1519 attrahendum
1248 1465 1376 1519 satis
1415 1474 1540 1518 sunt
1567 1483 1580 1519 :
1613 1464 1786 1518 luctus
1806 1504 1821 1528 ,
1855 1464 1932 1516 la-

348 1573 576 1630 cryma,
607 1558 855 1627 gemitus,
888 1557 1094 1612 resilire
1123 1556 1189 1610 ab
1219 1556 1494 1624 improbis,
1523 1555 1743 1624 ejusque
1775 1556 1932 1625 perti-

351 1667 598 1707 mescere
624 1659 678 1704 et
704 1651 922 1704 horrere
947 1650 1283 1704 sententiam.
1305 1647 1373 1702 Et
1401 1648 1524 1702 alibi
1555 1649 1687 1702 dixit
1710 1665 1723 1700 :
1756 1648 1932 1702 Exau-

346 1745 482 1797 divit
534 1741 668 1795 Deus
714 1742 962 1808 iustitiam
1004 1756 1167 1793 meam
1199 1755 1217 1793 :
1258 1741 1312 1793 in
1357 1738 1676 1793 tribulatione
1715 1739 1934 1792 dilatasti

349 1835 480 1887 mihi
511 1831 695 1905 (Psal.
726 1833 780 1886 4.
813 1833 837 1887 l
864 1832 904 1900 ).
935 1831 1044 1885 llac
1072 1830 1214 1884 enim
1244 1831 1450 1884 ratione
1479 1829 1569 1894 fit,
1598 1837 1657 1884 ut
1683 1829 1937 1884 exaudia-

351 1942 478 1979 mur
507 1943 521 1977 :
554 1925 781 1994 primum
823 1924 1033 1995 quidem
1055 1964 1070 1987 ,
1101 1923 1243 1992 quod
1268 1922 1409 1992 digni
1447 1923 1614 1977 simus
1648 1924 1891 1992 accipere
1920 1941 1934 1989 ;

348 2016 588 2081 deinde,
639 2016 779 2086 quod
805 2031 872 2070 ex
915 2015 1007 2069 Dei
1038 2014 1242 2084 legibus
1274 2029 1525 2080 oremus;
1557 2015 1712 2070 tertio
1736 2056 1752 2081 ,
1796 2015 1936 2084 quod

347 2106 605 2170 assidue;
638 2117 860 2175 quarto,
893 2105 1034 2175 quod
1061 2105 1193 2159 nihil
1217 2115 1459 2174 petamus
1513 2119 1699 2162 eorum
1724 2120 1842 2174 quae
1870 2105 1937 2159 ad

352 2198 494 2251 hanc
525 2199 685 2251 vitam
720 2197 1019 2266 pertinent;
1047 2195 1249 2266 quinto,
1285 2195 1424 2264 quod
1465 2205 1704 2266 petamus
1733 2211 1792 2250 ea
1821 2211 1940 2265 qute

350 2299 480 2343 sunt
513 2284 660 2342 utilia
686 2297 904 2367 ;_sexto,
936 2288 1077 2356 quod
1105 2305 1222 2356 qua:
1253 2298 1433 2342 nostra
1463 2297 1586 2341 sunt
1609 2289 1784 2340 omnia
1815 2286 1942 2341 affe-

351 2397 561 2435 ramus.
597 2380 732 2434 Vide
755 2396 882 2450 ergo
909 2380 1104 2434 multos
1123 2422 1138 2446 ,
1171 2381 1256 2450 qui
1280 2381 1357 2434 sic
1380 2381 1736 2435 exaudiuntur
1764 2399 1777 2433 :
1805 2381 1940 2436 Cor-

353 2471 586 2538 nelium,
611 2486 677 2524 ex
707 2470 812 2523 vita
836 2469 970 2540 (Act.
1005 2469 1093 2524 10.
1116 2470 1174 2538 4)
1197 2487 1210 2534 ;
1237 2470 1696 2540 5)ἰ·οριιωιιὶεεειιη
1721 2513 1736 2536 ,
1765 2486 1828 2524 ex
1856 2486 1942 2526 as-

353 2561 615 2616 siduitate
656 2559 882 2631 (Matth.
929 2561 1016 2615 15.
1057 2560 1208 2631 28);
1258 2561 1633 2624 Salomonem,
1680 2576 1740 2616 ex
1785 2561 1944 2615 modo

352 2651 636 2720 petitionis
666 2669 679 2704 :
713 2649 991 2720 PrOpterea
1017 2651 1158 2704 enim
1182 2691 1197 2714 ,
1242 2651 1439 2718 inquit,
1466 2651 1600 2718 quod
1629 2667 1726 2702 non
1759 2650 1943 2719 petiisti

350 2742 606 2810 pecunias
631 2782 646 2805 ,
700 2757 856 2807 neque
891 2742 1084 2793 animas
1112 2740 1428 2793 inimicorum
1469 2748 1668 2792 tuorum
1695 2741 1785 2810 (5.
1815 2739 1943 2811 Reg.

353 2833 416 2886 5.
453 2831 597 2901 Η);
649 2830 1022 2898 publicanum,
1065 2845 1130 2885 ex
1176 2829 1651 2902 humilitate(Luc.
1693 2831 1778 2884 18.
1815 2831 1942 2900 14);

355 2922 500 2975 alios
539 2937 606 2975 ex
646 2921 747 2974 alia
799 2923 1022 2976 ratione.
1081 2919 1534 2987 Quemadmodum
1578 2937 1705 2992 ergo
1751 2937 1814 2976 ex
1865 2921 1948 2975 his

358 3013 601 3068 efficitur
627 3021 683 3065 nt
707 3013 1005 3078 audiamur,
1050 3013 1120 3066 ita
1148 3012 1308 3066 etiam
1351 3012 1452 3065 alia
1501 3013 1705 3067 ratione
1755 3011 1844 3078 fit,
1889 3020 1950 3068 ut

357 3122 471 3160 non
512 3105 896 3169 exaudiantur,
949 3104 1068 3158 licet
1100 3103 1230 3173 justi
1269 3105 1411 3171 sint,
1459 3105 1544 3174 qui
1577 3112 1778 3174 petant.
1811 3104 1947 3171 Quid

355 3199 509 3252 enim
539 3196 636 3250 fuit
667 3196 829 3250 Paulo
871 3195 1106 3265 justius?
1148 3195 1252 3250 Sed
1303 3197 1549 3264 quoniam
1600 3195 1784 3265 petivit
1830 3211 1948 3266 qute

357 3298 520 3342 erant
551 3287 751 3346 inutilia
773 3329 788 3351 ,
818 3303 920 3339 non
957 3285 1052 3340 fuit
1076 3287 1374 3342 exauditus.
1408 3285 1511 3340 Pro
1538 3303 1614 3351 eo,
1646 3287 1844 3356 inquit,
1877 3299 1951 3341 ter

362 3377 646 3431 Dominum
676 3378 868 3448 rogavi,
895 3387 939 3430 et
967 3377 1094 3430 dixit
1123 3378 1245 3430 mihi
1275 3375 1506 3446 :Su/ﬁcit
1526 3378 1612 3430 tibi
1649 3379 1814 3448 gratia
1842 3395 1952 3432 utea

357 3469 464 3541 (2.
493 3469 610 3523 Cor.
643 3468 729 3524 12.
754 3471 807 3522 8.
838 3468 930 3537 9).
959 3467 1096 3534 Quid
1139 3482 1347 3522 rursum
1391 3467 1536 3522 Mose
1563 3469 1799 3536 justius?
1845 3468 1949 3524 Sed

363 3577 471 3616 nec
512 3562 602 3615 ille
647 3559 929 3615 exauditus
969 3568 1088 3623 est,
1134 3559 1242 3613 Deo
1279 3559 1490 3614 dicente
1531 3577 1545 3615 :
1591 3561 1730 3614 Satis
1769 3561 1855 3614 tibi
1889 3561 1953 3614 sit

366 3653 567 3723 (Deut.
597 3653 649 3707 5.
679 3651 809 3721 26).
841 3650 971 3718 Quia
1000 3649 1140 3704 enim
1171 3650 1390 3719 petebat
1431 3649 1632 3720 ingredi
1671 3651 1722 3705 in
1759 3659 1952 3706 terram

364 3743 742 3814 promissionis
761 3785 776 3806 ,
827 3741 928 3796 hoc
975 3751 1150 3795 autem
1180 3752 1296 3794 erat
1323 3741 1509 3796 inutile
1538 3757 1552 3794 :
1584 3756 1688 3795 non
1715 3742 1956 3812 permisit

364 3839 537 3892 Deus.
562 3836 695 3890 Cum
747 3834 829 3888 his
861 3834 1020 3888 etiam
1051 3833 1200 3897 aliud,
1232 3841 1316 3888 est
1338 3875 1351 3897 ,
1387 3833 1527 3904 quod
1573 3833 1697 3888 facit
1743 3843 1800 3888 ut
1848 3850 1952 3890 non

362 3929 721 3984 exaudiamur
741 3969 755 3992 ,
796 3928 1007 3997 quando
1038 3927 1088 3980 in
1121 3926 1350 3996 peccatis
1396 3937 1802 3994 perseverantes
1830 3941 1954 3981 ora-

366 4038 514 4077 mus.
549 4021 699 4088 Quod
727 4021 886 4076 etiam
908 4019 974 4075 de
1001 4019 1200 4074 Judteis
1228 4019 1361 4073 dixit
1388 4019 1528 4074 Deus
1549 4018 1795 4074 Ieremia;
1825 4038 1837 4074 :
1873 4019 1956 4074 Ne

360 4116 645 4180 deprecare
669 4131 760 4183 pro
787 4114 881 4167 hoc
909 4115 1115 4184 populo.
1148 4114 1227 4166 An
1251 4129 1351 4168 non
1383 4113 1518 4168 vides
1542 4115 1665 4180 quid
1693 4114 1744 4167 hi
1765 4115 1956 4185 faciunt

362 4206 520 4276 (Jer.
551 4207 602 4258 7.
639 4205 723 4259 16.
758 4204 904 4268 l7)?
932 4205 1013 4258 Ah
1039 4205 1307 4272 impietate
1330 4219 1434 4258 non
1462 4203 1792 4271 defecerunt,
1820 4214 1874 4260 et
1901 4215 1954 4260 tu

361 4296 532 4351 ofl'crs
554 4310 650 4364 pro
678 4296 756 4350 eis
778 4296 1006 4364 preces?
1037 4295 1140 4349 Sed
1167 4305 1217 4348 te
1244 4311 1348 4349 non
1377 4295 1677 4350 exaudiam.
1714 4297 1918 4352 Rursus
1936 4339 1952 4366 ,

361 4387 587 4456 quando
636 4393 820 4440 centra
868 4385 1110 4440 inimicos
1158 4386 1423 4454 petimus,
1469 4401 1574 4440 non
1622 4387 1794 4442 Solum
1850 4404 1956 4442 non

363 4479 727 4542 exauditnur,
765 4477 859 4531 sed
908 4477 1064 4530 etiam
1113 4476 1402 4530 irritamus.
1456 4477 1551 4531 Est
1595 4479 1738 4532 enim
1785 4480 1957 4539 oratio

364 4569 820 4624 medicamentum
849 4585 862 4620 :
888 4567 981 4623 sed
1003 4569 1048 4622 si
1078 4567 1378 4621 nesciamus
1421 4568 1691 4636 quomodo
1718 4570 1787 4623 sit
1805 4571 1958 4630 adhi-

365 4661 604 4716 bendum
632 4659 1077 4715 medicamentum
1103 4700 1117 4724 ,
1151 4660 1429 4714 utilitatem
1456 4675 1522 4714 ex
1552 4674 1618 4714 eo
1646 4677 1750 4715 non
1780 4664 1956 4732 capie-

366 4752 550 4806 mus‘.
589 4751 872 4805 Videamus
910 4765 1038 4820 ergo
1079 4750 1203 4820 quid
1252 4751 1336 4804 hic
1378 4752 1536 4805 etiam
1581 4767 1739 4808 orans
1780 4753 1906 4808 dicit
1940 4773 1953 4808 :

367 4842 586 4895 Domine
612 4841 744 4894 Deus
766 4857 924 4905 meus,
947 4842 990 4895 si
1017 4842 1110 4912 feci
1132 4841 1282 4894 istud.
1302 4841 1436 4908 Quid
1457 4852 1557 4908 est,
1584 4844 1644 4897 Si
1665 4845 1760 4912 feci
1782 4845 1916 4898 istud
1931 4847 1956 4899 ?

363 4935 520 5004 Quod
548 4934 741 5004 patior,
775 4934 973 5003 inquit,
1009 4934 1050 4987 si
1083 4934 1343 4988 iusurrcxi
1374 4935 1630 4989 adVersus
1657 4945 1881 5004 patrem,
1911 4938 1952 4991 si

362 5028 444 5082 sic
472 5043 559 5080 me
590 5026 771 5095 inique
799 5025 959 5094 gessi.
989 5024 1092 5080 Sed
1125 5041 1192 5080 ne
1215 5025 1300 5080 hic
1329 5025 1540 5095 quidem
1567 5042 1687 5081 eum
1713 5030 1800 5098 qui
1831 5029 1954 5085 fecit

365 5119 618 5188 injuriam
639 5157 654 5181 ,
686 5116 1000 5170 nominatim
1027 5115 1206 5170 dicere
1234 5116 1286 5170 in
1326 5116 1564 5172 animum
1589 5118 1787 5174 inducit
1812 5161 1825 5183 ,
1859 5120 1953 5178 sed

365 5224 464 5279 pro
494 5209 606 5264 filio
632 5207 934 5269 erubescit,
982 5217 1035 5261 et
1067 5206 1268 5275 pudore
1306 5206 1552 5262 afficitur.
1599 5207 1956 5274 Quemadmo-

352 5301 490 5354 dum
519 5299 564 5354 si
594 5297 718 5370 quis
742 5297 824 5351 vir
850 5311 1142 5367 generosus
1174 5296 1359 5352 videns
1387 5313 1604 5352 uxorem
1631 5315 1779 5354 suam
1806 5301 1955 5355 adul-

365 5393 528 5448 tcrari
555 5432 571 5454 ,
626 5405 695 5445 ne
721 5389 1030 5444 nominatim
1055 5388 1269 5458 quidem
1299 5389 1416 5458 ejus
1463 5389 1712 5446 delictum
1750 5391 1799 5445 in
1838 5407 1954 5449 me-

363 5485 510 5538 dium
540 5480 786 5550 proferre
810 5480 1036 5535 sustinet
1064 5495 1078 5533 :
1113 5479 1181 5534 ita
1212 5479 1300 5535 hic
1327 5479 1486 5534 etiam
1512 5497 1526 5546 ;
1559 5497 1664 5536 non
1695 5483 1827 5537 dixit
1855 5500 1867 5536 :
1898 5483 1952 5538 Si

361 5574 632 5634 iusurrexi
658 5573 920 5628 adversus
941 5587 1062 5628 eum
1088 5572 1177 5643 qui
1210 5572 1422 5642 genuit,
1469 5574 1514 5629 si
1543 5573 1611 5630 fui
1643 5577 1903 5644 parricida
1937 5596 1951 5631 :

425 5778 440 5804 ι
481 5782 586 5824 Duo
609 5778 740 5836 Mss"
759 5769 856 5822 vim
873 5770 1002 5825 illius
1021 5786 1114 5826 non
1134 5773 1458 5838 emﬁenmr.

2034 457 2150 519 sed,
2183 458 2244 513 Si
2268 459 2364 527 feci
2391 459 2504 512 hoc.
2534 457 2599 511 lit
2621 456 2748 526 quid
2779 455 2879 509 hoc
2907 455 3046 520 dico,
3078 453 3287 525 inquit?
3309 453 3619 524 Cujusmodi

2035 552 2174 603 enim
2202 560 2284 604 est
2311 553 2508 615 virtus,
2543 565 2647 602 non
2675 550 2834 603 fuisse.
2867 546 3181 617 parricidam
3208 588 3224 611 ,
3274 546 3414 616 quod
3442 560 3541 600 nec
3565 547 3619 598 in

2037 641 2162 696 feris
2187 644 2400 713 quidem
2426 643 2702 698 cernitur?
2724 642 2783 696 Si
2805 654 2876 694 est
2898 642 3131 711 iniquitas
3151 641 3202 693 in
3221 639 3450 693 manibus
3475 641 3619 694 meis.

2036 733 2152 787 Non
2183 734 2301 787 dico
2326 733 2393 787 de
2423 733 2522 786 hac
2571 733 2848 802 iniquitate
2907 751 2920 785 :
2969 730 3063 785 sed
3109 745 3209 785 nec
3253 730 3386 793 alia,
3431 728 3621 798 inquit,

2037 824 2337 880 invenietur
2357 841 2474 880 csse
2499 824 2550 878 in
2575 824 2708 879 meis
2731 823 2975 878 manibus
3000 822 3269 892 iniquitas.
3298 821 3420 875 llaec
3443 829 3623 874 autem

2037 917 2195 982 dicit,
2241 933 2344 971 non
2366 918 2601 984 glorians
2623 957 2638 982 ,
2667 932 2766 970 nec
2791 931 2850 970 se
2883 914 3162 984 magnifice
3186 913 3449 968 extollens
3473 952 3488 976 ,
3525 910 3624 966 sed

2038 1026 2154 1080 qua:
2179 1027 2209 1064 a
2237 1025 2296 1065 se
2323 1019 2466 1065 recte
2500 1009 2635 1063 facta
2660 1018 2808 1063 erant
2837 1016 3054 1062 coactus
3077 1005 3276 1060 dicere.
3307 1002 3410 1059 Sed
3437 1018 3504 1058 ne
3524 1001 3627 1064 hoe

2038 1101 2252 1172 quidem
2280 1116 2528 1171 magnum
2554 1109 2634 1155 est
2655 1141 2668 1163 ,
2703 1101 2748 1153 si
2779 1098 3083 1154 conferatur
3125 1111 3247 1152 cum
3271 1111 3338 1150 eo
3372 1093 3514 1165 quod
3543 1100 3628 1148 est

2041 1192 2344 1247 dicendum.
2375 1190 2514 1257 Quid
2561 1190 2662 1245 hoc
2686 1198 2862 1244 autem
2890 1189 3016 1244 est?
3053 1189 3106 1242 5.
3161 1186 3222 1242 Si
3251 1185 3450 1241 reddidi
3477 1185 3626 1238 tetri-

2042 1282 2303 1338 buentibus
2326 1282 2450 1335 mihi
2479 1281 2634 1354 mala,
2660 1280 2844 1350 inquit.
2875 1280 3147 1334 Attendite
3170 1277 3452 1348 diligenter
3478 1293 3491 1330 :
3520 1290 3627 1330 non

2041 1381 2124 1429 est
2159 1375 2302 1429 enim
2331 1373 2546 1443 vulgare
2587 1355 2730 1443 quod
2780 1371 2993 1426 dicitur.
3044 1370 3364 1425 Pandarum
3414 1367 3628 1437 quidem

2041 1476 2125 1522 est
2170 1465 2415 1536 injuriam
2446 1480 2550 1520 non
2581 1464 2798 1529 facere;
2849 1464 2942 1520 sed
2983 1464 3152 1517 multo
3186 1462 3525 1533 pra-clarius,
3575 1467 3632 1514 et

2041 1557 2296 1628 sapientis
2319 1565 2401 1611 est
2441 1557 2603 1611 animi
2625 1597 2640 1619 ,
2696 1572 2800 1610 non
2846 1555 3032 1610 ulcisci
3062 1570 3182 1609 eum
3215 1553 3302 1622 qui
3334 1552 3458 1606 facit
3487 1550 3630 1619 inju-

2041 1652 2196 1707 riam.
2229 1649 2388 1719 Atqui
2418 1649 2520 1704 hoc
2543 1647 2758 1719 quidem
2791 1649 2874 1702 lex
2901 1645 3264 1711 concedebat,
3289 1644 3482 1713 jubens
3505 1657 3632 1696 ocu-

2044 1743 2151 1798 lum
2216 1757 2316 1813 pro
2363 1741 2556 1807 oculo,
2609 1749 2664 1796 et
2707 1741 2921 1795 dentem
2972 1755 3067 1807 pro
3111 1738 3272 1792 dente
3317 1733 3633 1791 exscindere

2045 1833 2226 1903 (Deut.
2256 1833 2342 1888 19.
2387 1832 2479 1902 2|)
2528 1850 2541 1885 :
2590 1847 2688 1886 nec
2717 1834 2800 1890 sic
2832 1831 2914 1884 lex
2940 1828 3334 1883 transiliebatur
3359 1843 3372 1879 :
3401 1825 3494 1880 sed
3549 1824 3634 1878 hic

2047 1933 2194 1980 tanto
2218 1933 2333 1980 erat
2362 1923 2538 1979 studio
2564 1923 2840 1992 sapientiae
2887 1921 3138 1990 praeditus
3161 1961 3176 1984 ,
3219 1928 3275 1974 ut
3314 1935 3420 1973 non
3458 1917 3632 1972 solum

2045 2016 2217 2085 legem
2249 2030 2354 2069 non
2387 2013 2871 2084 transgrederetur,
2904 2013 2997 2067 sed
3033 2013 3191 2066 etiam
3223 2027 3286 2065 ex
3317 2009 3476 2064 nimia
3499 2025 3631 2078 quu-

2046 2106 2167 2160 dam
2235 2105 2558 2158 abundantia
2607 2120 2725 2158 eam
2767 2103 2923 2173 longe
2976 2111 3285 2171 superaret,
3330 2115 3394 2154 ac
3457 2114 3636 2154 scam-

2048 2207 2186 2252 mata
2220 2197 2292 2268 (a)
2323 2196 2630 2251 transiliret.
2674 2195 2792 2250 Non
2843 2195 2984 2250 enim
3025 2193 3362 2248 existimabat
3387 2192 3636 2246 sufficere

2047 2289 2112 2343 ad
2189 2289 2470 2352 virtutem‘,
2552 2287 2652 2341 nisi
2709 2285 2870 2341 etiam
2926 2287 3072 2354 jussu
3128 2286 3284 2353 longo
3355 2283 3637 2336 intervallo

2048 2391 2344 2451 superaret.
2398 2379 2855 2449 Quemadmodum
2901 2378 3030 2432 fecit
3066 2379 3222 2432 etiam
3256 2376 3451 2430 Paulus
3475 2414 3491 2440 ,
3544 2374 3636 2444 qui

2048 2487 2114 2528 ex
2166 2473 2441 2543 evangelio
2501 2472 2787 2540 jubebatur
2831 2471 3048 2536 vivere,
3108 2479 3164 2524 et
3224 2484 3328 2523 non
3381 2469 3633 2533 vivebat,

2049 2563 2143 2618 sed
2173 2565 2290 2619 sine
2314 2572 2526 2632 sumptu
2556 2561 2879 2632 praedicabat
2909 2561 3242 2631 evangelium
3287 2562 3308 2630 (
3333 2561 3382 2614 l.
3415 2559 3532 2613 Cor.
3578 2558 3638 2613 9.

2053 2654 2245 2725 14-18)
2276 2673 2288 2708 :
2317 2655 2389 2708 ita
2441 2655 2600 2708 etiam
2640 2653 2826 2708 beatus
2853 2653 3016 2706 David
3036 2693 3050 2716 ,
3081 2668 3203 2706 cum
3228 2652 3310 2706 lex
3336 2651 3384 2704 ei
3417 2651 3638 2719 permit-

2059 2756 2194 2803 teret
2235 2745 2416 2800 ulcisci
2464 2745 2746 2809 inimicos,
2797 2758 2900 2797 non
2931 2757 2990 2797 se
3031 2742 3292 2796 continuit
3316 2741 3451 2794 intra
3499 2739 3640 2794 hunc

2055 2836 2292 2903 modum,
2324 2836 2418 2890 sed
2448 2851 2568 2890 eum
2594 2837 2747 2906 longe
2775 2835 2934 2888 etiam
2965 2833 3256 2902 superavit.
3301 2832 3346 2885 Α
3369 2831 3521 2885 nobis
3541 2845 3640 2884 au-

2057 2938 2160 2983 tem
2189 2928 2289 2983 hoc
2315 2944 2420 2982 non
2445 2928 2617 2982 solum
2645 2927 2893 2997 exigitur,
2923 2935 2980 2980 ut
3006 2941 3110 2979 non
3139 2924 3514 2990 retribuamus,
3544 2924 3639 2976 sed

2054 3024 2212 3077 etiam
2251 3030 2306 3076 ut
2334 3020 2743 3076 benefaciamus.
2793 3019 2948 3073 Orate
2973 3019 3114 3073 enim
3141 3059 3155 3084 ,
3211 3017 3417 3086 inquit,
3461 3031 3553 3083 pro
3576 3017 3640 3068 iis

2055 3118 2141 3188 qui
2169 3133 2252 3170 vos
2278 3115 2561 3182 o/fendunt,
2591 3114 2863 3183 benefacite
2888 3114 2950 3168 iis
2978 3114 3065 3183 qui
3090 3128 3176 3166 eos
3196 3111 3407 3166 oderunt
3425 3109 3638 3182 (Matth.

2058 3207 2112 3260 5.
2141 3207 2255 3275 44).
2285 3206 2341 3260 ln
2388 3204 2549 3259 David
2581 3215 2758 3258 autem
2803 3219 2906 3258 non
2931 3218 3147 3272 parvum
3175 3210 3257 3255 est
3285 3216 3391 3254 non
3419 3199 3639 3262 ulcisci,

2058 3297 2151 3353 sed
2179 3299 2336 3352 etiam
2383 3297 2549 3351 multo
2579 3306 2662 3350 est
2702 3295 2873 3365 majus
2945 3310 3104 3364 quam
3151 3295 3220 3348 sit
3259 3292 3390 3362 legis
3438 3305 3640 3361 praece-

2059 3398 2228 3460 ptum.
2281 3389 2348 3443 Et
2387 3388 2508 3443 ideo
2540 3388 2670 3442 dicit
2698 3405 2711 3442 :
2758 3387 2818 3441 Si
2845 3386 2938 3439 hoc
2964 3385 3092 3455 feci,
3139 3385 3182 3440 si
3211 3394 3284 3439 est
3311 3383 3548 3453 iniquitas
3589 3383 3642 3435 in

2060 3481 2291 3536 manibus
2317 3482 2439 3535 meis
2471 3482 2555 3535 :si
2583 3479 2782 3535 reddidi
2819 3479 3202 3534 retribuentibus
3243 3478 3368 3531 mihi
3401 3477 3556 3530 mata.
3585 3473 3642 3529 In

2061 3573 2170 3626 filio
2213 3572 2354 3627 enim
2395 3571 2479 3627 vel
2510 3572 2620 3640 ipsa
2649 3579 2834 3624 natura
2864 3569 3214 3640 prohibebat;
3255 3567 3348 3623 sed
3385 3568 3430 3622 si
3467 3567 3600 3620 alios
3622 3607 3640 3630 ,

2060 3666 2247 3736 inquit,
2280 3665 2468 3734 injuria
2495 3664 2642 3719 afleci
2663 3705 2679 3730 ,
2707 3664 2790 3719 vel
2815 3664 2972 3718 etiam
3005 3663 3146 3718 ultus
3180 3677 3318 3716 sum.
3348 3659 3643 3728 Quamnam

2061 3774 2187 3828 ergo
2229 3774 2326 3812 nos
2354 3758 2560 3812 veniam
2602 3770 3024 3825 consequemur,
3074 3763 3128 3808 et
3151 3768 3308 3822 quam
3360 3750 3644 3806 aﬂ‘eremus

2061 3850 2491 3915 excusationem,
2519 3848 2606 3918 qui
2633 3856 2755 3917 post
2778 3845 2973 3902 Christi
2997 3844 3283 3900 adventum
3314 3859 3418 3896 non
3451 3854 3643 3910 perve-

2061 3944 2236 3997 nimus
2264 3942 2331 3997 ad
2367 3956 2668 3998 mensuram
2697 3955 2914 4003 eorum,
2952 3936 3040 4008 qui
3073 3936 3314 3991 vivebant
3341 3935 3440 3989 sub
3465 3933 3643 3988 Veteri

2062 4035 2424 4100 Testamento,
2454 4031 2615 4102 idque
2633 4047 2754 4088 cum
2780 4047 2810 4086 a
2837 4031 2988 4087 nobis
3013 4029 3171 4100 longe
3199 4027 3399 4097 majora
3428 4027 3645 4096 exigan-

2063 4125 2188 4178 tur?
2220 4124 2336 4178 Nisi
2365 4129 2508 4178 enim
2537 4122 2884 4186 abundaverit,
2914 4119 3106 4190 inquit,
3122 4117 3324 4188 justitia
3349 4126 3510 4170 vestra
3529 4116 3645 4186 plus

2060 4231 2211 4284 quant
2251 4213 2648 4278 Pharisteorum,
2680 4228 2781 4265 non
2800 4209 3046 4264 intrabitis
3086 4209 3140 4262 in
3173 4223 3380 4278 regnum
3399 4206 3640 4260 cazlorum

2062 4309 2081 4379 (
2106 4307 2240 4361 Ibid.
2282 4323 2330 4360 υ.
2363 4306 2434 4360 20
2464 4307 2506 4376 ),
2531 4303 2989 4373 Quemadmodum
3016 4302 3158 4357 enim
3188 4316 3292 4355 non
3317 4311 3400 4354 est
3427 4300 3645 4370 aequalis

2064 4399 2129 4466 is,
2159 4399 2246 4470 qui
2275 4414 2333 4454 se
2357 4400 2408 4451 in
2432 4398 2546 4466 lege
2563 4406 2707 4450 recte
2735 4395 2892 4466 gerit,
2915 4393 2986 4457 ei,
3013 4391 3104 4463 qui
3131 4393 3181 4447 in
3206 4391 3390 4446 iisdem
3423 4407 3481 4446 se
3501 4400 3646 4446 recte

2060 4492 2226 4560 gessit
2253 4499 2377 4544 ante
2403 4491 2572 4559 legem
2601 4505 2619 4542 :
2649 4487 2719 4542 ita
2743 4503 2840 4542 nec
2868 4488 2960 4556 qui
3004 4486 3056 4540 in
3093 4485 3260 4556 gratia
3288 4485 3335 4539 ei
3363 4525 3378 4547 ,
3428 4484 3517 4553 qui
3547 4481 3646 4538 sub

2061 4583 2177 4652 lege
2202 4624 2216 4646 ,
2264 4582 2357 4637 sed
2384 4597 2451 4636 ex
2482 4589 2720 4650 tempore
2749 4594 2939 4650 magna
2977 4578 3130 4634 adest
3173 4577 3490 4632 differentia.
3535 4575 3646 4630 Hoc

2061 4675 2348 4731 ostendens
2396 4674 2589 4728 Paulus
2625 4683 2680 4729 et
2706 4674 2757 4728 in
2784 4674 2912 4728 vitio
2939 4683 2993 4728 et
3022 4673 3074 4727 in
3103 4671 3333 4734 virtute,
3375 4669 3495 4725 vide
3513 4684 3648 4739 quo-

2063 4767 2222 4822 modo
2250 4767 2370 4820 illos
2397 4781 2607 4836 quoque
2653 4765 2821 4835 magis
2847 4764 3140 4819 admiratur
3163 4805 3178 4830 ,
3219 4771 3275 4818 et
3319 4762 3416 4816 hos
3457 4759 3645 4828 majori

2060 4861 2322 4930 supplicio
2350 4859 2536 4930 dignos
2561 4875 2680 4913 esse
2710 4857 3042 4927 pronuntiat,
3080 4858 3149 4911 ita
3170 4857 3355 4912 dicens
3385 4872 3398 4909 :
3428 4855 3645 4919 Quando

2061 4955 2192 5009 enim
2217 4962 2402 5024 gentes,
2434 4968 2546 5022 qua:
2577 4951 2734 5022 legem
2761 4968 2862 5005 non
2885 4950 3067 5004 habent
3085 4990 3102 5016 ,
3148 4959 3330 5003 natura
3375 4963 3486 5017 qua:
3529 4955 3646 5000 sunt

2061 5045 2185 5116 legis
2216 5045 2439 5114 faciunt,
2479 5044 2516 5097 ii
2553 5044 2711 5113 legem
2753 5059 2854 5096 non
2894 5042 3129 5098 habentes
3165 5049 3283 5094 sunt
3318 5038 3538 5108 sibiipsis
3565 5039 3647 5092 les

2061 5141 2250 5212 (Rom.
2275 5141 2331 5195 ἓ.
2365 5141 2432 5195 14
2451 5141 2491 5209 ).
3369 5177 3374 5181 -

2131 5233 2186 5288 5.
2209 5231 2370 5286 Vides
2397 5229 2666 5301 quomodo
2692 5244 2785 5285 eos
2805 5269 2820 5294 ,
2849 5229 2936 5299 qui
2967 5229 3083 5283 sine
3126 5226 3243 5296 lege
3290 5238 3352 5279 se
3379 5231 3521 5279 recte
3547 5237 3644 5294 ge-

2061 5323 2419 5387 runt,laudat
2465 5331 2517 5378 et
2545 5321 2839 5392 prmdicat’?
2867 5319 2999 5375 Vide
3036 5332 3223 5373 rursus
3260 5313 3526 5385 quomodo
3551 5329 3644 5370 eos

2061 5416 2256 5479 etiam,
2285 5415 2372 5485 qui
2423 5423 2643 5482 peccant
2685 5415 2735 5467 in
2782 5411 2980 5482 gratia,
3009 5407 3241 5464 ostendit
3293 5421 3411 5462 esse
3453 5405 3644 5476 dignos

2123 5592 2198 5656 (τι)
2233 5599 2664 5656 scamnta_campus
2686 5594 2810 5656 erat,
2835 5586 2978 5656 fossa,
2995 5593 3050 5636 ut
3073 5592 3286 5656 putatur,
3310 5582 3646 5656 undiquccin-

2123 5601 2198 5656 (τι)
2233 5601 2442 5641 seamma
2466 5603 2664 5652 campus
2687 5601 2810 5644 erat,
2835 5601 2978 5646 lossa,
2995 5601 3050 5636 nt
3073 5601 3286 5696 gutatur,
3310 5601 3524 5644 unatth
3543 5601 3646 5632 cm-

2060 5661 2187 5714 ctus,
2221 5654 2303 5702 ubi
2332 5651 2523 5714 pugiles
2548 5660 2599 5700 et
2635 5648 2833 5714 athletae
2879 5648 3075 5704 decerta
3113 5653 3212 5705 ant,
3255 5645 3489 5714 ludosque
3528 5655 3646 5714 age-

2063 5705 2208 5776 bant';
2243 5705 2539 5776 eumautem
2563 5709 2821 5774 pugnando
2859 5717 3114 5760 scammata
3147 5705 3498 5765 transiltcbtint,
3532 5705 3643 5754 tunc

2062 5774 2272 5827 maxime
2290 5774 2683 5826 celebrabantur.
