3928 6276
314 370 379 430 87
1068 377 1123 430 S.
1165 374 1438 432 JOANNIS
1473 372 1940 430 CHRYSOSTOMI
1983 371 2299 428 ARCHIEP.
2339 370 2872 427 CONSTANTINOP.
3513 373 3583 428 83

311 494 493 564 mjori
537 493 798 562 supplicio
825 490 892 545 iis
930 489 1018 560 qui
1048 498 1271 559 peccant
1298 491 1348 543 in
1381 490 1523 559 lege,
1558 489 1633 543 sic
1659 489 1839 542 dicens
1867 503 1882 540 :

312 585 652 650 Qui'irritam
697 585 812 655 fecit
853 582 1010 652 legem
1041 581 1374 647 Mosis,siue
1415 581 1756 634 misericordia
1797 580 1888 634 sub

311 677 506 730 duobus
533 674 612 728 vel
637 675 790 726 tribus
809 675 1012 726 testibus
1043 673 1251 726 moritur
1278 686 1298 727 :
1323 683 1510 742 quanto
1528 713 1544 738 ,
1573 673 1781 738 putatis,
1806 672 1892 724 de-

315 765 487 820 teriori
527 764 774 835 supplicio
817 764 1001 834 dignus
1045 763 1306 816 habebitur
1332 763 1417 833 qui
1433 763 1482 818 F
1486 764 1632 818 ilium
1652 760 1745 815 Dei
1768 777 1892 815 con-

315 856 527 908 calcavit
546 896 560 919 ,
587 865 632 908 et
655 855 949 925 sanguinem
989 851 1268 906 testamenti
1307 868 1618 905 communem
1642 853 1896 906 existima-

317 950 386 1001 vit
414 948 594 1020 (Hebr.
629 948 714 1002 10.
743 947 835 1002 28.
856 945 974 1017 29)?
1003 947 1066 1000 lit
1094 961 1293 1011 rursus,
1325 959 1418 999 eos
1446 945 1677 1015 quiante
1703 945 1893 1015 legem,

321 1041 387 1096 iis
405 1041 492 1110 qui
523 1039 574 1093 in
615 1040 731 1109 lege
758 1037 1070 1108 transgressi
1097 1046 1238 1104 sunt,
1287 1035 1477 1091 minori
1519 1035 1776 1106 supplicio
1817 1036 1900 1092 di-

321 1146 453 1202 gnos
477 1145 596 1186 esse
616 1132 920 1197 ostendens,
950 1130 1277 1198 Quicumque,
1304 1130 1492 1200 inquit,
1523 1129 1630 1182 sine
1653 1127 1760 1199 lege
1786 1144 1901 1198 pec-

322 1229 598 1287 caverunt,
629 1222 734 1276 sine
769 1222 876 1292 lege
923 1220 1151 1290 peribunt
1197 1221 1368 1292 (Rom.
1406 1221 1458 1274 2.
1496 1219 1618 1289 l2);
1650 1221 1749 1274 hoc
1778 1229 1860 1274 est
1884 1259 1897 1283 ,

325 1312 526 1376 mitius,
558 1320 615 1366 ut
639 1312 725 1382 qui
756 1312 925 1382 legem
967 1327 1071 1366 non
1104 1311 1334 1366 habeant
1359 1310 1737 1365 accusatricem
1763 1352 1779 1376 ,
1806 1309 1902 1365 sed

326 1411 575 1456 naturam
594 1411 796 1462 tantum
823 1419 835 1456 :
869 1402 1182 1469 Quicumque
1205 1410 1370 1454 autem
1397 1401 1450 1454 in
1476 1402 1582 1473 lege
1609 1410 1900 1471 peccarunt,

327 1509 417 1562 per
444 1493 601 1563 legem
610 1493 999 1560 judicabunmr;
1031 1494 1130 1547 hoc
1156 1503 1237 1548 est
1256 1535 1271 1560 ,
1303 1493 1558 1550 habentes
1609 1494 1905 1563 graviorem

327 1583 490 1636 etiam
516 1597 636 1637 cum
667 1593 852 1637 natura
883 1583 1052 1653 legem
1082 1585 1483 1640 accusatricem.
1525 1583 1766 1638 Decidam
1799 1600 1906 1637 me-

327 1673 428 1726 rito
449 1672 512 1726 ab
555 1674 770 1727 inimicis
813 1676 936 1729 meis
971 1676 1162 1729 inanis.
1208 1675 1261 1730 6.
1297 1674 1636 1748 Persequatur
1675 1677 1909 1730 inimicus

330 1765 552 1818 anintam
597 1782 758 1818 meam
803 1775 849 1820 et
890 1768 1298 1836 comprehendat,
1332 1777 1379 1820 et
1408 1768 1662 1821 conculcet
1692 1769 1747 1822 in
1777 1777 1909 1822 terra

331 1855 487 1907 vitam
527 1871 725 1922 meam,
762 1867 808 1910 et
832 1855 1048 1926 gloriam
1090 1874 1251 1910 meam
1297 1857 1351 1910 in
1393 1856 1646 1928 pulverem
1672 1858 1906 1912 deducat.

342 1945 529 2000 Vidisti
557 1948 682 2016 justi
723 1947 966 2002 ﬁduciam
1010 1957 1065 2002 et
1083 1949 1333 2018 optimam
1355 1949 1778 2003 conscientiam?
1802 1948 1914 2003 Nisi

335 2037 478 2090 enim
523 2038 677 2092 valde
715 2039 815 2093 sibi
862 2038 1200 2106 couﬁdisset,
1235 2054 1340 2094 non
1382 2049 1519 2095 esset
1563 2038 1683 2094 talia
1714 2039 1914 2109 impre-

335 2138 504 2182 catus.

411 2221 751 2276 Mansuetudo
771 2222 1002 2276 Doridis.
1033 2251 1102 2262 —
1120 2221 1272 2290 Quod
1303 2232 1480 2278 autem
1507 2223 1635 2278 dicit
1663 2233 1744 2279 est
1767 2223 1914 2293 ejus-

342 2313 483 2366 modi
517 2329 529 2364 :
554 2311 609 2366 Si
642 2313 740 2367 feci
772 2313 1017 2383 injuriam
1038 2355 1052 2378 ,
1077 2314 1122 2367 si
1149 2328 1234 2368 me
1256 2314 1394 2369 ultus
1424 2329 1562 2378 sum,
1594 2314 1710 2369 hazc
1733 2323 1788 2368 et
1827 2313 1916 2368 illa

341 2406 532 2474 patiar;
560 2405 611 2459 in
641 2407 871 2475 seipsum
900 2406 1002 2461 fert
1025 2407 1365 2471 sententiam,
1395 2416 1449 2462 et
1478 2423 1582 2461 non
1607 2406 1837 2477 postulat
1860 2415 1917 2460 ut

343 2510 439 2564 pro
461 2494 619 2549 modo
643 2496 718 2549 rei
740 2495 1027 2564 judicetur,
1057 2497 1163 2550 imo
1195 2498 1370 2566 potius
1398 2506 1454 2551 ut
1481 2511 1638 2566 supra
1668 2496 1916 2550 meritum

344 2587 456 2640 luat
503 2601 688 2656 pteuas
717 2604 728 2641 :
757 2597 810 2641 et
847 2588 1078 2657 seipsum
1127 2587 1299 2642 reddit
1338 2588 1410 2641 illi
1455 2587 1715 2658 supplicio
1751 2586 1919 2641 obuo-

343 2677 488 2730 xium
509 2717 524 2741 ,
553 2692 583 2728 a
613 2691 718 2746 quo
760 2678 931 2746 ipsum
962 2677 1044 2731 lex
1090 2677 1354 2747 prohibet.
1385 2676 1514 2732 Vide
1543 2686 1720 2731 autem
1745 2675 1916 2746 quod-

343 2781 466 2820 nam
487 2767 558 2821 sit
586 2767 712 2822 illud
744 2785 758 2820 :
787 2766 1057 2835 Decidam,
1088 2769 1288 2838 inquit,
1314 2767 1376 2821 ab
1404 2768 1620 2822 inimicis
1652 2772 1777 2822 meis
1808 2770 1920 2821 ina-

343 2861 442 2914 nis.
484 2859 821 2928 Persequatur
849 2861 1083 2914 inimicus
1127 2862 1350 2914 animam
1391 2877 1552 2914 meam
1576 2901 1590 2925 ,
1617 2870 1662 2914 et
1697 2875 1922 2929 compre-

345 2953 565 3016 hendat,
597 2961 644 3006 et
669 2953 924 3006 conculcet
961 2953 1015 3006 in
1044 2961 1175 3005 terra
1213 2952 1365 3004 vitam
1410 2968 1605 3015 meam,
1638 2961 1683 3003 et
1706 2950 1922 3021 gloriam

341 3061 508 3098 meam
532 3044 584 3097 in
611 3044 863 3114 pulverem
881 3043 1116 3098 deducat.
1146 3043 1259 3099 Hoc
1287 3053 1389 3110 est,
1419 3043 1500 3097 Me
1528 3043 1804 3113 inglorium
1826 3083 1840 3108 ,
1869 3051 1924 3097 et

347 3137 502 3191 bonae
527 3136 679 3192 fama:
699 3144 754 3191 et
781 3135 1190 3191 existimationis
1217 3145 1491 3205 expertem
1520 3134 1740 3205 perdat,
1767 3145 1822 3188 et
1847 3133 1922 3187 si-

339 3228 460 3285 mul
487 3242 608 3282 cum
639 3228 741 3282 vita
787 3242 906 3282 mea
952 3243 1124 3282 meam
1163 3242 1373 3298 quoque
1402 3227 1624 3297 gloriam
1662 3227 1921 3281 destruat.

342 3320 484 3385 Quid
507 3329 611 3384 est,
636 3319 702 3374 Et
731 3322 947 3392 gloriam
988 3337 1149 3376 meam
1174 3322 1226 3374 in
1248 3322 1501 3389 pulverem
1525 3321 1786 3375 deducat?
1814 3321 1926 3375 Hu-

340 3413 537 3479 miliet,
565 3415 840 3469 conculcet
869 3431 884 3466 :
915 3413 1151 3481 Elliciar,
1186 3414 1375 3484 inquit,
1408 3414 1540 3468 meis
1571 3415 1801 3468 inimicis
1829 3428 1926 3468 ex-

341 3512 583 3572 pugnato
603 3503 789 3557 facilis.
813 3504 948 3570 Quid
974 3506 1140 3572 possit
1163 3519 1282 3560 esse
1303 3505 1570 3560 Absalone
1594 3505 1924 3570 sceleratius,

342 3597 438 3664 aqua
467 3605 691 3666 patrem,
719 3607 778 3652 et
805 3599 963 3652 talem
987 3608 1211 3668 patrem,
1232 3599 1366 3655 adeo
1391 3607 1724 3654 mansuetum
1747 3607 1800 3654 et
1826 3599 1928 3652 mi-

341 3695 458 3740 «rtem
487 3689 924 3757 persequebatur,
955 3705 1075 3744 cum
1096 3699 1236 3745 esset
1257 3690 1570 3760 impudicus,
1605 3689 1849 3760 petulans
1877 3697 1932 3743 et

341 3778 794 3834 contumeliosus?
822 3781 957 3848 Quid
987 3781 1155 3851 ergo?
1180 3798 1303 3835 num
1332 3782 1563 3836 reddidit
1583 3781 1928 3836 retribueuti-

345 3869 453 3923 thus
493 3869 542 3923 ei
592 3871 730 3924 mala
750 3873 773 3923 ‘l
793 3887 916 3925 num
949 3871 1166 3942 injurias
1192 3873 1457 3928 revocavit
1500 3875 1550 3926 in
1579 3873 1932 3927 memoriam?

351 3959 715 4032 Nequaquam.
766 3963 830 4018 Et
862 3965 906 4018 si
951 3965 1338 4020 examinaveris
1385 3966 1560 4021 Saulis
1608 3966 1928 4033 historiam,

347 4060 480 4107 tunc
522 4053 753 4108 maxime
778 4054 983 4110 videbis
1023 4056 1167 4110 illam
1196 4071 1380 4112 vocem
1414 4073 1534 4111 esse
1557 4057 1754 4111 claram
1780 4066 1834 4111 et
1865 4057 1930 4111 il-

353 4149 595 4201 lustrem.
627 4145 761 4201 Cum
789 4149 930 4202 enim
954 4163 1074 4202 eum
1095 4191 1110 4214 ,
1145 4149 1234 4220 qui
1262 4160 1378 4220 post
1401 4150 1805 4204 innumerabilia
1835 4151 1931 4204 be-

358 4239 544 4292 neficia
570 4278 587 4306 ,
614 4249 678 4295 et
722 4249 919 4310 tropa-a
941 4284 953 4304 ,
983 4250 1039 4296 et
1073 4242 1323 4297 victorias
1365 4243 1413 4296 ci
1464 4243 1712 4312 injuriam
1767 4243 1932 4298 facie-

355 4336 483 4396 bat,
535 4331 754 4386 insidias
803 4333 1084 4399 tendebat,
1133 4342 1188 4389 et
1238 4335 1474 4404 quotidie
1511 4333 1760 4403 cupiebat
1810 4349 1932 4388 eum

352 4425 422 4480 de
450 4408 627 4474 medio
653 4421 837 4476 tollere
857 4465 875 4490 ,
906 4426 1110 4488 semel,
1139 4425 1242 4490 bis,
1271 4432 1368 4490 ter,
1399 4437 1452 4480 et
1487 4441 1631 4496 saepe
1663 4425 1935 4479 dormien-

356 4525 464 4567 tem
487 4553 504 4577 ,
523 4523 578 4567 et
599 4523 865 4584 tamquam
894 4519 944 4570 in
974 4531 1188 4571 carcere
1228 4519 1505 4584 inclusum,
1539 4528 1592 4572 et
1621 4517 1936 4572 satellitibus

363 4605 673 4659 destitutum
700 4605 754 4660 in
783 4621 972 4661 nianus
997 4610 1322 4676 accepisset,
1346 4609 1600 4679 multique
1628 4625 1750 4664 eum
1776 4609 1932 4679 jube-

361 4704 484 4751 rent
521 4696 764 4752 occidere
807 4709 861 4752 et
889 4699 956 4753 de
1002 4699 1181 4753 medio
1229 4701 1442 4767 tollere,
1487 4702 1536 4756 ei
1579 4701 1850 4771 pepercit,
1883 4710 1937 4755 et

361 4791 493 4842 iram
520 4789 538 4818 ³
566 4788 724 4855 vicit,
765 4787 922 4858 idque
948 4804 1071 4843 cum
1099 4792 1262 4844 sciret
1295 4804 1385 4856 se,
1415 4793 1460 4845 si
1499 4807 1620 4846 eum
1647 4791 1939 4846 dimitteret

360 4880 608 4946 hostem,
633 4890 689 4936 et
735 4882 1227 4938 irreconciliabilem
1274 4883 1543 4939 inimicum
1590 4899 1713 4941 esse
1755 4884 1939 4940 dimis-

357 4990 563 5028 surum.
607 4973 714 5029 Sed
764 4984 940 5029 tamen
983 4990 1157 5045 neque.
1200 4976 1458 5031 memoria
1509 4977 1894 5045 pra-ternorum
1918 5016 1935 5044 ,

361 5083 460 5124 nec
486 5077 661 5124 metus
690 5067 991 5122 futurorum
1014 5110 1030 5136 ,
1059 5086 1233 5141 neque
1261 5070 1424 5126 ullum
1460 5072 1601 5126 aliud
1632 5071 1895 5142 ejusmodi
1919 5111 1935 5137 ,

361 5177 483 5214 eum
529 5160 597 5215 ad
641 5161 786 5216 illam
829 5161 1029 5217 caedem
1069 5163 1380 5232 patrandam
1429 5163 1680 5233 impulit:
1712 5162 1806 5217 sed
1848 5177 1936 5216 sa-

363 5254 561 5321 pientia
598 5268 725 5308 usus
749 5262 861 5320 est,
888 5269 1106 5309 manum
1132 5256 1427 5320 continuit,
1460 5265 1515 5310 et
1540 5255 1672 5309 iram
1695 5253 1937 5308 refrena-

361 5347 471 5411 vit,
522 5347 812 5417 maluitque
855 5349 1144 5418 periculum
1184 5349 1366 5416 adire,
1413 5349 1618 5403 insidiis
1663 5347 1876 5417 appeti,
1907 5362 1938 5401 a

363 5438 532 5509 patria
583 5448 637 5493 et
685 5441 931 5496 libertate
977 5441 1258 5507 excidere,
1304 5457 1462 5512 quam
1507 5441 1818 5505 inimicum,
1849 5440 1938 5508 qui

362 5529 505 5584 nulla
534 5529 602 5584 de
625 5545 781 5585 causa
810 5534 858 5586 ei
882 5535 1229 5588 insidiabatur
1257 5576 1271 5599 ,
1310 5534 1399 5603 qui
1432 5542 1550 5602 post
1582 5530 1940 5585 innumerabi-

363 5624 430 5676 lia
472 5622 730 5677 beueﬂcia
765 5625 814 5678 ei
865 5635 1088 5680 mortem
1130 5625 1465 5693 moliebatur,
1510 5625 1752 5680 occidere
1793 5624 1938 5680 etde

424 5799 441 5830 ί
478 5805 576 5850 Duo
596 5805 722 5860 3153.,
749 5798 1063 5860 desiderium,
1089 5815 1192 5867 pro,
1216 5803 1356 5856 iram.

1999 483 2176 540 medio
2205 484 2412 538 tollere.
2451 485 2523 537 Ex
2549 483 2726 538 multis
2747 499 2956 554 quoque
2985 485 3101 538 aliis
3130 495 3305 553 potest
3329 487 3580 555 cognosci

1998 575 2348 646 philosophus
2376 575 2492 642 ejus
2533 577 2778 628 animus:
2805 585 2858 630 et
2905 575 3024 630 ideo
3066 576 3230 630 multa
3256 577 3355 631 sibi
3384 578 3584 647 impre-

1997 675 2169 731 catur,
2201 681 2368 734 eaque
2397 666 2573 734 gravia
2601 681 2664 719 ac
2685 666 2941 730 diflicilia,
2976 677 3031 720 ut
3061 681 3122 722 re
3150 667 3341 722 infecta
3375 669 3578 734 redeat,

1999 766 2056 811 ut
2096 756 2295 811 inimici
2331 758 2412 810 sui
2444 758 2550 810 sint
2579 758 2796 810 ornuiuo
2843 759 3103 822 victores,
3133 767 3190 812 ut
3211 760 3469 813 moriatur
3497 761 3585 814 iu-

2000 847 2238 917 glorius,
2270 854 2330 900 ut
2378 846 2477 901 hoc
2524 848 2756 917 patiatur
2796 848 2865 901 ah
2911 849 3172 916 inimicis,
3212 850 3353 919 quod
3380 850 3592 906 videtur

2002 955 2122 995 esse
2146 947 2319 994 morte
2343 940 2512 994 multo
2541 941 2753 1010 gravius
2777 956 2792 1006 ;
2821 940 2940 995 ideo
2969 941 3097 994 nihil
3122 957 3228 994 non
3259 942 3497 1010 molitur,
3531 955 3589 997 ut

2001 1040 2125 1101 post
2169 1040 2393 1088 mortem
2435 1033 2604 1102 possit
2646 1032 2763 1102 ejus
2807 1047 3088 1103 superesse
3133 1034 3413 1089 memoria.
3459 1035 3594 1089 Vide

2004 1123 2163 1194 igitur
2191 1133 2318 1193 quot
2348 1124 2448 1178 sibi
2481 1125 2803 1194 imprecatur
2833 1143 2846 1178 :
2881 1133 2936 1178 ut
2967 1125 3156 1179 frustra
3189 1125 3415 1190 laboret,
3441 1135 3497 1180 nt
3522 1127 3595 1178 ab

2005 1214 2235 1270 inimicis
2269 1215 2527 1280 vincatur,
2561 1225 2617 1268 ut
2661 1216 2940 1281 moriatur,
2969 1224 3025 1269 ut
3068 1231 3136 1270 ue
3175 1225 3345 1269 morte
3371 1216 3591 1286 quidem

2007 1306 2307 1371 communi,
2338 1317 2396 1360 ut
2435 1307 2550 1375 ejus
2579 1307 2738 1360 etiam
2793 1307 3046 1361 memoria
3079 1306 3340 1373 deleatur,
3369 1318 3424 1360 ut
3467 1323 3592 1361 cum

2009 1399 2297 1468 ignominia
2331 1416 2345 1452 :
2377 1413 2481 1452 non
2525 1407 2602 1452 tot
2644 1407 2868 1451 ettanta
2900 1397 2998 1450 sibi
3042 1397 3462 1466 imprecaturus,
3490 1398 3596 1450 uixi

2009 1491 2348 1546 conscientiae
2375 1492 2719 1545 vehementer
2757 1490 3069 1545 confideret.
3111 1489 3250 1555 Quot
3293 1490 3337 1543 si
3370 1489 3441 1542 illi
3478 1499 3601 1544 erat

2011 1583 2284 1648 inimicus,
2318 1597 2420 1635 non
2458 1589 2633 1651 potest
2671 1583 2721 1635 in
2765 1597 2886 1635 eum
2930 1582 3084 1651 culpa
3125 1581 3388 1646 conferri;
3413 1596 3594 1650 neque

2013 1676 2153 1730 enim
2186 1675 2297 1745 ipse
2315 1676 2543 1745 praebuit
2582 1675 2941 1730 occasionem.
2973 1673 3140 1741 Quam
3163 1674 3307 1728 enim
3335 1673 3484 1728 dedit
3529 1673 3596 1724 li-

2016 1768 2086 1822 lio
2110 1768 2443 1822 occasionem
2463 1766 2536 1836 (2.
2565 1767 2688 1838 (leg.
2731 1767 2820 1821 14.
2850 1767 2941 1820 2|.
2966 1775 3013 1820 et
3039 1765 3205 1837 sqq.)?
3227 1781 3382 1836 quam
3414 1765 3604 1819 Sauli?

2015 1859 2129 1914 Non
2185 1860 2334 1913 illum
2360 1901 2374 1926 ,
2412 1875 2531 1912 cum
2559 1868 2730 1914 morte
2759 1858 2915 1927 digna
2957 1859 3202 1922 fecisset,
3258 1857 3324 1911 ad
3387 1868 3604 1926 tempus

2017 1953 2330 2022 castigatum
2375 1952 2585 2007 reduxit
2623 1961 2677 2006 et
2701 1951 2932 2006 restituit
2963 1969 2976 2005 :
3005 1949 3144 2004 hunc
3170 1958 3347 2006 autem
3371 1960 3607 2004 mortem

2017 2045 2066 2100 ei
2097 2044 2485 2099 machinantem
2509 2084 2525 2109 ,
2551 2045 2601 2098 in
2625 2057 2811 2097 manus
2831 2057 2954 2097 suas
2997 2056 3140 2112 saepe
3178 2041 3452 2112 delapsum
3481 2057 3608 2095 scr-

2021 2139 2160 2194 vavit
2207 2139 2281 2212 (l.
2311 2139 2438 2208 Reg.
2469 2138 2559 2193 24.
2589 2138 2646 2208 7)
2666 2179 2679 2192 .
2723 2137 2840 2192 Non
2874 2151 3002 2206 ergo
3029 2135 3235 2205 respice
3263 2150 3328 2188 an
3357 2135 3613 2191 inimicos

2021 2228 2295 2294 habuerit,
2324 2229 2417 2284 sed
2454 2244 2520 2283 an
2563 2244 2655 2283 eos
2697 2228 2810 2298 ipse
2855 2227 2953 2282 sibi
2986 2227 3189 2282 fecerit.
3237 2225 3416 2296 Neque
3455 2227 3611 2280 enim

2020 2321 2264 2376 Christus
2306 2321 2408 2375 hoc
2447 2321 2641 2390 jussit,
2682 2335 2782 2374 nos
2820 2334 2924 2373 non
2974 2318 3171 2373 habere
3203 2318 3476 2382 inimicos,
3505 2317 3612 2372 sed

2022 2427 2128 2468 non
2158 2413 2373 2466 odisse:
2401 2411 2501 2466 hoc
2526 2412 2722 2482 quippe
2759 2421 2840 2466 est
2867 2412 2918 2464 in
2947 2419 3125 2464 nostra
3150 2418 3441 2478 potestate,
3472 2408 3616 2463 illud

2028 2516 2150 2556 vero
2197 2502 2432 2556 minimc.
2465 2501 2544 2556 Ne
2585 2509 2760 2555 autem
2792 2501 2906 2554 sine
2951 2515 3113 2554 causa
3135 2498 3264 2552 odio
3290 2497 3616 2560 habeamur,

2023 2605 2130 2646 non
2169 2600 2252 2645 est
2279 2593 2329 2645 in
2379 2600 2559 2646 nostra
2597 2600 2858 2660 potestate
2880 2631 2896 2652 ,
2922 2589 3014 2644 sed
3043 2589 3094 2642 in
3127 2603 3310 2642 eorum
3340 2591 3428 2657 qui
3473 2589 3617 2642 ode-

2024 2691 2168 2738 runt.
2220 2682 2446 2753 Improbi
2492 2684 2635 2737 enim
2681 2683 2850 2736 honos
2898 2681 3039 2734 nulla
3089 2672 3310 2734 omnino
3349 2680 3416 2734 de
3443 2696 3615 2733 causa

2025 2776 2205 2829 odisse
2245 2789 2594 2828 consuevere.
2645 2773 2853 2827 Etenim
2902 2772 3170 2825 Christum
3225 2753 3433 2842 quoque
3487 2771 3616 2824 sine

2026 2882 2182 2924 causa
2209 2868 2335 2922 odio
2363 2867 2680 2932 habuerunt,
2710 2863 3154 2936 quemadmodum
3179 2863 3305 2918 dicit
3335 2883 3348 2916 :
3377 2861 3620 2916 Oderunt

2028 2975 2108 3012 me
2151 2959 2305 3027 gratis
2335 2955 2512 3027 (Joan.
2541 2957 2628 3012 15.
2659 2955 2774 3026 25).
2807 2955 2872 3010 Et
2909 2954 3136 3024 apostoli
3176 2952 3474 3008 habuerunt
3503 2953 3617 3007 iui-

2031 3049 2198 3102 micos
2236 3046 2741 3117 pseudoaposlolos,
2785 3055 2838 3100 et
2879 3044 3152 3115 propheta:
3182 3043 3342 3097 falsos
3370 3041 3615 3114 pr0phe-

2031 3148 2130 3198 tas.
2158 3137 2270 3192 Non
2293 3146 2373 3192 est
2397 3139 2540 3192 enim
2562 3137 2664 3192 hoc
2693 3123 3062 3207 spectandum,
3096 3145 3152 3189 ut
3186 3150 3292 3188 non
3322 3133 3621 3188 habeamus

2032 3231 2275 3285 inimicos
2295 3273 2310 3294 ,
2339 3231 2431 3284 sed
2455 3246 2523 3285 ne
2543 3230 2702 3299 juste,
2736 3237 2788 3283 et
2813 3244 2880 3283 ne
2909 3243 3027 3282 cum
3056 3241 3246 3292 causa;
3279 3236 3435 3296 atque
3457 3236 3512 3280 ut
3542 3227 3618 3280 li-

2032 3333 2118 3377 cet
2145 3322 2338 3377 millies
2366 3321 2488 3375 odio
2528 3321 2837 3387 habeamur,
2869 3333 2976 3374 non
3004 3318 3293 3373 habeamus
3331 3317 3455 3372 odio
3479 3358 3495 3383 ,
3519 3333 3623 3372 ne-

2034 3431 2137 3486 que
2166 3429 2473 3470 aversemur
2501 3432 2516 3466 :
2549 3415 2599 3468 in
2631 3413 2734 3468 hoc
2769 3413 2909 3468 enim
2953 3411 3242 3466 inimicitia:
3285 3411 3624 3477 consistunt,

2035 3517 2093 3562 ut
2133 3507 2258 3561 odio
2296 3506 2616 3571 habeamus,
2641 3514 2697 3560 et
2735 3519 3061 3559 aversemur.
3087 3501 3308 3569 Quando
3334 3515 3462 3570 ergo
3489 3501 3628 3555 odio

2035 3596 2256 3664 habeor,
2286 3606 2340 3652 et
2376 3595 2500 3651 odio
2545 3610 2651 3649 non
2681 3593 2880 3660 habeo,
2907 3593 2995 3647 ille
3037 3608 3123 3647 me
3171 3591 3438 3646 inimicum
3463 3633 3478 3656 ,
3507 3605 3627 3646 non

2035 3704 2134 3760 ego
2174 3705 2295 3743 eum
2326 3688 2516 3742 habeo.
2557 3686 2780 3754 Quando
2818 3686 2867 3740 ei
2911 3684 3046 3739 bene
3092 3697 3306 3754 precor,
3332 3681 3542 3751 quando
3569 3683 3625 3736 ei

2035 3783 2156 3836 volo
2213 3779 2559 3844 benefacere,
2590 3777 2856 3848 quomodo
2905 3791 3004 3846 ego
3035 3775 3106 3828 illi
3149 3789 3265 3828 sum
3319 3773 3624 3827 inimicus?

2041 3872 2326 3939 Propterea
2369 3869 2578 3924 dicebat
2622 3868 2816 3922 Paulus
2850 3866 2948 3920 :Si
2979 3864 3214 3935 possibile
3252 3873 3323 3916 est
3349 3904 3363 3927 ,
3386 3873 3440 3914 ut
3463 3872 3536 3914 est
3567 3863 3626 3914 in

2037 3962 2193 4029 vobis,
2221 3977 2333 4014 cum
2361 3959 2588 4015 omnibus
2631 3957 2912 4012 hominibus
2962 3972 3136 4025 pacem
3174 3955 3408 4008 habentes
3435 3952 3625 4022 (Rom.

2039 4053 2128 4106 η.
2162 4054 2267 4121 is).

2109 4143 2162 4199 6.
2191 4140 2396 4196 Inimici
2423 4140 2671 4212 quomodo
2701 4137 3234 4210 placaudi.—-Nostra
3267 4151 3396 4206 ergo
3427 4135 3630 4188 all'cra-

2039 4251 2177 4301 mus,
2207 4246 2258 4291 et
2284 4251 2346 4289 ex
2377 4235 2478 4288 hoc
2517 4234 2632 4302 ipso
2662 4231 3012 4286 sufficientem
3059 4229 3266 4283 laudem
3304 4228 3629 4282 referemus.

2039 4331 2292 4394 Quasnam
2335 4333 2459 4379 sunt
2509 4335 2688 4378 antem
2741 4320 2956 4376 nostra?
2999 4319 3065 4376 Ut
3095 4318 3241 4373 verbi
3289 4317 3453 4387 gratia
3488 4335 3501 4370 :
3532 4315 3633 4372 hic

2040 4419 2163 4472 odio
2187 4429 2236 4472 te
2261 4417 2456 4478 habet,
2486 4425 2541 4469 et
2571 4415 2880 4484 impugnat?
2911 4412 2990 4467 Tu
3019 4425 3135 4465 ama
3157 4450 3171 4474 ,
3200 4419 3396 4464 etcum
3421 4409 3635 4463 beneﬁ-

2041 4512 2126 4565 cio
2160 4508 2332 4563 allice.
2367 4508 2581 4562 Probris
2606 4515 2660 4561 et
2689 4505 2986 4561 maledictis
3015 4503 3261 4574 appetit?
3288 4501 3366 4556 Tu
3397 4500 3634 4556 benedic

2033 4615 2098 4659 et
2120 4603 2294 4657 lauda.
2319 4602 2424 4656 Sed
2452 4616 2518 4655 ne
2547 4601 2623 4654 sic
2647 4599 2860 4669 quidem
2900 4597 3061 4652 solvit
3088 4593 3430 4650 inimicitias?
3457 4591 3634 4661 Majo-

2045 4709 2158 4749 rem
2191 4694 2350 4762 igitur
2376 4691 2465 4745 tibi
2495 4689 2650 4745 aﬂ‘ert
2678 4688 3001 4743 mercedem.
3026 4686 3146 4740 |Mali
3171 4685 3314 4739 enim
3336 4727 3350 4750 ,
3373 4698 3478 4754 quo
3503 4697 3600 4736 ma
3617 4714 3638 4724 --

2043 4787 2123 4856 gis
2151 4799 2181 4838 a
2205 4784 2360 4838 nobis
2397 4781 2660 4837 observati
2687 4779 2923 4833 libellum
2958 4777 3145 4831 nolunt
3169 4788 3526 4845 compoinerc,
3563 4789 3642 4825 eo

2045 4875 2198 4930 nobis
2225 4872 2636 4944 Splendidiorem
2681 4869 3162 4924 remunerationem
3193 4874 3546 4934 comparant,
3580 4877 3643 4918 et

2045 4981 2104 5020 se
2124 4964 2349 5020 reddunt
2401 4961 2794 5018 imbecilliores.
2843 4959 2942 5028 Qui
2993 4958 3134 5013 enim
3177 4957 3302 5010 odio
3340 4954 3529 5017 habet,
3579 4966 3644 5008 et

2046 5073 2151 5112 non
2180 5056 2574 5122 reconciliatur,
2609 5053 2888 5124 liquescit,
2922 5051 3146 5107 tabescit
3167 5091 3181 5114 ,
3212 5060 3266 5104 et
3295 5049 3346 5102 in
3370 5057 3644 5117 perpetuo

2045 5148 2188 5203 bello
2225 5156 2503 5202 versatur:
2527 5145 2617 5214 qui
2653 5153 2735 5199 est
2763 5153 2938 5196 autem
2977 5140 3058 5194 his
3091 5139 3210 5194 telis
3233 5138 3494 5208 superior,
3523 5145 3648 5192 stat

2046 5246 2284 5295 remotus
2331 5252 2362 5291 a
2407 5235 2612 5306 magnis
2661 5231 3104 5302 tempestatibus,
3153 5238 3208 5283 et
3257 5226 3462 5296 sibiipsi
3505 5236 3646 5280 ante

2047 5332 2194 5388 illum
2221 5330 2449 5385 maxime
2472 5328 2704 5398 prodest,
2738 5325 2861 5380 dum
2885 5323 3062 5379 studet
3082 5323 3158 5377 illi
3185 5319 3516 5376 reconciliari
3540 5358 3558 5383 ,
3583 5329 3648 5374 et

2047 5438 2153 5476 non
2180 5437 2300 5475 cum
2317 5434 2382 5474 eo
2410 5418 2606 5474 bellum
2623 5427 2815 5488 gerere
2833 5456 2849 5482 ,
2877 5415 3108 5484 seipsum
3148 5425 3178 5465 a
3198 5410 3354 5465 “bello
3380 5419 3435 5464 et
3459 5423 3646 5478 pugna

2047 5514 2298 5567 liberans.
2319 5510 2612 5581 Fugiamus
2645 5521 2773 5578 ergo
2804 5520 2924 5561 cum
2950 5505 3069 5560 aliis
3096 5504 3294 5558 bellum
3323 5513 3510 5572 gerere
3530 5541 3548 5566 ,
3579 5509 3649 5556 et

2047 5603 2350 5676 hujusmodi
2382 5617 2558 5657 rerum
2585 5599 2816 5655 radicem
2845 5598 2913 5652 de
2945 5595 3122 5650 medio
3146 5594 3414 5655 tollamus,
3437 5603 3648 5647 vanam

2046 5699 2267 5770 gloriam
2288 5737 2304 5762 ,
2335 5706 2389 5752 et
2411 5695 2705 5750 avaritiam.
2737 5691 2832 5746 Vel
2853 5691 2994 5745 enim
3023 5695 3240 5758 propter
3265 5685 3513 5756 pecunias
3556 5697 3656 5740 est

2053 5791 2292 5848 inimicus
2318 5789 2577 5859 quispiam
2605 5827 2619 5852 ,
2647 5785 2729 5840 vel
2759 5793 2972 5854 propter
3004 5794 3190 5836 vanam
3213 5777 3454 5849 gloriam.
3482 5775 3655 5844 Quod
