4032 6284
363 446 430 502 ετ
1533 439 1893 497 EXPOSITIO
1933 441 1998 495 IN
2043 442 2363 498 PSALMUM
2399 444 2490 499 vn
3545 435 3612 488 88

359 561 596 613 δείκνυσι
618 557 726 611 τῶν
747 558 804 611 ἐν
833 557 909 629 τῷ
939 558 1089 630 νόμῳ
1109 558 1535 629 διαμαρτόντων,
1557 558 1699 611 οὕτω
1727 558 1898 627 λέγων
1917 574 1929 586 '

375 651 702 720 Ἀθετήσας
733 669 824 718 τις
855 653 1044 720 νόμον
1067 648 1382 716 Μωῦσέως,
1413 651 1592 718 χωρὶς
1623 647 1939 717 οἰκτιρμῶν

360 743 460 798 ἐπὶ
492 743 680 799 δυσὶν
708 743 747 811 ἢ
799 743 958 814 τρισὶ
977 742 1280 812 μάρτυσιν
1309 742 1679 810 ἀποθνήσκει
1703 761 1716 774 ο
1746 743 1938 806 πόσῳ,

361 833 611 902 δοκεῖτε,
635 835 911 904 χείρονος
925 835 1322 901 ἀξιωθήσεται
1336 834 1612 904 τιμωρίας
1628 837 1660 888 ό
1674 833 1780 888 τὸν
1804 835 1941 887 Υίὸν

361 925 470 981 τοῦ
498 926 650 981 Θεοῦ
672 925 1124 994 καταπατήσας.
1147 927 1246 980 καὶ
1269 926 1336 980 τὸ
1361 922 1506 996 αἷμα
1519 925 1630 995 τῆς
1649 924 1942 993 διαθήκης

359 1018 574 1071 κοινὸν
603 1017 1029 1088 ἡγησάμενος;
1055 1017 1347 1071 Κανπάλιν
1375 1017 1501 1080 τούς
1530 1016 1636 1088 πρὸ
1651 1015 1743 1070 τοῦ
1774 1015 1940 1085 νόμου

360 1108 647 1173 ἐλάττονος
681 1109 897 1173 δεικνὺς
923 1109 1196 1181 τιμωρίας
1224 1108 1405 1175 ἀξίους
1427 1109 1587 1173 ὄντας
1631 1111 1736 1162 τῶν
1763 1109 1820 1161 ἐν
1863 1107 1940 1178 τῷ

357 1201 510 1271 νόμῳ
564 1201 954 1272 παραϐάντων,
1003 1201 1168 1256 Ὅσοι
1193 1241 1208 1264 ,
1246 1201 1429 1270 φησιν.
1473 1200 1708 1269 ἀνόμως
1745 1199 1933 1269 ἥμαρ-

358 1309 487 1355 τον,
539 1293 775 1361 ἀνόμως
823 1292 920 1346 και
974 1291 1385 1347 ἀπολοῦνται·
1428 1292 1734 1357 τουτέστιν,
1794 1293 1934 1362 ἡμε-

361 1380 616 1454 ρώτερον,
667 1383 767 1435 οὐκ
814 1382 1026 1454 ἔχοντες
1073 1383 1164 1438 τὸν
1212 1384 1375 1454 νόμον
1425 1385 1749 1455 κατήγορον,
1798 1381 1934 1437 ἀλλά

357 1475 460 1542 τὴν
515 1473 678 1542 φύσιν
731 1474 890 1544 μόνον
910 1490 926 1506 ⁸
982 1477 1146 1530 Ὅσοι
1205 1475 1274 1530 δὲ
1320 1477 1392 1530 ἐν
1439 1477 1600 1546 νόμῳ
1649 1475 1934 1544 ἥμαρτον,

356 1564 459 1618 διὰ
519 1567 706 1634 νόμου
764 1566 1189 1634 κριθήσονταιυ
1251 1567 1526 1631 τουτέστι,
1602 1567 1933 1637 βαρύτερον,

358 1655 577 1725 ἔχοντες
609 1656 747 1726 μετά
789 1658 887 1727 τῆς
921 1657 1136 1726 φύσεως
1181 1659 1275 1712 καὶ
1304 1659 1393 1711 τὸν
1431 1659 1592 1728 νόμον
1771 1657 1938 1728 κατή-

360 1768 545 1821 γορον.
594 1752 970 1822 Ἅποπέσοιμι
1002 1753 1116 1820 ἄρα
1148 1753 1266 1807 ἀπὸ
1293 1752 1411 1807 τῶν
1437 1751 1666 1821 ἐχθρῶν
1693 1770 1811 1821 μου
1849 1769 1938 1805 κε-

359 1845 486 1908 νός.
516 1841 878 1907 Καταδιὼξαι
905 1843 1019 1911 ἄρα
1064 1847 1097 1897 ὀ
1138 1844 1348 1913 ἐχθρὸς
1379 1844 1494 1912 τὴν
1543 1842 1754 1912 ψυχήν
1789 1859 1933 1910 μου,

359 1935 457 1988 καὶ
488 1934 828 2000 καταλάϐοι,
859 1937 956 1989 καί
973 1937 1390 2007 καταπατῆσαι
1407 1940 1494 2002 εὶς
1513 1936 1632 2006 γῆν
1650 1935 1762 2003 τὴν
1786 1933 1936 2000 ζωήν

352 2043 497 2094 μου,
527 2028 621 2080 καὶ
655 2028 769 2095 τὴν
791 2027 978 2092 δόξαν
1000 2046 1121 2098 μου
1151 2031 1234 2095 εἰς
1264 2029 1416 2098 χοῦν
1450 2025 1932 2095 κατασκηνώσαι.

360 2111 515 2178 Εἶδες
547 2119 860 2189 παρρησίαν
901 2118 1129 2183 δικαίου,
1169 2121 1262 2172 καὶ
1302 2121 1523 2191 ἄριστον
1569 2119 1836 2184 συνειδός;
1871 2118 1934 2171 Εί

358 2208 471 2278 γάρ
499 2208 576 2280 μὴ
605 2209 808 2281 σφόδρα
843 2211 1022 2282 ἐαυτῷ
1056 2211 1297 2283 ἐθάρρει,
1323 2213 1422 2266 οὐκ
1459 2212 1524 2266 ἂν
1549 2211 1774 2265 τοιαῦτα⁸
1802 2212 1937 2279 ἐπη-

361 2315 514 2369 ρατο.

437 2498 503 2550 Ὃ
528 2496 585 2549 δὲ
622 2497 770 2564 λέγει
801 2498 1041 2552 τοιοῦτόν
1076 2500 1220 2552 ἐστιν
1241 2514 1254 2527 ·
1276 2500 1340 2555 El
1361 2498 1614 2570 ἠδίκησα,
1647 2499 1698 2551 ιι
1724 2496 1933 2568 ἠμυνά-

360 2604 494 2659 μην,
523 2587 591 2641 τά
619 2588 715 2641 καὶ
742 2588 809 2642 τά
835 2588 1092 2660 πάθοιμι·
1127 2591 1218 2644 καὶ
1244 2589 1368 2644 καθ’
1402 2590 1598 2644 ἐαυτοῦ
1626 2589 1723 2660 τὴν
1755 2589 1934 2658 ψῆφον

358 2679 606 2748 ἐκφέρει,
625 2681 718 2732 καὶ
737 2681 835 2733 οὐκ
864 2681 1002 2748 ἀξιοῖ
1028 2680 1169 2735 κατά
1192 2682 1253 2734 τὸ
1278 2682 1474 2753 μέτρον
1502 2683 1777 2752 κριθῆναι,
1799 2682 1934 2735 ἀλλά

359 2770 544 2841 πολλῷ
577 2771 772 2840 μᾶλλον
799 2772 939 2842 ὑπὲρ
959 2773 1056 2844 τὴν
1089 2773 1244 2839 ἀξίαν
1272 2773 1471 2826 διδόναι
1502 2774 1599 2844 τὴν
1631 2773 1812 2842 δίκην·
1840 2773 1937 2825 καὶ

360 2861 662 2916 ὑπεύθυνον
706 2864 896 2916 ἐαυτὸν
941 2866 1084 2917 ποιεῖ
1123 2864 1360 2926 κολάσει,
1390 2859 1458 2936 ἧς
1503 2866 1532 2916 6
1567 2864 1728 2934 νόμος
1774 2864 1934 2917 αὐτὸν

360 2955 556 3024 εἴργει.
610 2954 717 3008 Καὶ
761 2956 862 3026 ὅρα
907 2956 1035 3010 ποία
1074 2957 1248 3028 αὐτήο
1297 2954 1705 3024 Ἀποπέσοιμι,
1747 2955 1931 3026 φησὶν,

359 3045 478 3098 ἀπὸ
525 3043 642 3097 τῶν
683 3041 912 3113 ἐχθρῶν
936 3063 1054 3115 μου
1097 3045 1286 3111 κενός.
1334 3043 1703 3108 Καταδιώξαι
1747 3044 1860 3112 ἄρα
1900 3046 1933 3099 ὀ

361 3137 574 3206 ἐχθρὸς
606 3135 721 3204 τὴν
759 3136 984 3206 ψυχήν·
1007 3156 1146 3207 μου,
1182 3139 1280 3193 καί
1311 3137 1660 3201 καταλάϐοι,
1695 3139 1793 3192 καὶ
1826 3155 1930 3192 κα-

364 3227 701 3293 ταπατῆσαι
734 3229 820 3292 εἰς
848 3228 965 3298 γῆν
993 3229 1107 3296 τὴν
1140 3227 1293 3299 ζωήν
1311 3247 1451 3298 μου,
1481 3231 1580 3284 καὶ
1605 3229 1719 3300 τὴν
1745 3230 1936 3294 δόξαν

359 3334 479 3386 μου
521 3319 608 3383 εἰς
650 3316 805 3386 χοῦν
855 3319 1340 3388 κατασκηνώσαι.
1374 3321 1684 3387 Τουτέστιν,
1717 3323 1932 3393 ἄτιμον,

360 3406 648 3480 ἀνώνυμον
679 3410 984 3477 ἀπολέσειε,
1020 3410 1160 3481 μετά
1187 3412 1286 3483 τῆς
1314 3411 1460 3482 ζωῆς
1485 3429 1585 3484 μου
1609 3413 1704 3466 καὶ⁵
1728 3413 1823 3484 τὴν
1848 3413 1935 3466 δό-

363 3499 460 3563 ξαν
507 3517 606 3570 μου
645 3500 990 3572 διαφθείρειε.
1041 3503 1106 3555 Τί
1137 3503 1272 3567 ἐστι,
1309 3503 1418 3558 Καὶ
1450 3503 1563 3572 τὴν
1588 3502 1770 3564 δόξαν
1813 3519 1934 3570 μου

359 3591 449 3653 εἰς
484 3587 639 3657 χοῦν
691 3591 1607 3658 κατασκηνώσαι;.Ταπεινώσαι,
1661 3593 1931 3662 πατήσαιο

361 3681 623 3752 γενοίμην
650 3681 865 3751 ἕτοιμος
896 3684 1009 3744 τοῖς
1053 3682 1286 3754 ἐχθροῖς,
1338 3684 1492 3755 φησί.
1535 3685 1599 3737 Τί
1631 3685 1824 3753 γένοιτ’
1867 3684 1935 3738 ἂν

363 3769 704 3843 μιαρώτερον
733 3771 827 3825 τοῦ
869 3772 1243 3843 Ἀϐεσσαλὼμ,
1272 3775 1419 3838 ὅστις
1439 3775 1672 3846 πατέρα,
1704 3775 1799 3828 καὶ
1830 3793 1934 3828 πα-

357 3861 497 3930 τέρα
529 3861 787 3928 τοιοῦτον,
815 3861 988 3926 οὕτως
1018 3864 1224 3936 ἥμερον
1276 3865 1370 3918 καὶ
1411 3866 1650 3936 ἐπιεικῆ,
1681 3867 1924 3930 ἐδίωκεν,

357 3950 602 4020 ἀσελγὴς
626 3949 702 4005 ῶν
730 3951 824 4004 καὶ
839 3952 1137 4014 ἀκόλαστος
1165 3951 1259 4004 καὶ
1284 3952 1662 4024 ὐϐριστής;⁷1“ί
1692 3951 1785 4007 οὖν
1807 3954 1935 4019 ;ούκ

356 4038 615 4093 ἀπέδωκε
644 4041 756 4102 τοῖς
785 4039 1224 4093 ἀπαποδιδοῦσιν
1255 4041 1404 4112 αὐτῷ
1430 4042 1596 4106 κακὰ,
1628 4043 1745 4096 οὐδὲ
1771 4045 1938 4116 ἐμνη-

359 4126 699 4197 σικάκησεν;
742 4129 1027 4200 Οὐδαμῶς.
1074 4129 1193 4183 Κᾶν
1225 4131 1485 4202 ἐξετάσῃς
1510 4130 1603 4185 τοῦ
1637 4133 1806 4186 Σαοὺλ
1838 4135 1936 4202 τὴν

362 4217 630 4288 ἱστορίαν,
661 4217 782 4269 τότε
816 4217 1048 4287 μάλιστα
1073 4219 1193 4289 ὕψει
1227 4220 1434 4290 ταύτην
1467 4221 1566 4293 τὴν
1596 4221 1778 4292 φωνὴν
1821 4223 1936 4275 δια-

359 4309 707 4379 λάμπουσαν.
737 4309 838 4362 Τὸν
863 4309 972 4381 γὰρ
1006 4311 1145 4380 μετά
1175 4311 1372 4382 μυρίας
1397 4312 1730 4384 εὐεργεσίας,
1753 4314 1847 4367 καὶ
1866 4314 1936 4368 τὰ

359 4404 620 4473 τρόπαια,
642 4402 852 4466 καὶτὰς
871 4403 1025 4466 νίκας
1049 4402 1358 4471 ἀδικοῦντα,
1377 4403 1471 4456 καὶ
1498 4404 1934 4469 ἐπιϐουλεύοντα,

361 4494 460 4549 καὶ
494 4493 706 4548 ἀνελεῖν
752 4493 876 4547 καθ’
911 4494 1147 4563 ἑκάστην
1177 4493 1546 4565 ἐπιθυμοῦντα
1573 4495 1673 4565 τὴν
1700 4495 1934 4567 ἡμέραν,

360 4583 547 4639 λαϐὼν
563 4586 643 4648 είς
661 4587 849 4655 χεῖρας
878 4586 974 4638 καὶ
998 4585 1167 4650 ἅπαξ,
1198 4587 1292 4637 καὶ
1311 4585 1412 4649 δὶς,
1433 4585 1528 4639 καὶ
1550 4584 1809 4649 πολλάκις
1837 4602 1937 4639 κα-

360 4674 641 4738 θεύδοντα,
665 4677 758 4728 καὶ
787 4674 1037 4745 καθάπερ
1053 4675 1111 4727 ἐν
1130 4675 1486 4746 δεσμωτηρίῳ
1513 4675 1938 4746 συγκεκλεισμέ-

321 4776 329 4782 “
358 4784 472 4829 νον,
516 4767 612 4820 καὶ
639 4765 950 4838 δορυφόρων
983 4766 1206 4837 ἔρημον,
1239 4766 1449 4820 πολλῶν
1492 4767 1936 4838 ἐγκελευομένων

360 4857 568 4928 σφάξαι
611 4858 702 4911 καὶ
729 4859 958 4924 ἀνελεῖν,
988 4858 1260 4928 ἐφείσατο,
1294 4859 1388 4911 καὶ
1426 4859 1524 4929 τῆς
1553 4857 1721 4929 ὀργῆς
1770 4860 1937 4929 ἐκρά-

359 4967 498 5022 τησε
527 4957 569 5016 ⁸,
611 4951 707 5004 καὶ
733 4948 904 5004 ταῦτα
937 4950 1110 5014 εἰδὼς,
1137 4951 1216 5004 ὃτι
1246 4951 1404 5019 ἀφεὶς
1434 4934 1934 5019 αὐτὸνδιαφυγεῖν,

363 5043 628 5112 πολέμιον
679 5042 878 5110 ἀφήσει
922 5040 1098 5112 ἐαυτῷ
1131 5042 1226 5095 καὶ
1267 5041 1458 5113 ἐχθρὸν
1505 5041 1932 5096 ἀκατάλλακτον.

372 5132 514 5187 Ἀλλ’
543 5133 694 5202 ὅμως
737 5130 861 5185 οὐτε
890 5134 925 5203 ὴ
969 5133 1153 5204 μνήμη
1187 5132 1296 5185 τῶν
1329 5131 1724 5204 παρελθόντων,
1748 5131 1870 5186 οὐτε
1905 5133 1935 5186 6

359 5225 528 5294 φόϐος
556 5224 666 5278 τῶν
701 5223 1022 5297 μελλόντων,
1045 5223 1169 5277 οὔτε
1209 5223 1337 5277 ἄλλο
1374 5223 1481 5278 τῶν
1505 5223 1761 5277 τοιούτων
1784 5223 1934 5276 οὐδὲν

357 5317 442 5378 εἰς
475 5315 578 5385 τὴν
610 5313 833 5385 σφαγὴν
859 5313 1019 5366 αὐτὸν
1051 5312 1318 5384 ἐξήγαγεν
1337 5314 1549 5384 ἐκείνην
1569 5329 1583 5344 ⁸
1615 5313 1728 5367 ἀλλ’
1755 5314 1936 5384 ἐφιλο-

361 5403 542 5473 σόμρει,
582 5405 673 5457 καὶ
709 5407 809 5475 τῆς
834 5403 1013 5474 χειρὸς
1042 5403 1282 5474 ἐκράτει,
1317 5405 1406 5457 καὶ
1432 5405 1523 5457 τὸν
1549 5403 1718 5474 θυμὸν
1756 5403 1934 5475 ἐχαλί·

355 5513 479 5561 νου,
513 5497 608 5549 καὶ
637 5498 823 5567 ᾑρεῖτο
843 5495 1169 5550 κινδυνεύειν
1198 5497 1291 5549 καὶ
1320 5495 1762 5550 ἐπιϐουλεύεσθαι
1799 5495 1935 5567 μᾶλ-

354 5589 472 5651 λον,
505 5588 605 5642 καὶ
629 5589 731 5658 τῆς
764 5589 1020 5660 πατρίδος
1049 5587 1218 5656 αὐτῆς
1243 5589 1492 5640 ἐκπεσεῖν
1522 5588 1616 5640 καὶ
1645 5587 1746 5657 τῆς
1779 5587 1933 5640 ἐλευ-

350 5679 570 5751 θερίας,
607 5679 639 5749 ἢ
675 5679 766 5731 τὸν
792 5677 984 5748 ἐχθρὸν
1009 5678 1252 5748 τὸν-είκῆ
1283 5676 1375 5730 καὶ
1411 5677 1586 5748 μάτην
1614 5676 1764 5748 αὐτῴ
1805 5678 1932 5730 ἐπι-

355 5832 742 5946 Εὐέαῐζιὲιέ
769 5833 848 5882 καὶ
872 5838 956 5892 τῆς
979 5832 1219 5895 ἐπιθυμίας
1251 5833 1499 5898 ἐκράτησε.
1538 5834 1710 5887 Melior
1739 5837 1933 5888 videtur

2043 561 2388 626 ϐουλεύοντα,
2418 548 2530 614 ’τὸν
2571 561 2709 630 μετά
2741 559 2940 631 μυρίας
2974 553 3300 627 εὐεργεσίκ
3343 550 3614 620 φονῶντα,

2045 653 2244 721 σφάξαι
2274 654 2364 706 καὶ
2391 653 2616 707 ἀνελεῖν.
2647 654 2757 706 Καὶ
2783 651 2842 716 ἐξ
2869 649 3070 722 ἐτέρων
3091 648 3148 700 δὲ
3181 644 3440 698 πλειόνων
3468 633 3616 695 ἐστὶν

2046 745 2173 799 ίδεῖν
2193 745 2290 816 τὴν
2317 745 2604 815 φιλόσοφον
2631 744 2794 798 αὐτοῦ
2821 743 3060 797 διάνοιαν
3077 757 3093 772 ·
3116 738 3195 792 διδ
3221 738 3315 790 καὶ
3344 737 3614 807 ἐπαρᾶται

2043 833 2190 905 αὐτῷ
2213 835 2383 888 πολλά
2409 837 2502 890 καὶ
2517 834 2749 908 χαλεπὰ,
2772 828 2883 887 οἷον
2899 833 2960 886 τὸ
2981 833 3258 902 ἄπρακτον
3279 827 3614 892 ἐπανελθεῖν,

2043 920 2106 972 τὸ
2139 921 2266 985 τοὺς
2297 923 2522 995 ἐχθροὺς
2543 927 2812 994 κρατῆσαι
2857 922 2993 993 μετά
3029 921 3230 990 πολλῆς
3276 919 3376 988 τῆς
3408 934 3612 988 παρου-

2047 1007 2164 1071 σίας
2195 1010 2380 1076 αὐτοῢ,
2425 1011 2485 1064 τὸ
2524 1011 2806 1083 ἀνώνυμον
2831 1009 3142 1074 ἀποθανεῖν,
3174 1009 3236 1062 τδ
3271 1007 3422 1079 παρά
3452 1005 3624 1060 πολερ

2050 1101 2187 1170 μίων
2216 1103 2374 1156 τοῦτο
2410 1103 2624 1170 παθεῖν,
2654 1105 2684 1158 ὃ
2713 1105 2846 1158 πολύ
2881 1102 2976 1157 τοῦ
3008 1103 3192 1156 θανεῖν
3238 1099 3622 1171 χαλεπώτερον

2043 1186 2184 1244 εἶναι
2209 1192 2392 1245 δοκεῖ·
2430 1193 2510 1246 διὸ
2547 1193 2640 1246 καὶ
2675 1193 2844 1265 μυρία
2889 1194 3256 1264 μηχανήματα
3291 1190 3454 1255 ποιεῖ,
3480 1187 3628 1259 πρὸς.

2042 1281 2104 1335 τὸ
2147 1282 2285 1351 μετὰ
2315 1284 2413 1354 τὴν
2457 1284 2718 1358 τελευτὴν
2767 1282 3226 1356 μνημονεύεσθαι.
3261 1283 3405 1352 Ὅρα
3437 1280 3622 1335 τοίνυν-

2043 1372 2144 1427 ὃσα
2195 1375 2371 1446 ἑαυτῷ
2417 1377 2722 1448 ἐπαρᾶται⁸
2781 1374 2843 1429 τὸ
2893 1376 3133 1446 ἀνήνυτα
3160 1375 3363 1438 πονεῖν,
3404 1373 3466 1425 τὺ
3504 1370 3621 1442 [581-

2050 1464 2153 1517 ὐπὸ
2195 1465 2301 1518 τῶν
2328 1465 2538 1539 ἐχθρῶν
2578 1465 2900 1539 ἡττηθῆναι,
2933 1465 2996 1518 τὸ
3041 1463 3350 1528 ἀποθανεῖν,
3381 1462 3444 1516 τὸ
3480 1462 3617 1533 μηδέ

2043 1556 2191 1626 κοινῇ
2222 1557 2286 1626 τῇ
2317 1556 2572 1628 τελευτῇ,
2621 1557 2682 1610 τὸ
2715 1558 2810 1611 καὶ
2835 1557 2934 1628 τὴν
2967 1558 3187 1627 μνήμην
3220 1554 3382 1611 αὐτοῦ
3414 1554 3618 1620 ἐξαλει-

2042 1645 2241 1716 φθῆναι
2264 1687 2280 1710 ,
2311 1649 2372 1700 τὸ
2419 1649 2556 1718 μετά
2586 1648 2810 1717 ἀτιμίας
2837 1663 2851 1678 ·
2910 1649 3011 1702 οὐκ
3053 1647 3120 1702 ἂν
3158 1647 3392 1700 τοσαῦτα
3439 1644 3618 1718 ἐαυτῷ

2041 1735 2454 1807 ἐπαρασάμενος
2476 1776 2491 1802 ,
2544 1739 2592 1790 εἰ
2627 1737 2703 1810 μὴ
2744 1738 2948 1809 σφόδρα
2981 1737 3198 1810 ἐθάρρει
3224 1735 3301 1807 τῷ
3332 1737 3614 1790 συνειδότι.

2042 1827 2104 1881 Εἰ
2132 1827 2188 1880 δὲ
2221 1829 2410 1901 ἐχθρὸν
2439 1826 2607 1902 εἶχεν,
2635 1831 2789 1884 οὐδὲν
2819 1829 2979 1884 τοῦτο
3010 1830 3201 1902 ἐκείνῳ
3227 1829 3509 1901 ἔγκλημα·
3553 1829 3614 1882 οὐ

2042 1919 2150 1992 γὰρ
2172 1921 2332 1986 αὐτὸς
2361 1926 2586 1994 παρεῖχε
2613 1922 2804 1987 λαϐάς.
2832 1923 2998 1976 Ποίαν
3022 1922 3130 1994 γὰρ
3155 1921 3324 1992 λαϐὴν
3351 1920 3519 1976 ιδωκε
3538 1919 3634 1992 τῷ.

2041 2012 2229 2080 παιδί;
2260 2013 2420 2067 ποίαν
2449 2015 2527 2084 τῷ
2556 2015 2760 2081 Σαούλ;
2801 2015 2936 2086 Οὐχὶ
2957 2015 3046 2068 τὸν
3077 2015 3176 2085 μὲν
3204 2013 3332 2078 ἀξια
3351 2010 3620 2082 τιμωρίας

2042 2101 2345 2176 πράξαντα,
2383 2105 2520 2175 πρὸς
2562 2104 2751 2175 καιρδν
2784 2103 3145 2177 σωφρονίσας,
3174 2105 3494 2176 ἐπανήγαγε
3523 2102 3618 2155 καὶ

2041 2193 2380 2265 ἀνεκτήσατο
2403 2212 2418 2226 ·
2469 2197 2559 2250 τὸν
2592 2198 2648 2250 δὲ
2691 2198 2935 2267 φονῶντα
2964 2201 3086 2252 κατ’
3115 2197 3277 2252 αὐτοῦ
3298 2236 3314 2261 ,
3359 2196 3625 2258 πολλάκις

2040 2285 2121 2347 εἰς
2148 2287 2332 2356 χεῖρας
2366 2285 2543 2339 λαϐὼν
2574 2287 2832 2355 διέσωσε;
2870 2289 2960 2357 Μὴ
2999 2289 3178 2342 τοίνυν
3204 2288 3360 2342 τοῦτο
3402 2287 3626 2354 σκόπει,

2041 2377 2090 2428 εί
2111 2376 2336 2446 ἐχθροὺς
2363 2373 2525 2448 εἶχεν,
2553 2379 2667 2432 ἀλλ’
2688 2381 2738 2433 εἰ
2770 2379 2934 2444 αὐτὸς
2961 2381 3157 2444 αὐτοὺς
3187 2379 3612 2434 κατεσκεύασεν.

2042 2465 2177 2519 Οὔτε
2208 2467 2316 2538 γὰρ
2358 2469 2387 2521 ὁ
2418 2469 2648 2541 Χριστὸς
2675 2469 2830 2524 τοῦτο
2858 2471 3139 2535 ἐκέλευσε,
3178 2469 3240 2524 τὸ
3275 2470 3348 2543 μὴ
3389 2469 3626 2543 ἐχθροὺς,

2041 2557 2184 2628 ἔχειν
2204 2575 2218 2591 ο
2248 2558 2437 2613 τούτου
2461 2559 2571 2632 γὰρ
2600 2561 2700 2616 οὐκ
2724 2561 2890 2632 ἐσμὲν
2919 2562 3097 2634 κύριοι
3118 2581 3130 2592 ·
3166 2561 3300 2617 ἀλλά
3330 2561 3390 2615 τὸ
3417 2561 3494 2634 μὴ
3528 2578 3620 2630 μι-

2043 2651 2154 2700 σεῖν
2175 2663 2187 2676 ·
2219 2648 2408 2702 τούτου
2434 2651 2543 2723 γὰρ
2565 2653 2725 2722 ἡμεῖς
2760 2652 2958 2724 κύριοι,
2985 2653 3190 2706 ἐκείνου
3214 2652 3270 2705 δέ
3290 2653 3351 2705 οὐ
3378 2651 3614 2715 πάντως.

2041 2739 2148 2792 Τοῦ
2181 2740 2236 2792 δέ
2267 2741 2538 2810 μισεῖσθαι
2574 2745 2718 2813 εἰκῆ,
2749 2744 2849 2796 οὐκ
2876 2744 2934 2796 ἐν
2961 2744 3092 2814 ἡμῖν
3120 2745 3153 2813 ἡ
3180 2742 3395 2806 ἐξουσία
3416 2746 3616 2808 κεῖται,

2039 2829 2154 2883 ἀλλ’
2183 2833 2240 2885 ἐν
2278 2835 2390 2896 τοῖς
2425 2833 2664 2903 μισοῦσι.
2713 2835 2824 2888 Καὶ
2854 2835 2962 2905 γὰρ
2995 2837 3044 2888 οἱ
3073 2837 3298 2907 πονηροὶ
3324 2835 3450 2898 τούς
3481 2835 3618 2902 ἀγα-

2040 2922 2167 2986 θοὺς
2203 2927 2381 2994 μισεῖν
2422 2926 2674 2980 εἰώθασιν
2703 2929 2826 3000 είκῆ
2867 2928 2963 2982 καὶ
3007 2930 3202 3002 μάτην.
3239 2929 3348 2983 Καὶ
3386 2928 3495 3000 γὰρ
3525 2928 3619 2982 καὶ

2039 3013 2131 3066 τὸν
2159 3016 2392 3086 Χριστὸν
2419 3018 2643 3086 ἐμίσουν
2669 3020 2814 3090 εἰκῆ,
2855 3019 3036 3083 καθὼς
3061 3020 3210 3089 λέγει
3229 3037 3243 3051 ·
3290 3018 3620 3090 Ἐμίσησάν

2033 3121 2112 3174 με
2137 3105 2380 3174 δωρεάν.
2439 3109 2550 3161 Καὶ
2595 3109 2644 3162 οί
2685 3109 2971 3178 ἀπόστολοι
3005 3111 3131 3174 τοὺς
3156 3109 3622 3179 ψευδαποοτόλους

2039 3191 2183 3268 εἶχον
2212 3197 2458 3269 ἐχθροὺς,
2486 3199 2580 3252 καὶ
2609 3200 2659 3252 οἱ
2684 3200 2957 3271 προφῆται
2990 3199 3116 3263 τοὺς
3145 3200 3618 3271 ψευδοπροφήτας.

2041 3290 2114 3342 Οὐ
2151 3289 2259 3360 γὰρ
2287 3289 2444 3342 τοῦτο
2473 3289 2553 3342 δεῖ
2600 3293 2858 3357 σκοπεῖν,
2911 3292 3059 3354 ὅπως
3099 3292 3174 3362 μὴ
3225 3291 3484 3362 σχοίημεν
3521 3292 3618 3361 ἐχ-

2041 3379 2238 3452 θροὺς,
2281 3381 2394 3434 ἀλλ’
2425 3381 2571 3445 ὅπως
2620 3382 2696 3453 μὴ
2739 3382 2984 3446 δικαίως,
3022 3380 3156 3452 μηδὲ
3205 3381 3440 3448 εὐλόγως
3465 3395 3482 3412 ο
3523 3379 3619 3433 καὶ

2039 3472 2185 3536 ὅπως
2210 3512 2224 3534 ,
2272 3473 2376 3526 κᾶν
2413 3472 2671 3544 μυριάκις
2717 3472 3024 3544 μισώμεθα,
3064 3473 3138 3544 μὴ
3175 3473 3444 3544 μισῶμεν,
3485 3471 3618 3542 μηδέ

2040 3563 2508 3635 ἀποστρεφώμεθα
2527 3580 2542 3594 ο
2576 3564 2744 3636 ἔχθρα
2765 3565 2871 3637 γὰρ
2897 3565 3054 3618 τοῦτό
3073 3567 3210 3630 ἐστι,
3239 3565 3298 3618 τὸ
3322 3568 3497 3635 μισεῖν
3523 3563 3625 3616 καὶ·

2039 3653 2498 3723 ἀποστρέφεσθαι.
2544 3656 2711 3709 Ὅταν
2760 3651 2853 3709 οὖν
2903 3655 3148 3726 μισῶμαι
3185 3655 3280 3708 καὶ
3327 3655 3402 3726 μὴ
3452 3653 3618 3724 μισῶ,

2040 3745 2243 3809 ἐκεῖνός
2277 3763 2343 3816 με
2387 3746 2598 3818 ἐχθρὸν,
2629 3748 2729 3800 οὐκ
2772 3747 2882 3814 ἐγὼ
2923 3747 3109 3801 τοῦτον
3153 3747 3282 3817 έχω.
3330 3747 3498 3799 Ὅταν
3529 3744 3618 3798 εὐ-

2040 3857 2251 3910 χωμαι,
2284 3841 2408 3893 ὅταν
2452 3841 2758 3912 εὐεργετεῖν
2791 3839 3098 3910 βούλωμαι,
3141 3839 3259 3902 πῶς
3302 3838 3394 3892 τὸν
3437 3837 3615 3890 τοιοῦ-

2039 3947 2130 3983 τον
2171 3930 2361 4001 ἐχθρὸν
2405 3930 2556 4002 Exn);
2605 3932 2704 3985 Διὰ
2751 3930 2912 3985 τοῦτο
2950 3934 2979 3985 6
3013 3932 3225 3993 Παῦλος
3271 3930 3457 3998 ἔλεγεν
3493 3945 3507 3959 ·
3547 3929 3618 3982 El

2040 4019 2326 4085 δυνατὸν,
2376 4021 2443 4074 τὸ
2481 4022 2550 4088 ἐξ
2583 4022 2773 4093 ὑμῶν,
2818 4023 2968 4092 μετὰ
3009 4023 3251 4076 πάντων
3293 4020 3617 4089 ἀνθρώπων

2035 4114 2470 4182 εἰρηνεύοντες.
2930 4093 2946 4110 ’

2100 4337 2172 4397 ς’.
2193 4330 2274 4384 Τά
2301 4330 2545 4403 ἡμέτερα
2572 4332 2751 4386 τοίνυν
2767 4333 3124 4404 είσφέρωμεν,
3148 4334 3241 4388 καὶ
3259 4333 3406 4404 αὐτῷ
3441 4333 3618 4405 τούτῳ

2039 4421 2312 4494 ἀρκοῦντα
2339 4423 2429 4476 τὸν
2457 4423 2672 4476 ἔπαινον
2699 4423 2913 4493 ἕξομεν.
2940 4423 3074 4477 Τίνα
3095 4424 3153 4478 δέ
3179 4426 3296 4482 ἐστι
3329 4424 3399 4478 τὰ
3423 4424 3616 4495 ἡμέτε-

2045 4530 2147 4584 9a;
2184 4509 2306 4566 Οἴόν
2339 4532 2389 4567 τι
2420 4513 2562 4582 λέγω
2581 4533 2594 4547 ο
2643 4517 2792 4586 μισεῖ
2817 4517 2845 4568 6
2874 4515 3018 4570 δεῖνα
3044 4518 3136 4569 καὶ
3165 4515 3489 4586 ἐκπολεμεῖ;
3541 4517 3615 4569 Σύ

2042 4601 2185 4670 φίλει
2225 4604 2320 4656 καὶ
2361 4603 2658 4674 εὐεργέτει.
2715 4605 2954 4677 ’Υϐρίζει
3000 4607 3093 4661 καὶ
3137 4606 3489 4677 λοιδορεῖται;
3541 4608 3613 4660 Σύ

2041 4693 2252 4761 εὐλόγει
2301 4694 2395 4747 καὶ
2440 4695 2670 4750 ἐπαίνει.
2718 4698 2858 4751 Ἀλλ’
2899 4698 2960 4752 οὐ
3003 4697 3118 4752 λύει
3144 4697 3242 4768 τὴν
3270 4697 3469 4770 ἔχθραν
3495 4699 3615 4752 οὐδὲ

2040 4783 2248 4851 οὐτως;
2297 4785 2505 4840 Οὐκοῦν
2540 4788 2762 4842 πλείονά
2791 4805 2873 4842 σοι
2920 4789 3102 4844 δίδωσι
3148 4788 3240 4843 τὸν
3295 4791 3504 4862 μισθόν.
3551 4789 3614 4842 Οἱ

2040 4876 2148 4948 γὰρ
2176 4877 2356 4944 κακοὶ,
2387 4879 2496 4949 ὅσῳ
2521 4879 2585 4932 ἂν
2608 4878 3035 4951 θεραπευόμενοι
3067 4879 3142 4952 μὴ
3179 4880 3490 4934 καταλύωσι
3521 4877 3614 4932 τὸν

2041 4969 2296 5040 πόλεμον,
2318 4969 2702 5043 λαμπροτέρας
2725 4973 2856 5041 ἡμῖν
2880 4968 3199 5042 προξενοῢσι
3229 4969 3329 5033 τὰς
3357 4967 3611 5039 ἀμοιϐὰς,

2041 5061 2136 5114 καὶ
2192 5063 2417 5126 ἑαυτοὺς
2473 5061 2893 5134 ἀσθενεστέρους
2945 5061 3210 5115 ποιοῦσιν.
3265 5064 3326 5114 '0
3373 5062 3471 5131 μὲν
3505 5059 3614 5131 γάρ

2043 5154 2235 5224 μισῶν,
2285 5154 2378 5207 καὶ
2409 5153 2485 5225 μὴ
2511 5153 2741 5208 διαλύων
2771 5153 2870 5226 τὴν
2902 5152 3133 5225 ἔχθραν,
3182 5153 3408 5224 τήκεται
3431 5190 3447 5216 ,
3497 5152 3614 5206 δια-

2040 5244 2360 5316 φθείρεται,
2408 5244 2645 5316 διηνεκεῖ
2696 5243 2856 5316 συζῇ.
2896 5244 3156 5314 πολέμῳ·
3215 5243 3245 5294 6
3297 5242 3353 5296 δὲ
3409 5241 3626 5298 τούτων,

2039 5336 2309 5407 ἀνώτερος
2352 5336 2461 5389 τῶν
2497 5335 2664 5405 βελῶν
2687 5375 2701 5401 ,
2756 5335 2861 5400 ἔξω
2900 5334 3008 5387 τῶν
3040 5332 3343 5406 τρικυμιῶν
3392 5331 3626 5406 ἐστηκε,,

2038 5429 2134 5482 καὶ
2163 5429 2356 5483 ἐαυτὸν
2384 5428 2492 5498 πρὸ
2537 5427 2744 5481 ἐκείνου
2777 5425 2846 5480 τὰ
2881 5426 3114 5495 μέγιστα
3161 5424 3361 5494 ὠφελεῖ
3383 5463 3400 5488 ,
3447 5427 3506 5478 ἐν
3539 5425 3616 5496 τῷ

2040 5519 2361 5582 σπουδάζειν
2387 5517 2580 5588 ἐκείνῳ
2605 5516 3085 5578 καταλλάττεσθαι,
3119 5515 3213 5568 καὶ
3239 5515 3313 5586 μὴ
3336 5514 3462 5568 πολε
3471 5516 3612 5584 μεῖν,

2038 5613 2227 5666 ἐαυτὸν
2276 5609 2634 5664 ἀπαλλάττων
2668 5607 2905 5676 πολέμου
2939 5606 3033 5658 καὶ
3084 5607 3284 5677 μάχης.
3321 5604 3633 5675 Φεύγωμεν.

2037 5703 2216 5756 τοίνυν
2249 5700 2501 5771 πολεμεῖν
2543 5699 2746 5769 ἐτέροις
2767 5737 2782 5764 ,
2830 5695 2922 5748 καὶ
2953 5695 3050 5765 τὴν
3083 5695 3236 5765 ῥίζαν
3273 5695 3475 5749 τούτων
3517 5696 3614 5747 ἀνο

2039 5793 2271 5863 έλωμεν,
2307 5791 2631 5857 κενοδοξίαν,
2663 5786 3046 5859 φιλαργυρίαν.
3099 5787 3170 5840 Ἢ
3211 5786 3320 5857 γὰρ
3364 5787 3452 5840 διὰ
3481 5787 3616 5854 χρή-

2045 5884 2190 5956 ματά
2235 5902 2314 5948 τις
2347 5882 2537 5955 ἐχθρός
2566 5883 2733 5946 ἐστιν,
2770 5881 2802 5952 ἢ
2836 5879 2922 5934 διὰ
2953 5879 3109 5943 δόξαν
3160 5878 3344 5948 κενήν.
3403 5875 3528 5930 Ἐὰν
3559 5873 3617 5930 δὲ
