4032 6284
465 412 536 470 89
1160 414 1217 470 S.
1255 413 1541 470 JOANNIS
1577 413 2071 472 CHRYSOSTOMI
2105 417 2424 480 ARCIIIEP.
2457 422 3007 481 CONSTANTINOP.

459 526 663 581 τούτων
716 520 866 599 ὦμεν
906 526 1186 598 ἀνώτεροι,
1244 529 1340 584 καὶ
1386 529 1480 582 τοῦ
1525 528 1841 584 ἁλίσκεσθαι
1865 530 2036 602 ἔχθρᾳ

458 611 695 683 ἐσόμεθα
738 610 995 683 ἀνώτεροι
1019 618 1066 666 ⁸.
1102 608 1219 666 Κάν
1264 612 1463 684 ὑϐρίσῃ
1513 613 1710 678 τοίνυν,
1737 612 1870 682 φέρε
1906 628 2033 682 γεν-

459 694 624 757 ναίως
657 710 670 725 ο
716 693 906 748 ἑαυτὸν
937 693 1061 765 γὰρ,
1094 694 1155 747 οὐ
1210 693 1270 747 σέ
1300 692 1511 763 ῦϐρισε.
1561 694 1682 749 Κάν
1722 694 1921 767 πλήξῃ,
1959 697 2033 768 μὴ

459 775 763 850 ἀντιτείνῃς
791 776 890 849 τὴν
909 776 1115 844 δεξιάν⁵
1134 774 1248 848 [59]
1266 775 1427 840 αὐτὸς
1452 775 1560 849 γάρ
1577 777 1725 830 ἐστιν
1751 778 1780 831 6
1803 778 2034 849 πληττό-

463 877 644 930 μενος.
680 861 740 915 at
772 860 870 931 μὲν
917 862 984 932 τῇ
1034 861 1198 935 χειρὶ,
1227 859 1417 913 ἑαυτὸν
1455 859 1513 913 δὲ
1541 860 1619 932 τῷ
1649 861 1805 933 θυμῷ
1835 862 2030 928 παίων,

459 944 554 997 καὶ
591 945 830 1016 πονηράν
861 942 1013 1015 παρά
1044 943 1261 997 πάντων
1302 942 1592 1013 λαμϐάνων
1638 945 1815 1010 δόξαν.
1864 945 1928 997 El
1973 945 2031 999 δὲ

457 1028 604 1083 δοκεῖ
628 1044 711 1082 σοι
732 1027 906 1082 ταῦτα
934 1026 1168 1081 δύσκολα
1189 1020 1351 1090 εἶναι,
1377 1027 1650 1098 ἐννόησον,
1675 1029 1759 1082 ὅτι
1776 1028 1826 1095 εί
1851 1028 2032 1098 μαινό·

460 1110 621 1182 μενός
664 1110 756 1164 σού
787 1128 871 1175 τις
900 1110 963 1165 16
1006 1110 1216 1181 ἱμάτιον
1254 1109 1607 1181 περιέρρηξε,
1641 1111 1764 1165 τίνα
1796 1111 1863 1168 ἂν
1894 1112 2031 1183 ἔφης

459 1198 692 1267 πάσχειν
719 1194 925 1261 κακῶς,
961 1194 1023 1249 σὲ
1044 1193 1136 1248 τὸν
1162 1193 1424 1258 παθόντα,
1450 1192 1483 1264 ἢ
1510 1195 1716 1248 ἐκεῖνον
1746 1194 1838 1249 τὸν
1873 1197 2029 1265 ποιή-

461 1296 665 1347 σαντας
702 1277 936 1349 Εὔδηλον
962 1279 1044 1332 δτι
1073 1279 1297 1331 ἐκεῖνον.
1342 1272 1497 1339 Είτα,
1526 1276 1655 1330 ἔνθα
1682 1276 1780 1347 μὲν
1806 1276 1872 1330 16
1898 1277 2029 1348 ίμά-

459 1380 572 1417 τιον
599 1362 1014 1433 διαρρήγνυται,
1042 1360 1072 1413 6
1109 1350 1340 1431 ποιήσας
1367 1358 1461 1413 τοῦ
1487 1358 1749 1423 παθόντος
1784 1358 2031 1429 χαλεπῶ-

458 1461 594 1514 τερα
626 1443 891 1498 πέπονθεν
914 1459 928 1473 ·
979 1441 1108 1496 ἔνθα
1136 1441 1195 1495 δέ
1233 1443 1267 1512 ἡ
1307 1441 1505 1511 καρδία
1543 1441 1955 1515 διαῤῥήγνυται,
2002 1445 2031 1497 6

459 1527 569 1598 γάρ
600 1526 768 1596 θυμὸς
797 1523 955 1579 τοῦτο
985 1527 1149 1589 ποιεῖ,
1184 1525 1285 1577 οὐκ
1331 1524 1537 1577 ἐκεῖνον
1578 1526 1758 1598 ἡγήσῃ
1810 1525 2031 1595 μείζονα

459 1608 786 1663 πεπονθέναι
816 1607 964 1662 δεινά
993 1606 1108 1669 σοῦ,
1134 1598 1231 1660 τοῦ
1256 1606 1376 1677 μηδ’
1401 1605 1578 1660 ὁτιοῦν
1600 1606 2027 1677 ὑπομείναντοςς

457 1692 552 1763 Μὴ
584 1691 692 1762 γάρ
718 1691 783 1764 δὴ
813 1691 972 1747 τοῦτο
990 1689 1173 1761 εἴπῃς.
1198 1689 1279 1743 ὅτι
1303 1691 1363 1743 16
1390 1690 1603 1760 ἱμάτιον
1629 1691 1690 1744 τὸ
1716 1691 1805 1744 σὸν
1832 1692 1885 1753 1³,
1913 1691 2028 1744 ἀλλ’

458 1777 542 1829 ὅτι
570 1775 830 1847 πρότερον
859 1775 959 1846 τὴν
993 1774 1188 1828 ἑαυτοῦ
1224 1774 1448 1845 καρδίαν
1485 1772 1787 1846 διέρρηξεν.
1819 1766 2030 1847 Ὠσπερ

460 1857 571 1929 γάρ
600 1858 813 1930 ίκτερος
843 1858 945 1913 οὐκ
974 1857 1039 1912 ἃν
1067 1856 1297 1926 γένοιτο,
1336 1857 1411 1929 μὴ
1450 1857 1552 1927 τῆς
1595 1857 1758 1927 χολῆς
1800 1858 2028 1930 διαρρα-

459 1943 671 2010 γείσης,
698 1941 793 1994 καὶ
833 1941 957 2004 τοὺς
984 1939 1214 2004 οἰκείους
1263 1940 1422 2011 ὅρους
1467 1940 1813 2012 ὑπερϐἀσηςο
1858 1940 2029 2006 οὕτως

457 2024 559 2078 οὐκ
590 2023 658 2077 ἀν
685 2024 853 2094 θυμὸς
878 2025 1114 2094 ἄμετρος
1136 2023 1362 2092 γένοιτο,
1400 2023 1472 2094 μὴ
1501 2025 1599 2095 τῆς
1627 2023 1854 2094 καρδίας
1886 2024 2033 2097 διαρ-

457 2108 740 2179 ῥαγείσης.
781 2109 989 2179 Ὥσπερ
1024 2103 1138 2170 οὖν,
1184 2106 1253 2160 ἂν
1282 2108 1396 2176 ίδῃς
1428 2108 1547 2160 τινά
1589 2107 1784 2179 ίκτέρῳ
1813 2109 2030 2179 κατεχό-

459 2206 640 2260 μενον.
670 2188 773 2243 κάν
803 2190 970 2263 μυρία
992 2190 1293 2262 ἐργάσηται
1319 2189 1489 2255 δεινά,
1517 2190 1619 2243 οὐκ
1644 2190 1710 2245 ἀν
1728 2191 1870 2245 ἓλοιο
1892 2191 2030 2263 πρὸς

458 2274 687 2326 σεαυτὸν
739 2273 1145 2327 ἐπισπάσασθαι
1189 2273 1250 2327 16
1284 2273 1494 2343 νόσημα
1531 2289 1546 2303 ·
1601 2272 1746 2326 οὕτω
1799 2274 1892 2327 καὶ⁵
1938 2276 2031 2329 ἐπὶ

455 2354 553 2408 τοῦ
580 2354 775 2424 θυμοῦ.
819 2354 919 2425 Μὴ
944 2354 1129 2425 ζηλοῦ,
1163 2355 1297 2425 μηδέ
1333 2355 1501 2423 μιμοῦ
1531 2356 1629 2425 τὴν
1662 2356 1879 2423 κακίαν,
1913 2356 2027 2411 ἀλλ’

457 2437 599 2491 ἐλέει
624 2436 871 2490 κάκεῖνον
897 2436 989 2490 τὸν
1013 2436 1074 2489 οὐ
1118 2435 1440 2508 χαλινοῦντα
1463 2436 1522 2489 16
1551 2439 1609 2490 ἐν
1637 2437 1785 2509 αὐτῷ
1818 2439 2025 2511 θηρίον,

455 2520 593 2576 ἀλλὰ
642 2523 902 2591 πρότερον
954 2518 1145 2572 ἑαυτὸν
1196 2519 1587 2590 λυμαινόμενον
1650 2523 1743 2575 καὶ
1791 2523 2030 2592 διαφθεί-

460 2620 642 2675 ροντα.
689 2603 813 2656 Ὅτι
858 2600 968 2673 γὰρ
1015 2602 1241 2665 ἑαυτοὺς
1288 2604 1337 2656 οί
1383 2603 1612 2659 τοιοῦτοι
1658 2605 2026 2676 λυμαίνονται,

456 2685 679 2739 ἀκούειν
705 2684 818 2739 ἔστι
867 2683 1077 2739 πολλῶν
1115 2684 1225 2739 τῶν
1267 2685 1367 2750 τάς
1410 2687 1663 2752 τοιαύτας
1709 2688 2028 2744 διαλυόντων

460 2768 659 2839 μάχας.
697 2767 855 2823 τοῦτο
878 2767 1285 2839 παραινούντων
1321 2769 1503 2833 αὐτοῖς
1527 2787 1538 2801 ·
1569 2770 1774 2825 Σαυτοῦ
1804 2775 1984 2841 φεῖσαι
2009 2790 2024 2804 ο

458 2851 653 2904 σαυτὸν
681 2852 902 2915 ἀδικεῖς.
942 2850 1194 2905 Τοιοῦτον
1217 2850 1325 2922 γὰρ
1355 2853 1387 2921 ὴ
1424 2852 1592 2905 κακία
1610 2868 1623 2881 ο
1659 2854 1749 2906 16v
1780 2854 2030 2909 τίκτοντα

456 2933 626 3003 αὐτὴν
683 2933 1005 3004 λυμαίνεται
1078 2933 1237 3002 μόνον
1263 2972 1279 2995 ,
1340 2932 1521 2987 πάντα
1571 2933 1684 2988 ἀνω
1740 2936 1835 2989 καὶ
1880 2937 2030 2991 κάτω

456 3017 706 3071 ποιοῦσα.
758 3016 850 3088 Μὴ
888 3016 1067 3070 τοίνυν
1100 3015 1410 3086 βουλόμενοι
1440 3016 1738 3086 ἀμύνεσθαι
1784 3019 2024 3090 ἐτέρους,

456 3101 612 3154 αὐτοὶ
652 3099 746 3155 τοῦ
791 3100 1009 3171 λιμένος
1049 3099 1391 3170 ἐκπέσωμεν.
1424 3100 1557 3153 Οὐδὲ
1581 3099 1686 3172 γὰρ
1714 3100 1767 3153 εί
1791 3119 1875 3165 τις
1904 3104 2029 3173 μέλ-

455 3185 565 3238 λων
603 3186 892 3253 ναυαγεῖν,
927 3183 1019 3238 καὶ
1060 3182 1385 3254 ὑποϐρύχιος
1417 3181 1694 3251 γίνεσθαι,
1734 3183 1922 3254 ῦϐρισέ
1968 3203 2028 3239 σε

456 3269 550 3321 ἐπὶ
576 3267 677 3336 τῆς
718 3267 822 3336 γῆς
852 3265 1181 3337 καθήμενον,
1228 3265 1473 3334 ἢλγησας
1507 3264 1595 3329 ἂν,
1644 3266 1765 3320 οὐδὲ
1799 3267 2028 3332 ἐξελθὼν

456 3349 559 3420 τῆς
582 3348 688 3418 γῆς
719 3349 1082 3417 ἐκοινώνησας
1107 3347 1255 3419 αὐτῷ
1289 3346 1380 3400 τοῦ
1411 3348 1692 3417 ναυαγίου.
1728 3349 1899 3403 Τοῦτο
1921 3351 2031 3404 τοί-

455 3434 555 3487 νυν
583 3431 923 3499 ἀναλογίζου,
958 3433 1040 3485 ὅτι
1072 3434 1100 3484 ὁ
1130 3432 1228 3501 μὲν
1258 3431 1495 3501 ὑϐρίζων
1527 3448 1586 3484 σε
1610 3431 1704 3486 καί¹
1734 3432 2025 3502 παροινῶν,

457 3513 649 3584 ὥσπερ
689 3514 879 3583 ἰλίγγῳ
916 3515 1055 3576 τινὶ,
1096 3513 1129 3583 ἢ
1174 3513 1446 3581 καταιγίδι
1480 3513 2025 3586 καταποντιζόμενος,

459 3597 787 3669 ὑποϐρύχιος
815 3598 1045 3665 γίνεται,
1084 3596 1162 3667 τῷ
1198 3597 1292 3650 τοῦ
1322 3597 1494 3667 θυμοῦ
1523 3599 1766 3668 ναυαγίῳ
1799 3617 2028 3670 περιπε-

459 3679 569 3735 σὼν
592 3697 607 3712 ο
652 3681 716 3735 σὺ
759 3680 817 3733 δέ
855 3681 886 3732 6
927 3682 1106 3752 φέρων
1139 3680 1397 3747 γενναίως
1417 3722 1431 3745 ,
1478 3681 1536 3731 ἐν
1569 3680 1745 3751 λιμένι
1772 3684 1866 3735 καὶ
1899 3684 2028 3753 παρ’

456 3764 704 3832 αἰγιαλὸν
730 3765 966 3837 τρυφᾷς.
1010 3763 1133 3816 Ἐὰν
1162 3762 1220 3815 δὲ
1259 3763 1395 3831 πρὸς
1431 3761 1520 3814 τὸν
1547 3764 1707 3817 αὑτὸν
1744 3764 2029 3838 ἐξενεχθῇς

454 3849 605 3919 αὐτῷ
630 3848 810 3918 ζῆλον,
839 3849 938 3902 οὐκ
963 3850 1188 3911 ἐκεῖνον,
1218 3846 1354 3900 ἀλλά
1383 3848 1579 3902 σαυτὸν
1612 3848 2026 3915 κατεπόντισαςζ

468 3933 798 4001 Ἀνάστηθι,
834 3933 1027 3998 Κύριε,
1065 3932 1136 3984 ἐν
1165 3929 1313 3999 ὀργῇ
1340 3946 1478 3995 σου,
1514 3930 1779 4000 ὑψώθητι
1810 3933 1880 3986 ἐν
1906 3935 2031 4002 τοῖς

456 4018 673 4085 πέρασι
709 4016 827 4070 τῶν
861 4012 1090 4084 ἐχθρῶν
1127 4031 1265 4068 σου.
1309 4012 1478 4067 Τοῦτο
1517 4013 1689 4078 οὕτως
1732 4010 1875 4082 εἷπε,
1922 4017 2030 4071 δει-

457 4104 587 4166 κνὺς
613 4102 695 4156 ὅτι
735 4100 852 4154 ἐστι
884 4098 976 4153 καὶ
1013 4098 1113 4152 οὐκ
1158 4099 1217 4151 ἐν
1249 4098 1386 4169 ὀργῇ
1431 4097 1764 4168 ἀναστῆναι·
1798 4099 1872 4163 ὡς
1900 4101 2028 4154 ὅταν

453 4187 621 4259 λέγῃ·
663 4184 933 4246 Ἀνάστα,
979 4184 1174 4251 Κύριε,
1227 4181 1436 4236 σῶσόν
1473 4198 1583 4250 με,
1628 4184 1661 4235 ό
1709 4182 1854 4247 Θεός
1885 4199 2026 4250 μου.

469 4268 707 4322 Ἀκούων
730 4268 789 4321 δὲ
815 4268 897 4330 16,
927 4267 1196 4331 Ἀνάστα,
1231 4265 1396 4336 μηδὲν
1427 4264 1736 4334 σωματικὸν
1760 4265 2032 4319 ὑποπτεύ-

458 4368 579 4421 σῃς.
603 4350 815 4421 Ὥσπερ
855 4349 963 4420 γάρ
1005 4351 1066 4402 16
1096 4348 1365 4418 καθῆσθαι
1407 4347 1502 4400 ἐπὶ
1529 4347 1663 4400 Θεοῦ
1688 4349 1748 4400 ού
1785 4365 2030 4417 σωματι-

456 4434 569 4498 κῶς
598 4434 830 4504 εἴρηται,
864 4429 1036 4494 οὕτως
1067 4432 1187 4486 οὐδὲ
1217 4431 1391 4484 τοῦτο.
1429 4430 1511 4484 Σὺ
1546 4431 1675 4500 γὰρ.
1711 4433 1864 4501 φησὶ,
1894 4438 2031 4488 καθ-

455 4520 677 4586 ήμενος
709 4518 795 4583 εις
839 4516 946 4570 τὸν
986 4514 1189 4568 αίῶνα.
1233 4513 1297 4565 Τί
1343 4510 1437 4567 οὖν
1480 4515 1627 4566 ἐστιν
1659 4524 1705 4576 ο,
1731 4514 1762 4566 ὂ
1804 4515 1891 4567 διὰ
1932 4517 2031 4586 τῆς

456 4599 722 4669 καθέδρας
766 4598 1093 4663 αἱνίττεταις
1130 4596 1204 4649 T6
1249 4597 1480 4667 ἑδραῖον,
1522 4597 1585 4649 16
1634 4599 1915 4667 πεπηγὸς,
1966 4600 2030 4653 16

457 4682 678 4752 βέϐαιον
706 4682 806 4751 τῆς
844 4680 1079 4751 φύσεως,
1122 4680 1185 4731 16
1223 4680 1469 4749 μόνιμον,
1517 4680 1652 4751 ὅπερ
1682 4678 1776 4734 οὖν
1815 4682 1908 4734 καὶ
1940 4682 2029 4735 διὰ

444 4763 556 4835 τῆς
600 4761 1003 4833 ἀντιδιαστολῆς
1039 4761 1326 4831 ἐδήλωσεν.
1351 4759 1532 4813 Εἰπὼν
1565 4762 1674 4832 γάρ
1696 4758 1745 4827 δ,
1778 4762 1862 4816 Σὺ
1887 4767 2030 4818 καθ-

455 4851 677 4921 ήμενος
720 4851 807 4916 είς
830 4847 936 4902 τὸν
966 4847 1152 4901 αἰῶνα
1175 4888 1190 4912 ,
1218 4848 1517 4916 ἐπήγαγεν,
1551 4846 1735 4915 Ὑμεῖς
1762 4847 1830 4901 δὲ
1850 4849 2033 4903 ἀπολ-

453 4935 702 5004 λύμενοι
737 4934 825 4999 εὶς
856 4931 963 4985 τὸν
997 4929 1202 4985 αἰῶνα.
1228 4930 1441 5000 ’Ὠσπερ
1464 4924 1556 4982 οὖν
1586 4929 1648 4982 16
1672 4930 1938 5001 καθῆσθαι
1968 4933 2029 4986 ού

455 5015 790 5087 σωματικὸν,
830 5013 1002 5077 οὕτως
1028 5013 1151 5066 οὐδὲ
1175 5012 1238 5065 16
1267 5012 1566 5082 ἀναστῆναι
1586 5027 1598 5041 ο
1635 5012 1750 5065 ἀλλ’
1784 5015 1900 5067 ἐκεῖ
1933 5017 2030 5085 μὲν

453 5102 515 5154 16
542 5102 774 5172 ἑδραῖον,
801 5098 1038 5153 ἐνταῦθα
1064 5098 1124 5151 δὲ
1155 5097 1218 5150 16
1251 5098 1642 5167 τιμωρητικὸν,
1673 5097 1735 5151 16
1765 5099 2030 5153 ἀναλωτι-

457 5184 571 5239 κόν.
602 5185 759 5238 Ἐστι
798 5181 857 5236 δὲ
891 5193 914 5222 ο
945 5183 1080 5236 ὅπου
1116 5180 1269 5252 δηλοῖ
1316 5179 1378 5234 16
1424 5181 1691 5251 καθῆσθαι
1721 5183 1816 5238 καὶ
1844 5183 1907 5236 16
1950 5184 2031 5237 δι-

520 5387 752 5458 τρρειεξ
772 5402 889 5458 πιξει
904 5387 1112 5458 ἐφήμερα
1129 5385 1430 5458 δινηλήτρροιν
1453 5386 1583 5458 (ιιιεά
1605 5385 1815 5458 ίιξίρευιη
1837 5394 1937 5437 εει-

518 5448 550 5489 δ
580 5449 679 5500 Alli
701 5452 758 5499 16
772 5512 777 5513 ί
791 5450 877 5499 σὸν
899 5446 1148 5513 διὲῤῥηεεν·
1173 5446 1223 5497 in
1244 5446 1355 5497 aliis}
1377 5446 1496 5497 veri)
1513 5446 1689 5509 deest,
1714 5449 1919 5510 haecque
1940 5461 2032 5498 vox

457 5513 648 5565 inutilis
670 5517 749 5562 est
770 5512 863 5561 hoc
886 5514 1007 5560 loco.
1514 5552 1518 5556 .

520 5576 544 5605 ο
573 5574 710 5625 Unus
734 5573 888 5623 codex
912 5571 1077 5620 αἰῶνα
1103 5571 1185 5619 καὶ
1203 5570 1272 5628 τίς
1308 5570 1435 5620 ἐστιν
1453 5572 1480 5619 6
1501 5571 1659 5620 διόλου
1677 5572 1962 5634 καθήμενος;
1986 5571 2033 5619 τί

452 5636 734 5747 ώῖιιὲἲὲίι.
760 5698 809 5746 in
841 5697 1005 5747 nolis:
1038 5708 1056 5741 ι
1082 5693 1199 5744 Haec
1223 5695 1424 5744 totidem
1464 5693 1627 5743 verbis
1665 5700 1719 5742 et
1739 5694 1831 5742 hoc
1858 5694 2031 5742 ordine

455 5761 507 5810 In
553 5758 721 5810 Bibliis
757 5772 853 5808 non
892 5758 1228 5820 reperiuntur.
1261 5757 1386 5807 Huic
1427 5763 1592 5807 tamen
1622 5755 1767 5805 amne
1793 5764 1870 5805 est
1901 5755 2033 5817 quod

455 5820 642 5889 lcgilgr
664 5818 1135 5889 Psglm.9l,_'8,‘9;b
1181 5881 1195 5889 _
1265 5880 1277 5889 ι
1355 5880 1373 5889 _
1412 5881 1426 5889 Α
1465 5881 1486 5889 _
1552 5879 1561 5888 ,
1660 5880 1711 5889 ,μ
1752 5880 1771 5889 ,
1911 5878 1917 5884 .
1992 5876 2004 5889 .

523 5879 547 5923 ἒ
577 5884 709 5933 Unus
730 5885 850 5932 ὅπου
879 5882 1042 5929 καὶτὸ
1067 5880 1311 5943 βασιλικὸν
1351 5880 1486 5943 δηλοῖ
1518 5879 1571 5943 ιο
1595 5880 1823 5943 καθῆσθαι
1847 5879 1924 5926 καὶ
1953 5879 2025 5926 τό.

460 5944 581 6000 Infra
603 5947 730 5999 idem
759 5944 859 5994 ἔστι
881 5946 928 5994 Ξὲ
940 5940 1076 5993 ὀπτῷ
1092 5943 1167 5990 καί
1192 5942 1243 5989 τὸ
1266 5941 1507 6006 βασιὶεκὸν
1549 5940 1680 5998 ζηλοῖ
1702 5944 1779 5996 ὡς.

3649 419 3723 480 σο

2141 538 2430 591 καστικόν⁹
2459 539 2537 602 ὡς
2572 539 2700 593 ὅταν
2738 535 2905 608 λέγῃσ
2946 534 3259 602 Ἐκάθισιις
3294 533 3409 607 [60]
3441 535 3540 590 ἐπὶ
3583 537 3733 604 θρόο,

2135 632 2247 672 νου
2282 622 2317 673 ό
2340 621 2559 688 κρίνων
2594 618 3014 687 δικαιοσύνηνο
3055 617 3149 671 καὶ
3179 618 3210 670 6
3242 618 3474 687 Δανιὴλ’
3507 610 3719 686 Θρόνοι

2133 699 2447 770 ἐτέθησαν,
2476 704 2577 758 καί
2602 704 2669 758 τὸ
2698 703 3004 771 κριτήριον
3025 701 3331 756 ἐκάθισεν.
3351 702 3510 756 Ἐστι
3542 701 3637 755 καὶ
3656 700 3720 754 τὺ

2135 780 2434 852 βασιλικόν·
2470 786 2546 850 ὡς
2573 787 2701 841 ὅταν
2731 785 2866 857 λέγῃ
2889 801 2905 815 °
2944 784 3000 837 '0
3042 784 3258 852 θρόνος
3300 799 3439 849 σου,
3475 787 3508 838 ὁ
3546 782 3714 850 Θεὸς,

2132 868 2220 932 είς
2249 866 2357 922 τὸν
2402 867 2589 923 αἰῶνα
2627 867 2738 922 τοῦ
2785 867 3027 935 αίῶνοςο
3057 867 3281 936 ῥάϐδος
3318 869 3647 936 εὐθύτητος
3671 869 3714 937 ἠ

2123 949 2347 1016 ,ῥάϐδος
2392 951 2505 1021 τῆς
2536 951 2860 1017 ,βασιλείας
2896 966 3039 1005 σου.
3067 950 3231 1003 Ὅθεν
3265 951 3361 1004 καὶ
3404 950 3484 1010 16,
3514 949 3716 1009 Κάθου

2131 1028 2200 1082 ἐκ
2217 1027 2432 1094 δεξιῶν
2449 1048 2587 1100 μου,
2634 1032 2696 1086 16
2728 1030 2971 1104 ἰσότιμον
3002 1030 3357 1086 ἐνδείκνυται.
3421 1028 3487 1080 Τί
3508 1027 3564 1081 δέ
3595 1030 3714 1082 ἐστι

2129 1108 2210 1175 16,
2246 1110 2342 1165 Ἐν
2393 1109 2541 1182 ὀργῇ
2586 1126 2741 1175 σονς
2801 1111 2911 1161 Καὶ
2968 1109 3129 1162 τοῦτο
3180 1109 3341 1163 πάλιν
3394 1110 3716 1181 θεοπρεπῶς

2131 1191 2448 1264 ἐκληπτέον.
2489 1192 2655 1266 Ὀργὴ
2695 1191 2804 1263 γὰρ
2840 1189 2935 1244 τοῦ
2969 1191 3104 1245 Θεοῦ
3144 1192 3206 1244 ού
3241 1190 3434 1256 πάθος,
3467 1192 3603 1245 ἀλλά
3632 1209 3716 1244 τι-

2133 1276 2316 1347 μωρία
2346 1276 2440 1330 καὶ
2472 1276 2712 1340 κόλασις.
2748 1274 3031 1344 Ὑψώθητι
3069 1276 3139 1328 ἐν
3172 1275 3295 1341 τοῖς
3341 1274 3563 1343 πέρασι.
3594 1274 3717 1328 τῶν

2128 1357 2359 1427 ἐχθρῶν
2393 1373 2529 1416 σου.
2565 1359 2756 1422 Ἄλλος
2803 1358 2988 1427 φησιν,
3038 1359 3138 1412 Ἐν
3188 1357 3352 1427 θυμῷ
3419 1357 3519 1412 ἐπὶ
3570 1358 3715 1423 τοὺς

2129 1440 2382 1510 ἐχθρούς
2398 1457 2536 1496 σου.
2556 1442 2684 1496 ’Έτε
2693 1457 2804 1511 ρος,
2832 1440 2928 1494 Ἐν
2950 1441 3110 1509 χόλῳ
3129 1440 3246 1493 τῶν
3267 1441 3594 1495 θλιϐόντων
3611 1456 3709 1508 με.

2133 1523 2378 1595 Ἕτερος,
2421 1525 2518 1578 Ἐν
2547 1525 3009 1592 ἀνυπερθεσίαις
3037 1512 3510 1592 ἐνδεσμούντων.
3563 1522 3624 1574 Ὀ
3653 1522 3714 1575 δὲ

2142 1605 2387 1677 Ἐϐραῖος
2405 1606 2487 1672 16,
2517 1607 2623 1660 ‘Er
2643 1606 2768 1671 τοῖς
2796 1607 3033 1674 πέρασι,
3058 1607 3332 1675 Βεϐαρώθ
3356 1621 3543 1675 φησιν.
3569 1606 3714 1677 Ὅρα

2129 1689 2292 1744 πάλιν
2317 1689 2431 1753 πῶς
2460 1689 2692 1743 ἐνταῦθα
2720 1689 2819 1758 οὐχ
2843 1689 3019 1759 ἐαυτῷ
3049 1690 3266 1760 ἀμύνει,
3292 1689 3408 1742 ἀλλ’
3432 1689 3574 1759 ὑπὲρ
3612 1690 3712 1757 τῆς

2128 1771 2222 1823 τοῦ
2247 1770 2381 1824 Θεοῦ
2413 1770 2570 1841 δόξης
2599 1771 2771 1826 ταῦτα
2798 1771 2965 1839 λέγει.
2992 1772 3067 1824 Οὑ
3093 1771 3202 1843 γὰρ
3222 1770 3407 1833 ἁπλῶς
3434 1766 3589 1835 εἷπε,
3606 1768 3715 1823 Κό-

2129 1852 2292 1910 λασον
2324 1854 2449 1918 τοὺς
2485 1853 2713 1925 ἐχθρούς
2749 1871 2871 1924 μου,
2918 1854 2955 1925 ἢ
2982 1854 3110 1918 τοὺς
3146 1853 3375 1925 ἐχθρούς
3406 1870 3535 1907 σουο
3570 1852 3709 1917 ἀλλ’,

2142 1934 2442 2004 Ὑψώθητι.
2494 1938 2603 1990 Καὶ
2637 1935 2755 1999 πῶς
2784 1935 3012 2005 ὑψοῦται
3043 1939 3073 1989 6
3111 1936 3347 2006 ὑψηλὸς,
3379 1936 3475 1989 καὶ
3505 1935 3593 1986 ἀεὶ
3634 1933 3713 1989 ῶν

2130 2017 2388 2088 ῦψιστος;
2419 2018 2492 2072 T6
2520 2018 2630 2092 γὰρ
2656 2019 2789 2089 ὕψος
2822 2017 2986 2072 αὑτοῦ
3018 2019 3118 2088 τῆς
3152 2019 3366 2088 φύσεως
3396 2018 3519 2073 οὔτε
3551 2019 3709 2073 ἐλατ-

2127 2102 2315 2156 τοῦται
2339 2143 2354 2165 ,
2376 2102 2498 2157 οὕτε
2531 2102 2941 2174 προσλαμϐάνει
2984 2120 3036 2156 τι
3055 2118 3069 2132 ο
3098 2101 3301 2166 τέλειος
3333 2103 3442 2174 γάρ
3477 2104 3592 2154 ἐστι
3619 2103 3712 2155 καὶ

2127 2184 2399 2256 ἀνενδεὴς,
2429 2185 2524 2239 καὶ
2567 2186 2654 2239 ἀεὶ
2686 2184 2947 2248 ὡσαύτως
2976 2184 3135 2256 ἔχων.
3169 2184 3295 2248 Πῶς
3319 2181 3434 2250 οὖν,
3473 2185 3565 2238 καὶ
3604 2185 3711 2237 τίνι

2128 2269 2315 2339 τρόπῳ
2334 2269 2559 2340 ὑψοῦται
2574 2286 2589 2335 ;
2604 2268 2862 2340 ’Υψοῦται
2877 2270 2935 2325 ἐν
2950 2272 3069 2333 ταῖς
3083 2269 3340 2333 διανοίαις
3352 2270 3460 2322 τῶν
3480 2268 3707 2324 πολλῶν.

2130 2348 2254 2405 Οἴον
2287 2351 2712 2424 ἐμακροθύμησε
2743 2352 3004 2416 πολλάκις
3033 2349 3054 2390 ί
3069 2357 3085 2372 ⁸
3113 2352 3164 2404 οί
3192 2353 3250 2406 δὲ
3286 2351 3473 2422 ἐχθροὶ
3508 2352 3569 2404 οὐ
3608 2369 3712 2421 μα-

2129 2428 2432 2499 κροθυμίας
2460 2431 2719 2501 ἐνόμισαν
2757 2426 2918 2495 εἶναι,
2948 2429 3086 2483 ἀλλά
3126 2429 3510 2493 ταπεινώσεως
3551 2429 3711 2483 τοῦτο

2129 2512 2224 2566 καὶ
2257 2512 2559 2577 ἀσθενείας.
2587 2514 2752 2566 Ὥστε
2802 2514 2898 2568 καὶ
2926 2512 3298 2578 ταπεινοῦται,
3337 2512 3453 2567 ἀλλ’
3498 2513 3600 2567 οὐκ
3649 2514 3710 2568 ὲν

2127 2594 2205 2667 τῷ
2234 2595 2544 2669 πράγματι,
2582 2597 2697 2652 ἀλλ’
2721 2601 2778 2652 ἐν
2808 2600 2876 2670 τῇ
2902 2598 3111 2670 διανοίᾳ
3139 2597 3385 2652 ἐκείνων.

2198 2787 2265 2851 ζ’.
2288 2787 2555 2858 Καθάπερ
2569 2787 2678 2860 γάρ
2694 2790 2722 2842 6
2747 2787 2896 2858 ἥλιος
2916 2788 3154 2860 ἀμυδρδς
3167 2787 3412 2856 φαίνεται
3429 2789 3540 2851 τοῖς
3556 2787 3711 2841 ἀσθε-

2128 2868 2278 2923 νοῦσι
2316 2870 2415 2934 τὰς
2460 2871 2643 2941 ὄψεις,
2675 2872 2816 2925 οὕτω
2859 2871 2924 2943 δὴ
2968 2872 3062 2925 καὶ
3109 2874 3137 2924 6
3171 2871 3303 2935 Θεὸς
3335 2871 3566 2942 ἀσθενὴς
3614 2872 3712 2925 καὶ

2127 2954 2379 3017 ταπεινὸς
2423 2956 2482 3006 ἐν
2512 2959 2634 3019 ταῖς
2684 2955 2946 3018 διανοίαις
2995 2955 3238 3009 ἐκείνων.
3294 2953 3431 3007 Ἀλλ’
3459 2954 3649 3025 ὥσπερ
3681 2958 3712 3008 6

2127 3035 2276 3104 ἥλιος
2308 3036 2451 3089 οῦτω
2477 3037 2778 3108 νομίζεται,
2802 3040 2901 3092 οὐκ
2930 3037 3044 3091 ἐστι
3071 3037 3128 3090 δέ
3154 3036 3414 3108 ἀμυδρὸς,
3446 3036 3582 3090 ἀλλά
3609 3038 3711 3106 τῆς

2130 3120 2414 3184 ἀσθενείας
2459 3121 2682 3175 ἐκείνων
2710 3122 2771 3176 16
2801 3122 3005 3185 πάθοςο
3034 3121 3178 3175 οῦτω
3217 3122 3311 3174 καὶ
3348 3123 3376 3174 6
3414 3121 3567 3186 Θεὸς,
3606 3121 3712 3174 κᾶν

2128 3202 2288 3256 τοῦτο
2332 3205 2738 3276 ύποπτεύηται,
2783 3206 2885 3259 οὐκ
2912 3205 3078 3258 »ἐστιν
3126 3203 3378 3275 ἀσθενὴς,
3421 3204 3558 3257 ἀλλά
3609 3206 3711 3275 τῆς

2130 3287 2352 3362 ἐκείνων
2380 3289 2563 3353 ἀνοίας
2588 3290 2647 3343 16
2677 3291 3005 3362 σύμπτωμα.
3031 3289 3095 3342 Τί
3117 3285 3209 3342 οὖν
3231 3305 3395 3359 φησιν
3417 3291 3446 3342 6
3466 3289 3709 3354 δίκαιος;

2141 3357 2417 3440 Ὗψώθητι
2454 3372 2547 3426 καὶ
2599 3357 2760 3444 παρά
2802 3357 2924 3437 τοῖς
2972 3372 3185 3443 ἐχθροῖς
3223 3357 3399 3442 ἡμῶν,
3452 3371 3710 3437 ἐπέξελθε

2131 3453 2225 3504 καὶ
2257 3453 2453 3519 δεῖξόνί
2467 3472 2561 3507 σου
2592 3456 2693 3526 τὴν
2727 3456 2900 3525 ἰσχὺν,
2926 3455 3011 3507 ἵνα
3038 3457 3088 3507 οί
3136 3453 3443 3524 νομίζοντες
3473 3451 3613 3508 εἷναί
3647 3471 3709 3508 σε

2128 3537 2402 3595 ταπεινὸν.
2455 3539 2549 3606 ἀφ’
2590 3534 3019 3608 ὤν’πάσ;ο)υσιν,
3067 3538 3217 3598 ἴδωσί
3256 3556 3349 3591 σου
3379 3539 3477 3608 τὴν
3526 3539 3706 3602 δόξαν.

2131 3618 2283 3685 Εἶδες
2325 3622 2490 3674 αὐτοῦ
2539 3622 2630 3675 τὸν
2661 3624 2883 3686 σκοπὸν,
2926 3623 2988 3676 ού
3029 3622 3091 3675 16
3140 3621 3333 3676 ἑαυτοῦ
3381 3621 3705 3693 ζητοῦντος,

2130 3704 2268 3757 ἀλλά
2296 3705 2357 3757 16
2385 3704 2479 3757 106
2508 3705 2664 3760 Θεοῦ.
2708 3707 2781 3759 Τὸ
2813 3706 2893 3768 δὲ,
2935 3707 3035 3760 Ἑν
3067 3706 3190 3772 τοῖς
3221 3706 3499 3771 πέρασιν,
3526 3709 3575 3760 οἱ
3606 3707 3708 3777 μέν

2133 3804 2320 3856 φασιν,
2357 3789 2460 3841 Ἐν
2494 3787 2623 3865 tui;
2649 3788 2961 3856 κεφαλαῖς,
2992 3791 3039 3841 οἱ
3070 3789 3149 3853 δὲ,
3177 3790 3402 3857 Μηδεὶς
3429 3788 3705 3858 διαφύγοι

2131 3870 2249 3923 τῶν
2280 3870 2527 3938 ἐχθρῶν.
2575 3871 2803 3938 Μεγάλη
2850 3870 2907 3924 δὲ
2956 3872 3126 3941 ἀρετὴ
3172 3871 3266 3924 τοῦ
3315 3872 3543 3936 δικαίου,
3574 3872 3706 3925 ὅταν

2129 3954 2256 4016 τοὺς
2300 3954 2496 4017 αὐτοὺς
2525 3951 2752 4022 ἐχθροὺς
2791 3952 2890 4025 ἔχῃ
2927 3953 3007 4023 τῷ
3044 3952 3162 4023 Θεῷ
3208 3955 3301 4006 καὶ
3342 3954 3466 4017 τοὺς
3509 3954 3706 4017 αὐτοὺς

2132 4035 2346 4105 φίλους
2385 4034 2574 4106 ὥσπερ
2606 4036 2774 4087 κακία
2829 4036 3070 4105 μεγάλη,
3116 4037 3242 4090 ὅταν
3286 4036 3410 4099 τοὺς
3442 4036 3534 4088 τοῦ
3568 4035 3705 4089 Θεοῦ

2132 4117 2317 4186 φίλους
2347 4117 2573 4189 ἐχθροὺς
2598 4117 2718 4190 ἔχῃ,
2745 4119 2840 4170 καὶ
2866 4120 2990 4181 τοὺς
3011 4118 3237 4189 ἐχθροὺς
3264 4120 3470 4189 φίλους.
3497 4119 3709 4190 Ὠσπερ

2131 4197 2274 4254 οῦνὸ
2310 4200 2441 4263 Θεὺς
2485 4200 2712 4271 ἐχθροὺς
2761 4199 2904 4269 ἔχειν
2955 4201 3195 4268 λέγεται,
3241 4203 3300 4253 οὺ
3340 4202 3533 4271 μισῶν,
3581 4202 3707 4255 οὐδε

2132 4285 2604 4354 ἀποστρεφόμενος
2626 4284 2842 4346 αὐτοὺς,
2864 4283 3000 4336 ἀλλά
3024 4284 3123 4346 τὰς
3147 4283 3374 4354 πράξεις
3399 4283 3579 4338 αὐτῶν
3607 4284 3707 4347 τὰς

2135 4365 2375 4436 πονηράς
2416 4364 2851 4435 βδελυττόμενος·
2887 4365 3031 4418 οὕτω
3064 4366 3158 4420 καὶ
3191 4369 3220 4420 6
3250 4367 3459 4430 δίκαιος
3478 4367 3708 4438 ἐχθροὺς

2132 4448 2263 4519 ἔχει,
2309 4450 2411 4502 οὐκ
2447 4450 2784 4519 ἀμυνόμενος
2840 4450 3070 4513 αὐτοὺς,
3111 4449 3248 4504 ἀλλά
3288 4450 3388 4522 τὴν
3438 4450 3707 4518 πονηρίαν

2133 4533 2623 4603 ἀποστρεφόμενος.
2670 4533 2782 4587 Καὶ
2842 4531 3201 4603 ἐξεγέρθητι,
3254 4534 3434 4601 Κύριε
3480 4532 3517 4584 ὁ
3561 4533 3707 4597 Θεός

2126 4632 2266 4682 μου,
2296 4615 2367 4667 ἐν
2415 4615 2823 4685 προστάγματι
2858 4607 2907 4681 ᾧ
2954 4616 3248 4669 ἐνετείλω.
3277 4613 3465 4677 Ἀλλος
3515 4614 3704 4684 φησὶν,

2147 4700 2247 4752 Ἐν
2283 4698 2536 4767 κρίματι.
2565 4698 2675 4752 Καί
2714 4696 3034 4768 συναγωγὴ
3071 4696 3239 4753 λαῶν
3272 4694 3569 4752 κυκλώσει
3608 4714 3702 4751 σε.

2137 4780 2326 4843 ’Ἄλλος
2368 4781 2519 4851 φησὶ,
2551 4779 2928 4835 Κυκλωσάτω
2963 4798 3036 4834 σε
3062 4783 3107 4833 ³.
3147 4779 3257 4835 Καὶ
3296 4779 3450 4848 ὑπὲρ
3487 4780 3707 4849 ταύτης

2132 4866 2218 4929 εὶς
2259 4864 2436 4932 ὕψος·
2465 4863 2856 4932 ἐπίστρεψον,
2898 4863 3013 4935 [6|]
3074 4864 3272 4931 Κύριε.
3307 4862 3496 4926 Ἄλλος
3542 4864 3705 4933 φησὶ,

2134 4947 2243 5002 Καὶ
2272 4947 2469 5000 ἐπάνω
2502 4947 2692 5015 αὐτῆς
2717 4950 2805 5011 εὶς
2840 4947 2906 5001 τὸ
2945 4947 3104 5015 ὕψος
3139 4948 3545 5016 ὑπέστρεφον.
3580 4943 3708 4999 Ἀλ-

2134 5031 2244 5095 λος,
2279 5030 2386 5083 Καὶ
2429 5029 2526 5083 ἐπὶ
2568 5030 2751 5099 ταύτῃ
2790 5032 2877 5096 είς
2918 5029 3077 5098 ὕψος
3120 5030 3508 5098 ἐπίστρεψον.
3551 5029 3611 5081 '0
3647 5029 3707 5081 δὲ

2146 5114 2394 5184 Ἐϐραῖος
2446 5112 2527 5174 τὸ,
2587 5112 2755 5181 ’Υπὲρ
2798 5114 3040 5180 ταύτης,
3095 5113 3280 5183 φησίν,
3339 5110 3590 5166 Οὺανίεά.
3637 5112 3704 5163 Τί

2133 5200 2302 5258 ἐστιν,
2344 5196 2444 5248 Ἐν
2482 5195 2887 5263 προστάγματι
2930 5189 2979 5263 ᾧ
3024 5195 3339 5260 tre-reum;
3367 5194 3532 5247 Ὥστε
3581 5194 3706 5264 βοη-

2135 5280 2247 5333 θεῖν
2276 5280 2387 5342 τοῖς
2420 5277 2811 5349 ἀδικουμένοις,
2840 5279 2933 5333 καὶ
2972 5279 3046 5349 μὴ
3081 5265 3366 5348 περιορᾷν,
3389 5279 3546 5348 φησὶ,
3576 5278 3704 5339 τοὺς

2133 5361 2809 5432 ἐπιϐουλευομένους.“υπε
2816 5379 2847 5432 ρ
2860 5358 2954 5415 οὖν
2972 5363 3102 5431 ἡμῖν
3119 5360 3407 5431 ἐνομοθέτη
3415 5377 3532 5425 σας,
3549 5360 3707 5414 τοῦτο

2133 5450 2233 5501 καὶ
2259 5448 2420 5510 αὐτὸς
2451 5445 2540 5499 διὰ
2568 5445 2673 5498 τῶν
2707 5445 2883 5515 ἔργων
2922 5446 3052 5515 ἡμῖν
3080 5443 3295 5506 ἀπόδος.
3333 5443 3493 5508 Τινὲς
3520 5445 3576 5498 δὲ
3611 5444 3707 5498 καὶ

2204 5665 2221 5704 ί
2269 5665 2393 5737 Post.
2431 5667 2657 5737 πολλάκις
2693 5665 2862 5737 Μυτθι.
2893 5667 3037 5737 ἀθάἱῑ
3070 5666 3167 5722 τοῖς
3209 5666 3391 5728 μεγάλα
3431 5663 3712 5727 ἡμαρτηκό-

2137 5745 2203 5787 σι,
2223 5741 2332 5788 qua
2352 5727 2531 5777 absunt
2547 5731 2607 5777 ab
2619 5728 2844 5777 omnibus
2861 5728 2989 5776 aliis.
3216 5727 3219 5728 ⁷

2200 5791 2225 5829 Β
2252 5789 2296 5837 Is
2318 5790 2402 5849 qui
2421 5792 2588 5850 venit,
2632 5789 2929 5837 κυκλωσάτω
2967 5804 3041 5845 σε,
3068 5796 3147 5837 εει
3184 5787 3516 5846 Symmachus.
3541 5786 3710 5850 Lecgio

2139 5869 2219 5900 και
2240 5848 2396 5899 ἐπάνω
2423 5848 2584 5910 αὐτῆς,
2629 5857 2707 5900 est
2730 5850 3110 5899 'l'heoduuonis;
3164 5850 3320 5910 συρτει
3359 5861 3494 5908 vero,
3529 5849 3610 5895 καὶ
3631 5848 3707 5897 ἐπὶ

2136 5929 2301 5993 ταύτῃ,
2327 5933 2402 5979 est
2423 5909 2628 5991 Aquilae.
2658 5927 2843 5978 Οὐαὶεά
2869 5927 3109 5977 Hel‘l’aice
3134 5909 3285 5989 τνίῃδτ
3307 5930 3350 5975 el
3375 5935 3515 5987 super
3536 5936 3660 5975 eam.
