4032 6284
283 415 364 472 S9
1450 409 1808 467 EXPOSI'I'IO
1868 409 1933 466 ΙΝ
1975 410 2292 466 PSALMUM
2328 411 2438 465 \‘ll.
3493 415 3568 470 ιη)

286 527 424 580 silis
441 523 703 578 fuerimus
729 522 1051 593 superiores,
1082 521 1244 576 etiam
1262 535 1327 576 ne
1347 535 1444 575 nos
1471 520 1874 590 apprchendant

287 614 603 679 inimicitia,
629 613 920 670 evademus
937 613 1259 682 superiores.
1277 611 1388 666 Etsi
1406 627 1532 682 ergo
1555 611 1873 665 contumelia

291 707 528 762 alfecerit
552 747 568 772 ,
615 720 810 776 magno
840 705 920 760 fer
971 703 1148 758 animo
1176 720 1190 756 :
1223 703 1452 772 seipsum
1487 703 1627 756 enim
1651 743 1667 766 ,
1689 716 1796 756 non
1824 711 1876 756 te

291 799 467 853 affecit
514 797 731 866 injuria.
771 796 839 850 Et
880 795 925 849 si
973 794 1325 862 percusserit,
1357 807 1422 846 ne
1459 792 1686 846 obsistas
1715 808 1728 846 :
1760 790 1874 860 ipse

291 891 432 945 enim
479 890 704 953 feritur,
737 897 789 942 te
816 901 974 941 manu
994 925 1010 950 ,
1034 885 1264 954 seipsum
1295 885 1369 938 ira
1413 884 1660 952 pulsans,
1691 891 1747 937 et
1773 882 1872 938 sibi

289 981 482 1034 malam
512 979 582 1033 ab
610 977 860 1034 omnibus
883 976 1328 1031 existimationem
1351 989 1684 1044 comparans.
1719 973 1882 1042 Quod-

286 1072 331 1125 si
364 1073 480 1126 hac
508 1070 605 1125 tibi
633 1069 880 1124 videntur
903 1081 1022 1122 esse
1047 1067 1302 1130 difficilia,
1345 1066 1447 1120 hoc
1471 1064 1608 1133 apud
1643 1073 1697 1120 te
1745 1078 1872 1120 0οη-

284 1160 464 1216 sidera
496 1159 582 1215 :si
604 1159 724 1229 quis
758 1158 988 1212 furiosus
1030 1168 1232 1211 vestem
1280 1163 1425 1209 tuam
1451 1155 1688 1224 undique
1734 1155 1872 1210 lace-

283 1254 419 1308 rarit
438 1292 454 1317 ,
475 1265 764 1322 quemnam
791 1248 990 1306 dixeris
1029 1249 1180 1303 malis
1203 1247 1380 1315 afﬁci,
1406 1257 1529 1303 tene
1552 1249 1641 1318 qui
1687 1262 1871 1316 passus

283 1359 342 1397 es
369 1385 385 1405 ,
419 1360 488 1396 an
520 1342 665 1396 illum
694 1342 783 1412 qui
831 1340 994 1395 fecit!
1037 1340 1250 1394 Clarum
1277 1350 1422 1394 certe
1451 1348 1532 1394 est
1557 1339 1696 1409 quod
1724 1338 1868 1393 illum

284 1433 431 1486 male
460 1431 706 1486 affectum
743 1445 863 1485 esse
902 1430 1139 1485 dicturus
1165 1432 1259 1485 sis.
1311 1428 1522 1500 Ergone
1544 1471 1560 1497 ,
1590 1429 1680 1483 ubi
1707 1431 1871 1484 vestis

283 1523 507 1592 quidem
531 1522 868 1590 discinditur,
881 1523 970 1592 qui
993 1522 1134 1587 fecit,
1153 1522 1392 1592 graviora
1411 1535 1594 1590 passus
1609 1529 1868 1590 estquam

285 1616 336 1668 is
361 1619 452 1680 qui
484 1616 643 1668 laesus
671 1612 772 1666 fuit
801 1631 813 1665 :
845 1613 932 1666 ubi
951 1621 1128 1667 autem
1154 1627 1249 1666 cor
1277 1613 1540 1682 rumpitur
1559 1651 1574 1676 ,
1604 1610 1705 1665 hoc
1728 1612 1868 1665 enim

285 1707 422 1761 facit
447 1707 546 1768 ira,
577 1721 683 1759 non
715 1705 862 1758 illum
889 1704 1135 1773 gravium
1163 1717 1282 1758 esse
1305 1717 1518 1772 passum
1547 1702 1754 1772 putabis
1779 1709 1865 1766 te,

281 1799 380 1868 qui
426 1814 494 1854 ne
521 1798 785 1852 tantillum
812 1797 1024 1867 quidem
1055 1811 1242 1866 passus
1264 1795 1366 1851 es?
1391 1795 1570 1866 Neque
1591 1797 1732 1850 enim
1768 1795 1870 1850 hoc

283 1891 490 1946 dixeris
515 1931 531 1955 ,
564 1891 712 1945 illum
755 1899 956 1946 vestem
997 1901 1144 1944 tuam
1181 1889 1436 1956 scidisse,
1464 1888 1559 1944 sed
1585 1889 1732 1958 prius
1777 1903 1872 1943 cor

284 1998 466 2035 suum.
506 1981 656 2036 Sicut
703 1982 844 2036 enim
892 1997 998 2036 non
1046 1980 1204 2035 fuerit
1239 1981 1454 2036 morbus
1501 1981 1718 2050 regius,
1767 1979 1870 2034 nisi

286 2071 410 2126 bilis
454 2080 780 2141 exsuperet,
820 2080 875 2126 et
904 2072 1148 2141 proprios
1185 2071 1379 2125 limites
1424 2071 1765 2125 transilierit:
1799 2070 1870 2124 ita

285 2163 579 2216 vehemens
607 2163 684 2216 ira
708 2161 800 2216 tibi
831 2177 933 2216 non
963 2161 1151 2229 fuerit,
1184 2161 1227 2214 si
1259 2176 1365 2215 non
1397 2161 1552 2215 fuerit
1578 2177 1672 2215 cor
1698 2160 1873 2215 disru-

286 2269 460 2326 ptum.
493 2254 953 2323 Quemadmodum
1000 2269 1129 2324 ergo
1174 2255 1218 2307 si
1249 2253 1446 2308 videris
1473 2253 1700 2321 aliquem
1728 2253 1872 2320 regio

284 2348 476 2402 morbo
504 2346 674 2401 teneri
697 2388 712 2411 ,
739 2345 837 2400 etsi
876 2345 1013 2400 mala
1057 2343 1242 2398 fecerit
1282 2344 1556 2398 innumera
1582 2383 1597 2407 ,
1626 2341 1869 2396 morbum

290 2438 356 2491 ad
381 2447 434 2492 te
461 2438 600 2491 nolis
627 2435 894 2491 attrahere
935 2453 952 2491 :
993 2436 1062 2488 ita
1087 2435 1246 2489 etiam
1272 2434 1324 2488 in
1353 2433 1451 2488 ira.
1479 2432 1556 2488 Ne
1583 2433 1864 2496 tumulare,

287 2543 389 2581 nec
440 2528 650 2581 imitare
701 2526 883 2579 vitium
906 2565 923 2592 ,
946 2525 1040 2580 sed
1086 2526 1223 2580 illius
1253 2525 1427 2595 potius
1458 2525 1709 2578 miserere
1737 2563 1752 2587 ,
1782 2522 1870 2590 qui

285 2632 450 2684 quam
482 2617 533 2670 itt
560 2631 621 2670 se
651 2615 811 2670 habet
838 2629 942 2670 non
979 2613 1151 2670 frenat
1184 2615 1440 2678 belluam,
1473 2615 1679 2682 sibique
1725 2613 1871 2682 ptius

287 2709 541 2760 damnum
568 2706 724 2762 aﬁ‘ert
759 2715 814 2762 et
836 2707 1074 2762 exitium.
1102 2706 1254 2774 Quod
1289 2707 1430 2761 enim
1462 2707 1550 2775 qui
1575 2706 1707 2759 tales
1747 2714 1873 2760 sunt

288 2798 528 2867 sibiipsis
570 2797 823 2852 damnum
869 2796 1124 2863 afferant,
1158 2797 1279 2852 licet
1305 2797 1488 2852 audire
1523 2798 1715 2852 multos
1738 2839 1753 2864 ,
1781 2797 1871 2867 qui

289 2889 597 2958 hujusmodi
639 2903 843 2959 pugnas
882 2898 936 2944 et
985 2889 1104 2943 lites
1157 2897 1517 2958 componunt,
1570 2888 1671 2942 hoc
1718 2899 1872 2959 pacto

288 2993 386 3036 eus
421 2979 800 3035 admonentes:
826 2980 988 3035 Parce
1032 2979 1262 3049 tibiipsi;
1311 2979 1440 3034 facis
1475 2981 1565 3034 tibi
1605 2981 1870 3050 injuriarn.

290 3070 422 3126 Tale
447 3071 589 3125 enim
623 3079 707 3125 est
748 3071 933 3124 vitium
966 3085 1124 3126 :eum
1161 3072 1250 3142 qui
1294 3072 1462 3141 ipsum
1491 3073 1666 3142 parit,
1699 3072 1870 3126 solum

289 3161 492 3215 damno
515 3159 699 3227 afﬁcit,
726 3161 905 3216 omnia
925 3175 1122 3232 susque
1141 3161 1312 3232 deque
1331 3176 1476 3218 move
1486 3177 1550 3218 ns
1569 3173 1621 3217 et
1643 3164 1867 3231 agitans.

292 3252 370 3307 Ne
413 3267 540 3321 ergo
563 3253 808 3307 volentes
844 3252 977 3307 alios
1006 3253 1228 3320 ulcisci,
1261 3254 1361 3324 ipsi
1403 3269 1434 3308 a
1476 3265 1626 3324 tortu
1655 3255 1869 3308 excida-

294 3359 435 3398 mus.
467 3343 652 3414 Neque
704 3344 846 3399 enim
877 3343 923 3398 si
962 3345 1223 3414 quispiam
1265 3359 1454 3400 navem
1498 3345 1756 3399 fracturus
1777 3386 1790 3409 ,
1819 3354 1872 3399 et

291 3434 716 3504 submergendus
741 3475 756 3500 ,
784 3443 836 3490 te
861 3435 914 3489 in
945 3443 1086 3490 terra
1113 3434 1385 3490 sedentem
1425 3438 1758 3490 contumeliis
1796 3435 1874 3488 af-

296 3525 499 3588 ficeret,
527 3538 592 3578 ex
620 3538 686 3578 eo
709 3524 944 3578 dolorem
971 3538 1209 3593 caperes,
1238 3539 1337 3578 nec
1361 3540 1392 3579 e
1424 3534 1560 3579 terra
1584 3525 1868 3588 excedens,

293 3632 418 3670 cum
447 3630 515 3669 eo
540 3629 658 3670 esse
681 3615 844 3670 velles
871 3615 1125 3686 naufragii
1157 3617 1436 3687 particeps.
1462 3617 1571 3670 lloc
1591 3632 1717 3685 ergo
1734 3616 1871 3682 apud

294 3719 348 3762 te
377 3715 564 3775 reputa
610 3706 783 3775 quod,
815 3708 902 3775 qui
935 3716 984 3759 te
1011 3709 1329 3760 contumelia
1358 3707 1548 3772 afﬁcit,
1579 3715 1631 3760 et
1662 3707 1873 3775 probris

292 3798 608 3860 insectatur,
642 3805 906 3863 tamquam
939 3795 1148 3850 turbine
1191 3804 1247 3850 et
1269 3796 1495 3864 procella
1535 3796 1708 3865 aliqua
1756 3797 1871 3866 agi-

293 3899 439 3944 tatns
494 3887 868 3956 submergitnr,
910 3889 960 3941 in
1010 3889 1101 3942 iraa
1142 3882 1467 3957 naufragium
1515 3888 1872 3943 incidensztu

291 3991 474 4034 autem
530 3978 618 4048 qui
668 3978 774 4032 fers
815 3977 1038 4042 fortiter,
1080 3987 1134 4032 et
1161 3979 1212 4032 in
1237 3986 1390 4046 portu
1428 3978 1555 4032 etin
1583 3979 1736 4032 lit-are
1761 3979 1873 4048 agis

291 4073 549 4126 suaviter.
599 4073 706 4128 Sed
729 4073 773 4126 si
802 4072 867 4126 ad
895 4071 1136 4128 eamdem
1163 4070 1418 4126 deferaris
1443 4072 1834 4126 contentionem
1855 4114 1870 4138 ,

293 4179 402 4219 non
445 4165 593 4218 illum
615 4202 630 4228 ,
653 4163 746 4219 sed
791 4164 1012 4232 teipsum
1043 4162 1365 4219 demersisti.
1398 4163 1448 4216 7.
1481 4161 1741 4231 Exsurge,
1772 4161 1873 4214 Do-

293 4256 432 4308 mine
455 4295 470 4317 ,
499 4255 552 4306 in
578 4254 658 4306 ira
705 4262 821 4319 tua,
851 4253 1074 4307 exaltare
1100 4253 1153 4306 in
1196 4253 1380 4322 ﬁnibus
1415 4253 1734 4306 inimicorum
1759 4262 1871 4305 tuo-

293 4361 431 4397 rum.
475 4344 584 4398 lloc
629 4345 697 4396 ita
727 4343 885 4411 dixit,
918 4344 1204 4398 ostendens
1233 4359 1353 4398 eum
1385 4358 1542 4413 posse
1567 4345 1726 4398 etiam
1757 4356 1874 4396 sur-

296 4453 428 4508 gere
443 4453 547 4491 non
570 4436 620 4490 in
639 4438 750 4500 ira;
781 4444 836 4490 ut
855 4437 1064 4507 quando
1082 4436 1208 4490 dicit
1236 4455 1249 4490 :
1277 4435 1460 4506 Surge,
1484 4435 1714 4496 Domine,
1734 4451 1874 4488 serva

295 4547 399 4597 me,
435 4529 571 4583 Deus
613 4545 747 4582 meus
775 4528 946 4599 (Psal.
979 4529 1032 4583 3.
1064 4527 1142 4599 7).
1169 4527 1301 4582 Cum
1326 4537 1502 4582 autem
1539 4528 1690 4582 audis
1713 4568 1728 4595 ,
1764 4527 1871 4581 Ex-

297 4636 492 4690 surge,
547 4619 678 4674 nihil
719 4618 999 4689 corporale
1060 4619 1366 4688 suSpiceris.
1414 4617 1870 4685 Quemadmodum

299 4711 445 4765 enim
485 4709 674 4766 sedere
714 4725 819 4766 non
840 4710 1038 4764 dictum
1068 4718 1148 4763 est
1175 4709 1228 4762 in
1269 4709 1378 4762 Deo
1405 4708 1772 4777 corporaliter,
1805 4710 1874 4762 ita

297 4814 402 4855 nec
422 4799 544 4854 hoc.
571 4798 648 4853 Tu
667 4799 830 4868 enim,
852 4799 1042 4870 inquit,
1064 4799 1239 4853 sedens
1257 4799 1310 4852 in
1321 4800 1576 4853 saculum.
1593 4799 1726 4866 Quid
1747 4813 1876 4868 ergo

298 4889 564 4958 signiﬁcat
583 4904 678 4958 per
703 4890 994 4944 sessionem
1010 4889 1036 4942 ’ἒ
1059 4889 1408 4955 Firmitatem,
1431 4889 1868 4957 immobilitatem,

299 4989 352 5033 et
381 4989 586 5035 natura:
614 4980 978 5046 stabilitatem,
1003 4989 1160 5050 atque
1184 4981 1558 5035 constantiam.
1583 4980 1732 5047 Quod
1758 4983 1874 5051 qui.

299 5070 420 5125 dem
443 5071 760 5142 signiﬁcavit
785 5072 944 5126 etiam
977 5087 1070 5140 per
1095 5072 1147 5126 id
1176 5071 1316 5140 quod
1359 5077 1408 5126 ei
1439 5087 1506 5126 ex
1531 5073 1756 5126 adverso
1780 5089 1876 5142 op-

299 5165 537 5234 ponitur.
566 5163 700 5220 Cum
734 5165 876 5220 enim
903 5165 1126 5221 dixisset
1158 5205 1174 5232 ,
1197 5164 1278 5218 Tu
1319 5164 1494 5219 sedens
1531 5165 1585 5218 in
1611 5165 1870 5231 saxulum,

297 5256 574 5327 subjunxit
592 5299 608 5324 ,
640 5256 740 5312 Vos
765 5267 932 5312 autem
953 5266 1222 5328 paeunt‘es
1241 5256 1295 5310 in
1321 5257 1580 5312 saeculum.
1608 5256 1875 5324 Quemad-

297 5349 520 5404 modum
547 5363 674 5419 ergo
703 5349 891 5404 sedere
925 5364 1034 5404 non
1059 5359 1140 5404 est
1164 5347 1462 5417 corporale,
1490 5348 1560 5402 ita
1587 5363 1686 5402 nec
1714 5349 1876 5403 ctiam

298 5439 679 5510 surgerezsed
725 5439 834 5494 illic
876 5438 1090 5509 quidem
1121 5437 1414 5504 stabilitas,
1447 5437 1533 5491 hic
1579 5447 1753 5492 autem
1782 5453 1877 5506 pu-

301 5530 484 5586 niendi
514 5529 596 5584 vis
638 5537 692 5584 et
711 5529 1058 5585 consumendi
1093 5537 1345 5598 potestas.
1387 5528 1586 5583 Sedere
1614 5527 1878 5596 signiﬁcat

301 5635 706 5691 nonnumquam
731 5619 1001 5690 judicandi
1028 5619 1354 5685 facultatem,
1385 5629 1440 5673 ut
1468 5618 1676 5688 quando
1700 5618 1827 5672 dicit
1859 5635 1872 5672 :

300 5713 492 5768 Sedisti
521 5728 673 5782 super
714 5713 982 5779 thronum,
1009 5711 1095 5784 qui
1132 5711 1334 5786 judicas
1374 5710 1626 5782 justitiam
1678 5707 1872 5779 (Psal.

301 5803 356 5861 9.
378 5807 436 5876 4)
461 5820 477 5870 ;
505 5814 561 5862 et
583 5804 764 5860 Daniel
793 5820 806 5860 :
833 5803 1022 5860 Throni
1050 5804 1198 5874 positi
1240 5813 1384 5872 sunt,
1411 5813 1454 5857 et
1488 5803 1613 5858 sedit
1625 5802 1874 5872 judicium

1985 521 2146 588 (Dan.
2180 521 2228 574 7.
2259 521 2338 591 9).
2367 521 2462 575 Est
2495 520 2654 576 etiam
2677 523 2853 590 regale
2882 519 3070 575 sedere
3092 563 3105 584 ,
3140 529 3192 573 ut
3225 523 3436 590 quando
3481 530 3577 577 ili-‘-

1982 611 2091 665 cit:
2123 609 2360 665 Tltrouus
2408 621 2546 675 tuus,
2589 610 2744 675 Deus,
2793 613 2846 665 in
2898 609 3138 665 secufum
3178 612 3558 681 muli..'uirga

1981 704 2322 770 rectitudinis,
2355 704 2493 774 virga
2517 705 2657 774 regni
2685 705 2759 756 tui
2786 702 2956 773 (Psalz
2987 703 3075 758 M.
3111 703 3185 772 7).
3209 702 3361 758 Unde
3395 704 3553 769 illud,

1981 793 2116 848 Sede
2138 811 2169 847 a
2189 795 2376 848 deatris
2399 795 2518 848 meis
2555 793 2725 865 (Psal.
2754 792 2972 864 {09.1),
3003 794 3316 863 significavit
3336 795 3573 863 aequali»

1979 894 2140 942 tatem
2183 887 2420 941 honoris.
2451 887 2588 954 Quid
2629 896 2711 941 est
2735 895 2910 942 autem
2941 887 3067 941 illud
3088 925 3105 952 ,
3138 885 3204 940 In
3237 887 3315 940 ira
3343 897 3429 941 tua
3448 889 3473 940 ?
3501 887 3566 941 lib

1978 993 2188 1047 quoque
2217 979 2288 1032 ita
2321 994 2506 1033 rursus
2528 977 2891 1048 accipiendum
2917 989 3018 1042 est,
3043 989 3098 1032 nt
3124 979 3235 1034 Deo
3253 979 3553 1034 conveniat.

1977 1068 2059 1124 Ira
2085 1070 2227 1124 enim
2261 1070 2350 1151 [ξεί
2375 1086 2481 1124 non
2507 1080 2591 1124 est
2615 1070 2777 1125 animi
2805 1070 3164 1138 perturbatio,
3195 1071 3288 1126 sed
3327 1073 3556 1141 castiga-

1979 1164 2051 1216 tio
2078 1171 2131 1217 et
2172 1163 2387 1231 punitio.
2421 1161 2663 1216 Exaltare
2689 1163 2740 1216 in
2779 1163 2962 1232 ﬁnibus
2989 1163 3305 1216 inimicorum
3329 1172 3562 1216 tuorum.

1975 1253 2130 1307 Alius
2178 1253 2339 1318 dicit,
2379 1251 2445 1306 In
2473 1254 2551 1306 ira
2576 1254 2813 1307 adversus
2856 1253 3083 1307 inimicos
3121 1262 3252 1308 tuos.
3285 1254 3454 1321 Alius,
3489 1253 3565 1307 lu-

1975 1345 2072 1398 bile
2109 1362 2276 1397 eorum
2304 1346 2389 1410 qui
2417 1361 2494 1398 me
2521 1346 2764 1416 affligunt.
2798 1344 2976 1410 Alius,
3011 1343 3076 1398 In
3119 1344 3444 1398 dilationibus
3471 1348 3550 1398 al-

1976 1437 2257 1506 ligantium.
2302 1435 2559 1490 Hebrteus
2607 1444 2782 1490 autem
2832 1434 2996 1501 illud,
3031 1434 3097 1488 In
3137 1435 3358 1504 ﬁnibus,
3387 1435 3549 1498 dicit,

1974 1526 2225 1582 Bebarotlt
2258 1529 2350 1598 (a).
2387 1527 2516 1582 Vide
2540 1527 2804 1596 quomodo
2828 1541 3013 1580 rursus
3039 1541 3143 1579 non
3174 1540 3234 1580 se
3253 1524 3540 1588 ulciscitur,

1975 1621 2065 1673 sed
2094 1618 2206 1672 haec
2230 1619 2357 1672 dicit
2385 1634 2484 1688 pro
2531 1617 2621 1671 Dei
2656 1617 2847 1686 gloria.
2877 1615 2992 1670 Non
3018 1616 3161 1670 enim
3186 1615 3319 1668 dixit
3351 1617 3554 1669 solum-

1975 1709 2133 1763 modo
2153 1709 2313 1762 :Puni
2336 1708 2576 1764 inimicos
2601 1722 2770 1772 meos,
2792 1706 2877 1761 vel
2900 1715 3017 1760 tuos
3036 1721 3052 1770 ;
3074 1705 3188 1771 sed,
3205 1705 3466 1758 Exultat-cz.
3487 1703 3559 1756 Et

1975 1800 2240 1869 quomodo
2268 1801 2528 1854 exaltatur
2554 1799 2640 1853 ille
2675 1799 2846 1857 altus.
2879 1807 2934 1851 et
2955 1797 3048 1867 qui
3075 1806 3156 1852 est
3174 1811 3385 1865 semper
3408 1797 3562 1851 altis-

1973 1891 2177 1944 simus?
2223 1890 2350 1960 Ejus
2391 1891 2533 1944 enim
2573 1897 2775 1944 natura:
2806 1887 3027 1944 altitudo
3058 1903 3156 1942 nec
3200 1888 3426 1952 crescit,
3457 1903 3559 1942 nec

1974 1982 2260 2036 minuitur:
2286 1991 2368 2036 est
2390 1981 2529 2036 enim
2552 1980 2816 2051 perfectus
2843 1989 2897 2036 et
2923 1979 3117 2034 nullius
3153 1979 3230 2034 rei
3275 1979 3539 2049 indigens,

1974 2081 2030 2128 et
2052 2074 2138 2142 qui
2170 2087 2383 2143 semper
2407 2087 2474 2128 eo
2513 2072 2671 2126 modo
2699 2087 2757 2126 se
2784 2071 2962 2127 habet.
2995 2072 3274 2139 Quomodo
3297 2087 3425 2142 ergo
3445 2111 3461 2137 ,
3495 2081 3556 2125 et

1974 2179 2075 2234 qua
2103 2164 2307 2217 ratione
2353 2162 2660 2218 exaltatur?
2697 2161 2974 2216 Exaltalur
3000 2163 3052 2216 in
3083 2161 3366 2214 multorum
3407 2175 3557 2215 meu-

1978 2258 2146 2312 tlbus.
2167 2253 2622 2320 Quemadmodum
2647 2267 2789 2322 saepe
2819 2252 3215 2322 longanimitate
3244 2265 3370 2306 usus
3397 2261 3477 2304 est
3509 2253 3546 2314 ¹;

1975 2344 2174 2399 inimici
2202 2353 2379 2398 autem
2418 2343 2790 2397 existimabant
2831 2342 2934 2396 hoc
2961 2358 3065 2396 non
3089 2356 3210 2396 esse
3236 2341 3554 2410 longanimi-

1976 2437 2114 2500 tatis,
2139 2436 2231 2490 sed
2259 2434 2570 2489 humilitatis
2598 2443 2651 2488 et
2679 2433 3087 2490 imbecillitatis.
3107 2433 3364 2499 Quocirca
3389 2431 3550 2486 etiam

1975 2529 2299 2592 humiliatur,
2329 2543 2432 2581 non
2460 2542 2518 2581 re
2540 2527 2648 2596 ipsa
2672 2565 2686 2589 ,
2713 2523 2807 2580 sed
2830 2524 3045 2579 illorum
3069 2524 3409 2594 cogitatione.

2047 2623 2098 2674 7.
2137 2619 2589 2688 Quemadmodum
2617 2619 2759 2672 enim
2800 2617 2878 2671 sol
2908 2616 3114 2671 videtur
3145 2631 3263 2671 esse
3291 2617 3549 2672 obscurus

1976 2711 2038 2766 iis
2067 2713 2154 2781 qui
2182 2710 2423 2764 laborant
2447 2709 2612 2764 oculis
2632 2750 2648 2776 ,
2668 2710 2744 2764 ita
2775 2708 2912 2762 Deus
2942 2707 3145 2761 videtur
3163 2722 3282 2760 esse
3309 2706 3549 2760 inﬁrmus

1975 2812 2029 2858 et
2059 2801 2425 2855 imbecillusin
2451 2814 2637 2854 eorum
2660 2797 2945 2852 mentibus.
2973 2796 3079 2852 Sed
3107 2796 3552 2865 quemadmodum

1974 2893 2054 2949 sol
2077 2893 2144 2945 ita
2175 2892 2536 2955 existimatur,
2573 2904 2675 2943 non
2699 2898 2779 2943 est
2807 2897 2983 2942 autem
3022 2887 3312 2953 obscurus,
3353 2887 3446 2941 sed
3474 2895 3556 2941 est

1975 2985 2181 3039 affectio
2199 2984 2409 3037 illorum
2426 2981 2796 3037 imbecillitatis
2820 2997 2833 3032 :
2856 2981 2926 3035 ita
2942 2994 3150 3050 quoque
3169 2980 3326 3041 Deus,
3342 2981 3550 3034 etiamsi

1978 3077 2434 3139 hocexistimetur,
2451 3090 2552 3128 non
2569 3081 2652 3129 est
2665 3073 2975 3135 imbecillus,
2993 3073 3084 3127 sed
3104 3071 3152 3126 id
3165 3087 3231 3126 ex
3251 3072 3460 3126 illorum
3475 3073 3552 3126 in-

1976 3160 2219 3237 sipientia
2238 3166 2444 3221 accidit.
2467 3165 2601 3233 Quid
2621 3180 2748 3234 ergo
2768 3165 2891 3219 dicit
2905 3163 3114 3234 justus?
3137 3163 3382 3218 Exaltarc
3394 3164 3553 3217 ctiam

1975 3261 2114 3332 apud
2145 3260 2389 3314 inimicos
2409 3272 2556 3313 meos
2579 3275 2592 3310 :
2619 3258 2895 3322 ulciscere,
2913 3264 2968 3311 et
2990 3256 3130 3310 vires
3158 3265 3274 3308 tuas
3289 3255 3509 3309 ostende
3524 3295 3544 3322 ,

1977 3363 2033 3408 ιιι
2059 3353 2217 3422 quite
2239 3350 2490 3404 humilem
2525 3348 2846 3411 existimant,
2876 3362 2939 3401 ex
2979 3345 3044 3400 iis
3080 3360 3198 3416 qua:
3243 3346 3552 3414 patiuntur,

1977 3452 2118 3498 tuam
2148 3442 2362 3498 videant
2400 3441 2640 3511 gloriam.
2689 3438 2875 3492 Vidisti
2915 3438 3033 3507 ejus
3072 3436 3403 3502 institutum,
3449 3452 3552 3492 ηοω

1976 3536 2027 3591 id
2071 3535 2211 3606 quod
2258 3549 2446 3599 suum,
2492 3532 2585 3587 sed
2629 3531 2769 3601 quod
2816 3531 2908 3585 Dei
2941 3538 3024 3585 est
3065 3529 3374 3600 quureentis.
3423 3529 3551 3583 Illud

1975 3638 2148 3682 autem
2169 3669 2184 3694 ,
2218 3625 2284 3680 In
2313 3625 2528 3696 ﬁnibus,
2558 3625 2645 3678 alii
2676 3623 2888 3694 quidem
2920 3623 3135 3685 dicunt,
3168 3620 3241 3674 lu
3274 3620 3554 3689 capitibus;

1974 3721 2064 3774 alii
2111 3729 2285 3774 autem
2315 3759 2331 3784 ,
2389 3716 2582 3770 Nullus
2629 3716 2790 3786 fugiat
2841 3715 3180 3768 inimicorum.
3228 3713 3412 3783 Magna
3472 3725 3554 3767 est

1977 3821 2152 3864 autem
2178 3808 2307 3879 justi
2335 3807 2500 3864 virtus
2520 3806 2731 3876 quando
2758 3804 2972 3859 eosdem
3002 3804 3188 3869 habet,
3215 3819 3348 3873 quos
3378 3805 3514 3857 Deus
3536 3845 3571 3864 ,.

1978 3902 2218 3957 inimicos
2237 3942 2252 3969 ,
2284 3909 2339 3955 et
2366 3897 2582 3954 eosdem
2613 3896 2812 3951 amicos
2858 3915 2872 3949 :
2907 3903 2960 3948 nt
2991 3909 3178 3963 magna
3208 3893 3554 3962 improbitas,

1978 3994 2189 4064 quando
2227 3993 2318 4046 Dei
2343 3992 2544 4044 amicos
2571 3988 2815 4043 inimicos
2835 4028 2850 4054 ,
2881 3995 2936 4041 et
2963 3986 3204 4040 inimicos
3227 3986 3426 4038 amicos
3457 3985 3551 4037 ha-

1979 4088 2084 4141 bet.
2115 4081 2568 4150 Quemadmodum
2595 4094 2723 4149 ergo
2749 4079 2886 4132 Deus
2912 4077 3103 4131 dicitur
3130 4076 3330 4130 habere
3374 4075 3551 4128 inimi—

1979 4191 2100 4240 cos,
2132 4190 2236 4227 non
2267 4171 2390 4226 odio
2415 4171 2658 4236 habens,
2689 4183 2860 4238 neque
2886 4182 2979 4221 eos
3001 4179 3255 4220 aversans
3275 4205 3292 4229 ,
3324 4165 3417 4219 sed
3459 4165 3554 4218 im-

1979 4269 2173 4340 probas
2212 4279 2397 4321 eorum
2442 4263 2678 4317 actiones
2706 4260 3037 4314 abhorrens:
3068 4258 3137 4312 ita
3181 4257 3340 4318 etiam
3383 4259 3556 4324 justus

1979 4361 2135 4414 habet
2163 4356 2437 4419 inimicos,
2468 4368 2573 4407 non
2601 4365 2694 4406 eos
2718 4350 3006 4414 ulciscens,
3037 4347 3141 4403 sed
3161 4346 3550 4417 improbitatem

1977 4463 2252 4505 aversans.
2297 4445 2362 4500 Et
2395 4459 2638 4514 exsurge,
2683 4440 2902 4496 Domine
2942 4438 3076 4494 Deus
3120 4455 3292 4504 naeus,
3327 4439 3381 4492 in
3421 4455 3554 4506 pra:-

1978 4551 2124 4614 cepta
2161 4541 2298 4612 quod
2334 4537 2609 4592 mandasti.
2654 4534 2804 4590 Alius
2845 4533 3008 4599 dicit,
3045 4533 3098 4586 in
3132 4532 3350 4603 judicio.
3391 4532 3444 4587 8.
3489 4532 3554 4585 Et

1977 4650 2234 4706 synagoga
2268 4628 2571 4702 papulorum
2611 4626 2938 4682 circumdabit
2983 4635 3048 4680 te.
3076 4625 3228 4680 Alius
3249 4623 3412 4690 dicit,
3455 4625 3555 4678 cir-

1977 4728 2174 4780 cumdet
2196 4733 2260 4778 te.
2287 4723 2352 4776 Et
2389 4729 2593 4792 propter
2613 4721 2742 4772 hanc
2765 4719 2818 4772 in
2843 4718 3001 4771 altum
3021 4721 3299 4788 regredere,
3319 4717 3552 4772 Domine.

1984 4819 2130 4873 Alius
2155 4816 2282 4871 dicit
2306 4855 2320 4883 ,
2347 4823 2394 4868 et
2416 4829 2572 4884 supra
2595 4812 2760 4882 ipsum
2783 4811 2836 4864 in
2859 4811 3016 4864 altum
3039 4821 3340 4873 convertere,
3369 4809 3550 4871 Alius,

1980 4910 2048 4965 Et
2093 4925 2242 4979 super
2286 4909 2381 4960 hac
2433 4906 2488 4959 in
2533 4905 2691 4958 altum
2728 4911 2990 4956 revertere.
3042 4901 3296 4955 Hebrazus
3340 4908 3550 4966 autem,

1979 5001 2107 5056 illud
2131 5040 2147 5066 ,
2181 4999 2346 5067 Super
2364 4997 2529 5066 ipsam
2547 5035 2563 5060 ,
2591 4993 2751 5058 dicit,
2785 4993 2991 5045 Ocalea.
3022 4991 3157 5058 Quid
3181 4999 3296 5055 est,
3329 4989 3394 5043 In
3417 5006 3551 5060 prae-

1979 5101 2120 5162 cepto
2147 5087 2284 5160 quod
2322 5084 2620 5140 mandasti?
2656 5082 2729 5138 Ut
2752 5097 2907 5152 opem
2943 5080 3209 5145 feramus,
3253 5079 3459 5148 inquit,
3489 5079 3553 5135 iis

1979 5183 2069 5254 qui
2098 5181 2400 5236 afﬁciuntur
2425 5176 2646 5245 injuria,
2671 5182 2727 5229 et
2753 5187 2859 5228 non
2887 5171 3214 5242 negligamus
3238 5183 3332 5223 eos
3361 5167 3553 5238 quibus

1979 5280 2255 5327 struuntur
2304 5267 2529 5323 insidiae.
2570 5263 2722 5333 Quod
2747 5271 2801 5318 tu
2845 5276 2972 5332 ergo
3012 5261 3165 5316 nobis
3207 5259 3324 5329 lege
3349 5259 3548 5313 consti-

1982 5361 2158 5429 tuisti,
2209 5359 2310 5415 hoc
2345 5357 2504 5413 etiam
2552 5352 2896 5410 factisnobis
2927 5350 3184 5421 exprime.
3231 5348 3334 5404 Alii
3376 5361 3550 5403 autem

2045 5496 2062 5563 ἕ
2099 5497 2225 5566 rost,
2261 5505 2375 5566 usus
2397 5495 2485 5550 est,
2511 5495 2672 5537 Morel.
2697 5485 2842 5546 addit,
2885 5485 3029 5537 etiam
3065 5483 3114 5534 in
3137 5496 3216 5534 eos
3238 5482 3321 5546 qui
3337 5482 3560 5533 maxima.

1981 5555 2372 5679 admirg'b'tfaica
2388 5612 2534 5660 lectio
2551 5617 2644 5666 est,
2665 5611 2889 5665 nmen,
2906 5620 3049 5668 quam
3063 5608 3228 5665 artaci,
3251 5605 3331 5655 alii
3351 5617 3531 5666 emes.»

1983 5687 2062 5736 alii
2088 5698 2221 5748 βιεράι
2244 5683 2453 5748 reddunt
2467 5695 2491 5748 ;_
2507 5693 2651 5730 verus
2682 5686 2844 5748 autem
2882 5679 3023 5748 hujus
3044 5681 3174 5728 vocis
3195 5691 3372 5748 sensus
3387 5683 3483 5735 est,
3503 5689 3570 5724 tn.

1984 5737 2403 5810 indignationibus,
2436 5737 2494 5790 ad
2515 5753 2656 5808 quam
2691 5737 3081 5810 signiﬁcationem
3125 5739 3311 5788 accedit
3351 5745 3553 5798 Symmas

1984 5799 2118 5868 chus',
2144 5810 2225 5870 qui
2249 5799 2411 5863 vertit,
2438 5816 2473 5854 ιν
2497 5799 2605 5865 1a....
2630 5800 2677 5850 iu
2704 5799 2811 5860 bile,
2835 5801 2939 5849 sive
2964 5799 3012 5850 in
3038 5799 3133 5849 ira.
