4032 6284
479 381 542 439 99
1261 381 1316 438 S.
1357 381 1632 438 JOANNIS
1670 381 2145 438 CllRY-SOSTOMI
2182 382 2498 438 ARCIIIEP.
2539 382 3068 441 CONSTANTINOP.
3669 392 3748 447 92

476 492 658 550 licunt
678 492 839 548 etiam
867 492 1010 548 aliud
1035 532 1051 559 ,
1077 507 1269 562 nempe
1289 494 1530 562 promisit
1557 510 1616 550 se
1643 495 1910 548 inimicum
1941 494 2051 548 lore

475 584 715 640 inimicis
732 583 868 653 ejus.
908 583 962 639 8.
1006 582 1075 638 Et
1098 599 1359 655 synagoga
1383 585 1689 654 populorum
1725 583 2056 637 circumdabit

482 684 549 729 te.
593 673 737 729 Nihil
775 673 1062 729 humanum
1103 685 1172 730 ne
1220 674 1304 729 hic
1341 675 1553 744 quidem
1596 676 1902 744 suspiceris.
1949 675 2057 729 Etsi

481 763 626 820 enim
669 763 808 821 tales
835 773 962 819 sunt
1003 763 1296 830 dictiones,
1345 774 1470 820 sunt
1514 773 1693 820 tamen
1743 781 1897 820 sensa
1941 777 2062 836 qu:e'

485 855 598 911 Deo
624 856 962 912 conveniant.
1011 857 1154 924 Quid
1176 865 1259 912 est
1303 871 1429 926 ergo
1452 897 1470 923 ,
1502 855 1842 911 Circumdabit
1869 859 1960 910 te?
2005 857 2058 911 ld

483 946 765 1011 est,Canct
781 947 895 1012 tibi,
919 946 1149 1002 laudabit
1177 955 1248 1009 te.
1278 946 1432 1002 bonis
1461 955 1516 1003 et
1537 947 1841 1003 honorificis
1869 957 1918 1002 te
1933 964 2057 1002 ver-

485 1035 568 1092 bis
619 1030 822 1089 aﬂatim
893 1039 1270 1107 prosequetur.
1330 1038 1590 1104 Quoniam
1639 1038 1781 1093 enim
1820 1037 1922 1092 hoc
1968 1053 2062 1106 per

488 1125 682 1181 choros
708 1127 995 1188 iaciebant.
1020 1129 1074 1181 in
1097 1129 1278 1182 orbem
1303 1129 1750 1184 circumsistentes
1781 1129 1832 1183 in
1865 1130 2060 1198 templo

485 1226 540 1271 et
564 1217 616 1271 in
658 1217 850 1283 altari,
891 1228 946 1272 et
970 1219 1043 1273 ita
1063 1219 1347 1288 gratiarum
1372 1219 1610 1275 actiones
1635 1220 1964 1284 offerebant;
1993 1235 2057 1274 ex

485 1304 597 1376 ipsa
634 1308 807 1365 standi
857 1308 1030 1364 forma
1069 1309 1421 1366 laudationem
1471 1326 1658 1366 eorum
1716 1310 2058 1381 signiﬁcavit.

485 1396 634 1464 Quod
659 1406 835 1454 autem
860 1398 1019 1466 dicit,
1051 1400 1154 1454 tale
1181 1409 1300 1454 est:
1351 1399 1614 1457 Ulciscere
1631 1443 1646 1468 ,
1677 1401 1756 1456 fer
1781 1401 2055 1456 auxilium.

487 1487 599 1542 Hoc
642 1496 694 1542 te
731 1499 782 1542 et
827 1489 964 1558 apud
1016 1490 1259 1544 inimicos
1313 1491 1503 1546 reddet
1553 1493 1864 1556 excelsum,
1908 1502 1962 1547 et
2004 1502 2062 1546 ut

486 1586 607 1632 tuus
651 1580 878 1648 populus
929 1581 1110 1636 multis
1155 1591 1204 1636 te
1245 1583 1489 1638 laudibus
1535 1593 1589 1638 et
1616 1583 1827 1654 hymnis
1869 1592 2058 1648 ornet,

489 1668 707 1724 efﬁciet.
755 1670 886 1726 Vide
933 1673 1198 1740 quomodo
1242 1689 1347 1728 non
1397 1673 1537 1742 quod
1565 1687 1756 1740 suum,
1800 1674 1893 1729 sed
1919 1675 2058 1745 quod

486 1769 570 1815 est
595 1761 684 1814 Dei
706 1762 894 1830 quaerit
938 1761 1153 1832 ubique.
1201 1762 1324 1816 Vult
1373 1764 1513 1818 enim
1560 1765 1728 1833 ipsum
1775 1766 1967 1835 ubique
2007 1774 2062 1819 et

488 1851 624 1918 apud
672 1852 914 1906 inimicos
959 1861 1014 1907 et
1037 1853 1176 1924 apud
1215 1869 1343 1909 suos
1369 1855 1534 1925 gloria
1575 1865 1630 1910 et
1657 1859 1857 1910 honore
1895 1856 2057 1910 afﬁci.

491 1940 564 1996 Et
597 1959 688 2010 pro
715 1942 826 2013 ipsa
863 1945 916 1996 in
959 1944 1115 1998 altum
1157 1956 1404 2000 converte.
1451 1946 1558 2002 Pro
1602 1948 1748 2016 ipsa,
1790 1950 2062 2018 quanam?

491 2033 800 2104 Synagoga,
834 2036 1023 2106 inquit,
1062 2036 1162 2090 hoc
1206 2047 1310 2103 est,
1339 2047 1556 2107 propter
1596 2040 1763 2110 ipsam
1807 2040 1876 2093 In
1901 2040 2063 2096 altum

489 2141 714 2184 converte
737 2147 757 2194 ;
801 2134 970 2186 esalta
1010 2149 1107 2189 nos
1131 2174 1147 2199 ,
1192 2136 1556 2201 extollenos,
1609 2136 1689 2189 lac
1726 2145 1786 2190 ut
1830 2135 1938 2190 sint
1977 2151 2063 2190 res

489 2223 611 2275 alta:
643 2232 696 2276 et
737 2224 982 2292 excelsze,
1019 2226 1100 2283 fac
1140 2237 1196 2283 ut
1240 2229 1310 2283 sit
1351 2227 1544 2283 clarior
1581 2235 1637 2282 et
1681 2227 1938 2292 illustris,
1970 2242 2063 2281 re-

491 2312 594 2368 duc
613 2330 730 2369 eam
751 2316 817 2370 ad
838 2318 1067 2386 priorem
1090 2320 1517 2390 prosperitatem.
1549 2319 1680 2374 Vide
1709 2329 1885 2375 autem
1927 2334 2063 2389 quo-

491 2405 866 2477 modoubique
896 2409 1139 2477 precibus
1174 2410 1467 2465 doctrinam
1509 2411 1817 2464 admisceat.
1855 2410 2064 2464 Etenim

497 2512 620 2550 cum
641 2498 783 2565 prius
800 2497 1040 2565 dixisset,
1065 2501 1300 2556 Aliserere
1314 2503 1429 2569 mei,
1447 2511 1493 2556 et
1519 2501 1703 2556 eazaudi
1724 2501 1979 2571 me(Psal.
2006 2502 2062 2557 4.

493 2589 528 2640 2
553 2588 570 2658 )
600 2627 618 2643 .
648 2589 910 2644 convertit
951 2604 1254 2646 sermonem
1282 2593 1348 2646 ad
1391 2592 1698 2659 consilium,
1724 2591 1801 2646 sic
1839 2591 2018 2647 dicens
2047 2610 2061 2646 :

495 2678 618 2732 Filii
661 2680 949 2746 hominum,
993 2698 1248 2753 quousque
1287 2685 1428 2754 gravi
1457 2685 1649 2738 corde?
1697 2684 1766 2738 Et
1807 2684 1894 2738 hic
1944 2698 2064 2738 cum

493 2770 713 2827 dixisset
731 2813 744 2835 ,
776 2769 842 2826 In
867 2771 1027 2826 altum
1044 2784 1293 2842 conuerte,
1327 2774 1538 2829 Domine
1556 2775 1716 2845 (Ibid.
1743 2793 1792 2830 υ.
1822 2776 1906 2846 5),
1935 2776 2064 2830 Sub-

492 2862 702 2932 jungit:
735 2863 789 2923 9.
858 2863 1108 2920 Dominus
1137 2867 1389 2937 judicabit
1434 2869 1667 2938 populos.
1705 2869 1854 2922 Alius
1891 2877 2066 2922 autem

495 2953 656 3017 dicit,
720 2953 970 3008 Dominus
1013 2957 1343 3026 disceptabit;
1384 2957 1583 3013 docens
1625 2973 1718 3014 eos
1760 2959 1850 3028 qui
1887 2960 2066 3014 omnia

496 3059 628 3098 casn
649 3053 700 3100 et
731 3051 927 3101 temere
955 3047 1065 3102 ﬁeri
1105 3057 1323 3117 putant,
1350 3049 1506 3104 rebus
1533 3049 1810 3119 quamdam
1839 3066 2068 3121 praeesse

500 3135 880 3202 providentiam
903 3178 920 3201 ,
950 3153 1067 3208 qua:
1091 3153 1275 3194 eorum
1302 3155 1421 3208 qu:e
1440 3140 1570 3196 ﬁunt
1606 3142 1860 3198 rationem
1883 3145 2064 3213 exigit.

503 3227 768 3282 iudicium
796 3239 972 3284 autem
996 3229 1082 3284 hic
1104 3229 1233 3286 dicit
1257 3241 1307 3286 et
1328 3230 1585 3299 futurum,
1602 3242 1657 3287 et
1679 3248 1932 3302 praesens.
1957 3233 2068 3290 lllic

497 3320 638 3374 enim
680 3321 852 3390 ipsum
893 3323 994 3378 erit
1018 3333 1072 3378 et
1113 3318 1458 3387 uniVersnm',
1501 3333 1556 3380 et
1582 3327 1915 3382 manifestum
1942 3345 1954 3380 :
1982 3328 2069 3384 hic

497 3421 774 3466 autem-es
801 3423 946 3481 parte
981 3415 1138 3470 etiam
1169 3415 1331 3470 sumit
1375 3431 1590 3484 ptenas,
1635 3425 1690 3472 et
1733 3418 2066 3474 socordiores

503 3501 763 3563 excitans.
795 3514 849 3556 et
876 3505 1193 3561 inﬁdeliores
1212 3506 1484 3562 attrahens
1510 3508 1575 3561 ad
1599 3509 1884 3564 curandam
1909 3511 2068 3566 totius

502 3592 684 3645 mundi
717 3594 1120 3662 providentiam.
1148 3596 1335 3650 Judica
1380 3615 1488 3663 me,
1514 3598 1760 3667 Domine,
1799 3601 2070 3654 secundum

493 3685 743 3752 justitiam
771 3702 954 3739 neeum.
978 3687 1126 3741 Alius
1149 3687 1310 3752 dicit,
1357 3688 1650 3744 Secundum
1679 3691 1771 3760 jus
1795 3708 1978 3746 meant.
2002 3692 2068 3746 Et

493 3779 770 3831 secundum
815 3779 1151 3834 innocentium
1187 3797 1348 3835 meam
1383 3798 1534 3851 super
1573 3799 1669 3837 me.
1705 3784 1788 3838 l0.
1821 3786 2068 3840 Consum-

506 3870 665 3912 mctur
689 3863 907 3928 nequitia
931 3873 1267 3932 peccatorum.
1304 3865 1454 3919 Alius
1481 3865 1610 3920 dicit
1637 3883 1651 3920 :
1675 3866 1961 3936 Peragatur
1991 3887 2070 3924 ue-

505 3951 645 4003 xatio
696 3952 935 4008 adversus
985 3955 1187 4022 impios.
1231 3953 1297 4008 Et
1321 3955 1506 4027 diriges
1523 3957 1741 4026 justum.
1783 3960 1964 4023 Alius,
2005 3961 2070 4016 Et

500 4043 721 4097 stabiliea
736 4044 963 4114 justum.
995 4045 1094 4114 Qui
1137 4047 1193 4101 ﬁt
1221 4055 1278 4101 ut
1301 4048 1387 4116 qui
1424 4048 1546 4103 alibi
1581 4048 1739 4117 dicit,
1770 4051 1891 4106 Non
1915 4054 2070 4108 intres

500 4134 552 4186 in
569 4135 821 4202 judicium
846 4153 961 4192 eum
1002 4155 1142 4193 seruo
1184 4139 1452 4210 tuo(Psal.
1481 4141 1602 4196 ΗΞ.
1631 4141 1668 4196 9.
1693 4141 1712 4214 )
1735 4183 1751 4208 ,
1784 4143 1872 4200 hic
1894 4146 2066 4213 dicat,

499 4223 688 4278 Indica
709 4243 785 4281 me
802 4229 1072 4284 secundum
1090 4231 1340 4301 justitiam
1362 4249 1522 4287 meam
1542 4233 1567 4287 ?
1591 4234 1742 4301 Quod
1768 4235 1868 4290 hoc
1885 4237 2024 4291 aliud
2044 4278 2062 4304 ,

501 4318 711 4398 etillud
734 4321 874 4375 aliud
894 4323 982 4377 sit.
1013 4323 1104 4378 llle
1128 4325 1270 4379 enim
1299 4324 1508 4389 dicens,
1534 4324 1656 4379 Non
1676 4327 1830 4382 intres
1857 4329 1909 4381 in
1926 4331 2070 4398 judi-

501 4397 634 4461 cium
665 4425 781 4463 cum
807 4427 947 4467 servo
972 4421 1088 4480 tuo,
1113 4414 1371 4483 signiﬁcat
1388 4457 1406 4482 ,
1446 4411 1521 4470 Ne
1549 4426 1602 4470 tu
1630 4433 1834 4472 mecum
1869 4397 2068 4488 judicio

501 4501 868 4570 contenderis,
906 4518 978 4572 ne
1023 4519 1195 4559 meam
1239 4507 1438 4571 vitam,
1481 4522 1601 4560 cum
1650 4508 1755 4561 tuis
1797 4508 2068 4565 beneﬁciis

504 4593 826 4649 conferendo
845 4635 864 4660 ,
889 4595 1298 4652 examinaveris.
1330 4598 1396 4652 Et
1423 4597 1540 4652 ideo
1562 4599 1832 4668 subjunxit
1867 4602 2025 4655 etiam
2051 4618 2066 4655 :

507 4684 640 4748 Quia
667 4700 767 4738 non
785 4687 1147 4756 justiﬁcabitur
1171 4688 1224 4740 in
1251 4698 1516 4755 conspectu
1542 4697 1628 4743 tuo
1667 4690 1829 4744 omnis
1865 4692 2030 4746 uiuens
2049 4731 2067 4758 ,

501 4774 602 4830 hoc
622 4783 724 4840 est,
755 4776 799 4830 si
830 4785 1001 4831 tecum
1030 4778 1081 4830 in
1100 4777 1293 4845 judicio
1313 4778 1613 4832 contendat.
1646 4779 1741 4834 Hic
1757 4791 1934 4836 autem
1961 4799 2066 4838 non

502 4869 604 4924 hoc
627 4869 926 4926 dicit:non
951 4871 1064 4925 vult
1089 4870 1228 4926 enim
1278 4871 1330 4926 in
1368 4871 1569 4941 judicio
1608 4887 1729 4927 cum
1770 4875 1886 4944 ipso
1934 4891 2066 4931 con-

504 4960 723 5016 tendere
745 5001 762 5026 ,
791 4960 884 5016 sed
905 4965 1108 5017 Secum.
1137 4960 1207 5015 Et
1243 4961 1364 5016 ideo
1394 4962 1559 5026 dicit,
1591 4961 1879 5018 Secundum
1910 4967 2066 5036 justi-

503 5057 624 5109 tiam
643 5070 826 5118 meam,
845 5053 949 5109 hoc
967 5061 1072 5120 est,
1094 5054 1393 5109 Secundum
1410 5054 1666 5122 justitiam
1693 5067 1812 5124 quae
1832 5072 1948 5111 mea
1963 5066 2064 5113 est.

499 5145 765 5201 Iustitiam
809 5153 985 5201 autem
1014 5143 1101 5199 hic
1123 5143 1286 5209 dicit,
1315 5159 1419 5199 non
1440 5144 1667 5214 ccepi-sse
1693 5146 1938 5201 manibus
1963 5147 2066 5202 ini-

500 5239 617 5307 quis
637 5239 804 5292 rixam
829 5252 850 5302 ;
873 5235 1014 5307 quod
1042 5234 1175 5290 dixit
1194 5235 1436 5305 superius
1455 5277 1469 5298 ,
1502 5235 1561 5290 Si
1582 5235 1675 5288 hac
1713 5235 1839 5304 feci,
1864 5245 1918 5291 et
1948 5254 2066 5307 quae

500 5339 812 5400 sequuntur.
868 5328 1010 5384 Idem
1059 5331 1235 5382 autem
1275 5327 1537 5397 signiﬁcat
1579 5327 1734 5394 illud,
1777 5327 2066 5383 Secundum

499 5422 834 5475 innocentiam
894 5436 1096 5484 meam;
1140 5417 1439 5473 Secundum
1505 5419 1638 5483 hoc,
1695 5418 1898 5488 inquit,
1946 5419 2066 5474 volo

497 5511 739 5581 judicari.
765 5511 950 5582 Magna
972 5520 1054 5566 est
1080 5510 1236 5565 etiam
1262 5510 1347 5565 hic
1358 5510 1484 5580 justi
1514 5509 1721 5565 ﬁducia.
1756 5510 1880 5564 llaec
1908 5525 2066 5579 porro

499 5605 626 5657 dicit
649 5611 883 5658 coactus.
917 5603 982 5656 Et
1007 5601 1270 5671 quomodo
1295 5601 1324 5653 ἳ-
1345 5601 1499 5669 Quod
1523 5601 1670 5656 multi
1702 5601 1848 5655 stulti
1870 5616 1935 5655 ex
1961 5601 2024 5654 iis
2048 5642 2060 5664 ,

497 5713 614 5765 qua:
637 5695 962 5765 patiebatur,
1009 5697 1198 5751 malam
1227 5694 1294 5750 de
1319 5710 1383 5750 eo
1424 5695 1728 5764 opinionem
1774 5693 2061 5762 cepissent.

505 5787 740 5858 Plerique
787 5787 928 5842 enim
955 5785 1100 5843 stulti
1129 5801 1190 5842 ex
1237 5787 1302 5842 iis
1341 5801 1458 5858 qua:
1502 5786 1745 5842 accidunt
1790 5785 2060 5840 calamita-

2172 491 2331 552 tibus.
2357 493 2529 547 solent
2555 492 2713 546 vitam
2747 494 2912 562 ipsam
2935 495 3207 550 criminari
3240 513 3253 550 :
3285 497 3428 567 quod
3458 499 3617 554 etiam
3639 503 3740 571 ipsi

2165 583 2264 638 .lob
2289 584 2496 638 accidit.
2517 584 2772 650 Quocirca
2792 586 2836 638 ei
2863 585 3021 638 etiam
3043 586 3311 650 dicebant,
3339 603 3461 642 eum
3487 589 3613 644 nihil
3634 593 3744 647 sui-
3827 657 3831 660 η

2166 676 2359 730 rentah
2372 691 2436 730 eo
2453 679 2588 731 male
2606 676 2801 730 factum
2827 693 2839 727 :
2859 677 2972 732 Non
2987 677 3145 746 digne
3168 693 3265 748 pro
3281 682 3510 748 peccatis
3531 683 3634 738 tuis
3645 682 3743 738 ila-

2164 768 2387 835 gellatus
2434 781 2511 820 es.
2542 765 2664 834 (Job
2691 768 2784 824 55.
2799 767 2912 837 27).
2941 767 3164 823 Paulum
3189 783 3397 839 quoque
3421 773 3742 828 sceleratum

2164 857 2391 926 aliquem
2413 865 2468 912 et
2494 857 2786 913 maleﬁcum
2809 857 3187 912 existimabant
3221 859 3462 928 barbari,
3491 865 3741 931 quoniam

2165 951 2343 1017 vipera
2373 949 2488 1017 ejus
2518 965 2728 1002 manum
2750 948 3206 1019 apprehenderat,
3227 958 3282 1006 et
3302 951 3424 1006 ideo
3449 953 3697 1010 dicebant
3727 975 3740 1009 :

2166 1038 2430 1092 Seruatum
2461 1055 2524 1092 ea:
2545 1039 2676 1092 nturi
2707 1041 2830 1093 ultio
2858 1056 2956 1093 non
2976 1041 3092 1093 sinit
3119 1040 3253 1094 hunc
3281 1041 3530 1097 hominem
3581 1048 3752 1102 uiuere

2165 1131 2300 1200 (Act.
2329 1131 2418 1185 28.
2463 1133 2545 1200 4).
2589 1133 2754 1185 Porro
2813 1131 2990 1186 Semei
3050 1148 3262 1202 quoque
3307 1135 3470 1188 David
3517 1136 3740 1190 vocabat

2165 1219 2519 1286 homicidam,
2567 1229 2782 1290 propter
2821 1222 3174 1276 calamitatem
3220 1224 3356 1279 hanc
3396 1224 3648 1281 nefariam
3671 1226 3745 1282 de

2164 1324 2229 1364 eo
2255 1310 2428 1364 ferens
2455 1312 2770 1366 sententiam
2798 1311 2876 1381 (2.
2905 1312 3032 1382 Reg.
3061 1311 3147 1366 l6.
3179 1314 3211 1368 7
3242 1313 3286 1382 ).

2233 1400 2290 1455 8.
2327 1399 2405 1456 Ne
2427 1415 2552 1470 ergo
2580 1400 2808 1470 idipsum
2837 1416 3048 1471 quoque
3071 1403 3219 1458 vobis
3237 1405 3254 1434 ⁸
3283 1404 3508 1472 accidat,
3543 1419 3641 1473 age
3670 1407 3742 1462 de

2166 1487 2250 1545 his
2275 1490 2544 1559 paulisper
2569 1491 2913 1546 disseramus.
2944 1492 3136 1548 Multos
3161 1495 3302 1550 enim
3353 1497 3512 1552 audio
3549 1497 3742 1553 dicen.

2165 1588 2245 1635 tes
2290 1597 2303 1633 :
2360 1581 2417 1636 Si
2466 1581 2606 1637 Deus
2645 1591 2846 1638 amaret
2889 1598 3188 1653 pauperes,
3233 1601 3338 1641 non
3390 1588 3587 1644 sineret
3623 1603 3748 1646 esse

2165 1688 2460 1742 pauperes;
2489 1690 2676 1730 rursus
2704 1676 2873 1741 alios,
2915 1677 3003 1731 ubi
3047 1680 3349 1748 quempiam
3395 1681 3622 1737 viderint
3664 1683 3746 1737 in-

2168 1765 2419 1821 ﬁrmitate
2461 1767 2546 1821 vel
2589 1767 2776 1822 morbo
2802 1769 3095 1825 conﬂictari
3133 1771 3429 1830 dittturno:
3477 1775 3576 1832 Ubi
3619 1790 3749 1833 sunt

2166 1856 2307 1911 illius
2335 1857 2725 1929 eleemosynee?
2752 1859 2840 1914 ubi
2863 1861 2978 1927 ejus
3007 1861 3320 1918 benefacta?
3347 1864 3424 1919 Ne
3449 1865 3499 1918 in
3519 1867 3602 1922 his
3617 1883 3749 1937 ergo

2170 1947 2402 2014 peccetis
2422 1989 2437 2011 ,
2467 1948 2536 2002 de
2564 1949 2644 2004 his
2671 1949 2816 2003 clare
2845 1959 2902 2005 et
2920 1951 3168 2008 distincte
3195 1953 3489 2009 dicamus'.
3520 1957 3573 2012 Si
3601 1959 3748 2012 enim

2166 2035 2328 2092 homo
2351 2039 2438 2108 qui
2464 2040 2637 2108 sapit,
2678 2055 2778 2095 nec
2805 2040 2972 2096 bonos
3000 2042 3178 2096 odisse
3199 2085 3216 2110 ,
3246 2060 3344 2100 nee
3373 2047 3541 2102 malos
3564 2064 3750 2109 amare

2166 2136 2380 2198 potest,
2424 2133 2694 2200 quomodo
2727 2143 2781 2185 tu
2817 2133 2984 2188 audes
3019 2133 3085 2187 de
3123 2134 3345 2188 Domino
3377 2137 3556 2193 dicere
3579 2179 3595 2201 ,
3641 2139 3748 2194 Eos

2165 2219 2253 2290 qui
2301 2229 2424 2274 sunt
2470 2220 2521 2274 in
2555 2230 2865 2290 paupertate
2901 2223 3013 2277 odit
3053 2224 3230 2290 Deus,
3271 2225 3374 2280 etsi
3407 2227 3514 2280 sint
3549 2229 3748 2284 virtute

2166 2312 2369 2382 prarditi
2402 2330 2414 2366 :
2446 2312 2636 2368 divites
2661 2323 2857 2378 autem,
2886 2317 2984 2368 etsi
3010 2316 3115 2368 sint
3155 2317 3329 2372 vitiosi
3373 2327 3428 2372 et
3463 2321 3747 2386 Scelerati,

2167 2403 2382 2473 diligit;
2433 2405 2746 2460 maledicum
2807 2417 2860 2460 et
2924 2406 3286 2474 blasphemum
3345 2424 3406 2463 os
3455 2411 3746 2479 aperiens,

2169 2510 2339 2564 neque
2366 2496 2675 2562 gravitatem
2703 2495 3040 2551 absurditatis
3060 2497 3470 2552 animadvertis?

2244 2587 2378 2641 Deus
2432 2604 2674 2656 quosnam
2706 2596 2865 2644 amat.
2885 2588 3047 2642 -—Ne
3075 2604 3200 2658 ergo
3239 2605 3425 2658 pecces
3455 2591 3506 2643 in
3533 2591 3748 2654 talibus,

2168 2677 2312 2732 disce
2337 2677 2459 2746 quid
2495 2678 2631 2732 Deus
2657 2687 2798 2731 amat
2827 2685 2881 2731 et
2903 2678 3034 2732 odit.
3053 2679 3220 2746 Quem
3250 2695 3378 2748 ergo
3403 2690 3545 2734 amat
3570 2681 3748 2736 Deus?

2171 2768 2304 2823 Eum
2336 2769 2421 2836 qui
2470 2767 2714 2822 mandata
2762 2767 2878 2837 ejus
2915 2778 3107 2822 servat.
3152 2769 3282 2822 Eum
3335 2771 3474 2824 enim
3528 2773 3746 2838 notabo,

2171 2858 2358 2926 inquit,
2376 2868 2423 2913 et
2451 2859 2642 2912 ueniam
2664 2858 2734 2910 ad
2753 2875 2863 2911 eum
2891 2857 3067 2927 (Joan.
3096 2860 3183 2914 Η.
3213 2859 3303 2912 2-1.
3333 2859 3426 2928 25)
3456 2877 3469 2913 :
3495 2876 3598 2914 non
3625 2878 3747 2915 eum

2170 2951 2258 3019 qui
2286 2958 2368 3004 est
2393 2949 2574 3014 dives,
2609 2964 2714 3002 non
2753 2963 2872 3003 eum
2901 2948 2991 3018 qui
3015 2965 3175 3003 sanus
3203 2959 3317 3015 est,
3355 2951 3447 3004 sed
3474 2950 3560 3020 qui
3601 2960 3750 3019 paret

2173 3041 2304 3095 meis
2355 3040 2654 3111 praeceptis.
2681 3039 2976 3107 Quemnam
3012 3051 3189 3095 autem
3222 3042 3333 3094 odit
3359 3051 3411 3094 et
3445 3043 3750 3097 aversatur?

2172 3133 2306 3188 Eum
2335 3134 2422 3203 qui
2456 3142 2716 3203 praecepta
2744 3133 2859 3201 ejus
2881 3138 2985 3188 non
3009 3133 3149 3187 facit.
3179 3133 3402 3200 Quando
3428 3149 3554 3204 ergo
3591 3135 3744 3189 vidc-

2171 3225 2247 3279 ris
2273 3225 2527 3295 aliquem,
2559 3227 2646 3295 qui
2679 3234 2941 3295 praecepta
2984 3225 3100 3292 ejus
3138 3240 3244 3280 non
3287 3235 3495 3290 servat,
3539 3226 3750 3282 etiamsi

2171 3330 2334 3371 sanus
2357 3317 2445 3383 sit,
2468 3317 2673 3372 etiamsi
2697 3317 2886 3385 opibus
2913 3315 3092 3370 allluat
3110 3355 3127 3382 ,
3165 3317 3304 3371 refer
3331 3333 3452 3370 eum
3480 3317 3532 3370 in
3559 3333 3746 3371 nume-

2172 3423 2289 3462 rum
2316 3423 2498 3462 eorum
2527 3409 2617 3477 qui
2649 3409 2775 3462 odio
2800 3407 3101 3462 habentur:
3132 3408 3300 3461 virum
3337 3416 3512 3462 autem
3555 3409 3751 3464 virtute

2175 3499 2475 3569 przeditum,
2501 3500 2706 3554 etiamsi
2733 3506 2988 3569 aagrotum
3011 3499 3205 3553 videris
3234 3509 3283 3553 et
3325 3500 3495 3568 iunpia
3522 3514 3746 3568 oppres-

2172 3605 2308 3653 sum,
2341 3589 2478 3641 inter
2501 3603 2596 3642 eos
2623 3589 2710 3658 qui
2737 3599 2986 3641 amantur
3011 3604 3323 3651 annumera.
3373 3589 3486 3643 Non
3515 3590 3655 3643 enim
3696 3591 3748 3644 in

2173 3681 2256 3736 his
2275 3681 2517 3736 consistit
2542 3680 2790 3744 amicitia,
2820 3680 2912 3734 sed
2941 3679 2994 3733 in
3025 3680 3148 3732 illis.
3180 3681 3369 3733 Annon
3413 3679 3562 3734 vides
3589 3682 3746 3734 etiam

2174 3775 2228 3828 in
2270 3773 2426 3828 rebus
2457 3772 2738 3838 humanis,
2783 3787 2964 3841 regum
3003 3771 3202 3826 amicos
3232 3770 3284 3824 in
3324 3769 3478 3825 bellis
3518 3772 3744 3825 maxima

2173 3865 2319 3920 adire
2345 3863 2616 3934 pericula:
2631 3872 2686 3918 et
2720 3863 2960 3930 accipere
2985 3863 3230 3924 vulnera,
3264 3871 3319 3916 et
3344 3877 3564 3931 peregre
3592 3863 3748 3931 proﬁ-

2173 3955 2339 4010 cisci?
2379 3955 2492 4008 Non
2529 3953 2772 4008 audivisti
2801 3953 2941 4022 quod
2967 3952 3220 4020 scriptum
3247 3963 3365 4005 est:
3397 3951 3557 4016 Quem
3584 3952 3749 4018 diligit

2177 4047 2442 4106 Dominus,
2466 4047 2679 4113 castigat
2712 4061 2732 4098 :
2759 4045 2986 4114 ﬂagellat
3013 4052 3182 4096 autem
3211 4059 3408 4095 omnem
3429 4043 3749 4110 ﬁliumque-nt

2173 4140 2346 4208 recipit
2375 4137 2557 4206 (Hebr.
2591 4137 2677 4191 12.
2709 4136 2804 4203 6)?
2852 4136 2919 4190 At
2947 4134 3132 4198 multi,
3173 4133 3371 4200 inquit,
3401 4132 3748 4187 oll‘enduntur

2175 4230 2288 4284 lure
2318 4229 2577 4284 videntes.
2618 4229 2730 4283 Non
2755 4229 2988 4298 ipsorum
3019 4241 3199 4289 causa,
3229 4224 3320 4278 sed
3351 4234 3563 4293 propter
3596 4240 3745 4279 suam

2173 4321 2467 4377 stultitiam.
2511 4320 2622 4374 Non
2650 4320 2806 4374 datur
2829 4318 2968 4373 enim
2998 4317 3082 4370 hic
3113 4315 3263 4370 nobis
3291 4315 3532 4373 laborum
3571 4331 3748 4369 remu-

2174 4413 2379 4467 neratio
2399 4428 2412 4475 ;
2436 4411 2528 4464 sed
2552 4418 2674 4464 sunt
2699 4409 2784 4462 hic
2795 4407 3006 4477 quidem
3025 4406 3251 4461 stadium
3278 4412 3507 4458 etarena
3529 4419 3544 4456 :
3566 4415 3747 4472 postea

2174 4511 2348 4556 autem
2393 4511 2548 4554 erunt
2600 4498 2811 4567 przemia
2855 4505 2908 4550 et
2948 4510 3180 4548 coronaa.
3234 4493 3287 4546 lu
3336 4502 3575 4558 tempore
3620 4509 3747 4560 ergo

2175 4593 2330 4647 lucta:
2365 4599 2420 4646 et
2459 4591 2511 4643 in
2546 4590 2632 4644 die
2667 4586 2917 4655 pancratii
2960 4582 3034 4654 (al
3079 4599 3145 4636 ne
3173 4596 3378 4650 qumras
3414 4583 3646 4650 quietem
3693 4591 3746 4635 et

2173 4683 2335 4737 animi
2363 4680 2727 4735 remissionem
2749 4694 2762 4732 :
2784 4693 2884 4731 nec
2912 4672 3201 4729 confundas
3222 4681 3478 4739 tempora.
3507 4670 3574 4724 At
3595 4671 3744 4725 multi

2172 4781 2315 4836 sunt,
2349 4770 2539 4840 inquit,
2568 4767 2959 4823 imbecilliores.
3000 4763 3104 4818 Sed
3145 4763 3282 4816 Deus
3319 4761 3400 4814 his
3435 4761 3595 4815 etiam
3621 4777 3743 4830 pro-

2174 4863 2336 4927 vidit;
2367 4868 2420 4914 et
2441 4858 2680 4928 permisit
2704 4865 2762 4912 ut
2799 4855 2952 4909 multi
2990 4854 3148 4908 etiam
3186 4852 3313 4920 justi
3340 4851 3426 4904 hic
3453 4865 3662 4920 quoque
3692 4851 3749 4904 in.

2173 4956 2520 5028 prosperitate
2544 4960 2780 5023 agerent,
2808 4964 2916 5004 non
2961 4954 3179 5017 propter
3205 4945 3322 4999 illos
3345 4985 3361 5010 ,
3406 4942 3501 4998 sed
3529 4954 3745 5012 promer

2174 5045 2563 5101 imbecilliores.
2596 5042 2770 5108 Quare
2793 5038 2892 5094 etsi
2924 5046 2977 5092 te
2996 5034 3268 5091 ollendunt
3291 5034 3381 5103 qui
3405 5033 3592 5087 suntin
3611 5032 3747 5086 ami-

2171 5140 2369 5203 ctione,
2399 5134 2664 5190 adiﬁcent
2691 5145 2874 5194 rursus
2900 5129 2988 5199 qui
3019 5129 3070 5182 in
3111 5127 3290 5196 quiete
3317 5125 3478 5178 vitam
3502 5123 3700 5193 degunt
3727 5141 3740 5176 :

2171 5233 2292 5290 etsi
2319 5241 2372 5287 te
2400 5228 2738 5298 supplantant
2775 5223 3026 5289 scelesti,
3059 5221 3146 5291 qui
3191 5219 3354 5274 rebus
3397 5226 3619 5271 utuntur
3656 5231 3742 5270 se-

2235 5359 2598 5420 ‘Colb.,nobis.
2668 5418 2682 5422 _
2757 5418 2766 5422 λ
2862 5415 2874 5422 ,
3178 5420 3185 5422 _
3259 5411 3290 5422 ..
3386 5411 3397 5422 .
3619 5412 3629 5421 .

2233 5430 2254 5458 ¹
2277 5409 2425 5474 sint:
2440 5409 2488 5472 in
2505 5409 2647 5471 textu
2668 5418 2792 5481 legit
2806 5453 2837 5481 ,_
2855 5415 2958 5481 lucc
2990 5420 3213 5464 accmate
3235 5411 3596 5481 disquiremus;
3619 5409 3750 5481 idem

2170 5473 2379 5550 coniecit
2421 5487 2469 5550 in
2515 5473 2759 5550 margine“,
2777 5473 3124 5550 disquirgmus.
3152 5483 3250 5524 Mox
3275 5473 3353 5523 lite
3377 5486 3536 5532 voces,
3562 5473 3625 5520 de
3650 5479 3744 5519 Do-

2172 5535 2569 5612 niin'o,vomi_t_tunt
2589 5535 2755 5612 Sidi-5
2777 5535 2893 5602 Reg:
2908 5546 2959 5588 εἰ
3263 5610 3275 5612 ᾼ

2232 5598 2315 5670 (τι)’
2336 5617 2389 5670 In
2407 5605 2485 5670 die
2503 5598 2755 5667 pmcratii,
2773 5598 2870 5651 seu
2881 5600 3032 5670 omnis
3047 5598 3235 5662 generis
3251 5598 3591 5670 certaminum.
3607 5598 3748 5670 Erant

2171 5665 2334 5718 autem
2367 5665 2585 5732 ludorum
2609 5677 2790 5732 genera
2813 5665 3046 5732 quinque,
3068 5673 3177 5732 quae
3199 5671 3294 5732 una
3317 5667 3648 5732 voceftvgnﬁ
3667 5667 3748 5732 v2-

2173 5713 2692 5779 cahaniuri'tiacdeure
2712 5713 2896 5777 vidc'in
2911 5713 3134 5784 Antiquit.
3159 5726 3340 5778 nostra,
3363 5725 3507 5767 Temo
3529 5713 3654 5775 3,lih
3696 5713 3746 5763 5»

2175 5805 2286 5854 pag.
2303 5791 2413 5840 29!.
