3928 6276
405 354 478 411 93
1159 358 1217 415 S.
1258 355 1544 416 JOANNIS
1582 353 2074 411 CHRYSOSTOMI
2111 356 2436 419 ARCIIIEP.
2477 361 3030 424 CONSTANTINOP.
3597 365 3668 421 οδ

403 469 586 526 τωσάν
619 485 678 523 σε
731 466 783 522 οί
813 469 871 523 ἐν
897 467 1114 524 κολάσει
1158 471 1251 524 καὶ
1284 468 1543 540 τιμωρίᾳ.
1593 466 1707 519 υὺκ
1746 466 1984 536 ἤκουσας

404 552 500 609 τοῦ
526 552 762 623 Χριστοῦ
791 551 1059 621 λέγοντος,
1096 553 1198 607 Ἐν
1219 552 1298 618 τῷ
1318 553 1524 620 κόσμῳ
1555 550 1766 618 θλίψιν
1788 547 1990 613 ἓξετε;

407 636 473 690 Τί
505 636 683 691 τοίνυν
706 635 889 708 ζητεῖς
916 636 1118 703 ἄνεσιν,
1143 635 1350 690 ἐκείνου
1379 634 1548 688 ταῦτα
1566 633 1845 697 εἰπόντος;
1878 630 1992 684 Οὐκ

406 724 646 794 ἡκούσας
700 721 864 777 αὐτοῦ
905 722 1174 791 λέγοντος,
1243 720 1306 773 '0
1353 720 1583 787 κόσμος
1637 717 1987 785 χαρήσεται,

407 807 579 875 ὑμεῖς
608 807 701 862 ἀεὶ
745 807 1178 876 λυπηθήσεσθε
1193 823 1213 871 ;
1239 806 1402 858 Ὥστε
1438 803 1584 865 εἰκὸς
1609 796 1677 872 ἦν
1704 795 1988 876 σκανδαλί-

409 874 601 953 ζεσθαι
638 891 766 955 τοὺς
802 874 1208 962 ἀνοητοτέρους,
1238 888 1376 941 είτά
1402 885 1618 940 ἐναντία
1661 883 1879 951 ἐγένετο
1915 874 1990 935 ὧν

410 969 581 1027 εἶπεν
617 975 666 1027 εί
694 974 751 1027 δὲ
782 974 922 1028 κατά
960 972 1278 1027 ἀκολουθίαν
1316 971 1492 1025 πάντα
1514 967 1819 1039 προϐαίνει,
1846 966 1993 1028 τίνος

408 1056 597 1110 ἕνεκεν
630 1057 996 1130 σκανδαλίζῃς
1030 1058 1140 1112 Καὶ
1167 1056 1312 1120 τίνος
1364 1054 1567 1117 ἕνεκεν,
1621 1051 1806 1123 φησὶν,
1849 1049 1994 1103 οὕτω

409 1140 785 1195 διετύπωσενό
806 1142 935 1207 Θεός
957 1160 971 1209 ;
991 1141 1081 1213 Μὴ
1104 1140 1343 1206 ἐξέταζε,
1365 1138 1498 1210 μηδὲ
1522 1136 1987 1206 πολυπραγμόνει.

414 1222 570 1277 οὐδὲ
623 1223 733 1293 γὰρ
763 1224 884 1293 ἐρεῖ
937 1224 1004 1280 τὸ
1054 1222 1307 1294 πλάσμα
1337 1219 1418 1287 τῷ
1444 1218 1767 1274 πλάσαντι·
1823 1219 1883 1272 Τί
1913 1233 1992 1287 με

407 1307 703 1375 ἐποίησας
728 1309 881 1364 οὕτω
896 1324 917 1374 ;
941 1307 1040 1362 Διά
1062 1308 1220 1362 τοῦτο
1254 1306 1347 1361 καὶ
1380 1309 1408 1360 ὁ
1438 1306 1721 1376 προφήτης
1756 1303 1991 1374 ἐπετίμα

408 1392 522 1454 τοῖς
566 1391 956 1457 Ίουδαίοις,δτι
988 1392 1197 1463 μυρίων
1222 1389 1485 1460 γέμοντες
1514 1385 1832 1452 κακῶν,τοῦ
1852 1385 1987 1439 Θεοῦ

408 1472 507 1536 τὰς
538 1473 690 1538 ὁδοὺς
730 1475 1173 1547 περιεργάζοντο,
1197 1474 1388 1543 λέγων·
1417 1470 1654 1526 Γνῶναι
1671 1470 1778 1537 τὰς
1812 1468 1990 1536 ὁδούς

407 1575 527 1627 μου
558 1558 974 1631 ἐπιθυμοῦσιν,
1003 1560 1084 1625 ὡς
1135 1557 1285 1624 λαὸς
1315 1556 1708 1623 δικαιοσύνην
1747 1566 1991 1622 πεποιη-

409 1641 550 1708 κὼς.
595 1643 696 1696 καί
731 1644 932 1712 κρίσιν
966 1642 1112 1697 Θεοῦ
1131 1641 1318 1697 αὑτοῦ
1337 1641 1422 1711 μὴ
1456 1637 1989 1710 ἐγκαταλελοιπώςο

409 1724 594 1794 ὅμοιον
625 1725 924 1793 ποιοῦντες,
979 1727 1170 1795 ῶσπερ
1215 1726 1281 1780 ἂν
1309 1726 1365 1779 εί
1385 1741 1469 1789 τις
1510 1723 1726 1794 οἰκέτης
1756 1738 1991 1795 προσκε-

409 1808 678 1880 κρουκὼς,
718 1811 814 1864 καὶ
865 1811 1074 1882 μυρίων
1132 1808 1432 1871 ὑπεύθυνος
1476 1806 1553 1859 ὢν
1594 1805 1955 1876 ἐγκλημάτων
1977 1846 1991 1872 ,

409 1892 606 1962 παρεὶς
666 1891 727 1946 τὸ
773 1892 932 1947 λῦσαι
965 1894 1064 1963 τὴν
1116 1893 1285 1964 ὀργὴν
1312 1890 1405 1944 τοῦ
1444 1890 1728 1953 δεσπότου,
1762 1889 1992 1953 εὐθύνας

410 1972 573 2027 αὑτὸν
615 1975 897 2048 ἀπαιτοίη,
932 1977 988 2030 τί
1027 1977 1227 2047 δήποτε
1281 1974 1437 2028 τοῦτο
1476 1972 1762 2043 πεποίηκε.
1798 1972 1890 2045 Μὴ
1925 1972 1989 2044 δὴ

408 2054 585 2110 ταῦτα
614 2055 783 2129 ζήτει,
834 2061 992 2128 ἀφεὶς
1041 2060 1097 2113 τὸ
1126 2059 1332 2112 κλαίειν
1359 2055 1456 2110 καὶ
1501 2054 1738 2127 θρηνεῖν,
1770 2056 1867 2108 καὶ
1920 2054 1991 2107 τά

408 2140 582 2193 οίκεία
609 2141 1001 2197 ἀπονίπτεσθαι
1030 2144 1194 2197 κακά.
1225 2142 1410 2198 Ταῦτα
1441 2144 1604 2212 λέγω,
1633 2141 1732 2210 οὐχ
1763 2139 1839 2202 ὼς
1854 2140 1991 2193 ἀπο-

411 2222 522 2293 ρῶν
543 2222 634 2277 τὸν
673 2226 829 2294 λόγον
885 2229 1079 2292 εἰπεῖν,
1114 2227 1252 2282 ἀλλά
1295 2225 1616 2298 βουλόμενός
1656 2241 1715 2277 σε
1757 2222 1865 2277 ἀπὸ
1891 2223 1991 2294 τῆς

409 2307 944 2382 πολυπραγμοσύνης
976 2310 1182 2381 ταύτης
1207 2311 1287 2374 είς
1308 2310 1408 2381 τὴν
1440 2309 1569 2380 περὶ
1588 2307 1795 2368 οἰκείας
1818 2323 1992 2375 σωτηο

411 2389 537 2461 ρίας
588 2393 857 2463 μέριμναν
911 2394 1190 2464 ἐμϐαλεῖν.
1251 2395 1409 2458 Τίνος
1444 2389 1538 2446 οῦν
1590 2391 1776 2444 ἕνεκεν
1819 2389 1991 2453 οὕτως

409 2472 671 2539 ἐπέταξες
696 2473 804 2528 Τοῦ
849 2474 1037 2543 γένους
1070 2474 1379 2545 φειδόμενος
1410 2473 1505 2528 τοῦ
1533 2472 1644 2526 τῶν
1670 2471 1988 2542 ἀνθρώπιον.

409 2554 516 2607 Τὸν
535 2556 632 2624 μὲν
648 2556 757 2627 7&9
794 2557 956 2611 πόνον
988 2556 1219 2611 ἐνταῦθα
1241 2557 1673 2628 συνεκλήρωσεν,
1698 2554 1824 2608 ἔνθα
1855 2553 1990 2625 βρα-

410 2639 512 2709 χὺς
536 2641 564 2692 ὁ
592 2639 729 2710 βίοςο
761 2643 889 2713 τοῦς
907 2642 963 2695 δὲ
993 2642 1287 2711 στεφάνους
1318 2644 1398 2706 είς
1422 2641 1483 2695 τὸ
1515 2638 1705 2713 μέλλον
1735 2637 1991 2710 ἐταμιεύ-

414 2706 731 2786 σατοξένθα
775 2706 999 2795 ἀγήρως
1048 2706 1144 2779 καὶ
1189 2706 1541 2796 ἀτελεύτητος
1570 2725 1598 2777 0
1636 2723 1787 2778 αἰών.
1820 2706 1932 2776 Καὶ
1962 2724 1992 2775 0

414 2804 514 2873 μὲν
546 2805 706 2869 πόνος
734 2801 888 2871 οὗτος
915 2808 1125 2879 ταχέως
1154 2806 1491 2878 παραλύεται
1516 2806 1613 2860 καὶ
1633 2804 1989 2877 παρατρέχειο

411 2888 593 2940 ἐκεῖνα
621 2888 678 2942 δὲ
733 2888 973 2943 ἀθάνατα
1031 2890 1202 2961 μένει,
1253 2890 1508 2943 οὐδέποτε
1565 2890 1737 2960 πέρας
1781 2888 1987 2958 ἔχοντα.

412 2969 623 3033 Ἀλλως
651 2970 709 3023 δὲ
738 2972 831 3025 καὶ
862 2972 1243 3042 γυμνάζειτέκ
1266 2972 1445 3043 ψυχὰς
1466 2974 1545 3035 είς
1566 2971 1628 3024 τὸ
1658 2973 1758 3040 τῆς
1789 2969 1993 3040 ἀρετῆς

410 3053 651 3123 φίλτρον.
687 3053 855 3108 Ὅταν
888 3054 985 3125 μὲν
1011 3054 1118 3126 γάρ
1148 3055 1241 3107 καὶ
1272 3056 1410 3125 μετὰ
1438 3054 1616 3107 πόνων
1641 3054 1808 3125 αὐτὴν
1832 3055 1993 3125 αἱρῆ-

408 3151 521 3200 ται,
551 3136 820 3206 μηδέποτε
872 3137 1102 3192 ἔπαθλον
1141 3138 1512 3209 λαμϐάνουσα,
1572 3136 1769 3208 μελετᾷ
1795 3138 1994 3191 διακεῖ-

412 3216 538 3272 σθαι
568 3220 703 3290 πρὸς
723 3220 890 3292 αὐτὴν
926 3222 1063 3292 μετὰ
1097 3221 1295 3293 πολλῆς
1323 3221 1422 3291 τῆς
1444 3219 1752 3292 ἀκριϐείας·
1785 3221 1910 3274 ὅταν
1933 3220 1992 3274 δέ

410 3300 507 3354 καὶ
538 3302 659 3372 μεθ’
690 3303 886 3375 ἡδονῆς
917 3305 1018 3374 τὴν
1049 3304 1245 3358 κακίαν
1288 3304 1483 3375 φεύγῃ,
1527 3302 1793 3373 μηδέποτε
1827 3303 1989 3357 κόλα-

411 3399 497 3437 σιν
531 3386 893 3455 ὑπομένουσα,
921 3389 1255 3458 γυμνάζεται
1293 3391 1471 3459 μισεῖν
1521 3386 1689 3456 αὐτὴν
1733 3386 1823 3440 καὶ
1859 3387 1993 3441 ἀπο-

411 3467 761 3537 στρέφεσθαι.
813 3472 976 3524 Ὥστε
1005 3472 1113 3526 ἀπὸ
1132 3472 1323 3525 τούτου
1364 3471 1458 3525 καὶ
1493 3471 1606 3538 ἕξιν
1636 3470 1865 3540 λήψεται
1892 3472 1992 3542 τῆς

411 3550 707 3621 ἀπεχθείας
739 3554 838 3625 τῆς
870 3555 1006 3625 πρὸς
1048 3554 1148 3627 τὴν
1190 3556 1478 3627 πονηρίαν,
1520 3555 1614 3608 καὶ
1641 3555 1738 3624 τῆς
1771 3553 1992 3625 ἀγάπης

411 3634 512 3704 τῆς
546 3635 683 3706 πρὸς
702 3637 801 3707 τὴν
833 3637 1054 3709 ἀρετήν.
1095 3639 1249 3692 Ἔστι
1283 3641 1377 3692 καὶ
1419 3639 1605 3708 ἕτερος
1633 3637 1809 3707 λόγος.
1835 3638 1993 3700 Ποῖος

411 3717 474 3772 δὲ
518 3710 707 3787 οὖτος;
754 3720 877 3775 Ὅτι
921 3721 1155 3792 μάλιστα
1197 3721 1334 3793 πρὸς
1380 3720 1694 3791 φιλοσοφίαν
1732 3722 1765 3792 ὴ
1816 3720 1991 3791 θλίψις

409 3800 643 3871 ἀλείφει,
696 3803 791 3858 καὶ
841 3805 1223 3877 ἰσχυροτέρους
1264 3808 1427 3858 ποιεῖ.
1463 3806 1574 3858 Καὶ
1625 3804 1762 3875 μετὰ
1799 3803 1989 3857 τούτου

414 3885 576 3941 πάλιν
605 3886 782 3952 ἄλλος.
804 3891 965 3955 Ποίος
989 3890 1045 3944 δὲ
1076 3884 1264 3956 οῦτοςς
1294 3889 1549 3943 Βούλεται
1581 3888 1991 3943 παιδεῦσαιτῶν

413 3969 697 4042 παρόντων
729 3973 1022 4046 ύπερορᾷν,
1051 3975 1146 4028 καὶ
1175 3973 1249 4045 μὴ
1278 3971 1681 4045 προσηλῶσθαι,
1706 3971 1838 4043 μηδὲ
1870 3989 1991 4025 συν-

410 4052 655 4109 δεδέσθαι
688 4057 892 4121 αὐτοῖς.
917 4057 1015 4110 Διά
1033 4056 1096 4127 δὴ
1114 4055 1272 4110 τοῦτο
1289 4056 1382 4110 καὶ
1398 4054 1577 4126 θλίψιν
1609 4055 1839 4127 συνεκλή
1849 4072 1988 4126 ρωσε

412 4137 509 4191 καὶ
540 4138 720 4205 πόνον,
746 4141 842 4195 καὶ
873 4140 945 4195 τὰ
971 4141 1183 4214 χρηστά
1212 4140 1351 4194 αὑτά
1397 4139 1491 4194 καὶ
1522 4138 1723 4211 φαιδρά
1754 4139 1988 4194 εὐκατά-

412 4221 549 4277 λυτα
597 4224 887 4296 πεποίηκε.
937 4224 1401 4293 Συντελεσθήτω
1451 4222 1529 4292 δὴ
1563 4224 1821 4292 πονηρία
1874 4220 1990 4295 [64]

411 4306 797 4376 ἁμαρτωλῶν,
848 4308 949 4363 καί
1004 4307 1391 4374 κπευθυνεῖς
1435 4306 1688 4362 δίκαιον.
1727 4306 1793 4359 Τί
1849 4306 1987 4371 ἐστι,

413 4391 916 4460 Συντελεσθήτω;
972 4393 1272 4462 Ἐπάγαγε,
1335 4393 1491 4461 φησὶ,
1547 4390 1840 4462 τιμωρίαν,
1895 4390 1990 4442 καὶ

414 4473 638 4543 στήσεις
683 4474 882 4539 αὐτοὺς
910 4475 1012 4545 τῆς
1048 4475 1266 4537 κακίας.
1297 4474 1566 4545 Καθάπερ
1600 4475 1709 4545 γάρ
1735 4475 1789 4526 αἱ
1820 4489 1990 4544 σηπε-

411 4556 566 4618 δόνες
611 4560 827 4628 πικροῖς
859 4556 1072 4611 εἴκουσι
1100 4557 1433 4628 φαρμάκοις,
1479 4558 1574 4612 καὶ
1617 4556 1845 4610 καύσεσι
1894 4555 1991 4609 καὶ

411 4640 629 4711 τομαῖς·
659 4638 805 4694 οῦτω
831 4640 926 4693 καὶ
951 4639 986 4710 ἡ
1018 4639 1254 4711 πονηρία
1280 4640 1387 4693 ὑπὸ
1413 4640 1681 4713 τιμωρίας
1701 4639 1987 4695 κωλύεται.

484 4776 551 4833 θ’.
580 4775 745 4833 Ταῦτ’
768 4771 862 4833 οῦν
886 4776 1114 4843 εἰδότας,
1137 4777 1200 4832 οὐ
1226 4778 1353 4842 τοὺς
1377 4775 1837 4848 τιμωρουμένους,
1868 4773 1991 4827 οὐδὲ

411 4868 540 4932 τοὺς
572 4864 966 4938 κολαζομένους
992 4866 1249 4939 δακρύειν
1275 4865 1403 4939 χρὴ,
1437 4864 1573 4920 ἀλλά
1594 4864 1719 4928 τοὺς
1743 4863 1993 4936 ἁμαρτά-

412 4972 602 5021 νοντας
633 4954 961 5028 ἀτιμωρητί.
987 4953 1214 5028 Πρῶτον
1244 4953 1344 5026 μὲν
1362 4951 1470 5025 γὰρ
1492 4951 1681 5017 κακὸν,
1719 4952 1782 5005 τὸ
1814 4940 1993 5023 ἀμαρὲ

411 5046 611 5100 τάνειν·
635 5044 887 5117 δεύτερον
922 5042 1002 5108 δὲ,
1043 5043 1105 5097 τὸ
1132 5041 1544 5115 ἁμαρτάνοντας
1575 5040 1843 5113 μηδεμιᾶς
1864 5056 1994 5108 τυγ-

412 5133 597 5204 χάνειν
623 5133 941 5207 θεραπείας.
969 5131 1186 5188 Μᾶλλον
1209 5130 1268 5185 δὲ
1296 5131 1391 5186 καὶ
1421 5129 1579 5184 τοῦτο
1602 5128 1820 5199 πρῶτον
1850 5126 1994 5181 είποι

412 5236 497 5284 τις
531 5220 598 5275 ἀν
625 5220 867 5286 δικαίως,
894 5220 985 5276 καὶ
1006 5218 1185 5294 πολλῷ
1212 5217 1607 5292 χαλεπώτατον.
1638 5217 1849 5287 Ὥσπερ
1885 5213 1995 5286 γὰρ

412 5308 476 5363 οὺ
490 5310 552 5363 τὸ
574 5315 752 5367 νοσεῖν
777 5312 1034 5384 χαλεπὸν,
1051 5311 1187 5368 ἀλλά
1208 5312 1298 5365 τὸν
1320 5308 1579 5367 νοσοῦντα
1604 5305 1678 5379 μὴ
1698 5302 1997 5376 θεραπεύε-

414 5399 558 5453 σθαι’
590 5400 711 5454 οὑδέ
764 5402 855 5456 τὸν
901 5401 1094 5473 ἔχοντα
1140 5398 1410 5472 σηπεδόνα
1446 5393 1753 5469 θρηνοῦμεν
1784 5391 1992 5458 ἁπλῶς,

413 5488 551 5542 ἀλλά
581 5488 673 5541 τὸν
705 5489 896 5559 ἔχοντα
929 5491 1023 5545 καὶ
1068 5489 1189 5560 είκῆ
1220 5487 1494 5557 κείμενον,
1545 5483 1639 5538 καὶ
1679 5483 1754 5553 μὴ
1790 5482 1992 5551 τυγχά-

413 5594 573 5631 νοντα
602 5577 859 5648 ἰατρικῶν
883 5578 1101 5651 χειρῶν·
1132 5577 1223 5631 τὸν
1254 5576 1310 5629 δὲ
1346 5573 1673 5646 τεμνόμενον
1713 5571 1806 5624 καὶ
1841 5569 1993 5625 καιό-

420 5682 602 5736 μενον,
635 5664 825 5719 τοῦτον
857 5667 1092 5736 φαίημεν
1122 5668 1188 5720 ἂν
1245 5664 1382 5736 πρὸς
1433 5662 1642 5731 ὑγίειαν
1679 5660 1903 5725 ὁδεύειν,
1931 5659 1991 5713 οὐ

421 5754 522 5823 τὴν
558 5753 662 5810 ἀπὸ
686 5754 786 5826 τῆς
817 5753 988 5827 τομῆς
1016 5754 1205 5825 ὀδύνην
1251 5751 1554 5823 βλέποντες,
1584 5747 1717 5803 ἁλλά
1756 5745 1852 5819 τὴν
1885 5746 1991 5801 ἀπὸ

2095 467 2193 533 τῆς
2205 470 2377 541 τομῆς
2404 472 2631 541 ὑγίειαν
2649 474 2791 527 οὕτω
2810 476 2903 530 καὶ
2925 475 3019 528 ἐπὶ
3044 474 3143 545 τῆς
3169 473 3346 545 ψυχῆς
3370 472 3674 530 διακεῖσθαι

2093 557 2223 628 χρὴ,
2249 558 2370 629 οὐχὶ
2397 562 2522 625 τοὺς
2545 562 2936 633 κολαζομένους
2974 562 3093 632 (καὶ
3128 561 3238 633 γὰρ
3276 562 3413 633 πρὸς
3460 563 3672 631 ὑγίειαν

2092 642 2386 715 ἕλκονται),
2410 646 2547 700 ἀλλά
2580 650 2706 713 τοὺς
2736 650 3147 721 ἁμαρτάνοντας
3181 650 3489 721 ἀτιμωρητὶ
3534 650 3671 722 θρη-

2093 733 2203 785 νεῖν
2237 734 2331 786 καὶ
2374 735 2608 791 πενθεῖν.
2651 737 2760 792 Καὶ
2784 740 2832 791 εί
2883 739 2942 791 αί
2991 737 3254 809 τιμωρίαι
3281 738 3379 809 τῆς
3408 740 3674 810 πονηρίας

2093 819 2201 873 εἰσὶ
2222 820 2539 886 κωλυτικαὶ,
2571 823 2725 894 φησὶ,
2775 825 2917 889 τίνος
2951 823 3137 901 ἕνεκεν
3161 827 3222 879 οὐ
3269 825 3389 879 καθ’
3433 827 3676 898 ἑκάστην

2094 905 2306 977 ἡμέραν
2331 908 2581 982 διδόαμεν
2620 910 2775 982 δίκην
2822 912 2929 965 τῶν
2972 913 3410 985 ἡμαρτημένων;
3457 915 3578 968 Ὅτι
3624 916 3675 968 εἰ

2092 993 2250 1048 τοῦτο
2276 997 2541 1065 ἐγεγόνει,
2584 999 3017 1070 προανηρπάσθη
3048 998 3114 1054 ἂν
3158 999 3218 1052 τὸ
3261 999 3413 1067 γένος
3438 1001 3545 1054 τῶν
3574 1001 3675 1054 ἀν-

2094 1076 2348 1149 θρώπων,
2370 1079 2466 1135 καλ⁵
2495 1081 2524 1134 0
2551 1081 2651 1151 τῆς
2670 1083 2955 1153 μετανοίας
2974 1081 3163 1153 καιρὸς
3193 1081 3451 1155 ἀνῄρητο.
3472 1083 3677 1138 Σκόπει

2091 1166 2221 1237 γοῦν
2246 1168 2339 1221 ἐπὶ
2363 1167 2455 1222 τοῦ
2483 1167 2713 1223 Παύλου.
2740 1170 2803 1223 Εί
2831 1170 2940 1241 γὰρ
2963 1172 3167 1235 ἐκεῖνος
3202 1170 3370 1224 ἔδωκε
3397 1171 3553 1241 δίκην
3571 1170 3678 1241 τῆς

2090 1258 2344 1324 διώξεως,
2378 1259 2472 1313 καὶ
2504 1260 2763 1332 ἀνῃρέθη,
2799 1259 2915 1322 πῶς
2945 1259 3155 1331 ἀνέσχε
3188 1258 3379 1326 καιρὸν
3409 1259 3681 1331 μετανοῆ-

2093 1364 2204 1411 σαι,
2239 1347 2333 1401 καὶ
2366 1346 2505 1419 μετά
2541 1347 2641 1419 τὴν
2692 1350 2979 1419 μετάνοιαν
3021 1349 3090 1402 τὰ
3130 1347 3300 1420 μυρία
3334 1348 3679 1419 ἐργάσασθαι

2093 1434 2291 1505 ἀγαθὰ,
2341 1437 2435 1489 καὶ
2478 1438 2681 1503 πᾶσαν,
2728 1436 2803 1500 ὡς
2830 1439 3024 1503 εἰπεῖν,
3064 1437 3164 1506 τὴν
3191 1437 3515 1507 οἰκουμένην
3563 1434 3682 1491 ἀπὸ

2090 1527 2191 1594 τῆς
2231 1523 2439 1595 πλάνης
2479 1524 2574 1579 ἐπὶ
2623 1524 2722 1597 τὴν
2772 1523 3030 1598 ἀλήθειαν
3077 1523 3519 1597 χειραγωγῆσαι;
3558 1524 3680 1593 Οὑχ

2091 1613 2223 1683 ὁρᾷς
2256 1613 2349 1665 καὶ
2400 1614 2529 1676 τοὺς
2563 1612 2802 1683 ἰατροὺς,
2832 1612 2961 1665 ὅταν
3013 1628 3099 1676 τις
3130 1611 3299 1665 πολλά
3343 1611 3679 1682 περικέηται

2089 1699 2400 1771 τραύματα,
2449 1699 2510 1752 οὑ
2538 1698 2808 1771 τοσαύτην
2842 1698 3149 1768 ἐπάγοντας
3192 1697 3508 1769 θεραπείαν,
3539 1699 3681 1768 ὅσην

2090 1789 2312 1842 ἀπαιτεῖ
2333 1788 2443 1843 τῶν
2468 1788 2800 1860 τραυμάτων
2822 1791 2857 1860 ἡ
2874 1786 3071 1858 φύσις,
3094 1785 3210 1842 ἀλλ’
3233 1788 3366 1858 ὅσην
3391 1787 3546 1857 φέρει
3569 1787 3682 1858 τῆς

2090 1875 2374 1947 δυνάμεως
2397 1878 2432 1947 ἡ
2461 1877 2778 1940 ὑπόστασις,
2817 1877 2903 1931 ῐνα
2944 1875 3041 1948 μὴ,
3070 1876 3140 1929 τά
3174 1873 3466 1947 τραύματα
3504 1874 3679 1945 θερα-

2091 1964 2412 2032 πεύσαντες,
2449 1965 2544 2019 τὸν
2575 1964 2853 2036 κάμνοντα
2882 1964 3264 2033 ἀπενέγκωσι;
3306 1964 3405 2017 Διά
3429 1964 3493 2034 δὴ
3514 1963 3682 2017 τοῦτο

2089 2053 2118 2105 ὁ
2145 2051 2277 2115 Θεὸς
2300 2050 2423 2107 οὔτε
2458 2053 2664 2115 πάντας
2680 2051 2816 2123 ὁμοῦ
2853 2052 3093 2117 κολάζει,
3126 2051 3251 2105 οὔτε
3298 2051 3506 2115 πάντας
3551 2054 3685 2104 κατ’

2089 2139 2269 2205 ἀξίαν,
2299 2140 2415 2193 ἀλλ’
2457 2140 2661 2213 ἡρέμα,
2703 2142 2798 2194 καὶ
2841 2139 3097 2204 ἐνδιδούς*
3133 2141 3226 2194 καὶ
3270 2139 3532 2202 πολλάκις
3573 2138 3682 2191 ἕνα

2086 2227 2519 2298 τιμωρούμενος,
2553 2227 2621 2281 δι’
2634 2227 2844 2282 ἐκείνου
2874 2227 3101 2291 πολλοὺς
3129 2226 3486 2298 ἐσωφρόνισε.
3500 2225 3685 2279 Τοῦτο

2089 2316 2184 2368 καὶ
2212 2317 2305 2369 ἐπὶ
2331 2314 2427 2368 τοῦ
2472 2314 2725 2387 σώματος
2746 2315 2958 2385 γίνεται
2991 2315 3269 2379 πολλάκιςο
3299 2314 3421 2380 ἐνὸς
3459 2314 3685 2384 ἐκκοπὴ

2093 2402 2290 2473 μέλους
2339 2403 2545 2473 ἑτέροις
2589 2402 2828 2458 πλείοσιν
2870 2403 3059 2472 ὑγείαν
3107 2403 3394 2474 παρέσχεν.
3440 2402 3586 2473 Ὅρα
3617 2402 3684 2455 δὲ

2087 2489 2184 2545 τοῦ
2212 2491 2422 2545 δικαίου
2439 2491 2537 2564 τὴν
2562 2492 2916 2565 φιλόστοργον
2939 2491 3138 2563 ψυχὴν,
3161 2491 3280 2556 πῶς
3307 2489 3585 2560 πανταχοῦ
3614 2490 3686 2545 τὸ

2090 2581 2243 2651 κοινῇ
2276 2580 2554 2651 συμφέρον
2587 2579 2760 2652 ζητεῖ,
2789 2581 2883 2634 καὶ
2909 2581 3009 2649 τῆς
3022 2579 3220 2643 κακίας
3242 2578 3340 2650 τὴν
3369 2579 3683 2649 ἀναίρεσιν,

2088 2668 2187 2739 οὑχ
2208 2668 2294 2721 ἵνα
2319 2668 2480 2732 αὐτὸς
2506 2668 2660 2738 δίκην
2686 2666 2827 2740 λάϐῃ
2853 2666 3005 2739 παρὰ
3030 2667 3139 2720 τῶν
3172 2665 3380 2738 ἐχθρῶν
3397 2706 3412 2727 ,
3441 2665 3555 2719 ἀλλ’
3585 2667 3687 2721 ἵνα

2089 2755 2138 2807 οἱ
2180 2754 2364 2826 ἐχθροὶ
2406 2755 2720 2831 παύσωνται
2763 2755 2864 2825 τῆς
2924 2755 3211 2827 πονηρίας.
3273 2753 3444 2807 Τοῦτο
3490 2752 3686 2807 τοίνυν

2089 2840 2366 2911 πανταχοῦ
2398 2842 2709 2912 σκοπῶμεν,
2740 2841 2888 2906 ὅπως
2924 2842 3084 2914 σταίη
3107 2842 3177 2895 τὰ
3201 2841 3301 2912 τῆς
3328 2840 3540 2905 κακίας,
3575 2842 3689 2895 καὶ

2091 2927 2378 3000 θρηνῶμεν
2406 2932 2531 2993 τοὺς
2562 2931 2620 2981 ἐν
2654 2928 2827 3001 ταύτῃ
2846 2928 3028 2995 ὅντας,
3063 2929 3169 2984 κᾶν
3205 2929 3408 3001 σηρικά
3440 2923 3543 2983 ὦσι
3569 2946 3686 2982 πε-

2092 3021 2388 3091 ρικείμενοι
2423 3016 2633 3086 ἱμάτιαο
2662 3016 2758 3071 καὶ
2802 3017 3197 3090 μακαρίζωμεν
3229 3020 3356 3082 τοὺς
3387 3018 3445 3073 ἐν
3476 3017 3685 3090 ἀρετῇ,

2095 3106 2200 3161 κᾶν
2232 3107 2392 3177 πενίᾳ
2444 3105 2649 3178 ἐσχάτῃ
2698 3105 3024 3172 παλαίωσιν,
3067 3107 3176 3159 ἀπὸ
3222 3104 3333 3159 τῶν
3366 3103 3563 3172 ἔξωθεν
3592 3111 3688 3173 είς

2087 3195 2187 3265 τὴν
2214 3194 2450 3248 διάνοιαν
2488 3194 2762 3264 ἑκατέρων
2803 3194 3083 3258 εἰσιόντες.
3117 3195 3251 3247 Τότε
3285 3192 3395 3266 γὰρ
3427 3193 3690 3264 ὀψόμεθα

2089 3280 2183 3335 τοῦ
2209 3282 2305 3354 μὲν
2345 3281 2434 3335 τὸν
2478 3282 2726 3347 πλοῦτον,
2746 3280 2840 3335 τοῦ
2868 3282 2925 3335 δὲ
2959 3281 3059 3353 τὴν
3106 3280 3317 3336 πενίαν.
3348 3280 3413 3333 Τί
3447 3282 3577 3353 γὰρ,
3628 3283 3689 3336 ει

2088 3367 2347 3440 λαμπρὰν
2378 3368 2569 3440 στολὴν
2603 3368 2801 3435 ἔξωθεν
2835 3367 3261 3441 περιϐέϐληταις
3289 3367 3344 3421 τί
3364 3366 3471 3421 τῶν
3500 3370 3686 3441 ἐργα-

2092 3457 2327 3528 στηρίων
2370 3457 2663 3529 διενήνοχε,
2713 3458 2807 3512 καὶ
2855 3456 2964 3511 τῶν
2999 3456 3171 3524 ξύλων
3205 3457 3315 3511 τῶν
3369 3457 3693 3527 ἀνεχόντων

2089 3547 2296 3612 αὑτά·;
2327 3546 2378 3601 τί
2406 3547 2514 3601 τῶν
2545 3546 2931 3618 λαμϐανόντων
2960 3545 3100 3600 αὐτὰ
3150 3545 3350 3601 πωλεῖν
3379 3538 3533 3609 οὗτος
3579 3547 3688 3598 εὐ-

2090 3632 2430 3704 πορώτερος;
2477 3632 2615 3687 Ἀλλ’
2656 3635 2756 3705 οὑχ
2798 3635 2827 3688 0
2866 3634 2962 3687 τοῦ
3013 3633 3221 3687 δικαίου
3273 3633 3501 3697 πλοῦτος
3550 3621 3691 3706 [65]

2088 3718 2349 3785 τοιοῦτος,
2380 3719 2516 3773 ἀλλά
2547 3721 2773 3793 μόνιμος
2796 3723 2889 3774 καὶ
2913 3723 3199 3791 πεπηγώς.
3244 3722 3308 3775 Εἰ
3334 3719 3392 3775 δέ
3423 3721 3525 3774 οὐκ
3576 3722 3684 3775 αῖ·-

2091 3808 2375 3864 σθάνονται
2402 3810 2451 3861 οἱ
2484 3809 2837 3873 πλουτοῦντες
2868 3811 2926 3863 ἐν
2961 3810 3120 3881 πενίᾳ
3148 3809 3318 3876 ὄντες,
3358 3809 3512 3862 οὐδὲν
3540 3807 3685 3862 Gau-

2093 3898 2316 3969 μαστόν.
2345 3897 2481 3951 Ούδέ
2514 3900 2562 3951 οί
2598 3897 2863 3968 φρενίτιδι
2912 3898 3266 3969 κατεχόμενοι
3296 3898 3547 3969 αἴσθησιν
3566 3899 3685 3969 τῆς

2089 3985 2246 4040 νόσου
2276 3983 2641 4055 λαμϐάνουσι,
2659 3991 2754 4039 καὶ
2783 3984 2871 4038 διὰ
2899 3984 3059 4039 τοῦτο
3084 3984 3319 4056 μάλιστά
3350 3988 3485 4040 εἰσιν
3511 3986 3685 4039 ἐλεει-

2088 4073 2193 4139 νοὶ,
2227 4073 2288 4127 οὐ
2342 4072 2695 4144 μακαρισταί.
2727 4072 2791 4125 Et
2823 4072 2933 4144 γὰρ
2965 4072 3213 4143 ᾔσθοντο,
3263 4073 3364 4128 κᾶν
3410 4074 3548 4145 πρὸς
3574 4073 3684 4129 τὸν

2093 4160 2277 4232 ίατρδν
2298 4159 2538 4233 ἔτρεχονο
2563 4158 2659 4213 νῦν
2683 4158 2741 4213 δὲ
2772 4162 2873 4232 τῆς
2909 4161 3107 4225 κακίας
3136 4160 3292 4214 τοῦτο
3328 4161 3391 4214 τδ
3418 4162 3683 4231 χαλεπώ-

2089 4264 2268 4314 τατον,
2299 4250 2381 4303 ὅτι
2407 4250 2464 4302 ἐν
2500 4248 2635 4320 αὐτῇ
2669 4246 2840 4313 ὅντες,
2872 4247 2980 4301 οὐδ’
3005 4248 3087 4302 ὅτι
3125 4249 3262 4302 εἰσιν
3289 4251 3346 4303 ὲν
3376 4249 3511 4318 αὐτῇ
3547 4266 3688 4303 συν-

2089 4337 2276 4410 ορῶσι.
2305 4335 2395 4408 Μὴ
2424 4337 2489 4409 δὴ
2508 4336 2665 4391 τοῦτο
2697 4336 2833 4408 ίδῃς,
2863 4336 2945 4390 ὅτι
2974 4336 3155 4409 χαίρει
3180 4336 3425 4392 πλουτῶν
3448 4338 3477 4389 0
3504 4336 3687 4391 πλού-

2092 4443 2228 4490 σιος·
2255 4425 2391 4482 ἀλλά
2445 4426 2513 4479 δι’
2559 4426 2692 4481 αὐτὸ
2718 4425 2878 4479 τοῦτο
2911 4425 3145 4498 μάλιστα
3178 4426 3340 4481 αὑτὸν
3374 4427 3684 4498 δάκρυσον,

2091 4514 2173 4568 δτι
2218 4514 2343 4569 οὐδέ
2369 4512 2705 4576 αἰσθάνεται,
2757 4515 2815 4567 ἐν
2846 4515 2957 4586 ὅσῳ
3005 4516 3183 4568 κεῖται
3230 4513 3405 4585 κακῷ.
3436 4515 3511 4568 Οὐ
3557 4515 3686 4587 γὰρ

2092 4602 2431 4673 ἀνθρώπινον
2460 4602 2523 4657 τὸ
2545 4604 2640 4657 ἐπὶ
2665 4601 2876 4666 τούτοις
2913 4602 3266 4672 ἀγάλλεσθαι,
3294 4603 3411 4656 ἀλλ’
3445 4602 3690 4671 ἀλογίας

2092 4692 2349 4762 ἐσχάτης.
2377 4690 2490 4744 Καί
2529 4686 2916 4757 κατευθυνεῒς
2938 4689 3192 4746 δίκαιον.
3229 4690 3295 4743 Τί
3329 4692 3446 4744 ἐστι
3472 4690 3686 4759 τοῦτο;

2093 4781 2221 4834 Τῶν
2239 4781 2350 4853 γὰρ
2374 4781 2630 4852 πονηρῶν
2662 4779 3055 4844 κολασθέντων,
3091 4780 3247 4852 φησὶ,
3293 4780 3687 4852 προσεκτιώ-

2092 4887 2243 4945 τεροι
2278 4870 2328 4923 οί
2380 4869 2579 4923 δίκαιοι
2627 4867 2887 4937 γίνονται.
2936 4869 3099 4923 ’Ὥστε
3151 4868 3245 4923 δύο
3302 4867 3555 4924 ἐντεῦθεν
3599 4869 3686 4922 τὰ

2094 4956 2297 5027 ἀγαθά·
2337 4955 2534 5011 ἐκεῖνοί
2559 4973 2619 5009 τε
2652 4956 2761 5028 γὰρ
2782 4958 2883 5027 τῆς
2907 4955 3171 5027 πονηρίας
3196 4955 3544 5026 ἀφίστανται,
3572 4958 3688 5009 καὶ⁵

2094 5042 2240 5102 οὗτοι
2268 5048 2335 5118 τῇ
2367 5046 2535 5118 ἀρετῇ
2586 5044 2787 5115 μᾶλλον
2825 5044 3241 5116 προσέρχονται.
3293 5045 3504 5112 Ὠσπερ
3557 5042 3688 5113 γὰρ

2097 5134 2357 5204 ὑγιαίνων
2380 5132 2666 5204 ἄνθρωπος
2696 5130 2817 5185 ίδὼν
2849 5149 2972 5185 τινα
3002 5131 3316 5204 καιόμενον,
3346 5131 3379 5202 ἦ
3404 5130 3686 5201 τεμνόμε-

2095 5238 2207 5283 νον,
2239 5217 2742 5293 προσεκτικωτερος
2765 5219 2894 5290 περὶ⁹
2922 5219 3022 5291 τὴν
3050 5220 3237 5288 ὑγείαν
3259 5219 3490 5288 γίνεται·
3525 5216 3688 5273 οὕτω

2096 5309 2161 5380 δὴ
2193 5311 2286 5362 καὶ
2305 5306 2560 5362 ἐνταῦθα.
2587 5307 2698 5361 Καὶ
2717 5305 2827 5378 γάρ
2853 5306 3040 5360 πολλοὶ
3065 5306 3175 5360 τῶν
3204 5305 3326 5360 τότε
3354 5304 3683 5360 ἐσκανδαλί-

2099 5397 2273 5462 ζοντο,
2304 5396 2398 5449 καὶ
2429 5394 2537 5449 τῶν
2565 5393 2866 5449 δοκούντων
2891 5393 3102 5459 ἑαυτοῖς
3133 5394 3443 5467 προσέχειν,
3472 5395 3565 5449 ἐπὶ
3600 5400 3685 5470 τῇ

2095 5484 2205 5539 τῶν
2240 5483 2489 5554 πονηρῶν
2518 5482 2787 5555 εὐημερίᾳ
2822 5481 3171 5551 ἀτελέστερον
3212 5482 3291 5535 ἔτι
3318 5482 3681 5554 διακείμενοι.

2098 5573 2189 5627 Διὸ
2222 5572 2316 5627 καὶ
2339 5566 2493 5636 οὗτος
2537 5570 2769 5641 ἀλλαχοῦ
2793 5568 2968 5639 ἔλεγεν
3017 5569 3156 5639 Πίιρ’
3184 5570 3393 5640 ὀλίγον
3417 5571 3692 5641 ἐξεχύθη

2166 5752 2190 5781 ⁸
2212 5747 2311 5803 Alii
2350 5751 2442 5798 τῶν
2466 5749 2610 5806 ξύλων
2634 5749 2729 5798 τῶν
2752 5748 3083 5812 περικειμένων
3106 5746 3241 5797 αὑτά.
