3928 6276
159 347 225 408 93
1311 346 1670 404 EXI'OSITIO
1711 345 1776 402 ΙΝ
1815 346 2137 404 PSALMUM
2182 351 2287 404 ΥΠ.
3374 359 3450 416 9f

157 462 378 534 audis,
427 471 481 518 te
525 463 730 534 erigant
762 473 816 518 et
845 471 1090 518 recreent
1116 461 1202 532 qui
1235 469 1545 532 torquentur
1573 477 1634 515 ac
1665 476 1759 530 pu-

158 539 405 608 niuntur.
437 551 561 607 Non
594 553 843 608 audivisti
863 553 1130 607 Christum
1160 551 1424 606 dicentem
1451 569 1464 605 :
1491 551 1552 605 In
1579 553 1764 605 mundo

159 643 486 713 Mortem
510 643 758 698 habebitis
787 644 962 714 (Joau.
994 643 1080 698 16.
1109 642 1238 715 53)?
1262 643 1399 708 Quid
1427 659 1554 711 ergo
1571 645 1766 712 qumris

165 736 400 803 quietem
447 751 578 790 cum
625 735 716 790 ille
762 736 876 790 haec
918 735 1150 790 dixerit?
1195 735 1309 790 Non
1350 735 1593 788 audivisti
1643 751 1764 787 cum

165 826 429 880 dicentem
463 843 480 878 :
520 825 753 880 Mundus
776 826 1053 897 gaudebit;
1091 843 1176 880 vos
1216 835 1380 878 autem
1409 827 1609 878 tristitia
1653 826 1766 895 afﬁ-

411 915 589 987 (Ibid.
635 934 684 971 ν.
715 916 848 988 20)?
892 917 1121 972 Proinde
1161 926 1583 972 consentaneum
1624 927 1767 972 esset

166 1007 361 1062 alendi
388 1009 822 1079 insipientiores,
855 1008 898 1062 si
927 1009 990 1063 iis
1023 1024 1140 1078 qua:
1166 1009 1299 1064 dixit
1326 1010 1600 1064 evenirent
1638 1024 1766 1063 con-

166 1106 322 1159 traria
360 1122 375 1159 :
403 1105 492 1160 sin
524 1113 704 1159 autem
727 1105 905 1160 omnia
937 1107 1186 1160 eveniunt
1228 1124 1292 1163 ex
1341 1109 1717 1178 consequentia
1745 1150 1762 1176 ,

162 1212 256 1250 cur
280 1213 418 1267 ergo
442 1196 782 1252 offenderis?
814 1197 877 1250 Et
902 1212 1019 1260 cur,
1037 1197 1224 1268 inquit,
1245 1198 1384 1253 Deus
1407 1199 1475 1252 ita
1495 1197 1764 1253 decrevit?

162 1286 236 1341 Ne
277 1287 541 1356 inquire,
584 1303 684 1343 nec
724 1288 798 1342 sis
845 1289 1061 1343 nimium
1105 1290 1364 1345 curiosus.
1421 1289 1600 1359 Neque
1625 1295 1760 1345 attint

158 1379 276 1430 dicit
301 1379 618 1448 ﬁgmentum
648 1378 805 1448 ﬁgulo
821 1379 995 1450 (Rom.
1019 1381 1070 1435 9.
1095 1379 1187 1452 20)
1209 1399 1220 1433 :
1248 1380 1349 1436 Cur
1373 1399 1450 1435 me
1473 1383 1544 1436 sic
1564 1372 1765 1452 fecisti?

161 1468 463 1537 Propterea
513 1469 674 1523 etiam
708 1469 963 1539 pr0pheta
993 1470 1302 1540 increpabat
1343 1471 1590 1540 Judmos,
1621 1473 1762 1542 quod

159 1575 280 1613 cum
309 1559 804 1614 innumerabilibus
847 1571 1025 1614 essent
1067 1562 1220 1615 malis
1257 1561 1434 1616 referti
1462 1603 1478 1628 ,
1525 1563 1616 1617 Dt-i
1653 1563 1764 1616 vias

161 1648 323 1701 nimi-
355 1648 581 1703 curiose
611 1656 994 1714 scrutarentur,
1029 1649 1209 1704 dicens
1250 1669 1262 1704 :
1319 1652 1464 1706 Scire
1501 1652 1604 1706 vias
1629 1668 1763 1706 mens

158 1739 466 1791 desiderant
492 1779 509 1801 ,
559 1748 819 1807 tamquam
861 1741 1075 1810 papulas
1102 1742 1189 1810 qui
1237 1741 1352 1810 fecit
1383 1742 1663 1812 justitiam,
1715 1753 1762 1796 et

157 1830 419 1900 judicium
463 1829 566 1884 Dei
605 1832 685 1885 sui
716 1848 814 1884 non
857 1833 1056 1903 reliquit
1089 1832 1238 1903 (Isai.
1269 1835 1354 1888 58.
1383 1837 1450 1905 ‘2)
1487 1851 1499 1886 :
1548 1835 1764 1904 perinde

160 1920 457 1981 facientes,
486 1935 549 1975 ac
578 1921 628 1976 si
660 1921 780 1990 quis
802 1937 988 1976 servus
1013 1925 1098 1992 qui
1128 1923 1430 1978 olfendissct
1456 1967 1469 1988 ,
1511 1937 1563 1978 et
1606 1926 1760 1980 innu-

163 2012 510 2064 merabilium
558 2020 703 2064 esset
729 2028 850 2065 rens
878 2014 1196 2079 criminum,
1238 2015 1488 2069 omittens
1533 2016 1761 2070 studium

163 2101 424 2156 adhibere
445 2111 504 2155 ut
533 2103 756 2160 sedetur
779 2103 854 2157 ira
876 2103 1098 2170 domini,
1113 2107 1286 2176 exigat
1307 2107 1373 2161 ab
1393 2122 1458 2162 eo
1483 2118 1761 2176 rationem,

162 2209 254 2246 cur
292 2193 375 2248 sic
403 2193 624 2248 fecerit.
669 2193 748 2249 Ne
774 2195 890 2250 hate
926 2195 1100 2266 itaque
1131 2197 1364 2266 inquiras
1386 2239 1400 2262 ,
1452 2213 1550 2251 nec
1587 2213 1764 2253 οεεειιε

164 2284 315 2343 ﬂere,
341 2293 398 2337 et
429 2283 643 2350 lugere,
671 2295 725 2338 et
751 2294 834 2338 tua
864 2296 1075 2355 peccata
1103 2287 1336 2341 abluere.
1366 2288 1490 2343 Hmc
1511 2289 1629 2343 diro
1659 2306 1760 2341 non

163 2375 306 2441 quod
337 2393 448 2428 non
484 2376 691 2444 possim
724 2377 984 2431 rationem
1015 2379 1214 2445 dicere,
1267 2380 1360 2433 scd
1413 2381 1594 2434 volens
1623 2391 1672 2434 te
1698 2380 1764 2433 ab

167 2464 265 2519 bac
296 2466 463 2518 nimis
491 2467 706 2520 curiosa
734 2467 1138 2537 investigatione
1160 2469 1224 2522 ad
1246 2469 1430 2523 salutis
1463 2479 1562 2523 tum
1582 2485 1762 2522 curam

165 2557 473 2610 traducere.
517 2556 630 2610 Cur
655 2572 784 2627 ergo
813 2559 890 2612 sic
926 2558 1122 2627 jussit?
1155 2559 1394 2612 llmnano
1429 2560 1606 2628 generi
1639 2575 1760 2628 par-

166 2665 316 2702 rcus.
374 2647 647 2702 Laborem
675 2650 818 2702 enim
848 2650 933 2702 hic
953 2690 966 2712 ,
997 2649 1082 2702 ubi
1113 2648 1286 2702 brevis
1313 2659 1394 2703 est
1425 2650 1530 2703 vita
1557 2691 1572 2714 ,
1617 2649 1766 2701 attri-

165 2738 296 2798 buit,
321 2754 563 2792 coronas
593 2746 771 2792 autem
801 2739 850 2791 itt
880 2737 1113 2792 futurum
1141 2740 1434 2794 reservavit
1458 2780 1472 2803 ,
1520 2740 1602 2792 ubi
1631 2738 1764 2791 senii

167 2844 369 2896 expers
421 2838 505 2881 est
556 2844 731 2881 mvutn
757 2869 773 2893 ,
817 2839 870 2882 ct
912 2846 1193 2899 numquam
1237 2831 1542 2885 linicndttm.
1588 2832 1648 2884 Et
1683 2830 1766 2883 hic

165 2919 378 2986 quidem
413 2918 572 2971 labor
613 2917 865 2972 celeriter
903 2918 1123 2973 solvitur
1147 2928 1202 2973 et
1251 2920 1555 2988 pra-ternuit
1603 2937 1618 2975 τ
1668 2920 1754 2974 illa

166 3023 340 3064 autent
392 3020 623 3064 manent
679 3011 1033 3076 immortalia,
1083 3024 1135 3067 ct
1172 3030 1455 3082 numquam
1509 3015 1762 3070 desitura.

171 3103 379 3174 Alioqui
407 3115 598 3158 autem
628 3114 848 3158 exercet
879 3105 1036 3158 etiam
1069 3107 1269 3160 animas
1294 3107 1356 3160 ad
1398 3123 1629 3162 amorem
1664 3110 1768 3163 vir-

172 3197 309 3249 tutis.
339 3196 580 3262 Quando
609 3196 753 3250 enim
785 3197 870 3251 vel
901 3213 1022 3250 cum
1064 3198 1331 3253 laboribus
1377 3201 1541 3268 ipsam
1585 3201 1764 3271 eligit,

175 3287 401 3340 nondum
448 3287 734 3356 pnetnium
785 3288 1096 3357 accipiens,
1149 3289 1431 3343 meditatur
1475 3305 1597 3360 erga
1650 3307 1765 3345 eam

177 3379 578 3446 accuratissime
604 3377 746 3432 affici
780 3395 794 3432 :
823 3379 1036 3448 quando
1071 3390 1246 3434 autem
1275 3383 1432 3435 etiam
1465 3397 1583 3436 cum
1613 3383 1764 3436 Vult!-

183 3480 313 3537 ptatc
341 3470 482 3540 fugit
507 3471 697 3523 vitium
725 3511 739 3533 ,
787 3472 1097 3540 supplicium
1129 3475 1364 3528 uetulum
1406 3485 1617 3542 experta
1646 3517 1658 3540 ,
1701 3477 1766 3529 ad

183 3563 342 3629 ipsum
360 3561 494 3614 odio
514 3561 820 3615 habendum
846 3571 899 3615 et
919 3563 1265 3618 aversandum
1294 3575 1588 3620 exercetur.
1621 3565 1770 3623 [inde

180 3657 262 3707 ﬁet
300 3664 359 3708 ut
406 3670 474 3707 ex
527 3653 634 3707 hoc
661 3654 888 3723 accipiat
918 3653 1151 3709 habitum
1179 3665 1231 3710 et
1255 3657 1358 3711 odii
1390 3656 1640 3712 adversus
1668 3659 1770 3710 im-

180 3747 494 3813 probitatem
526 3786 542 3809 ,
595 3754 652 3799 et
693 3747 890 3799 amoris
938 3747 991 3800 in
1033 3748 1302 3802 virtutem.
1337 3749 1432 3802 Est
1459 3752 1617 3803 etiam
1667 3752 1768 3805 alia

180 3837 325 3890 ratio.
356 3837 624 3903 Qua-nam
652 3846 828 3890 autem
851 3851 911 3890 ea
935 3838 1050 3892 est?
1069 3838 1298 3892 Afﬂictio
1315 3854 1410 3893 nos
1431 3841 1512 3893 vel
1540 3841 1766 3895 maxime

181 3928 395 3990 excitat,
424 3927 735 3990 conﬁrmat,
771 3936 824 3980 et
853 3927 1094 3982 fortiores
1136 3930 1308 3983 reddit
1337 3930 1400 3982 ad
1423 3931 1651 3984 studium
1682 3947 1771 3985 sa-

183 4020 413 4086 pientia.
469 4019 542 4071 Et
567 4035 686 4071 cum
711 4020 809 4071 hac
834 4020 992 4072 etiam
1017 4021 1138 4075 alia.
1185 4021 1437 4088 Qumnam
1465 4030 1640 4075 autem
1672 4025 1769 4077 ea?

185 4112 298 4164 \‘ult
330 4125 434 4164 nos
462 4111 666 4164 docere
687 4112 979 4178 .pr:rsentia
1010 4111 1311 4181 despicere,
1340 4122 1394 4167 et
1415 4129 1517 4167 non
1549 4115 1628 4168 eis
1651 4130 1770 4170 esse

185 4203 364 4258 aflixos
391 4212 449 4256 et
476 4202 743 4271 alligatos.
774 4203 1057 4272 Propterea
1088 4203 1426 4259 afﬂictionem
1459 4206 1696 4261 attribuit
1716 4217 1772 4262 et

186 4293 418 4347 laborem
450 4310 464 4344 :
500 4307 622 4357 qua:
652 4303 828 4347 autem
859 4294 994 4348 bona
1023 4305 1144 4349 sunt
1172 4297 1468 4365 etjucunda
1490 4339 1504 4362 ,
1537 4311 1593 4352 ut
1617 4298 1770 4354 facile

185 4383 526 4435 solverentur
551 4379 746 4434 eﬂ'ecit.
781 4380 1165 4436 Consummatur
1188 4387 1409 4455 nequitia
1431 4397 1771 4455 peccatorum,

186 4480 228 4521 et
272 4474 467 4544 diriges
515 4475 733 4540 justum.
781 4474 918 4541 Quid
969 4485 1050 4529 est
1079 4516 1092 4540 ,
1144 4476 1560 4533 Consummetur?
1603 4479 1770 4544 lnfer,

191 4562 379 4631 inquit,
405 4564 754 4632 supplicium.
786 4575 840 4618 et
859 4566 1115 4634 reprimes
1146 4567 1262 4620 itlos
1285 4582 1313 4620 a
1337 4569 1483 4622 vitio.
1514 4569 1778 4635 Quemad-

191 4655 402 4708 modum
443 4655 594 4709 enim
628 4654 805 4709 ulcera
854 4657 1055 4725 putrida
1086 4657 1280 4712 cedunt
1325 4660 1518 4712 amaris
1545 4660 1778 4714 medica-

193 4747 378 4798 mentis
399 4788 414 4809 ,
459 4747 662 4799 nstioni
701 4756 755 4800 et
781 4749 1140 4803 sectionibus:
1173 4751 1241 4804 ita
1267 4751 1427 4805 etiam
1458 4768 1552 4821 per
1579 4753 1778 4822 suppli-

193 4837 322 4889 cium
351 4846 577 4890 arcetur
601 4836 936 4903 improbitas.

255 4927 308 4981 9.
355 4926 601 4998 Lugeudi
633 4929 720 4995 qui
759 4938 869 4998 post
911 4941 1167 4998 peccatum
1210 4933 1290 4985 hic
1331 4949 1432 4986 non
1480 4935 1774 5003 puniuntur.

200 5015 287 5066 Cur
313 5027 610 5084 peccatores
631 5033 731 5070 non
752 5017 874 5070 dant
898 5019 982 5072 hic
1009 5035 1180 5088 poenas
1211 5031 1547 5091 peccatorum.
1566 5024 1776 5078 —Cum

203 5105 302 5157 lere
320 5121 449 5173 ergo
481 5106 882 5176 intelligamus,
930 5124 1032 5161 non
1072 5119 1284 5178 Oportet
1325 5127 1418 5165 eos
1461 5113 1659 5167 deﬂere
1682 5114 1771 5182 qui

202 5194 486 5260 puniuntur
517 5206 572 5251 et
602 5198 866 5266 supplicio
890 5200 1206 5267 afﬁciuntur,
1230 5202 1322 5256 sed
1334 5217 1426 5257 eos
1443 5205 1530 5272 qui
1550 5219 1777 5272 peccau-

203 5292 276 5337 tes
301 5286 472 5340 nullas
494 5287 721 5341 omnino
751 5303 936 5354 poenas
965 5290 1134 5343 luunt.
1163 5291 1395 5345 Primum
1416 5294 1555 5347 enim
1585 5295 1778 5347 malum

202 5383 292 5434 est.
322 5390 546 5443 peccare
577 5393 592 5428 :
627 5377 922 5431 secundum
952 5388 1127 5432 autem
1153 5421 1168 5442 ,
1208 5381 1250 5433 si
1277 5383 1614 5449 peccantibus
1640 5383 1781 5438 nulla

207 5465 505 5524 adhibeatur
531 5469 824 5524 medicina.
851 5471 962 5523 lmo
983 5471 1065 5525 vel
1093 5471 1190 5527 hoc
1214 5475 1569 5545 primumjure
1593 5477 1784 5531 dixerit

207 5559 466 5627 quispiam,
490 5571 549 5616 et
579 5563 738 5632 longe
759 5565 994 5631 gravius.
1015 5563 1468 5628 Quemadmodum
1499 5569 1640 5621 enim
1672 5586 1776 5622 non

209 5664 346 5715 grave
371 5665 455 5710 est
483 5664 779 5724 aegrotare,
812 5653 906 5707 sed
939 5671 1056 5707 eum
1085 5659 1171 5724 qui
1201 5668 1421 5726 a'grotat
1445 5675 1548 5712 non
1575 5661 1779 5725 curari;

207 5754 285 5798 nec
313 5759 431 5802 eun;
480 5745 578 5817 qui
609 5745 794 5799 ulcere
841 5745 1048 5812 putrida
1094 5747 1293 5802 laborat
1324 5749 1652 5820 simpliciter,
1687 5749 1779 5806 de-

1877 460 2086 526 ﬂemus,
2113 464 2205 517 sed
2225 465 2312 534 qui
2352 467 2552 521 laborat
2580 467 2791 537 quidem
2813 507 2828 534 ,
2857 477 2912 524 et
2943 469 3085 540 jacet
3124 471 3399 540 neglectim
3424 516 3439 540 ,

1871 567 1970 606 nec
2019 553 2176 608 habet
2219 555 2480 609 medicum
2531 558 2617 626 qui
2649 560 2697 613 ei
2744 574 2930 614 manus
2973 560 3221 615 adhibeat
3264 582 3276 616 :
3321 579 3442 618 cum

1869 653 2045 696 autem
2077 645 2161 712 qui
2190 645 2446 700 scinditur
2474 656 2528 702 et
2558 649 2747 714 uritur,
2768 649 3058 704 dixerimus
3085 651 3183 704 iter
3206 652 3270 705 ad
3295 654 3442 706 sani-

1871 741 2029 788 tatem
2058 735 2280 805 ingrcdi,
2311 753 2412 791 non
2437 739 2751 807 aspicientes
2780 741 3016 796 dolorem
3036 743 3124 812 qui
3153 759 3222 797 ex
3253 745 3444 799 sectiu-

1869 838 1956 886 ne,
1989 824 2081 878 sed
2105 826 2404 891 sanitatem,
2438 844 2555 898 qua:
2585 845 2650 884 ex
2680 847 2739 885 ea
2767 833 2936 886 oritur
2963 850 2977 886 :
3008 834 3076 887 ita
3104 835 3262 888 etiam
3287 849 3442 904 Opor—

1871 925 1939 970 tet
1965 932 2059 970 uos
2082 917 2132 971 in
2159 919 2332 972 anima
2362 920 2498 975 al‘tici
2525 962 2540 986 ,
2575 922 2755 993 lugere
2781 925 2990 993 quidem
3030 936 3083 980 et
3126 925 3254 981 ﬂere
3279 967 3294 992 ,
3335 941 3438 979 non

1867 1020 1961 1060 eos
1991 1007 2076 1070 qui
2102 1009 2383 1076 puniuntur
2413 1011 2714 1082 (trahuntur
2731 1014 2869 1068 enim
2896 1014 2962 1068 ad
2991 1015 3316 1086 sanitatem),
3344 1015 3438 1070 sed

1867 1110 1960 1149 eos
1988 1098 2220 1168 quicum
2254 1111 2487 1168 peccant,
2519 1118 2623 1156 non
2650 1103 2777 1158 dant
2807 1121 3009 1175 poenas.
3050 1108 3113 1160 Et
3151 1108 3194 1162 si
3229 1123 3398 1177 pinum
3419 1150 3433 1173 ,

1867 1187 2095 1256 inquies,
2131 1201 2342 1259 peccata
2367 1193 2679 1261 prohibent,
2707 1210 2802 1249 cur
2844 1213 2949 1251 non
2978 1199 3210 1268 quotidie
3251 1200 3438 1255 damus

1867 1292 2051 1346 poenas
2088 1283 2463 1348 peccatorum?
2501 1284 2758 1350 Quoniam
2797 1287 2842 1340 si
2886 1287 2986 1342 hoc
3025 1289 3218 1343 factum
3263 1301 3433 1352 eSsct,

1867 1379 2182 1437 praereptum
2211 1370 2395 1426 fuisset
2416 1373 2700 1428 humanum
2722 1391 2908 1445 genus,
2936 1388 2988 1432 et
3009 1380 3270 1433 sublatum
3296 1390 3436 1435 esset

1868 1465 2074 1528 tempus
2101 1463 2445 1530 poenitentire.
2493 1464 2548 1518 Id
2578 1467 2854 1521 considera
2886 1469 2936 1521 in
2978 1469 3162 1523 Paulo.
3205 1471 3258 1524 Si
3293 1472 3434 1525 enim

1866 1547 1955 1603 ille
1983 1549 2213 1607 dedisset
2246 1557 2671 1624 persequutionis
2723 1573 2926 1626 pmnas,
2973 1567 3027 1612 et
3053 1559 3236 1614 fuisset
3260 1561 3434 1614 subla-

1865 1646 1970 1704 tus,
1999 1643 2263 1710 quomodo
2292 1644 2561 1701 habuisset
2600 1656 2807 1716 tempus
2830 1651 3017 1717 agendi
3045 1651 3433 1719 paenitentiam,

1865 1739 1920 1785 et
1947 1743 2060 1799 post
2090 1733 2448 1801 ptenitcntiatn
2476 1736 2700 1791 faciendi
2731 1738 2867 1792 bona
2896 1739 3192 1805 innumera,
3217 1741 3433 1794 univer-

1866 1837 2089 1893 sumque
2121 1842 2253 1893 pene
2281 1837 2536 1881 terrarum
2559 1830 2739 1884 orbem
2760 1830 3048 1884 deducendi
3075 1831 3142 1884 ab
3163 1847 3343 1886 errore
3363 1832 3429 1886 ad

1866 1916 2181 1969 veritatem?
2231 1917 2343 1970 Non
2387 1919 2533 1972 vides
2561 1921 2717 1974 etiam
2763 1921 3028 1986 medicos,
3078 1923 3288 1990 quando
3314 1925 3434 1992 quis

1866 2003 2046 2058 multis
2075 2015 2155 2059 est
2183 2006 2399 2060 affectus
2434 2010 2740 2063 vulneribus
2762 2053 2774 2074 ,
2807 2026 2910 2064 non
2942 2020 3136 2064 tantam
3179 2012 3434 2067 adhibere

1865 2094 2215 2161 medicinam,
2249 2108 2498 2164 quantam
2527 2100 2752 2165 postulat
2779 2109 2962 2152 natura
2990 2100 3264 2154 vulnerum
3284 2141 3302 2168 ,
3340 2103 3433 2156 sed

1865 2196 2113 2254 quantam
2136 2186 2312 2241 ferunt
2339 2190 2476 2242 vires
2497 2189 2629 2257 ejus,
2651 2191 2738 2258 qui
2765 2201 2846 2244 est
2874 2191 3161 2255 sauciatus,
3193 2207 3282 2257 ne.
3307 2192 3432 2245 dum

1864 2277 2167 2330 vulneribus
2189 2278 2484 2336 medentur.
2515 2291 2770 2348 tegi-utiuti
2799 2280 2866 2333 de
2898 2281 3072 2335 medio
3093 2282 3316 2335 tollant?
3360 2283 3434 2334 Ea

1863 2367 1932 2421 de
1955 2383 2112 2420 causa
2141 2369 2277 2422 Deus
2300 2386 2398 2423 nec
2419 2384 2602 2425 omnes
2623 2370 2778 2423 simul
2808 2372 2974 2438 punit,
3009 2387 3106 2425 nec
3127 2387 3312 2425 omnes
3339 2387 3436 2440 pro

1865 2459 2069 2514 meritis
2091 2501 2128 2537 ,.
2149 2462 2241 2515 sed
2271 2463 2467 2516 sensim
2505 2472 2559 2516 et
2586 2463 2912 2532 aliquantum
2944 2465 3138 2518 cedens
3169 2482 3180 2516 :
3213 2473 3433 2532 015:!!th

1865 2565 2028 2604 nnum
2071 2553 2292 2620 puniens
2319 2593 2334 2620 ,
2380 2553 2576 2609 multos
2619 2570 2710 2622 per
2755 2555 2903 2606 illum
2951 2555 3268 2608 emendavit.
3323 2555 3433 2608 Iloc

1866 2644 2024 2695 etiam
2061 2657 2203 2710 sa'pe
2247 2643 2302 2696 lit
2349 2644 2400 2696 in
2439 2659 2662 2712 corpore
2695 2663 2709 2700 :
2742 2646 2895 2697 unius
2926 2646 3146 2698 membri
3176 2646 3434 2699 abscissio

1869 2729 2107 2797 pluribus
2131 2731 2246 2784 aliis
2273 2732 2493 2800 praebuit
2517 2734 2816 2785 sanitatem.
2853 2732 2980 2786 Vide
3017 2745 3192 2788 autem
3218 2733 3434 2788 caritate

1869 2821 2075 2889 plenam
2101 2821 2230 2890 justi
2257 2823 2517 2886 animam,
2557 2825 2822 2892 quomodo
2849 2825 3040 2894 ubique
3073 2826 3259 2894 quzcrit
3293 2827 3434 2894 quod

1866 2921 1946 2966 cst
1973 2915 2322 2967 communiter
2349 2915 2493 2977 utile,
2520 2923 2575 2968 ut
2603 2927 2875 2983 peccatum
2909 2917 2973 2969 de
2996 2917 3171 2970 medio
3199 2917 3430 2978 tollatur,

1869 3017 1973 3055 non
2023 3011 2080 3055 ut
2125 3012 2298 3056 sumat
2347 3019 2528 3072 ptenas
2565 3005 2632 3058 de
2679 3006 2943 3070 inimicis,
2989 3006 3082 3059 sed
3137 3016 3195 3060 ut
3237 3007 3434 3060 inimici

1868 3101 2077 3146 cessent
2103 3094 2170 3146 ab
2202 3094 2554 3159 improbitate.
2589 3096 2698 3151 lloc
2727 3113 2852 3166 ergo
2879 3113 3088 3165 semper
3113 3107 3433 3166 spectemus,

1869 3193 1928 3236 ut
1954 3185 2172 3238 sistatur
2199 3186 2404 3252 vitium,
2431 3195 2484 3238 et
2513 3188 2782 3256 lugeamus
2813 3206 2902 3242 eos
2929 3192 3016 3258 qui
3048 3191 3142 3244 illo
3167 3200 3433 3257 tenentur,

1871 3275 2078 3329 etiamsi
2107 3277 2292 3330 sericis
2322 3277 2554 3332 vestibus
2579 3280 2682 3332 sint
2707 3280 2870 3332 induti
2906 3297 2918 3333 :
2952 3296 3152 3350 eosque
3177 3298 3207 3336 e
3227 3283 3440 3336 diverso

1871 3368 2052 3421 beatos
2078 3368 2375 3437 judicemus
2413 3371 2503 3438 qui
2548 3380 2671 3424 sunt
2700 3371 2892 3425 virtute
2941 3374 3140 3441 prrcditi
3171 3415 3187 3440 ,
3229 3376 3437 3427 etiamsi

1870 3475 1989 3513 cum
2019 3470 2253 3514 extrema
2297 3461 2471 3530 inopia
2500 3463 2846 3517 colluctcntur
2868 3506 2883 3530 ,
2915 3464 2982 3518 ab
3011 3467 3360 3521 exterioribus
3386 3467 3436 3519 in

1871 3553 2238 3621 Cogitationem
2286 3555 2557 3624 utriusque
2580 3555 2886 3611 subeuntes.
2925 3557 3073 3612 Tunc
3117 3560 3257 3612 enim
3288 3559 3435 3613 vide-

1873 3639 2045 3699 bii'uus
2075 3647 2231 3716 hujus
2259 3646 2467 3701 divitias
2488 3691 2503 3714 ,
2535 3648 2678 3702 illius
2718 3649 2967 3718 inOpiatn.
3007 3651 3142 3718 Quid
3185 3652 3360 3717 enim,
3393 3652 3438 3706 si

1874 3737 2148 3805 Splendida
2185 3748 2330 3792 veste
2370 3741 2696 3794 extrinsecus
2721 3751 2801 3794 est
2829 3742 3078 3796 indutus?
3103 3744 3224 3812 quid
3266 3745 3442 3799 differt

1873 3829 1940 3882 ab
1965 3827 2190 3883 officinis
2217 3839 2270 3882 et
2299 3830 2450 3899 lignis
2472 3847 2588 3900 qua:
2615 3847 2729 3884 eam
2759 3831 2977 3886 ferunt?
3024 3849 3125 3902 qua
3168 3835 3218 3887 in
3269 3849 3327 3887 re
3355 3844 3439 3889 est

1874 3919 1938 3972 iis
1964 3921 2297 3988 locupletior,
2321 3921 2409 3990 qui
2431 3938 2545 3976 eam
2574 3923 2899 3978 vendendam
2928 3925 3223 3992 accipiunt?
3243 3929 3310 3978 At
3337 3943 3440 3980 non

1875 4011 2132 4078 ejusmodi
2160 4021 2282 4066 sunt
2309 4012 2437 4080 justi
2481 4013 2694 4079 divitiw,
2743 4014 2838 4068 sed
2890 4015 3055 4067 tirma:
3099 4024 3152 4068 et
3205 4015 3440 4070 stabiles.

1875 4100 2026 4166 Quod
2042 4103 2083 4155 si
2103 4117 2206 4154 non
2223 4103 2452 4156 sentiunt
2469 4104 2657 4158 divites
2672 4120 2730 4159 se
2746 4120 2864 4159 esse
2881 4105 2932 4157 in
2953 4114 3281 4174 paupertate,
3313 4106 3443 4160 nihil

1875 4192 2088 4244 mirum.
2105 4190 2214 4246 Nec
2227 4190 2261 4245 ii
2279 4193 2435 4246 etiam
2455 4193 2649 4245 malum
2667 4193 3010 4261 seutiunt,qui
3031 4194 3272 4248 laborant
3289 4195 3445 4262 phre-

1875 4282 1992 4338 nesi
2016 4300 2029 4335 :
2057 4291 2112 4337 et
2141 4291 2418 4352 propterea
2443 4292 2568 4336 sunt
2593 4283 2821 4338 maxime
2846 4285 3153 4350 miserandi,
3179 4302 3282 4339 non
3303 4287 3444 4341 beati

1875 4371 2121 4428 ducendi.
2142 4374 2197 4428 Si
2223 4374 2362 4427 enim
2382 4374 2659 4437 sentirent,
2688 4373 2752 4427 ad
2777 4374 3034 4429 medicum
3059 4385 3398 4431 accurrerent
3425 4395 3440 4431 :

1879 4481 2018 4520 nunc
2044 4475 2219 4520 autem
2241 4467 2341 4520 hoc
2363 4474 2445 4520 est
2467 4465 2516 4518 itt
2541 4465 2666 4518 vitio
2685 4465 3070 4534 gravissimum,
3090 4468 3225 4536 quod
3257 4485 3376 4523 cum
3393 4470 3446 4523 in

1879 4571 1943 4610 eo
1960 4559 2084 4620 sint,
2105 4573 2172 4611 tte
2189 4573 2246 4610 se
2263 4557 2471 4626 quidem
2491 4557 2542 4609 in
2555 4572 2619 4609 eo
2635 4573 2752 4611 esse
2779 4559 3027 4610 sentiunt.
3059 4559 3132 4612 Ne
3149 4559 3248 4612 hoc
3265 4575 3445 4629 respe-

1880 4647 2040 4712 xeris,
2066 4647 2204 4716 quod
2227 4662 2284 4701 se
2305 4648 2651 4702 cssedivitcm
2685 4648 2893 4701 laetatur
2918 4649 3085 4714 dives,
3112 4649 3206 4703 sed
3235 4658 3447 4718 promer

1884 4738 1988 4793 hoc
2012 4739 2180 4808 ipsum
2204 4738 2284 4793 vel
2313 4740 2540 4794 maxime
2569 4739 2724 4804 delle,
2756 4740 2896 4808 quod
2925 4757 2992 4796 ne
3015 4743 3207 4795 sentiat
3234 4741 3446 4809 quidem

1882 4830 1933 4884 in
1959 4839 2156 4900 quanto
2185 4830 2323 4884 malo
2360 4840 2617 4886 versetur.
2666 4830 2781 4885 Non
2825 4838 2910 4885 est
2935 4833 3076 4886 enim
3116 4832 3404 4885 humanum
3429 4874 3445 4896 ,

1881 4923 1976 4976 sed
2005 4937 2034 4975 a
2065 4923 2265 4975 ratione
2292 4923 2518 4974 maxime
2548 4922 2776 4976 alienum
2796 4962 2809 4983 ,
2843 4931 3124 4990 propterea
3152 4921 3446 4975 exsultare.

1884 5015 1950 5068 Et
1978 5015 2161 5085 dirigas
2177 5016 2394 5085 justum.
2428 5013 2562 5080 Quid
2596 5011 2696 5066 hoc
2723 5012 2841 5066 est?
2872 5013 3049 5067 Plexis
3077 5013 3219 5066 enim
3247 5012 3448 5079 impro-

1883 5105 1984 5169 bis,
2018 5107 2216 5175 inquit,
2248 5104 2377 5158 tiunt
2399 5105 2525 5174 justi
2548 5105 2878 5158 attentiores.
2923 5103 3149 5157 Proinde
3194 5103 3301 5156 duo
3330 5102 3452 5160 hinc

1883 5197 2020 5251 bona
2047 5199 2320 5251 oriuntur:
2357 5211 2475 5250 nam
2503 5205 2557 5250 et
2592 5196 2668 5249 illi
2697 5211 2726 5249 a
2756 5197 2880 5251 vitio
2905 5195 3196 5257 desistunt,
3219 5204 3272 5246 et
3303 5192 3352 5247 hi
3383 5195 3450 5249 ad

1886 5289 2132 5348 virtutem
2161 5287 2326 5356 magis
2350 5287 2627 5341 accedunt.
2649 5285 3103 5352 Quemadmodum
3131 5284 3270 5337 enim
3297 5285 3454 5341 homo

1885 5393 2042 5432 sanus
2070 5394 2187 5431 cum
2217 5378 2357 5432 videt
2387 5377 2684 5448 quempiam
2731 5377 2808 5429 uri
2850 5386 2940 5428 aut
2985 5375 3151 5428 seeari
3171 5417 3186 5440 ,
3216 5376 3454 5429 redditur

1885 5470 2136 5524 attentior
2159 5467 2222 5522 ad
2251 5469 2528 5522 Sanitatem
2569 5485 2583 5522 z
2627 5468 2697 5520 ita
2734 5467 2818 5519 hic
2845 5466 3024 5520 etiam.
3071 5465 3280 5520 Etenim
3306 5465 3454 5519 multi

1887 5575 2070 5612 eorum
2098 5559 2184 5627 qui
2217 5567 2337 5612 tunc
2363 5566 2513 5610 erant
2537 5597 2550 5620 ,
2595 5555 2999 5611 oﬂcndebantur
3021 5599 3036 5623 ,
3083 5558 3241 5611 etiam
3271 5570 3455 5610 eorum

1888 5654 1975 5722 qui
2006 5652 2317 5705 videbantur
2347 5648 2578 5718 sibiipsis
2607 5648 2880 5703 attendere
2902 5691 2915 5715 ,
2951 5659 3165 5719 propter
3194 5650 3454 5703 malorum

1893 5745 2292 5816 prosperitatetn
2322 5743 2492 5798 adhuc
2539 5740 2850 5799 imbecillius
2894 5743 3086 5800 ati‘ccti.
3129 5743 3454 5811 Quapropter
