4032 6284
478 329 549 384 95
1218 318 1276 373 S.
1314 312 1587 372 JOANNIS
1622 304 2100 369 CIIRYSOSTOMI
2125 302 2441 361 ARClllEP.
2466 301 2996 361 CONSTANTINOP.
3671 306 3745 363 96

476 444 561 497 hic
584 438 743 495 etiam
781 438 907 494 alibi
935 439 1066 491 dicit
1114 432 1292 487 :Pene
1331 430 1478 498 eﬂ'usi
1519 436 1634 482 sunt
1685 440 1885 498 gressus
1934 422 2052 486 mei,

450 510 711 602 ~insaniam
754 527 1023 583 mutatus
1050 529 1394 600 sumprOpter
1420 520 1616 587 iniquos
1653 515 1821 589 (Psal.
1855 514 1942 567 7‘2.
1971 513 2057 580 2).

476 622 627 676 Alius
671 630 847 674 autem
884 630 1066 672 rursus
1101 631 1117 667 :
1154 613 1328 678 Quare
1370 611 1449 663 via
1482 609 1752 678 impiorum
1789 620 2059 675 prospera—

476 707 735 782 tur(.ler.
782 706 869 762 l2.
929 706 1038 775 l)?
1090 702 1392 770 Quinetiam
1436 698 1537 753 Job
1581 696 1744 750 multa
1789 693 2061 762 qumrebat

477 799 761 869 ejusmodi.
786 797 892 855 Sed
922 809 1061 851 nunc
1086 794 1298 865 quidem
1344 789 1705 861 imperfectius
1742 786 1913 842 allecti
1946 787 2059 839 haec

477 890 756 954 dicebant,
780 896 836 944 et
873 887 986 942 huic
1013 884 1322 955 qumrebant
1364 900 1378 937 :
1421 895 1561 940 nunc
1587 887 1764 934 autem
1807 877 1950 931 nulla
1979 885 2061 931 est

477 982 672 1052 dignus
703 980 855 1035 venia
880 1020 896 1045 ,
937 977 1028 1048 qui
1057 976 1140 1030 his
1178 974 1518 1045 perturbatur
1546 986 1561 1023 :
1588 971 1678 1040 qui
1716 978 1792 1023 tot
1821 976 1875 1023 et
1918 974 2061 1020 tanta

486 1070 831 1142 philOsOpllltc
861 1068 995 1124 scita
1021 1066 1223 1129 didicit,
1268 1074 1323 1120 et
1347 1063 1414 1119 de
1440 1063 1628 1117 laturis
1668 1060 1790 1115 talia
1814 1058 2062 1128 dogmata

481 1164 704 1232 accepit,
732 1172 785 1217 et
812 1161 880 1216 de
903 1159 1144 1230 gelieuna
1165 1172 1229 1211 ac
1260 1170 1425 1225 regno
1446 1154 1680 1223 apertius
1714 1151 1935 1206 edoctus
1954 1157 2058 1217 est,

487 1256 593 1311 illic
617 1253 853 1324 singulos
877 1257 1190 1319 accepturos
1216 1261 1311 1317 pro
1341 1244 1567 1300 meritis.
1619 1241 1867 1298 Sci-utam
1906 1240 2062 1294 corda

479 1358 527 1403 et
554 1363 697 1402 renes
722 1343 862 1398 Deus
880 1343 1063 1410 iustus.
1090 1341 1176 1396 ll.
1205 1338 1530 1410 Adjutorium
1551 1350 1716 1388 meum
1741 1351 1772 1387 a
1800 1333 2021 1387 Domino
2043 1372 2060 1399 ,

479 1438 749 1509 quisalvos
774 1435 902 1506 facit
929 1443 1089 1488 rectos
1107 1430 1277 1485 corde.
1315 1429 1468 1483 Alius
1510 1445 1524 1481 :
1559 1424 1896 1481 Examinator
1943 1440 2060 1478 cor-

483 1530 626 1583 dium
653 1537 698 1581 et
727 1541 905 1581 renum
939 1523 1076 1578 Deus
1092 1523 1284 1593 justus,
1326 1519 1559 1591 defensor
1582 1532 1743 1570 meus.
1787 1513 1857 1569 Et
1882 1513 2016 1569 alius
2043 1529 2059 1568 :

483 1622 625 1676 Deus
665 1619 848 1688 iustus.
897 1614 1236 1686 Septuaginta
1255 1621 1432 1666 autem
1459 1610 1531 1664 ita
1556 1606 1871 1662 dixeruut‘:
1902 1604 2062 1660 Scru-

478 1724 591 1767 taus
606 1712 762 1766 corda
781 1719 829 1763 et
850 1723 993 1762 renes
1016 1705 1173 1759 Deus.
1200 1701 1238 1756 J
1241 1711 1405 1756 ustum
1424 1699 1672 1754 auxilium
1687 1713 1853 1762 meum
1876 1712 1909 1750 α
1926 1694 2059 1751 Deo.

486 1804 628 1858 Dixit
653 1817 773 1857 eum
797 1814 919 1855 esse
939 1796 1293 1868 iudicaturum
1319 1793 1505 1848 orbem
1531 1800 1687 1846 terra;
1707 1831 1725 1856 ,
1751 1789 1880 1845 dicit
1906 1789 2060 1844 dein-

488 1909 617 1965 ceps
643 1893 802 1950 etiam
829 1888 1097 1962 quomodo
1125 1888 1195 1942 sit
1210 1885 1563 1957 judicaturus.
1610 1882 1751 1937 Dixit
1792 1898 1912 1938 eum
1957 1898 2061 1937 non

481 2000 643 2055 egere
678 1983 922 2046 testibus,
943 1994 1049 2034 non
1074 1977 1491 2049 probationibus,
1525 1989 1629 2030 non
1656 1973 2065 2029 demonstratio-

483 2076 658 2141 nibus,
684 2089 789 2129 non
818 2070 1029 2141 scriptis
1068 2077 1160 2123 aut
1197 2065 1562 2123 instrumentis
1585 2107 1604 2134 ,
1630 2074 1724 2133 aut
1770 2064 1876 2120 alio
1918 2064 2063 2134 ejus-

483 2166 624 2220 modi
658 2184 672 2219 ε
705 2165 817 2234 ipse
843 2171 930 2220 est
952 2158 1095 2216 enim
1121 2159 1210 2230 qui
1235 2160 1336 2229 scit
1362 2159 1522 2213 etiam
1556 2172 1677 2228 quae
1697 2165 1823 2213 sunt
1844 2172 2060 2212 arcana.

483 2257 562 2311 Ne
581 2257 864 2324 dicatergo
888 2252 1081 2308 stultus
1105 2250 1366 2320 quispiam
1396 2267 1411 2303 :
1440 2248 1509 2303 Et
1527 2248 1792 2319 quomodo
1805 2247 2065 2317 judicabit

484 2346 739 2401 mundum
761 2343 1003 2398 tantum?
1029 2341 1130 2408 Qui
1159 2341 1301 2405 enim
1326 2337 1452 2394 fecit
1468 2378 1485 2405 ,
1519 2353 1638 2393 cum
1665 2354 1769 2392 non
1794 2347 1969 2404 esset,
2020 2339 2065 2393 is

484 2436 679 2489 l'actmn
696 2431 969 2504 judicabit.
993 2431 1167 2486 Renes
1182 2440 1356 2484 autem
1382 2428 1469 2482 hic
1489 2428 1618 2483 dicit
1643 2428 1834 2483 mentis
1849 2443 2060 2494 arcana,

484 2544 605 2597 qum
625 2534 746 2581 sunt
779 2525 983 2590 intima,
1003 2538 1123 2594 quae
1149 2530 1274 2577 sunt
1291 2520 1716 2591 proluudissima,
1736 2509 1814 2575 ρκ’
1831 2521 2063 2590 positura

489 2619 659 2690 partis
679 2619 729 2672 id
761 2618 1003 2671 iunuens.

558 2713 642 2767 l0.
685 2710 818 2778 Quid
846 2718 949 2776 est,
977 2706 1264 2764 Scrutans?
1289 2704 1442 2773 Quod
1468 2705 1604 2760 alius
1628 2704 1782 2772 dixit,
1809 2703 2061 2759 Probaus.

485 2804 596 2859 Etsi
620 2802 728 2857 siut
754 2809 932 2857 autem
962 2799 1208 2854 humana:
1235 2797 1496 2852 dictiones
1514 2835 1530 2859 ,
1560 2803 1684 2850 sunt
1708 2803 1882 2850 tamen
1907 2809 2066 2851 sensa

491 2895 603 2949 Deo
631 2891 1018 2948 convenientia.
1051 2887 1504 2956 Quemadmodum
1545 2888 1686 2942 enim
1713 2885 1906 2942 Paulus
1943 2901 2066 2945 cum

491 2987 640 3050 dicit,
665 2985 765 3050 Qui
786 2993 953 3037 autem
973 2991 1225 3037 scrutatur
1248 2979 1402 3034 corda
1423 2979 1598 3049 (Rom.
1621 2978 1675 3033 8.
1700 2978 1817 3050 27),
1843 2979 2067 3034 scrutari

495 3077 664 3148 ponit,
694 3090 792 3146 pro
819 3083 1003 3144 aperte
1028 3072 1166 3126 scire
1196 3088 1209 3124 :
1239 3070 1398 3129 etiam
1431 3069 1517 3124 hic
1543 3077 1791 3135 scrutaus,
1820 3084 1916 3139 pro
1946 3084 2067 3138 per.

486 3168 621 3225 lecte
644 3174 1017 3238 cognoscente.
1044 3163 1357 3219 Examinare
1383 3170 1561 3231 autem
1587 3170 1671 3217 est
1688 3161 1908 3229 nudare,
1925 3161 2068 3231 quod

486 3270 571 3318 est
596 3261 841 3331 perlecta:
866 3256 1102 3313 scientiae
1131 3273 1146 3309 :
1179 3262 1238 3309 ut
1276 3253 1435 3310 etiam
1451 3253 1581 3309 dicit
1609 3253 1800 3311 Paulus
1833 3269 1847 3305 :
1879 3252 2064 3306 Omnia

486 3362 652 3406 autent
677 3359 794 3404 sunt
822 3348 963 3402 nuda
986 3357 1033 3402 et
1059 3347 1349 3417 resupinato
1369 3343 1528 3400 oculis
1550 3342 1861 3415 ejus(!lebr.
1878 3344 2064 3414 4,15).

561 3441 809 3507 Quianam
850 3438 1061 3509 petenda
1102 3446 1239 3491 sunt.
1262 3433 1554 3489 --Justum
1594 3433 1842 3489 auxilium
1882 3450 2065 3488 meum.

488 3533 641 3588 Alius
667 3548 682 3584 :
708 3529 886 3584 Justus
912 3529 1146 3600 defensor
1170 3543 1327 3581 meus.
1352 3525 1488 3593 Quid
1517 3534 1619 3592 est,
1672 3524 1707 3579 J
1713 3535 1880 3579 ustum
1923 3525 2072 3581 auxi-

488 3625 620 3678 lium
673 3636 835 3674 meum
868 3635 901 3673 a
929 3616 1081 3674 Deo?
1120 3616 1247 3672 lure
1284 3632 1348 3671 ac
1390 3616 1581 3671 merito
1620 3617 1747 3672 mihi
1799 3618 2072 3690 continget

482 3730 517 3766 a
550 3714 658 3767 Deo
687 3728 700 3764 :
732 3710 860 3764 nihil
899 3709 1039 3764 enim
1082 3719 1205 3778 peto
1257 3707 1529 3777 injustnm.
1584 3708 1759 3774 Quare
1786 3709 1830 3763 si
1878 3724 2067 3779 super-

482 3819 616 3857 stum
693 3801 945 3856 auxilium
1003 3801 1286 3870 impetrare
1351 3800 1631 3867 volumus,
1686 3815 1749 3855 ea
1804 3810 1926 3855 sunt
1981 3817 2073 3871 pe-

497 3895 654 3949 tenda
674 3934 690 3957 ,
723 3908 842 3962 qua:
879 3892 1038 3946 etiam
1064 3890 1188 3960 justi
1229 3889 1425 3945 habent
1461 3889 1719 3944 rationem
1753 3908 1768 3945 :
1799 3899 1857 3944 ιιι
1883 3899 2071 3947 natura

488 3982 763 4053 petitionis
783 3980 1116 4036 atlrahamus
1143 3980 1399 4034 auxilium
1428 3977 1574 4049 ejus,
1604 3977 1705 4045 Qui
1726 3989 1889 4035 servat
1911 3992 2072 4036 rectos

482 4077 660 4132 corde.
695 4075 807 4131 lloc
831 4082 916 4130 est
942 4075 1060 4143 ejus
1082 4073 1313 4128 ofﬁcium
1334 4113 1350 4140 ,
1390 4071 1508 4127 haec
1534 4080 1617 4127 est
1642 4072 1694 4128 ei
1721 4074 2069 4130 consuetudo.

496 4170 756 4240 Quoniam
786 4184 915 4238 ergo
951 4182 1052 4224 nec
1079 4181 1180 4238 ego
1220 4180 1343 4221 cum
1387 4164 1576 4234 injuria
1616 4165 1932 4235 provocavi,
1973 4179 2074 4221 nec

495 4263 684 4320 ulcisci
709 4262 958 4318 desidero
988 4277 1003 4315 :
1035 4268 1317 4331 propterea
1346 4258 1476 4312 mibi
1498 4257 1695 4327 justum
1726 4257 1882 4312 fuerit
1907 4271 1938 4310 a
1964 4257 2073 4311 Deo

495 4354 771 4411 auxilium.
803 4351 929 4405 Haec
947 4365 1075 4420 ergo
1092 4365 1215 4405 eum
1234 4350 1487 4414 sciamus,
1514 4346 1645 4402 nihil
1667 4356 1909 4416 petamus
1932 4346 2074 4416 ejus-

498 4443 640 4497 modi
661 4481 678 4506 ,
722 4441 863 4510 quod
902 4448 1046 4496 vetet
1080 4439 1443 4494 donationem.
1475 4438 1698 4506 Quando
1721 4438 1864 4492 enim
1889 4446 2072 4493 contra

498 4534 743 4588 inimicos
767 4532 1053 4603 petiveris,
1094 4546 1200 4586 non
1233 4541 1313 4587 est
1352 4531 1554 4601 justum
1578 4530 1720 4602 quod
1761 4533 1898 4602 petis
1920 4534 2072 4588 auxi-

501 4625 667 4689 lium;
708 4630 792 4677 est
831 4622 974 4677 enim
1018 4621 1343 4674 contrarium
1391 4620 1495 4690 legi
1536 4621 1673 4690 ejus,
1714 4622 1804 4692 qui
1849 4622 2070 4693 praebet.

499 4713 686 4770 Itidem
707 4713 866 4768 etiam
891 4711 1102 4782 quando
1122 4710 1355 4776 divitias,
1376 4710 1586 4781 quando
1605 4712 2070 4782 pulchritudinem,

499 4802 712 4874 quando
738 4801 936 4872 aliquid
982 4801 1124 4855 aliud
1159 4800 1301 4868 quod
1339 4801 1405 4855 ad
1448 4801 1586 4856 hanc
1626 4803 1784 4857 vitam
1824 4805 2070 4873 pertinet,

496 4896 641 4967 quod
670 4895 1011 4965 printerlluit,
1041 4896 1326 4966 petiveris,
1355 4895 1409 4949 id
1437 4903 1520 4951 est
1549 4896 1872 4951 contrarium
1904 4897 2076 4967 philo-

497 4988 702 5057 sophiae
722 4986 935 5041 animae.
962 4987 1213 5043 Petamus
1234 5001 1382 5058 ergo,
1405 4997 1463 5041 ut
1486 4987 1644 5042 etiam
1665 5002 2072 5057 consequamur.

500 5080 588 5135 η.
624 5078 762 5133 Deus
792 5078 960 5148 judea:
991 5079 1164 5147 justus
1185 5119 1201 5143 ,
1228 5079 1394 5148 fortis,
1426 5086 1471 5132 et
1501 5078 1721 5147 patiens,
1749 5087 1794 5131 et
1816 5078 1944 5132 iram
1973 5096 2075 5133 non

500 5175 723 5243 inferens
755 5189 845 5242 per
879 5171 1105 5244 singulos
1133 5171 1259 5227 dies.
1301 5172 1448 5226 Alius
1475 5171 1604 5227 dicit
1634 5189 1647 5225 :
1678 5170 1921 5227 Fremens
1946 5190 2075 5243 quo-

563 5348 580 5378 ι
606 5353 734 5396 Unus
751 5346 910 5398 codex
939 5359 953 5397 :
978 5345 1115 5411 alius
1127 5345 1247 5411 dicit
1268 5359 1286 5399 :
1319 5355 1446 5399 Deus
1462 5350 1642 5411 justus,
1658 5349 1896 5402 auxilium
1918 5364 2076 5402 meum

499 5422 532 5457 a
562 5415 675 5477 Deo.
696 5415 752 5458 Et
771 5409 1077 5477 septuaginta
1097 5409 1166 5477 ita
1189 5408 1437 5477 dixerunt,
1459 5408 1555 5461 etc.
1574 5411 1658 5461 Ubi
1680 5414 1917 5477 observes
1935 5413 2076 5477 chry-

500 5475 793 5537 sostomum,
819 5472 1071 5532 postquam
1095 5476 1285 5520 textum
1307 5472 1559 5537 Seriputrae
1580 5479 1636 5522 ut
1658 5475 1916 5525 Antiochiae
1940 5472 2076 5537 lege.-

500 5532 641 5580 batur
663 5530 911 5591 attulerat,
938 5530 1129 5580 textum
1152 5530 1460 5597 septuaginta
1490 5540 1812 5599 Interpretum
1834 5530 2076 5599 quasilli-

499 5604 715 5649 versum,
739 5604 795 5656 ac
814 5604 990 5643 revera
1028 5605 1143 5656 non
1158 5608 1325 5656 parum
1340 5596 1610 5646 'variantem
1632 5596 1827 5648 afferre.
1853 5596 1969 5649 illud
1993 5612 2077 5648 au-

495 5655 937 5766 tingtzggLeetatc
951 5653 1298 5718 exemplarium
1314 5658 1651 5720 proveniebat,
1670 5659 1734 5710 de
1748 5673 1845 5723 quo
1860 5662 2077 5725 [duribus

2167 416 2306 470 tidie.
2338 415 2592 473 Hebraaus
2619 425 2794 473 autem
2815 456 2831 481 ,
2868 415 2933 470 1η
2971 415 3108 469 oumi
3145 413 3244 468 vita
3267 415 3306 469 ‘.
3334 414 3400 470 Et
3425 415 3558 470 alius
3588 434 3603 469 :
3637 416 3736 479 31i-

2165 524 2293 561 uans
2318 549 2334 573 ,
2364 509 2579 576 fremens
2601 548 2618 572 ,
2660 524 2760 561 non
2803 508 3035 575 puniens.
3077 504 3229 573 Quod
3256 517 3431 561 autem
3462 506 3629 571 dicit,
3660 516 3739 562 cs'

2165 601 2447 670 ejusmodi.
2472 601 2525 657 Si
2552 611 2633 656 est
2656 603 2850 669 justus,
2876 599 3017 656 volet
3044 602 3263 656 oninino
3292 604 3478 670 punire
3507 604 3742 675 iniquos;

2165 691 2208 743 si
2238 691 2407 755 tortis,
2435 692 2654 746 omnino
2681 693 2898 764 poterit.
2927 692 2992 746 Et
3019 691 3143 759 ubi,
3176 694 3365 763 inquit,
3395 705 3477 749 est
3501 696 3742 751 clemen-

2168 782 2235 834 tia
2256 821 2271 845 ,
2302 782 2345 835 si
2372 781 2514 849 juste
2539 782 2837 850 judicabit?
2875 783 3109 839 Primum
3136 784 3350 854 quidem
3376 787 3434 841 in
3463 803 3558 850 eo,
3598 791 3743 857 quod

2165 886 2273 926 non
2308 872 2484 927 statim
2512 887 2697 943 pinnas
2726 872 2923 944 inlligat
2942 913 2958 938 ,
2989 874 3356 948 prmcipueque
3385 877 3437 932 in
3467 894 3569 942 eo,
3600 880 3746 948 quod

2165 961 2271 1033 jam
2299 963 2475 1016 omnia
2504 973 2718 1033 peccata
2747 965 3012 1020 remiserit
3040 980 3137 1036 per
3165 966 3432 1023 lavacrum
3463 985 3743 1039 regenera-

2169 1054 2361 1118 tionis;
2393 1054 2626 1108 secundo
2653 1065 2830 1109 autem
2850 1095 2865 1117 ,
2892 1055 3034 1126 quod
3061 1057 3218 1112 etiam
3246 1057 3453 1114 dederit
3482 1061 3749 1128 pmniteu-

2167 1143 2312 1198 tiam.
2340 1143 2394 1198 Si
2424 1144 2566 1198 enim
2594 1144 2929 1214 cogitaveris,
2956 1160 3054 1201 nos
3082 1162 3309 1217 peccaro
3332 1149 3589 1225 quotidie,
3620 1161 3750 1207 tunc

2166 1237 2396 1292 maxime
2420 1237 2624 1294 videbis
2658 1238 2974 1294 inell‘abilem
3003 1240 3119 1310 ejus
3155 1241 3452 1297 clementia:
3480 1244 3751 1314 magnitu-

2165 1329 2366 1387 dinem.
2415 1320 2573 1399 Quod
2598 1332 2811 1402 quidem
2857 1333 3016 1389 etiam
3058 1334 3399 1405 signiﬁcans,
3428 1338 3747 1406 subjunxit;

2165 1419 2350 1476 dicens
2378 1438 2391 1475 :
2423 1420 2560 1476 Deus
2573 1422 2741 1492 judea:
2753 1424 2961 1493 justus,
2991 1423 3170 1494 fortis,
3202 1437 3249 1479 et
3277 1427 3493 1495 patiens.
3524 1428 3751 1485 Dubitas

2166 1528 2280 1579 cur,
2308 1529 2429 1569 cum
2460 1515 2587 1571 velit
2619 1524 2674 1570 et
2702 1517 2905 1586 possit,
2935 1532 3039 1571 non
3070 1518 3290 1587 puniat?
3338 1519 3519 1585 Disce,
3553 1522 3748 1592 inquit,

2165 1619 2289 1675 eum
2314 1620 2433 1661 esse
2462 1605 2771 1675 patientem,
2802 1622 2902 1662 nec
2928 1605 3242 1664 inferentem
3272 1609 3408 1679 iram
3437 1627 3533 1680 per
3557 1613 3745 1683 singu-

2167 1694 2251 1750 los
2276 1694 2412 1750 dies.
2442 1694 2521 1751 Ne
2547 1695 2668 1767 quis
2693 1697 2833 1751 enim
2859 1698 3051 1754 stultus
3076 1699 3346 1755 existimet
3369 1716 3490 1755 eum
3526 1714 3744 1773 propter

2166 1787 2578 1844 imbecillitatem
2600 1803 2706 1844 non
2728 1789 2932 1855 ulcisci,
2954 1791 3188 1847 ostendit
3204 1807 3417 1848 causam
3438 1794 3742 1852 dilationis:

2166 1879 2307 1950 quod
2331 1895 2521 1951 magna
2552 1881 2746 1938 habeat
2768 1881 2937 1953 spatia
2962 1891 3017 1939 et
3043 1898 3288 1954 magnam
3318 1902 3626 1943 mensuram
3654 1904 3747 1958 pa-

2169 1972 2371 2027 tientia.
2402 1972 2537 2042 Quia
2562 1973 2704 2029 enim
2733 1983 3015 2045 propterea
3041 1975 3184 2031 mitis
3211 1985 3296 2034 est
3335 1986 3389 2034 et
3412 1979 3621 2049 patiens
3642 2022 3658 2048 ,
3691 1991 3750 2037 ut

2170 2073 2222 2118 te
2246 2062 2473 2119 adducat
2495 2063 2562 2119 ad
2592 2064 2977 2134 penitentiam,
3008 2066 3220 2136 quando
3248 2068 3381 2125 nihil
3410 2070 3500 2126 tibi
3528 2071 3750 2140 prodest

2170 2152 2271 2211 hoc
2296 2157 2739 2214 medicamentum
2760 2197 2776 2224 ,
2804 2158 2965 2213 etiam
2990 2159 3282 2216 ulciscitur.
3310 2160 3433 2230 Nos
3458 2178 3587 2233 ergo
3613 2180 3741 2232 quo-

2170 2246 2295 2301 tidie
2318 2246 2463 2315 digni
2490 2262 2674 2304 sumus
2704 2249 2793 2318 qui
2823 2250 3123 2318 puniamur.
3151 2251 3262 2305 Nisi
3298 2251 3443 2307 enim
3478 2252 3550 2307 ita
3579 2263 3743 2320 esset,

2168 2350 2272 2389 non
2307 2345 2571 2406 tamquam
2598 2353 2848 2408 magnum
2878 2341 3144 2409 posuisset
3170 2340 3298 2397 illud
3329 2359 3343 2395 :
3371 2341 3495 2396 Non
3523 2345 3746 2415 inferens

2166 2426 2297 2479 iram
2334 2443 2425 2497 per
2466 2427 2691 2499 singulos
2726 2430 2868 2496 dies;
2908 2430 3002 2486 sed
3049 2440 3312 2502 tamquam
3342 2433 3502 2489 rebus
3528 2436 3745 2505 quidem

2169 2514 2271 2570 hoc
2296 2517 2716 2585 postulantibus,
2746 2519 2839 2573 Dei
2862 2528 3039 2575 autem
3068 2522 3347 2577 clementia
3367 2525 3566 2593 justam
3592 2525 3747 2579 colu-

2168 2607 2328 2662 beate
2349 2610 2700 2678 punitionem,
2723 2610 2824 2666 hoc
2842 2610 2988 2667 dicit.
3014 2613 3176 2669 Vides
3193 2615 3458 2684 quomodo
3480 2616 3566 2671 hic
3585 2618 3747 2673 etiam

2169 2701 2403 2771 ostendit
2443 2703 2607 2757 Deum
2646 2718 2677 2757 a
2720 2703 2962 2759 molestia
3003 2705 3271 2774 alienum,
3320 2716 3383 2762 et.
3418 2710 3747 2777 punitionem

2168 2791 2402 2859 appellat
2419 2791 2600 2847 iram?
2628 2792 2796 2848 Nemo
2823 2793 2964 2849 enim
2992 2795 3124 2859 iram
3164 2794 3324 2851 infert
3349 2796 3438 2851 alii
3467 2814 3482 2850 :
3513 2799 3607 2863 sed
3633 2800 3747 2869 ipse

2169 2883 2384 2952 quidem
2426 2885 2584 2939 habet
2628 2886 2798 2953 iram,
2844 2887 3163 2957 supplicium
3204 2898 3381 2944 autem
3428 2890 3587 2944 infert
3632 2893 3743 2946 alii.

2169 2971 2312 3027 Nihil
2356 2989 2485 3045 ergo
2512 2975 2775 3045 signiﬁcat
2816 2977 2959 3032 aliud
3004 2993 3164 3047 quam
3211 2975 3536 3048 punitionein
3563 3022 3579 3043 .
3622 2997 3747 3037 cum

2171 3063 2333 3131 dicit,
2368 3065 2433 3119 Et
2457 3082 2557 3120 non
2597 3067 2818 3139 inferens
2844 3068 2974 3122 iram
3002 3085 3092 3139 per
3110 3070 3335 3140 singulos
3362 3070 3490 3126 dies.
3521 3071 3587 3126 Et
3615 3087 3749 3142 quo.

2172 3155 2331 3231 modo
2356 3156 2503 3224 dicit,
2532 3155 2636 3212 Per
2660 3158 2885 3229 singulos
2904 3158 3010 3213 dies
3028 3159 3092 3214 ’?
3118 3158 3446 3230 lngrediatur
3466 3163 3748 3232 unusquis-

2171 3262 2276 3317 que
2317 3260 2468 3301 suam
2514 3249 2928 3318 conscientiam,
2973 3257 3030 3305 et
3072 3258 3197 3305 tunc
3230 3250 3446 3305 videbit.
3497 3251 3566 3306 Ut
3605 3252 3747 3306 enim

2172 3342 2571 3412 praetermittam
2598 3357 2791 3398 arcana
2819 3343 3080 3414 cujusque
3117 3351 3362 3414 peccata,
3389 3342 3506 3405 lnnc
3533 3344 3747 3414 quidem

2172 3434 2475 3488 communia
2521 3434 2641 3504 quis
2683 3433 2939 3507 ellugiet?
2984 3432 3238 3501 Quaanam
3280 3443 3456 3489 autem
3496 3450 3559 3490 ea
3586 3436 3749 3489 sunt?

2175 3523 2305 3593 Quis
2332 3535 2417 3581 est
2445 3524 2559 3580 dies
2590 3526 2643 3580 in
2682 3541 2789 3596 quo
2833 3540 2941 3581 non
2980 3526 3213 3595 segniter
3251 3540 3501 3593 oremus,
3532 3537 3587 3582 et
3627 3542 3746 3581 eum

2174 3631 2364 3687 magna
2386 3617 2741 3687 negligentia?
2767 3616 2918 3684 Quod
2935 3627 3111 3672 autem
3134 3617 3235 3672 hoc
3253 3619 3410 3672 etiam
3438 3618 3510 3673 ira
3533 3619 3747 3689 dignum

2174 3709 2283 3774 sit,
2310 3708 2436 3764 hinc
2463 3709 2586 3765 sciri
2616 3717 2808 3779 potest.
2844 3710 2941 3765 Dic
2967 3710 3108 3765 enim
3150 3710 3281 3765 mihi
3310 3728 3326 3766 :
3353 3711 3400 3766 si
3427 3712 3493 3767 ad
3516 3712 3747 3782 judicent

2176 3799 2410 3855 oscitans
2437 3800 2788 3868 accessisses,
2830 3809 2885 3856 et
2924 3800 3196 3856 convictus
3237 3816 3420 3869 esses,
3464 3817 3568 3856 non
3598 3803 3665 3858 de
3696 3814 3748 3859 te

2174 3893 2359 3960 statim,
2381 3893 2694 3963 sumpsisset
2727 3906 2951 3963 poenas,
2991 3902 3048 3947 et
3087 3892 3321 3949 misisset
3368 3894 3422 3948 in
3463 3894 3750 3949 exsilium?

2174 3982 2354 4050 Certe,
2386 3985 2563 4054 inquis
2591 4002 2606 4040 :
2632 3983 2795 4039 homo
2816 3985 2957 4039 enim
2984 3993 3086 4040 est.
3117 3985 3183 4040 Et
3201 3985 3326 4056 quid
3353 3987 3497 4040 tum?
3521 3988 3577 4043 Si
3604 3988 3749 4041 enim

2177 4075 2339 4131 homo
2361 4075 2581 4131 allectus
2607 4083 2691 4131 est
2728 4076 3051 4131 contumelia
3072 4117 3088 4144 ,
3119 4091 3224 4131 non
3268 4077 3427 4132 luerit
3452 4093 3664 4148 aiquum
3694 4090 3751 4134 ut

2176 4169 2471 4235 irascatur;
2499 4166 2566 4223 ab
2591 4182 2657 4223 eo
2680 4167 3165 4223 cnim'contumelia
3188 4167 3405 4223 allectus
3426 4177 3529 4235 est,
3556 4169 3645 4239 qui
3669 4178 3752 4225 est

2176 4258 2226 4314 ei
2258 4259 2459 4314 honore
2485 4258 2706 4329 aequalis
2731 4275 2747 4313 :
2778 4259 2915 4314 Deus
2941 4267 3120 4315 autem
3156 4260 3473 4315 contumelia
3505 4259 3748 4326 allectus,

2171 4349 2291 4422 jure
2314 4351 2631 4423 supplicium
2655 4350 2929 4418 intulerit;
2960 4350 3133 4422 majus
3157 4353 3298 4407 enim
3322 4360 3406 4408 est
3428 4351 3532 4409 hoc
3560 4368 3752 4422 peccao

2177 4450 2291 4498 tum
2316 4458 2417 4508 eo,
2447 4443 2587 4513 quod
2614 4442 2674 4497 ﬁt
2712 4443 2765 4498 in
2796 4442 3086 4498 hominem.
3120 4444 3185 4498 Et
3220 4443 3382 4498 homo
3405 4443 3620 4514 quidem
3650 4446 3751 4500 hoc

2176 4532 2332 4600 facit,
2359 4548 2605 4604 quaerens
2631 4533 2775 4605 quod
2799 4550 2952 4589 suum
2982 4541 3066 4590 est
3092 4551 3106 4588 :
3135 4535 3276 4590 Deus
3299 4543 3475 4591 autem
3502 4535 3642 4605 quod
3668 4545 3752 4591 est

2179 4633 2349 4678 tuum.
2377 4622 2733 4690 Quamobrem
2763 4623 2849 4678 vel
2877 4622 2979 4678 hoc
3006 4624 3220 4679 nomine
3241 4622 3437 4693 justius
3469 4624 3749 4680 irascatur.

2177 4712 2291 4768 Non
2318 4721 2403 4769 est
2430 4714 2572 4769 enim
2602 4715 2806 4785 aquale
2823 4752 2840 4780 ,
2868 4728 2963 4769 eos
2989 4721 3333 4769 contemnere
3356 4714 3446 4784 qui
3484 4729 3581 4769 sua
3608 4731 3753 4784 quae-

2177 4815 2331 4873 runt,
2362 4815 2417 4861 et
2441 4821 2563 4862 eum
2602 4805 2834 4876 quiquae
2862 4814 2968 4860 tua.
3017 4805 3129 4861 lloc
3168 4806 3421 4875 majorem
3449 4808 3590 4862 enim
3619 4809 3750 4862 iram

2241 4976 2258 5007 ι
2297 4982 2347 5023 In
2385 4975 2615 5026 ltebraico
2647 4977 2776 5021 totus
2825 4973 2960 5022 locus
3007 4974 3074 5023 ita
3129 4972 3327 5034 legitur,
3364 4946 3599 5034 car-5::
3621 4967 3751 5026 tam,

2177 5036 2384 5100 fremens
2405 5045 2490 5100 aut
2509 5034 2766 5100 indignata
2787 5047 2875 5100 per
2895 5047 3083 5100 onmem
3104 5032 3317 5100 diem._ln
3337 5032 3497 5100 Biblijs
3510 5046 3629 5083 vero
3644 5047 3755 5094 qua:

2178 5092 2321 5147 'notas
2339 5104 2389 5148 et
2413 5092 2649 5148 lectiones
2670 5092 2990 5159 Hexaplorum
3032 5098 3084 5146 in
3120 5095 3340 5155 margine
3376 5092 3624 5159 referunt,
3645 5092 3755 5159 cum

2178 5160 2285 5208 aliis
2324 5158 2613 5209 lectionibus
2644 5155 3058 5211 etiam—Hebraiea
3096 5159 3248 5207 verba
3287 5156 3460 5205 Graecis
3493 5155 3650 5205 literis
3669 5157 3757 5205 de-

2178 5223 2354 5283 scripta
2376 5220 2671 5270 referuntur.
2693 5226 2743 5268 tu
2762 5217 3039 5273 Colbertino
3060 5225 3226 5269 autem
3244 5219 3469 5281 quopiam
3484 5216 3657 5265 Codice
3681 5215 3757 5283 hic

2181 5293 2231 5354 in
2254 5281 2472 5354 margine
2488 5288 2670 5354 legitur
2687 5294 2871 5354 ἑδραῖος,
2893 5302 3037 5352 ζωνία,
3061 5303 3158 5353 qua
3187 5300 3310 5338 voce
3333 5286 3621 5354 exprimitur
3647 5281 3755 5354 ειτλη

2181 5352 2296 5403 illud
2333 5346 2629 5402 Hebraictim.
2652 5346 3036 5414 Chrjsosto'mns"
3054 5346 3193 5410 vero,
3231 5354 3315 5399 aut
3358 5346 3588 5397 librarius
3629 5349 3758 5410 quis-

2180 5415 2306 5476 piam
2351 5415 2668 5480 existimavit,
2716 5414 2830 5463 illud
2875 5425 2997 5476 ζωνις
3040 5426 3153 5480 esse
3197 5423 3369 5480 vocem
3396 5416 3605 5480 Graecam
3629 5419 3758 5480 μέν.

2181 5473 2452 5538 iiutansque
2475 5477 2523 5526 in
2547 5476 2749 5525 Hebraeo
2766 5489 2852 5537 pro
2873 5473 3030 5538 ἡμέραζρ,
3052 5473 3206 5532 diem,
3234 5473 3439 5538 exprimi
3452 5480 3572 5538 ζωήν.
3595 5473 3757 5538 υζιαηῗς.

2181 5532 2244 5587 ita
2270 5532 2454 5598 posuit,
2478 5548 2499 5588 ὁ
2522 5546 2564 5587 δι
2586 5540 2737 5600 item
2760 5532 2854 5600 ἐπει
3015 5548 3148 5600 :
3174 5532 3401 5600 stetimus
3421 5534 3529 5581 sive
3554 5532 3755 5600 Hebrai-

2182 5595 2462 5655 cus'textus.
2487 5611 2572 5659 per
2595 5595 2740 5647 totam
2764 5598 2922 5647 vitam.
2945 5595 3038 5648 Nec
3058 5595 3255 5646 aliunde
3272 5606 3499 5659 errorem
3532 5595 3646 5641 oriri
3673 5605 3753 5655 po-

2182 5663 2335 5729 tuisse
2357 5654 2563 5729 videtur.
2587 5659 2790 5729 Consule
2812 5660 3028 5729 Hexapla
3043 5665 3204 5729 nostra
3228 5654 3286 5724 ad
3307 5655 3435 5704 hunc
3457 5654 3637 5729 lycum.

2249 5725 2268 5754 ⁸
2288 5728 2403 5785 Reg.
2449 5722 2507 5769 Et
2524 5723 2756 5783 quomodo
2776 5714 2988 5784 quotidie
3010 5720 3100 5771 ira:
3123 5717 3259 5782 digni
3279 5714 3483 5768 suasua!
