4032 6284
206 383 279 438 95
1349 357 1714 418 EXPOSI'I‘IO
1754 355 1821 411 IN
1861 352 2194 413 PSALMUM
2225 357 2336 414 VII.
3401 353 3472 415 96

203 498 280 552 τὰ
312 489 647 563 διαὸήματά
670 503 812 558 μου,
836 484 921 539 ὅτι
951 481 1223 546 ἐζήλωσα
1249 478 1345 533 ἐπὶ
1365 479 1490 545 τοῖς
1520 478 1787 546 ἀνόμοις.

209 587 406 650 Ἄλλος
435 585 495 637 δὲ
526 580 713 635 πάλιν·
770 579 831 635 Τί
867 577 953 630 ὅτι
989 575 1128 642 ὁδὸς
1154 572 1392 628 ἀσεϐῶν
1435 570 1790 639 εὐοδοῦται;

208 678 321 731 Kal
345 677 373 728 6
411 673 533 727 Ἰὼϐ
572 672 629 724 δὲ
648 669 820 725 πολλά
850 666 1072 721 τοιαῦτα
1098 666 1299 737 ἐζήτει.
1343 662 1504 717 Ἀλλά
1532 660 1651 714 τότε
1694 658 1795 728 μὲν

212 767 567 847 ἀτελέστερρν
592 762 944 833 διακείμενοι,
977 757 1155 813 ταῦτα
1198 756 1435 825 ἔφασκον
1472 755 1521 807 οἰ
1562 752 1797 821 φάσκονο

216 881 330 926 τες,
364 860 459 916 καὶ
496 845 723 929 ἐζήτουν
744 856 794 907 οἰ
828 851 1134 924 ζητοῦντες·
1171 847 1267 902 νῦν
1295 846 1351 900 δὲ
1381 845 1637 917 οὐδεμιᾶς
1663 860 1796 912 συγ-

216 955 440 1027 γνώμης
492 950 643 1016 ἄξιος
696 949 725 1001 6
763 945 971 1008 τούτοις
1023 940 1438 1014 θορυϐούμενος,
1496 939 1526 991 6
1560 936 1797 993 τοσαῦτα

215 1044 525 1116 φιλοσοφεῖν
582 1038 790 1112 μαθὼν,
822 1036 917 1090 καὶ
945 1035 1073 1104 περὶ
1116 1033 1223 1086 τῶν
1253 1031 1551 1105 μελλόντων
1572 1028 1800 1083 τοιαῦτα

217 1141 461 1209 δόγματα
479 1135 796 1205 δεξάμενος,
814 1132 906 1186 καὶ
929 1130 1019 1184 τὸν
1046 1128 1174 1199 περὶ
1197 1127 1421 1197 γεέννης
1439 1125 1534 1180 καί
1552 1124 1643 1177 τὸν
1672 1140 1737 1177 πε
1748 1121 1801 1193 pl

218 1228 498 1301 βασιλείας
530 1225 862 1294 σαφέστερον
880 1218 1148 1290 διδαχθεὶς
1163 1218 1342 1286 λόγον,
1369 1215 1465 1269 καὶ
1492 1215 1574 1267 ὅτι
1596 1212 1666 1266 τὰ
1682 1212 1801 1266 κατ’

217 1321 377 1386 ἀξίαν
432 1319 665 1378 ἕκαστος
705 1316 820 1367 ἐκεῖ
853 1310 1211 1383 ἀπολήψεται.
1274 1306 1518 1368 Ἐτάζων
1557 1305 1805 1371 καρδίας

214 1410 315 1464 καί
354 1407 619 1477 νεφροὺς
657 1408 691 1460 ό
719 1403 863 1468 Θεὸς
881 1399 1211 1465 δίκαιος.Ἡ
1224 1395 1479 1463 ,ϐοήθειά
1496 1413 1614 1466 μου
1644 1392 1804 1463 παρὰ

213 1500 325 1555 τοῦ
360 1497 512 1552 Θεοῦ
545 1495 653 1550 τοῦ
705 1491 997 1559 σώζοντος
1027 1490 1171 1558 τοὺς
1218 1487 1415 1553 εὐθεῖς
1450 1485 1525 1556 τῇ
1566 1485 1802 1554 καρδίᾳ.

219 1591 440 1654 Ἄλλος,
483 1590 547 1642 '0
573 1586 834 1655 ὲταστὴς
860 1582 1119 1654 καρδιῶν
1168 1582 1267 1638 καὶ
1299 1578 1537 1650 νεφρῶν
1590 1582 1623 1632 ὀ
1664 1578 1808 1642 Θεὸς

212 1683 474 1749 δίκαιος,
494 1685 527 1736 ό
548 1675 1009 1748 ὑπερασπιστὴς
1023 1693 1163 1747 μου.
1198 1675 1307 1730 Kal
1332 1672 1422 1726 έτε
1431 1688 1543 1744 ρος,
1582 1670 1635 1724 '0
1662 1668 1807 1735 Θεὸς

212 1774 475 1838 δίκαιος.
518 1773 584 1824 Ol
633 1769 1036 1841 Ἐϐδομήκοντα
1067 1781 1095 1809 ι
1129 1766 1186 1820 δὲ
1230 1763 1403 1828 οὕτως
1435 1758 1610 1827 εἷπον,
1648 1758 1807 1813 Ἐτά-

214 1863 331 1926 ζων
363 1863 616 1932 καρδίας
634 1862 737 1916 καί
786 1860 1049 1932 νεφροὺς
1097 1862 1130 1914 ό
1172 1858 1337 1924 Θεός.
1366 1854 1573 1910 Δικαία
1596 1854 1636 1922 ἡ
1664 1850 1809 1918 ,βοή-

216 1955 352 2011 θειά
392 1973 515 2025 μου
536 1954 696 2024 παρὰ
743 1952 850 2007 τοῦ
891 1951 1061 2007 Θεοῦ.
1093 1944 1260 2003 Εἶπεν
1288 1949 1369 2002 ὅτι
1397 1947 1573 2018 κρινεῖ
1602 1944 1699 2016 τὴν
1731 1945 1810 1998 οἰ-

219 2046 527 2118 κουμένην,
548 2044 700 2113 λέγει
719 2043 904 2097 λοιπὸν
931 2042 1027 2096 καὶ
1055 2040 1175 2105 πῶς
1204 2041 1399 2113 κρινεῖ.
1428 2033 1597 2091 Εἶπεν
1637 2037 1720 2089 ὅτι
1747 2034 1810 2089 οὐ

223 2139 528 2210 μαρτύρων
556 2136 831 2206 δεόμενος,
862 2135 961 2188 οὐκ
1010 2133 1271 2204 ἐλέγχων,
1316 2131 1419 2186 οὐκ
1463 2126 1810 2194 ἀποδείξεων,

218 2232 282 2285 ού
307 2228 738 2302 γραμματείων,
781 2228 881 2280 ούκ
929 2226 1089 2282 ἄλλου
1122 2223 1234 2278 τῶν
1276 2223 1534 2277 τοιούτων
1578 2220 1810 2283 οὐδενός·

221 2323 395 2384 αὐτὸς
428 2321 541 2392 γάρ
566 2321 713 2373 ἐστιν
739 2318 768 2371 6
790 2318 858 2371 τὰ
873 2317 1160 2389 ἀπόρρητα
1171 2315 1561 2385 ἐπιστάμενος.
1581 2312 1674 2382 Μὴ
1705 2310 1816 2364 τοι·

222 2431 323 2466 νυν
362 2411 576 2479 λεγέτω
627 2427 714 2472 τις
754 2408 865 2463 τῶν
913 2409 1175 2478 ἀνοήτων·
1199 2406 1310 2464 Kal
1359 2406 1477 2470 πῶς
1511 2405 1689 2476 κρινεῖ
1723 2403 1816 2457 τὸν

222 2505 440 2575 κόσμον
467 2501 720 2557 τοσοῦτον
749 2500 910 2567 ὅντα;
945 2500 1004 2554 '0
1019 2500 1127 2572 γὰρ
1149 2501 1382 2572 ποιήσας
1398 2499 1499 2552 οὐκ
1531 2498 1680 2565 ὅντα,
1724 2496 1818 2551 καὶ

221 2594 530 2665 γενόμενον
559 2593 759 2664 κρινεῖ.
788 2592 1038 2662 Νεφροὸς
1069 2589 1127 2642 δὲ
1168 2589 1400 2644 ἐνταῦθα
1423 2588 1493 2642 τά
1531 2588 1818 2660 ἀπόρρητα.

222 2690 329 2758 τῆς
360 2685 601 2748 διανοίας
633 2683 805 2753 λέγει,
852 2684 922 2736 τὰ
949 2682 1228 2746 ένδότατα,
1259 2681 1328 2735 τὰ
1371 2679 1666 2752 βαθύτατα,
1710 2679 1819 2734 ἀπὸ

224 2782 330 2851 τῆς
360 2779 567 2841 θέσεως
594 2777 690 2831 τοῦ
728 2776 916 2848 μορίου
943 2775 1312 2846 αἰνιξάμενος.

299 2880 363 2927 ι’.
383 2873 451 2925 Τί
468 2873 635 2934 ἐστιν,
664 2869 950 2934 Ἕτάζιιηι·;
981 2868 1160 2938 Ὅπερ
1178 2866 1207 2918 6
1226 2864 1382 2930 ἄλλος
1406 2861 1547 2929 εἰπε,
1571 2861 1821 2933 Δοκιμά-

226 2961 370 3023 ζων.
420 2961 484 3013 Εἰ
514 2961 571 3014 δὲ
599 2959 696 3014 καὶ
709 2956 1043 3027 ἀνθρώπιναι
1067 2958 1124 3011 αἱ
1153 2954 1353 3022 λέξεις,
1381 2953 1518 3009 ἀλλά
1542 2952 1823 3025 θεοπρεπῆ

224 3055 301 3108 τὰ
344 3055 616 3124 νοήματα.
663 3052 876 3124 Ὠσπερ
929 3050 1039 3121 γὰρ
1081 3050 1110 3102 6
1161 3047 1375 3111 Παῦλος
1411 3045 1608 3115 λέγων,
1648 3045 1703 3097 Ὀ
1757 3044 1825 3098 δὲ

225 3151 506 3222 ἐρευνῶν
553 3152 661 3216 τὰς
708 3147 977 3217 καρδίας,
1000 3146 1061 3199 τὸ
1082 3144 1331 3217 ὲρευνᾷν,
1360 3142 1481 3197 ἀντί
1509 3141 1604 3195 τοῦ
1637 3138 1824 3222 σαφῶς

230 3244 466 3307 εἰδέναι,
504 3243 736 3314 τίθησιν·
769 3239 913 3294 οὕτω
959 3238 1054 3295 καὶ
1090 3230 1268 3301 οὗτος,
1299 3237 1360 3291 τὸ
1412 3220 1825 3298 Ἑτάῖωνίάντὶ

231 3338 333 3392 τοῦ
386 3335 635 3409 ἀκριϐῶς
680 3330 1031 3388 ἐπίστασθαι.
1081 3329 1195 3384 Kal
1225 3328 1286 3382 τὸ
1322 3326 1610 3398 βασανίσαι
1656 3325 1714 3378 δὲ
1764 3323 1827 3377 τὸ

233 3428 532 3502 γυμνῶσαί
566 3426 684 3500 [66]
714 3427 880 3491 ἐστιν,
914 3426 1053 3493 ὅπερ
1072 3419 1335 3493 ἀκριϐοῦς
1350 3421 1498 3473 ἐστιν
1517 3418 1829 3489 ἐπιστήμης

234 3522 338 3575 καὶ
368 3519 644 3588 γνώσεως·
668 3517 741 3581 ὡς
772 3517 867 3571 καὶ
887 3514 1099 3579 Παῦλός
1116 3527 1270 3584 φησι·
1301 3509 1505 3565 Πάντα
1526 3507 1595 3563 δὲ
1632 3507 1831 3581 γυμνὰ

234 3613 341 3668 καὶ
362 3610 885 3679 τετραχηλισμένα
903 3607 1029 3675 τοῖς
1058 3606 1389 3678 ὀφθαλμοῖς
1409 3606 1617 3662 αὐτοῦ.

308 3704 524 3758 Δικαία
587 3704 627 3769 ἡ
685 3702 943 3773 ,ϐοήθειά
1004 3720 1146 3774 μου.
1211 3701 1438 3765 Ἄλλος,
1507 3700 1743 3766 Δίκαιος
1797 3703 1831 3754 ὁ

232 3794 713 3865 ὐπερασπιστής
767 3813 908 3864 μου.
947 3795 1013 3848 Τί
1057 3795 1197 3858 ἐστι,
1250 3793 1454 3847 Δικαία
1495 3791 1536 3858 ἠ
1577 3788 1831 3859 ,ϐοήθειά

229 3906 366 3958 μου
423 3887 584 3955 παρὰ
633 3885 739 3940 τοῦ
811 3886 996 3951 Θεοῦ;
1048 3885 1286 3948 Δικαίως
1341 3884 1408 3938 ἂν
1454 3883 1664 3952 γένοιτό
1709 3899 1829 3954 μοι,

235 3979 427 4049 φησὶ,
489 3976 642 4047 παρά
692 3976 788 4031 τοῦ
846 3977 1015 4031 Θεοῦ·
1052 3976 1206 4031 οὐδὲν
1259 3976 1370 4048 γὰρ
1430 3975 1616 4030 ἄδικον
1675 3973 1829 4028 αἰτῶ.

235 4073 422 4126 ’Ὥστε
459 4073 509 4124 εἰ
562 4071 846 4142 μέλλοιμεν
875 4068 1168 4123 ἀπολαύειν
1206 4068 1521 4140 συμμαχίας
1568 4066 1672 4136 τῆς
1697 4067 1835 4121 ἄνω-

241 4165 369 4224 (Ιεν,
397 4160 625 4214 τοιαῦτα
662 4162 835 4215 αἰτεῖν
856 4160 958 4228 δεῖ,
986 4159 1024 4215 ἃ
1048 4160 1144 4214 καὶ
1184 4159 1276 4214 τὸν
1300 4158 1401 4214 τοῦ
1428 4157 1638 4214 δικαίου
1674 4158 1834 4230 λόγον

240 4256 390 4324 ἔχει·
427 4253 600 4324 ἴνατῇ
632 4251 794 4322 φύσει
829 4253 930 4323 τῆς
962 4254 1233 4324 αἰτήσεως
1260 4253 1361 4324 τὴν
1390 4252 1563 4323 ῥοπὴν
1590 4253 1832 4306 ἐπισπα-

245 4343 483 4411 σὼμεθα
534 4341 646 4397 Τοῦ
693 4342 986 4408 σώζοντος
1035 4341 1179 4406 τοὺς
1228 4340 1424 4406 εὐθεῖς
1468 4332 1545 4407 τῇ
1594 4338 1829 4406 καρδίᾳ.

243 4428 433 4483 Τοῦτο
464 4428 626 4501 ἔργον
650 4428 801 4500 αὐτῷ
821 4471 838 4496 ,
863 4429 1023 4483 τοῦτο
1048 4428 1169 4493 ἔθος
1199 4429 1367 4501 αὐτῷ.
1415 4429 1632 4500 Ἐπειδὴ
1658 4429 1837 4493 τοίνυν

246 4522 351 4576 καὶ
395 4520 509 4590 ἐγὼ
561 4522 663 4575 οὐκ
689 4517 832 4593 ἦρξα
876 4521 1075 4594 χειρῶν
1106 4520 1340 4588 ἀδίκων,
1371 4520 1492 4575 ούδὲ
1528 4519 1839 4592 ἀμύνασθαι

248 4609 531 4682 ἐπιθυμῶ,
556 4611 644 4665 διὰ
665 4611 823 4665 τοῦτο
853 4610 1038 4687 δικαία
1062 4611 1128 4666 ἂν
1160 4611 1370 4680 γένοιτο
1406 4614 1440 4684 ἡ
1476 4611 1700 4684 βοήθειά
1735 4629 1839 4683 μου

251 4705 411 4773 παρὰ
447 4702 544 4756 τοῦ
572 4702 731 4758 Θεοῦ.
772 4703 960 4757 Ταῦτα
991 4699 1085 4758 οὖν
1112 4702 1309 4768 εἰδότες
1334 4741 1349 4767 ,
1392 4703 1558 4774 μηδὲν
1598 4704 1840 4757 τοιοῦτον

253 4794 523 4867 αἰτῶμεν,
561 4795 590 4849 ὃ
615 4794 812 4883 κωλύει
831 4796 930 4868 τὴν
956 4796 1119 4850 δόσιν.
1141 4797 1310 4849 Ὅταν
1332 4794 1442 4867 γὰρ
1471 4795 1616 4849 κατὰ
1632 4793 1842 4866 ἐχθρῶν

255 4887 438 4958 αἰτῇς,
465 4886 567 4940 οὐκ
608 4884 723 4939 ἔστι
762 4887 940 4940 δικαία
970 4888 1004 4957 ἡ
1036 4885 1257 4957 βοήθειά
1288 4900 1381 4938 σου
1405 4900 1420 4914 ·
1471 4885 1687 4964 ἐναντία
1735 4885 1842 4956 γάρ

256 4979 377 5031 ἑστι
396 4977 475 5049 τῷ
517 4979 669 5049 νόμῳ
700 4978 795 5032 τοῦ
838 4979 1203 5051 παρέχοντος·
1244 4977 1347 5032 κᾶν
1382 4977 1611 5030 πλοῦτον
1648 4977 1841 5047 αἰτῇς,

258 5071 366 5125 κᾶν
392 5068 587 5134 κάλλος
615 5072 772 5142 αἰτῇς
798 5109 814 5132 ,
850 5070 953 5124 κᾶν
978 5070 1160 5124 ὁτιοῦν
1192 5067 1429 5124 τοιοῦτον
1470 5069 1630 5141 αἰτῇς
1661 5067 1845 5138 βιωτι-

259 5161 381 5229 κὸν,
415 5160 732 5233 παραβρέον
752 5203 767 5227 ,
797 5162 892 5215 καὶ
915 5154 1155 5216 ἐναντίον
1191 5164 1260 5233 τῇ
1293 5162 1395 5233 τῆς
1426 5162 1604 5233 ψυχῆς
1635 5159 1847 5230 φιλοσο-

262 5254 384 5325 φία.
425 5250 681 5326 Δίτῶμεν
720 5252 900 5307 τοίνυν
933 5253 1074 5308 ὥστε
1117 5254 1211 5308 καί⁵
1260 5256 1556 5325 ἐπιτυχεῖν.
1598 5252 1653 5306 '0
1703 5251 1847 5317 Θεὸς

260 5344 476 5415 κριτὴς
500 5344 753 5411 δίκαιος,
783 5344 885 5400 καί
910 5344 1182 5414 ἰσχυρὸς,
1207 5344 1305 5399 καὶ
1328 5346 1728 5415 μακρόθυμος,
1746 5344 1845 5397 καί

258 5436 353 5506 μὴ
386 5435 580 5507 ὀργὴν
627 5435 869 5505 ἐπάγων
902 5436 1032 5491 καθ’
1074 5434 1343 5504 ἑκάστην
1376 5434 1621 5505 ἡμέραν.
1657 5434 1849 5497 ’Ἄλλος

262 5529 450 5600 φησὶν,
490 5526 960 5597 Ἐμϐριμώμενος
991 5528 1137 5580 κατὰ
1164 5526 1369 5583 πᾶσαν
1402 5527 1648 5597 ἡμέραν.
1707 5528 1762 5576 ’0
1795 5529 1849 5578 Et

328 5734 352 5763 ⁸
367 5736 412 5806 .U
422 5746 518 5804 ιιυὲ
543 5730 883 5806 ςρὸςιπξτερὸς
900 5745 1063 5806 ing-tv"
1088 5733 1114 5779 6
1136 5731 1255 5786 Θεὸς
1273 5730 1470 5789 δίκαιος,
1487 5733 1518 5788 ἡ
1542 5731 1733 5792 βοήθειά
1759 5747 1848 5794 μου

268 5799 390 5859 παρὰ
421 5793 509 5844 τοῦ
541 5793 684 5842 Θεοῦ.
714 5793 810 5839 Καὶ
834 5796 875 5839 οἰ
896 5793 1235 5853 ἑϐδομήκοντα.

1905 475 2175 549 Ἐϐραῖος,
2205 476 2364 531 Κατὰ
2385 474 2595 531 πᾶσαν
2622 474 2793 541 (mir.
2816 476 2924 528 Kal
2956 471 3136 537 ἄλλος,
3166 473 3472 528 Ἀπειλούο

1888 587 2090 641 μενος,
2108 570 2562 640 ἐμϐριμώμενος,
2582 571 2653 623 οὐ
2678 567 3036 628 κολάζων.⁶0
3058 564 3110 619 δὲ
3130 564 3279 633 λέγει
3304 564 3476 618 τοιοῦ-

1892 667 1985 719 τόν
2012 667 2185 719 ἐστιν’
2202 665 2266 719 Εἰ
2287 664 2515 724 δίκαιος,
2543 662 2760 722 πάντως
2784 659 3099 731 βουλήσεται
3114 656 3240 719 τοὺς
3259 656 3474 720 ἀδίκους

1898 762 2153 816 κολάσαι·
2182 761 2231 814 εἰ
2264 759 2480 831 ἰσχυρὸς
2504 796 2519 820 ,
2577 757 2794 820 πάντως
2833 756 3140 825 δυνήσεται.
3188 752 3300 805 Kal
3345 749 3474 816 ποῦ,

1898 854 2052 925 φησὶ,
2078 853 2146 907 τὰ
2167 853 2267 922 τῆς
2284 850 2475 921 φιλανθ
2485 849 2710 921 ρωπίας,
2730 850 2778 902 εἰ
2805 846 2944 902 κατά
2965 846 3024 899 τὸ
3039 845 3244 898 δίκαιον
3266 843 3476 914 κρινεῖς

1897 948 2121 1019 Πρῶτον
2142 946 2261 1017 μὲν.
2287 947 2342 999 ὲν
2362 943 2439 1014 τῷ
2460 943 2533 1015 μὴ
2551 941 2695 997 κατὰ
2712 941 2878 1003 πόδας
2894 939 3119 1007 ἐπάγειν
3136 937 3236 1009 τὴν
3251 936 3407 1006 δίκην
3422 936 3476 1000 ι’,

1903 1041 2100 1113 μᾶλλον
2116 1040 2171 1095 δὲ
2201 1040 2307 1112 πρὸ
2327 1036 2542 1101 τούτου,
2576 1037 2633 1090 ὲν
2661 1035 2741 1106 τῷ
2766 1033 2944 1087 πάντα
2965 1032 3181 1101 ἀφεῖναι
3214 1030 3283 1084 τά
3305 1030 3482 1100 ἁμαρ

1900 1137 2120 1206 τήματα
2165 1133 2254 1188 διὰ
2294 1130 2524 1203 λουτροῦ
2557 1126 3001 1197 παλιγγενεσίας·
3041 1122 3293 1195 δεύτερον
3330 1120 3388 1174 δὲ
3421 1118 3519 1174 ιν.

1900 1231 1980 1302 τῷ
2014 1230 2109 1285 καὶ
2138 1227 2427 1300 μετάνοιαν
2446 1221 2648 1279 δοῦναι.
2680 1222 2779 1275 Ἂν
2806 1219 2915 1292 γὰρ
2946 1218 3227 1290 ἐννοήσῃς,
3252 1215 3334 1268 ὅτι
3353 1211 3483 1268 καθ’

1904 1325 2141 1395 ἑκάστην
2191 1320 2575 1392 ἁμαρτάνομεν
2599 1381 2603 1386 ι
2627 1315 2874 1387 ἡμέραν,
2916 1313 3037 1367 τότε
3070 1311 3304 1382 μάλιστα
3360 1306 3481 1377 ὕψει

1905 1418 2070 1474 αὑτοῦ
2104 1417 2163 1471 τὸ
2198 1417 2402 1484 ἄφατον
2435 1411 2663 1484 μέγεθος
2707 1409 2808 1478 τῆς
2855 1402 3278 1477 φιλανθρωπίας.
3321 1401 3388 1453 '0
3415 1397 3483 1469 δὴ

1908 1514 2002 1567 καὶ
2051 1509 2333 1583 ἐμφαίνων
2369 1507 2652 1576 ἐπήγαγε,
2706 1501 2914 1570 λέγων·
2972 1499 3036 1550 '0
3093 1494 3237 1560 Θεὸς
3276 1490 3485 1561 κριτὴς

1907 1604 2134 1668 δίκαιος
2155 1642 2169 1664 ,
2200 1599 2298 1653 καί
2329 1596 2600 1666 ἰσχυρὸς,
2640 1592 2739 1648 καὶ
2765 1591 3165 1663 μακρόθυμος.
3212 1583 3483 1655 ’Ᾱπορεῖς,

1908 1694 2030 1751 ἐπεὶ
2060 1692 2154 1747 καί⁸
2173 1690 2397 1745 δύναται
2418 1686 2513 1741 καὶ
2545 1683 2813 1757 βούλεται,
2835 1681 2982 1742 τίνος
3010 1678 3194 1732 ἕνεκεν
3224 1675 3285 1728 οὐ
3326 1671 3486 1726 κολά-

1909 1788 1990 1853 ζει
2015 1803 2030 1851 ;
2051 1782 2324 1843 Μάνθανε,
2359 1780 2523 1851 φησὶν
2543 1817 2558 1840 ,
2583 1777 2665 1830 ὃτι
2701 1771 3070 1846 μακρόθυμος,
3107 1768 3201 1821 καὶ
3223 1765 3298 1837 μὴ
3316 1761 3487 1853 ὀργὴν

1910 1876 2132 1947 ἐπάγων
2153 1872 2276 1927 καθ’
2307 1870 2542 1945 ἑκάστην
2578 1866 2811 1938 ἡμέραν.
2843 1864 2963 1916 Ἷνα
3001 1859 3111 1930 γὰρ
3142 1858 3216 1929 μή
3259 1872 3344 1918 τις
3377 1852 3488 1908 τῶν

1910 1970 2150 2040 ἀνοήτων
2177 1965 2373 2038 νομίσῃ
2398 2005 2412 2027 ,
2441 1964 2523 2016 ὅτι
2554 1961 2622 2015 δι’
2651 1957 2932 2014 ἀσθένειαν
2959 1955 3058 2008 οὐκ
3097 1948 3489 2040 ἐπεξέρχεται,

1910 2035 2148 2116 δείκνυσι
2171 2035 2269 2128 τῆς
2303 2035 2613 2127 μελλήσεως
2649 2053 2749 2122 τὴν
2791 2048 3002 2104 αἰτίαν·
3039 2046 3120 2099 ὅτι
3156 2041 3365 2114 μεγάλα
3394 2035 3489 2092 καὶ

1913 2150 1947 2222 ἡ
1985 2146 2332 2220 μακροθυμία
2372 2144 2544 2216 μέτρα
2590 2141 2724 2211 ἔχει.
2783 2135 3000 2207 Ἐπειδὴ
3044 2134 3154 2204 γὰρ
3206 2132 3294 2185 διὰ
3333 2129 3494 2183 τοῦτο

1916 2218 2288 2315 μακροθυμεῖ,
2332 2239 2412 2301 εἰς
2459 2234 2744 2306 μετάνοιάν
2788 2247 2847 2284 σε
2889 2231 3055 2297 ἄγων,
3086 2227 3217 2280 ὅταν
3259 2222 3367 2277 ἀπὸ
3396 2218 3492 2274 τοῦ

1914 2332 2205 2408 φαρμάκου
2234 2330 2424 2385 τούτου
2460 2326 2626 2399 μηδὲν
2663 2323 2952 2396 κερδάνῃς,
2993 2320 3087 2374 καί¹
3119 2315 3493 2388 ἐπεξέρχεται.

1918 2429 2064 2499 ’Ἄρα
2109 2425 2232 2480 καθ’
2279 2423 2516 2491 ἑκάστην
2553 2421 2767 2491 ἡμέραν
2813 2418 2907 2471 τοῦ
2954 2412 3277 2479 κολάζεσθαί
3327 2411 3500 2480 ἐσμεν

1915 2520 2075 2587 ἄξιοι.
2112 2519 2247 2573 Οὐδὲ
2284 2516 2394 2586 γὰρ
2420 2516 2509 2579 ἂν,
2537 2516 2585 2568 εἰ
2617 2514 2691 2584 μὴ
2715 2510 2872 2568 τοῦτο
2902 2505 2969 2582 ἦν
2989 2549 3005 2573 ,
3033 2507 3108 2571 ὡς
3150 2506 3292 2577 μέγα
3321 2522 3375 2557 τι
3406 2501 3497 2555 τέ-

1917 2611 2062 2666 θεικε
2096 2611 2175 2674 τὸ,
2206 2609 2303 2677 Μὴ
2335 2607 2521 2678 ὀργὴν
2540 2605 2778 2675 ἐπάγων
2806 2602 2933 2658 καθ’
2955 2599 3222 2666 ἑκάστην
3247 2595 3496 2666 ἡμέραν.

1932 2704 2068 2758 Ἀλλ’
2099 2703 2174 2766 ὡς
2206 2701 2315 2755 τῶν
2362 2699 2704 2769 πραγμάτων
2747 2696 2844 2766 μὲν
2887 2693 3046 2748 τοῦτο
3083 2688 3458 2745 ἀπαιτούντων
3482 2727 3499 2749 ,

1915 2796 2017 2864 τῆς
2043 2795 2101 2848 δὲ
2123 2793 2216 2848 τοῦ
2244 2791 2381 2845 Θεοῦ
2409 2788 2821 2861 φιλανθρωπίας
2848 2782 3151 2855 ἐπεχούσης
3169 2792 3192 2821 ε
3221 2782 3319 2852 τὴν
3345 2779 3502 2845 ἀξίαν

1921 2887 2160 2948 κόλασιν,
2183 2883 2341 2937 τοῦτό
2380 2899 2563 2954 φησιν.
2599 2877 2753 2943 Εἶδες
2775 2878 2870 2932 καὶ
2900 2873 3132 2930 ἐνταῦθα
3156 2872 3274 2935 πῶς
3296 2871 3504 2925 τὸιάνε-

1924 2978 2133 3050 παχθὲς
2170 2977 2265 3031 τοῦ
2305 2974 2442 3029 Θεοῦ
2480 2974 2721 3029 δείκνυσι
2744 3013 2760 3035 ,
2814 2969 2908 3025 καὶ
2937 2971 3037 3038 τὴν
3084 2967 3306 3021 κόλασιν
3332 2964 3505 3036 ὀργὴν

1922 3069 2099 3137 λέγεις
2139 3068 2328 3131 Οὐδεὶς
2358 3065 2467 3138 γάρ
2490 3065 2661 3138 ὀργὴν
2699 3062 2894 3130 ἐπάγει
2926 3060 3093 3131 ἄλλῳ,
3125 3057 3261 3112 ἀλλά
3286 3057 3386 3125 τὴν
3407 3055 3508 3126 μὲν

1923 3160 2093 3233 ὀργὴν
2120 3158 2283 3223 αὐτὸς
2313 3159 2446 3229 ἔχει.
2468 3157 2566 3228 τὴν
2587 3157 2643 3210 δὲ
2664 3155 2885 3210 κόλασιν
2907 3153 3101 3221 ἐπάγει
3131 3150 3322 3221 ἑτέρῳ.
3343 3146 3508 3202 Ούδὲν

1924 3247 2018 3307 οὖν
2051 3252 2209 3317 ἄλλο,
2258 3249 2372 3322 167]
2408 3250 2442 3321 ἢ
2475 3247 2572 3320 τὴν
2612 3247 2833 3301 κόλασιν
2865 3244 3014 3315 δηλοί
3054 3242 3132 3313 τῷ
3169 3242 3364 3303 εἰπεῖν,
3397 3235 3509 3294 Kal

1920 3345 2009 3416 μὴ
2040 3343 2226 3415 ὀργὴν
2244 3343 2487 3411 ἐπάγων
2516 3340 2645 3394 καθ’
2674 3339 2942 3403 ἑκάστην
2970 3335 3217 3404 ἡμέραν.
3248 3333 3361 3386 Kal
3390 3330 3510 3395 πῶς
3577 3392 3580 3396 ,

1929 3454 2081 3508 φησι,
2106 3437 2242 3491 Καθ’
2258 3433 2526 3500 ἑκάστην
2541 3430 2772 3501 ἡμέραν
2785 3429 2812 3469 ά
2831 3447 2847 3493 ;
2873 3427 3174 3483 Εἰσελθέτω
3188 3425 3417 3488 ἕκαστος
3431 3424 3512 3487 εἰς

1926 3532 1988 3585 τὸ
2027 3530 2221 3586 ἑαυτοῦ
2253 3528 2509 3594 συνειδὸς,
2533 3526 2628 3581 καὶ
2656 3524 2780 3578 τότε
2806 3522 3023 3592 δψεται.
3061 3519 3177 3574 Ἵνα
3214 3518 3325 3589 γὰρ
3351 3515 3512 3588 παρῶ

1928 3626 2001 3681 τὰ
2055 3626 2344 3697 ἀπόρρητα
2383 3621 2615 3676 ἑκάστου
2669 3618 3072 3690 ἁμαρτήματα,
3120 3611 3293 3668 ταῦτα
3329 3611 3394 3682 δὴ
3445 3608 3512 3663 τὰ

1930 3716 2086 3772 κοινὰ
2122 3717 2205 3779 τίς
2248 3712 2626 3783 διαφεύξεταις
2673 3709 2812 3763 Ποῖα
2840 3708 2905 3779 δὴ
2947 3705 3151 3771 ταῦτας
3196 3702 3334 3757 Ποία
3367 3699 3514 3754 ἐστὶν

1932 3809 2137 3883 ἡμέρα,
2183 3800 2325 3880 ᾖμὴ
2376 3803 2638 3877 ῥᾳθύμως
2681 3800 2953 3872 εὐχόμεθα
2998 3797 3091 3852 καὶ
3122 3794 3259 3866 μετὰ
3312 3791 3515 3861 πολλῆς

1931 3882 2256 3972 δλιγωρίαςς
2285 3900 2414 3953 ’Ότι
2452 3897 2507 3951 δὲ
2537 3894 2694 3950 τοῦτο
2733 3893 2906 3965 ὀργῆς
2935 3892 3113 3958 ἄξιον,
3148 3888 3304 3959 δῆλον
3328 3882 3514 3945 ἐντεῦ-

1935 3995 2047 4048 θεν.
2079 3992 2215 4047 Εἰπὲ
2251 3991 2360 4062 γάρ
2393 4005 2513 4061 μοι·
2551 3990 2599 4042 εἰ
2624 3987 2859 4056 δικαστῇ
2888 3981 3250 4055 χασμώμενος
3275 3974 3517 4049 προσῆλ-

1937 4086 2050 4151 θες,
2079 4084 2173 4140 καὶ
2189 4079 2535 4152 διηλέγχθης,
2561 4079 2660 4132 ούκ
2680 4078 2744 4132 ἄν
2767 4093 2827 4129 σε
2852 4074 3054 4137 εὐθέως
3071 4072 3225 4142 δίκην
3247 4068 3516 4139 ἀπῄτησε,

1936 4180 2033 4235 καὶ
2084 4178 2164 4242 εἰς
2220 4176 2320 4247 τὴν
2375 4171 2672 4244 ὑπερορίαν
2732 4166 3063 4242 μετέστησες
3122 4162 3252 4227 Ναὶ,
3311 4160 3514 4232 φησίνο

1936 4271 2224 4343 ἄνθρωπος
2263 4268 2374 4338 γάρ
2417 4267 2554 4319 ἐστι.
2589 4263 2701 4316 Kal
2737 4261 2791 4315 τί
2818 4259 3009 4322 τοῦτο;
3062 4253 3383 4327 Ἀνθρωπος
3418 4249 3520 4322 μὲν

1939 4365 2050 4437 γὰρ
2069 4362 2368 4436 ὑϐρισθεὶς,
2397 4361 2498 4415 οὐκ
2530 4360 2597 4414 ἂν
2623 4359 2708 4428 εἰη
2737 4357 2947 4418 δίκαιος
2979 4353 3337 4423 ἀγανακτεῖν·
3370 4344 3519 4419 παρὰ

1942 4457 2048 4528 γάρ
2079 4456 2174 4510 τοῦ
2200 4455 2461 4527 ὁμοτίμου
2503 4450 2732 4524 ὑϐρίσθη
2755 4469 2768 4481 ·
2798 4452 2826 4503 6
2872 4448 2929 4501 δὲ
2964 4445 3096 4509 Θεὸς
3138 4443 3520 4515 ὑϐριζόμενος,

1940 4545 2163 4608 δικαίως
2190 4547 2254 4601 ἂν
2281 4544 2553 4613 ὲπαγάγοι
2584 4541 2684 4611 τὴν
2709 4538 2888 4609 δίκην.
2931 4536 3148 4601 Μείζων
3182 4533 3292 4606 γὰρ
3319 4531 3459 4602 αὕτη
3487 4531 3524 4601 ἡ

1943 4637 2189 4708 ἁμαρτία
2217 4636 2319 4705 τῆς
2347 4636 2429 4698 εἰς
2462 4633 2768 4705 ἄνθρωπον.
2809 4630 2915 4685 Kal
2952 4631 2981 4683 6
3017 4629 3115 4700 μὲν
3146 4626 3431 4700 ἄνθρωπος
3462 4624 3526 4678 τὸ

1943 4726 2140 4782 ἑαυτοῦ
2173 4726 2352 4797 ζητῶν
2392 4724 2552 4781 τοῦτο
2593 4727 2739 4779 ποιεῖ
2757 4742 2771 4757 ο
2814 4725 2843 4777 6
2880 4723 2937 4776 δὲ
2967 4720 3098 4785 Θεὸς
3130 4719 3193 4774 τὸ
3224 4719 3335 4774 σόν.
3359 4718 3524 4771 Ὥστε

1944 4819 2088 4874 κατά
2128 4819 2315 4881 τοῦτο,
2354 4816 2504 4883 ἄξιον
2534 4816 2692 4871 τοῦτο
2728 4815 2927 4886 μᾶλλον
2967 4812 3414 4882 ἀγανακτήσεως.
3447 4805 3524 4863 Ού

1946 4914 2056 4985 γάρ
2091 4914 2238 4966 ἐστιν
2273 4909 2386 4964 ἴσον
2414 4909 2779 4979 καταφρονεῖν
2822 4905 2932 4959 τῶν
2969 4904 3036 4958 τὰ
3063 4902 3271 4957 ἑαυτῶν
3302 4898 3526 4969 ζητούν-

1947 5025 2078 5073 των,
2105 5007 2201 5059 καὶ
2234 5005 2326 5058 τοῦ
2351 5004 2420 5057 τὰ
2446 5002 2535 5057 σά.
2559 5000 2729 5055 Τοῦτο
2758 4999 2866 5070 γάρ
2895 4999 3138 5070 μείζονος
3167 4996 3339 5067 ὀργῆς
3353 4993 3527 5059 ἄξιον,

1947 5100 2076 5153 ὅταν
2118 5097 2449 5169 μηδὲεαίτείν
2477 5095 2683 5167 μέλλων
2709 5094 2778 5147 τὰ
2813 5095 2895 5147 σοὶ
2929 5090 3297 5163 συμφέροντα,
3327 5088 3526 5158 νήφῃς.

1949 5188 2121 5254 Τίςδέ
2150 5191 2319 5253 ἐστιν,
2351 5188 2410 5252 ὸς
2430 5190 2529 5259 οὐχ
2550 5186 2740 5260 ὕϐρισε
2762 5187 2856 5239 τὸν
2879 5183 3108 5253 ἀδελφὸν
3124 5181 3280 5251 εἰκῆ;
3311 5179 3402 5251 Μὴ
3419 5180 3530 5250 γάρ

1954 5302 2043 5355 μοι
2071 5284 2249 5356 εἴπῃς,
2271 5284 2353 5337 ὅτι
2383 5284 2599 5354 οἰκέτην
2622 5280 2863 5353 ὕϐρισεν·
2899 5278 3008 5333 Ἐν
3028 5275 3138 5347 γὰρ
3166 5270 3394 5343 Χριστῷ
3413 5272 3528 5324 οὐκ

1950 5378 2159 5446 ἄρσεν,
2196 5380 2268 5434 οὐ
2297 5377 2476 5446 θῆλυ,
2507 5379 2579 5431 οὐ
2609 5376 2863 5443 δοῦλος,
2896 5377 3008 5429 οὐκ
3034 5370 3348 5440 ἐλεύθερός
3373 5368 3529 5423 ἐστι.

1951 5472 2048 5533 Τίς
2072 5470 2236 5524 πάλιν
2265 5470 2835 5542 ῧςθούκατηγὸρησεν,
2871 5467 2990 5521 οὐδὲ
3024 5465 3319 5537 ὲψεύσατος
3348 5463 3408 5526 ες
3432 5460 3528 5514 οὐκ

2019 5662 2045 5697 ³³
2068 5661 2206 5711 Unus
2233 5663 2319 5719 τήν
2338 5663 2585 5724 τιμωρίαν.

2020 5726 2041 5785 "j
2072 5724 2179 5785 Duo
2200 5737 2317 5772 mas.
2339 5720 2608 5785 ένὶχόύσης.
2626 5720 2762 5771 Culb.
2786 5721 2987 5781 quidem
3011 5722 3288 5784 ἐπεχούσης.

2021 5784 2046 5823 ιι
2072 5784 2192 5847 Βοε.
2216 5786 2294 5832 καὶ
2326 5784 2549 5839 mixta?
2574 5788 2642 5832 ἐκ.
2670 5787 2755 5845 ἡμ.
2782 5785 2920 5842 ἄξιοι,
2946 5786 3103 5842 φησὶν,
3129 5785 3297 5843 ὀργῆς.
