4032 6284
541 323 611 379 97
1306 315 1363 371 S.
1404 310 1688 369 JOANNIS
1725 306 2219 367 CHRYSOSTOM!
2251 308 2570 368 ARCIIIEP.
2609 306 3158 367 CONSTANTINOP.
3735 308 3808 364 98

542 437 684 496 εῐδεν
713 438 1026 499 ἀκολάστοις
1054 433 1348 505 ὁρθαλμοῖς
1371 436 1639 503 γυναῖκας
1674 432 1732 496 ὃς
1760 432 1860 485 οὐκ
1888 430 2124 500 ἐϐάσκη-

543 549 662 595 νεν;
687 532 745 594 ὃς
764 530 864 583 οὐκ
886 525 1294 597 ὲκενοδόξησεν;
1320 525 1377 588 ὃς
1400 525 1500 577 οὐκ
1522 522 1821 593 ἐφθέγξατο
1849 521 2001 592 ρἧα
2024 521 2123 591 ἀρ-

541 624 674 695 γόν;
699 623 883 676 Πάντα
913 621 970 674 δὲ
999 618 1172 673 ταῦτα
1203 618 1307 671 ὑπὸ
1338 617 1557 670 κόλασιν
1587 614 1914 669 κεῖται.1(α“ι
1945 613 1997 665 εἱ
2023 612 2121 682 μὲν

543 716 675 786 περὶ
707 714 774 767 τά
806 711 1035 784 βιωτικά
1080 710 1153 782 μὴ
1201 709 1353 773 ὄντες
1395 708 1705 769 σπουδαῖοι,
1744 704 1882 777 μηδὲ
1926 705 1985 757 ὲν
2012 705 2121 767 τοῖς

546 806 936 873 πνευματικοῖς
954 798 1114 872 ἦμεν,
1155 799 1482 871 συγγνώμης
1511 799 1577 854 ἂν
1596 793 1739 869 ἦμεν
1766 797 1925 861 ἄξιοι·
1953 794 2047 849 νῦν
2065 795 2123 849 δὲ

544 897 639 952 καὶ
663 896 867 966 ταύτης
891 891 1316 964 ἀπεστερήμεθα
1335 892 1432 962 τῆς
1455 889 1772 959 ἀπολογίας.
1791 890 1900 943 Καὶ
1927 888 2030 961 γάρ
2065 888 2124 943 ὲν

544 990 773 1053 ἐκείνοις
794 987 893 1058 μὲν
916 985 1274 1056 ἐγρηγορότες
1308 983 1497 1054 ἐσμὲν,
1527 984 1584 1037 ὲν
1604 981 1812 1045 τούτοις
1836 980 1894 1034 δὲ
1920 982 2123 1036 ἀναπε-

545 1079 1023 1143 πτωκότες.Ὅστε
1054 1077 1111 1130 δὲ
1148 1075 1222 1148 μὴ
1251 1074 1544 1139 ἀκούοντας
1569 1113 1585 1138 ,
1618 1075 1701 1129 ὅτι
1735 1072 2119 1146 μακρόθυμος,

547 1169 950 1245 ῥᾳθυμοτέρως
960 1168 1229 1237 γενέσθαι,
1250 1169 1526 1239 ἐπήγαγεν
1544 1184 1558 1197 ·
1592 1166 1736 1221 Ἐὰν
1748 1166 1834 1238 μὴ
1851 1168 2126 1233 ἐπιστρα-

543 1263 719 1335 φῆτε,
753 1262 1184 1331 τὴνρομφαὶαν
1210 1259 1400 1314 αὑτοῦ
1433 1258 1773 1314 στιλϐὡσει.
1811 1260 2037 1329 ’Έτερος
2066 1254 2126 1310 δέ

545 1373 700 1429 φησι,
722 1354 844 1423 Τὴν
862 1353 1165 1424 μάχαιραν
1184 1352 1368 1407 αὐτοῦ
1394 1349 1701 1417 ἀκονήσει.
1731 1352 1798 1405 Τὸ
1822 1351 2002 1415 τόξον
2021 1352 2125 1405 αὺ-

546 1447 652 1501 τοῦ
665 1444 945 1508 ἐνέτεινε,
961 1444 1058 1497 καὶ
1075 1443 1404 1513 ἡτοίμασεν
1416 1441 1583 1495 αὐτό.
1593 1440 1784 1503 Ἄλλος
1800 1457 1873 1510 φη
1881 1440 1986 1503 σιν,
2000 1440 2127 1494 Ἐκ-

546 1537 706 1592 τενεῖ
723 1550 773 1595 ⁸.
803 1537 910 1591 Καὶ
940 1536 1010 1590 ἐν
1036 1534 1199 1600 αὐτῷ
1222 1534 1512 1604 ἡτοίμασε
1528 1533 1718 1600 σκεύη
1747 1531 2024 1587 θανάτου.
2050 1531 2127 1586 Τὰ

540 1628 699 1694 βέλη
733 1626 920 1680 αὐτοῦ
951 1626 1075 1691 τοῖς
1108 1624 1449 1695 καιομένοις
1480 1621 1897 1694 ἐξειργάσατο.
1935 1621 2125 1686 Ἀλλος

547 1721 734 1791 φησὶν,
761 1722 862 1786 Εἰς
883 1717 948 1772 τὸ
976 1718 1190 1773 καίειν.

621 1927 709 1973 ια’.
737 1919 803 1972 Τί
827 1916 1062 1972 ἐνταῦθα
1086 1915 1301 1989 ἐροῦσιν
1326 1914 1375 1967 οἱ
1402 1912 1867 1984 ἀνθρωπόμορφον
1887 1911 1977 1966 τὸν
1993 1911 2125 1965 Θεὸν

548 2008 815 2075 λέγοντες,
876 2008 940 2059 ὲκ
980 2003 1074 2056 τοῦ
1125 2001 1377 2071 λέγεσθαι
1429 2003 1617 2071 χεῖρας
1661 1999 1757 2053 καὶ
1818 1998 1986 2062 πόδας
2033 1998 2128 2052 καὶ

547 2094 857 2165 ὀφθαλμοὺς
904 2092 1080 2162 έχεινς
1120 2085 1271 2160 Ἀρα
1308 2086 1440 2154 τόξα
1486 2086 1633 2150 ἀνω,
1695 2086 1789 2140 καὶ
1836 2085 1988 2156 βέλη,
2033 2086 2128 2139 καὶ

547 2185 715 2253 ἀκόνη
738 2220 759 2248 ,
792 2181 885 2235 καὶ
919 2180 1197 2251 μάχαιρα,
1227 2177 1323 2231 καὶ
1364 2176 1642 2247 φαρέτρα;
1684 2174 1794 2227 Καὶ
1838 2174 1943 2245 μὴν
1971 2173 2128 2237 ἄλλος

550 2271 712 2340 φησίν
733 2285 746 2298 ’
786 2271 890 2322 Ἐν
919 2266 1000 2330 τῷ
1039 2263 1360 2332 ἐπιϐλέψαι
1385 2279 1489 2328 σε,
1520 2260 1999 2332 ταραχθήσονται
2028 2260 2127 2314 ἐπὶ

549 2357 664 2411 σοῦ
696 2355 828 2422 ὄρη.
865 2355 975 2406 Καὶ
1006 2352 1169 2414 αὐτὸς
1195 2345 1394 2415 ⁸οὗτος·
1437 2350 1491 2403 Ὀ
1521 2349 1859 2403 ἐπιϐλέπων
1880 2348 1977 2401 ἐπὶ
2016 2347 2131 2414 τὴν

550 2443 688 2513 γῆν,
723 2443 819 2495 καὶ
862 2438 1049 2493 ποιῶν
1085 2438 1279 2504 αὐτὴν
1309 2437 1563 2505 τρέμειν.
1595 2437 1658 2489 Εἰ
1691 2436 1748 2488 δὲ
1785 2436 1926 2507 ὁρῶν
1971 2436 2129 2506 μόνον

549 2531 648 2599 τὴν
677 2529 803 2599 γῆν,
834 2527 928 2581 καὶ
968 2524 1129 2579 λίθων
1173 2525 1329 2595 τήκει
1363 2524 1546 2592 φύσιν,
1596 2521 1775 2592 πολλῷ
1810 2523 2010 2592 μᾶλλον
2041 2524 2127 2576 ἐπ’

550 2615 851 2686 ἀνθρώπιον
910 2611 1057 2665 τοῦτο
1098 2611 1411 2683 δυνήσεται.
1452 2607 1608 2673 Τίνος
1659 2604 1754 2662 οὖν
1796 2609 1981 2663 ἕνεκεν
2022 2608 2130 2662 ἀπὸ

549 2701 644 2755 τοῦ
678 2702 835 2773 μόνον
866 2700 992 2753 ἰδεῖν
1020 2697 1395 2769 καταστρέψαι
1425 2696 1723 2767 δυνάμενος
1752 2695 1850 2768 τὴν
1877 2696 2129 2767 οἰκουμέ-

548 2808 668 2861 νην,
699 2789 897 2859 μᾶλλον
923 2787 979 2840 δὲ
1009 2786 1117 2841 ἀπὸ
1140 2784 1231 2840 τοῦ
1283 2785 1535 2857 ἐθελῆσαι
1565 2784 1726 2855 μόνον
1753 2782 1800 2856 (ὁ
1838 2786 1947 2856 γὰρ
1973 2784 2130 2856 θελή-

552 2896 682 2950 ματι
713 2878 870 2950 μόνον
898 2877 1128 2945 ποιήσας
1153 2875 1342 2946 αὐτὴν.
1369 2873 1592 2945 εῦδηλον
1628 2874 1711 2928 ὅτι
1746 2875 1840 2926 καὶ
1864 2873 2129 2945 θελήματι

552 2967 699 3037 μόνῳ
729 2964 935 3018 ἀνελεῖν
972 2962 1234 3030 δύναται),
1271 2959 1389 3033 [68]
1418 2960 1635 3029 λέγεται
1684 2959 1956 3028 ῥομφαίαν
1986 2959 2130 3030 ἔχειν

551 3054 645 3106 καὶ
677 3052 859 3118 τόξον;
923 3050 985 3102 Εἰ
1015 3047 1125 3119 γάρ
1163 3049 1268 3102 Ἐν
1300 3046 1375 3116 τῇ
1404 3047 1555 3117 χειρί
1585 3045 1773 3100 αὐτοῦ
1799 3045 1872 3100 τὰ
1907 3047 2131 3115 πέρατα

550 3138 660 3207 τῆς
688 3137 821 3208 τῆς,
855 3136 963 3191 Καί
995 3138 1049 3191 al
1079 3134 1454 3200 ἐνοικοῦντες
1477 3134 1547 3188 ἑν
1569 3132 1745 3202 αὐτῇ,
1766 3134 1847 3199 ὡς
1866 3133 2126 3202 ἀκρίδες·

552 3226 645 3278 καὶ
674 3226 872 3279 Πάντα
896 3223 968 3278 τὰ
991 3223 1136 3290 ἔθνη
1157 3222 1238 3288 ὡς
1266 3220 1507 3291 σταγὼν
1531 3220 1650 3276 ἀπὸ
1685 3221 1897 3284 κάδον,
1921 3221 2022 3275 καί
2048 3222 2130 3288 ὡς

545 3313 709 3381 ῥοπὴ
748 3310 925 3384 ζυγοῦ
952 3311 1382 3383 λογισθήσεται
1402 3327 1419 3343 ·
1454 3310 1550 3365 καὶ
1580 3311 1609 3363 ό
1634 3311 1862 3379 ἄγγελος
1884 3311 1941 3364 δὲ
1963 3310 2127 3365 αὐτοῦ

553 3398 806 3465 ἐξελθὼν,
840 3400 900 3452 ὲν
933 3398 1161 3471 βραχείᾳ.
1190 3398 1383 3469 καιροῦ
1418 3400 1557 3469 ῥοπῇ
1587 3399 1779 3452 ἑκατὸν
1805 3398 2130 3470 ὀγδοήκοντα

554 3486 715 3540 πέντε
749 3484 991 3556 χιλιάδας
1023 3486 1226 3539 ἀνεῖλε·
1275 3485 1328 3538 τί
1360 3485 1504 3555 λέγω
1534 3486 1797 3555 ἀγγελοςς
1836 3489 1990 3558 μυῖαι
2034 3488 2131 3542 καὶ

554 3572 775 3642 κάμπαι
798 3573 892 3626 καὶ
914 3570 1195 3642 σκώληκες
1221 3571 1282 3626 τὸ
1309 3573 1418 3627 τῶν
1436 3574 1748 3644 Αἰγυπτίων
1768 3574 2129 3646 στρατόπεδον

552 3658 874 3714 ἀπώλεσαν·
906 3658 1010 3712 ποῦ
1056 3657 1211 3723 τόξου
1249 3658 1435 3713 αὐτόθι
1467 3659 1655 3731 χρείας
1708 3660 1810 3715 ποῦ
1842 3660 1898 3714 δὲ
1935 3659 2130 3732 μαχαί-

557 3762 694 3817 ρας;
733 3745 890 3810 Τίνος
932 3740 1025 3799 οὖν
1053 3745 1239 3799 ἕνεκεν
1261 3745 1432 3799 ταῦτα
1461 3746 1712 3819 εῖρηται;
1758 3748 1857 3801 Διά
1895 3748 1994 3819 τὴν
2020 3748 2130 3801 τῶν

554 3832 864 3887 ἀκουόντων
911 3830 1221 3903 παχύτητα,
1265 3831 1360 3885 καὶ
1400 3831 1540 3886 ὥστε
1589 3836 1701 3897 τοῖς
1748 3833 1972 3905 ὀνόμασι
2017 3836 2130 3900 τοῖς

555 3919 873 3992 συντρόφοις
911 3918 1020 3971 τῶν
1067 3918 1248 3975 ὃπλων
1284 3923 1607 3974 κατασεῖσαι
1650 3920 1830 3974 αὐτῶν
1868 3919 1968 3992 τὴν
2010 3920 2129 3976 διά·

553 4024 717 4063 νοιαν.
745 3999 823 4062 Οὖ
848 4006 957 4079 γάρ
983 4008 1042 4060 ὲν
1066 4008 1132 4079 τῇ
1166 4006 1311 4078 χειρὶ
1341 4007 1375 4078 ἠ
1404 4008 1542 4079 πνοὴ
1582 4009 1802 4063 πάντων
1826 4008 2005 4081 ἡμῶν,
2036 4008 2130 4063 καὶ

552 4088 615 4148 οὗ
646 4094 787 4150 κατά
818 4094 1110 4165 πρόσωπον
1156 4093 1360 4166 ψύχους
1404 4094 1568 4149 αὐτοῦ
1596 4095 1847 4167 οὐδαμῶς
1873 4114 1957 4160 τις
1994 4096 2131 4150 ὑπο-

554 4184 845 4253 στήσεται,
880 4181 996 4245 πῶς
1040 4180 1220 4239 ὃπλων
1261 4182 1342 4236 δεῖ
1371 4183 1587 4254 τούτῳ;
1623 4184 1762 4237 Ἀλλ’
1793 4183 1929 4255 ὅπερ
1959 4182 2131 4254 ἔφθην

550 4268 744 4335 εἰπὼν,
772 4268 861 4321 διὰ
885 4269 985 4340 τὴν
1020 4267 1307 4341 παχύτητα
1346 4269 1443 4323 καὶ
1480 4269 1579 4340 τὴν
1625 4269 1981 4339 ἀναισθησίαν
2022 4267 2130 4321 τῶν

552 4356 863 4410 ἀκουόντων
906 4355 1046 4409 οῦτω
1096 4356 1271 4410 ταῦτα
1319 4355 1556 4428 εἴρηται.
1609 4356 1675 4409 Τί
1720 4356 1781 4409 δέ
1833 4358 1969 4420 ἐστι,
2019 4353 2131 4408 Καί

552 4442 906 4507 στιλϐώσει;
951 4443 1250 4512 Ἀκονήσει.
1282 4438 1431 4514 τΑρα
1461 4438 1557 4497 οὖν
1585 4442 1681 4495 καὶ
1709 4441 1911 4512 ἀκόνης
1936 4441 2127 4511 χρεία,

554 4530 651 4584 καὶ
683 4530 761 4594 ἰὸς
786 4531 916 4601 περὶ
963 4528 1062 4599 τὴν
1096 4530 1401 4601 μάχαιραν;
1434 4531 1545 4584 Καὶ
1569 4528 1655 4592 τίς
1685 4528 1753 4582 ἀν
1779 4526 1973 4591 ταῦτα,
2005 4526 2130 4580 νοῦν

554 4617 713 4686 ἔχων,
734 4616 978 4682 ἀνέξεται
998 4614 1173 4679 οὕτως
1196 4616 1444 4670 ἐκλαϐεῖν
1466 4615 1541 4680 ὡς
1562 4617 1775 4689 εἴρηται
1795 4632 1810 4681 ;
1830 4614 1969 4668 Ἀλλ’
1990 4615 2130 4687 ὅπερ

554 4704 726 4776 ἔφθην
756 4703 948 4768 είπὼν,
975 4703 1075 4775 τὴν
1103 4704 1373 4775 τιμωρίαν
1399 4703 1487 4757 διά
1530 4704 1750 4758 πάντων
1782 4702 2127 4775 σχηματίζει,

554 4791 650 4845 καὶ
673 4790 767 4844 ἐπὶ
786 4788 855 4842 τά
878 4788 1162 4862 παχύτερα
1191 4790 1457 4860 πρόεισιν,
1479 4790 1620 4844 ὥστε
1649 4792 1744 4845 καὶ
1769 4790 1895 4853 τοὺς
1924 4789 2131 4863 σφόδρα

553 4879 814 4949 ἀνοήτους
847 4877 1097 4941 συνιδεῖν,
1123 4878 1207 4930 ὅτι
1237 4877 1299 4930 οὐ
1337 4877 1417 4930 δεῖ
1452 4880 1575 4942 ταῖς
1602 4876 1778 4945 λέξεσι
1805 4876 2131 4948 παρακαθῆ-

556 4966 702 5029 σθαι,
729 4964 863 5018 ἀλλά
893 4964 1211 5033 θεοπρεπεῖς
1235 4964 1445 5029 ἐννοίας
1474 4966 1540 5018 ἐκ
1575 4963 1779 5020 τούτων
1807 4963 2125 5035 λαμϐάνειν.

557 5055 719 5107 Ὥστε
750 5052 803 5106 εί
825 5068 908 5115 τις
930 5051 1129 5121 ἀπορεῖ
1156 5051 1302 5116 τίνος
1326 5050 1511 5106 ἕνεκεν
1539 5051 1711 5124 θυμὸς
1754 5054 1970 5125 εῖρηται
1999 5053 2128 5124 περὶ

553 5141 690 5195 Θεοῦ
719 5141 815 5193 καὶ
842 5138 1002 5210 ὀργὴ,
1029 5136 1208 5210 πολλῷ
1248 5138 1449 5209 μᾶλλον
1472 5138 1679 5194 τούτων
1706 5139 1893 5195 Ξνεκεν
1917 5142 2130 5213 ἀπορή-

555 5246 660 5284 σει.
711 5229 775 5283 Εί
813 5228 869 5281 δὲ
908 5226 1082 5284 ταῦτα
1127 5227 1226 5299 οὐχ
1263 5226 1339 5292 ὡς
1382 5226 1597 5301 εἴρηται
1629 5228 1949 5301 ὲκληπτέον,
1994 5228 2130 5284 ἀλλά

617 5441 644 5472 ³
664 5439 776 5490 Duo
796 5450 912 5489 mss.
933 5437 1120 5490 ἐντενεῖ.
1135 5438 1254 5490 Hac
1269 5437 1615 5504 interpretatio
1635 5442 1832 5494 videtur
1853 5452 1966 5492 esse
1987 5442 2129 5503 Sym-

552 5510 733 5586 machi:
763 5510 913 5559 lectio
934 5508 1171 5586 Hegi-nica
1187 5516 1265 5559 est
1281 5511 1631 5586 ‘p‘mtendil;
1650 5514 1819 5565 ενι-ενεί
1838 5518 1977 5563 certe
1996 5511 2135 5562 bene

551 5585 787 5647 exprimit
813 5596 981 5634 vocem
1005 5583 1319 5647 Heln-aiam;
1342 5583 1738 5643 intendinarcmn
1757 5589 1970 5647 scilicet,
1994 5588 2128 5636 em-

555 5644 790 5710 gsfeliam
810 5647 917 5710 sive
938 5645 1172 5706 exlmdit,
1197 5644 1476 5710 opportune
1499 5651 1777 5700 adhibetur.
1800 5644 2021 5701 Lectoi'is
2044 5649 2123 5710 ju-

549 5708 680 5759 dicio
702 5705 1030 5771 permittimus
1046 5705 1195 5771 qualn
1208 5705 1347 5760 dim
1372 5711 1638 5762 lectionem
1655 5713 1909 5775 adoptare.

2224 424 2561 497 θεοπρεπῶς,
2578 426 2795 497 εὔδηλον
2810 427 2892 479 ὅτι
2917 425 3013 479 καὶ
3039 423 3108 479 τά
3132 425 3262 495 περὶ
3285 421 3460 494 θυμοῦ
3488 422 3582 476 καὶ
3607 421 3804 493 ὀργῆςο

2224 513 2256 584 ἡ
2296 512 2351 565 δὲ
2377 513 2624 586 παχύτης
2646 514 2756 566 τῶν
2784 513 3004 575 λέξεων.
3037 511 3176 565 ὥστε
3210 510 3535 566 καθικέσθαι
3561 511 3661 578 τῆς
3694 509 3806 561 τῶν

2224 601 2506 672 ἀκροατῶν
2545 604 2871 676 παχύτητος.
2908 602 3008 656 Διά
3047 619 3129 655 τοι
3155 600 3315 654 τοῦτο
3338 599 3459 653 οὐδὲ
3486 600 3601 662 τοῖς
3647 599 3805 669 εἰρηο

2228 688 2413 759 μένοις
2442 691 2684 762 ἠρκέσθη
2709 734 2725 758 ,
2758 691 2873 744 ἀλλ’
2902 690 2983 744 ἔτι
3022 689 3266 760 πρόεισιν
3308 688 3402 741 ἐπὶ
3426 686 3488 739 τὸ
3526 685 3808 756 ἀνθρωπι-

2225 777 2486 850 νώτερον,
2530 779 2621 832 τὸν
2652 779 2814 848 φόϐον
2842 777 3041 846 αὔξων.
3079 778 3154 830 Οὐ
3188 775 3297 849 γὰρ
3324 772 3599 847 ῥομφαίαν
3637 770 3807 824 αὑτὸν

2224 866 2414 938 ἔχοντα
2448 869 2655 935 εἰσάγει
2684 868 2865 939 μόνον,
2892 865 3028 922 ἀλλά
3054 867 3150 921 καὶ
3173 864 3548 935 ὁπλιζόμενον.
3578 857 3805 929 Ἐπειδὴ

2223 954 2333 1026 γὰρ
2362 956 2459 1027 οὐχ
2486 956 2683 1026 ὁμοίιος
2710 973 2795 1020 τις
2822 954 3063 1025 φοϐεῖται
3092 954 3327 1016 ἀκούων,
3352 954 3435 1007 δτι
3471 949 3735 1005 ἀκονᾶται
3766 948 3803 1015 ﬂ

2227 1043 2505 1115 μάχαιρα,
2554 1044 2642 1099 καὶ
2689 1043 2770 1098 ὅτι
2815 1042 2878 1096 τδ
2922 1042 3074 1108 τόξον
3118 1041 3255 1114 μετὰ
3286 1042 3494 1111 χεῖρας,
3538 1035 3647 1090 ἀπδ
3688 1032 3805 1086 τῶν

2222 1131 2577 1202 ἀνθρωπίνων
2617 1132 2913 1204 σχημάτων
2958 1129 3238 1185 κατασείει
3283 1127 3381 1199 τὴν
3407 1126 3647 1180 διάνοιαν
3689 1120 3806 1176 τῶν

2222 1223 2548 1287 ἀκουόντων,
2595 1220 2801 1291 λέγων’
2843 1221 2915 1276 Τὸ
2943 1218 3126 1285 τόξον
3158 1216 3345 1272 αὐτοῦ
3385 1214 3662 1275 ἐνέτεινε,
3700 1209 3805 1263 καὶ

2223 1310 2555 1380 ἡτοίμασεν
2589 1309 2739 1363 αὐτό
2760 1324 2775 1339 ⁸
2816 1307 2998 1377 φοϐῶν
3042 1307 3132 1360 τὸν
3176 1303 3470 1367 ἀκούοντα,
3522 1298 3658 1371 ὁμοῦ
3705 1295 3807 1350 καὶ

2223 1397 2323 1467 τὴν
2357 1397 2733 1469 μακροθυμίαν
2764 1396 2856 1452 καὶ
2887 1396 2985 1469 τὴν
3031 1394 3203 1467 ὀργὴν
3250 1389 3683 1460 ινδεικνύμενος.
3722 1385 3805 1437 Οὐ

2224 1486 2334 1560 γὰρ
2375 1483 2545 1555 εἴπεν,
2594 1488 2824 1560 ἀφῆκεν,
2867 1487 3012 1551 οὐδὲ,
3061 1484 3275 1551 ἐλαϐεν,
3316 1478 3454 1546 ἀλλ’,
3508 1476 3806 1533 Ἐνέτεινε

2224 1568 2323 1629 καί
2366 1575 2689 1645 ἡτοίμασε’
2732 1575 3009 1629 τουτέστιν
3028 1571 3306 1643 ,Ἒτοιμός
3350 1571 3468 1623 ἔστι
3511 1565 3649 1635 πρὸς
3699 1562 3807 1633 τὴν

2224 1664 2437 1730 ἄφεσιν.
2474 1664 2584 1717 Καὶ
2616 1663 2669 1717 τί
2720 1661 3043 1734 θαυμάζεις,
3089 1660 3141 1713 εί
3182 1660 3239 1713 ὲν
3267 1660 3333 1729 τῇ
3370 1652 3584 1724 Παλαιᾷ
3625 1649 3807 1711 οὕτως

2226 1753 2463 1823 εἴρηται,
2493 1753 2693 1822 δπουγε
2726 1753 2821 1807 καὶ
2859 1753 2917 1806 ὲν
2942 1753 3009 1821 τῇ
3034 1750 3211 1820 Καινῇ
3255 1745 3530 1806 Ἰουδαίοις
3555 1737 3806 1806 διαλεγό-

2230 1858 2390 1911 μενος
2422 1842 2450 1894 ό
2486 1840 2739 1913 Ἰωάννης
2782 1840 3021 1894 τοιοῦτόν
3053 1856 3107 1893 τι
3140 1838 3324 1905 λέγεις
3357 1834 3502 1901 Ἤδη
3529 1829 3600 1884 δὲ
3627 1827 3742 1913 καί
3762 1826 3806 1892 ἦ

2227 1910 2406 1996 ἀξίνη
2440 1928 2587 1997 πρὸς
2606 1910 2723 1996 τὴν
2750 1926 2917 1997 ῥίζαν
2944 1926 3063 1982 τῶν
3080 1925 3343 1994 δένδρων
3366 1921 3571 1976 κεῖται.
3597 1917 3664 1972 Τί
3684 1910 3805 1979 ὤνς

2226 2013 2489 2086 δρυτόμον
2526 2017 2555 2070 ό
2587 2016 2719 2079 Θεὸς
2751 2016 2997 2087 μιμεῖται
3026 2013 3182 2084 ἀξίνῃ
3213 2012 3481 2066 κόπτοντα
3507 2005 3674 2072 ξύλα;
3705 2002 3809 2056 καὶ

2227 2102 2418 2174 ἀξίνην
2462 2102 2761 2175 ὲκληπτέον
2808 2102 2903 2157 καὶ
2948 2102 3113 2166 ξύλα;
3160 2101 3412 2167 Ἄπαγε·
3447 2094 3638 2175 ὥσπερ
3680 2088 3808 2175 οὐδε

2228 2173 2409 2262 ἄχυρα
2446 2191 2542 2245 καὶ
2576 2173 2740 2253 σῖτον,
2786 2191 2914 2244 ὅταν
2956 2188 3126 2260 λέγῃ·
3172 2182 3255 2242 Οὗ
3295 2184 3365 2238 τὸ
3404 2183 3595 2235 πτύον
3623 2173 3696 2232 ἒν
3726 2173 3810 2245 τῇ

2229 2280 2380 2350 χειρί
2412 2280 2598 2335 αὐτοῦ
2616 2317 2633 2342 ,
2683 2278 2781 2333 καί
2809 2275 3175 2347 διακαθαριεῖ
3202 2274 3318 2341 τὴν
3344 2272 3548 2328 ἅλωνα
3590 2263 3806 2328 αὑτοῦ,

2228 2367 2328 2420 καὶ
2363 2366 2468 2420 τὸν
2486 2366 2603 2435 μὲν
2627 2367 2801 2420 σῖτον
2826 2364 3083 2429 συνάξει
3106 2367 3194 2430 εις
3220 2361 3334 2430 τὴν
3355 2357 3673 2427 ἀποθήκην
3692 2355 3808 2409 αὺ-

2228 2454 2355 2519 τοῦ,
2386 2454 2454 2509 τὸ
2474 2454 2544 2509 δὲ
2570 2455 2801 2525 ἄχυρον
2819 2455 3183 2509 κατακαύσει
3213 2450 3355 2520 πυρί
3382 2449 3679 2509 ἀσϐέστῳ.
3706 2442 3809 2507 Τίς

2229 2540 2325 2599 οὖν
2347 2545 2493 2598 ἐστιν
2523 2545 2556 2615 ἡ
2587 2543 2772 2614 eam;
2813 2543 2880 2597 Ἥ
2916 2541 3155 2613 τιμωρία
3183 2542 3277 2595 καὶ
3319 2541 3352 2610 ἠ
3392 2538 3631 2600 κόλασις.
3668 2534 3808 2588 Τίνα

2227 2632 2286 2687 δὲ
2317 2631 2385 2686 τὰ
2423 2631 2642 2701 δένδρα;
2676 2633 2739 2684 0i
2785 2630 3082 2702 ἄνθρωποι.
3131 2629 3263 2682 Τίνα
3294 2627 3353 2681 δὲ
3389 2625 3458 2680 τά
3486 2625 3699 2695 ἀχυρα;
3738 2622 3807 2674 Οἱ

2229 2718 2442 2789 φαῦλοι.
2497 2719 2593 2783 Τίς
2618 2720 2648 2772 ό
2678 2720 2857 2783 σῖτος;
2891 2718 2955 2770 Οἱ
2982 2716 3226 2788 χρηστοί.
3279 2714 3347 2768 Τί
3390 2712 3452 2768 τὸ
3497 2711 3699 2775 πτύονς
3740 2708 3806 2763 ’11

2228 2808 2518 2881 διάκρισις.
2569 2806 2727 2861 Οῦτω
2772 2805 2865 2860 καὶ
2908 2804 3143 2860 ἐνταῦθα
3189 2802 3453 2876 ῥομφαία,
3491 2801 3587 2855 καὶ
3627 2799 3807 2866 τόξον,

2229 2895 2325 2950 καὶ
2360 2895 2510 2967 βέλη,
2543 2897 2576 2966 ἠ
2605 2894 2825 2957 κόλασις
2859 2895 2951 2947 καὶ
2995 2895 3027 2964 ἡ
3066 2891 3307 2964 τιμωρία
3332 2889 3499 2945 ἐστίν.
3531 2884 3667 2943 Εἶτα
3705 2889 3810 2959 τὴν

2233 2983 2508 3054 μέλλησιν,
2540 2981 2635 3035 καὶ
2657 2980 2716 3034 τὸ
2743 2980 3108 3050 ἀφεστηκέναι
3140 2980 3237 3050 μὲν
3262 2979 3361 3049 τὴν
3388 2978 3683 3050 τιμωρίαν,
3727 2979 3807 3048 μὴ

2230 3069 2367 3123 πολὺ
2386 3068 2443 3122 δὲ
2470 3067 2859 3139 ἀφεστηκέναι,
2882 3067 2995 3121 ἀλλ’
3023 3067 3115 3121 ἐπὶ
3141 3066 3331 3138 θύραις
3357 3062 3515 3125 εἶναι.
3534 3065 3613 3135 τῷ
3632 3068 3810 3120 τεῖναι

2230 3157 2641 3228 καὶέτοιμάσαι
2671 3155 3003 3228 παρέστησε.
3034 3155 3151 3228 [69]
3191 3154 3365 3227 Σκεύη
3394 3154 3451 3209 δὲ
3476 3154 3705 3233 θανάτου
3738 3156 3810 3208 τά

2232 3244 2359 3316 βέλη
2392 3244 2575 3317 φησίν.
2604 3244 2816 3314 Ὥσπερ
2859 3243 3029 3313 σκεύη
3065 3244 3375 3315 γεωργίας,
3431 3243 3499 3296 τὰ
3530 3243 3812 3314 γεωργίαν

2232 3332 2514 3386 ποιοῦνταο
2549 3329 2644 3386 καὶ
2672 3330 2969 3393 ναυτιλίας,
2998 3328 3067 3383 τά
3097 3330 3247 3384 πλεῖν
3278 3332 3426 3402 ἡμᾶς
3451 3333 3810 3403 παρασκευά-

2230 3419 2421 3487 ζοντα·
2465 3421 2560 3474 καὶ
2590 3418 2910 3491 ὑφαντικῆς,
2956 3419 3026 3473 τὰ
3063 3419 3306 3483 ὑφαίνειν
3341 3420 3597 3475 ποιοῦντα
3617 3437 3631 3450 ·
3661 3421 3812 3476 οὕτω

2230 3511 2326 3566 καὶ
2370 3508 2601 3563 θανάτου
2652 3507 2821 3579 σκεύη
2844 3547 2860 3574 ,
2907 3507 2976 3561 τὰ
3017 3505 3248 3562 θάνατον
3275 3507 3639 3580 ἐργαζόμενα.
3671 3507 3811 3565 Εἶτα

2230 3595 2547 3669 ἑρμηνεύων
2570 3594 2692 3649 τίνα
2721 3596 2838 3649 ἐστὶ
2875 3595 2945 3650 τά
2995 3594 3163 3667 σκεύη
3188 3594 3285 3648 τοῦ
3314 3594 3545 3650 θανάτου
3586 3596 3809 3667 έπάγει,

2235 3684 2313 3739 Τὰ
2350 3683 2510 3752 ,ϐέλη
2556 3681 2744 3737 αὑτοῦ
2766 3722 2783 3747 ,
2817 3681 3033 3746 δεικνὺς
3069 3681 3129 3736 τὸ
3162 3682 3327 3753 τάχος
3371 3683 3470 3755 τῆς
3514 3686 3809 3757 τιμωρίας,

2227 3774 2355 3826 ὅταν
2407 3770 2662 3843 βουληθῇ.
2707 3770 2772 3824 Τί
2818 3771 2877 3826 δέ
2926 3772 3061 3835 ἐστι,
3122 3770 3251 3838 Τοῖς
3286 3770 3654 3841 παυομένοις
3681 3772 3811 3839 Τοῖς

2228 3858 2685 3931 τιμωρουμένοις,
2734 3858 2847 3921 τοῖς
2896 3855 3300 3927 κολαζομένοις.
3334 3854 3468 3912 Εἶτα
3510 3859 3610 3913 οὐκ
3645 3859 3813 3932 ἀρκεῖ

2229 3949 2291 4002 τὸ
2318 3947 2451 4017 πῦρ,
2479 3944 2620 4000 ἀλλὰ
2644 3944 2813 4017 βελῶν
2840 3944 3034 4018 χρείας
3084 3945 3244 4016 Ὁρᾷς
3270 3946 3299 3987 δ
3320 3947 3403 4000 ὅτι
3431 3946 3610 4001 πάντα
3637 3965 3810 4019 μετα-

2229 4034 2471 4106 φορικῶς
2516 4035 2728 4106 εῖρηται
2783 4035 2877 4087 καὶ
2928 4033 3308 4104 ἐμφαντικῶς,
3374 4034 3469 4088 καὶ
3527 4035 3670 4089 ὥστε
3715 4035 3811 4092 διά

2230 4124 2447 4178 πάντων
2471 4122 2773 4193 αὐξηθῆναι
2799 4121 2891 4175 τὸν
2917 4122 3115 4191 φόϐον;
3158 4123 3224 4176 Ὀ
3252 4121 3360 4193 γάρ
3388 4121 3535 4191 λέγει
3562 4122 3810 4177 τοιοῦτόν

2230 4210 2379 4263 ἐστι’
2407 4209 2706 4280 Ἠτοίμασε
2736 4209 2837 4274 τὰς
2876 4209 3145 4280 τιμωρίας
3177 4213 3290 4272 τοῖς
3324 4208 3590 4280 μέλλουσι
3632 4227 3810 4281 τιμω-

2235 4298 2462 4370 ρεῖσθαι.
2522 4298 2660 4352 Ἀλλ’
2709 4300 2760 4353 εί
2810 4298 2885 4372 μὴ
2926 4297 3102 4363 οὕτως
3145 4295 3320 4364 εἷπεν,
3379 4300 3478 4352 οὐκ
3519 4298 3587 4353 ἂν
3634 4299 3810 4363 οὕτως

2211 4384 2465 4465 ,ἔπληξεο
2497 4385 2593 4441 νῦν
2621 4386 2679 4440 δὲ
2702 4386 2896 4458 βελῶν,
2922 4388 3017 4441 καὶ
3046 4388 3339 4458 ῥομφαίας,
3370 4386 3464 4440 καὶ
3500 4386 3682 4453 τόξου,
3713 4388 3811 4441 καὶ

2230 4474 2515 4544 ἀφέσεως,
2567 4474 2662 4529 καὶ
2714 4474 2955 4540 τάσεως,
3010 4474 3107 4528 καὶ
3157 4473 3367 4529 σκευῶν
3423 4473 3654 4528 θανάτου
3710 4476 3811 4530 καὶ

2230 4562 2561 4637 ἐμπρησμοῦ
2595 4563 2991 4635 μνημονεύσας,
3022 4565 3087 4635 τῇ
3116 4563 3357 4636 ποικιλία
3387 4564 3497 4617 τῶν
3525 4565 3809 4636 ὀνομάτων

2231 4651 2473 4707 ἐπέτεινε
2506 4650 2606 4721 τὴν
2638 4648 2896 4720 ἀγωνίαν.
2942 4646 3075 4705 Εἶτα
3112 4650 3607 4723 παραμυθούμενος
3643 4652 3809 4706 πάλιν

2229 4737 2320 4792 τὸν
2361 4737 2547 4805 φόϐον,
2594 4737 2861 4807 ἐπήγαγε,
2904 4737 3033 4806 Τοῖς
3052 4735 3405 4812 καιομένοις.
3436 4736 3555 4793 Ἵνα
3583 4739 3692 4811 γάρ
3730 4740 3809 4810 μὴ

2230 4825 2430 4900 νομίσῃ
2456 4843 2541 4890 τις
2562 4824 2670 4879 τῶν
2695 4824 3085 4897 ἀνοητοτέρων,
3115 4825 3209 4878 ἐπὶ
3232 4825 3441 4890 πάντας
3468 4826 3632 4881 αὐτὸν
3650 4828 3808 4893 ἀγειν

2230 4913 2330 4986 τὴν
2377 4916 2552 4986 χεῖρα,
2604 4914 2699 4968 καὶ
2742 4912 2884 4968 κατά
2927 4912 3145 4968 πάντων
3195 4913 3483 4979 ὡπλίσθαι,
3532 4916 3808 4987 έπήγαγε,

2234 5000 2368 5069 Τοῖς
2405 5001 2764 5072 καιομένοις.
2822 4999 3000 5072 Ὅπερ
3044 5001 3141 5056 καὶ
3181 5001 3211 5054 ό
3253 5001 3464 5066 Παῦλος
3507 5003 3808 5057 αἰνίττεται

2231 5091 2360 5165 περὶ
2401 5091 2659 5164 ἄρχοντος
2697 5089 2869 5158 λέγων
2890 5105 2903 5119 ·
2938 5090 3021 5144 ηὐ
3054 5089 3165 5159 γὰρ
3196 5088 3331 5159 είκῆ
3359 5089 3476 5159 τὴν
3500 5091 3809 5161 μάχαιραν

2229 5178 2415 5253 φορεῖ.
2468 5179 2532 5231 Et
2575 5176 2634 5230 δὲ
2680 5176 2772 5231 ἐπὶ
2794 5175 2920 5230 ⁴’τῶν
2951 5176 3224 5249 ἀρχόντων
3266 5178 3302 5248 ἡ
3354 5176 3601 5249 μάχαιρα
3644 5178 3807 5233 τοῦτο

2232 5271 2376 5323 ποιεῖ
2413 5267 2507 5321 καὶ
2536 5265 2724 5337 φοϐεῖ,
2770 5263 2950 5336 πολλῷ
2992 5265 3190 5336 μᾶλλον
3218 5266 3310 5319 ἐπὶ
3347 5265 3443 5319 τοῦ
3489 5265 3647 5321 Θεοῦ.
3695 5267 3806 5319 Καὶ

2227 5356 2387 5411 τοῦτο
2413 5355 2471 5409 δὲ
2494 5354 2555 5408 οὐ
2590 5353 2688 5425 τῆς
2717 5351 2982 5423 τυχούσης
3007 5352 3440 5424 φιλανθρωπίας,
3478 5353 3541 5407 τὸ
3580 5352 3672 5407 διὰ
3692 5352 3806 5406 τῶν

2232 5444 2491 5515 ῥημάτων
2536 5439 2721 5511 φοϐεῖν
2768 5438 2863 5493 καὶ
2908 5437 3164 5508 ὲξογκοῦν
3194 5439 3292 5511 τὴν
3336 5441 3632 5513 τιμωρίαν,
3660 5438 3807 5495 ὥστε

2290 5591 2319 5630 1³
2340 5590 2450 5663 Duo
2466 5602 2581 5638 mss.
2602 5590 2700 5647 τοῖς
2722 5591 3065 5653 κολαζομένοις·
3093 5595 3196 5642 εἶτα
3216 5594 3304 5642 οὐκ
3320 5595 3457 5658 ἀρκεῖ
3480 5596 3537 5644 τὸ
3558 5596 3811 5662 πῦράλλὰ

2290 5653 2312 5699 ιὶ
2336 5653 2486 5701 Βελων
2507 5652 2668 5701 γοεία;
2692 5654 2816 5701 όοᾶε.
2849 5655 2897 5701 In
2919 5653 3065 5701 editis
3086 5668 3203 5701 vero
3228 5656 3349 5701 haec.
3377 5657 3476 5701 εἶτα
3500 5658 3585 5701 οὐκ
3608 5660 3764 5701 dmi-
3792 5695 3808 5701 _

2229 5654 2486 5724 καὶβελῶν
2507 5654 2668 5727 χρείαξ
2849 5655 2897 5701 In
2919 5654 3065 5702 editis
3086 5668 3203 5704 vero
3228 5654 3476 5713 hausit:
3500 5658 3585 5706 οὐκ
3608 5654 3764 5724 ἀρκεῖ.
3791 5695 3808 5711 .

2229 5726 2388 5777 χρεια;
2410 5713 2607 5762 desunt.
2636 5719 2719 5762 be
2790 5726 2859 5762 :ec
2880 5714 3207 5776 Chrysostomi
3228 5728 3339 5767 esse
3371 5720 3620 5770 videntur.
