  <div class='ocr_page' id='page_1' title='image "/cluster/home/n/w/nwhite01/storage/ocr_20150623/55/mdp.39015028539511/090.png"; bbox 0 0 4032 6284; ppageno 0'>
   <div class='ocr_carea' id='block_1_1' title="bbox 259 322 3516 393">
    <p class='ocr_par' dir='ltr' id='par_1_1' title="bbox 259 322 3516 393">
     <span class='ocr_line' id='line_1_1' title="bbox 259 322 3516 393; baseline 0.003 -12"><span class='ocrx_word' id='word_1_1' title='bbox 259 329 324 382; x_wconf 84' lang='lat'><strong>97</strong></span> <span class='ocrx_word' id='word_1_2' title='bbox 1437 323 1793 380; x_wconf 73' lang='lat' dir='ltr'><strong>EXPOSITIO</strong></span> <span class='ocrx_word' id='word_1_3' title='bbox 1835 322 1897 377; x_wconf 73' lang='lat' dir='ltr'><strong>IN</strong></span> <span class='ocrx_word' id='word_1_4' title='bbox 1941 323 2254 382; x_wconf 75' lang='lat' dir='ltr'><strong>l&#39;SALMUM</strong></span> <span class='ocrx_word' id='word_1_5' title='bbox 2291 327 2396 384; x_wconf 73' lang='lat' dir='ltr'><strong>VII.</strong></span> <span class='ocrx_word' id='word_1_6' title='bbox 3451 335 3516 393; x_wconf 81' lang='lat'><strong>98</strong></span> 
     </span>
    </p>
   </div>
   <div class='ocr_carea' id='block_1_2' title="bbox 257 441 1836 512">
    <p class='ocr_par' dir='ltr' id='par_1_2' title="bbox 257 441 1836 512">
     <span class='ocr_line' id='line_1_2' title="bbox 257 441 1836 512; baseline -0.001 -16"><span class='ocrx_word' id='word_1_7' title='bbox 257 453 530 505; x_wconf 84' lang='lat' dir='ltr'><strong>tueretur,</strong></span> <span class='ocrx_word' id='word_1_8' title='bbox 560 443 770 512; x_wconf 85' lang='lat' dir='ltr'><strong>quando</strong></span> <span class='ocrx_word' id='word_1_9' title='bbox 796 456 892 495; x_wconf 84' lang='lat' dir='ltr'><strong>nec.</strong></span> <span class='ocrx_word' id='word_1_10' title='bbox 931 457 990 494; x_wconf 82' lang='lat' dir='ltr'><strong>ea</strong></span> <span class='ocrx_word' id='word_1_11' title='bbox 1019 441 1229 509; x_wconf 79' lang='lat' dir='ltr'><strong>quidem</strong></span> <span class='ocrx_word' id='word_1_12' title='bbox 1273 443 1534 510; x_wconf 84' lang='lat' dir='ltr'><strong>petiturus</strong></span> <span class='ocrx_word' id='word_1_13' title='bbox 1553 483 1567 504; x_wconf 84' lang='lat'><strong>,</strong></span> <span class='ocrx_word' id='word_1_14' title='bbox 1597 458 1715 510; x_wconf 83' lang='lat' dir='ltr'><strong>quae</strong></span> <span class='ocrx_word' id='word_1_15' title='bbox 1747 442 1836 494; x_wconf 89' lang='lat' dir='ltr'><strong>tibi</strong></span> 
     </span>
    </p>
   </div>
   <div class='ocr_carea' id='block_1_3' title="bbox 257 533 1836 601">
    <p class='ocr_par' dir='ltr' id='par_1_3' title="bbox 257 533 1836 601">
     <span class='ocr_line' id='line_1_3' title="bbox 257 533 1836 601; baseline -0.001 -15"><span class='ocrx_word' id='word_1_16' title='bbox 257 535 405 586; x_wconf 85' lang='lat' dir='ltr'><strong>utilia</strong></span> <span class='ocrx_word' id='word_1_17' title='bbox 454 542 601 598; x_wconf 83' lang='lat' dir='ltr'><strong>sntit,</strong></span> <span class='ocrx_word' id='word_1_18' title='bbox 634 534 796 600; x_wconf 93' lang='lat' dir='ltr'><strong>sapis.</strong></span> <span class='ocrx_word' id='word_1_19' title='bbox 828 533 958 599; x_wconf 89' lang='lat' dir='ltr'><strong>Quis</strong></span> <span class='ocrx_word' id='word_1_20' title='bbox 999 542 1080 584; x_wconf 85' lang='lat' dir='ltr'><strong>est</strong></span> <span class='ocrx_word' id='word_1_21' title='bbox 1125 542 1298 586; x_wconf 89' lang='lat' dir='ltr'><strong>autem</strong></span> <span class='ocrx_word' id='word_1_22' title='bbox 1341 534 1428 601; x_wconf 92' lang='lat' dir='ltr'><strong>qui</strong></span> <span class='ocrx_word' id='word_1_23' title='bbox 1473 549 1577 586; x_wconf 90' lang='lat' dir='ltr'><strong>non</strong></span> <span class='ocrx_word' id='word_1_24' title='bbox 1621 533 1836 586; x_wconf 90' lang='lat' dir='ltr'><strong>fratrem</strong></span> 
     </span>
    </p>
   </div>
   <div class='ocr_carea' id='block_1_4' title="bbox 257 624 1836 692">
    <p class='ocr_par' dir='ltr' id='par_1_4' title="bbox 257 624 1836 692">
     <span class='ocr_line' id='line_1_4' title="bbox 257 624 1836 692; baseline -0.001 -14"><span class='ocrx_word' id='word_1_25' title='bbox 257 625 581 678; x_wconf 92' lang='lat' dir='ltr'><strong>contumelia</strong></span> <span class='ocrx_word' id='word_1_26' title='bbox 633 625 748 678; x_wconf 85' lang='lat' dir='ltr'><strong>sine</strong></span> <span class='ocrx_word' id='word_1_27' title='bbox 789 641 946 678; x_wconf 70' lang='lat' dir='ltr'><strong>causa</strong></span> <span class='ocrx_word' id='word_1_28' title='bbox 989 624 1266 678; x_wconf 81' lang='lat' dir='ltr'><strong>all&#39;ccerit?</strong></span> <span class='ocrx_word' id='word_1_29' title='bbox 1313 625 1418 678; x_wconf 87' lang='lat' dir='ltr'><strong>Nec</strong></span> <span class='ocrx_word' id='word_1_30' title='bbox 1462 626 1587 678; x_wconf 88' lang='lat' dir='ltr'><strong>mihi</strong></span> <span class='ocrx_word' id='word_1_31' title='bbox 1617 625 1836 692; x_wconf 90' lang='lat' dir='ltr'><strong>dixeris,</strong></span> 
     </span>
    </p>
   </div>
   <div class='ocr_carea' id='block_1_5' title="bbox 259 714 1838 770">
    <p class='ocr_par' dir='ltr' id='par_1_5' title="bbox 259 714 1838 770">
     <span class='ocr_line' id='line_1_5' title="bbox 259 714 1838 770; baseline -0.001 -1"><span class='ocrx_word' id='word_1_32' title='bbox 259 733 473 770; x_wconf 89' lang='lat' dir='ltr'><strong>servum</strong></span> <span class='ocrx_word' id='word_1_33' title='bbox 503 715 681 770; x_wconf 69' lang='lat' dir='ltr'><strong>affecit</strong></span> <span class='ocrx_word' id='word_1_34' title='bbox 707 716 1025 770; x_wconf 74' lang='lat' dir='ltr'><strong>contumelia</strong></span> <span class='ocrx_word' id='word_1_35' title='bbox 1063 733 1074 767; x_wconf 95' lang='lat'>:</span> <span class='ocrx_word' id='word_1_36' title='bbox 1104 714 1169 767; x_wconf 85' lang='lat' dir='ltr'><strong>In</strong></span> <span class='ocrx_word' id='word_1_37' title='bbox 1196 715 1395 769; x_wconf 82' lang='lat' dir='ltr'><strong>Christo</strong></span> <span class='ocrx_word' id='word_1_38' title='bbox 1428 717 1568 769; x_wconf 90' lang='lat' dir='ltr'><strong>enim</strong></span> <span class='ocrx_word' id='word_1_39' title='bbox 1613 733 1702 770; x_wconf 84' lang='lat' dir='ltr'><strong>nec</strong></span> <span class='ocrx_word' id='word_1_40' title='bbox 1731 732 1838 767; x_wconf 87' lang='lat' dir='ltr'><strong>ma-</strong></span> 
     </span>
    </p>
   </div>
   <div class='ocr_carea' id='block_1_6' title="bbox 258 807 1835 878">
    <p class='ocr_par' dir='ltr' id='par_1_6' title="bbox 258 807 1835 878">
     <span class='ocr_line' id='line_1_6' title="bbox 258 807 1835 878; baseline -0.001 -17"><span class='ocrx_word' id='word_1_41' title='bbox 258 810 454 870; x_wconf 86' lang='lat' dir='ltr'><strong>sculus,</strong></span> <span class='ocrx_word' id='word_1_42' title='bbox 487 825 577 862; x_wconf 86' lang='lat' dir='ltr'><strong>nec</strong></span> <span class='ocrx_word' id='word_1_43' title='bbox 614 809 800 878; x_wconf 79' lang='lat' dir='ltr'><strong>femina</strong></span> <span class='ocrx_word' id='word_1_44' title='bbox 820 849 835 873; x_wconf 85' lang='lat'><strong>,</strong></span> <span class='ocrx_word' id='word_1_45' title='bbox 865 824 953 860; x_wconf 84' lang='lat' dir='ltr'><strong>nec</strong></span> <span class='ocrx_word' id='word_1_46' title='bbox 977 823 1149 860; x_wconf 85' lang='lat' dir='ltr'><strong>servus</strong></span> <span class='ocrx_word' id='word_1_47' title='bbox 1177 817 1249 860; x_wconf 82' lang='lat' dir='ltr'><strong>est</strong></span> <span class='ocrx_word' id='word_1_48' title='bbox 1269 846 1284 872; x_wconf 91' lang='lat'><strong>,</strong></span> <span class='ocrx_word' id='word_1_49' title='bbox 1315 823 1404 860; x_wconf 82' lang='lat' dir='ltr'><strong>nec</strong></span> <span class='ocrx_word' id='word_1_50' title='bbox 1442 808 1566 860; x_wconf 80' lang='lat' dir='ltr'><strong>liber</strong></span> <span class='ocrx_word' id='word_1_51' title='bbox 1594 808 1611 876; x_wconf 91' lang='lat'><strong>(</strong></span> <span class='ocrx_word' id='word_1_52' title='bbox 1638 807 1754 860; x_wconf 86' lang='lat' dir='ltr'><strong>Gal.</strong></span> <span class='ocrx_word' id='word_1_53' title='bbox 1783 808 1835 862; x_wconf 81' lang='grc'><strong>’5.</strong></span> 
     </span>
    </p>
   </div>
   <div class='ocr_carea' id='block_1_7' title="bbox 257 900 1837 970">
    <p class='ocr_par' dir='ltr' id='par_1_7' title="bbox 257 900 1837 970">
     <span class='ocr_line' id='line_1_7' title="bbox 257 900 1837 970; baseline 0 -17"><span class='ocrx_word' id='word_1_54' title='bbox 257 904 386 968; x_wconf 73' lang='lat'><strong>9.8).</strong></span> <span class='ocrx_word' id='word_1_55' title='bbox 436 902 569 969; x_wconf 86' lang='lat' dir='ltr'><strong>Quis</strong></span> <span class='ocrx_word' id='word_1_56' title='bbox 602 915 763 970; x_wconf 90' lang='lat' dir='ltr'><strong>porro</strong></span> <span class='ocrx_word' id='word_1_57' title='bbox 793 900 1088 968; x_wconf 86' lang='lat' dir='ltr'><strong>proximum</strong></span> <span class='ocrx_word' id='word_1_58' title='bbox 1136 914 1242 953; x_wconf 91' lang='lat' dir='ltr'><strong>non</strong></span> <span class='ocrx_word' id='word_1_59' title='bbox 1285 901 1587 962; x_wconf 83' lang='lat' dir='ltr'><strong>accusavit,</strong></span> <span class='ocrx_word' id='word_1_60' title='bbox 1634 915 1729 954; x_wconf 91' lang='lat' dir='ltr'><strong>uec</strong></span> <span class='ocrx_word' id='word_1_61' title='bbox 1758 907 1837 953; x_wconf 88' lang='lat' dir='ltr'><strong>cst</strong></span> 
     </span>
    </p>
   </div>
   <div class='ocr_carea' id='block_1_8' title="bbox 261 989 1838 1060">
    <p class='ocr_par' dir='ltr' id='par_1_8' title="bbox 261 989 1838 1060">
     <span class='ocr_line' id='line_1_8' title="bbox 261 989 1838 1060; baseline -0.003 -14"><span class='ocrx_word' id='word_1_62' title='bbox 261 991 561 1047; x_wconf 87' lang='lat' dir='ltr'><strong>mentitus?</strong></span> <span class='ocrx_word' id='word_1_63' title='bbox 595 991 713 1060; x_wconf 87' lang='lat' dir='ltr'><strong>quis</strong></span> <span class='ocrx_word' id='word_1_64' title='bbox 739 991 1015 1044; x_wconf 86' lang='lat' dir='ltr'><strong>mulierem</strong></span> <span class='ocrx_word' id='word_1_65' title='bbox 1047 1005 1151 1042; x_wconf 91' lang='lat' dir='ltr'><strong>non</strong></span> <span class='ocrx_word' id='word_1_66' title='bbox 1179 990 1383 1058; x_wconf 78' lang='lat' dir='ltr'><strong>aspexit</strong></span> <span class='ocrx_word' id='word_1_67' title='bbox 1411 989 1685 1058; x_wconf 86' lang='lat' dir='ltr'><strong>impudicis</strong></span> <span class='ocrx_word' id='word_1_68' title='bbox 1712 1005 1838 1043; x_wconf 89' lang='lat' dir='ltr'><strong>ocu-</strong></span> 
     </span>
    </p>
   </div>
   <div class='ocr_carea' id='block_1_9' title="bbox 263 1079 1836 1148">
    <p class='ocr_par' dir='ltr' id='par_1_9' title="bbox 263 1079 1836 1148">
     <span class='ocr_line' id='line_1_9' title="bbox 263 1079 1836 1148; baseline -0.003 -14"><span class='ocrx_word' id='word_1_69' title='bbox 263 1082 374 1134; x_wconf 79' lang='lat' dir='ltr'><strong>lis?</strong></span> <span class='ocrx_word' id='word_1_70' title='bbox 417 1082 538 1148; x_wconf 89' lang='lat' dir='ltr'><strong>quis</strong></span> <span class='ocrx_word' id='word_1_71' title='bbox 568 1096 672 1132; x_wconf 90' lang='lat' dir='ltr'><strong>non</strong></span> <span class='ocrx_word' id='word_1_72' title='bbox 702 1079 917 1142; x_wconf 89' lang='lat' dir='ltr'><strong>invidit,</strong></span> <span class='ocrx_word' id='word_1_73' title='bbox 949 1079 1067 1147; x_wconf 86' lang='lat' dir='ltr'><strong>quis</strong></span> <span class='ocrx_word' id='word_1_74' title='bbox 1097 1093 1200 1132; x_wconf 91' lang='lat' dir='ltr'><strong>non</strong></span> <span class='ocrx_word' id='word_1_75' title='bbox 1246 1079 1388 1132; x_wconf 89' lang='lat' dir='ltr'><strong>inani</strong></span> <span class='ocrx_word' id='word_1_76' title='bbox 1419 1079 1584 1147; x_wconf 88' lang='lat' dir='ltr'><strong>gloria</strong></span> <span class='ocrx_word' id='word_1_77' title='bbox 1626 1079 1836 1132; x_wconf 88' lang='lat' dir='ltr'><strong>labora-</strong></span> 
     </span>
    </p>
   </div>
   <div class='ocr_carea' id='block_1_10' title="bbox 258 1168 1839 1239">
    <p class='ocr_par' dir='ltr' id='par_1_10' title="bbox 258 1168 1839 1239">
     <span class='ocr_line' id='line_1_10' title="bbox 258 1168 1839 1239; baseline 0.002 -19"><span class='ocrx_word' id='word_1_78' title='bbox 258 1171 375 1224; x_wconf 85' lang='lat' dir='ltr'><strong>vit?</strong></span> <span class='ocrx_word' id='word_1_79' title='bbox 421 1175 541 1239; x_wconf 83' lang='lat' dir='ltr'><strong>quis</strong></span> <span class='ocrx_word' id='word_1_80' title='bbox 585 1185 689 1222; x_wconf 90' lang='lat' dir='ltr'><strong>non</strong></span> <span class='ocrx_word' id='word_1_81' title='bbox 738 1175 988 1238; x_wconf 83' lang='lat' dir='ltr'><strong>loquutus</strong></span> <span class='ocrx_word' id='word_1_82' title='bbox 1030 1179 1110 1222; x_wconf 88' lang='lat' dir='ltr'><strong>cst</strong></span> <span class='ocrx_word' id='word_1_83' title='bbox 1139 1168 1358 1222; x_wconf 82' lang='lat' dir='ltr'><strong>verbum</strong></span> <span class='ocrx_word' id='word_1_84' title='bbox 1402 1168 1674 1221; x_wconf 80' lang='lat' dir='ltr'><strong>otiosum?</strong></span> <span class='ocrx_word' id='word_1_85' title='bbox 1717 1169 1839 1223; x_wconf 59' lang='lat' dir='ltr'><strong>lla‘c</strong></span> 
     </span>
    </p>
   </div>
   <div class='ocr_carea' id='block_1_11' title="bbox 257 1257 1838 1326">
    <p class='ocr_par' dir='ltr' id='par_1_11' title="bbox 257 1257 1838 1326">
     <span class='ocr_line' id='line_1_11' title="bbox 257 1257 1838 1326; baseline -0.001 -13"><span class='ocrx_word' id='word_1_86' title='bbox 257 1269 437 1313; x_wconf 78' lang='lat' dir='ltr'><strong>autem</strong></span> <span class='ocrx_word' id='word_1_87' title='bbox 465 1259 641 1311; x_wconf 89' lang='lat' dir='ltr'><strong>onmia</strong></span> <span class='ocrx_word' id='word_1_88' title='bbox 674 1273 843 1326; x_wconf 64' lang='lat' dir='ltr'><strong>paena:</strong></span> <span class='ocrx_word' id='word_1_89' title='bbox 882 1269 1006 1310; x_wconf 89' lang='lat' dir='ltr'><strong>sunt.</strong></span> <span class='ocrx_word' id='word_1_90' title='bbox 1042 1258 1290 1311; x_wconf 80' lang='lat' dir='ltr'><strong>obnoxia.</strong></span> <span class='ocrx_word' id='word_1_91' title='bbox 1324 1257 1388 1311; x_wconf 85' lang='lat' dir='ltr'><strong>Et</strong></span> <span class='ocrx_word' id='word_1_92' title='bbox 1424 1260 1508 1323; x_wconf 91' lang='lat' dir='ltr'><strong>si,</strong></span> <span class='ocrx_word' id='word_1_93' title='bbox 1546 1274 1664 1312; x_wconf 90' lang='lat' dir='ltr'><strong>cum</strong></span> <span class='ocrx_word' id='word_1_94' title='bbox 1694 1259 1743 1312; x_wconf 92' lang='lat' dir='ltr'><strong>in</strong></span> <span class='ocrx_word' id='word_1_95' title='bbox 1776 1260 1838 1312; x_wconf 84' lang='lat' dir='ltr'><strong>iis</strong></span> 
     </span>
    </p>
   </div>
   <div class='ocr_carea' id='block_1_12' title="bbox 256 1350 1836 1420">
    <p class='ocr_par' dir='ltr' id='par_1_12' title="bbox 256 1350 1836 1420">
     <span class='ocr_line' id='line_1_12' title="bbox 256 1350 1836 1420; baseline 0 -18"><span class='ocrx_word' id='word_1_96' title='bbox 256 1369 378 1420; x_wconf 73' lang='lat' dir='ltr'><strong>qua:</strong></span> <span class='ocrx_word' id='word_1_97' title='bbox 409 1351 477 1404; x_wconf 88' lang='lat' dir='ltr'><strong>ad</strong></span> <span class='ocrx_word' id='word_1_98' title='bbox 510 1351 668 1404; x_wconf 88' lang='lat' dir='ltr'><strong>vitam</strong></span> <span class='ocrx_word' id='word_1_99' title='bbox 711 1350 1012 1417; x_wconf 73' lang='lat' dir='ltr'><strong>pertinent,</strong></span> <span class='ocrx_word' id='word_1_100' title='bbox 1053 1365 1158 1403; x_wconf 92' lang='lat' dir='ltr'><strong>non</strong></span> <span class='ocrx_word' id='word_1_101' title='bbox 1200 1351 1366 1404; x_wconf 89' lang='lat' dir='ltr'><strong>simus</strong></span> <span class='ocrx_word' id='word_1_102' title='bbox 1390 1350 1701 1418; x_wconf 83' lang='lat' dir='ltr'><strong>diligentes,</strong></span> <span class='ocrx_word' id='word_1_103' title='bbox 1733 1366 1836 1403; x_wconf 89' lang='lat' dir='ltr'><strong>non</strong></span> 
     </span>
    </p>
   </div>
   <div class='ocr_carea' id='block_1_13' title="bbox 256 1442 1834 1512">
    <p class='ocr_par' dir='ltr' id='par_1_13' title="bbox 256 1442 1834 1512">
     <span class='ocr_line' id='line_1_13' title="bbox 256 1442 1834 1512; baseline -0.001 -14"><span class='ocrx_word' id='word_1_104' title='bbox 256 1461 505 1498; x_wconf 82' lang='lat' dir='ltr'><strong>essemus</strong></span> <span class='ocrx_word' id='word_1_105' title='bbox 532 1443 690 1496; x_wconf 86' lang='lat' dir='ltr'><strong>etiam</strong></span> <span class='ocrx_word' id='word_1_106' title='bbox 720 1443 770 1496; x_wconf 91' lang='lat' dir='ltr'><strong>in</strong></span> <span class='ocrx_word' id='word_1_107' title='bbox 803 1442 1182 1512; x_wconf 88' lang='lat' dir='ltr'><strong>spiritualibus,</strong></span> <span class='ocrx_word' id='word_1_108' title='bbox 1215 1445 1364 1496; x_wconf 90' lang='lat' dir='ltr'><strong>venia</strong></span> <span class='ocrx_word' id='word_1_109' title='bbox 1395 1443 1536 1510; x_wconf 80' lang='lat' dir='ltr'><strong>digiti</strong></span> <span class='ocrx_word' id='word_1_110' title='bbox 1565 1458 1834 1496; x_wconf 76' lang='lat' dir='ltr'><strong>essemus:</strong></span> 
     </span>
    </p>
   </div>
   <div class='ocr_carea' id='block_1_14' title="bbox 256 1531 1834 1602">
    <p class='ocr_par' dir='ltr' id='par_1_14' title="bbox 256 1531 1834 1602">
     <span class='ocr_line' id='line_1_14' title="bbox 256 1531 1834 1602; baseline -0.003 -14"><span class='ocrx_word' id='word_1_111' title='bbox 256 1549 404 1588; x_wconf 83' lang='lat' dir='ltr'><strong>utine</strong></span> <span class='ocrx_word' id='word_1_112' title='bbox 428 1541 606 1587; x_wconf 86' lang='lat' dir='ltr'><strong>autem</strong></span> <span class='ocrx_word' id='word_1_113' title='bbox 635 1532 749 1588; x_wconf 73' lang='lat' dir='ltr'><strong>hiee</strong></span> <span class='ocrx_word' id='word_1_114' title='bbox 770 1545 980 1601; x_wconf 88' lang='lat' dir='ltr'><strong>quoque</strong></span> <span class='ocrx_word' id='word_1_115' title='bbox 1010 1532 1161 1586; x_wconf 89' lang='lat' dir='ltr'><strong>nobis</strong></span> <span class='ocrx_word' id='word_1_116' title='bbox 1187 1541 1441 1602; x_wconf 70' lang='lat' dir='ltr'><strong>prterepta</strong></span> <span class='ocrx_word' id='word_1_117' title='bbox 1471 1541 1553 1586; x_wconf 90' lang='lat' dir='ltr'><strong>est</strong></span> <span class='ocrx_word' id='word_1_118' title='bbox 1576 1531 1834 1586; x_wconf 87' lang='lat' dir='ltr'><strong>defensio.</strong></span> 
     </span>
    </p>
   </div>
   <div class='ocr_carea' id='block_1_15' title="bbox 257 1623 1837 1694">
    <p class='ocr_par' dir='ltr' id='par_1_15' title="bbox 257 1623 1837 1694">
     <span class='ocr_line' id='line_1_15' title="bbox 257 1623 1837 1694; baseline -0.001 -15"><span class='ocrx_word' id='word_1_119' title='bbox 257 1626 475 1680; x_wconf 74' lang='grc' dir='ltr'><strong>Ειιιηίιη</strong></span> <span class='ocrx_word' id='word_1_120' title='bbox 503 1628 554 1678; x_wconf 85' lang='lat' dir='ltr'><strong>in</strong></span> <span class='ocrx_word' id='word_1_121' title='bbox 588 1625 691 1679; x_wconf 83' lang='lat' dir='ltr'><strong>illis</strong></span> <span class='ocrx_word' id='word_1_122' title='bbox 716 1626 929 1694; x_wconf 88' lang='lat' dir='ltr'><strong>quidem</strong></span> <span class='ocrx_word' id='word_1_123' title='bbox 960 1639 1142 1678; x_wconf 91' lang='lat' dir='ltr'><strong>sumus</strong></span> <span class='ocrx_word' id='word_1_124' title='bbox 1173 1625 1446 1692; x_wconf 84' lang='lat' dir='ltr'><strong>vigilantes</strong></span> <span class='ocrx_word' id='word_1_125' title='bbox 1472 1643 1483 1676; x_wconf 90' lang='lat'>:</span> <span class='ocrx_word' id='word_1_126' title='bbox 1519 1625 1569 1679; x_wconf 91' lang='lat' dir='ltr'><strong>in</strong></span> <span class='ocrx_word' id='word_1_127' title='bbox 1597 1623 1679 1678; x_wconf 90' lang='lat' dir='ltr'><strong>his</strong></span> <span class='ocrx_word' id='word_1_128' title='bbox 1710 1639 1837 1678; x_wconf 89' lang='lat' dir='ltr'><strong>vero</strong></span> 
     </span>
    </p>
   </div>
   <div class='ocr_carea' id='block_1_16' title="bbox 256 1715 1839 1784">
    <p class='ocr_par' dir='ltr' id='par_1_16' title="bbox 256 1715 1839 1784">
     <span class='ocr_line' id='line_1_16' title="bbox 256 1715 1839 1784; baseline 0.001 -18"><span class='ocrx_word' id='word_1_129' title='bbox 256 1717 423 1784; x_wconf 85' lang='lat' dir='ltr'><strong>plane</strong></span> <span class='ocrx_word' id='word_1_130' title='bbox 448 1715 643 1783; x_wconf 89' lang='lat' dir='ltr'><strong>supini.</strong></span> <span class='ocrx_word' id='word_1_131' title='bbox 675 1715 750 1769; x_wconf 88' lang='lat' dir='ltr'><strong>Ne</strong></span> <span class='ocrx_word' id='word_1_132' title='bbox 777 1726 952 1769; x_wconf 88' lang='lat' dir='ltr'><strong>autem</strong></span> <span class='ocrx_word' id='word_1_133' title='bbox 976 1715 1066 1784; x_wconf 91' lang='lat' dir='ltr'><strong>qui</strong></span> <span class='ocrx_word' id='word_1_134' title='bbox 1095 1715 1315 1768; x_wconf 91' lang='lat' dir='ltr'><strong>audiunt</strong></span> <span class='ocrx_word' id='word_1_135' title='bbox 1341 1728 1462 1768; x_wconf 86' lang='lat' dir='ltr'><strong>eum</strong></span> <span class='ocrx_word' id='word_1_136' title='bbox 1490 1728 1608 1768; x_wconf 89' lang='lat' dir='ltr'><strong>esse</strong></span> <span class='ocrx_word' id='word_1_137' title='bbox 1637 1715 1839 1783; x_wconf 86' lang='lat' dir='ltr'><strong>patien-</strong></span> 
     </span>
    </p>
   </div>
   <div class='ocr_carea' id='block_1_17' title="bbox 255 1804 1839 1874">
    <p class='ocr_par' dir='ltr' id='par_1_17' title="bbox 255 1804 1839 1874">
     <span class='ocr_line' id='line_1_17' title="bbox 255 1804 1839 1874; baseline 0.001 -16"><span class='ocrx_word' id='word_1_138' title='bbox 255 1817 390 1870; x_wconf 90' lang='lat' dir='ltr'><strong>tem,</strong></span> <span class='ocrx_word' id='word_1_139' title='bbox 420 1805 548 1859; x_wconf 77' lang='lat' dir='ltr'><strong>ﬁant</strong></span> <span class='ocrx_word' id='word_1_140' title='bbox 574 1805 1000 1874; x_wconf 82' lang='lat' dir='ltr'><strong>negligentiores,</strong></span> <span class='ocrx_word' id='word_1_141' title='bbox 1029 1805 1298 1872; x_wconf 83' lang='lat' dir='ltr'><strong>subjunxit</strong></span> <span class='ocrx_word' id='word_1_142' title='bbox 1329 1823 1341 1857; x_wconf 94' lang='lat'><strong>:</strong></span> <span class='ocrx_word' id='word_1_143' title='bbox 1368 1805 1451 1858; x_wconf 77' lang='grc'><strong>15.</strong></span> <span class='ocrx_word' id='word_1_144' title='bbox 1479 1804 1596 1858; x_wconf 82' lang='lat' dir='ltr'><strong>Nisi</strong></span> <span class='ocrx_word' id='word_1_145' title='bbox 1615 1805 1839 1860; x_wconf 73' lang='lat' dir='ltr'><strong>conversi</strong></span> 
     </span>
    </p>
   </div>
   <div class='ocr_carea' id='block_1_18' title="bbox 251 1895 1833 1967">
    <p class='ocr_par' dir='ltr' id='par_1_18' title="bbox 251 1895 1833 1967">
     <span class='ocr_line' id='line_1_18' title="bbox 251 1895 1833 1967; baseline -0.001 -16"><span class='ocrx_word' id='word_1_146' title='bbox 251 1899 480 1967; x_wconf 74' lang='lat' dir='ltr'><strong>(ueritis,</strong></span> <span class='ocrx_word' id='word_1_147' title='bbox 530 1897 756 1967; x_wconf 81' lang='lat' dir='ltr'><strong>gladium</strong></span> <span class='ocrx_word' id='word_1_148' title='bbox 797 1904 946 1950; x_wconf 77' lang='lat' dir='ltr'><strong>suum</strong></span> <span class='ocrx_word' id='word_1_149' title='bbox 987 1895 1217 1948; x_wconf 81' lang='lat' dir='ltr'><strong>vibrabit.</strong></span> <span class='ocrx_word' id='word_1_150' title='bbox 1266 1896 1412 1948; x_wconf 85' lang='lat' dir='ltr'><strong>Alius</strong></span> <span class='ocrx_word' id='word_1_151' title='bbox 1453 1904 1626 1949; x_wconf 86' lang='lat' dir='ltr'><strong>autem</strong></span> <span class='ocrx_word' id='word_1_152' title='bbox 1666 1896 1786 1950; x_wconf 84' lang='lat' dir='ltr'><strong>dicit</strong></span> <span class='ocrx_word' id='word_1_153' title='bbox 1820 1916 1833 1950; x_wconf 93' lang='lat'><strong>:</strong></span> 
     </span>
    </p>
   </div>
   <div class='ocr_carea' id='block_1_19' title="bbox 258 1990 1838 2056">
    <p class='ocr_par' dir='ltr' id='par_1_19' title="bbox 258 1990 1838 2056">
     <span class='ocr_line' id='line_1_19' title="bbox 258 1990 1838 2056; baseline -0.001 -13"><span class='ocrx_word' id='word_1_154' title='bbox 258 1991 449 2044; x_wconf 80' lang='lat' dir='ltr'><strong>Emam</strong></span> <span class='ocrx_word' id='word_1_155' title='bbox 475 2007 620 2042; x_wconf 88' lang='lat' dir='ltr'><strong>suum</strong></span> <span class='ocrx_word' id='word_1_156' title='bbox 663 1999 826 2042; x_wconf 87' lang='lat' dir='ltr'><strong>acuet.</strong></span> <span class='ocrx_word' id='word_1_157' title='bbox 870 1990 1053 2042; x_wconf 76' lang='lat' dir='ltr'><strong>Arcum</strong></span> <span class='ocrx_word' id='word_1_158' title='bbox 1089 2006 1234 2042; x_wconf 86' lang='lat' dir='ltr'><strong>suum</strong></span> <span class='ocrx_word' id='word_1_159' title='bbox 1274 1990 1513 2052; x_wconf 85' lang='lat' dir='ltr'><strong>tetendit,</strong></span> <span class='ocrx_word' id='word_1_160' title='bbox 1556 1998 1602 2042; x_wconf 84' lang='lat' dir='ltr'><strong>ct</strong></span> <span class='ocrx_word' id='word_1_161' title='bbox 1645 1991 1838 2056; x_wconf 82' lang='lat' dir='ltr'><strong>pararit</strong></span> 
     </span>
    </p>
   </div>
   <div class='ocr_carea' id='block_1_20' title="bbox 252 2077 1838 2149">
    <p class='ocr_par' dir='ltr' id='par_1_20' title="bbox 252 2077 1838 2149">
     <span class='ocr_line' id='line_1_20' title="bbox 252 2077 1838 2149; baseline -0.001 -16"><span class='ocrx_word' id='word_1_162' title='bbox 252 2083 447 2149; x_wconf 82' lang='lat' dir='ltr'><strong>ipsum.</strong></span> <span class='ocrx_word' id='word_1_163' title='bbox 471 2081 624 2134; x_wconf 82' lang='lat' dir='ltr'><strong>Alius</strong></span> <span class='ocrx_word' id='word_1_164' title='bbox 654 2079 781 2133; x_wconf 90' lang='lat' dir='ltr'><strong>dicit</strong></span> <span class='ocrx_word' id='word_1_165' title='bbox 810 2096 822 2130; x_wconf 76' lang='grc' dir='ltr'><strong>ε</strong></span> <span class='ocrx_word' id='word_1_166' title='bbox 849 2077 1100 2132; x_wconf 83' lang='lat' dir='ltr'><strong>lntendet.</strong></span> <span class='ocrx_word' id='word_1_167' title='bbox 1134 2080 1218 2132; x_wconf 75' lang='grc' dir='ltr'><strong>Η.</strong></span> <span class='ocrx_word' id='word_1_168' title='bbox 1250 2079 1313 2131; x_wconf 83' lang='lat' dir='ltr'><strong>Et</strong></span> <span class='ocrx_word' id='word_1_169' title='bbox 1343 2079 1394 2131; x_wconf 88' lang='lat' dir='ltr'><strong>in</strong></span> <span class='ocrx_word' id='word_1_170' title='bbox 1422 2095 1476 2131; x_wconf 84' lang='lat' dir='ltr'><strong>eo</strong></span> <span class='ocrx_word' id='word_1_171' title='bbox 1503 2080 1695 2146; x_wconf 81' lang='lat' dir='ltr'><strong>paravit</strong></span> <span class='ocrx_word' id='word_1_172' title='bbox 1720 2095 1838 2131; x_wconf 83' lang='lat' dir='ltr'><strong>vasa</strong></span> 
     </span>
    </p>
   </div>
   <div class='ocr_carea' id='block_1_21' title="bbox 253 2169 1833 2240">
    <p class='ocr_par' dir='ltr' id='par_1_21' title="bbox 253 2169 1833 2240">
     <span class='ocr_line' id='line_1_21' title="bbox 253 2169 1833 2240; baseline -0.001 -17"><span class='ocrx_word' id='word_1_173' title='bbox 253 2173 470 2236; x_wconf 83' lang='lat' dir='ltr'><strong>mortis,</strong></span> <span class='ocrx_word' id='word_1_174' title='bbox 519 2175 729 2240; x_wconf 85' lang='lat' dir='ltr'><strong>sagittas</strong></span> <span class='ocrx_word' id='word_1_175' title='bbox 773 2187 892 2224; x_wconf 87' lang='lat' dir='ltr'><strong>suas</strong></span> <span class='ocrx_word' id='word_1_176' title='bbox 939 2170 1228 2223; x_wconf 78' lang='lat' dir='ltr'><strong>ardentibus</strong></span> <span class='ocrx_word' id='word_1_177' title='bbox 1257 2169 1438 2237; x_wconf 76' lang='lat' dir='ltr'><strong>e/fecit.</strong></span> <span class='ocrx_word' id='word_1_178' title='bbox 1478 2169 1628 2223; x_wconf 85' lang='lat' dir='ltr'><strong>Alius</strong></span> <span class='ocrx_word' id='word_1_179' title='bbox 1667 2170 1833 2224; x_wconf 84' lang='lat' dir='ltr'><strong>dicit:</strong></span> 
     </span>
    </p>
   </div>
   <div class='ocr_carea' id='block_1_22' title="bbox 253 2263 784 2318">
    <p class='ocr_par' dir='ltr' id='par_1_22' title="bbox 253 2263 784 2318">
     <span class='ocr_line' id='line_1_22' title="bbox 253 2263 784 2318; baseline -0.004 0"><span class='ocrx_word' id='word_1_180' title='bbox 253 2266 340 2318; x_wconf 78' lang='lat' dir='ltr'><strong>Ad</strong></span> <span class='ocrx_word' id='word_1_181' title='bbox 373 2263 784 2317; x_wconf 87' lang='lat' dir='ltr'><strong>comburendum.</strong></span> 
     </span>
    </p>
   </div>
   <div class='ocr_carea' id='block_1_23' title="bbox 333 2356 1840 2430">
    <p class='ocr_par' dir='ltr' id='par_1_23' title="bbox 333 2356 1840 2430">
     <span class='ocr_line' id='line_1_23' title="bbox 333 2356 1840 2430; baseline -0.003 -16"><span class='ocrx_word' id='word_1_182' title='bbox 333 2364 424 2414; x_wconf 81' lang='grc' dir='ltr'><strong>Η.</strong></span> <span class='ocrx_word' id='word_1_183' title='bbox 454 2361 641 2415; x_wconf 82' lang='lat' dir='ltr'><strong>Contra</strong></span> <span class='ocrx_word' id='word_1_184' title='bbox 679 2359 1238 2430; x_wconf 81' lang='lat' dir='ltr'><strong>Ant/tropomorplu&#39;tas.</strong></span> <span class='ocrx_word' id='word_1_185' title='bbox 1267 2387 1335 2397; x_wconf 91' lang='lat'><strong>-</strong></span> <span class='ocrx_word' id='word_1_186' title='bbox 1359 2356 1493 2424; x_wconf 84' lang='lat' dir='ltr'><strong>Quid</strong></span> <span class='ocrx_word' id='word_1_187' title='bbox 1533 2356 1619 2411; x_wconf 91' lang='lat' dir='ltr'><strong>hic</strong></span> <span class='ocrx_word' id='word_1_188' title='bbox 1658 2357 1840 2411; x_wconf 84' lang='lat' dir='ltr'><strong>dicent</strong></span> 
     </span>
    </p>
   </div>
   <div class='ocr_carea' id='block_1_24' title="bbox 252 2449 1837 2520">
    <p class='ocr_par' dir='ltr' id='par_1_24' title="bbox 252 2449 1837 2520">
     <span class='ocr_line' id='line_1_24' title="bbox 252 2449 1837 2520; baseline -0.001 -17"><span class='ocrx_word' id='word_1_189' title='bbox 252 2454 350 2520; x_wconf 88' lang='lat' dir='ltr'><strong>qui</strong></span> <span class='ocrx_word' id='word_1_190' title='bbox 386 2454 551 2508; x_wconf 91' lang='lat' dir='ltr'><strong>Deum</strong></span> <span class='ocrx_word' id='word_1_191' title='bbox 577 2453 760 2506; x_wconf 80' lang='lat' dir='ltr'><strong>dicunt</strong></span> <span class='ocrx_word' id='word_1_192' title='bbox 805 2454 1030 2506; x_wconf 89' lang='lat' dir='ltr'><strong>humana</strong></span> <span class='ocrx_word' id='word_1_193' title='bbox 1062 2465 1182 2506; x_wconf 89' lang='lat' dir='ltr'><strong>esse</strong></span> <span class='ocrx_word' id='word_1_194' title='bbox 1219 2449 1385 2504; x_wconf 88' lang='lat' dir='ltr'><strong>forma</strong></span> <span class='ocrx_word' id='word_1_195' title='bbox 1432 2449 1740 2518; x_wconf 83' lang='lat' dir='ltr'><strong>pr:editnm,</strong></span> <span class='ocrx_word' id='word_1_196' title='bbox 1771 2465 1837 2502; x_wconf 84' lang='lat' dir='ltr'><strong>ex</strong></span> 
     </span>
    </p>
   </div>
   <div class='ocr_carea' id='block_1_25' title="bbox 249 2540 1837 2615">
    <p class='ocr_par' dir='ltr' id='par_1_25' title="bbox 249 2540 1837 2615">
     <span class='ocr_line' id='line_1_25' title="bbox 249 2540 1837 2615; baseline -0.002 -17"><span class='ocrx_word' id='word_1_197' title='bbox 249 2561 326 2598; x_wconf 85' lang='lat' dir='ltr'><strong>eo</strong></span> <span class='ocrx_word' id='word_1_198' title='bbox 357 2545 498 2615; x_wconf 90' lang='lat' dir='ltr'><strong>quod</strong></span> <span class='ocrx_word' id='word_1_199' title='bbox 529 2545 737 2600; x_wconf 87' lang='lat' dir='ltr'><strong>dicatur</strong></span> <span class='ocrx_word' id='word_1_200' title='bbox 782 2543 978 2599; x_wconf 87' lang='lat' dir='ltr'><strong>habere</strong></span> <span class='ocrx_word' id='word_1_201' title='bbox 1023 2557 1245 2606; x_wconf 87' lang='lat' dir='ltr'><strong>manus,</strong></span> <span class='ocrx_word' id='word_1_202' title='bbox 1295 2541 1486 2610; x_wconf 82' lang='lat' dir='ltr'><strong>pedes,</strong></span> <span class='ocrx_word' id='word_1_203' title='bbox 1527 2549 1578 2594; x_wconf 92' lang='lat' dir='ltr'><strong>et</strong></span> <span class='ocrx_word' id='word_1_204' title='bbox 1615 2540 1837 2595; x_wconf 84' lang='lat' dir='ltr'><strong>oculos?</strong></span> 
     </span>
    </p>
   </div>
   <div class='ocr_carea' id='block_1_26' title="bbox 253 2633 1838 2705">
    <p class='ocr_par' dir='ltr' id='par_1_26' title="bbox 253 2633 1838 2705">
     <span class='ocr_line' id='line_1_26' title="bbox 253 2633 1838 2705; baseline -0.004 -15"><span class='ocrx_word' id='word_1_205' title='bbox 253 2635 473 2690; x_wconf 88' lang='lat' dir='ltr'><strong>Suntne</strong></span> <span class='ocrx_word' id='word_1_206' title='bbox 503 2637 553 2690; x_wconf 93' lang='lat' dir='ltr'><strong>in</strong></span> <span class='ocrx_word' id='word_1_207' title='bbox 585 2638 830 2705; x_wconf 86' lang='lat' dir='ltr'><strong>supernis</strong></span> <span class='ocrx_word' id='word_1_208' title='bbox 857 2636 970 2690; x_wconf 70' lang='lat' dir='ltr'><strong>cadi</strong></span> <span class='ocrx_word' id='word_1_209' title='bbox 1000 2634 1302 2703; x_wconf 76' lang='lat' dir='ltr'><strong>regionibus</strong></span> <span class='ocrx_word' id='word_1_210' title='bbox 1327 2648 1482 2686; x_wconf 86' lang='lat' dir='ltr'><strong>arcus</strong></span> <span class='ocrx_word' id='word_1_211' title='bbox 1502 2673 1515 2695; x_wconf 92' lang='lat'><strong>,</strong></span> <span class='ocrx_word' id='word_1_212' title='bbox 1545 2641 1598 2686; x_wconf 85' lang='lat' dir='ltr'><strong>et</strong></span> <span class='ocrx_word' id='word_1_213' title='bbox 1625 2633 1754 2690; x_wconf 87' lang='lat' dir='ltr'><strong>tela.</strong></span> <span class='ocrx_word' id='word_1_214' title='bbox 1785 2639 1838 2684; x_wconf 89' lang='lat' dir='ltr'><strong>et</strong></span> 
     </span>
    </p>
   </div>
   <div class='ocr_carea' id='block_1_27' title="bbox 253 2720 1836 2796">
    <p class='ocr_par' dir='ltr' id='par_1_27' title="bbox 253 2720 1836 2796">
     <span class='ocr_line' id='line_1_27' title="bbox 253 2720 1836 2796; baseline -0.004 -15"><span class='ocrx_word' id='word_1_215' title='bbox 253 2743 379 2791; x_wconf 81' lang='lat' dir='ltr'><strong>eos,</strong></span> <span class='ocrx_word' id='word_1_216' title='bbox 405 2737 460 2781; x_wconf 88' lang='lat' dir='ltr'><strong>et</strong></span> <span class='ocrx_word' id='word_1_217' title='bbox 487 2727 727 2795; x_wconf 75' lang='lat' dir='ltr'><strong>gladius,</strong></span> <span class='ocrx_word' id='word_1_218' title='bbox 757 2735 811 2779; x_wconf 92' lang='lat' dir='ltr'><strong>et</strong></span> <span class='ocrx_word' id='word_1_219' title='bbox 840 2725 1128 2796; x_wconf 85' lang='lat' dir='ltr'><strong>pharetra?</strong></span> <span class='ocrx_word' id='word_1_220' title='bbox 1161 2723 1312 2792; x_wconf 78' lang='lat' dir='ltr'><strong>Atqui</strong></span> <span class='ocrx_word' id='word_1_221' title='bbox 1338 2723 1464 2776; x_wconf 88' lang='lat' dir='ltr'><strong>dicit</strong></span> <span class='ocrx_word' id='word_1_222' title='bbox 1493 2723 1627 2776; x_wconf 88' lang='lat' dir='ltr'><strong>alius</strong></span> <span class='ocrx_word' id='word_1_223' title='bbox 1657 2741 1668 2774; x_wconf 89' lang='lat'>:</span> <span class='ocrx_word' id='word_1_224' title='bbox 1702 2720 1836 2774; x_wconf 86' lang='lat' dir='ltr'><strong>Dum</strong></span> 
     </span>
    </p>
   </div>
   <div class='ocr_carea' id='block_1_28' title="bbox 253 2811 1833 2885">
    <p class='ocr_par' dir='ltr' id='par_1_28' title="bbox 253 2811 1833 2885">
     <span class='ocr_line' id='line_1_28' title="bbox 253 2811 1833 2885; baseline -0.005 -15"><span class='ocrx_word' id='word_1_225' title='bbox 253 2830 314 2871; x_wconf 84' lang='lat' dir='ltr'><strong>tu</strong></span> <span class='ocrx_word' id='word_1_226' title='bbox 342 2820 627 2885; x_wconf 65' lang='lat' dir='ltr'><strong>respexis”,</strong></span> <span class='ocrx_word' id='word_1_227' title='bbox 660 2817 992 2870; x_wconf 88' lang='lat' dir='ltr'><strong>turbabuntur</strong></span> <span class='ocrx_word' id='word_1_228' title='bbox 1016 2832 1047 2866; x_wconf 79' lang='grc' dir='ltr'><strong>ιι</strong></span> <span class='ocrx_word' id='word_1_229' title='bbox 1077 2826 1123 2867; x_wconf 89' lang='lat' dir='ltr'><strong>te</strong></span> <span class='ocrx_word' id='word_1_230' title='bbox 1150 2823 1338 2866; x_wconf 84' lang='lat' dir='ltr'><strong>montes</strong></span> <span class='ocrx_word' id='word_1_231' title='bbox 1369 2811 1566 2883; x_wconf 87' lang='lat' dir='ltr'><strong>(Eccli.</strong></span> <span class='ocrx_word' id='word_1_232' title='bbox 1596 2811 1680 2865; x_wconf 86' lang='lat' dir='ltr'><strong>l6.</strong></span> <span class='ocrx_word' id='word_1_233' title='bbox 1710 2811 1833 2881; x_wconf 88' lang='lat' dir='ltr'><strong>l9).</strong></span> 
     </span>
    </p>
   </div>
   <div class='ocr_carea' id='block_1_29' title="bbox 253 2903 1836 2977">
    <p class='ocr_par' dir='ltr' id='par_1_29' title="bbox 253 2903 1836 2977">
     <span class='ocr_line' id='line_1_29' title="bbox 253 2903 1836 2977; baseline -0.008 -11"><span class='ocrx_word' id='word_1_234' title='bbox 253 2913 328 2966; x_wconf 77' lang='lat' dir='ltr'><strong>Et</strong></span> <span class='ocrx_word' id='word_1_235' title='bbox 354 2912 441 2964; x_wconf 90' lang='lat' dir='ltr'><strong>hic</strong></span> <span class='ocrx_word' id='word_1_236' title='bbox 481 2911 594 2977; x_wconf 70' lang='lat' dir='ltr'><strong>ipse</strong></span> <span class='ocrx_word' id='word_1_237' title='bbox 626 2926 638 2962; x_wconf 91' lang='lat'><strong>:</strong></span> <span class='ocrx_word' id='word_1_238' title='bbox 675 2909 773 2974; x_wconf 83' lang='lat' dir='ltr'><strong>Qui</strong></span> <span class='ocrx_word' id='word_1_239' title='bbox 801 2907 999 2975; x_wconf 76' lang='lat' dir='ltr'><strong>respicit</strong></span> <span class='ocrx_word' id='word_1_240' title='bbox 1030 2907 1080 2959; x_wconf 91' lang='lat' dir='ltr'><strong>in</strong></span> <span class='ocrx_word' id='word_1_241' title='bbox 1110 2916 1295 2958; x_wconf 76' lang='lat' dir='ltr'><strong>terram</strong></span> <span class='ocrx_word' id='word_1_242' title='bbox 1335 2913 1381 2957; x_wconf 86' lang='lat' dir='ltr'><strong>et</strong></span> <span class='ocrx_word' id='word_1_243' title='bbox 1423 2903 1545 2972; x_wconf 79' lang='lat' dir='ltr'><strong>facit</strong></span> <span class='ocrx_word' id='word_1_244' title='bbox 1585 2919 1692 2955; x_wconf 84' lang='lat' dir='ltr'><strong>eam</strong></span> <span class='ocrx_word' id='word_1_245' title='bbox 1735 2912 1836 2954; x_wconf 88' lang='lat' dir='ltr'><strong>tre—</strong></span> 
     </span>
    </p>
   </div>
   <div class='ocr_carea' id='block_1_30' title="bbox 251 2992 1834 3070">
    <p class='ocr_par' dir='ltr' id='par_1_30' title="bbox 251 2992 1834 3070">
     <span class='ocr_line' id='line_1_30' title="bbox 251 2992 1834 3070; baseline -0.006 -18"><span class='ocrx_word' id='word_1_246' title='bbox 251 3018 398 3054; x_wconf 73' lang='lat' dir='ltr'><strong>mare</strong></span> <span class='ocrx_word' id='word_1_247' title='bbox 437 2998 774 3070; x_wconf 72' lang='lat' dir='ltr'><strong>(l’sal.105.</strong></span> <span class='ocrx_word' id='word_1_248' title='bbox 807 2997 875 3052; x_wconf 75' lang='grc'><strong>52</strong></span> <span class='ocrx_word' id='word_1_249' title='bbox 980 2995 1129 3064; x_wconf 86' lang='lat' dir='ltr'><strong>Quod</strong></span> <span class='ocrx_word' id='word_1_250' title='bbox 1175 2996 1218 3048; x_wconf 89' lang='lat' dir='ltr'><strong>si</strong></span> <span class='ocrx_word' id='word_1_251' title='bbox 1262 3009 1381 3048; x_wconf 91' lang='lat' dir='ltr'><strong>cum</strong></span> <span class='ocrx_word' id='word_1_252' title='bbox 1427 3003 1618 3048; x_wconf 88' lang='lat' dir='ltr'><strong>terram</strong></span> <span class='ocrx_word' id='word_1_253' title='bbox 1661 2992 1834 3045; x_wconf 84' lang='lat' dir='ltr'><strong>Solum</strong></span> 
     </span>
    </p>
   </div>
   <div class='ocr_carea' id='block_1_31' title="bbox 251 3084 1837 3161">
    <p class='ocr_par' dir='ltr' id='par_1_31' title="bbox 251 3084 1837 3161">
     <span class='ocr_line' id='line_1_31' title="bbox 251 3084 1837 3161; baseline -0.006 -16"><span class='ocrx_word' id='word_1_254' title='bbox 251 3093 484 3161; x_wconf 70' lang='lat' dir='ltr'><strong>aspicit,</strong></span> <span class='ocrx_word' id='word_1_255' title='bbox 530 3091 760 3160; x_wconf 87' lang='lat' dir='ltr'><strong>lapidum</strong></span> <span class='ocrx_word' id='word_1_256' title='bbox 805 3097 1043 3142; x_wconf 89' lang='lat' dir='ltr'><strong>naturam</strong></span> <span class='ocrx_word' id='word_1_257' title='bbox 1090 3086 1387 3155; x_wconf 84' lang='lat' dir='ltr'><strong>liquefacit,</strong></span> <span class='ocrx_word' id='word_1_258' title='bbox 1431 3095 1628 3151; x_wconf 90' lang='lat' dir='ltr'><strong>quanto</strong></span> <span class='ocrx_word' id='word_1_259' title='bbox 1673 3084 1837 3152; x_wconf 87' lang='lat' dir='ltr'><strong>magis</strong></span> 
     </span>
    </p>
   </div>
   <div class='ocr_carea' id='block_1_32' title="bbox 254 3174 1838 3250">
    <p class='ocr_par' dir='ltr' id='par_1_32' title="bbox 254 3174 1838 3250">
     <span class='ocr_line' id='line_1_32' title="bbox 254 3174 1838 3250; baseline -0.004 -15"><span class='ocrx_word' id='word_1_260' title='bbox 254 3184 363 3236; x_wconf 83' lang='lat' dir='ltr'><strong>huc</strong></span> <span class='ocrx_word' id='word_1_261' title='bbox 395 3183 567 3250; x_wconf 90' lang='lat' dir='ltr'><strong>ipsum</strong></span> <span class='ocrx_word' id='word_1_262' title='bbox 599 3180 792 3248; x_wconf 90' lang='lat' dir='ltr'><strong>poterit</strong></span> <span class='ocrx_word' id='word_1_263' title='bbox 835 3180 886 3232; x_wconf 92' lang='lat' dir='ltr'><strong>in</strong></span> <span class='ocrx_word' id='word_1_264' title='bbox 915 3177 1257 3232; x_wconf 86' lang='lat' dir='ltr'><strong>hominibus?</strong></span> <span class='ocrx_word' id='word_1_265' title='bbox 1305 3175 1410 3230; x_wconf 90' lang='lat' dir='ltr'><strong>Cur</strong></span> <span class='ocrx_word' id='word_1_266' title='bbox 1433 3191 1558 3244; x_wconf 81' lang='lat' dir='ltr'><strong>ergo</strong></span> <span class='ocrx_word' id='word_1_267' title='bbox 1592 3175 1678 3244; x_wconf 86' lang='lat' dir='ltr'><strong>qui</strong></span> <span class='ocrx_word' id='word_1_268' title='bbox 1724 3174 1838 3228; x_wconf 89' lang='lat' dir='ltr'><strong>solo</strong></span> 
     </span>
    </p>
   </div>
   <div class='ocr_carea' id='block_1_33' title="bbox 254 3265 1836 3340">
    <p class='ocr_par' dir='ltr' id='par_1_33' title="bbox 254 3265 1836 3340">
     <span class='ocr_line' id='line_1_33' title="bbox 254 3265 1836 3340; baseline -0.005 -14"><span class='ocrx_word' id='word_1_269' title='bbox 254 3275 450 3326; x_wconf 81' lang='lat' dir='ltr'><strong>obtutu</strong></span> <span class='ocrx_word' id='word_1_270' title='bbox 483 3279 656 3340; x_wconf 79' lang='lat' dir='ltr'><strong>potest</strong></span> <span class='ocrx_word' id='word_1_271' title='bbox 679 3270 863 3324; x_wconf 90' lang='lat' dir='ltr'><strong>orbem</strong></span> <span class='ocrx_word' id='word_1_272' title='bbox 895 3281 1152 3322; x_wconf 83' lang='lat' dir='ltr'><strong>terrarum</strong></span> <span class='ocrx_word' id='word_1_273' title='bbox 1182 3275 1441 3330; x_wconf 77' lang='lat' dir='ltr'><strong>evertere,</strong></span> <span class='ocrx_word' id='word_1_274' title='bbox 1470 3267 1576 3318; x_wconf 91' lang='lat' dir='ltr'><strong>imo</strong></span> <span class='ocrx_word' id='word_1_275' title='bbox 1605 3265 1691 3334; x_wconf 91' lang='lat' dir='ltr'><strong>qui</strong></span> <span class='ocrx_word' id='word_1_276' title='bbox 1723 3265 1836 3318; x_wconf 81' lang='lat' dir='ltr'><strong>Sola</strong></span> 
     </span>
    </p>
   </div>
   <div class='ocr_carea' id='block_1_34' title="bbox 255 3357 1834 3432">
    <p class='ocr_par' dir='ltr' id='par_1_34' title="bbox 255 3357 1834 3432">
     <span class='ocr_line' id='line_1_34' title="bbox 255 3357 1834 3432; baseline -0.005 -16"><span class='ocrx_word' id='word_1_277' title='bbox 255 3366 536 3418; x_wconf 87' lang='lat' dir='ltr'><strong>voluntate</strong></span> <span class='ocrx_word' id='word_1_278' title='bbox 565 3362 692 3432; x_wconf 90' lang='lat' dir='ltr'><strong>(qui</strong></span> <span class='ocrx_word' id='word_1_279' title='bbox 720 3362 861 3417; x_wconf 88' lang='lat' dir='ltr'><strong>enim</strong></span> <span class='ocrx_word' id='word_1_280' title='bbox 888 3375 982 3428; x_wconf 91' lang='lat' dir='ltr'><strong>per</strong></span> <span class='ocrx_word' id='word_1_281' title='bbox 1007 3361 1171 3414; x_wconf 90' lang='lat' dir='ltr'><strong>solam</strong></span> <span class='ocrx_word' id='word_1_282' title='bbox 1199 3374 1318 3412; x_wconf 92' lang='lat' dir='ltr'><strong>eum</strong></span> <span class='ocrx_word' id='word_1_283' title='bbox 1345 3358 1466 3410; x_wconf 78' lang='lat' dir='ltr'><strong>fecit</strong></span> <span class='ocrx_word' id='word_1_284' title='bbox 1489 3357 1834 3421; x_wconf 84' lang='lat' dir='ltr'><strong>voluntatem,</strong></span> 
     </span>
    </p>
   </div>
   <div class='ocr_carea' id='block_1_35' title="bbox 253 3445 1834 3523">
    <p class='ocr_par' dir='ltr' id='par_1_35' title="bbox 253 3445 1834 3523">
     <span class='ocr_line' id='line_1_35' title="bbox 253 3445 1834 3523; baseline -0.006 -14"><span class='ocrx_word' id='word_1_285' title='bbox 253 3459 464 3510; x_wconf 88' lang='lat' dir='ltr'><strong>clarum</strong></span> <span class='ocrx_word' id='word_1_286' title='bbox 496 3463 582 3508; x_wconf 88' lang='lat' dir='ltr'><strong>est</strong></span> <span class='ocrx_word' id='word_1_287' title='bbox 607 3453 746 3523; x_wconf 89' lang='lat' dir='ltr'><strong>quod</strong></span> <span class='ocrx_word' id='word_1_288' title='bbox 787 3452 896 3506; x_wconf 88' lang='lat' dir='ltr'><strong>sola</strong></span> <span class='ocrx_word' id='word_1_289' title='bbox 928 3460 1102 3521; x_wconf 80' lang='lat' dir='ltr'><strong>potest</strong></span> <span class='ocrx_word' id='word_1_290' title='bbox 1125 3465 1244 3502; x_wconf 87' lang='lat' dir='ltr'><strong>eum</strong></span> <span class='ocrx_word' id='word_1_291' title='bbox 1286 3450 1555 3503; x_wconf 81' lang='lat' dir='ltr'><strong>voluntate</strong></span> <span class='ocrx_word' id='word_1_292' title='bbox 1587 3447 1769 3500; x_wconf 54' lang='lat' dir='ltr'><strong>tolli-re</strong></span> <span class='ocrx_word' id='word_1_293' title='bbox 1790 3445 1834 3516; x_wconf 95' lang='lat'><strong>),</strong></span> 
     </span>
    </p>
   </div>
   <div class='ocr_carea' id='block_1_36' title="bbox 253 3536 1838 3614">
    <p class='ocr_par' dir='ltr' id='par_1_36' title="bbox 253 3536 1838 3614">
     <span class='ocr_line' id='line_1_36' title="bbox 253 3536 1838 3614; baseline -0.008 -12"><span class='ocrx_word' id='word_1_294' title='bbox 253 3549 457 3602; x_wconf 89' lang='lat' dir='ltr'><strong>dicitur</strong></span> <span class='ocrx_word' id='word_1_295' title='bbox 482 3546 715 3614; x_wconf 82' lang='lat' dir='ltr'><strong>gladium</strong></span> <span class='ocrx_word' id='word_1_296' title='bbox 743 3555 795 3598; x_wconf 88' lang='lat' dir='ltr'><strong>et</strong></span> <span class='ocrx_word' id='word_1_297' title='bbox 837 3559 1016 3598; x_wconf 89' lang='lat' dir='ltr'><strong>arcum</strong></span> <span class='ocrx_word' id='word_1_298' title='bbox 1043 3541 1281 3595; x_wconf 82' lang='lat' dir='ltr'><strong>habere?</strong></span> <span class='ocrx_word' id='word_1_299' title='bbox 1325 3540 1378 3595; x_wconf 91' lang='lat' dir='ltr'><strong>Si</strong></span> <span class='ocrx_word' id='word_1_300' title='bbox 1423 3539 1562 3593; x_wconf 90' lang='lat' dir='ltr'><strong>enim</strong></span> <span class='ocrx_word' id='word_1_301' title='bbox 1593 3536 1659 3590; x_wconf 87' lang='lat' dir='ltr'><strong>In</strong></span> <span class='ocrx_word' id='word_1_302' title='bbox 1687 3553 1838 3590; x_wconf 88' lang='lat' dir='ltr'><strong>manu</strong></span> 
     </span>
    </p>
   </div>
   <div class='ocr_carea' id='block_1_37' title="bbox 247 3631 1832 3706">
    <p class='ocr_par' dir='ltr' id='par_1_37' title="bbox 247 3631 1832 3706">
     <span class='ocr_line' id='line_1_37' title="bbox 247 3631 1832 3706; baseline -0.006 -16"><span class='ocrx_word' id='word_1_303' title='bbox 247 3642 369 3706; x_wconf 69' lang='lat' dir='ltr'><strong>eius</strong></span> <span class='ocrx_word' id='word_1_304' title='bbox 392 3647 507 3691; x_wconf 88' lang='lat' dir='ltr'><strong>sunt</strong></span> <span class='ocrx_word' id='word_1_305' title='bbox 534 3638 658 3706; x_wconf 80' lang='lat' dir='ltr'><strong>ﬁnes</strong></span> <span class='ocrx_word' id='word_1_306' title='bbox 683 3645 828 3689; x_wconf 78' lang='lat' dir='ltr'><strong>teme</strong></span> <span class='ocrx_word' id='word_1_307' title='bbox 849 3634 1013 3704; x_wconf 83' lang='lat' dir='ltr'><strong>(Psal.</strong></span> <span class='ocrx_word' id='word_1_308' title='bbox 1038 3634 1125 3688; x_wconf 71' lang='grc'><strong>94.</strong></span> <span class='ocrx_word' id='word_1_309' title='bbox 1149 3632 1228 3705; x_wconf 70' lang='grc'><strong>4),</strong></span> <span class='ocrx_word' id='word_1_310' title='bbox 1248 3632 1312 3684; x_wconf 88' lang='lat' dir='ltr'><strong>Et</strong></span> <span class='ocrx_word' id='word_1_311' title='bbox 1326 3631 1411 3701; x_wconf 87' lang='lat' dir='ltr'><strong>qui</strong></span> <span class='ocrx_word' id='word_1_312' title='bbox 1434 3633 1485 3684; x_wconf 87' lang='lat' dir='ltr'><strong>in</strong></span> <span class='ocrx_word' id='word_1_313' title='bbox 1501 3647 1562 3684; x_wconf 87' lang='lat' dir='ltr'><strong>ea</strong></span> <span class='ocrx_word' id='word_1_314' title='bbox 1587 3631 1832 3694; x_wconf 84' lang='lat' dir='ltr'><strong>habitant,</strong></span> 
     </span>
    </p>
   </div>
   <div class='ocr_carea' id='block_1_38' title="bbox 243 3719 1832 3794">
    <p class='ocr_par' dir='ltr' id='par_1_38' title="bbox 243 3719 1832 3794">
     <span class='ocr_line' id='line_1_38' title="bbox 243 3719 1832 3794; baseline -0.006 -13"><span class='ocrx_word' id='word_1_315' title='bbox 243 3740 314 3781; x_wconf 73' lang='lat' dir='ltr'><strong>sit</strong></span> <span class='ocrx_word' id='word_1_316' title='bbox 345 3729 556 3781; x_wconf 77' lang='lat' dir='ltr'><strong>locusta:</strong></span> <span class='ocrx_word' id='word_1_317' title='bbox 583 3744 596 3779; x_wconf 92' lang='lat'><strong>:</strong></span> <span class='ocrx_word' id='word_1_318' title='bbox 625 3735 678 3780; x_wconf 87' lang='lat' dir='ltr'><strong>et</strong></span> <span class='ocrx_word' id='word_1_319' title='bbox 729 3725 912 3778; x_wconf 83' lang='lat' dir='ltr'><strong>Omnes</strong></span> <span class='ocrx_word' id='word_1_320' title='bbox 964 3734 1133 3794; x_wconf 84' lang='lat' dir='ltr'><strong>gentes</strong></span> <span class='ocrx_word' id='word_1_321' title='bbox 1183 3732 1434 3790; x_wconf 87' lang='lat' dir='ltr'><strong>tamquam</strong></span> <span class='ocrx_word' id='word_1_322' title='bbox 1461 3730 1599 3790; x_wconf 86' lang='lat' dir='ltr'><strong>gutta</strong></span> <span class='ocrx_word' id='word_1_323' title='bbox 1625 3736 1655 3772; x_wconf 88' lang='lat' dir='ltr'><strong>a</strong></span> <span class='ocrx_word' id='word_1_324' title='bbox 1684 3719 1832 3784; x_wconf 91' lang='lat' dir='ltr'><strong>cado,</strong></span> 
     </span>
    </p>
   </div>
   <div class='ocr_carea' id='block_1_39' title="bbox 239 3808 1834 3888">
    <p class='ocr_par' dir='ltr' id='par_1_39' title="bbox 239 3808 1834 3888">
     <span class='ocr_line' id='line_1_39' title="bbox 239 3808 1834 3888; baseline -0.003 -19"><span class='ocrx_word' id='word_1_325' title='bbox 239 3830 304 3874; x_wconf 78' lang='grc' dir='ltr'><strong>,ει</strong></span> <span class='ocrx_word' id='word_1_326' title='bbox 335 3830 595 3888; x_wconf 86' lang='lat' dir='ltr'><strong>tamquam</strong></span> <span class='ocrx_word' id='word_1_327' title='bbox 627 3819 826 3870; x_wconf 74' lang='lat' dir='ltr'><strong>(rulime</strong></span> <span class='ocrx_word' id='word_1_328' title='bbox 853 3825 1155 3868; x_wconf 87' lang='lat' dir='ltr'><strong>momentum</strong></span> <span class='ocrx_word' id='word_1_329' title='bbox 1181 3813 1544 3879; x_wconf 82' lang='lat' dir='ltr'><strong>reputabuntur</strong></span> <span class='ocrx_word' id='word_1_330' title='bbox 1569 3808 1716 3882; x_wconf 82' lang='lat' dir='ltr'><strong>(lsai.</strong></span> <span class='ocrx_word' id='word_1_331' title='bbox 1744 3809 1834 3880; x_wconf 67' lang='lat'><strong>40.</strong></span> 
     </span>
    </p>
   </div>
   <div class='ocr_carea' id='block_1_40' title="bbox 243 3901 1834 3978">
    <p class='ocr_par' dir='ltr' id='par_1_40' title="bbox 243 3901 1834 3978">
     <span class='ocr_line' id='line_1_40' title="bbox 243 3901 1834 3978; baseline -0.006 -15"><span class='ocrx_word' id='word_1_332' title='bbox 243 3911 350 3965; x_wconf 73' lang='lat'><strong>22.</strong></span> <span class='ocrx_word' id='word_1_333' title='bbox 377 3911 483 3978; x_wconf 70' lang='grc'><strong>15)</strong></span> <span class='ocrx_word' id='word_1_334' title='bbox 511 3927 522 3960; x_wconf 94' lang='lat'>:</span> <span class='ocrx_word' id='word_1_335' title='bbox 547 3907 652 3976; x_wconf 87' lang='lat' dir='ltr'><strong>jam</strong></span> <span class='ocrx_word' id='word_1_336' title='bbox 682 3921 806 3961; x_wconf 88' lang='lat' dir='ltr'><strong>vero</strong></span> <span class='ocrx_word' id='word_1_337' title='bbox 846 3905 1066 3974; x_wconf 82' lang='lat' dir='ltr'><strong>angelus</strong></span> <span class='ocrx_word' id='word_1_338' title='bbox 1105 3917 1314 3972; x_wconf 89' lang='lat' dir='ltr'><strong>quoque</strong></span> <span class='ocrx_word' id='word_1_339' title='bbox 1357 3901 1424 3955; x_wconf 88' lang='lat' dir='ltr'><strong>ab</strong></span> <span class='ocrx_word' id='word_1_340' title='bbox 1465 3917 1530 3955; x_wconf 89' lang='lat' dir='ltr'><strong>eo</strong></span> <span class='ocrx_word' id='word_1_341' title='bbox 1569 3915 1834 3970; x_wconf 86' lang='lat' dir='ltr'><strong>egressus,</strong></span> 
     </span>
    </p>
   </div>
   <div class='ocr_carea' id='block_1_41' title="bbox 253 3990 1838 4063">
    <p class='ocr_par' dir='ltr' id='par_1_41' title="bbox 253 3990 1838 4063">
     <span class='ocr_line' id='line_1_41' title="bbox 253 3990 1838 4063; baseline -0.006 -10"><span class='ocrx_word' id='word_1_342' title='bbox 253 3999 416 4054; x_wconf 83' lang='lat' dir='ltr'><strong>brevi</strong></span> <span class='ocrx_word' id='word_1_343' title='bbox 449 4006 722 4051; x_wconf 89' lang='lat' dir='ltr'><strong>momento</strong></span> <span class='ocrx_word' id='word_1_344' title='bbox 766 3995 1018 4063; x_wconf 89' lang='lat' dir='ltr'><strong>temporis</strong></span> <span class='ocrx_word' id='word_1_345' title='bbox 1062 4001 1275 4047; x_wconf 85' lang='lat' dir='ltr'><strong>centum</strong></span> <span class='ocrx_word' id='word_1_346' title='bbox 1304 3990 1568 4060; x_wconf 68' lang='lat' dir='ltr'><strong>octoginta</strong></span> <span class='ocrx_word' id='word_1_347' title='bbox 1607 3991 1838 4058; x_wconf 89' lang='lat' dir='ltr'><strong>quinque</strong></span> 
     </span>
    </p>
   </div>
   <div class='ocr_carea' id='block_1_42' title="bbox 256 4082 1838 4159">
    <p class='ocr_par' dir='ltr' id='par_1_42' title="bbox 256 4082 1838 4159">
     <span class='ocr_line' id='line_1_42' title="bbox 256 4082 1838 4159; baseline -0.008 -13"><span class='ocrx_word' id='word_1_348' title='bbox 256 4092 432 4146; x_wconf 85' lang='lat' dir='ltr'><strong>millia</strong></span> <span class='ocrx_word' id='word_1_349' title='bbox 464 4088 729 4144; x_wconf 85' lang='lat' dir='ltr'><strong>interfecit</strong></span> <span class='ocrx_word' id='word_1_350' title='bbox 757 4087 831 4159; x_wconf 70' lang='grc'><strong>(4.</strong></span> <span class='ocrx_word' id='word_1_351' title='bbox 855 4086 984 4156; x_wconf 81' lang='lat' dir='ltr'><strong>Reg.</strong></span> <span class='ocrx_word' id='word_1_352' title='bbox 1031 4087 1115 4140; x_wconf 84' lang='lat' dir='ltr'><strong>l9.</strong></span> <span class='ocrx_word' id='word_1_353' title='bbox 1144 4083 1264 4156; x_wconf 77' lang='lat'><strong>55);</strong></span> <span class='ocrx_word' id='word_1_354' title='bbox 1293 4084 1413 4152; x_wconf 89' lang='lat' dir='ltr'><strong>quid</strong></span> <span class='ocrx_word' id='word_1_355' title='bbox 1442 4084 1558 4136; x_wconf 90' lang='lat' dir='ltr'><strong>dico</strong></span> <span class='ocrx_word' id='word_1_356' title='bbox 1582 4082 1838 4150; x_wconf 86' lang='lat' dir='ltr'><strong>angelus?</strong></span> 
     </span>
    </p>
   </div>
   <div class='ocr_carea' id='block_1_43' title="bbox 253 4174 1838 4248">
    <p class='ocr_par' dir='ltr' id='par_1_43' title="bbox 253 4174 1838 4248">
     <span class='ocr_line' id='line_1_43' title="bbox 253 4174 1838 4248; baseline -0.008 -11"><span class='ocrx_word' id='word_1_357' title='bbox 253 4197 486 4248; x_wconf 69' lang='lat' dir='ltr'><strong>muscm,</strong></span> <span class='ocrx_word' id='word_1_358' title='bbox 511 4195 686 4235; x_wconf 68' lang='lat' dir='ltr'><strong>eruca:</strong></span> <span class='ocrx_word' id='word_1_359' title='bbox 711 4189 764 4233; x_wconf 91' lang='lat' dir='ltr'><strong>et</strong></span> <span class='ocrx_word' id='word_1_360' title='bbox 789 4192 992 4232; x_wconf 87' lang='lat' dir='ltr'><strong>vermes</strong></span> <span class='ocrx_word' id='word_1_361' title='bbox 1015 4177 1380 4246; x_wconf 55' lang='lat' dir='ltr'><strong>{Egyptiorum</strong></span> <span class='ocrx_word' id='word_1_362' title='bbox 1406 4174 1693 4227; x_wconf 86' lang='lat' dir='ltr'><strong>exercitum</strong></span> <span class='ocrx_word' id='word_1_363' title='bbox 1723 4188 1838 4240; x_wconf 86' lang='lat' dir='ltr'><strong>per-</strong></span> 
     </span>
    </p>
   </div>
   <div class='ocr_carea' id='block_1_44' title="bbox 253 4264 1839 4337">
    <p class='ocr_par' dir='ltr' id='par_1_44' title="bbox 253 4264 1839 4337">
     <span class='ocr_line' id='line_1_44' title="bbox 253 4264 1839 4337; baseline -0.005 -9"><span class='ocrx_word' id='word_1_364' title='bbox 253 4275 516 4329; x_wconf 82' lang='lat' dir='ltr'><strong>diderunt</strong></span> <span class='ocrx_word' id='word_1_365' title='bbox 549 4291 562 4324; x_wconf 87' lang='lat'><strong>:</strong></span> <span class='ocrx_word' id='word_1_366' title='bbox 595 4271 680 4325; x_wconf 92' lang='lat' dir='ltr'><strong>ubi</strong></span> <span class='ocrx_word' id='word_1_367' title='bbox 721 4271 824 4324; x_wconf 90' lang='lat' dir='ltr'><strong>illic</strong></span> <span class='ocrx_word' id='word_1_368' title='bbox 869 4285 992 4323; x_wconf 88' lang='lat' dir='ltr'><strong>areu</strong></span> <span class='ocrx_word' id='word_1_369' title='bbox 1038 4284 1170 4337; x_wconf 86' lang='lat' dir='ltr'><strong>opus</strong></span> <span class='ocrx_word' id='word_1_370' title='bbox 1198 4277 1306 4331; x_wconf 88' lang='lat' dir='ltr'><strong>est,</strong></span> <span class='ocrx_word' id='word_1_371' title='bbox 1352 4267 1435 4320; x_wconf 83' lang='lat' dir='ltr'><strong>tibi</strong></span> <span class='ocrx_word' id='word_1_372' title='bbox 1477 4267 1694 4334; x_wconf 78' lang='lat' dir='ltr'><strong>gladio?</strong></span> <span class='ocrx_word' id='word_1_373' title='bbox 1734 4264 1839 4320; x_wconf 87' lang='lat' dir='ltr'><strong>Cur</strong></span> 
     </span>
    </p>
   </div>
   <div class='ocr_carea' id='block_1_45' title="bbox 253 4345 1838 4435">
    <p class='ocr_par' dir='ltr' id='par_1_45' title="bbox 253 4345 1838 4435">
     <span class='ocr_line' id='line_1_45' title="bbox 253 4345 1838 4435; baseline -0.005 -17"><span class='ocrx_word' id='word_1_374' title='bbox 253 4382 395 4435; x_wconf 82' lang='lat' dir='ltr'><strong>ergo</strong></span> <span class='ocrx_word' id='word_1_375' title='bbox 436 4367 554 4418; x_wconf 79' lang='lat' dir='ltr'><strong>lucc</strong></span> <span class='ocrx_word' id='word_1_376' title='bbox 595 4365 734 4417; x_wconf 89' lang='lat' dir='ltr'><strong>dicta</strong></span> <span class='ocrx_word' id='word_1_377' title='bbox 763 4362 926 4418; x_wconf 91' lang='lat' dir='ltr'><strong>sunt?</strong></span> <span class='ocrx_word' id='word_1_378' title='bbox 957 4363 1176 4430; x_wconf 81' lang='lat' dir='ltr'><strong>Propter</strong></span> <span class='ocrx_word' id='word_1_379' title='bbox 1205 4345 1498 4413; x_wconf 81' lang='lat' dir='ltr'><strong>auditorum</strong></span> <span class='ocrx_word' id='word_1_380' title='bbox 1530 4359 1838 4412; x_wconf 83' lang='lat' dir='ltr'><strong>crassitudi-</strong></span> 
     </span>
    </p>
   </div>
   <div class='ocr_carea' id='block_1_46' title="bbox 259 4451 1839 4520">
    <p class='ocr_par' dir='ltr' id='par_1_46' title="bbox 259 4451 1839 4520">
     <span class='ocr_line' id='line_1_46' title="bbox 259 4451 1839 4520; baseline -0.006 -7"><span class='ocrx_word' id='word_1_381' title='bbox 259 4476 390 4513; x_wconf 87' lang='lat' dir='ltr'><strong>nem</strong></span> <span class='ocrx_word' id='word_1_382' title='bbox 411 4500 426 4520; x_wconf 89' lang='lat'><strong>,</strong></span> <span class='ocrx_word' id='word_1_383' title='bbox 454 4469 509 4513; x_wconf 88' lang='lat' dir='ltr'><strong>et</strong></span> <span class='ocrx_word' id='word_1_384' title='bbox 535 4467 589 4511; x_wconf 94' lang='lat' dir='ltr'><strong>ut</strong></span> <span class='ocrx_word' id='word_1_385' title='bbox 627 4456 708 4509; x_wconf 92' lang='lat' dir='ltr'><strong>his</strong></span> <span class='ocrx_word' id='word_1_386' title='bbox 731 4455 1000 4510; x_wconf 86' lang='lat' dir='ltr'><strong>consuetis</strong></span> <span class='ocrx_word' id='word_1_387' title='bbox 1026 4467 1291 4506; x_wconf 88' lang='lat' dir='ltr'><strong>armorum</strong></span> <span class='ocrx_word' id='word_1_388' title='bbox 1323 4451 1622 4504; x_wconf 89' lang='lat' dir='ltr'><strong>nominibus</strong></span> <span class='ocrx_word' id='word_1_389' title='bbox 1657 4466 1839 4504; x_wconf 87' lang='lat' dir='ltr'><strong>eorum</strong></span> 
     </span>
    </p>
   </div>
   <div class='ocr_carea' id='block_1_47' title="bbox 259 4541 1840 4613">
    <p class='ocr_par' dir='ltr' id='par_1_47' title="bbox 259 4541 1840 4613">
     <span class='ocr_line' id='line_1_47' title="bbox 259 4541 1840 4613; baseline -0.007 -8"><span class='ocrx_word' id='word_1_390' title='bbox 259 4562 503 4605; x_wconf 86' lang='lat' dir='ltr'><strong>mentem</strong></span> <span class='ocrx_word' id='word_1_391' title='bbox 553 4556 803 4602; x_wconf 76' lang='lat' dir='ltr'><strong>terreant.</strong></span> <span class='ocrx_word' id='word_1_392' title='bbox 844 4545 1005 4613; x_wconf 89' lang='lat' dir='ltr'><strong>Cujus</strong></span> <span class='ocrx_word' id='word_1_393' title='bbox 1031 4544 1169 4597; x_wconf 89' lang='lat' dir='ltr'><strong>enim</strong></span> <span class='ocrx_word' id='word_1_394' title='bbox 1200 4543 1250 4595; x_wconf 91' lang='lat' dir='ltr'><strong>in</strong></span> <span class='ocrx_word' id='word_1_395' title='bbox 1295 4556 1454 4594; x_wconf 88' lang='lat' dir='ltr'><strong>manu</strong></span> <span class='ocrx_word' id='word_1_396' title='bbox 1483 4551 1566 4595; x_wconf 88' lang='lat' dir='ltr'><strong>est</strong></span> <span class='ocrx_word' id='word_1_397' title='bbox 1605 4541 1840 4594; x_wconf 92' lang='lat' dir='ltr'><strong>omnium</strong></span> 
     </span>
    </p>
   </div>
   <div class='ocr_carea' id='block_1_48' title="bbox 262 4633 1842 4708">
    <p class='ocr_par' dir='ltr' id='par_1_48' title="bbox 262 4633 1842 4708">
     <span class='ocr_line' id='line_1_48' title="bbox 262 4633 1842 4708; baseline -0.006 -15"><span class='ocrx_word' id='word_1_398' title='bbox 262 4650 511 4693; x_wconf 77' lang='lat' dir='ltr'><strong>nostrum</strong></span> <span class='ocrx_word' id='word_1_399' title='bbox 543 4638 760 4708; x_wconf 87' lang='lat' dir='ltr'><strong>spiritus</strong></span> <span class='ocrx_word' id='word_1_400' title='bbox 803 4635 978 4706; x_wconf 87' lang='lat' dir='ltr'><strong>(Dan.</strong></span> <span class='ocrx_word' id='word_1_401' title='bbox 1007 4636 1058 4688; x_wconf 88' lang='lat'><strong>5.</strong></span> <span class='ocrx_word' id='word_1_402' title='bbox 1085 4633 1230 4704; x_wconf 77' lang='lat'><strong>‘25),</strong></span> <span class='ocrx_word' id='word_1_403' title='bbox 1275 4643 1328 4689; x_wconf 87' lang='lat' dir='ltr'><strong>et</strong></span> <span class='ocrx_word' id='word_1_404' title='bbox 1372 4647 1401 4686; x_wconf 88' lang='lat' dir='ltr'><strong>a</strong></span> <span class='ocrx_word' id='word_1_405' title='bbox 1441 4633 1593 4702; x_wconf 85' lang='lat' dir='ltr'><strong>cujus</strong></span> <span class='ocrx_word' id='word_1_406' title='bbox 1635 4633 1842 4702; x_wconf 89' lang='lat' dir='ltr'><strong>frigoris</strong></span> 
     </span>
    </p>
   </div>
   <div class='ocr_carea' id='block_1_49' title="bbox 263 4721 1846 4796">
    <p class='ocr_par' dir='ltr' id='par_1_49' title="bbox 263 4721 1846 4796">
     <span class='ocr_line' id='line_1_49' title="bbox 263 4721 1846 4796; baseline -0.004 -15"><span class='ocrx_word' id='word_1_407' title='bbox 263 4732 400 4783; x_wconf 66' lang='lat' dir='ltr'><strong>facie</strong></span> <span class='ocrx_word' id='word_1_408' title='bbox 427 4729 602 4782; x_wconf 75' lang='lat' dir='ltr'><strong>nuHus</strong></span> <span class='ocrx_word' id='word_1_409' title='bbox 630 4726 908 4782; x_wconf 87' lang='lat' dir='ltr'><strong>sustinebit</strong></span> <span class='ocrx_word' id='word_1_410' title='bbox 933 4725 951 4796; x_wconf 95' lang='lat'><strong>(</strong></span> <span class='ocrx_word' id='word_1_411' title='bbox 979 4723 1119 4778; x_wconf 85' lang='lat' dir='ltr'><strong>Psal.</strong></span> <span class='ocrx_word' id='word_1_412' title='bbox 1147 4725 1268 4778; x_wconf 77' lang='lat' dir='ltr'><strong>M7.</strong></span> <span class='ocrx_word' id='word_1_413' title='bbox 1296 4721 1427 4795; x_wconf 74' lang='lat' dir='ltr'><strong>l7),</strong></span> <span class='ocrx_word' id='word_1_414' title='bbox 1469 4722 1732 4790; x_wconf 87' lang='lat' dir='ltr'><strong>quomodo</strong></span> <span class='ocrx_word' id='word_1_415' title='bbox 1761 4723 1846 4775; x_wconf 89' lang='lat' dir='ltr'><strong>hie</strong></span> 
     </span>
    </p>
   </div>
   <div class='ocr_carea' id='block_1_50' title="bbox 261 4810 1843 4888">
    <p class='ocr_par' dir='ltr' id='par_1_50' title="bbox 261 4810 1843 4888">
     <span class='ocr_line' id='line_1_50' title="bbox 261 4810 1843 4888; baseline -0.007 -15"><span class='ocrx_word' id='word_1_416' title='bbox 261 4821 435 4873; x_wconf 87' lang='lat' dir='ltr'><strong>armis</strong></span> <span class='ocrx_word' id='word_1_417' title='bbox 462 4817 700 4888; x_wconf 90' lang='lat' dir='ltr'><strong>indiget?</strong></span> <span class='ocrx_word' id='word_1_418' title='bbox 740 4817 866 4883; x_wconf 89' lang='lat' dir='ltr'><strong>Sed,</strong></span> <span class='ocrx_word' id='word_1_419' title='bbox 894 4825 950 4870; x_wconf 93' lang='lat' dir='ltr'><strong>ut</strong></span> <span class='ocrx_word' id='word_1_420' title='bbox 976 4816 1080 4870; x_wconf 89' lang='lat' dir='ltr'><strong>dixi</strong></span> <span class='ocrx_word' id='word_1_421' title='bbox 1109 4825 1284 4878; x_wconf 80' lang='lat' dir='ltr'><strong>antea,</strong></span> <span class='ocrx_word' id='word_1_422' title='bbox 1316 4813 1428 4868; x_wconf 81' lang='lat' dir='ltr'><strong>lucc</strong></span> <span class='ocrx_word' id='word_1_423' title='bbox 1454 4820 1669 4881; x_wconf 82' lang='lat' dir='ltr'><strong>preptcr</strong></span> <span class='ocrx_word' id='word_1_424' title='bbox 1692 4810 1843 4863; x_wconf 90' lang='lat' dir='ltr'><strong>audi-</strong></span> 
     </span>
    </p>
   </div>
   <div class='ocr_carea' id='block_1_51' title="bbox 267 4902 1844 4964">
    <p class='ocr_par' dir='ltr' id='par_1_51' title="bbox 267 4902 1844 4964">
     <span class='ocr_line' id='line_1_51' title="bbox 267 4902 1844 4964; baseline -0.004 -1"><span class='ocrx_word' id='word_1_425' title='bbox 267 4923 446 4963; x_wconf 91' lang='lat' dir='ltr'><strong>torum</strong></span> <span class='ocrx_word' id='word_1_426' title='bbox 493 4909 898 4964; x_wconf 86' lang='lat' dir='ltr'><strong>crassitudinem</strong></span> <span class='ocrx_word' id='word_1_427' title='bbox 946 4917 1001 4961; x_wconf 91' lang='lat' dir='ltr'><strong>et</strong></span> <span class='ocrx_word' id='word_1_428' title='bbox 1051 4905 1348 4958; x_wconf 85' lang='lat' dir='ltr'><strong>tarditatem</strong></span> <span class='ocrx_word' id='word_1_429' title='bbox 1399 4904 1466 4956; x_wconf 88' lang='lat' dir='ltr'><strong>ita</strong></span> <span class='ocrx_word' id='word_1_430' title='bbox 1514 4902 1651 4957; x_wconf 63' lang='lat' dir='ltr'><strong>dicta</strong></span> <span class='ocrx_word' id='word_1_431' title='bbox 1701 4909 1844 4956; x_wconf 88' lang='lat' dir='ltr'><strong>sunt.</strong></span> 
     </span>
    </p>
   </div>
   <div class='ocr_carea' id='block_1_52' title="bbox 267 4985 1847 5067">
    <p class='ocr_par' dir='ltr' id='par_1_52' title="bbox 267 4985 1847 5067">
     <span class='ocr_line' id='line_1_52' title="bbox 267 4985 1847 5067; baseline -0.004 -17"><span class='ocrx_word' id='word_1_432' title='bbox 267 4999 409 5067; x_wconf 77' lang='lat' dir='ltr'><strong>Quid</strong></span> <span class='ocrx_word' id='word_1_433' title='bbox 438 5009 522 5052; x_wconf 89' lang='lat' dir='ltr'><strong>est</strong></span> <span class='ocrx_word' id='word_1_434' title='bbox 545 5007 742 5061; x_wconf 83' lang='lat' dir='ltr'><strong>autem,</strong></span> <span class='ocrx_word' id='word_1_435' title='bbox 776 4996 839 5050; x_wconf 79' lang='lat' dir='ltr'><strong>Et</strong></span> <span class='ocrx_word' id='word_1_436' title='bbox 864 4985 1068 5050; x_wconf 73' lang='lat' dir='ltr'><strong>vibrabit</strong></span> <span class='ocrx_word' id='word_1_437' title='bbox 1093 4996 1117 5047; x_wconf 86' lang='lat'><strong>?</strong></span> <span class='ocrx_word' id='word_1_438' title='bbox 1146 4997 1330 5048; x_wconf 80' lang='lat' dir='ltr'><strong>Acuet.</strong></span> <span class='ocrx_word' id='word_1_439' title='bbox 1359 4993 1554 5046; x_wconf 82' lang='lat' dir='ltr'><strong>Cotene</strong></span> <span class='ocrx_word' id='word_1_440' title='bbox 1577 5007 1706 5060; x_wconf 83' lang='lat' dir='ltr'><strong>opus</strong></span> <span class='ocrx_word' id='word_1_441' title='bbox 1729 4991 1847 5046; x_wconf 90' lang='lat' dir='ltr'><strong>est?</strong></span> 
     </span>
    </p>
   </div>
   <div class='ocr_carea' id='block_1_53' title="bbox 267 5081 1847 5158">
    <p class='ocr_par' dir='ltr' id='par_1_53' title="bbox 267 5081 1847 5158">
     <span class='ocr_line' id='line_1_53' title="bbox 267 5081 1847 5158; baseline -0.005 -14"><span class='ocrx_word' id='word_1_442' title='bbox 267 5103 424 5144; x_wconf 83' lang='lat' dir='ltr'><strong>estne</strong></span> <span class='ocrx_word' id='word_1_443' title='bbox 456 5089 641 5158; x_wconf 90' lang='lat' dir='ltr'><strong>rubigo</strong></span> <span class='ocrx_word' id='word_1_444' title='bbox 673 5089 724 5141; x_wconf 89' lang='lat' dir='ltr'><strong>in</strong></span> <span class='ocrx_word' id='word_1_445' title='bbox 749 5087 964 5156; x_wconf 83' lang='lat' dir='ltr'><strong>gladio?</strong></span> <span class='ocrx_word' id='word_1_446' title='bbox 1003 5085 1065 5140; x_wconf 87' lang='lat' dir='ltr'><strong>Et</strong></span> <span class='ocrx_word' id='word_1_447' title='bbox 1091 5085 1361 5154; x_wconf 88' lang='lat' dir='ltr'><strong>quisnam.</strong></span> <span class='ocrx_word' id='word_1_448' title='bbox 1395 5082 1480 5152; x_wconf 92' lang='lat' dir='ltr'><strong>qui</strong></span> <span class='ocrx_word' id='word_1_449' title='bbox 1513 5083 1700 5149; x_wconf 81' lang='lat' dir='ltr'><strong>sapiat.</strong></span> <span class='ocrx_word' id='word_1_450' title='bbox 1733 5081 1847 5136; x_wconf 79' lang='lat' dir='ltr'><strong>lucc</strong></span> 
     </span>
    </p>
   </div>
   <div class='ocr_carea' id='block_1_54' title="bbox 267 5175 1848 5250">
    <p class='ocr_par' dir='ltr' id='par_1_54' title="bbox 267 5175 1848 5250">
     <span class='ocr_line' id='line_1_54' title="bbox 267 5175 1848 5250; baseline -0.006 -14"><span class='ocrx_word' id='word_1_451' title='bbox 267 5185 340 5236; x_wconf 89' lang='lat' dir='ltr'><strong>ita</strong></span> <span class='ocrx_word' id='word_1_452' title='bbox 369 5183 614 5250; x_wconf 82' lang='lat' dir='ltr'><strong>accipere</strong></span> <span class='ocrx_word' id='word_1_453' title='bbox 645 5179 960 5242; x_wconf 78' lang='lat' dir='ltr'><strong>Sustinebit,</strong></span> <span class='ocrx_word' id='word_1_454' title='bbox 1003 5187 1059 5230; x_wconf 91' lang='lat' dir='ltr'><strong>ut</strong></span> <span class='ocrx_word' id='word_1_455' title='bbox 1099 5177 1238 5231; x_wconf 87' lang='lat' dir='ltr'><strong>dicta</strong></span> <span class='ocrx_word' id='word_1_456' title='bbox 1267 5178 1430 5228; x_wconf 90' lang='lat' dir='ltr'><strong>sunt?</strong></span> <span class='ocrx_word' id='word_1_457' title='bbox 1474 5175 1575 5230; x_wconf 90' lang='lat' dir='ltr'><strong>Srd</strong></span> <span class='ocrx_word' id='word_1_458' title='bbox 1598 5215 1611 5238; x_wconf 95' lang='lat'><strong>,</strong></span> <span class='ocrx_word' id='word_1_459' title='bbox 1643 5183 1699 5227; x_wconf 92' lang='lat' dir='ltr'><strong>ut</strong></span> <span class='ocrx_word' id='word_1_460' title='bbox 1728 5185 1848 5227; x_wconf 89' lang='lat' dir='ltr'><strong>ante</strong></span> 
     </span>
    </p>
   </div>
   <div class='ocr_carea' id='block_1_55' title="bbox 269 5263 1848 5342">
    <p class='ocr_par' dir='ltr' id='par_1_55' title="bbox 269 5263 1848 5342">
     <span class='ocr_line' id='line_1_55' title="bbox 269 5263 1848 5342; baseline -0.006 -15"><span class='ocrx_word' id='word_1_461' title='bbox 269 5276 406 5338; x_wconf 87' lang='lat' dir='ltr'><strong>dixi,</strong></span> <span class='ocrx_word' id='word_1_462' title='bbox 443 5289 536 5342; x_wconf 85' lang='lat' dir='ltr'><strong>per</strong></span> <span class='ocrx_word' id='word_1_463' title='bbox 565 5272 741 5326; x_wconf 88' lang='lat' dir='ltr'><strong>omnia</strong></span> <span class='ocrx_word' id='word_1_464' title='bbox 768 5270 1018 5324; x_wconf 85' lang='lat' dir='ltr'><strong>describit</strong></span> <span class='ocrx_word' id='word_1_465' title='bbox 1049 5268 1372 5338; x_wconf 88' lang='lat' dir='ltr'><strong>punitionem</strong></span> <span class='ocrx_word' id='word_1_466' title='bbox 1394 5305 1412 5331; x_wconf 92' lang='lat'><strong>,</strong></span> <span class='ocrx_word' id='word_1_467' title='bbox 1439 5279 1491 5321; x_wconf 84' lang='lat' dir='ltr'><strong>et</strong></span> <span class='ocrx_word' id='word_1_468' title='bbox 1520 5264 1755 5332; x_wconf 85' lang='lat' dir='ltr'><strong>procedit</strong></span> <span class='ocrx_word' id='word_1_469' title='bbox 1783 5263 1848 5318; x_wconf 90' lang='lat' dir='ltr'><strong>ad</strong></span> 
     </span>
    </p>
   </div>
   <div class='ocr_carea' id='block_1_56' title="bbox 267 5353 1847 5432">
    <p class='ocr_par' dir='ltr' id='par_1_56' title="bbox 267 5353 1847 5432">
     <span class='ocr_line' id='line_1_56' title="bbox 267 5353 1847 5432; baseline -0.009 -13"><span class='ocrx_word' id='word_1_470' title='bbox 267 5381 330 5419; x_wconf 88' lang='lat' dir='ltr'><strong>ea</strong></span> <span class='ocrx_word' id='word_1_471' title='bbox 371 5379 492 5432; x_wconf 76' lang='lat' dir='ltr'><strong>qua:</strong></span> <span class='ocrx_word' id='word_1_472' title='bbox 522 5371 645 5416; x_wconf 90' lang='lat' dir='ltr'><strong>sunt</strong></span> <span class='ocrx_word' id='word_1_473' title='bbox 672 5360 934 5414; x_wconf 86' lang='lat' dir='ltr'><strong>crassiora</strong></span> <span class='ocrx_word' id='word_1_474' title='bbox 954 5400 968 5421; x_wconf 92' lang='lat'><strong>,</strong></span> <span class='ocrx_word' id='word_1_475' title='bbox 1003 5367 1058 5410; x_wconf 94' lang='lat' dir='ltr'><strong>ut</strong></span> <span class='ocrx_word' id='word_1_476' title='bbox 1085 5357 1243 5410; x_wconf 88' lang='lat' dir='ltr'><strong>etiam</strong></span> <span class='ocrx_word' id='word_1_477' title='bbox 1283 5355 1371 5422; x_wconf 91' lang='lat' dir='ltr'><strong>qui</strong></span> <span class='ocrx_word' id='word_1_478' title='bbox 1401 5363 1525 5408; x_wconf 90' lang='lat' dir='ltr'><strong>sunt</strong></span> <span class='ocrx_word' id='word_1_479' title='bbox 1566 5353 1847 5407; x_wconf 90' lang='lat' dir='ltr'><strong>admodum</strong></span> 
     </span>
    </p>
   </div>
   <div class='ocr_carea' id='block_1_57' title="bbox 269 5443 1847 5520">
    <p class='ocr_par' dir='ltr' id='par_1_57' title="bbox 269 5443 1847 5520">
     <span class='ocr_line' id='line_1_57' title="bbox 269 5443 1847 5520; baseline -0.009 -11"><span class='ocrx_word' id='word_1_480' title='bbox 269 5454 445 5516; x_wconf 79' lang='lat' dir='ltr'><strong>Stulti,</strong></span> <span class='ocrx_word' id='word_1_481' title='bbox 498 5451 792 5520; x_wconf 76' lang='lat' dir='ltr'><strong>intelligant</strong></span> <span class='ocrx_word' id='word_1_482' title='bbox 832 5465 936 5502; x_wconf 89' lang='lat' dir='ltr'><strong>non</strong></span> <span class='ocrx_word' id='word_1_483' title='bbox 962 5462 1079 5501; x_wconf 83' lang='lat' dir='ltr'><strong>esse</strong></span> <span class='ocrx_word' id='word_1_484' title='bbox 1125 5446 1471 5500; x_wconf 87' lang='lat' dir='ltr'><strong>insistendum</strong></span> <span class='ocrx_word' id='word_1_485' title='bbox 1511 5443 1847 5508; x_wconf 86' lang='lat' dir='ltr'><strong>dictionibus,</strong></span> 
     </span>
    </p>
   </div>
   <div class='ocr_carea' id='block_1_58' title="bbox 271 5534 1846 5612">
    <p class='ocr_par' dir='ltr' id='par_1_58' title="bbox 271 5534 1846 5612">
     <span class='ocr_line' id='line_1_58' title="bbox 271 5534 1846 5612; baseline -0.009 -14"><span class='ocrx_word' id='word_1_486' title='bbox 271 5545 368 5598; x_wconf 86' lang='lat' dir='ltr'><strong>sed</strong></span> <span class='ocrx_word' id='word_1_487' title='bbox 392 5559 515 5612; x_wconf 83' lang='lat' dir='ltr'><strong>quae</strong></span> <span class='ocrx_word' id='word_1_488' title='bbox 539 5543 647 5595; x_wconf 77' lang='lat' dir='ltr'><strong>Deo</strong></span> <span class='ocrx_word' id='word_1_489' title='bbox 670 5541 990 5594; x_wconf 89' lang='lat' dir='ltr'><strong>conveniunt</strong></span> <span class='ocrx_word' id='word_1_490' title='bbox 1009 5552 1182 5598; x_wconf 89' lang='lat' dir='ltr'><strong>sensa,</strong></span> <span class='ocrx_word' id='word_1_491' title='bbox 1210 5551 1324 5591; x_wconf 91' lang='lat' dir='ltr'><strong>esse</strong></span> <span class='ocrx_word' id='word_1_492' title='bbox 1354 5551 1416 5589; x_wconf 83' lang='lat' dir='ltr'><strong>ex</strong></span> <span class='ocrx_word' id='word_1_493' title='bbox 1441 5536 1502 5588; x_wconf 91' lang='lat' dir='ltr'><strong>iis</strong></span> <span class='ocrx_word' id='word_1_494' title='bbox 1523 5534 1846 5603; x_wconf 88' lang='lat' dir='ltr'><strong>accipienda.</strong></span> 
     </span>
    </p>
   </div>
   <div class='ocr_carea' id='block_1_59' title="bbox 275 5625 1850 5702">
    <p class='ocr_par' dir='ltr' id='par_1_59' title="bbox 275 5625 1850 5702">
     <span class='ocr_line' id='line_1_59' title="bbox 275 5625 1850 5702; baseline -0.008 -13"><span class='ocrx_word' id='word_1_495' title='bbox 275 5636 448 5702; x_wconf 83' lang='lat' dir='ltr'><strong>Quare</strong></span> <span class='ocrx_word' id='word_1_496' title='bbox 478 5633 522 5686; x_wconf 91' lang='lat' dir='ltr'><strong>si</strong></span> <span class='ocrx_word' id='word_1_497' title='bbox 572 5632 695 5701; x_wconf 89' lang='lat' dir='ltr'><strong>quis</strong></span> <span class='ocrx_word' id='word_1_498' title='bbox 737 5629 939 5682; x_wconf 89' lang='lat' dir='ltr'><strong>dubitat</strong></span> <span class='ocrx_word' id='word_1_499' title='bbox 969 5645 1068 5698; x_wconf 87' lang='lat' dir='ltr'><strong>qua</strong></span> <span class='ocrx_word' id='word_1_500' title='bbox 1111 5628 1179 5682; x_wconf 91' lang='lat' dir='ltr'><strong>de</strong></span> <span class='ocrx_word' id='word_1_501' title='bbox 1216 5642 1372 5681; x_wconf 88' lang='lat' dir='ltr'><strong>causa</strong></span> <span class='ocrx_word' id='word_1_502' title='bbox 1418 5625 1850 5681; x_wconf 75' lang='lat' dir='ltr'><strong>excandescentia</strong></span> 
     </span>
    </p>
   </div>
   <div class='ocr_carea' id='block_1_60' title="bbox 271 5717 1851 5788">
    <p class='ocr_par' dir='ltr' id='par_1_60' title="bbox 271 5717 1851 5788">
     <span class='ocr_line' id='line_1_60' title="bbox 271 5717 1851 5788; baseline -0.004 -8"><span class='ocrx_word' id='word_1_503' title='bbox 271 5737 327 5782; x_wconf 88' lang='lat' dir='ltr'><strong>et</strong></span> <span class='ocrx_word' id='word_1_504' title='bbox 357 5729 429 5782; x_wconf 88' lang='lat' dir='ltr'><strong>ira</strong></span> <span class='ocrx_word' id='word_1_505' title='bbox 459 5725 526 5780; x_wconf 87' lang='lat' dir='ltr'><strong>de</strong></span> <span class='ocrx_word' id='word_1_506' title='bbox 555 5724 666 5778; x_wconf 90' lang='lat' dir='ltr'><strong>Deo</strong></span> <span class='ocrx_word' id='word_1_507' title='bbox 696 5720 834 5775; x_wconf 89' lang='lat' dir='ltr'><strong>dicta</strong></span> <span class='ocrx_word' id='word_1_508' title='bbox 865 5729 962 5786; x_wconf 84' lang='lat' dir='ltr'><strong>est,</strong></span> <span class='ocrx_word' id='word_1_509' title='bbox 992 5720 1157 5774; x_wconf 88' lang='lat' dir='ltr'><strong>multo</strong></span> <span class='ocrx_word' id='word_1_510' title='bbox 1183 5720 1347 5788; x_wconf 86' lang='lat' dir='ltr'><strong>magis</strong></span> <span class='ocrx_word' id='word_1_511' title='bbox 1373 5729 1586 5788; x_wconf 84' lang='lat' dir='ltr'><strong>propter</strong></span> <span class='ocrx_word' id='word_1_512' title='bbox 1617 5717 1725 5773; x_wconf 73' lang='lat' dir='ltr'><strong>lucc</strong></span> <span class='ocrx_word' id='word_1_513' title='bbox 1752 5717 1851 5774; x_wconf 81' lang='lat' dir='ltr'><strong>du—</strong></span> 
     </span>
    </p>
   </div>
   <div class='ocr_carea' id='block_1_61' title="bbox 1946 443 3514 517">
    <p class='ocr_par' dir='ltr' id='par_1_61' title="bbox 1946 443 3514 517">
     <span class='ocr_line' id='line_1_61' title="bbox 1946 443 3514 517; baseline 0.006 -21"><span class='ocrx_word' id='word_1_514' title='bbox 1946 443 2214 499; x_wconf 90' lang='lat' dir='ltr'><strong>bitaverit.</strong></span> <span class='ocrx_word' id='word_1_515' title='bbox 2239 446 2331 500; x_wconf 89' lang='lat' dir='ltr'><strong>Sin</strong></span> <span class='ocrx_word' id='word_1_516' title='bbox 2360 456 2534 500; x_wconf 89' lang='lat' dir='ltr'><strong>autem</strong></span> <span class='ocrx_word' id='word_1_517' title='bbox 2560 445 2674 501; x_wconf 77' lang='lat' dir='ltr'><strong>lucc</strong></span> <span class='ocrx_word' id='word_1_518' title='bbox 2697 461 2800 501; x_wconf 89' lang='lat' dir='ltr'><strong>non</strong></span> <span class='ocrx_word' id='word_1_519' title='bbox 2827 457 2948 501; x_wconf 90' lang='lat' dir='ltr'><strong>sunt</strong></span> <span class='ocrx_word' id='word_1_520' title='bbox 2973 449 3274 517; x_wconf 86' lang='lat' dir='ltr'><strong>accipienda</strong></span> <span class='ocrx_word' id='word_1_521' title='bbox 3299 464 3352 506; x_wconf 92' lang='lat' dir='ltr'><strong>ut</strong></span> <span class='ocrx_word' id='word_1_522' title='bbox 3379 456 3514 507; x_wconf 82' lang='lat' dir='ltr'><strong>diem</strong></span> 
     </span>
    </p>
   </div>
   <div class='ocr_carea' id='block_1_62' title="bbox 1941 537 3515 615">
    <p class='ocr_par' dir='ltr' id='par_1_62' title="bbox 1941 537 3515 615">
     <span class='ocr_line' id='line_1_62' title="bbox 1941 537 3515 615; baseline 0.006 -24"><span class='ocrx_word' id='word_1_523' title='bbox 1941 546 2098 602; x_wconf 88' lang='lat' dir='ltr'><strong>sunt,</strong></span> <span class='ocrx_word' id='word_1_524' title='bbox 2133 537 2222 591; x_wconf 88' lang='lat' dir='ltr'><strong>sed</strong></span> <span class='ocrx_word' id='word_1_525' title='bbox 2267 538 2424 592; x_wconf 90' lang='lat' dir='ltr'><strong>itaut</strong></span> <span class='ocrx_word' id='word_1_526' title='bbox 2467 539 2575 593; x_wconf 87' lang='lat' dir='ltr'><strong>Deo</strong></span> <span class='ocrx_word' id='word_1_527' title='bbox 2619 541 2977 594; x_wconf 83' lang='lat' dir='ltr'><strong>conveniant:</strong></span> <span class='ocrx_word' id='word_1_528' title='bbox 3007 543 3206 596; x_wconf 90' lang='lat' dir='ltr'><strong>clarum</strong></span> <span class='ocrx_word' id='word_1_529' title='bbox 3251 555 3332 598; x_wconf 83' lang='lat' dir='ltr'><strong>est</strong></span> <span class='ocrx_word' id='word_1_530' title='bbox 3377 548 3515 615; x_wconf 88' lang='lat' dir='ltr'><strong>quod</strong></span> 
     </span>
    </p>
   </div>
   <div class='ocr_carea' id='block_1_63' title="bbox 1944 627 3513 694">
    <p class='ocr_par' dir='ltr' id='par_1_63' title="bbox 1944 627 3513 694">
     <span class='ocr_line' id='line_1_63' title="bbox 1944 627 3513 694; baseline 0.008 -16"><span class='ocrx_word' id='word_1_531' title='bbox 1944 627 2103 679; x_wconf 91' lang='lat' dir='ltr'><strong>etiam</strong></span> <span class='ocrx_word' id='word_1_532' title='bbox 2131 627 2202 678; x_wconf 90' lang='lat' dir='ltr'><strong>ira</strong></span> <span class='ocrx_word' id='word_1_533' title='bbox 2232 637 2282 680; x_wconf 90' lang='lat' dir='ltr'><strong>et</strong></span> <span class='ocrx_word' id='word_1_534' title='bbox 2310 628 2784 694; x_wconf 83' lang='lat' dir='ltr'><strong>excandescentia;</strong></span> <span class='ocrx_word' id='word_1_535' title='bbox 2830 646 3023 685; x_wconf 63' lang='lat' dir='ltr'><strong>crassa.-</strong></span> <span class='ocrx_word' id='word_1_536' title='bbox 3048 642 3223 687; x_wconf 86' lang='lat' dir='ltr'><strong>autem</strong></span> <span class='ocrx_word' id='word_1_537' title='bbox 3265 645 3391 690; x_wconf 90' lang='lat' dir='ltr'><strong>sunt</strong></span> <span class='ocrx_word' id='word_1_538' title='bbox 3431 637 3513 690; x_wconf 84' lang='lat' dir='ltr'><strong>di-</strong></span> 
     </span>
    </p>
   </div>
   <div class='ocr_carea' id='block_1_64' title="bbox 1942 717 3514 788">
    <p class='ocr_par' dir='ltr' id='par_1_64' title="bbox 1942 717 3514 788">
     <span class='ocr_line' id='line_1_64' title="bbox 1942 717 3514 788; baseline 0.008 -20"><span class='ocrx_word' id='word_1_539' title='bbox 1942 717 2168 778; x_wconf 87' lang='lat' dir='ltr'><strong>ctiones,</strong></span> <span class='ocrx_word' id='word_1_540' title='bbox 2209 726 2267 769; x_wconf 87' lang='lat' dir='ltr'><strong>ttt</strong></span> <span class='ocrx_word' id='word_1_541' title='bbox 2310 717 2608 771; x_wconf 86' lang='lat' dir='ltr'><strong>auditorum</strong></span> <span class='ocrx_word' id='word_1_542' title='bbox 2654 730 2930 788; x_wconf 89' lang='lat' dir='ltr'><strong>penetrent</strong></span> <span class='ocrx_word' id='word_1_543' title='bbox 2973 723 3402 779; x_wconf 88' lang='lat' dir='ltr'><strong>crassitudinem.</strong></span> <span class='ocrx_word' id='word_1_544' title='bbox 3448 727 3514 780; x_wconf 81' lang='lat' dir='ltr'><strong>Et</strong></span> 
     </span>
    </p>
   </div>
   <div class='ocr_carea' id='block_1_65' title="bbox 1944 806 3514 878">
    <p class='ocr_par' dir='ltr' id='par_1_65' title="bbox 1944 806 3514 878">
     <span class='ocr_line' id='line_1_65' title="bbox 1944 806 3514 878; baseline 0.008 -19"><span class='ocrx_word' id='word_1_545' title='bbox 1944 806 2062 860; x_wconf 86' lang='lat' dir='ltr'><strong>ideo</strong></span> <span class='ocrx_word' id='word_1_546' title='bbox 2091 822 2188 862; x_wconf 88' lang='lat' dir='ltr'><strong>nec</strong></span> <span class='ocrx_word' id='word_1_547' title='bbox 2219 809 2280 860; x_wconf 93' lang='lat' dir='ltr'><strong>iis</strong></span> <span class='ocrx_word' id='word_1_548' title='bbox 2309 808 2519 877; x_wconf 80' lang='lat' dir='ltr'><strong>quidem</strong></span> <span class='ocrx_word' id='word_1_549' title='bbox 2545 826 2662 878; x_wconf 78' lang='lat' dir='ltr'><strong>qum</strong></span> <span class='ocrx_word' id='word_1_550' title='bbox 2688 811 2827 863; x_wconf 89' lang='lat' dir='ltr'><strong>dicta</strong></span> <span class='ocrx_word' id='word_1_551' title='bbox 2859 819 3021 876; x_wconf 91' lang='lat' dir='ltr'><strong>sunt,</strong></span> <span class='ocrx_word' id='word_1_552' title='bbox 3068 813 3167 868; x_wconf 87' lang='lat' dir='ltr'><strong>fuit</strong></span> <span class='ocrx_word' id='word_1_553' title='bbox 3191 825 3473 872; x_wconf 81' lang='lat' dir='ltr'><strong>contentus</strong></span> <span class='ocrx_word' id='word_1_554' title='bbox 3499 835 3514 872; x_wconf 91' lang='lat'><strong>:</strong></span> 
     </span>
    </p>
   </div>
   <div class='ocr_carea' id='block_1_66' title="bbox 1941 901 3514 975">
    <p class='ocr_par' dir='ltr' id='par_1_66' title="bbox 1941 901 3514 975">
     <span class='ocr_line' id='line_1_66' title="bbox 1941 901 3514 975; baseline 0.004 -21"><span class='ocrx_word' id='word_1_555' title='bbox 1941 901 2032 954; x_wconf 90' lang='lat' dir='ltr'><strong>sed</strong></span> <span class='ocrx_word' id='word_1_556' title='bbox 2064 910 2322 954; x_wconf 91' lang='lat' dir='ltr'><strong>terrorem</strong></span> <span class='ocrx_word' id='word_1_557' title='bbox 2368 901 2653 971; x_wconf 78' lang='lat' dir='ltr'><strong>adaugens,</strong></span> <span class='ocrx_word' id='word_1_558' title='bbox 2696 903 2869 958; x_wconf 89' lang='lat' dir='ltr'><strong>adhuc</strong></span> <span class='ocrx_word' id='word_1_559' title='bbox 2910 920 3059 959; x_wconf 90' lang='lat' dir='ltr'><strong>more</strong></span> <span class='ocrx_word' id='word_1_560' title='bbox 3094 906 3260 975; x_wconf 85' lang='lat' dir='ltr'><strong>magis</strong></span> <span class='ocrx_word' id='word_1_561' title='bbox 3287 905 3514 961; x_wconf 87' lang='lat' dir='ltr'><strong>humano</strong></span> 
     </span>
    </p>
   </div>
   <div class='ocr_carea' id='block_1_67' title="bbox 1945 993 3513 1060">
    <p class='ocr_par' dir='ltr' id='par_1_67' title="bbox 1945 993 3513 1060">
     <span class='ocr_line' id='line_1_67' title="bbox 1945 993 3513 1060; baseline 0.007 -16"><span class='ocrx_word' id='word_1_562' title='bbox 1945 993 2202 1060; x_wconf 86' lang='lat' dir='ltr'><strong>procedit.</strong></span> <span class='ocrx_word' id='word_1_563' title='bbox 2249 993 2364 1047; x_wconf 87' lang='lat' dir='ltr'><strong>Non</strong></span> <span class='ocrx_word' id='word_1_564' title='bbox 2410 995 2583 1049; x_wconf 89' lang='lat' dir='ltr'><strong>solum</strong></span> <span class='ocrx_word' id='word_1_565' title='bbox 2630 997 2769 1050; x_wconf 89' lang='lat' dir='ltr'><strong>enim</strong></span> <span class='ocrx_word' id='word_1_566' title='bbox 2817 997 3016 1051; x_wconf 85' lang='lat' dir='ltr'><strong>inducit</strong></span> <span class='ocrx_word' id='word_1_567' title='bbox 3063 1013 3184 1052; x_wconf 89' lang='lat' dir='ltr'><strong>eum</strong></span> <span class='ocrx_word' id='word_1_568' title='bbox 3231 1000 3513 1056; x_wconf 84' lang='lat' dir='ltr'><strong>habentem</strong></span> 
     </span>
    </p>
   </div>
   <div class='ocr_carea' id='block_1_68' title="bbox 1939 1084 3513 1160">
    <p class='ocr_par' dir='ltr' id='par_1_68' title="bbox 1939 1084 3513 1160">
     <span class='ocr_line' id='line_1_68' title="bbox 1939 1084 3513 1160; baseline 0.005 -24"><span class='ocrx_word' id='word_1_569' title='bbox 1939 1084 2193 1153; x_wconf 82' lang='lat' dir='ltr'><strong>gladium,</strong></span> <span class='ocrx_word' id='word_1_570' title='bbox 2235 1085 2325 1138; x_wconf 91' lang='lat' dir='ltr'><strong>sed</strong></span> <span class='ocrx_word' id='word_1_571' title='bbox 2362 1087 2520 1139; x_wconf 90' lang='lat' dir='ltr'><strong>etiam</strong></span> <span class='ocrx_word' id='word_1_572' title='bbox 2561 1096 2841 1140; x_wconf 89' lang='lat' dir='ltr'><strong>armatum.</strong></span> <span class='ocrx_word' id='word_1_573' title='bbox 2886 1087 3017 1154; x_wconf 85' lang='lat' dir='ltr'><strong>Quia</strong></span> <span class='ocrx_word' id='word_1_574' title='bbox 3042 1089 3182 1143; x_wconf 83' lang='lat' dir='ltr'><strong>enim</strong></span> <span class='ocrx_word' id='word_1_575' title='bbox 3223 1104 3328 1143; x_wconf 91' lang='lat' dir='ltr'><strong>non</strong></span> <span class='ocrx_word' id='word_1_576' title='bbox 3365 1106 3513 1160; x_wconf 68' lang='lat' dir='ltr'><strong>teque</strong></span> 
     </span>
    </p>
   </div>
   <div class='ocr_carea' id='block_1_69' title="bbox 1941 1174 3508 1248">
    <p class='ocr_par' dir='ltr' id='par_1_69' title="bbox 1941 1174 3508 1248">
     <span class='ocr_line' id='line_1_69' title="bbox 1941 1174 3508 1248; baseline 0.004 -22"><span class='ocrx_word' id='word_1_577' title='bbox 1941 1174 2060 1242; x_wconf 90' lang='lat' dir='ltr'><strong>quis</strong></span> <span class='ocrx_word' id='word_1_578' title='bbox 2087 1175 2274 1227; x_wconf 91' lang='lat' dir='ltr'><strong>metuit</strong></span> <span class='ocrx_word' id='word_1_579' title='bbox 2311 1175 2532 1229; x_wconf 88' lang='lat' dir='ltr'><strong>audiens</strong></span> <span class='ocrx_word' id='word_1_580' title='bbox 2570 1177 2687 1230; x_wconf 91' lang='lat' dir='ltr'><strong>acui</strong></span> <span class='ocrx_word' id='word_1_581' title='bbox 2712 1176 2966 1248; x_wconf 80' lang='lat' dir='ltr'><strong>gladium,</strong></span> <span class='ocrx_word' id='word_1_582' title='bbox 3005 1187 3058 1232; x_wconf 88' lang='lat' dir='ltr'><strong>et</strong></span> <span class='ocrx_word' id='word_1_583' title='bbox 3084 1177 3303 1233; x_wconf 89' lang='lat' dir='ltr'><strong>audiens</strong></span> <span class='ocrx_word' id='word_1_584' title='bbox 3329 1194 3508 1234; x_wconf 91' lang='lat' dir='ltr'><strong>arcum</strong></span> 
     </span>
    </p>
   </div>
   <div class='ocr_carea' id='block_1_70' title="bbox 1941 1265 3512 1337">
    <p class='ocr_par' dir='ltr' id='par_1_70' title="bbox 1941 1265 3512 1337">
     <span class='ocr_line' id='line_1_70' title="bbox 1941 1265 3512 1337; baseline 0.003 -19"><span class='ocrx_word' id='word_1_585' title='bbox 1941 1281 2059 1319; x_wconf 74' lang='lat' dir='ltr'><strong>esse</strong></span> <span class='ocrx_word' id='word_1_586' title='bbox 2090 1265 2141 1317; x_wconf 94' lang='lat' dir='ltr'><strong>in</strong></span> <span class='ocrx_word' id='word_1_587' title='bbox 2181 1266 2422 1319; x_wconf 90' lang='lat' dir='ltr'><strong>manibus</strong></span> <span class='ocrx_word' id='word_1_588' title='bbox 2456 1283 2468 1317; x_wconf 91' lang='lat'><strong>:</strong></span> <span class='ocrx_word' id='word_1_589' title='bbox 2500 1282 2566 1320; x_wconf 89' lang='lat' dir='ltr'><strong>ex</strong></span> <span class='ocrx_word' id='word_1_590' title='bbox 2597 1266 2776 1337; x_wconf 82' lang='lat' dir='ltr'><strong>ﬁguris</strong></span> <span class='ocrx_word' id='word_1_591' title='bbox 2806 1267 3049 1322; x_wconf 85' lang='lat' dir='ltr'><strong>humanis</strong></span> <span class='ocrx_word' id='word_1_592' title='bbox 3087 1279 3318 1322; x_wconf 87' lang='lat' dir='ltr'><strong>mentem</strong></span> <span class='ocrx_word' id='word_1_593' title='bbox 3359 1269 3512 1323; x_wconf 92' lang='lat' dir='ltr'><strong>audi-</strong></span> 
     </span>
    </p>
   </div>
   <div class='ocr_carea' id='block_1_71' title="bbox 1944 1355 3520 1428">
    <p class='ocr_par' dir='ltr' id='par_1_71' title="bbox 1944 1355 3520 1428">
     <span class='ocr_line' id='line_1_71' title="bbox 1944 1355 3520 1428; baseline 0.004 -22"><span class='ocrx_word' id='word_1_594' title='bbox 1944 1365 2116 1408; x_wconf 91' lang='lat' dir='ltr'><strong>torum</strong></span> <span class='ocrx_word' id='word_1_595' title='bbox 2145 1355 2398 1420; x_wconf 89' lang='lat' dir='ltr'><strong>concutit,</strong></span> <span class='ocrx_word' id='word_1_596' title='bbox 2427 1355 2613 1410; x_wconf 73' lang='lat' dir='ltr'><strong>dit-ens</strong></span> <span class='ocrx_word' id='word_1_597' title='bbox 2643 1375 2657 1411; x_wconf 88' lang='lat'>:</span> <span class='ocrx_word' id='word_1_598' title='bbox 2686 1358 2870 1410; x_wconf 80' lang='lat' dir='ltr'><strong>Arcum</strong></span> <span class='ocrx_word' id='word_1_599' title='bbox 2893 1375 3039 1411; x_wconf 84' lang='lat' dir='ltr'><strong>suum</strong></span> <span class='ocrx_word' id='word_1_600' title='bbox 3064 1359 3270 1411; x_wconf 83' lang='lat' dir='ltr'><strong>tetendit</strong></span> <span class='ocrx_word' id='word_1_601' title='bbox 3293 1367 3338 1412; x_wconf 86' lang='lat' dir='ltr'><strong>et</strong></span> <span class='ocrx_word' id='word_1_602' title='bbox 3363 1375 3520 1428; x_wconf 85' lang='lat' dir='ltr'><strong>para-</strong></span> 
     </span>
    </p>
   </div>
   <div class='ocr_carea' id='block_1_72' title="bbox 1943 1448 3513 1520">
    <p class='ocr_par' dir='ltr' id='par_1_72' title="bbox 1943 1448 3513 1520">
     <span class='ocr_line' id='line_1_72' title="bbox 1943 1448 3513 1520; baseline 0.004 -21"><span class='ocrx_word' id='word_1_603' title='bbox 1943 1450 2008 1500; x_wconf 82' lang='lat' dir='ltr'><strong>vit</strong></span> <span class='ocrx_word' id='word_1_604' title='bbox 2039 1449 2206 1512; x_wconf 87' lang='lat' dir='ltr'><strong>illum,</strong></span> <span class='ocrx_word' id='word_1_605' title='bbox 2239 1448 2532 1502; x_wconf 84' lang='lat' dir='ltr'><strong>auditorem</strong></span> <span class='ocrx_word' id='word_1_606' title='bbox 2559 1460 2781 1514; x_wconf 90' lang='lat' dir='ltr'><strong>terrens,</strong></span> <span class='ocrx_word' id='word_1_607' title='bbox 2811 1450 2963 1504; x_wconf 88' lang='lat' dir='ltr'><strong>simul</strong></span> <span class='ocrx_word' id='word_1_608' title='bbox 2989 1459 3044 1505; x_wconf 92' lang='lat' dir='ltr'><strong>et</strong></span> <span class='ocrx_word' id='word_1_609' title='bbox 3069 1451 3372 1519; x_wconf 86' lang='lat' dir='ltr'><strong>patientiam</strong></span> <span class='ocrx_word' id='word_1_610' title='bbox 3400 1451 3513 1520; x_wconf 73' lang='lat' dir='ltr'><strong>ejus</strong></span> 
     </span>
    </p>
   </div>
   <div class='ocr_carea' id='block_1_73' title="bbox 1942 1541 3510 1610">
    <p class='ocr_par' dir='ltr' id='par_1_73' title="bbox 1942 1541 3510 1610">
     <span class='ocr_line' id='line_1_73' title="bbox 1942 1541 3510 1610; baseline 0.003 -17"><span class='ocrx_word' id='word_1_611' title='bbox 1942 1551 1992 1593; x_wconf 89' lang='lat' dir='ltr'><strong>et</strong></span> <span class='ocrx_word' id='word_1_612' title='bbox 2021 1541 2148 1594; x_wconf 85' lang='lat' dir='ltr'><strong>iram</strong></span> <span class='ocrx_word' id='word_1_613' title='bbox 2179 1541 2435 1594; x_wconf 90' lang='lat' dir='ltr'><strong>indicans.</strong></span> <span class='ocrx_word' id='word_1_614' title='bbox 2463 1541 2576 1594; x_wconf 87' lang='lat' dir='ltr'><strong>Non</strong></span> <span class='ocrx_word' id='word_1_615' title='bbox 2605 1543 2744 1596; x_wconf 89' lang='lat' dir='ltr'><strong>enim</strong></span> <span class='ocrx_word' id='word_1_616' title='bbox 2765 1542 2916 1604; x_wconf 87' lang='lat' dir='ltr'><strong>dixit,</strong></span> <span class='ocrx_word' id='word_1_617' title='bbox 2947 1543 3188 1609; x_wconf 86' lang='lat' dir='ltr'><strong>Immisit,</strong></span> <span class='ocrx_word' id='word_1_618' title='bbox 3215 1559 3331 1610; x_wconf 56' lang='lat' dir='ltr'><strong>nec,</strong></span> <span class='ocrx_word' id='word_1_619' title='bbox 3357 1543 3510 1598; x_wconf 81' lang='lat' dir='ltr'><strong>Jat-u-</strong></span> 
     </span>
    </p>
   </div>
   <div class='ocr_carea' id='block_1_74' title="bbox 1940 1631 3512 1704">
    <p class='ocr_par' dir='ltr' id='par_1_74' title="bbox 1940 1631 3512 1704">
     <span class='ocr_line' id='line_1_74' title="bbox 1940 1631 3512 1704; baseline 0 -19"><span class='ocrx_word' id='word_1_620' title='bbox 1940 1631 2077 1685; x_wconf 85' lang='lat' dir='ltr'><strong>latus</strong></span> <span class='ocrx_word' id='word_1_621' title='bbox 2098 1641 2180 1685; x_wconf 88' lang='lat' dir='ltr'><strong>est</strong></span> <span class='ocrx_word' id='word_1_622' title='bbox 2209 1649 2222 1684; x_wconf 88' lang='lat'>:</span> <span class='ocrx_word' id='word_1_623' title='bbox 2251 1632 2341 1685; x_wconf 81' lang='lat' dir='ltr'><strong>Sed</strong></span> <span class='ocrx_word' id='word_1_624' title='bbox 2359 1674 2374 1698; x_wconf 90' lang='lat'><strong>,</strong></span> <span class='ocrx_word' id='word_1_625' title='bbox 2418 1631 2642 1685; x_wconf 81' lang='lat' dir='ltr'><strong>Iittcndit</strong></span> <span class='ocrx_word' id='word_1_626' title='bbox 2670 1643 2716 1686; x_wconf 86' lang='lat' dir='ltr'><strong>et</strong></span> <span class='ocrx_word' id='word_1_627' title='bbox 2743 1636 2936 1702; x_wconf 82' lang='lat' dir='ltr'><strong>paravit</strong></span> <span class='ocrx_word' id='word_1_628' title='bbox 2961 1651 2979 1696; x_wconf 90' lang='lat'><em>;</em></span> <span class='ocrx_word' id='word_1_629' title='bbox 3009 1634 3109 1688; x_wconf 90' lang='lat' dir='ltr'><strong>hoc</strong></span> <span class='ocrx_word' id='word_1_630' title='bbox 3137 1643 3220 1688; x_wconf 91' lang='lat' dir='ltr'><strong>est</strong></span> <span class='ocrx_word' id='word_1_631' title='bbox 3241 1676 3257 1700; x_wconf 95' lang='lat'><strong>,</strong></span> <span class='ocrx_word' id='word_1_632' title='bbox 3303 1644 3512 1704; x_wconf 79' lang='lat' dir='ltr'><strong>ptratus</strong></span> 
     </span>
    </p>
   </div>
   <div class='ocr_carea' id='block_1_75' title="bbox 1941 1722 3512 1790">
    <p class='ocr_par' dir='ltr' id='par_1_75' title="bbox 1941 1722 3512 1790">
     <span class='ocr_line' id='line_1_75' title="bbox 1941 1722 3512 1790; baseline 0.001 -17"><span class='ocrx_word' id='word_1_633' title='bbox 1941 1722 2006 1774; x_wconf 88' lang='lat' dir='ltr'><strong>ad</strong></span> <span class='ocrx_word' id='word_1_634' title='bbox 2028 1722 2395 1776; x_wconf 88' lang='lat' dir='ltr'><strong>emittendum.</strong></span> <span class='ocrx_word' id='word_1_635' title='bbox 2424 1724 2490 1776; x_wconf 80' lang='lat' dir='ltr'><strong>Et</strong></span> <span class='ocrx_word' id='word_1_636' title='bbox 2509 1723 2630 1790; x_wconf 91' lang='lat' dir='ltr'><strong>quid</strong></span> <span class='ocrx_word' id='word_1_637' title='bbox 2657 1723 2865 1776; x_wconf 89' lang='lat' dir='ltr'><strong>miraris</strong></span> <span class='ocrx_word' id='word_1_638' title='bbox 2885 1724 2927 1776; x_wconf 91' lang='lat' dir='ltr'><strong>si</strong></span> <span class='ocrx_word' id='word_1_639' title='bbox 2949 1724 3028 1777; x_wconf 86' lang='lat' dir='ltr'><strong>sic</strong></span> <span class='ocrx_word' id='word_1_640' title='bbox 3050 1725 3100 1778; x_wconf 91' lang='lat' dir='ltr'><strong>in</strong></span> <span class='ocrx_word' id='word_1_641' title='bbox 3116 1723 3292 1778; x_wconf 85' lang='lat' dir='ltr'><strong>Veteri</strong></span> <span class='ocrx_word' id='word_1_642' title='bbox 3313 1722 3512 1777; x_wconf 90' lang='lat' dir='ltr'><strong>dictum</strong></span> 
     </span>
    </p>
   </div>
   <div class='ocr_carea' id='block_1_76' title="bbox 1940 1813 3510 1881">
    <p class='ocr_par' dir='ltr' id='par_1_76' title="bbox 1940 1813 3510 1881">
     <span class='ocr_line' id='line_1_76' title="bbox 1940 1813 3510 1881; baseline 0.001 -17"><span class='ocrx_word' id='word_1_643' title='bbox 1940 1821 2040 1876; x_wconf 86' lang='lat' dir='ltr'><strong>est,</strong></span> <span class='ocrx_word' id='word_1_644' title='bbox 2065 1827 2184 1865; x_wconf 91' lang='lat' dir='ltr'><strong>cum</strong></span> <span class='ocrx_word' id='word_1_645' title='bbox 2209 1814 2366 1867; x_wconf 76' lang='lat' dir='ltr'><strong>etiam</strong></span> <span class='ocrx_word' id='word_1_646' title='bbox 2399 1814 2448 1867; x_wconf 92' lang='lat' dir='ltr'><strong>in</strong></span> <span class='ocrx_word' id='word_1_647' title='bbox 2476 1813 2622 1867; x_wconf 81' lang='lat' dir='ltr'><strong>Novo</strong></span> <span class='ocrx_word' id='word_1_648' title='bbox 2643 1814 2874 1868; x_wconf 85' lang='lat' dir='ltr'><strong>Joannes</strong></span> <span class='ocrx_word' id='word_1_649' title='bbox 2898 1829 3018 1867; x_wconf 91' lang='lat' dir='ltr'><strong>eum</strong></span> <span class='ocrx_word' id='word_1_650' title='bbox 3042 1813 3239 1868; x_wconf 75' lang='lat' dir='ltr'><strong>Judznis</strong></span> <span class='ocrx_word' id='word_1_651' title='bbox 3264 1815 3364 1867; x_wconf 91' lang='lat' dir='ltr'><strong>lale</strong></span> <span class='ocrx_word' id='word_1_652' title='bbox 3386 1813 3510 1881; x_wconf 85' lang='lat' dir='ltr'><strong>quid</strong></span> 
     </span>
    </p>
   </div>
   <div class='ocr_carea' id='block_1_77' title="bbox 1943 1905 3514 1976">
    <p class='ocr_par' dir='ltr' id='par_1_77' title="bbox 1943 1905 3514 1976">
     <span class='ocr_line' id='line_1_77' title="bbox 1943 1905 3514 1976; baseline 0.001 -18"><span class='ocrx_word' id='word_1_653' title='bbox 1943 1905 2126 1959; x_wconf 89' lang='lat' dir='ltr'><strong>dicat?</strong></span> <span class='ocrx_word' id='word_1_654' title='bbox 2169 1905 2289 1957; x_wconf 78' lang='lat' dir='ltr'><strong>1am</strong></span> <span class='ocrx_word' id='word_1_655' title='bbox 2330 1918 2497 1959; x_wconf 87' lang='lat' dir='ltr'><strong>autem</strong></span> <span class='ocrx_word' id='word_1_656' title='bbox 2541 1906 2607 1958; x_wconf 90' lang='lat' dir='ltr'><strong>ad</strong></span> <span class='ocrx_word' id='word_1_657' title='bbox 2638 1907 2859 1959; x_wconf 87' lang='lat' dir='ltr'><strong>radicem</strong></span> <span class='ocrx_word' id='word_1_658' title='bbox 2895 1907 3088 1960; x_wconf 88' lang='lat' dir='ltr'><strong>arboris</strong></span> <span class='ocrx_word' id='word_1_659' title='bbox 3134 1907 3321 1961; x_wconf 87' lang='lat' dir='ltr'><strong>securis</strong></span> <span class='ocrx_word' id='word_1_660' title='bbox 3350 1907 3514 1976; x_wconf 65' lang='lat' dir='ltr'><strong>posita</strong></span> 
     </span>
    </p>
   </div>
   <div class='ocr_carea' id='block_1_78' title="bbox 1940 1995 3512 2066">
    <p class='ocr_par' dir='ltr' id='par_1_78' title="bbox 1940 1995 3512 2066">
     <span class='ocr_line' id='line_1_78' title="bbox 1940 1995 3512 2066; baseline -0.001 -16"><span class='ocrx_word' id='word_1_661' title='bbox 1940 2005 2011 2050; x_wconf 84' lang='lat' dir='ltr'><strong>est</strong></span> <span class='ocrx_word' id='word_1_662' title='bbox 2053 1995 2222 2065; x_wconf 87' lang='lat' dir='ltr'><strong>(Luc.</strong></span> <span class='ocrx_word' id='word_1_663' title='bbox 2254 1997 2305 2048; x_wconf 82' lang='lat'><strong>5.</strong></span> <span class='ocrx_word' id='word_1_664' title='bbox 2342 1996 2438 2066; x_wconf 89' lang='lat'><strong>9).</strong></span> <span class='ocrx_word' id='word_1_665' title='bbox 2481 1996 2618 2063; x_wconf 93' lang='lat' dir='ltr'><strong>Quid</strong></span> <span class='ocrx_word' id='word_1_666' title='bbox 2662 1997 2831 2066; x_wconf 87' lang='lat' dir='ltr'><strong>ergo?</strong></span> <span class='ocrx_word' id='word_1_667' title='bbox 2872 2012 2938 2050; x_wconf 90' lang='lat' dir='ltr'><strong>an</strong></span> <span class='ocrx_word' id='word_1_668' title='bbox 2977 1999 3334 2051; x_wconf 89' lang='lat' dir='ltr'><strong>materiarium</strong></span> <span class='ocrx_word' id='word_1_669' title='bbox 3377 1997 3512 2050; x_wconf 82' lang='lat' dir='ltr'><strong>Deus</strong></span> 
     </span>
    </p>
   </div>
   <div class='ocr_carea' id='block_1_79' title="bbox 1943 2085 3512 2155">
    <p class='ocr_par' dir='ltr' id='par_1_79' title="bbox 1943 2085 3512 2155">
     <span class='ocr_line' id='line_1_79' title="bbox 1943 2085 3512 2155; baseline 0 -16"><span class='ocrx_word' id='word_1_670' title='bbox 1943 2085 2178 2139; x_wconf 89' lang='lat' dir='ltr'><strong>imitatur</strong></span> <span class='ocrx_word' id='word_1_671' title='bbox 2207 2086 2378 2140; x_wconf 90' lang='lat' dir='ltr'><strong>securi</strong></span> <span class='ocrx_word' id='word_1_672' title='bbox 2407 2086 2543 2155; x_wconf 85' lang='lat' dir='ltr'><strong>ligna</strong></span> <span class='ocrx_word' id='word_1_673' title='bbox 2570 2086 2938 2140; x_wconf 87' lang='lat' dir='ltr'><strong>scindentem?</strong></span> <span class='ocrx_word' id='word_1_674' title='bbox 2978 2103 3044 2140; x_wconf 86' lang='lat' dir='ltr'><strong>an</strong></span> <span class='ocrx_word' id='word_1_675' title='bbox 3069 2086 3154 2140; x_wconf 91' lang='lat' dir='ltr'><strong>hic</strong></span> <span class='ocrx_word' id='word_1_676' title='bbox 3190 2087 3390 2140; x_wconf 90' lang='lat' dir='ltr'><strong>securis</strong></span> <span class='ocrx_word' id='word_1_677' title='bbox 3431 2088 3512 2139; x_wconf 88' lang='lat' dir='ltr'><strong>in-</strong></span> 
     </span>
    </p>
   </div>
   <div class='ocr_carea' id='block_1_80' title="bbox 1944 2177 3512 2246">
    <p class='ocr_par' dir='ltr' id='par_1_80' title="bbox 1944 2177 3512 2246">
     <span class='ocr_line' id='line_1_80' title="bbox 1944 2177 3512 2246; baseline -0.001 -15"><span class='ocrx_word' id='word_1_678' title='bbox 1944 2177 2226 2246; x_wconf 84' lang='lat' dir='ltr'><strong>telligenda</strong></span> <span class='ocrx_word' id='word_1_679' title='bbox 2252 2186 2363 2240; x_wconf 88' lang='lat' dir='ltr'><strong>est,</strong></span> <span class='ocrx_word' id='word_1_680' title='bbox 2408 2187 2462 2231; x_wconf 90' lang='lat' dir='ltr'><strong>et</strong></span> <span class='ocrx_word' id='word_1_681' title='bbox 2513 2177 2652 2246; x_wconf 85' lang='lat' dir='ltr'><strong>ligna</strong></span> <span class='ocrx_word' id='word_1_682' title='bbox 2675 2177 2697 2230; x_wconf 95' lang='lat'><strong>?</strong></span> <span class='ocrx_word' id='word_1_683' title='bbox 2723 2177 2874 2230; x_wconf 75' lang='lat' dir='ltr'><strong>Absit</strong></span> <span class='ocrx_word' id='word_1_684' title='bbox 2902 2195 2914 2229; x_wconf 87' lang='lat'><strong>:</strong></span> <span class='ocrx_word' id='word_1_685' title='bbox 2946 2177 3387 2242; x_wconf 83' lang='lat' dir='ltr'><strong>quemadmodum</strong></span> <span class='ocrx_word' id='word_1_686' title='bbox 3415 2192 3512 2230; x_wconf 71' lang='lat' dir='ltr'><strong>nec</strong></span> 
     </span>
    </p>
   </div>
   <div class='ocr_carea' id='block_1_81' title="bbox 1943 2266 3512 2338">
    <p class='ocr_par' dir='ltr' id='par_1_81' title="bbox 1943 2266 3512 2338">
     <span class='ocr_line' id='line_1_81' title="bbox 1943 2266 3512 2338; baseline -0.002 -17"><span class='ocrx_word' id='word_1_687' title='bbox 1943 2269 2107 2338; x_wconf 72' lang='lat' dir='ltr'><strong>paleae</strong></span> <span class='ocrx_word' id='word_1_688' title='bbox 2126 2310 2140 2331; x_wconf 94' lang='lat'><strong>,</strong></span> <span class='ocrx_word' id='word_1_689' title='bbox 2171 2284 2267 2322; x_wconf 91' lang='lat' dir='ltr'><strong>nec</strong></span> <span class='ocrx_word' id='word_1_690' title='bbox 2313 2268 2631 2322; x_wconf 78' lang='lat' dir='ltr'><strong>frumentum</strong></span> <span class='ocrx_word' id='word_1_691' title='bbox 2650 2309 2664 2330; x_wconf 85' lang='lat'><strong>,</strong></span> <span class='ocrx_word' id='word_1_692' title='bbox 2691 2268 2901 2336; x_wconf 88' lang='lat' dir='ltr'><strong>quando</strong></span> <span class='ocrx_word' id='word_1_693' title='bbox 2927 2268 3054 2321; x_wconf 89' lang='lat' dir='ltr'><strong>dicit</strong></span> <span class='ocrx_word' id='word_1_694' title='bbox 3079 2285 3092 2320; x_wconf 87' lang='lat'><strong>:</strong></span> <span class='ocrx_word' id='word_1_695' title='bbox 3121 2266 3276 2336; x_wconf 84' lang='lat' dir='ltr'><strong>Cujus</strong></span> <span class='ocrx_word' id='word_1_696' title='bbox 3302 2269 3512 2320; x_wconf 80' lang='lat' dir='ltr'><strong>ventita-</strong></span> 
     </span>
    </p>
   </div>
   <div class='ocr_carea' id='block_1_82' title="bbox 1942 2358 3510 2428">
    <p class='ocr_par' dir='ltr' id='par_1_82' title="bbox 1942 2358 3510 2428">
     <span class='ocr_line' id='line_1_82' title="bbox 1942 2358 3510 2428; baseline -0.003 -16"><span class='ocrx_word' id='word_1_697' title='bbox 1942 2359 2084 2412; x_wconf 87' lang='lat' dir='ltr'><strong>brum</strong></span> <span class='ocrx_word' id='word_1_698' title='bbox 2123 2359 2176 2412; x_wconf 87' lang='lat' dir='ltr'><strong>in</strong></span> <span class='ocrx_word' id='word_1_699' title='bbox 2203 2375 2353 2411; x_wconf 88' lang='lat' dir='ltr'><strong>manu</strong></span> <span class='ocrx_word' id='word_1_700' title='bbox 2379 2359 2487 2428; x_wconf 86' lang='lat' dir='ltr'><strong>ejus</strong></span> <span class='ocrx_word' id='word_1_701' title='bbox 2507 2400 2520 2421; x_wconf 82' lang='lat'><strong>,</strong></span> <span class='ocrx_word' id='word_1_702' title='bbox 2563 2367 2608 2411; x_wconf 88' lang='lat' dir='ltr'><strong>et</strong></span> <span class='ocrx_word' id='word_1_703' title='bbox 2646 2358 2904 2410; x_wconf 87' lang='lat' dir='ltr'><strong>mundabit</strong></span> <span class='ocrx_word' id='word_1_704' title='bbox 2930 2375 3097 2410; x_wconf 88' lang='lat' dir='ltr'><strong>aream</strong></span> <span class='ocrx_word' id='word_1_705' title='bbox 3121 2374 3264 2411; x_wconf 87' lang='lat' dir='ltr'><strong>suam</strong></span> <span class='ocrx_word' id='word_1_706' title='bbox 3287 2398 3302 2422; x_wconf 92' lang='lat'><strong>,</strong></span> <span class='ocrx_word' id='word_1_707' title='bbox 3330 2368 3375 2410; x_wconf 82' lang='lat' dir='ltr'><strong>et</strong></span> <span class='ocrx_word' id='word_1_708' title='bbox 3403 2361 3510 2426; x_wconf 76' lang='lat' dir='ltr'><strong>[ru-</strong></span> 
     </span>
    </p>
   </div>
   <div class='ocr_carea' id='block_1_83' title="bbox 1941 2450 3513 2521">
    <p class='ocr_par' dir='ltr' id='par_1_83' title="bbox 1941 2450 3513 2521">
     <span class='ocr_line' id='line_1_83' title="bbox 1941 2450 3513 2521; baseline -0.003 -17"><span class='ocrx_word' id='word_1_709' title='bbox 1941 2461 2160 2504; x_wconf 85' lang='lat' dir='ltr'><strong>mentum</strong></span> <span class='ocrx_word' id='word_1_710' title='bbox 2184 2451 2384 2521; x_wconf 83' lang='lat' dir='ltr'><strong>quidem</strong></span> <span class='ocrx_word' id='word_1_711' title='bbox 2408 2450 2724 2520; x_wconf 87' lang='lat' dir='ltr'><strong>congregabit</strong></span> <span class='ocrx_word' id='word_1_712' title='bbox 2763 2450 2815 2502; x_wconf 91' lang='lat' dir='ltr'><strong>in</strong></span> <span class='ocrx_word' id='word_1_713' title='bbox 2853 2451 3087 2502; x_wconf 81' lang='lat' dir='ltr'><strong>horreum</strong></span> <span class='ocrx_word' id='word_1_714' title='bbox 3111 2465 3288 2512; x_wconf 87' lang='lat' dir='ltr'><strong>suum,</strong></span> <span class='ocrx_word' id='word_1_715' title='bbox 3318 2451 3513 2516; x_wconf 80' lang='lat' dir='ltr'><strong>pateant</strong></span> 
     </span>
    </p>
   </div>
   <div class='ocr_carea' id='block_1_84' title="bbox 1940 2539 3509 2612">
    <p class='ocr_par' dir='ltr' id='par_1_84' title="bbox 1940 2539 3509 2612">
     <span class='ocr_line' id='line_1_84' title="bbox 1940 2539 3509 2612; baseline -0.006 -14"><span class='ocrx_word' id='word_1_716' title='bbox 1940 2555 2108 2598; x_wconf 86' lang='lat' dir='ltr'><strong>autem</strong></span> <span class='ocrx_word' id='word_1_717' title='bbox 2135 2543 2383 2597; x_wconf 80' lang='lat' dir='ltr'><strong>comburat</strong></span> <span class='ocrx_word' id='word_1_718' title='bbox 2427 2543 2541 2610; x_wconf 89' lang='lat' dir='ltr'><strong>igne</strong></span> <span class='ocrx_word' id='word_1_719' title='bbox 2581 2540 2976 2610; x_wconf 75' lang='lat' dir='ltr'><strong>inexstinguibili</strong></span> <span class='ocrx_word' id='word_1_720' title='bbox 3015 2539 3245 2612; x_wconf 82' lang='lat' dir='ltr'><strong>(Matth.</strong></span> <span class='ocrx_word' id='word_1_721' title='bbox 3290 2539 3340 2592; x_wconf 82' lang='grc'><strong>5.</strong></span> <span class='ocrx_word' id='word_1_722' title='bbox 3385 2539 3446 2592; x_wconf 72' lang='grc'><strong>12</strong></span> <span class='ocrx_word' id='word_1_723' title='bbox 3468 2551 3509 2610; x_wconf 84' lang='grc'><strong>).</strong></span> 
     </span>
    </p>
   </div>
   <div class='ocr_carea' id='block_1_85' title="bbox 1941 2630 3512 2703">
    <p class='ocr_par' dir='ltr' id='par_1_85' title="bbox 1941 2630 3512 2703">
     <span class='ocr_line' id='line_1_85' title="bbox 1941 2630 3512 2703; baseline -0.004 -14"><span class='ocrx_word' id='word_1_724' title='bbox 1941 2636 2070 2703; x_wconf 64' lang='lat' dir='ltr'><strong>Quae</strong></span> <span class='ocrx_word' id='word_1_725' title='bbox 2095 2643 2176 2688; x_wconf 89' lang='lat' dir='ltr'><strong>est</strong></span> <span class='ocrx_word' id='word_1_726' title='bbox 2195 2649 2319 2700; x_wconf 81' lang='lat' dir='ltr'><strong>ergo</strong></span> <span class='ocrx_word' id='word_1_727' title='bbox 2342 2633 2542 2686; x_wconf 85' lang='lat' dir='ltr'><strong>securis</strong></span> <span class='ocrx_word' id='word_1_728' title='bbox 2564 2633 2586 2685; x_wconf 92' lang='lat'><strong>?</strong></span> <span class='ocrx_word' id='word_1_729' title='bbox 2617 2631 2844 2694; x_wconf 85' lang='lat' dir='ltr'><strong>Punitio,</strong></span> <span class='ocrx_word' id='word_1_730' title='bbox 2871 2630 3206 2699; x_wconf 89' lang='lat' dir='ltr'><strong>supplicium.</strong></span> <span class='ocrx_word' id='word_1_731' title='bbox 3235 2630 3363 2696; x_wconf 80' lang='lat' dir='ltr'><strong>Qua:</strong></span> <span class='ocrx_word' id='word_1_732' title='bbox 3388 2647 3512 2684; x_wconf 87' lang='lat' dir='ltr'><strong>vero</strong></span> 
     </span>
    </p>
   </div>
   <div class='ocr_carea' id='block_1_86' title="bbox 1941 2721 3512 2791">
    <p class='ocr_par' dir='ltr' id='par_1_86' title="bbox 1941 2721 3512 2791">
     <span class='ocr_line' id='line_1_86' title="bbox 1941 2721 3512 2791; baseline -0.006 -8"><span class='ocrx_word' id='word_1_733' title='bbox 1941 2738 2065 2783; x_wconf 89' lang='lat' dir='ltr'><strong>sunt</strong></span> <span class='ocrx_word' id='word_1_734' title='bbox 2086 2725 2347 2782; x_wconf 85' lang='lat' dir='ltr'><strong>arbores?</strong></span> <span class='ocrx_word' id='word_1_735' title='bbox 2373 2725 2643 2778; x_wconf 90' lang='lat' dir='ltr'><strong>llomines.</strong></span> <span class='ocrx_word' id='word_1_736' title='bbox 2669 2723 2922 2790; x_wconf 69' lang='lat' dir='ltr'><strong>Qua-nam</strong></span> <span class='ocrx_word' id='word_1_737' title='bbox 2946 2722 3108 2791; x_wconf 80' lang='lat' dir='ltr'><strong>palea:</strong></span> <span class='ocrx_word' id='word_1_738' title='bbox 3129 2721 3152 2774; x_wconf 89' lang='lat'><strong>?</strong></span> <span class='ocrx_word' id='word_1_739' title='bbox 3186 2722 3326 2774; x_wconf 84' lang='lat' dir='ltr'><strong>Mali.</strong></span> <span class='ocrx_word' id='word_1_740' title='bbox 3362 2721 3512 2785; x_wconf 83' lang='lat' dir='ltr'><strong>Quod</strong></span> 
     </span>
    </p>
   </div>
   <div class='ocr_carea' id='block_1_87' title="bbox 1941 2811 3512 2882">
    <p class='ocr_par' dir='ltr' id='par_1_87' title="bbox 1941 2811 3512 2882">
     <span class='ocr_line' id='line_1_87' title="bbox 1941 2811 3512 2882; baseline -0.006 -8"><span class='ocrx_word' id='word_1_741' title='bbox 1941 2818 2312 2874; x_wconf 87' lang='lat' dir='ltr'><strong>frumentum?</strong></span> <span class='ocrx_word' id='word_1_742' title='bbox 2351 2817 2503 2870; x_wconf 89' lang='lat' dir='ltr'><strong>Boni.</strong></span> <span class='ocrx_word' id='word_1_743' title='bbox 2546 2815 2680 2882; x_wconf 89' lang='lat' dir='ltr'><strong>Quid</strong></span> <span class='ocrx_word' id='word_1_744' title='bbox 2705 2814 3097 2870; x_wconf 88' lang='lat' dir='ltr'><strong>ventilabrum?</strong></span> <span class='ocrx_word' id='word_1_745' title='bbox 3129 2813 3403 2866; x_wconf 91' lang='lat' dir='ltr'><strong>Discretio.</strong></span> <span class='ocrx_word' id='word_1_746' title='bbox 3440 2811 3512 2864; x_wconf 87' lang='lat' dir='ltr'><strong>Ita</strong></span> 
     </span>
    </p>
   </div>
   <div class='ocr_carea' id='block_1_88' title="bbox 1940 2908 3512 2980">
    <p class='ocr_par' dir='ltr' id='par_1_88' title="bbox 1940 2908 3512 2980">
     <span class='ocr_line' id='line_1_88' title="bbox 1940 2908 3512 2980; baseline -0.006 -12"><span class='ocrx_word' id='word_1_747' title='bbox 1940 2914 2098 2968; x_wconf 88' lang='lat' dir='ltr'><strong>etiam</strong></span> <span class='ocrx_word' id='word_1_748' title='bbox 2134 2912 2240 2974; x_wconf 86' lang='lat' dir='ltr'><strong>hic,</strong></span> <span class='ocrx_word' id='word_1_749' title='bbox 2285 2910 2517 2980; x_wconf 85' lang='lat' dir='ltr'><strong>gladius,</strong></span> <span class='ocrx_word' id='word_1_750' title='bbox 2553 2923 2726 2974; x_wconf 89' lang='lat' dir='ltr'><strong>arcus,</strong></span> <span class='ocrx_word' id='word_1_751' title='bbox 2769 2916 2823 2960; x_wconf 89' lang='lat' dir='ltr'><strong>et</strong></span> <span class='ocrx_word' id='word_1_752' title='bbox 2860 2908 3062 2976; x_wconf 61' lang='lat' dir='ltr'><strong>sagittte</strong></span> <span class='ocrx_word' id='word_1_753' title='bbox 3103 2919 3259 2974; x_wconf 76' lang='lat' dir='ltr'><strong>poma</strong></span> <span class='ocrx_word' id='word_1_754' title='bbox 3303 2914 3423 2957; x_wconf 87' lang='lat' dir='ltr'><strong>sunt</strong></span> <span class='ocrx_word' id='word_1_755' title='bbox 3459 2914 3512 2959; x_wconf 88' lang='lat' dir='ltr'><strong>et</strong></span> 
     </span>
    </p>
   </div>
   <div class='ocr_carea' id='block_1_89' title="bbox 1941 2993 3515 3074">
    <p class='ocr_par' dir='ltr' id='par_1_89' title="bbox 1941 2993 3515 3074">
     <span class='ocr_line' id='line_1_89' title="bbox 1941 2993 3515 3074; baseline -0.007 -17"><span class='ocrx_word' id='word_1_756' title='bbox 1941 3002 2278 3074; x_wconf 82' lang='lat' dir='ltr'><strong>supplicium.</strong></span> <span class='ocrx_word' id='word_1_757' title='bbox 2320 2999 2518 3055; x_wconf 88' lang='lat' dir='ltr'><strong>Deinde</strong></span> <span class='ocrx_word' id='word_1_758' title='bbox 2544 2999 2707 3052; x_wconf 88' lang='lat' dir='ltr'><strong>innuit</strong></span> <span class='ocrx_word' id='word_1_759' title='bbox 2737 2997 3071 3059; x_wconf 87' lang='lat' dir='ltr'><strong>dilationem,</strong></span> <span class='ocrx_word' id='word_1_760' title='bbox 3106 3002 3161 3049; x_wconf 92' lang='lat' dir='ltr'><strong>et</strong></span> <span class='ocrx_word' id='word_1_761' title='bbox 3180 2994 3365 3048; x_wconf 88' lang='lat' dir='ltr'><strong>abesse</strong></span> <span class='ocrx_word' id='word_1_762' title='bbox 3391 2993 3515 3062; x_wconf 86' lang='lat' dir='ltr'><strong>qui-</strong></span> 
     </span>
    </p>
   </div>
   <div class='ocr_carea' id='block_1_90' title="bbox 1942 3083 3512 3162">
    <p class='ocr_par' dir='ltr' id='par_1_90' title="bbox 1942 3083 3512 3162">
     <span class='ocr_line' id='line_1_90' title="bbox 1942 3083 3512 3162; baseline -0.006 -14"><span class='ocrx_word' id='word_1_763' title='bbox 1942 3094 2060 3148; x_wconf 89' lang='lat' dir='ltr'><strong>dem</strong></span> <span class='ocrx_word' id='word_1_764' title='bbox 2085 3108 2316 3162; x_wconf 71' lang='lat' dir='ltr'><strong>pmnam,</strong></span> <span class='ocrx_word' id='word_1_765' title='bbox 2342 3091 2434 3145; x_wconf 90' lang='lat' dir='ltr'><strong>sed</strong></span> <span class='ocrx_word' id='word_1_766' title='bbox 2460 3104 2562 3143; x_wconf 93' lang='lat' dir='ltr'><strong>non</strong></span> <span class='ocrx_word' id='word_1_767' title='bbox 2587 3089 2764 3158; x_wconf 88' lang='lat' dir='ltr'><strong>longe,</strong></span> <span class='ocrx_word' id='word_1_768' title='bbox 2802 3089 2990 3142; x_wconf 86' lang='lat' dir='ltr'><strong>adesse</strong></span> <span class='ocrx_word' id='word_1_769' title='bbox 3017 3094 3190 3139; x_wconf 88' lang='lat' dir='ltr'><strong>autem</strong></span> <span class='ocrx_word' id='word_1_770' title='bbox 3217 3085 3266 3138; x_wconf 94' lang='lat' dir='ltr'><strong>iu</strong></span> <span class='ocrx_word' id='word_1_771' title='bbox 3291 3083 3512 3149; x_wconf 73' lang='lat' dir='ltr'><strong>foribus,</strong></span> 
     </span>
    </p>
   </div>
   <div class='ocr_carea' id='block_1_91' title="bbox 1941 3176 3510 3255">
    <p class='ocr_par' dir='ltr' id='par_1_91' title="bbox 1941 3176 3510 3255">
     <span class='ocr_line' id='line_1_91' title="bbox 1941 3176 3510 3255; baseline -0.009 -15"><span class='ocrx_word' id='word_1_772' title='bbox 1941 3200 2038 3255; x_wconf 85' lang='lat' dir='ltr'><strong>per</strong></span> <span class='ocrx_word' id='word_1_773' title='bbox 2065 3183 2354 3238; x_wconf 89' lang='lat' dir='ltr'><strong>intendisse</strong></span> <span class='ocrx_word' id='word_1_774' title='bbox 2376 3191 2430 3236; x_wconf 85' lang='lat' dir='ltr'><strong>et</strong></span> <span class='ocrx_word' id='word_1_775' title='bbox 2454 3195 2666 3249; x_wconf 87' lang='lat' dir='ltr'><strong>parasse</strong></span> <span class='ocrx_word' id='word_1_776' title='bbox 2686 3177 2934 3233; x_wconf 88' lang='lat' dir='ltr'><strong>ostendit.</strong></span> <span class='ocrx_word' id='word_1_777' title='bbox 2959 3176 3308 3230; x_wconf 87' lang='lat' dir='ltr'><strong>Instrumenta</strong></span> <span class='ocrx_word' id='word_1_778' title='bbox 3335 3182 3510 3228; x_wconf 83' lang='lat' dir='ltr'><strong>autem</strong></span> 
     </span>
    </p>
   </div>
   <div class='ocr_carea' id='block_1_92' title="bbox 1943 3267 3512 3342">
    <p class='ocr_par' dir='ltr' id='par_1_92' title="bbox 1943 3267 3512 3342">
     <span class='ocr_line' id='line_1_92' title="bbox 1943 3267 3512 3342; baseline -0.008 -12"><span class='ocrx_word' id='word_1_779' title='bbox 1943 3278 2129 3330; x_wconf 89' lang='lat' dir='ltr'><strong>mortis</strong></span> <span class='ocrx_word' id='word_1_780' title='bbox 2179 3275 2308 3329; x_wconf 90' lang='lat' dir='ltr'><strong>dicit</strong></span> <span class='ocrx_word' id='word_1_781' title='bbox 2359 3273 2597 3342; x_wconf 83' lang='lat' dir='ltr'><strong>sagittas.</strong></span> <span class='ocrx_word' id='word_1_782' title='bbox 2655 3268 3107 3336; x_wconf 86' lang='lat' dir='ltr'><strong>Quemadmodum</strong></span> <span class='ocrx_word' id='word_1_783' title='bbox 3166 3267 3512 3320; x_wconf 87' lang='lat' dir='ltr'><strong>instrumenta</strong></span> 
     </span>
    </p>
   </div>
   <div class='ocr_carea' id='block_1_93' title="bbox 1941 3356 3512 3436">
    <p class='ocr_par' dir='ltr' id='par_1_93' title="bbox 1941 3356 3512 3436">
     <span class='ocr_line' id='line_1_93' title="bbox 1941 3356 3512 3436; baseline -0.008 -16"><span class='ocrx_word' id='word_1_784' title='bbox 1941 3366 2296 3436; x_wconf 67' lang='lat' dir='ltr'><strong>agriculturae,</strong></span> <span class='ocrx_word' id='word_1_785' title='bbox 2325 3379 2384 3417; x_wconf 91' lang='lat' dir='ltr'><strong>ea</strong></span> <span class='ocrx_word' id='word_1_786' title='bbox 2413 3362 2604 3432; x_wconf 91' lang='lat' dir='ltr'><strong>quibus</strong></span> <span class='ocrx_word' id='word_1_787' title='bbox 2628 3370 2770 3415; x_wconf 81' lang='lat' dir='ltr'><strong>terra</strong></span> <span class='ocrx_word' id='word_1_788' title='bbox 2797 3360 3024 3420; x_wconf 85' lang='lat' dir='ltr'><strong>colitur;</strong></span> <span class='ocrx_word' id='word_1_789' title='bbox 3067 3366 3121 3412; x_wconf 90' lang='lat' dir='ltr'><strong>et</strong></span> <span class='ocrx_word' id='word_1_790' title='bbox 3144 3356 3512 3425; x_wconf 82' lang='lat' dir='ltr'><strong>navigationis,</strong></span> 
     </span>
    </p>
   </div>
   <div class='ocr_carea' id='block_1_94' title="bbox 1941 3447 3515 3530">
    <p class='ocr_par' dir='ltr' id='par_1_94' title="bbox 1941 3447 3515 3530">
     <span class='ocr_line' id='line_1_94' title="bbox 1941 3447 3515 3530; baseline -0.008 -18"><span class='ocrx_word' id='word_1_791' title='bbox 1941 3476 2060 3530; x_wconf 85' lang='lat' dir='ltr'><strong>qme</strong></span> <span class='ocrx_word' id='word_1_792' title='bbox 2097 3457 2162 3510; x_wconf 90' lang='lat' dir='ltr'><strong>ad</strong></span> <span class='ocrx_word' id='word_1_793' title='bbox 2193 3456 2538 3525; x_wconf 85' lang='lat' dir='ltr'><strong>navigandum</strong></span> <span class='ocrx_word' id='word_1_794' title='bbox 2579 3453 2892 3514; x_wconf 80' lang='lat' dir='ltr'><strong>conferunt;</strong></span> <span class='ocrx_word' id='word_1_795' title='bbox 2933 3459 2986 3504; x_wconf 83' lang='lat' dir='ltr'><strong>et</strong></span> <span class='ocrx_word' id='word_1_796' title='bbox 3025 3449 3288 3513; x_wconf 67' lang='lat' dir='ltr'><strong>textrina&#39;,</strong></span> <span class='ocrx_word' id='word_1_797' title='bbox 3326 3447 3515 3516; x_wconf 88' lang='lat' dir='ltr'><strong>quibus</strong></span> 
     </span>
    </p>
   </div>
   <div class='ocr_carea' id='block_1_95' title="bbox 1943 3544 3511 3609">
    <p class='ocr_par' dir='ltr' id='par_1_95' title="bbox 1943 3544 3511 3609">
     <span class='ocr_line' id='line_1_95' title="bbox 1943 3544 3511 3609; baseline -0.01 -5"><span class='ocrx_word' id='word_1_798' title='bbox 1943 3551 2140 3604; x_wconf 88' lang='lat' dir='ltr'><strong>texitur</strong></span> <span class='ocrx_word' id='word_1_799' title='bbox 2170 3566 2182 3600; x_wconf 91' lang='lat'>:</span> <span class='ocrx_word' id='word_1_800' title='bbox 2215 3547 2472 3601; x_wconf 89' lang='lat' dir='ltr'><strong>ita-etiam</strong></span> <span class='ocrx_word' id='word_1_801' title='bbox 2515 3544 2700 3598; x_wconf 91' lang='lat' dir='ltr'><strong>mortis</strong></span> <span class='ocrx_word' id='word_1_802' title='bbox 2738 3545 3107 3605; x_wconf 87' lang='lat' dir='ltr'><strong>instrumenta,</strong></span> <span class='ocrx_word' id='word_1_803' title='bbox 3145 3557 3261 3609; x_wconf 75' lang='lat' dir='ltr'><strong>qua:</strong></span> <span class='ocrx_word' id='word_1_804' title='bbox 3288 3547 3511 3593; x_wconf 85' lang='lat' dir='ltr'><strong>mortem</strong></span> 
     </span>
    </p>
   </div>
   <div class='ocr_carea' id='block_1_96' title="bbox 1941 3629 3512 3704">
    <p class='ocr_par' dir='ltr' id='par_1_96' title="bbox 1941 3629 3512 3704">
     <span class='ocr_line' id='line_1_96' title="bbox 1941 3629 3512 3704; baseline -0.011 -8"><span class='ocrx_word' id='word_1_805' title='bbox 1941 3640 2195 3696; x_wconf 84' lang='lat' dir='ltr'><strong>ellieiunt.</strong></span> <span class='ocrx_word' id='word_1_806' title='bbox 2240 3637 2439 3692; x_wconf 86' lang='lat' dir='ltr'><strong>Deinde</strong></span> <span class='ocrx_word' id='word_1_807' title='bbox 2477 3636 2832 3704; x_wconf 89' lang='lat' dir='ltr'><strong>interpretans</strong></span> <span class='ocrx_word' id='word_1_808' title='bbox 2870 3646 3112 3701; x_wconf 82' lang='lat' dir='ltr'><strong>quamam</strong></span> <span class='ocrx_word' id='word_1_809' title='bbox 3154 3640 3275 3683; x_wconf 86' lang='lat' dir='ltr'><strong>sunt</strong></span> <span class='ocrx_word' id='word_1_810' title='bbox 3315 3629 3512 3683; x_wconf 85' lang='lat' dir='ltr'><strong>instrn-</strong></span> 
     </span>
    </p>
   </div>
   <div class='ocr_carea' id='block_1_97' title="bbox 1941 3717 3512 3796">
    <p class='ocr_par' dir='ltr' id='par_1_97' title="bbox 1941 3717 3512 3796">
     <span class='ocr_line' id='line_1_97' title="bbox 1941 3717 3512 3796; baseline -0.011 -10"><span class='ocrx_word' id='word_1_811' title='bbox 1941 3742 2120 3787; x_wconf 89' lang='lat' dir='ltr'><strong>menta</strong></span> <span class='ocrx_word' id='word_1_812' title='bbox 2165 3730 2348 3783; x_wconf 89' lang='lat' dir='ltr'><strong>mortis</strong></span> <span class='ocrx_word' id='word_1_813' title='bbox 2372 3768 2387 3793; x_wconf 90' lang='lat'><strong>,</strong></span> <span class='ocrx_word' id='word_1_814' title='bbox 2431 3726 2729 3796; x_wconf 89' lang='lat' dir='ltr'><strong>subjungit,</strong></span> <span class='ocrx_word' id='word_1_815' title='bbox 2778 3723 3004 3792; x_wconf 87' lang='lat' dir='ltr'><strong>Sagittas</strong></span> <span class='ocrx_word' id='word_1_816' title='bbox 3030 3737 3146 3773; x_wconf 85' lang='lat' dir='ltr'><strong>suas</strong></span> <span class='ocrx_word' id='word_1_817' title='bbox 3170 3762 3184 3784; x_wconf 94' lang='lat'><strong>,</strong></span> <span class='ocrx_word' id='word_1_818' title='bbox 3225 3717 3512 3772; x_wconf 67' lang='lat' dir='ltr'><strong>ostendens</strong></span> 
     </span>
    </p>
   </div>
   <div class='ocr_carea' id='block_1_98' title="bbox 1941 3812 3512 3891">
    <p class='ocr_par' dir='ltr' id='par_1_98' title="bbox 1941 3812 3512 3891">
     <span class='ocr_line' id='line_1_98' title="bbox 1941 3812 3512 3891; baseline -0.013 -11"><span class='ocrx_word' id='word_1_819' title='bbox 1941 3827 2266 3880; x_wconf 73' lang='lat' dir='ltr'><strong>celeritatem</strong></span> <span class='ocrx_word' id='word_1_820' title='bbox 2291 3819 2531 3891; x_wconf 88' lang='lat' dir='ltr'><strong>supplicii</strong></span> <span class='ocrx_word' id='word_1_821' title='bbox 2553 3817 2763 3888; x_wconf 90' lang='lat' dir='ltr'><strong>quando</strong></span> <span class='ocrx_word' id='word_1_822' title='bbox 2785 3815 3032 3869; x_wconf 87' lang='lat' dir='ltr'><strong>voluerit.</strong></span> <span class='ocrx_word' id='word_1_823' title='bbox 3057 3812 3190 3878; x_wconf 93' lang='lat' dir='ltr'><strong>Quid</strong></span> <span class='ocrx_word' id='word_1_824' title='bbox 3214 3821 3295 3865; x_wconf 92' lang='lat' dir='ltr'><strong>est</strong></span> <span class='ocrx_word' id='word_1_825' title='bbox 3313 3823 3512 3874; x_wconf 86' lang='lat' dir='ltr'><strong>autem,</strong></span> 
     </span>
    </p>
   </div>
   <div class='ocr_carea' id='block_1_99' title="bbox 1943 3903 3512 3982">
    <p class='ocr_par' dir='ltr' id='par_1_99' title="bbox 1943 3903 3512 3982">
     <span class='ocr_line' id='line_1_99' title="bbox 1943 3903 3512 3982; baseline -0.015 -8"><span class='ocrx_word' id='word_1_826' title='bbox 1943 3917 2288 3974; x_wconf 77' lang='lat' dir='ltr'><strong>Ardeatibus?</strong></span> <span class='ocrx_word' id='word_1_827' title='bbox 2327 3915 2393 3967; x_wconf 88' lang='lat' dir='ltr'><strong>lis</strong></span> <span class='ocrx_word' id='word_1_828' title='bbox 2420 3912 2509 3982; x_wconf 91' lang='lat' dir='ltr'><strong>qui</strong></span> <span class='ocrx_word' id='word_1_829' title='bbox 2531 3911 2818 3982; x_wconf 90' lang='lat' dir='ltr'><strong>puniuntur</strong></span> <span class='ocrx_word' id='word_1_830' title='bbox 2842 3947 2856 3969; x_wconf 94' lang='lat'><strong>,</strong></span> <span class='ocrx_word' id='word_1_831' title='bbox 2911 3908 2976 3959; x_wconf 92' lang='lat' dir='ltr'><strong>iis</strong></span> <span class='ocrx_word' id='word_1_832' title='bbox 3017 3904 3104 3974; x_wconf 92' lang='lat' dir='ltr'><strong>qui</strong></span> <span class='ocrx_word' id='word_1_833' title='bbox 3143 3903 3269 3956; x_wconf 88' lang='lat' dir='ltr'><strong>dant</strong></span> <span class='ocrx_word' id='word_1_834' title='bbox 3308 3916 3512 3970; x_wconf 65' lang='lat' dir='ltr'><strong>poenas.</strong></span> 
     </span>
    </p>
   </div>
   <div class='ocr_carea' id='block_1_100' title="bbox 1943 3990 3514 4080">
    <p class='ocr_par' dir='ltr' id='par_1_100' title="bbox 1943 3990 3514 4080">
     <span class='ocr_line' id='line_1_100' title="bbox 1943 3990 3514 4080; baseline -0.013 -18"><span class='ocrx_word' id='word_1_835' title='bbox 1943 4012 2020 4079; x_wconf 89' lang='lat' dir='ltr'><strong>(a)</strong></span> <span class='ocrx_word' id='word_1_836' title='bbox 2044 4007 2291 4080; x_wconf 85' lang='lat' dir='ltr'><strong>[Ergone</strong></span> <span class='ocrx_word' id='word_1_837' title='bbox 2327 4005 2460 4074; x_wconf 87' lang='lat' dir='ltr'><strong>ignis</strong></span> <span class='ocrx_word' id='word_1_838' title='bbox 2483 4020 2586 4056; x_wconf 90' lang='lat' dir='ltr'><strong>non</strong></span> <span class='ocrx_word' id='word_1_839' title='bbox 2627 4001 2841 4062; x_wconf 81' lang='lat' dir='ltr'><strong>sufficit,</strong></span> <span class='ocrx_word' id='word_1_840' title='bbox 2865 3997 2955 4052; x_wconf 90' lang='lat' dir='ltr'><strong>scd</strong></span> <span class='ocrx_word' id='word_1_841' title='bbox 2979 3995 3180 4064; x_wconf 85' lang='lat' dir='ltr'><strong>sagittis</strong></span> <span class='ocrx_word' id='word_1_842' title='bbox 3203 4001 3283 4046; x_wconf 83' lang='lat' dir='ltr'><strong>est</strong></span> <span class='ocrx_word' id='word_1_843' title='bbox 3303 3992 3472 4060; x_wconf 88' lang='lat' dir='ltr'><strong>opus?</strong></span> <span class='ocrx_word' id='word_1_844' title='bbox 3501 3990 3514 4060; x_wconf 80' lang='grc' dir='ltr'>ι</span> 
     </span>
    </p>
   </div>
   <div class='ocr_carea' id='block_1_101' title="bbox 1945 4080 3512 4162">
    <p class='ocr_par' dir='ltr' id='par_1_101' title="bbox 1945 4080 3512 4162">
     <span class='ocr_line' id='line_1_101' title="bbox 1945 4080 3512 4162; baseline -0.013 -9"><span class='ocrx_word' id='word_1_845' title='bbox 1945 4100 2105 4153; x_wconf 69' lang='lat' dir='ltr'><strong>Vides</strong></span> <span class='ocrx_word' id='word_1_846' title='bbox 2146 4097 2321 4151; x_wconf 91' lang='lat' dir='ltr'><strong>omnia</strong></span> <span class='ocrx_word' id='word_1_847' title='bbox 2370 4110 2462 4162; x_wconf 86' lang='lat' dir='ltr'><strong>per</strong></span> <span class='ocrx_word' id='word_1_848' title='bbox 2506 4092 2901 4146; x_wconf 87' lang='lat' dir='ltr'><strong>translationem</strong></span> <span class='ocrx_word' id='word_1_849' title='bbox 2945 4096 2999 4140; x_wconf 90' lang='lat' dir='ltr'><strong>et</strong></span> <span class='ocrx_word' id='word_1_850' title='bbox 3040 4082 3333 4152; x_wconf 85' lang='lat' dir='ltr'><strong>emphasim</strong></span> <span class='ocrx_word' id='word_1_851' title='bbox 3376 4080 3512 4132; x_wconf 75' lang='lat' dir='ltr'><strong>dit-Ia</strong></span> 
     </span>
    </p>
   </div>
   <div class='ocr_carea' id='block_1_102' title="bbox 1943 4169 3514 4254">
    <p class='ocr_par' dir='ltr' id='par_1_102' title="bbox 1943 4169 3514 4254">
     <span class='ocr_line' id='line_1_102' title="bbox 1943 4169 3514 4254; baseline -0.017 -8"><span class='ocrx_word' id='word_1_852' title='bbox 1943 4206 2082 4252; x_wconf 88' lang='lat' dir='ltr'><strong>esse,</strong></span> <span class='ocrx_word' id='word_1_853' title='bbox 2125 4197 2180 4242; x_wconf 90' lang='lat' dir='ltr'><strong>et</strong></span> <span class='ocrx_word' id='word_1_854' title='bbox 2218 4196 2274 4240; x_wconf 91' lang='lat' dir='ltr'><strong>ut</strong></span> <span class='ocrx_word' id='word_1_855' title='bbox 2304 4201 2396 4254; x_wconf 88' lang='lat' dir='ltr'><strong>per</strong></span> <span class='ocrx_word' id='word_1_856' title='bbox 2436 4183 2548 4237; x_wconf 82' lang='lat' dir='ltr'><strong>lucc</strong></span> <span class='ocrx_word' id='word_1_857' title='bbox 2587 4191 2772 4235; x_wconf 90' lang='lat' dir='ltr'><strong>cuncta</strong></span> <span class='ocrx_word' id='word_1_858' title='bbox 2806 4185 3088 4246; x_wconf 83' lang='lat' dir='ltr'><strong>augeretur</strong></span> <span class='ocrx_word' id='word_1_859' title='bbox 3124 4171 3320 4225; x_wconf 89' lang='lat' dir='ltr'><strong>timor?</strong></span> <span class='ocrx_word' id='word_1_860' title='bbox 3361 4169 3514 4236; x_wconf 88' lang='lat' dir='ltr'><strong>Quod</strong></span> 
     </span>
    </p>
   </div>
   <div class='ocr_carea' id='block_1_103' title="bbox 1943 4261 3516 4342">
    <p class='ocr_par' dir='ltr' id='par_1_103' title="bbox 1943 4261 3516 4342">
     <span class='ocr_line' id='line_1_103' title="bbox 1943 4261 3516 4342; baseline -0.015 -7"><span class='ocrx_word' id='word_1_861' title='bbox 1943 4282 2083 4335; x_wconf 88' lang='lat' dir='ltr'><strong>enim</strong></span> <span class='ocrx_word' id='word_1_862' title='bbox 2115 4278 2277 4342; x_wconf 90' lang='lat' dir='ltr'><strong>dicit,</strong></span> <span class='ocrx_word' id='word_1_863' title='bbox 2328 4276 2430 4329; x_wconf 86' lang='lat' dir='ltr'><strong>tale</strong></span> <span class='ocrx_word' id='word_1_864' title='bbox 2471 4282 2569 4328; x_wconf 88' lang='lat' dir='ltr'><strong>est.</strong></span> <span class='ocrx_word' id='word_1_865' title='bbox 2616 4271 2825 4326; x_wconf 80' lang='lat' dir='ltr'><strong>Paravit</strong></span> <span class='ocrx_word' id='word_1_866' title='bbox 2866 4266 3118 4335; x_wconf 89' lang='lat' dir='ltr'><strong>supplicia</strong></span> <span class='ocrx_word' id='word_1_867' title='bbox 3161 4265 3225 4317; x_wconf 92' lang='lat' dir='ltr'><strong>iis</strong></span> <span class='ocrx_word' id='word_1_868' title='bbox 3261 4261 3349 4331; x_wconf 90' lang='lat' dir='ltr'><strong>qui</strong></span> <span class='ocrx_word' id='word_1_869' title='bbox 3394 4270 3516 4312; x_wconf 91' lang='lat' dir='ltr'><strong>sunt</strong></span> 
     </span>
    </p>
   </div>
   <div class='ocr_carea' id='block_1_104' title="bbox 1944 4353 3512 4440">
    <p class='ocr_par' dir='ltr' id='par_1_104' title="bbox 1944 4353 3512 4440">
     <span class='ocr_line' id='line_1_104' title="bbox 1944 4353 3512 4440; baseline -0.013 -17"><span class='ocrx_word' id='word_1_870' title='bbox 1944 4369 2220 4440; x_wconf 89' lang='lat' dir='ltr'><strong>puniendi.</strong></span> <span class='ocrx_word' id='word_1_871' title='bbox 2249 4366 2352 4422; x_wconf 88' lang='lat' dir='ltr'><strong>Sed</strong></span> <span class='ocrx_word' id='word_1_872' title='bbox 2379 4365 2422 4419; x_wconf 91' lang='lat' dir='ltr'><strong>si</strong></span> <span class='ocrx_word' id='word_1_873' title='bbox 2453 4380 2556 4418; x_wconf 89' lang='lat' dir='ltr'><strong>nou</strong></span> <span class='ocrx_word' id='word_1_874' title='bbox 2582 4363 2658 4416; x_wconf 90' lang='lat' dir='ltr'><strong>sic</strong></span> <span class='ocrx_word' id='word_1_875' title='bbox 2684 4360 2922 4421; x_wconf 89' lang='lat' dir='ltr'><strong>dixisset,</strong></span> <span class='ocrx_word' id='word_1_876' title='bbox 2952 4371 3056 4409; x_wconf 91' lang='lat' dir='ltr'><strong>non</strong></span> <span class='ocrx_word' id='word_1_877' title='bbox 3096 4355 3164 4408; x_wconf 89' lang='lat' dir='ltr'><strong>ita</strong></span> <span class='ocrx_word' id='word_1_878' title='bbox 3206 4353 3512 4406; x_wconf 87' lang='lat' dir='ltr'><strong>terruisset:</strong></span> 
     </span>
    </p>
   </div>
   <div class='ocr_carea' id='block_1_105' title="bbox 1947 4444 3520 4524">
    <p class='ocr_par' dir='ltr' id='par_1_105' title="bbox 1947 4444 3520 4524">
     <span class='ocr_line' id='line_1_105' title="bbox 1947 4444 3520 4524; baseline -0.013 -8"><span class='ocrx_word' id='word_1_879' title='bbox 1947 4477 2091 4516; x_wconf 90' lang='lat' dir='ltr'><strong>nunc</strong></span> <span class='ocrx_word' id='word_1_880' title='bbox 2119 4470 2295 4512; x_wconf 87' lang='lat' dir='ltr'><strong>autem</strong></span> <span class='ocrx_word' id='word_1_881' title='bbox 2335 4473 2453 4511; x_wconf 90' lang='lat' dir='ltr'><strong>cum</strong></span> <span class='ocrx_word' id='word_1_882' title='bbox 2476 4456 2804 4524; x_wconf 85' lang='lat' dir='ltr'><strong>sagittarum,</strong></span> <span class='ocrx_word' id='word_1_883' title='bbox 2828 4449 3008 4520; x_wconf 88' lang='lat' dir='ltr'><strong>gladii,</strong></span> <span class='ocrx_word' id='word_1_884' title='bbox 3046 4460 3200 4501; x_wconf 89' lang='lat' dir='ltr'><strong>arcus</strong></span> <span class='ocrx_word' id='word_1_885' title='bbox 3239 4444 3520 4499; x_wconf 85' lang='lat' dir='ltr'><strong>immissio-</strong></span> 
     </span>
    </p>
   </div>
   <div class='ocr_carea' id='block_1_106' title="bbox 1947 4534 3518 4614">
    <p class='ocr_par' dir='ltr' id='par_1_106' title="bbox 1947 4534 3518 4614">
     <span class='ocr_line' id='line_1_106' title="bbox 1947 4534 3518 4614; baseline -0.011 -8"><span class='ocrx_word' id='word_1_886' title='bbox 1947 4555 2064 4614; x_wconf 88' lang='lat' dir='ltr'><strong>nis,</strong></span> <span class='ocrx_word' id='word_1_887' title='bbox 2100 4549 2412 4605; x_wconf 90' lang='lat' dir='ltr'><strong>inteusionis</strong></span> <span class='ocrx_word' id='word_1_888' title='bbox 2451 4549 2922 4602; x_wconf 89' lang='lat' dir='ltr'><strong>instrumentorum</strong></span> <span class='ocrx_word' id='word_1_889' title='bbox 2950 4539 3167 4604; x_wconf 90' lang='lat' dir='ltr'><strong>mortis,</strong></span> <span class='ocrx_word' id='word_1_890' title='bbox 3207 4545 3262 4592; x_wconf 81' lang='lat' dir='ltr'><strong>et</strong></span> <span class='ocrx_word' id='word_1_891' title='bbox 3291 4534 3518 4590; x_wconf 90' lang='lat' dir='ltr'><strong>incendii</strong></span> 
     </span>
    </p>
   </div>
   <div class='ocr_carea' id='block_1_107' title="bbox 1949 4627 3520 4710">
    <p class='ocr_par' dir='ltr' id='par_1_107' title="bbox 1949 4627 3520 4710">
     <span class='ocr_line' id='line_1_107' title="bbox 1949 4627 3520 4710; baseline -0.011 -14"><span class='ocrx_word' id='word_1_892' title='bbox 1949 4643 2212 4706; x_wconf 85' lang='lat' dir='ltr'><strong>meminit,</strong></span> <span class='ocrx_word' id='word_1_893' title='bbox 2245 4641 2517 4710; x_wconf 85' lang='lat' dir='ltr'><strong>nominum</strong></span> <span class='ocrx_word' id='word_1_894' title='bbox 2543 4638 2797 4691; x_wconf 86' lang='lat' dir='ltr'><strong>varietate</strong></span> <span class='ocrx_word' id='word_1_895' title='bbox 2832 4643 3030 4688; x_wconf 88' lang='lat' dir='ltr'><strong>metum</strong></span> <span class='ocrx_word' id='word_1_896' title='bbox 3057 4633 3292 4686; x_wconf 82' lang='lat' dir='ltr'><strong>incussit.</strong></span> <span class='ocrx_word' id='word_1_897' title='bbox 3323 4627 3520 4682; x_wconf 89' lang='lat' dir='ltr'><strong>Deinde</strong></span> 
     </span>
    </p>
   </div>
   <div class='ocr_carea' id='block_1_108' title="bbox 1950 4718 3516 4795">
    <p class='ocr_par' dir='ltr' id='par_1_108' title="bbox 1950 4718 3516 4795">
     <span class='ocr_line' id='line_1_108' title="bbox 1950 4718 3516 4795; baseline -0.011 -7"><span class='ocrx_word' id='word_1_898' title='bbox 1950 4749 2136 4788; x_wconf 90' lang='lat' dir='ltr'><strong>rursus</strong></span> <span class='ocrx_word' id='word_1_899' title='bbox 2162 4742 2359 4786; x_wconf 88' lang='lat' dir='ltr'><strong>metum</strong></span> <span class='ocrx_word' id='word_1_900' title='bbox 2387 4729 2710 4794; x_wconf 85' lang='lat' dir='ltr'><strong>consolatus,</strong></span> <span class='ocrx_word' id='word_1_901' title='bbox 2742 4725 3050 4795; x_wconf 81' lang='lat' dir='ltr'><strong>subjunxit,</strong></span> <span class='ocrx_word' id='word_1_902' title='bbox 3081 4721 3399 4776; x_wconf 79' lang='lat' dir='ltr'><strong>Ardeatibus.</strong></span> <span class='ocrx_word' id='word_1_903' title='bbox 3441 4718 3516 4773; x_wconf 84' lang='lat' dir='ltr'><strong>Ne</strong></span> 
     </span>
    </p>
   </div>
   <div class='ocr_carea' id='block_1_109' title="bbox 1951 4813 3518 4894">
    <p class='ocr_par' dir='ltr' id='par_1_109' title="bbox 1951 4813 3518 4894">
     <span class='ocr_line' id='line_1_109' title="bbox 1951 4813 3518 4894; baseline -0.011 -15"><span class='ocrx_word' id='word_1_904' title='bbox 1951 4824 2069 4894; x_wconf 90' lang='lat' dir='ltr'><strong>quis</strong></span> <span class='ocrx_word' id='word_1_905' title='bbox 2115 4823 2256 4878; x_wconf 89' lang='lat' dir='ltr'><strong>enim</strong></span> <span class='ocrx_word' id='word_1_906' title='bbox 2307 4820 2638 4889; x_wconf 89' lang='lat' dir='ltr'><strong>insipientior</strong></span> <span class='ocrx_word' id='word_1_907' title='bbox 2676 4817 3039 4880; x_wconf 82' lang='lat' dir='ltr'><strong>existimaret,</strong></span> <span class='ocrx_word' id='word_1_908' title='bbox 3089 4813 3140 4867; x_wconf 89' lang='lat' dir='ltr'><strong>in</strong></span> <span class='ocrx_word' id='word_1_909' title='bbox 3175 4825 3360 4866; x_wconf 90' lang='lat' dir='ltr'><strong>omnes</strong></span> <span class='ocrx_word' id='word_1_910' title='bbox 3397 4825 3518 4864; x_wconf 90' lang='lat' dir='ltr'><strong>eum</strong></span> 
     </span>
    </p>
   </div>
   <div class='ocr_carea' id='block_1_110' title="bbox 1951 4902 3520 4982">
    <p class='ocr_par' dir='ltr' id='par_1_110' title="bbox 1951 4902 3520 4982">
     <span class='ocr_line' id='line_1_110' title="bbox 1951 4902 3520 4982; baseline -0.011 -12"><span class='ocrx_word' id='word_1_911' title='bbox 1951 4929 2141 4982; x_wconf 86' lang='lat' dir='ltr'><strong>manus</strong></span> <span class='ocrx_word' id='word_1_912' title='bbox 2167 4913 2416 4981; x_wconf 88' lang='lat' dir='ltr'><strong>dirigere,</strong></span> <span class='ocrx_word' id='word_1_913' title='bbox 2449 4921 2503 4966; x_wconf 89' lang='lat' dir='ltr'><strong>et</strong></span> <span class='ocrx_word' id='word_1_914' title='bbox 2530 4919 2790 4964; x_wconf 88' lang='lat' dir='ltr'><strong>armatum</strong></span> <span class='ocrx_word' id='word_1_915' title='bbox 2821 4923 2960 4970; x_wconf 86' lang='lat' dir='ltr'><strong>esse,</strong></span> <span class='ocrx_word' id='word_1_916' title='bbox 2989 4904 3260 4974; x_wconf 84' lang='lat' dir='ltr'><strong>subjunin</strong></span> <span class='ocrx_word' id='word_1_917' title='bbox 3280 4943 3294 4967; x_wconf 91' lang='lat'><strong>,</strong></span> <span class='ocrx_word' id='word_1_918' title='bbox 3323 4902 3520 4954; x_wconf 79' lang='lat' dir='ltr'><strong>Arden-</strong></span> 
     </span>
    </p>
   </div>
   <div class='ocr_carea' id='block_1_111' title="bbox 1951 4993 3523 5070">
    <p class='ocr_par' dir='ltr' id='par_1_111' title="bbox 1951 4993 3523 5070">
     <span class='ocr_line' id='line_1_111' title="bbox 1951 4993 3523 5070; baseline -0.01 -11"><span class='ocrx_word' id='word_1_919' title='bbox 1951 5006 2102 5059; x_wconf 86' lang='lat' dir='ltr'><strong>tibus.</strong></span> <span class='ocrx_word' id='word_1_920' title='bbox 2147 5003 2296 5070; x_wconf 90' lang='lat' dir='ltr'><strong>Quod</strong></span> <span class='ocrx_word' id='word_1_921' title='bbox 2346 5005 2503 5057; x_wconf 90' lang='lat' dir='ltr'><strong>etiam</strong></span> <span class='ocrx_word' id='word_1_922' title='bbox 2559 4999 2754 5056; x_wconf 79' lang='lat' dir='ltr'><strong>Paulus</strong></span> <span class='ocrx_word' id='word_1_923' title='bbox 2799 4996 3060 5066; x_wconf 79' lang='lat' dir='ltr'><strong>signiﬁcat</strong></span> <span class='ocrx_word' id='word_1_924' title='bbox 3102 4995 3168 5048; x_wconf 87' lang='lat' dir='ltr'><strong>de</strong></span> <span class='ocrx_word' id='word_1_925' title='bbox 3220 4993 3523 5062; x_wconf 85' lang='lat' dir='ltr'><strong>magistratu</strong></span> 
     </span>
    </p>
   </div>
   <div class='ocr_carea' id='block_1_112' title="bbox 1951 5081 3519 5162">
    <p class='ocr_par' dir='ltr' id='par_1_112' title="bbox 1951 5081 3519 5162">
     <span class='ocr_line' id='line_1_112' title="bbox 1951 5081 3519 5162; baseline -0.011 -12"><span class='ocrx_word' id='word_1_926' title='bbox 1951 5097 2136 5150; x_wconf 87' lang='lat' dir='ltr'><strong>dicens</strong></span> <span class='ocrx_word' id='word_1_927' title='bbox 2159 5111 2171 5147; x_wconf 76' lang='grc' dir='ltr'><strong>ε</strong></span> <span class='ocrx_word' id='word_1_928' title='bbox 2201 5093 2318 5146; x_wconf 78' lang='lat' dir='ltr'><strong>Non</strong></span> <span class='ocrx_word' id='word_1_929' title='bbox 2341 5094 2470 5146; x_wconf 73' lang='lat' dir='ltr'><strong>enim</strong></span> <span class='ocrx_word' id='word_1_930' title='bbox 2497 5095 2680 5162; x_wconf 77' lang='lat' dir='ltr'><strong>ft&#39;ustra</strong></span> <span class='ocrx_word' id='word_1_931' title='bbox 2709 5089 2933 5160; x_wconf 82' lang='lat' dir='ltr'><strong>gladium</strong></span> <span class='ocrx_word' id='word_1_932' title='bbox 2954 5093 3117 5156; x_wconf 86' lang='lat' dir='ltr'><strong>portat</strong></span> <span class='ocrx_word' id='word_1_933' title='bbox 3143 5083 3317 5156; x_wconf 85' lang='lat' dir='ltr'><strong>(Rom.</strong></span> <span class='ocrx_word' id='word_1_934' title='bbox 3337 5082 3421 5136; x_wconf 78' lang='lat' dir='ltr'><strong>l3.</strong></span> <span class='ocrx_word' id='word_1_935' title='bbox 3442 5081 3519 5148; x_wconf 77' lang='grc'><strong>4).</strong></span> 
     </span>
    </p>
   </div>
   <div class='ocr_carea' id='block_1_113' title="bbox 1954 5173 3521 5254">
    <p class='ocr_par' dir='ltr' id='par_1_113' title="bbox 1954 5173 3521 5254">
     <span class='ocr_line' id='line_1_113' title="bbox 1954 5173 3521 5254; baseline -0.012 -12"><span class='ocrx_word' id='word_1_936' title='bbox 1954 5185 2108 5254; x_wconf 87' lang='lat' dir='ltr'><strong>Quod</strong></span> <span class='ocrx_word' id='word_1_937' title='bbox 2133 5187 2175 5240; x_wconf 94' lang='lat' dir='ltr'><strong>si</strong></span> <span class='ocrx_word' id='word_1_938' title='bbox 2209 5186 2259 5239; x_wconf 89' lang='lat' dir='ltr'><strong>in</strong></span> <span class='ocrx_word' id='word_1_939' title='bbox 2291 5182 2682 5254; x_wconf 89' lang='lat' dir='ltr'><strong>magistratibus</strong></span> <span class='ocrx_word' id='word_1_940' title='bbox 2707 5179 2913 5247; x_wconf 86' lang='lat' dir='ltr'><strong>gladius</strong></span> <span class='ocrx_word' id='word_1_941' title='bbox 2945 5178 3044 5230; x_wconf 92' lang='lat' dir='ltr'><strong>hoc</strong></span> <span class='ocrx_word' id='word_1_942' title='bbox 3070 5173 3192 5228; x_wconf 87' lang='lat' dir='ltr'><strong>facit</strong></span> <span class='ocrx_word' id='word_1_943' title='bbox 3230 5185 3283 5226; x_wconf 86' lang='lat' dir='ltr'><strong>et</strong></span> <span class='ocrx_word' id='word_1_944' title='bbox 3321 5179 3521 5224; x_wconf 87' lang='lat' dir='ltr'><strong>terret:</strong></span> 
     </span>
    </p>
   </div>
   <div class='ocr_carea' id='block_1_114' title="bbox 1955 5262 3525 5348">
    <p class='ocr_par' dir='ltr' id='par_1_114' title="bbox 1955 5262 3525 5348">
     <span class='ocr_line' id='line_1_114' title="bbox 1955 5262 3525 5348; baseline -0.012 -15"><span class='ocrx_word' id='word_1_945' title='bbox 1955 5281 2125 5334; x_wconf 88' lang='lat' dir='ltr'><strong>nmlto</strong></span> <span class='ocrx_word' id='word_1_946' title='bbox 2155 5279 2321 5348; x_wconf 88' lang='lat' dir='ltr'><strong>magis</strong></span> <span class='ocrx_word' id='word_1_947' title='bbox 2353 5277 2405 5330; x_wconf 91' lang='lat' dir='ltr'><strong>iu</strong></span> <span class='ocrx_word' id='word_1_948' title='bbox 2431 5275 2556 5328; x_wconf 92' lang='lat' dir='ltr'><strong>Deo.</strong></span> <span class='ocrx_word' id='word_1_949' title='bbox 2586 5273 2750 5328; x_wconf 82' lang='lat' dir='ltr'><strong>Porro</strong></span> <span class='ocrx_word' id='word_1_950' title='bbox 2791 5271 2891 5325; x_wconf 90' lang='lat' dir='ltr'><strong>hoc</strong></span> <span class='ocrx_word' id='word_1_951' title='bbox 2917 5276 2997 5324; x_wconf 88' lang='lat' dir='ltr'><strong>est</strong></span> <span class='ocrx_word' id='word_1_952' title='bbox 3029 5283 3134 5321; x_wconf 92' lang='lat' dir='ltr'><strong>non</strong></span> <span class='ocrx_word' id='word_1_953' title='bbox 3159 5264 3388 5332; x_wconf 68' lang='lat' dir='ltr'><strong>vulgaris</strong></span> <span class='ocrx_word' id='word_1_954' title='bbox 3413 5262 3525 5316; x_wconf 87' lang='lat' dir='ltr'><strong>cle-</strong></span> 
     </span>
    </p>
   </div>
   <div class='ocr_carea' id='block_1_115' title="bbox 1957 5362 3522 5437">
    <p class='ocr_par' dir='ltr' id='par_1_115' title="bbox 1957 5362 3522 5437">
     <span class='ocr_line' id='line_1_115' title="bbox 1957 5362 3522 5437; baseline -0.012 -12"><span class='ocrx_word' id='word_1_955' title='bbox 1957 5371 2167 5425; x_wconf 75' lang='lat' dir='ltr'><strong>mentia:</strong></span> <span class='ocrx_word' id='word_1_956' title='bbox 2205 5375 2594 5437; x_wconf 84' lang='lat' dir='ltr'><strong>argumentum,</strong></span> <span class='ocrx_word' id='word_1_957' title='bbox 2638 5380 2731 5432; x_wconf 90' lang='lat' dir='ltr'><strong>per</strong></span> <span class='ocrx_word' id='word_1_958' title='bbox 2760 5362 2916 5416; x_wconf 83' lang='lat' dir='ltr'><strong>verba</strong></span> <span class='ocrx_word' id='word_1_959' title='bbox 2959 5369 3177 5422; x_wconf 87' lang='lat' dir='ltr'><strong>terrere,</strong></span> <span class='ocrx_word' id='word_1_960' title='bbox 3222 5366 3274 5410; x_wconf 83' lang='lat' dir='ltr'><strong>et</strong></span> <span class='ocrx_word' id='word_1_961' title='bbox 3316 5370 3522 5424; x_wconf 80' lang='lat' dir='ltr'><strong>pteuam</strong></span> 
     </span>
    </p>
   </div>
   <div class='ocr_carea' id='block_1_116' title="bbox 1956 5449 3525 5532">
    <p class='ocr_par' dir='ltr' id='par_1_116' title="bbox 1956 5449 3525 5532">
     <span class='ocr_line' id='line_1_116' title="bbox 1956 5449 3525 5532; baseline -0.011 -15"><span class='ocrx_word' id='word_1_962' title='bbox 1956 5462 2280 5532; x_wconf 88' lang='lat' dir='ltr'><strong>amplilicare</strong></span> <span class='ocrx_word' id='word_1_963' title='bbox 2305 5500 2318 5524; x_wconf 93' lang='lat'><strong>,</strong></span> <span class='ocrx_word' id='word_1_964' title='bbox 2365 5475 2431 5514; x_wconf 88' lang='lat' dir='ltr'><strong>ne</strong></span> <span class='ocrx_word' id='word_1_965' title='bbox 2473 5459 2643 5525; x_wconf 86' lang='lat' dir='ltr'><strong>rcipsa</strong></span> <span class='ocrx_word' id='word_1_966' title='bbox 2675 5471 2790 5510; x_wconf 88' lang='lat' dir='ltr'><strong>eam</strong></span> <span class='ocrx_word' id='word_1_967' title='bbox 2834 5454 3189 5523; x_wconf 75' lang='lat' dir='ltr'><strong>experiamur.</strong></span> <span class='ocrx_word' id='word_1_968' title='bbox 3241 5449 3525 5516; x_wconf 81' lang='lat' dir='ltr'><strong>Propterea</strong></span> 
     </span>
    </p>
   </div>
   <div class='ocr_carea' id='block_1_117' title="bbox 2023 5649 3532 5723">
    <p class='ocr_par' dir='ltr' id='par_1_117' title="bbox 2023 5649 3532 5723">
     <span class='ocr_line' id='line_1_117' title="bbox 2023 5649 3532 5723; baseline -0.014 -10"><span class='ocrx_word' id='word_1_969' title='bbox 2023 5663 2227 5723; x_wconf 80' lang='lat' dir='ltr'><strong>(a)Qu:e</strong></span> <span class='ocrx_word' id='word_1_970' title='bbox 2260 5659 2447 5723; x_wconf 75' lang='lat' dir='ltr'><strong>uncinis</strong></span> <span class='ocrx_word' id='word_1_971' title='bbox 2481 5656 2766 5706; x_wconf 83' lang='lat' dir='ltr'><strong>clauduntur</strong></span> <span class='ocrx_word' id='word_1_972' title='bbox 2800 5653 2845 5700; x_wconf 90' lang='lat' dir='ltr'><strong>in</strong></span> <span class='ocrx_word' id='word_1_973' title='bbox 2878 5651 3022 5700; x_wconf 62' lang='lat' dir='ltr'><strong>alitis</strong></span> <span class='ocrx_word' id='word_1_974' title='bbox 3054 5651 3257 5710; x_wconf 84' lang='lat' dir='ltr'><strong>desunt;</strong></span> <span class='ocrx_word' id='word_1_975' title='bbox 3293 5649 3532 5696; x_wconf 84' lang='lat' dir='ltr'><strong>habentur</strong></span> 
     </span>
    </p>
   </div>
   <div class='ocr_carea' id='block_1_118' title="bbox 1964 5721 2528 5774">
    <p class='ocr_par' dir='ltr' id='par_1_118' title="bbox 1964 5721 2528 5774">
     <span class='ocr_line' id='line_1_118' title="bbox 1964 5721 2528 5774; baseline -0.011 -1"><span class='ocrx_word' id='word_1_976' title='bbox 1964 5721 2125 5774; x_wconf 78' lang='lat' dir='ltr'><strong>autem</strong></span> <span class='ocrx_word' id='word_1_977' title='bbox 2149 5726 2196 5772; x_wconf 90' lang='lat' dir='ltr'><strong>in</strong></span> <span class='ocrx_word' id='word_1_978' title='bbox 2219 5721 2408 5770; x_wconf 82' lang='lat' dir='ltr'><strong>duobus</strong></span> <span class='ocrx_word' id='word_1_979' title='bbox 2431 5729 2528 5768; x_wconf 70' lang='lat' dir='ltr'><strong>Mss.</strong></span> 
     </span>
    </p>
   </div>
  </div>
