4068 6288
623 349 689 403 99
1321 342 1374 395 S.
1415 339 1689 395 .IOANNIS
1713 338 1845 391 Clll’i
1858 334 2178 390 YSOSl‘OMI

2283 332 2533 387 RCIIIEP.
2567 333 3094 390 CONSTAN'I'INUP.
3764 345 3856 401 100

615 461 757 514 enim
784 456 1028 520 intendit,
1072 463 1346 523 prepterca
1380 453 1615 521 paravit,
1663 453 1780 502 ideo
1822 459 2038 518 sagtttas
2081 447 2179 500 im-

619 553 822 618 posuit,
865 548 986 601 ideo
1025 560 1086 598 se
1125 553 1272 613 parat
1309 543 1372 596 ad
1412 544 1766 612 supplicium,
1807 557 1873 594 ne
1913 542 2086 592 veniat
2120 538 2187 591 ad

614 639 950 708 supplicium.
1453 631 1461 638 ’

684 729 770 784 12.
803 729 1104 783 Orationem
1126 736 1299 781 autem
1347 724 1517 779 reddit
1544 724 1836 793 graviorem
1861 763 1876 786 ,
1906 736 2001 789 per
2028 718 2182 784 illttd,

627 819 866 884 l'ibrabit,
898 820 1138 888 supplicii
1167 817 1551 890 vehementiam
1585 823 1640 869 et
1659 814 1984 868 celeritatem
2003 823 2184 864 osten-

610 911 780 977 dens;
811 926 903 981 per
918 910 1042 964 illud
1067 919 1264 973 autem,
1293 906 1535 972 Intendit,
1567 906 2010 975 propinquitatem
2039 921 2052 956 :
2093 919 2185 971 per

615 1002 764 1068 illud,
803 1001 1037 1067 Paravit,
1085 1001 1137 1054 id
1179 999 1317 1070 quod
1348 999 1567 1052 omnino
1605 997 1836 1051 futurum
1863 1005 1963 1061 est,
2008 997 2050 1048 si
2079 1010 2184 1048 non

612 1092 809 1148 fuerint
859 1095 1043 1148 mutati
1096 1111 1108 1146 :
1157 1109 1252 1163 per
1280 1092 1417 1146 hanc
1453 1105 1657 1157 vocem,
1703 1089 2022 1154 Ardeatibus,
2066 1103 2186 1142 teos

612 1187 917 1250 ostendens,
947 1197 1004 1237 ut
1023 1199 1116 1252 per
1139 1183 1254 1237 hate
1277 1182 1456 1236 omnia
1484 1181 1647 1247 docti,
1679 1178 2071 1248 improbitatem
2103 1195 2186 1232 rc-

618 1279 865 1343 primani.
915 1275 1066 1342 Quod
1109 1274 1153 1328 si
1176 1274 1288 1328 ha'c
1327 1283 1505 1328 essent
1545 1271 1736 1325 furoris
1782 1278 1836 1323 et
1879 1269 2183 1333 iracundize,

614 1379 717 1417 non
746 1364 1075 1433 prtedixisset
1098 1365 1194 1429 eis,
1223 1378 1281 1418 se
1310 1363 1611 1416 invasurum
1634 1377 1772 1416 esse.
1805 1361 1882 1414 lra
1913 1360 2053 1414 enim
2080 1374 2184 1412 non

613 1453 712 1506 hoc
762 1453 904 1519 facit,
937 1454 1028 1508 sed
1073 1454 1420 1520 contrarium,
1454 1454 1682 1507 maxime
1711 1451 1924 1520 quando
1949 1452 2015 1506 ad
2042 1467 2186 1504 sum-

611 1561 752 1598 mum
802 1547 1122 1614 pervenerit,
1151 1557 1206 1602 et
1229 1547 1489 1617 supplicio
1514 1561 1575 1600 ac
1617 1545 1860 1615 supplicii
1905 1545 2180 1613 apparatui

610 1636 868 1690 imminet.
897 1637 1085 1691 llostes
1111 1648 1273 1703 certe,
1303 1647 1354 1692 et
1392 1637 1482 1706 qui
1501 1637 1678 1691 volunl
1709 1635 2022 1704 supplicium
2051 1634 2186 1688 inﬂi-

607 1741 756 1793 gere,
802 1742 904 1779 non
935 1728 1094 1781 modo
1122 1727 1171 1780 id
1201 1743 1305 1781 non
1336 1726 1536 1790 dicunt,
1567 1725 1662 1779 sed
1692 1726 1849 1778 etiam
1880 1724 1931 1778 id
1952 1725 2184 1780 celantes

611 1815 884 1881 invadunt,
910 1832 975 1870 ne
991 1817 1076 1885 qui
1105 1827 1225 1870 sunt
1249 1817 1494 1886 puniendi
1521 1816 1564 1870 si
1588 1815 1915 1880 resciverint,
1939 1824 2179 1869 caveant.

607 1906 675 1957 At
705 1919 810 1959 non
857 1907 933 1959 sic
963 1906 1125 1971 Deus,
1177 1907 1271 1960 sed
1314 1917 1497 1960 contra
1543 1907 1760 1961 omnino
1791 1923 1805 1959 :
1841 1905 2096 1975 prmdicit,
2129 1914 2183 1960 et

603 1994 799 2062 differt,
829 1997 1004 2053 verbis
1030 2006 1211 2063 terret,
1235 2008 1288 2052 et
1313 1997 1440 2050 nihil
1470 2013 1572 2051 non
1607 1996 1752 2064 facit,
1784 2008 1839 2050 ut
1863 2014 1981 2067 qua:
2007 1999 2183 2051 mina-

605 2099 688 2142 tur
718 2105 820 2143 non
853 2090 1090 2145 inducat.
1139 2091 1250 2145 lloc
1282 2092 1441 2146 etiam
1481 2091 1600 2145 fecit
1650 2091 1700 2144 in
1744 2090 2005 2145 Ninivitis.
2051 2090 2182 2144 Nam

603 2181 706 2235 illic
727 2196 934 2252 quoque
982 2197 1161 2236 arcum
1194 2184 1434 2247 tetendit,
1482 2183 1714 2252 gladium
1746 2183 1986 2249 vihravit,
2009 2183 2181 2251 jacula

601 2275 824 2344 paravit,
855 2285 908 2329 et
952 2277 1110 2329 ictmn
1161 2292 1265 2329 non
1312 2275 1518 2329 inﬂixit.
1555 2279 1636 2328 An
1682 2290 1786 2328 non
1817 2275 1910 2328 tibi
1939 2274 2184 2329 videntur

604 2367 760 2420 \et'ba
791 2368 1062 2435 prophette
1088 2382 1208 2421 esse
1243 2382 1418 2432 arcus,
1449 2377 1503 2420 et
1529 2367 1712 2432 telum,
1741 2375 1794 2419 et
1821 2365 2030 2435 gladius
2055 2382 2182 2420 acu-

611 2468 714 2521 tus,
747 2459 955 2525 quando
984 2459 1110 2512 dicit
1142 2476 1155 2511 :
1183 2459 1364 2511 Adhuc
1407 2469 1504 2510 tres
1530 2459 1634 2510 dies
1680 2455 1753 2529 (a)
1781 2466 1827 2511 et
1858 2456 2041 2511 Ninive
2066 2458 2182 2510 sub-

605 2557 817 2601 vertetur
835 2547 1003 2617 (Iona:
1035 2549 1088 2602 5.
1107 2549 1164 2616 tl)
1185 2549 1207 2601 ?
1231 2548 1336 2602 Sed
1358 2549 1521 2601 telum
1540 2561 1643 2601 non
1664 2547 1842 2602 emisit
1869 2565 1883 2600 :
1912 2564 2016 2602 non
2037 2549 2180 2602 enim

603 2637 720 2691 ideo
741 2646 858 2692 erat
884 2649 1198 2708 apparatum
1231 2647 1286 2691 ut
1311 2640 1659 2702 emitteretur,
1684 2637 1776 2692 sed
1803 2647 1858 2692 ut
1886 2654 2178 2708 reponere-

601 2739 704 2783 tur.
753 2729 883 2783 Nam
930 2723 1128 2785 milites
1169 2729 1382 2800 quidem
1409 2745 1469 2784 ea
1510 2730 1578 2785 de
1604 2744 1758 2784 causa
1805 2739 2094 2797 armantur,
2124 2741 2181 2785 ut

599 2822 819 2890 puniant
848 2839 860 2874 :
899 2823 1035 2876 Deus
1059 2837 1362 2876 autemnon
1390 2822 1486 2887 sic,
1524 2820 1620 2875 sed
1654 2830 1707 2874 ιιι
1734 2835 1853 2876 cum
1887 2822 2180 2876 reddiderit

598 2922 741 2966 metu
784 2912 1156 2977 modestiores,
1188 2911 1451 2965 abstineat
1485 2927 1698 2964 manum
1738 2928 1768 2965 a
1795 2913 2072 2982 supplicio.
2101 2911 2177 2968 Ne

597 3017 726 3071 ergo
745 3001 1125 3056 conturbemur
1149 3021 1160 3054 :
1181 3009 1263 3055 est
1281 3002 1421 3055 enim
1442 3011 1613 3055 terror
1627 3001 1912 3056 verborum
1938 3003 2179 3057 maximat

597 3093 915 3157 clementiae,
937 3101 993 3146 et
1031 3107 1136 3161 quo
1151 3091 1280 3146 dicit
1299 3091 1734 3158 intolerabiliora,
1765 3108 1830 3146 eo
1858 3093 1945 3146 illa
1965 3109 2031 3148 ex
2056 3110 2176 3148 ma-

595 3181 701 3252 jori
743 3183 870 3238 dicit
910 3182 1332 3238 mansuetudine.
1374 3183 1504 3237 Nam
1549 3191 1723 3253 patres
1765 3184 1923 3238 etiam
1967 3185 2179 3255 quando

597 3274 782 3328 nolunt
811 3275 999 3343 punire
1048 3275 1207 3341 lilios,
1250 3275 1427 3330 verbis
1467 3275 1599 3330 iram
1629 3276 1874 3330 attollunt
1909 3293 1922 3328 :
1959 3279 2026 3330 ita
2064 3280 2178 3347 ipse

597 3367 779 3432 etiam,
809 3367 930 3434 quia
979 3381 1082 3420 non
1127 3367 1239 3420 vult
1284 3367 1501 3436 punire,
1547 3366 1723 3420 verbis
1771 3377 1971 3421 metum
2006 3367 2179 3423 reddit

596 3457 914 3524 graviorem.
944 3456 1082 3510 Dicit
1101 3457 1257 3511 etiam
1284 3472 1343 3511 se
1370 3472 1583 3525 parasse
1620 3459 1938 3526 gehennam,
1971 3473 2037 3512 ne
2058 3458 2177 3512 mit-

602 3555 676 3598 tat
721 3547 772 3599 in
803 3545 1099 3616 gehennam
1127 3588 1140 3612 ,
1170 3556 1223 3600 et
1251 3546 1371 3602 ideo
1399 3547 1557 3600 etiam
1600 3547 1652 3600 in
1684 3547 1982 3616 Evangeliis
2014 3548 2174 3602 multa

598 3636 846 3690 dicuntur
867 3638 933 3692 de
964 3638 1242 3707 supplicio,
1285 3653 1347 3692 ac
1377 3639 1523 3707 plura
1555 3653 1710 3708 quam
1735 3639 1802 3694 de
1829 3656 2011 3710 regno.
2043 3642 2174 3707 Quia

599 3730 740 3782 enim
771 3730 822 3783 in
849 3729 915 3783 iis
941 3710 1032 3799 qui
1077 3729 1269 3784 minori
1300 3741 1425 3785 sunt
1454 3746 1611 3784 sensu
1641 3730 1868 3801 praaditi,
1911 3749 2016 3785 non
2054 3742 2175 3785 tan-

601 3832 712 3875 tum
743 3821 1005 3876 bonorum
1056 3823 1354 3892 promissio,
1387 3839 1546 3892 quam
1577 3833 1959 3878 tormentorum
2004 3835 2175 3878 metus

598 3913 812 3968 adducit
833 3915 897 3967 ad
919 3913 1192 3978 virtutem,
1216 3923 1270 3968 et
1291 3914 1505 3968 abducit
1525 3929 1554 3967 a
1585 3915 1712 3968 vitio
1744 3933 1757 3968 :
1791 3925 2069 3984 prepterca
2119 3915 2171 3970 in

603 4006 666 4058 iis
691 4006 860 4076 magis
905 4016 1236 4070 unmoratur,
1290 4013 1345 4060 et
1371 4021 1432 4060 ea
1484 4007 1631 4076 ponit
1667 4007 1899 4061 assidue.
1944 4006 2020 4062 Ne
2048 4023 2173 4078 ergo

600 4096 839 4150 molestia
857 4096 1170 4163 al'iiciamur,
1198 4096 1322 4151 dum
1349 4097 1527 4166 gravia
1554 4097 1712 4151 verba
1737 4097 1979 4152 audimus
2013 4116 2026 4153 :
2062 4115 2175 4152 ma-

599 4201 760 4255 gnum
794 4187 934 4239 cnim
967 4187 1172 4241 lucrum
1205 4188 1257 4242 in
1284 4203 1342 4242 se
1379 4188 1685 4251 continent;
1733 4188 1826 4242 sed
1857 4189 1971 4257 ejus
1994 4189 2175 4242 cousi-

597 4276 846 4329 derantes
886 4287 939 4330 et
985 4277 1294 4348 patientiam
1336 4284 1394 4332 et
1441 4276 1640 4345 justum
1687 4277 1964 4348 judicium,
2013 4293 2080 4331 ne
2106 4279 2174 4332 de

601 4367 769 4420 salute
814 4367 1195 4438 desperemus:
1228 4379 1308 4425 est
1355 4372 1496 4424 enim
1530 4371 1773 4440 patiens;
1818 4385 1990 4441 neque
2035 4372 2171 4425 tristi

595 4457 773 4509 animo
797 4457 961 4511 simus
988 4476 1003 4512 :
1036 4469 1117 4513 est
1148 4461 1287 4515 enim
1323 4462 1530 4529 justus;
1561 4461 1645 4515 hic
1694 4460 1904 4530 quidem
1955 4462 2171 4516 multam

596 4547 884 4602 ostendens
915 4551 1242 4617 patientiam,
1271 4551 1376 4606 illic
1403 4562 1579 4607 autem
1609 4568 1703 4606 eos
1723 4552 1812 4622 qui
1842 4568 1946 4607 non
1977 4553 2063 4608 hic
2091 4553 2174 4607 lu-

594 4637 933 4705 crifccerunt,
967 4641 1330 4710 experimento
1359 4644 1572 4697 ﬁndens
1615 4645 1857 4714 supplicii
1885 4663 1900 4707 ;
1929 4647 2069 4716 quod
2107 4662 2175 4702 ne

598 4731 707 4793 tiat,
738 4729 821 4783 hic
839 4733 948 4798 jam
977 4733 1290 4800 supplicium
1317 4733 1660 4802 depellamus.
1698 4736 1784 4790 l5.
1831 4736 1964 4789 Ecce
1996 4745 2174 4806 partu-

593 4822 679 4874 riit
709 4823 1026 4892 injustitiam.
1060 4823 1312 4878 Hebraeus
1333 4833 1530 4888 autem,
1556 4841 1650 4896 pro
1673 4828 1929 4895 parturiit,
1953 4827 2104 4882 Jebat
2131 4832 2170 4881 ⁸.

595 4913 834 4982 Concepit
859 4914 1100 4967 dolorem.
1132 4915 1299 4981 Alius,
1333 4914 1400 4969 Et
1428 4933 1539 4969 cum
1568 4919 1904 4987 parturiisset.
1937 4918 2003 4971 Et
2027 4936 2176 4990 pepe-

596 5009 660 5060 rit
685 5007 1015 5076 iniquitatem.
1048 5009 1216 5074 Alius,
1243 5007 1586 5063 Mendacium.
1614 5009 1702 5065 16.
1729 5008 1919 5065 Locum
1950 5013 2170 5080 aperuit,

659 5289 677 5322 ι
711 5294 846 5351 neg.,
873 5286 1187 5350 labet;Editi,
1213 5287 1340 5339 lebat
1367 5302 1384 5340 :
1409 5302 1502 5341 vox
1526 5291 1729 5341 Hebraea
1751 5265 2009 5350 cubant.

656 5376 730 5453 (ιι)
751 5380 1082 5453 Antiquissima
1116 5379 1240 5453 haec
1255 5377 1402 5453 lectio
1426 5390 1519 5442 est,
1545 5389 1597 5453 et
1619 5382 1668 5429 in
1689 5383 1994 5453 septuaginta
2017 5389 2170 5453 (pterf

597 5444 766 5516 ιντοεθε
796 5440 984 5516 iam?
1008 5449 1250 5516 gemet
1276 5440 1512 5516 "sitqu
1549 5449 1616 5516 et.
1825 5440 1900 5516 δεῖ,
1918 5442 2082 5516 aquila
2120 5451 2174 5516 et

595 5499 898 5562 Symmachus
932 5510 986 5571 et
1020 5502 1314 5573 'l‘beodotio2
1346 5505 1564 5576 itemque
1586 5499 1800 5568 Vulgata,
1825 5499 2054 5575 habeant,
2079 5505 2174 5553 Ad-

594 5558 1044 5636 Et“:
1052 5564 1172 5636 dies,
1189 5571 1236 5614 et
1256 5571 1420 5636 Nativa
1440 5564 1758 5636 subverteth
1779 5572 1990 5636 Justinus
2010 5572 2173 5636 autem

597 5619 861 5698 #2939922
1000 5619 1260 5698 ,Ῥτρδδιιθ
1281 5625 1727 5698 ςεφάιηςίηρηβτεξ
1745 5626 1922 5698 laeva.
1946 5626 2010 5698 ita
2031 5633 2083 5698 ιιι
2107 5638 2171 5674 ει

596 5681 784 5731 duabus
802 5681 1112 5732 flectionibu's'
1148 5698 1242 5733 una
1282 5681 1402 5736 facta
1433 5681 1513 5737 sit.
1538 5688 1628 5737 Sed
1667 5687 1736 5741 ait
1760 5681 1942 5738 ibidem
1964 5688 2175 5739 Justinus

597 5744 690 5792 alia
715 5743 1030 5807 exemplaria,
1054 5753 1150 5796 tres
1174 5747 1294 5808 dies,
1321 5747 1522 5799 habere.

2293 457 2338 496 et
2364 442 2537 508 c/I'odit
2565 459 2678 496 eum
2706 485 2722 509 ,
2747 457 2790 496 et
2818 444 3007 497 incidet
3032 446 3083 498 in
3107 447 3298 513 foveant
3324 463 3474 516 quam
3498 448 3633 516 fecit.
3666 453 3803 506 Alius
3831 472 3851 515 ,ε

2293 533 2356 587 In
2384 536 2638 586 interitum
2669 551 2812 604 quem
2837 539 2972 603 fecit.
3008 537 3150 590 Dixit
3186 539 3348 592 Deum
3374 554 3494 594 esse
3534 552 3768 610 paratum
3793 548 3852 601 ad

2294 626 2610 692 supplicium
2633 643 2646 689 ;
2667 627 2799 680 dixit
2817 643 2935 680 eum
2952 630 3234 683 immittere
3251 631 3504 698 supplicia
3525 648 3537 683 :
3560 648 3653 701 per
3665 633 3760 688 hoc
3775 653 3854 691 ca-

2289 716 2518 783 stigavit,
2550 727 2603 768 ct
2629 717 2925 770 modestum
2969 719 3198 772 reddidit
3227 721 3545 786 auditorem,
3579 735 3635 776 ut
3659 727 3744 794 qui
3771 743 3850 780 su-

2290 821 2509 875 pernam
2540 807 2670 860 iratn
2697 808 2744 861 ei
2783 809 3090 880 impendere
3117 811 3427 866 ostenderit.
3455 815 3590 868 Eum
3616 816 3854 887 deinceps

2289 896 2445 950 docet
2469 897 2626 950 etiam
2655 913 2721 951 ex
2753 899 2912 953 rebus
2940 900 3066 968 ipsis
3090 902 3397 969 ostendens,
3423 904 3507 958 vel
3529 917 3651 960 ante
3669 911 3855 978 suppli-

2288 987 2447 1066 cium,
2475 986 2646 1056 ipsum
2675 988 2859 1041 vitium
2885 1004 3003 1044 esse
3029 1006 3258 1059 pmnam.
3289 993 3439 1060 Quod
3469 995 3678 1064 quidem
3704 1008 3854 1053 etiam

2291 1075 2486 1130 Paulus
2535 1078 2926 1146 demonstrans,
2980 1080 3191 1136 dicebat
3245 1099 3258 1135 :
3305 1083 3368 1136 Et
3399 1086 3673 1140 mercedem
3715 1105 3854 1156 quam

2289 1167 2548 1234 Oportebat
2589 1170 2773 1221 erroris
2818 1172 2871 1222 in
2915 1186 2968 1224 se
3006 1173 3298 1241 recipientes
3347 1173 3524 1244 (Rom.
3572 1179 3623 1232 1.
3659 1177 3859 1250 27);et

2288 1256 2503 1310 adducit
2530 1257 2580 1310 in
2612 1259 2844 1313 medium
2859 1274 2953 1314 eos
2973 1262 3061 1329 qui
3079 1273 3314 1317 extrema
3341 1280 3369 1317 a
3399 1266 3524 1321 vitio
3551 1270 3690 1336 passi
3720 1280 3855 1324 sunt.

2291 1346 2422 1411 Quia
2451 1347 2595 1401 enim
2624 1349 2770 1402 multi
2801 1365 2865 1404 ex
2900 1352 3246 1408 crassior-ibus
3277 1363 3400 1410 tunc
3428 1360 3659 1414 maxime
3695 1361 3860 1416 solent

2290 1438 2527 1504 reprimi,
2559 1448 2612 1492 et
2658 1441 3037 1496 moderatiores
3060 1443 3220 1511 eflici,
3244 1447 3459 1516 quando
3487 1463 3582 1503 eos
3607 1453 3694 1520 qui
3726 1455 3857 1521 passi

2287 1539 2412 1583 sunt
2442 1529 2670 1584 viderint
2702 1551 2715 1585 :
2743 1543 3023 1602 propterea
3055 1536 3167 1604 ipse
3203 1554 3415 1608 quoque
3443 1557 3538 1596 eos
3567 1544 3782 1600 adducit
3807 1548 3856 1602 in

2287 1620 2540 1674 medium.
2572 1620 2646 1674 lta
2664 1623 2824 1677 etiam
2849 1624 2970 1679 facit
2993 1623 3258 1693 Christus,
3280 1631 3368 1700 qui
3391 1646 3512 1686 cum
3535 1633 3602 1688 de
3624 1635 3858 1705 gehenua

2289 1710 2508 1766 multum
2537 1711 2894 1781 disseruisset,
2927 1731 3021 1771 eos
3043 1719 3202 1773 etiam
3224 1722 3314 1790 qui
3336 1723 3458 1777 illuc
3479 1726 3782 1793 mittuntur,
3806 1730 3855 1784 iu

2287 1803 2519 1858 medium
2561 1805 2797 1874 adducit,
2831 1819 2888 1862 ut
2913 1809 3130 1866 divitem
3159 1813 3250 1882 qui
3277 1823 3390 1868 erat
3419 1824 3657 1886 tempore
3682 1819 3858 1875 Lazari

2288 1894 2534 1966 (LchG.
2567 1898 2808 1970 i9.sqq.)
2830 1944 2844 1966 ,
2879 1903 3110 1973 virgines
3130 1904 3332 1971 fatuas,
3381 1924 3500 1962 eum
3534 1913 3750 1982 insuper
3775 1915 3859 1982 qui

2287 2003 2447 2042 unum
2493 1990 2744 2046 talentum
2775 1994 3124 2050 absconderat
3173 1998 3385 2066 (Matth.
3415 2001 3506 2055 25.
3537 2004 3585 2056 1.
3622 2020 3731 2074 sqq.
3776 2005 3860 2059 2i.

2285 2083 2456 2149 sqq);
2500 2090 2553 2134 et
2601 2081 2654 2135 in
2703 2085 2947 2151 prtesenti
2981 2087 3085 2140 vita
3129 2101 3224 2142 eos
3274 2092 3363 2158 qui
3418 2092 3470 2144 in
3520 2095 3649 2148 turri
3697 2097 3860 2150 obruti

2286 2171 2510 2238 fuerant,
2537 2182 2590 2227 et
2631 2190 2855 2244 quorum
2903 2179 3210 2247 sanguinem
3265 2182 3462 2236 Pilatus
3490 2187 3702 2241 miscuit
3749 2204 3861 2242 cmn

2282 2261 2555 2316 sacriﬁciis
2603 2262 2621 2335 (
2645 2263 2770 2318 an.
2803 2266 2889 2321 15.
2917 2267 2968 2320 1.
2995 2269 3046 2322 4.
3071 2268 3115 2338 ).
3143 2269 3214 2323 lta
3241 2271 3397 2325 etiam
3425 2272 3609 2329 Petrus
3652 2293 3772 2332 cum
3800 2279 3864 2333 de

2281 2351 2521 2420 gehcnna
2544 2355 2766 2409 multum
2810 2356 3180 2426 disseruisset,
3207 2376 3302 2416 eos
3330 2372 3452 2418 tunc
3479 2367 3713 2421 maxime
3745 2386 3862 2438 pcr-

2282 2443 2430 2506 culit,
2457 2446 2669 2513 quando
2713 2447 2974 2517 supplicio
3017 2449 3236 2506 allectos
3279 2453 3496 2510 adduxit
3526 2457 3578 2510 in
3610 2459 3860 2526 medium,

2280 2544 2337 2588 et
2375 2550 2497 2590 ante
2537 2537 2723 2593 oculos
2747 2540 2978 2595 ostendit
3022 2543 3254 2598 Ananite-
3272 2553 3327 2599 et
3344 2545 3618 2618 Sapphirte
3664 2555 3869 2623 suppli-

2281 2627 2421 2682 cium
2451 2630 2584 2700 (Act.
2606 2631 2732 2686 5.1.
2766 2632 2924 2704 sqq):
2951 2635 3089 2703 quod
3117 2636 3328 2704 quidem
3347 2638 3470 2693 fecit
3490 2641 3650 2696 etiam
3679 2644 3868 2699 Paulus

2282 2719 2334 2772 in
2367 2736 2520 2790 mago
2547 2720 2684 2793 (Act.
2715 2725 2802 2778 i5.
2844 2725 2905 2780 11
2932 2725 2972 2795 ).
3002 2725 3114 2781 Hoc
3147 2728 3306 2782 etiam
3344 2729 3450 2785 alio
3487 2732 3648 2787 modo
3673 2737 3869 2790 molir-

2286 2819 2416 2872 mat,
2442 2811 2654 2879 quando
2685 2827 2868 2867 eorum
2905 2815 2991 2883 qui
3021 2815 3074 2868 in
3110 2817 3396 2874 solitudine
3437 2818 3651 2876 fuerant
3682 2826 3869 2879 menti-

2282 2900 2360 2954 uit
2381 2942 2394 2965 ,
2422 2903 2498 2956 sic
2531 2902 2714 2957 dicens
2742 2920 2755 2955 :
2789 2903 2927 2958 Nolo
2953 2921 3037 2960 vos
3063 2908 3314 2978 ignorare,
3344 2911 3529 2979 fratres
3552 2955 3566 2978 ,
3594 2917 3737 2984 quod
3764 2933 3868 2969 οιιι-

2280 3010 2368 3047 nes
2415 3005 2582 3063 patres
2616 2997 2778 3050 nostri
2803 2998 2892 3050 sub
2926 3000 3053 3052 nube
3094 3005 3320 3072 fuerunt,
3351 3011 3396 3056 et
3443 3021 3612 3059 omnes
3643 3008 3701 3060 in
3733 3008 3870 3062 Mosa

2282 3086 2528 3156 baptizati
2551 3096 2690 3152 sunt,
2719 3097 2765 3141 et
2785 3089 2950 3142 cibum
2977 3089 3289 3160 spiritualem
3322 3094 3666 3162 comederunt,
3701 3107 3750 3152 et
3777 3115 3870 3166 po-

2279 3183 2385 3228 tum
2400 3177 2707 3246 spiritualem
2721 3178 2946 3233 biberunt
2962 3196 2980 3234 :
2999 3181 3086 3234 sed
3101 3199 3200 3235 non
3216 3184 3268 3236 in
3285 3184 3511 3253 pluribus
3526 3203 3703 3241 eorum
3732 3205 3868 3242 cont-

2281 3266 2521 3337 placitura
2548 3279 2620 3322 est
2646 3269 2770 3336 Deo,
2802 3271 2888 3324 sed
2918 3273 3190 3342 perierunt,
3242 3285 3290 3329 et
3334 3277 3616 3330 ceciderunt
3643 3280 3724 3348 (1.
3752 3279 3869 3334 Cor.

2280 3359 2348 3412 10
2379 3359 2540 3428 1.-5).
2590 3359 2721 3426 Quia
2751 3360 2892 3414 enim
2912 3361 3165 3416 disseruit
3181 3365 3250 3418 de
3279 3363 3488 3432 futuris,
3512 3366 3578 3420 de
3596 3369 3870 3438 gehenna,

2280 3449 2517 3520 inquam,
2553 3451 2620 3504 de
2651 3467 2823 3520 poena,
2856 3463 2907 3508 et
2938 3455 3220 3524 supplicio,
3251 3472 3318 3510 ex
3350 3461 3633 3526 praeteritis
3661 3477 3874 3533 quoque

2277 3555 2461 3594 eorum
2495 3540 2648 3596 affert
2695 3544 3079 3612 probationem,
3117 3561 3210 3601 eos
3237 3549 3327 3617 qui
3359 3549 3500 3618 plexi
3531 3561 3660 3606 sunt
3698 3553 3872 3607 addu-

2281 3645 2411 3686 cens
2455 3632 2504 3685 in
2544 3634 2810 3700 medium,
2849 3634 2949 3690 bos
2983 3637 3197 3707 quidem
3248 3655 3278 3692 a
3321 3643 3703 3712 serpentibus,
3754 3645 3872 3699 illos

2277 3736 2404 3776 vero
2434 3723 2501 3777 ab
2539 3725 2968 3782 exterminatore.
3003 3728 3155 3794 Quod
3179 3729 3391 3800 quidem
3428 3732 3512 3786 hic
3547 3748 3768 3806 quoque
3797 3736 3871 3790 fa-

2275 3813 2349 3867 cit
2408 3814 2568 3868 David
2598 3858 2613 3881 ,
2648 3817 2730 3871 vel
2769 3817 2837 3873 de
2865 3820 3220 3890 Achitophele
3257 3823 3461 3890 dicens,
3493 3827 3573 3880 vel
3602 3828 3678 3882 de
3708 3829 3874 3882 Absa-

2277 3905 2418 3961 lone.
2467 3906 2712 3963 Nonnulli
2766 3910 2941 3980 itaque
2965 3911 3147 3967 dicunt
3186 3913 3327 3968 dicta
3371 3930 3492 3971 esse
3531 3917 3600 3972 de
3647 3919 3878 3974 Achito—

2277 3998 2452 4066 phele.
2482 3998 2598 4054 Non
2643 4001 2786 4055 enim
2815 4003 3052 4071 ejusdem
3083 4015 3199 4058 erat
3223 4006 3399 4062 dicere
3432 4025 3445 4060 :
3497 4008 3712 4064 Parcite
3751 4012 3877 4062 mihi

2276 4090 2439 4158 ﬁliolo
2460 4107 2570 4145 meo
2595 4092 2855 4158 Absaloni,
2885 4103 2941 4151 et
2982 4106 3105 4167 post
3128 4113 3329 4162 casum,
3365 4099 3491 4166 Qui:
3514 4103 3722 4156 dederit
3753 4103 3879 4155 mihi

2275 4191 2486 4235 mortem
2527 4200 2619 4252 pro
2647 4194 2694 4241 te
2719 4183 2792 4255 ('2.
2825 4185 2954 4257 Reg.
2994 4187 3082 4242 18.
3124 4189 3180 4242 5.
3225 4188 3438 4259 53)?et
3475 4190 3590 4245 lucc
3625 4210 3775 4248 nunc
3796 4195 3892 4246 di-'

2275 4287 2399 4327 cere
2435 4291 2449 4327 :
2479 4273 2573 4327 sed
2597 4275 2684 4330 illa
2709 4276 2919 4344 quidem
2946 4277 3156 4332 dicebat
3177 4279 3458 4349 instigante
3481 4291 3700 4348 natura,
3733 4299 3882 4337 nunc

2279 4379 2406 4419 vero
2431 4365 2638 4422 amatus
2663 4381 2693 4421 a
2719 4369 2926 4437 spiritu.
2957 4369 3064 4424 Sed
3101 4371 3218 4427 sive
3244 4372 3312 4425 de
3340 4372 3631 4442 Absalone,
3666 4377 3790 4432 sive
3815 4377 3884 4430 de

2274 4455 2624 4526 Achitophele
2661 4458 2798 4514 dicta
2849 4459 3098 4526 fuerunt,
3149 4463 3532 4518 consideranda
3575 4477 3716 4520 sunt
3759 4483 3884 4538 qua:

2279 4545 2417 4600 dicta
2438 4555 2596 4602 sunt:
2628 4564 2800 4620 neque
2837 4552 2978 4606 enim
3007 4551 3076 4606 de
3097 4554 3340 4622 personis
3365 4568 3396 4608 a
3427 4569 3510 4609 me
3536 4570 3886 4628 magnopere

2277 4640 2536 4709 agendum
2569 4652 2671 4698 est.

2349 4737 2436 4791 15.
2455 4735 2598 4804 Quid
2610 4753 2734 4808 ergo
2744 4751 2811 4793 ex
2825 4736 2924 4794 hoc
2936 4735 3331 4798 locodiscimus
3342 4743 3367 4797 f
3379 4741 3646 4810 Ostendit,
3675 4744 3800 4799 fore
3829 4755 3890 4799 ut

2278 4825 2367 4895 qui
2395 4826 2691 4896 propinquo
2732 4827 2863 4881 todit
2891 4828 3117 4896 foveam,
3147 4831 3260 4900 ipse
3298 4831 3352 4884 in
3379 4846 3496 4886 eam
3525 4832 3744 4890 incidat
3775 4853 3790 4888 :
3831 4845 3889 4889 et

2276 4916 2720 4986 quemadmodum
2742 4919 2993 4974 mulieres
3015 4922 3367 4989 parturientes
3389 4936 3420 4976 a
3447 4921 3744 4980 doloribus
3765 4926 3891 4981 dis-

2277 5020 2585 5081 cerpuntur,
2609 5012 2676 5065 ita
2693 5012 2851 5066 etiam
2867 5012 2956 5082 qui
2982 5013 3103 5066 facit
3116 5013 3317 5081 dolum,
3334 5014 3641 5084 priusquam
3664 5018 3892 5088 propin-

2277 5115 2436 5170 quum
2459 5102 2647 5170 injuria
2674 5103 2887 5167 alliciat,
2912 5104 3024 5173 ipse
3042 5106 3358 5174 discerpitur
3381 5114 3442 5160 et
3482 5109 3797 5176 cruciatur,
3833 5120 3892 5166 ct

2278 5210 2383 5247 nun
2432 5192 2534 5247 levi
2561 5194 2738 5263 aliquo
2757 5235 2771 5258 ,
2794 5195 2887 5248 sed
2912 5195 3379 5252 vehementissimo
3405 5198 3591 5253 dolore
3611 5199 3891 5255 afﬁcitur.

2277 5285 2534 5351 Quocirca
2579 5299 2700 5339 cum
2731 5287 2886 5340 vellet
2939 5287 3280 5343 acerbitatem
3324 5288 3525 5344 doloris
3553 5291 3893 5356 ostendere.

2278 5391 2390 5430 rem
2418 5383 2597 5445 partus
2609 5375 2846 5430 dolorem
2864 5377 3166 5446 appellavit.
3183 5379 3404 5446 Quando
3417 5381 3560 5434 enim
3586 5382 3720 5436 vult
3737 5382 3895 5437 Scri-

2278 5477 2434 5537 ptura
2463 5468 2845 5523 intolerabilem
2874 5470 3104 5540 aliquem
3134 5471 3372 5528 dolorem
3397 5473 3729 5541 ostendere,
3766 5491 3890 5545 par-

2280 5568 2365 5613 tus
2383 5558 2587 5614 doloris
2608 5575 2729 5614 eum
2754 5561 2968 5616 nomine
2997 5559 3271 5616 describit.
3295 5563 3528 5618 Proinde
3547 5563 3689 5619 alibi
3715 5565 3862 5619 dicit
3880 5583 3895 5614 ι

2282 5647 2525 5703 Pariendi
2553 5649 2750 5705 dolores
2774 5662 3012 5720 ceperunt
3037 5653 3318 5708 habitantes
3348 5654 3633 5708 PItilistiim
3665 5654 3892 5726 (Exod.

2280 5737 2371 5793 15.
2402 5738 2536 5809 lit),
2563 5739 2664 5794 hoc
2693 5751 2794 5809 est,
2823 5743 2982 5798 timor
3001 5785 3017 5812 ,
3049 5753 3269 5812 tremor,
3298 5743 3483 5814 labor,
3513 5756 3565 5800 et
3594 5745 3800 5802 dolor.
3829 5747 3898 5801 Et
