4032 6284
292 375 362 430 οη
1428 362 1795 422 Exposmo
1823 363 1891 418 IN
1928 345 2256 419 Ρεζιωιωί
2297 359 2408 417 vn.

297 485 373 558 μὴ
417 483 669 554 γενέσθαι
721 485 780 538 ἐν
828 484 993 557 πείρᾳ
1036 483 1144 538 τῶν
1186 484 1542 556 πραγμάτων.
1607 481 1706 534 Διά
1762 479 1870 551 γάρ

293 572 452 636 τοῦτο
471 572 724 638 ἐνέτεινε,
743 571 831 625 διὰ
858 571 1014 625 τοῦτο
1039 570 1331 644 ¹ίιτοίμασε,
1345 571 1434 627 διὰ
1454 569 1612 624 τοῦτο
1641 568 1869 640 ἐνέθηκε

293 661 363 714 τὰ
392 659 543 730 βέλη,
565 659 654 712 διά
682 658 840 712 τοῦτο
867 658 1004 732 πρὸς
1031 660 1128 731 τὴν
1159 658 1432 731 τιμωρίαν
1463 656 1866 728 εὑτρεπίζεται,

295 745 385 801 ῐνα
419 746 494 817 μὴ
521 745 650 817 ἐλοη
683 745 820 816 πρὸς
846 745 944 818 τὴν
980 745 1272 817 τιμωρίαν.

367 900 451 954 ιϐ’.
486 896 598 952 Καὶ
630 899 846 968 ἐξογκοῖ
872 900 962 954 τὸν
989 898 1166 969 λόγον,
1193 899 1269 971 τῷ
1297 899 1398 970 μέν
1427 901 1746 955 Στιλδὼσει
1771 900 1871 971 τὴν

296 986 635 1059 σφοδρότητα
658 989 754 1042 καὶ
772 987 872 1058 τὴν
894 986 1128 1056 ὀξύτητα
1154 986 1252 1058 τῆς
1279 987 1546 1058 τιμωρίας
1567 987 1866 1059 ἐμφαίνων·

295 1074 374 1145 τῷ
405 1075 465 1128 δὲ
511 1075 800 1129 Ἔνέτεινε
817 1114 832 1138 ,
871 1073 971 1146 τὴν
1004 1074 1312 1146 ἐγγύτητα·
1340 1075 1418 1146 τῷ
1443 1075 1501 1128 δέ
1539 1075 1867 1145 Ἡτοίμησε,

296 1163 360 1217 τὸ
387 1163 606 1227 πάντως
633 1163 910 1234 ἐσόμενον,
943 1165 992 1216 εί
1019 1162 1094 1234 μὴ
1122 1162 1535 1234 μεταϐάλοιντο·
1556 1157 1638 1230 τῷ
1657 1161 1714 1216 δέ
1743 1161 1872 1229 Τοῖς

293 1251 658 1321 καιομένοις,
687 1252 814 1315 τοὺς
845 1251 1178 1315 ὑπευθύνους
1201 1251 1604 1323 ἐνδεικνύμενος
1627 1291 1644 1316 ,
1671 1249 1761 1304 ἴνα
1783 1248 1873 1304 διὰ

297 1337 518 1391 πάντων
548 1337 946 1405 παιδευθέντες,
973 1338 1327 1394 άναστείλωσι
1355 1339 1452 1410 τὴν
1479 1337 1764 1410 πονηρίαν.
1807 1338 1871 1390 Et

295 1425 355 1479 δέ
386 1424 561 1499 θυμοῦ
589 1422 760 1478 ταῦτα
788 1421 856 1497 ἦν
895 1428 992 1482 καλ¹
1036 1427 1240 1498 ὀργῆς,
1284 1428 1384 1480 οὐκ
1415 1425 1512 1495 ἂν,
1537 1421 1618 1490 οἷς
1649 1425 1871 1498 ἔμελλεν

295 1513 694 1586 ἐπιθήσεσθαι,
727 1517 1007 1584 προεῖπεν.
1065 1515 1124 1568 '0
1147 1513 1258 1587 γὰρ
1293 1514 1462 1585 θυμὸς
1499 1515 1598 1568 οὐκ
1623 1514 1870 1584 ἀνέχεται

295 1601 460 1656 τοῦτο
478 1621 491 1634 ·
524 1600 662 1656 ἀλλὰ
685 1602 778 1656 καὶ
807 1600 1118 1656 τούναντίον
1150 1603 1324 1666 ποιεῖ,
1355 1602 1449 1656 καὶ
1475 1600 1709 1672 μάλιστα
1741 1601 1871 1656 ὅταν

297 1691 362 1744 ἐν
392 1690 532 1761 αὐτῇ
560 1688 745 1743 λοιπὸν
769 1683 804 1764 ᾖ
835 1691 903 1760 τῇ
931 1689 1117 1760 ἀκμῇ,
1165 1689 1261 1743 καὶ
1295 1691 1362 1760 τῇ
1389 1688 1636 1753 κολάσει,
1677 1689 1770 1742 καὶ
1801 1690 1869 1761 τῇ

296 1779 617 1849 κατασκευῇ
663 1777 762 1848 τῆς
807 1775 1094 1848 τιμωρίας.
1147 1776 1209 1829 Οί
1251 1773 1382 1844 γοῦν
1429 1773 1710 1846 πολέμιοι,
1777 1776 1872 1828 καὶ

298 1867 619 1937 βουλόμενοι
664 1865 764 1938 τὴν
807 1866 1075 1937 τιμωρίαν
1132 1867 1454 1934 ἐπαγαγεῖν,
1500 1866 1563 1918 ού
1609 1865 1768 1935 μόνον
1809 1865 1871 1918 οὐ

299 1955 574 2024 λέγουσιν,
595 1953 731 2008 ἀλλὰ
755 1955 850 2008 καὶ
871 1953 1235 2026 κρυπτόμενοι
1257 1951 1606 2020 ἐπιτίθενται,
1623 1951 1765 2007 ὥστε
1794 1951 1872 2023 μὴ

302 2041 578 2114 μαθόντας
621 2042 748 2106 τοὺς
794 2039 1115 2108 κολάζεσθαι
1173 2041 1466 2113 μέλλοντας
1513 2040 1870 2110 φυλάξασθαι.

312 2132 457 2186 Ἀλλ’
491 2133 590 2204 οὐχ
616 2133 645 2186 0
669 2131 802 2194 Θεὸς
823 2131 1014 2196 οὓτως,
1060 2127 1198 2186 ἀλλὰ
1237 2131 1543 2186 τούναντίον
1569 2130 1714 2185 ἅπαν
1735 2148 1748 2161 ·
1780 2131 1874 2184 καὶ

297 2219 582 2290 προλέγει,
613 2217 708 2274 καὶ
745 2218 1100 2274 ἀναϐάλλεται
1119 2257 1136 2284 ,
1165 2218 1259 2273 καὶ
1298 2217 1452 2288 φοϐεῖ
1477 2217 1565 2272 διά
1593 2217 1872 2288 ῥημάτιον,

296 2310 402 2362 καὶ
451 2307 632 2362 πάντα
657 2309 818 2370 ποιεῖ,
854 2306 994 2361 ὥστε
1028 2307 1102 2378 μὴ
1137 2307 1438 2376 ἐπαγαγεῖν
1466 2305 1609 2376 άπερ
1639 2307 1872 2360 ἀπειλεῖ.

297 2394 478 2450 Τοῦτο
502 2397 598 2448 καὶ
620 2396 714 2450 ἐπὶ
738 2395 1032 2450 Νινευῖτῶν
1061 2395 1304 2467 ἐποίησε.
1356 2395 1467 2449 Καὶ
1497 2393 1605 2464 γάρ
1635 2397 1731 2448 καὶ
1759 2395 1878 2448 ἐκεῖ

298 2483 458 2549 τόξον
483 2483 736 2551 ἐνέτεινε,
771 2484 866 2537 καὶ
896 2484 992 2554 τὴν
1021 2483 1296 2556 ῥομφαίαν
1333 2481 1646 2549 ἐστίλϐωσε,
1679 2483 1776 2536 καὶ⁵
1806 2483 1874 2536 τὰ

301 2572 436 2644 βέλη
461 2571 747 2644 ἡτοίμασε,
777 2572 869 2625 καὶ
897 2570 994 2642 τὴν
1028 2569 1240 2642 πληγὴν
1265 2571 1366 2625 οὐκ
1388 2571 1681 2642 ἐπήγαγεν.
1715 2571 1786 2623 Ἢ
1813 2573 1874 2624 οὐ

297 2659 455 2713 δοκεῖ
501 2676 583 2712 σοι
613 2659 680 2712 τά
710 2659 930 2730 ῥήματα
969 2657 1064 2710 τοῦ
1107 2658 1385 2730 προφήτου
1429 2657 1580 2724 τόξον
1609 2653 1749 2713 εἶναι
1783 2659 1878 2712 καὶ

301 2746 466 2816 βέλος
507 2747 600 2800 καὶ.
645 2745 917 2818 ῥομφαίαν
953 2745 1318 2818 ὴκονημένην,
1363 2748 1492 2801 ὅταν
1537 2746 1672 2820 λέγῃ
1693 2765 1708 2779 ·
1748 2748 1877 2802 Ἔτι

273 2835 468 2905 ,τρεῖς
534 2833 773 2902 ἡμέραι,
839 2833 937 2888 καί
1001 2833 1222 2902 Νινευῆ
1278 2834 1878 2906 καταστραφήσεταυ

315 2923 459 2977 Ἀλλ’
489 2923 592 2977 οὐκ
619 2923 798 2994 ἀφῆκε
827 2921 888 2976 τὸ
929 2921 1112 2994 βέλος·
1143 2923 1262 2978 οὐδὲ
1301 2923 1410 2996 γάρ
1454 2923 1546 2978 διὰ
1581 2924 1740 2980 τοῦτο
1775 2925 1878 2996 n0-

300 3011 574 3084 τρέπιστο
596 3011 684 3064 ἵνα
713 3010 911 3084 ἀφεθῇ,
949 3011 1062 3064 ἀλλ’
1095 3011 1180 3066 ἵνα
1209 3011 1528 3084 ἐναποτεθῇ.
1555 3014 1619 3066 Ol
1649 3013 1748 3086 μὲν
1769 3013 1878 3084 γάρ

305 3099 644 3170 στρατιῶται
677 3099 764 3154 διὰ
787 3100 945 3154 τοῦτο
975 3097 1303 3166 ὁπλίζονται,
1343 3100 1430 3154 ἵνα
1477 3099 1812 3157 κολάσωσιν·
1851 3103 1881 3154 0

301 3185 366 3240 δέ
397 3185 533 3250 Θεὸς
579 3185 694 3260 [70]
721 3187 821 3258 οὐχ
848 3187 1019 3252 οὕτως
1039 3229 1054 3254 ,
1088 3187 1202 3242 ἀλλ’
1234 3188 1321 3242 ἵνα
1357 3187 1436 3259 τῷ
1465 3188 1613 3260 φόϐῳ
1670 3205 1881 3260 σωφρο-

303 3275 598 3348 νεστέρους
624 3277 874 3348 ποιήσας,
908 3275 1116 3348 ἀνάσχῃ
1153 3275 1253 3347 τῆς
1283 3277 1550 3348 τιμωρίας
1579 3277 1677 3350 τὴν
1701 3281 1878 3350 χεῖρα.

303 3361 405 3433 Μὴ
432 3362 614 3416 τοίνυν
639 3357 1022 3432 θορυὸώμεθα·
1058 3363 1465 3436 φιλανθρωπίας
1485 3364 1594 3438 γάρ
1621 3365 1823 3436 πολλῆς
1853 3366 1884 3420 0

305 3449 420 3503 τῶν
459 3451 722 3522 ῥημάτων
749 3451 930 3520 φόόος,
959 3450 1051 3506 καὶ
1075 3453 1189 3522 ὅσῳ
1222 3453 1288 3506 ἂν
1313 3453 1688 3526 ἀπορητότερα
1725 3453 1880 3526 λέγῃ,

307 3539 555 3611 τοσούτῳ
601 3537 713 3592 άπὸ
753 3537 951 3608 πολλῆς
983 3539 1319 3610 ἡμερότητος
1363 3541 1536 3596 ταῦτα
1565 3541 1880 3611 φθέγγεται.

322 3628 482 3681 Ἐπεὶ
509 3629 606 3680 καὶ
631 3625 884 3697 πατέρες,
907 3626 1034 3682 ὅταν
1063 3625 1139 3697 μὴ
1161 3625 1454 3696 βούλωνται
1488 3627 1734 3694 κολάζειν
1757 3628 1884 3690 τοὺς

311 3715 534 3779 παῖδας,
569 3713 658 3766 διὰ
689 3713 798 3768 τῶν
827 3712 1088 3784 ῥημάτων
1122 3712 1220 3784 τὴν
1245 3713 1412 3784 ὀργὴν
1439 3711 1686 3786 αἴρουσιν
1703 3730 1719 3745 ·
1742 3712 1886 3767 ο⁹ύτω

310 3803 414 3856 καὶ
463 3801 660 3864 αὐτὸς,
695 3802 820 3854 ἐπεὶ
865 3800 941 3873 μὴ
971 3799 1218 3870 βούλεται
1252 3799 1524 3868 κολάζειν,
1553 3800 1769 3870 ἐξογκοῖ
1797 3799 1886 3854 διὰ

308 3893 428 3948 τῶν
463 3890 724 3960 ῥημάτων
749 3889 838 3942 τὸν
871 3888 1054 3958 φόϐον.
1086 3889 1250 3958 Λέγει
1278 3889 1373 3942 καὶ
1399 3889 1622 3956 γέενναν
1665 3887 1884 3959 ἐτοιμά-

313 3999 435 4045 σαι,
479 3980 570 4032 ῖνα
615 3977 688 4048 μὴ
733 3975 870 4048 βάλῃ
909 3977 988 4040 εἰς
1026 3976 1286 4045 γέενναν·
1331 3975 1422 4030 διά
1467 3991 1548 4030 τοι
1590 3975 1748 4030 τοῦτο
1793 3977 1888 4030 καὶ

310 4067 508 4122 πολλοὶ
543 4065 690 4134 λόγοι
722 4063 852 4136 περὶ
871 4063 1143 4134 τιμωρίας
1176 4064 1290 4126 τοῖς
1308 4061 1659 4132 Εύαγγελίοις
1691 4063 1888 4116 ἐναπόο

311 4172 554 4217 κεινται,
596 4153 690 4206 καὶ.
716 4151 966 4217 πλείους,
1013 4150 1046 4222 ὴ
1077 4152 1128 4204 οἰ
1171 4150 1300 4222 περὶ
1329 4150 1625 4222 βασιλείας.
1673 4150 1887 4224 Ἐπειδὴ

311 4245 430 4315 γὰρ
463 4243 557 4295 ἐπὶ
585 4237 693 4294 τῶν
730 4236 1194 4309 ἀναισθητοτέρων
1236 4237 1335 4308 οὐχ
1359 4237 1532 4311 οὕτως
1559 4239 1593 4308 ἡ
1626 4237 1733 4292 τῶν
1761 4238 1891 4306 ἀγαο

314 4327 432 4382 θῶν
476 4325 799 4395 ἐπαγγελία,
823 4324 898 4388 ὠς
925 4325 955 4377 0
985 4325 1091 4376 τῶν
1124 4323 1380 4396 λυπηρῶν
1412 4325 1576 4395 φόσος
1603 4325 1890 4393 ἐφέλκεται

315 4419 461 4490 πρὸς
501 4416 742 4487 ἀρετὴν,
778 4415 872 4469 καὶ
901 4413 1105 4482 ἀπάγει
1133 4413 1232 4485 τῆς
1259 4413 1455 4480 κακίας
1473 4431 1487 4446 ·
1519 4413 1607 4468 διὰ
1634 4414 1698 4486 δὴ
1733 4413 1892 4468 τοῦτο

315 4506 533 4568 τούτοις
583 4503 745 4558 πλέον
781 4502 1180 4574 ἐμφιλοχωρεῖ,
1225 4501 1322 4555 καὶ
1360 4499 1597 4574 συνεχῶς
1638 4502 1777 4556 αὐτὰ
1813 4502 1894 4557 τί-

317 4597 472 4666 θησι.
498 4595 592 4666 Μὴ
607 4593 790 4648 τοίνυν
809 4591 1067 4664 ἀλγῶμεν
1093 4591 1379 4656 ἀκούοντες
1403 4591 1677 4666 φορτικῶν
1714 4593 1892 4666 ῥημά.

317 4699 466 4740 των·
500 4681 638 4738 πολὺ
667 4681 777 4752 γὰρ
808 4679 1000 4751 κέρδος
1035 4678 1248 4750 ἔχουσιν
1267 4695 1281 4709 ·
1313 4679 1429 4734 ἀλλ’
1463 4679 1770 4746 ἐννοοῦντες
1795 4681 1896 4735 a0-

319 4773 417 4828 τοῦ
464 4777 562 4828 καὶ
595 4772 699 4843 τὴν
745 4767 1122 4842 μακροθυμίαν
1176 4771 1272 4824 καὶ
1325 4769 1426 4841 τὴν
1474 4769 1891 4843 δικαιοκρισίαν,

326 4864 468 4934 μήτε
516 4858 984 4930 άπογινώσκωμεν
1025 4857 1125 4929 τῆς
1175 4859 1447 4930 σωτηρίας
1465 4875 1479 4888 ·
1546 4859 1895 4931 μακρόθυμος

324 4953 432 5023 γάρ
479 4951 632 5004 ἐστι·
674 4949 814 5020 μήτε
855 4945 1184 5018 ἀθυμῶμεν·
1229 4945 1434 5011 δίκαιος
1464 4947 1573 5018 γάρ
1599 4947 1774 5002 ἐστιν·
1807 4950 1895 5002 ἐν-

323 5038 500 5092 ταῦθα
538 5037 639 5108 μὲν
679 5033 878 5104 πολλὴν
908 5035 1008 5104 τὴν
1034 5033 1415 5107 μακροθυμίαν
1456 5035 1894 5106 ἐνδεικνύμενος,

326 5129 444 5180 ἐκεῖ
465 5125 524 5180 δέ
550 5127 676 5190 τοὺς
705 5123 782 5194 μὴ
807 5122 1170 5194 κερδάναντας
1211 5121 1463 5177 ἐντεῦθεν
1502 5127 1568 5196 τῇ
1605 5123 1770 5195 πείρᾳ
1797 5127 1898 5196 τῆς

327 5203 602 5276 κολάσεως
641 5209 995 5282 παραδιδούςἱ
1034 5211 1171 5282 ὅπερ
1215 5211 1301 5264 ἵνα
1344 5211 1419 5283 μὴ
1466 5211 1710 5284 γένηται,
1758 5213 1896 5266 ἀπο-

325 5298 690 5373 κῳυσώμεθα
718 5297 968 5352 ἐντεῦθεν
998 5297 1096 5368 ἤδη
1129 5296 1228 5370 τὴν
1260 5298 1550 5370 τιμωρίαν.
1590 5298 1736 5353 Ἰδοὺ
1760 5299 1899 5354 ὡδί-

323 5405 522 5458 νησεν
551 5379 810 5442 ἀδικίαν.
860 5387 918 5440 ὐ
959 5384 1016 5440 δέ
1051 5385 1299 5458 Ἑϐραῖος
1319 5425 1336 5452 ,
1377 5387 1498 5440 ἀντὶ
1528 5387 1622 5442 τοῦ
1677 5387 1896 5457 Ὠδίνη-

326 5492 461 5543 σεν,
501 5475 686 5530 Ἰέϐαλ
701 5515 716 5538 ,
757 5473 1056 5529 Συνέλασε
1089 5474 1297 5528 πόνον.
1345 5473 1558 5539 Ἄλλος,
1603 5475 1712 5534 Καὶ
1758 5475 1902 5546 κυή-

327 5580 464 5630 σας.
501 5561 614 5619 Καὶ
651 5561 858 5616 ἔτεκεν
884 5561 1156 5631 ἀνομίαν.
1185 5560 1408 5627 Ἄλλος,
1451 5561 1701 5630 Ψεῦδος.
1750 5563 1902 5623 Ad):-

329 5667 441 5704 κον
466 5649 682 5718 ὤρυξε,
705 5648 809 5702 καί
837 5646 1186 5718 ἀνέσκαψεν
1205 5647 1411 5714 αὐτὸν,
1435 5649 1902 5722 καί-έιιτεσεῖται

331 5740 416 5806 εις
435 5739 670 5806 ,βόθρον
699 5735 772 5790 0r
801 5735 1134 5804 εἰργάσατο,
1165 5737 1386 5801 Ἄλλος,
1437 5737 1536 5804 Ek-
1576 5737 1902 5817 διαφθορὰν

571 5849 846 5908 Ιῖλτιιοι..
884 5847 996 5908 GR.
1031 5849 1150 5910 LV.

3432 353 3534 412 100

1975 474 2055 543 ’ἣν
2077 474 2412 543 είργιίσατο.
2445 468 2609 526 Εἶπεν
2631 472 2712 524 ὅτι
2737 467 3173 538 παρεσκεύασται
3205 466 3338 538 πρὸς
3363 484 3536 538 τιμω.

1975 562 2093 634 ρίαν
2121 565 2150 616 0
2174 561 2338 626 Θεός·
2372 557 2524 614 εἶπεν
2557 560 2637 612 ὅτι
2670 559 2934 628 ἐπαφίησι
2963 555 3060 619 τὰς
3081 555 3540 618 κολάσεις.⁹Εσω-

1971 649 2192 722 φρόνισε
2225 649 2398 721 τούτῳ
2420 649 2511 704 τὸν
2539 647 2832 720 ἀκροατὴν,
2859 645 2956 715 τὴν
2981 642 3186 698 ἄνωθεν
3212 643 3384 716 ὀργὴν
3415 645 3539 697 ἐπι-

1971 736 2275 808 κρεμάσας.
2305 735 2558 790 Παιδεύει
2587 735 2771 788 λοιπὸν
2797 735 2890 787 καὶ
2921 732 3028 786 άπὸ
3061 731 3170 785 τῶν
3196 731 3540 804 πραγμάτων

1968 824 2170 892 αὐτῶν,
2199 824 2414 888 δεικνὺς
2437 866 2451 890 ,
2481 824 2564 877 δτι
2593 824 2688 878 καὶ
2732 823 2840 894 πρὸ
2879 821 2980 891 τῆς
3015 818 3284 892 τιμωρίας
3327 818 3465 890 αὑτὴ
3503 818 3539 888 ὴ

1970 911 2138 964 κακία
2171 911 2410 974 κόλασις.
2441 912 2620 982 Ὅπερ
2649 907 2742 964 οὖν
2773 910 2866 964 καὶ
2895 911 2922 962 0
2951 907 3158 970 Παῦλος
3192 905 3538 974 ἐνδεικνύμε-

1970 1012 2060 1060 νος
2081 996 2262 1065 ἔλεγε·
2287 995 2396 1051 Καὶ
2427 997 2539 1066 τὴν
2562 997 2958 1064 ἀντιμισθίαν,
2985 993 3065 1062 ἣν
3088 993 3228 1058 ἔδει,
3255 992 3365 1062 τῆς
3387 991 3541 1046 ,τελεία

1969 1099 2082 1150 νης
2103 1082 2176 1136 ἐν
2205 1082 2439 1148 ἑαυτοῖς
2461 1080 2984 1150 ἀπολαμϐάνοντες
3005 1097 3018 1111 ·
3056 1079 3150 1134 καὶ
3177 1081 3299 1148 ἄγει
3332 1081 3413 1142 είς
3445 1079 3542 1149 μέ-

1973 1185 2064 1221 σον
2111 1168 2238 1232 τοὺς
2286 1167 2356 1221 τά
2408 1167 2608 1238 ἔσχατα
2673 1167 2940 1232 παθόντας
2999 1167 3104 1221 ὑπὸ
3152 1168 3252 1236 τῆς
3315 1167 3538 1229 κακίας.

1985 1253 2202 1327 Ἐπειδὴ
2229 1255 2336 1328 γάρ
2357 1253 2610 1308 είώθασιν
2637 1257 2688 1308 οί
2720 1255 2902 1309 πολλοὶ
2934 1253 3041 1308 τῶν
3069 1254 3388 1326 παχυτέρων
3414 1254 3536 1307 τότε

1975 1341 2205 1413 μάλιστα
2230 1340 2676 1414 σωφρονίζεσθαι,
2701 1343 2828 1396 ὅταν
2852 1342 2979 1406 τοὺς
3012 1341 3344 1406 πεπονθότας
3365 1341 3534 1395 ἴδωσι·

1969 1429 2058 1484 διὰ
2097 1430 2255 1484 τοῦτο
2291 1430 2386 1483 καὶ
2423 1429 2620 1491 αὐτοὺς
2661 1431 2742 1492 είς
2788 1430 2949 1499 μέσον
2992 1429 3134 1497 ἄγει.
3174 1427 3332 1482 Οῦτω
3373 1429 3470 1482 καὶ
3509 1431 3540 1481 ὁ

1971 1517 2206 1588 Χριστὸς
2243 1519 2416 1581 ποιεῖ,
2461 1515 2630 1570 πολλὰ
2673 1518 2800 1588 περὶ
2841 1516 3066 1587 γεέννης
3099 1515 3398 1586 διαλεχθεὶς
3445 1517 3540 1569 καὶ

1970 1605 2098 1668 τοὺς
2143 1605 2260 1658 ἐκεῖ
2303 1603 2661 1675 βαλλομένους
2715 1607 2796 1667 εἰς
2854 1605 3016 1675 μέσον
3061 1603 3217 1672 ἄγει·
3272 1598 3404 1666 οἷον,
3446 1603 3540 1656 τὸν

1973 1691 2226 1746 πλούσιον
2254 1691 2344 1745 τὸν
2373 1694 2466 1746 ἐπὶ
2497 1693 2771 1762 Λαζάρου,
2816 1691 2914 1754 τὰς
2963 1691 3266 1762 παρθένους
3289 1689 3395 1756 ,τάς
3425 1708 3540 1762 μω-

1975 1781 2094 1850 ρὰς,
2120 1779 2212 1832 τὸν
2246 1779 2307 1832 τὸ
2343 1779 2601 1834 τάλαντον
2648 1779 2710 1832 τὸ
2755 1779 2812 1832 ἓν
2863 1777 3322 1850 κατακρύψαντα·
3355 1779 3450 1833 καὶ
3481 1782 3540 1831 ἐν

1972 1864 2049 1936 τῷ
2075 1867 2304 1938 παρόντι
2335 1867 2464 1939 βίῳ,
2490 1869 2617 1932 τοὺς
2647 1869 2704 1922 ἐν
2741 1866 2818 1938 τῷ
2845 1866 3038 1938 πύργῳ
3067 1865 3538 1937 καταχωσθέντας·

1972 1954 2068 2008 καὶ
2094 1947 2170 2010 ὧν
2193 1954 2254 2007 τὸ
2289 1948 2428 2025 αἷμα
2467 1955 2696 2018 Πιλᾶτος
2725 1954 2946 2025 ἀνέμιξε
2967 1957 3084 2018 ταῖς
3124 1953 3353 2017 θυσίαις.
3385 1953 3545 2008 Οὕτω

1973 2043 2069 2095 καὶ
2125 2043 2328 2114 Πέτρος
2383 2041 2552 2096 πολλὰ
2605 2043 2732 2114 περὶ
2775 2043 2998 2112 γεέννης
3052 2040 3372 2112 διαλεχθεὶς,
3420 2043 3542 2096 τότε

1976 2129 2212 2200 μάλιστα
2258 2129 2454 2193 αὐτοὺς
2495 2129 2747 2200 ἕπληξεν,
2777 2130 2866 2183 ὅτε
2897 2129 3023 2192 τοὺς
3067 2128 3424 2192 κολασθέντας
3463 2130 3540 2189 είς

1977 2219 2139 2288 μέσον
2171 2219 2366 2288 ἤγαγε,
2405 2218 2498 2270 καὶ
2547 2219 2652 2288 πρὸ
2685 2218 2793 2271 τῶν
2823 2215 3115 2288 ὀφθαλμῶν
3142 2217 3239 2288 τὴν
3273 2216 3543 2288 τιμωρίαν

1973 2303 2142 2371 ἔδειξε
2186 2303 2280 2358 τοῦ
2325 2304 2566 2358 Ἀνανίου
2599 2305 2692 2358 καὶ
2735 2305 2835 2376 τῆς
2873 2304 3186 2376 Σαπφείρας
3210 2320 3226 2336 ·
3277 2305 3414 2375 ὅπερ
3449 2299 3545 2357 οὖν

1975 2393 2069 2446 καὶ
2091 2391 2299 2454 Παῦλος
2313 2392 2486 2445 ἐποίει
2504 2393 2596 2445 ἐπὶ
2621 2389 2716 2445 τοῦ
2739 2393 2936 2462 μάγου.
2961 2391 3067 2445 Καὶ
3092 2390 3264 2462 ἑτέρῳ
3283 2389 3340 2444 δὲ
3357 2391 3545 2463 τρόπῳ

1975 2478 2374 2542 κατασκευάζει
2400 2479 2460 2532 τὸ
2486 2477 2724 2532 τοιοῦτον
2745 2519 2760 2542 ,
2802 2469 2890 2532 ὅτε
2915 2477 3022 2532 τῶν
3055 2479 3111 2531 ἐν
3136 2480 3200 2548 τῇ
3233 2479 3424 2549 ἐρήμῳ
3452 2479 3546 2549 μέ-

1979 2581 2197 2637 μνηται,
2253 2565 2428 2634 λέγων
2487 2565 2688 2630 οὕτως·
2747 2567 2828 2619 Οὐ
2883 2564 3036 2619 θέλω
3083 2561 3239 2632 ὑμᾶς
3283 2564 3543 2634 ἀγνοεῖν,

1977 2655 2243 2725 ἀδελφοί,
2275 2655 2364 2710 ὅτι
2391 2659 2444 2710 at
2469 2655 2718 2722 πατέρες
2746 2655 2914 2724 ἡμῶν
2931 2653 3154 2721 πάντες
3174 2653 3290 2708 ὑπὸ
3313 2653 3426 2720 τὴν
3451 2671 3548 2718 νε-

1977 2743 2171 2813 φέλην
2194 2739 2378 2814 ἦσαν,
2401 2743 2498 2797 καί
2521 2742 2744 2808 πάντες
2774 2745 2862 2808 εἰς
2889 2741 2998 2795 τὸν
3032 2740 3300 2810 Μωῦσῆν
3319 2741 3550 2794 ἐϐαπτί-

1977 2835 2254 2902 σθησαν,
2311 2830 2411 2886 καί
2448 2831 2660 2901 ,ϐρῶμα
2705 2829 3108 2900 πνευματικὸν
3155 2829 3399 2900 ἔφαγον,
3450 2831 3550 2884 καί

1978 2920 2142 2988 πόμα
2172 2917 2579 2988 πνευματικὸν
2617 2917 2732 2989 [71]
2769 2917 2968 2972 ἔπιον·
3002 2917 3140 2970 ἀλλ’
3169 2918 3281 2971 οὐκ
3315 2917 3385 2970 ἐν
3424 2917 3550 2983 τοῖς

1979 3003 2258 3058 πλείοσιν
2309 3001 2508 3058 αὐτῶν
2554 3001 2899 3070 ηὐδόκησεν
2944 3005 2977 3057 ό
3027 3003 3190 3069 Θεὸς,
3235 3002 3373 3057 ἀλλ’
3433 3003 3546 3058 ἀπ-

1979 3089 2208 3144 ώλοντο
2245 3089 2344 3144 καὶ
2385 3088 2739 3144 κατέπεσον.
2777 3088 2993 3160 Ἐπειδὴ
3030 3089 3139 3160 γάρ
3171 3091 3300 3161 περὶ
3331 3089 3552 3160 μελλόν-

1981 3194 2089 3231 των
2115 3177 2410 3245 διελέγετο,
2439 3175 2664 3247 γεέννης
2693 3175 2856 3245 λέγω,
2883 3176 2976 3229 καὶ
3007 3175 3276 3240 κολάσεως
3295 3215 3311 3240 ,
3347 3177 3440 3232 καὶ
3469 3195 3552 3231 τι-

1985 3265 2216 3338 μωρίας,
2247 3266 2354 3318 άπὸ
2383 3264 2490 3319 τῶν
2521 3265 2900 3337 παρελθόντων
2927 3267 3020 3319 καὶ
3043 3265 3142 3336 τὴν
3173 3266 3301 3337 περὶ
3327 3265 3549 3320 ἐκείνων

1983 3351 2255 3416 ἀπόδειξιν
2285 3352 2460 3422 φέρει,
2488 3353 2683 3416 αὐτοὺς
2713 3353 2840 3414 τοὺς
2882 3351 3238 3416 κολασθέντας
3276 3353 3356 3417 εἰς
3387 3353 3550 3424 μέσον

1981 3441 2150 3510 ἄγων,
2181 3441 2304 3501 τοὺς
2333 3440 2438 3494 ὑπὸ
2463 3439 2570 3494 τῶν
2599 3439 2794 3508 δφεων,
2821 3441 2946 3506 τοὺς
2969 3441 3073 3495 ύπδ
3092 3441 3185 3496 τοῦ
3205 3441 3546 3514 ὀλοθρευτοῦ.

1989 3529 2056 3582 '0
2099 3527 2165 3598 δὴ
2223 3527 2318 3580 καὶ
2361 3527 2592 3582 ἐνταῦθα
2636 3531 2778 3582 ποιεῖ
2815 3528 2845 3581 0
2894 3527 3057 3584 Δαυτδ
3078 3569 3094 3594 ,
3136 3529 3247 3582 εἴτε
3292 3531 3420 3602 περὶ
3455 3531 3550 3584 τοῦ

1999 3612 2296 3684 Ἀχιτόφελ,
2339 3613 2449 3666 εἴτε
2477 3613 2603 3685 περὶ
2639 3613 2734 3668 τοῦ
2781 3614 3130 3686 Ἀὄεσσαλὼμ
3172 3617 3362 3686 λέγων.
3397 3617 3552 3682 Τινές

1991 3699 2089 3770 μὲν
2115 3697 2206 3754 οὖν
2239 3701 2368 3772 περὶ
2403 3700 2496 3754 τοῦ
2535 3701 2815 3771 Ἀχιτόφελ
2848 3701 3011 3770 φασὶν
3041 3703 3310 3774 εἰρῆσθαι.
3339 3704 3413 3757 Ού
3443 3704 3552 3774 γὰρ

1983 3781 2052 3856 ἦν
2097 3785 2188 3840 τοῦ
2227 3786 2392 3841 αὐτοῦ
2440 3787 2638 3856 λέγειν,
2657 3787 2954 3842 Φείσασοέ
2974 3805 3077 3858 μοι
3104 3789 3210 3842 τοῦ
3235 3790 3557 3861 παιδαρίου

1989 3875 2404 3946 ἔᾼόεσσαλὼμ·
2447 3877 2539 3930 καὶ
2571 3876 2706 3946 μετά
2733 3877 2793 3930 τὸ
2823 3876 3019 3942 πάθος,
3058 3879 3149 3944 Th;
3177 3877 3298 3946 δῴη
3326 3898 3430 3949 μοι
3452 3880 3554 3936 0d-

1986 3979 2172 4017 νατον
2198 3963 2330 4018 ἀντὶ
2357 3963 2474 4018 σοῦ
2494 3982 2514 4028 ;
2537 3964 2629 4017 καὶ
2661 3964 2830 4018 ταῦτα
2863 3963 2958 4018 νῦν
2983 3964 3180 4032 λέγειν·
3215 3965 3327 4019 ἀλλ’
3373 3969 3558 4022 ἐκεῖνα

1992 4051 2092 4122 μὲν
2117 4051 2220 4104 ύπδ
2246 4050 2346 4121 τῆς
2377 4051 2588 4120 φύσεως
2637 4051 2996 4121 κατεχόμενος
3023 4053 3174 4120 ἔλεγε
3195 4067 3208 4080 ·
3245 4052 3338 4106 νῦν
3365 4053 3422 4106 δὲ
3451 4055 3554 4110 ὑπὸ

1990 4137 2084 4190 τοῦ
2111 4134 2424 4207 Πνεύματος
2449 4136 2632 4202 ἔνθους
2661 4139 2950 4208 γενόμενος
3005 4139 3150 4209 Πλὴν
3177 4140 3283 4192 εἴτε
3314 4140 3439 4212 περὶ
3466 4139 3553 4194 τοῦ

2003 4222 2354 4294 ’Λϐεσσαλὼμ
2373 4264 2388 4290 ,
2421 4223 2530 4277 εἴτε
2556 4224 2683 4296 περὶ
2721 4223 2812 4276 τοῦ
2854 4224 3132 4294 ’Λχιτόφελ
3161 4225 3404 4298 εἴρηται,
3434 4245 3558 4284 σκο-

1992 4309 2192 4381 πητέον
2227 4309 2296 4364 τὰ
2328 4310 2626 4381 εἰρημένα·
2675 4310 2736 4364 ού
2769 4311 2876 4380 γὰρ
2925 4309 3090 4375 πολύς
3139 4330 3230 4384 μοι
3274 4315 3400 4386 περὶ
3451 4315 3586 4386 τῶν,

1991 4396 2296 4466 προσώπων
2327 4397 2356 4450 0
2383 4395 2558 4466 λόγος.

2064 4532 2153 4595 ιγ’.
2187 4525 2252 4580 Τί
2293 4520 2386 4580 οὖν
2423 4523 2668 4580 ἐντεῦθεν
2709 4525 3082 4597 μανθάνομεν;
3112 4527 3410 4594 Δείκνυσιν,
3433 4530 3559 4584 ὃτιό

1993 4613 2236 4686 ὀρύσσων
2255 4612 2443 4684 βόθρον
2463 4611 2538 4682 τῷ
2559 4612 2804 4684 πλησίον,
2821 4616 2900 4678 είς
2922 4614 3086 4669 αὐτὸν
3105 4619 3444 4686 ἐμπεσεῖται·
3464 4617 3559 4670 καὶ

1994 4702 2242 4774 καθάπερ
2271 4703 2326 4756 αἱ
2354 4700 2636 4757 ὠδίνουσαι
2667 4705 2920 4771 γυναῖκες
2949 4703 3054 4758 ὑπὸ
3081 4703 3190 4758 τῶν
3217 4704 3419 4760 ὠδίνων
3446 4705 3562 4760 δια-

1995 4792 2466 4857 κόπτονται,οῦτω
2492 4793 2586 4848 καὶ
2613 4797 2642 4848 0
2659 4794 2808 4848 δόλον
2833 4794 3216 4867 ἐργαζόμενος,
3250 4797 3380 4866 πρὶν
3406 4795 3440 4866 ἢ
3470 4795 3562 4848 τὸν
3585 4842 3593 4848 .

1997 4880 2222 4952 πλησίον
2253 4881 2528 4951 ἀδικῆσαι,
2577 4881 2740 4941 αὐτὸς
2781 4881 3130 4938 διακόπτεται
3167 4885 3260 4938 καὶ
3289 4883 3560 4950 ὀδυνᾶται,

1996 4969 2091 5023 καὶ
2127 4968 2224 5039 οὐχ
2251 4968 2326 5032 ὠς
2352 4967 2558 5038 ἔτυχεν,
2605 4967 2740 5022 ἀλλά
2773 4968 2912 5039 μετὰ
2955 4970 3152 5040 πολλῆς
3179 4970 3280 5040 τῆς
3302 4969 3566 5041 δριμύτη-

1996 5072 2108 5120 τος.
2137 5055 2229 5109 Διὸ
2273 5056 2368 5108 καὶ
2393 5055 2453 5108 :0
2477 5055 2670 5127 πικρὸν
2717 5057 2814 5127 τῆς
2843 5056 3032 5128 ὀδύνης
3059 5057 3406 5129 παραστῆσαι
3435 5057 3558 5128 βους

1998 5141 2240 5212 λὸμενος,
2273 5140 2438 5195 ὠδῖνα
2472 5141 2534 5196 τὸ
2567 5143 2794 5213 πρᾶγμα
2823 5141 3096 5198 ἐκάλεσεν.
3125 5143 3298 5196 Ὅπου
3328 5144 3436 5216 γάρ
3465 5145 3562 5200 ἐάν

2001 5229 2253 5299 βούληται
2275 5231 2309 5300 ὴ
2339 5229 2528 5300 Γραφὴ
2557 5229 2827 5302 ἀφόρητόν
2856 5246 2976 5284 τινα
2999 5231 3132 5302 ἡμῖν
3169 5229 3360 5302 ὀδύνην
3401 5233 3566 5288 ἐνδεί-

2001 5314 2224 5382 ξασθαι,
2271 5314 2349 5386 τῷ
2388 5315 2608 5386 ὀνόματι
2646 5316 2746 5386 τῆς
2789 5315 2975 5382 ὠδῖνος
3021 5317 3190 5390 αὐτὴν
3229 5317 3559 5392 ὑπογράφει.

1999 5402 2090 5456 Διὸ
2118 5402 2208 5456 καὶ
2229 5401 2460 5472 ἀλλαχοῦ
2489 5419 2672 5472 φησιν,
2712 5402 2935 5470 Ὠδῖνες
2965 5403 3187 5459 ἔλαθον
3214 5409 3562 5464 κατοικοῦν»

1999 5505 2108 5555 τας
2137 5487 2482 5558 Φυλιστιεὶμ
2501 5529 2514 5554 ,
2563 5489 2836 5552 τουτέστι,
2869 5490 3033 5559 φόϐος
3053 5533 3068 5558 ,
3103 5492 3303 5564 τρόμος
3322 5534 3338 5560 ,
3368 5495 3564 5563 πόνος,

2000 5577 2183 5647 ὀδύνη.
2241 5575 2352 5630 Καὶ
2401 5577 2562 5632 πάλιν
2599 5577 2628 5629 0
2675 5575 2919 5640 Παῦλος·
2964 5579 3142 5634 Ὅταν
3179 5583 3248 5636 δὲ
3287 5582 3568 5652 λέγωσιν,

1998 5663 2220 5732 Εἰρήνη
2251 5662 2354 5720 καὶ
2381 5661 2700 5732 ἀσφάλεια,
2733 5672 2866 5718 τότε
2913 5667 3117 5733 αὐτοῖς
3143 5670 3438 5740 αἰφνίδιος
3460 5669 3568 5740 6'5:-

2004 5749 2234 5806 ίστοιται
2257 5750 2521 5818 ὄλεθρος,
2539 5749 2736 5815 ὥσπερ
2757 5749 2794 5816 ἠ
2811 5749 2956 5808 ὠδὶν
2975 5751 3048 5823 τῇ
3073 5754 3142 5808 ἐν
3168 5758 3371 5825 γαστρί
3396 5754 3568 5826 ἐχού-

3223 5850 3260 5912 6
