4032 6284
312 472 403 528 101
1440 463 1798 523 EXPOSITIO
1838 467 1880 521 l3

1992 467 2263 527 SALMUM
2306 471 2414 529 νη.

307 614 492 654 rursus
518 597 712 654 Paulus
741 614 753 650 :
783 596 998 664 Quando
1035 601 1204 650 autem
1230 592 1447 647 dixerint
1478 631 1492 657 ,
1520 587 1638 646 Pax
1664 597 1709 644 et
1738 604 1885 642 secu-

306 692 453 755 ritas,
502 707 621 744 tunc
664 689 735 744 eis
777 689 1064 758 repentinus
1109 685 1332 741 imminet
1371 682 1621 748 interitus,
1657 679 1896 751 quemad-

241 787 248 792 '
307 781 512 834 modum
541 781 688 834 dolor
714 779 946 852 pariendi
988 780 1034 833 ei
1060 793 1172 848 qua:
1217 786 1412 830 uterum
1455 774 1579 846 gerit
1606 773 1683 842 (1.
1712 771 1894 825 Thess.

303 875 353 926 5.
386 874 465 942 5).
512 870 609 927 llic
633 872 739 926 duo
766 869 1046 940 signiﬁcat,
1078 880 1132 922 ct
1173 882 1291 922 esse
1316 865 1666 929 intolerabile,
1699 870 1896 918 etesse

305 965 655 1034 inopinatum.
685 964 752 1017 Et
773 961 1028 1017 Ezechias
1053 977 1069 1013 :
1107 957 1250 1013 Venit
1268 958 1412 1012 dolor
1439 955 1772 1028 parturienti,
1795 970 1893 1007 non

302 1060 445 1112 habet
473 1067 643 1112 autem
670 1057 904 1111 virtutem
956 1053 1187 1123 pariendi
1227 1049 1394 1126 (Isai.
1423 1050 1512 1105 57.
1544 1048 1578 1104 3
1601 1047 1620 1118 )
1643 1089 1658 1114 ,
1703 1045 1896 1102 intole-

300 1150 521 1206 rabilem
543 1150 660 1219 ejus
685 1149 930 1203 timorem
959 1155 1014 1202 et
1052 1145 1289 1200 laborem
1316 1158 1410 1214 per
1446 1141 1683 1198 dolorem
1713 1145 1893 1210 partus

300 1241 564 1297 indicans.
596 1241 671 1296 lta
700 1241 860 1296 etiam
891 1238 978 1294 hic
1005 1236 1282 1308 propheta.
1329 1235 1442 1290 Etsi
1490 1233 1633 1288 enim
1677 1232 1745 1288 sit
1775 1230 1892 1302 quis

297 1333 492 1387 millies
516 1331 809 1402 improbus,
857 1346 966 1385 non
998 1326 1458 1396 interitjndicium
1499 1323 1843 1379 conscientia:
1872 1339 1885 1374 :

293 1435 377 1477 est
397 1425 541 1478 enim
572 1422 832 1487 naturale,
861 1431 916 1477 et
957 1437 988 1476 a
1016 1420 1129 1476 Deo
1158 1418 1312 1474 nobis
1339 1416 1408 1471 ab
1453 1416 1604 1470 initio
1649 1414 1886 1468 insitum.

294 1514 518 1570 Etiamsi
561 1515 611 1568 in
641 1513 904 1567 inﬁnitum
931 1509 1338 1572 contendamus,
1372 1508 1533 1562 instat
1582 1503 1708 1558 illud
1738 1503 1888 1558 voci-

293 1610 496 1674 ferans,
515 1609 802 1679 castigans,
822 1607 1205 1670 condemnatis,
1229 1613 1285 1658 ct
1318 1616 1476 1658 nemo
1493 1609 1574 1655 est
1597 1614 1779 1654 eorum
1798 1597 1887 1668 qui

289 1701 558 1756 scelerate
582 1701 788 1767 vivunt,
815 1699 903 1770 qui
930 1713 1034 1752 non
1066 1693 1480 1750 innumerabiles
1509 1691 1718 1746 dolores
1733 1689 1890 1743 susti-

288 1801 438 1855 neat,
481 1799 684 1846 etcum
718 1790 787 1846 de
832 1790 985 1844 malis
1030 1788 1315 1854 consultat,
1361 1795 1562 1843 etcum
1606 1783 1885 1838 consilium

289 1885 345 1938 in
377 1898 513 1953 opus
556 1883 752 1938 educit.
799 1881 935 1950 Quid
966 1881 1110 1937 enim
1152 1878 1368 1934 Acbabo
1408 1873 1886 1933 sceleratius?Sed

289 1987 473 2030 tamen
507 1991 629 2029 eum
660 1975 749 2030 ille
775 1975 982 2029 vineam
1011 1971 1369 2041 concupisset,
1411 1967 1689 2024 considera
1720 1981 1888 2036 quan-

286 2078 403 2119 tum
431 2066 670 2120 dolorem
701 2066 930 2121 senserit
957 2065 1034 2135 (5.
1058 2064 1186 2134 Reg.
1215 2064 1305 2117 21.
1330 2062 1408 2133 4).
1435 2059 1618 2130 Itaque
1643 2074 1763 2116 cum
1793 2074 1884 2113 rex

283 2167 456 2222 esset,
484 2167 539 2212 ct
563 2157 741 2211 omnia
767 2157 1038 2211 dominatu
1082 2163 1309 2222 teneret,
1339 2167 1437 2208 nec
1464 2152 1603 2206 ullus
1629 2159 1773 2206 esset
1796 2150 1884 2220 qui

281 2249 334 2302 ei
387 2247 805 2314 contradiceret,
851 2246 1101 2318 quoniam
1155 2243 1498 2300 conscientia:
1528 2258 1632 2297 non
1684 2241 1886 2296 ferebat

280 2337 632 2402 sententiam,
663 2338 934 2407 ingressus
972 2344 1056 2391 est
1084 2335 1272 2402 tristis,
1302 2333 1550 2390 deorsum
1581 2331 1880 2395 inclinatus,

277 2429 564 2494 confusus,
593 2431 644 2484 in
673 2429 790 2499 ipso
815 2438 1030 2499 aSpectu
1061 2429 1340 2499 caliginem
1372 2425 1570 2490 ferens,
1608 2424 1885 2480 conscien-

279 2523 372 2573 tiae
392 2521 800 2575 eondemnautis
833 2521 1083 2574 indicium
1108 2520 1257 2573 vultu
1283 2517 1623 2576 denuntians.
1659 2529 1760 2570 nec
1789 2529 1879 2568 va-

276 2615 402 2666 lens
432 2622 632 2682 tegere,
684 2627 844 2681 quam
889 2611 1068 2664 animo
1093 2617 1431 2680 conceperat,
1487 2609 1775 2663 tristitiam.
1807 2605 1882 2660 lta

273 2719 410 2773 ergo
438 2703 537 2756 fuit
573 2704 653 2756 vel
679 2702 748 2755 ab
790 2717 954 2756 uxore
981 2701 1363 2770 deprehensus.
1397 2700 1643 2754 Proditor
1668 2697 1880 2768 quidem

271 2807 446 2861 certe,
475 2796 564 2864 qui
594 2797 645 2848 in
685 2804 887 2849 tantum
919 2794 1094 2848 scelus
1117 2793 1431 2863 impegerat,
1462 2807 1583 2845 cum
1623 2805 1727 2844 non
1753 2805 1879 2860 pos-

273 2896 368 2940 set
425 2885 570 2941 ferre
636 2885 825 2955 judicii
888 2885 1232 2940 conscientia:
1282 2882 1562 2950 dolorem,
1634 2881 1882 2951 adaptato

271 2978 381 3033 sibi
433 2979 624 3048 laqueo
691 2979 855 3033 vitam
907 2977 1077 3031 ﬁnivit
1127 2976 1286 3047 (Act.
1337 2977 1388 3031 1.
1449 2978 1515 3032 18
1575 2973 1676 3047 5).
1734 2974 1882 3032 Sicut

269 3087 408 3141 ergo
437 3072 526 3140 qui
567 3070 809 3140 improbe
849 3071 995 3135 vivit,
1050 3079 1190 3124 tanta
1219 3070 1414 3140 patitur
1459 3086 1470 3122 :
1509 3069 1578 3124 ita
1606 3069 1693 3140 qui
1716 3069 1878 3123 vitam

269 3178 346 3217 ex
391 3163 584 3216 virtute
636 3162 894 3228 instituit,
951 3161 1330 3232 tranquillitate
1371 3171 1424 3215 et
1465 3160 1647 3216 sedata
1699 3170 1879 3215 mente

269 3255 490 3309 fruitur.
541 3254 833 3312 Considera
871 3263 1069 3308 autem.
1123 3253 1179 3309 Si
1243 3251 1472 3307 voluerit
1518 3251 1637 3322 quis
1692 3251 1876 3306 ulcisci

269 3344 605 3416 quempiam,
634 3345 718 3400 vel
752 3345 898 3415 prior
933 3343 1178 3415 iujuriam
1205 3342 1398 3407 facere,
1430 3343 1552 3397 vide
1581 3350 1713 3413 quot
1741 3343 1879 3396 mala

272 3437 499 3506 patitur.
525 3435 729 3490 Furore
756 3435 1008 3507 repletur,
1031 3435 1097 3490 ab
1118 3435 1196 3491 ira
1225 3433 1563 3504 discerpitur,
1592 3444 1770 3490 movet
1794 3435 1876 3489 in-

270 3529 639 3584 numerabiles
651 3527 842 3583 fluctus
859 3528 1258 3598 cogitationum,
1276 3526 1420 3581 mille
1431 3527 1544 3581 vias
1556 3525 1875 3597 ingreditur;

270 3621 483 3676 invadit
514 3620 659 3674 illum
712 3620 893 3686 timor,
928 3633 1092 3688 pavor
1122 3633 1185 3672 ac
1214 3627 1444 3682 tremor;
1469 3617 1738 3688 quomodo
1762 3632 1875 3672 rem

268 3711 523 3781 perﬁciet
545 3753 560 3775 ,
584 3709 853 3781 quomodo
886 3710 1197 3774 ulciscetur;
1237 3717 1292 3763 et
1332 3716 1454 3764 ante
1474 3723 1596 3763 eum
1622 3723 1778 3779 quem
1797 3717 1878 3763 est

267 3806 472 3874 injuria
526 3804 838 3872 aﬁ‘ecturus,
877 3803 1110 3873 seipsqu
1157 3800 1352 3872 perdit.
1403 3800 1702 3869 Quiautem
1743 3801 1874 3856 iram

267 3895 505 3964 expulit,
537 3894 606 3948 ab
645 3895 728 3949 his
758 3894 1005 3949 omnibus
1044 3893 1178 3947 liber
1201 3900 1311 3955 est;
1343 3900 1395 3947 et
1419 3891 1540 3960 jure
1563 3900 1730 3945 certe.
1764 3891 1877 3946 Hoc

265 3988 423 4041 enim
451 3995 532 4040 est
561 3987 610 4039 iu
639 3987 754 4054 ejus
772 3993 1054 4056 potestate,
1087 3992 1141 4038 et
1170 3982 1482 4036 universum
1507 3979 1740 4035 confecit
1767 3998 1781 4034 :
1815 3990 1874 4036 at

266 4076 414 4132 illud
441 4093 547 4131 non
588 4075 792 4143 itidem,
846 4074 940 4131 sed
991 4073 1389 4144 opportunitate
1419 4085 1554 4141 opus
1597 4079 1700 4137 est,
1733 4071 1873 4138 loco,

268 4168 567 4234 maleﬁcio,
597 4168 760 4222 armis
785 4210 799 4232 ,
833 4165 1338 4226 machinationibus,
1386 4172 1439 4217 et
1468 4161 1869 4227 offensionibus,

267 4262 609 4326 adulatione,
656 4259 952 4324 servitute,
994 4267 1049 4312 et
1097 4254 1455 4312 simulatione.
1515 4251 1674 4307 Vides
1713 4267 1872 4322 quam

271 4354 451 4408 facilis
481 4366 569 4407 res
589 4351 658 4404 sit
687 4349 874 4416 virtus,
901 4363 1057 4420 quam
1084 4346 1318 4401 difﬁcilis
1347 4345 1572 4399 vitium?
1600 4343 1870 4414 quomodo

271 4447 366 4500 illa
384 4441 600 4513 quidem
631 4451 712 4496 est
750 4439 1060 4513 tranquilla,
1096 4439 1198 4493 ltoc
1231 4452 1359 4493 vero
1388 4437 1540 4492 turba
1570 4445 1622 4492 et
1647 4435 1874 4490 tumultu

273 4531 580 4589 refertum?

363 4625 446 4680 Vis
487 4623 767 4689 verborum,
817 4622 1154 4692 parturiit....
1204 4619 1538 4689 concepit....
1578 4620 1871 4688 peperit....

275 4719 360 4773 De
403 4716 745 4785 peccatoribus
793 4715 1125 4786 prolaturum.
1187 4711 1436 4781 lniquitas
1473 4721 1648 4781 partus
1689 4710 1873 4780 viperi-

270 4828 392 4864 nus.
443 4839 516 4862 —.—
565 4808 678 4862 Hoc
746 4822 874 4876 ergo
929 4803 1237 4860 describens
1290 4801 1500 4856 dicebat
1553 4801 1809 4871 propheta
1857 4819 1872 4857 :

273 4903 409 4957 Ecce
435 4900 670 4972 parturiit
715 4897 1034 4968 injustitiam,
1065 4896 1286 4967 concepit
1325 4893 1570 4958 dolorem,
1614 4901 1658 4946 et
1688 4894 1881 4965 peperit

271 4994 612 5063 iniquitatem.
663 4989 742 5044 Ex
793 4989 892 5042 hoc
920 4988 1219 5042 ostenditur
1266 4985 1575 5055 injustitiam
1604 4998 1710 5037 non
1756 4995 1877 5040 esse

274 5087 434 5140 nobis
487 5082 782 5139 secundum
831 5090 1097 5147 naturam,
1144 5078 1238 5133 sed
1284 5093 1405 5133 esse
1451 5076 1577 5147 quid
1619 5077 1872 5130 alienum.

273 5179 508 5247 Ideoque
533 5190 695 5246 grave
721 5185 822 5238 est,
855 5182 909 5228 et
947 5173 1117 5227 donec
1145 5171 1211 5225 ab
1241 5185 1304 5224 eo
1336 5168 1597 5224 fuerimus
1640 5167 1870 5232 liberati,

273 5273 432 5327 nobis
459 5270 675 5324 dolores
719 5267 974 5321 immittit.
1007 5263 1138 5319 Nam
1193 5263 1330 5318 fetus
1357 5263 1514 5316 etiam
1547 5261 1718 5315 donec
1750 5275 1875 5330 per-

275 5368 506 5430 ﬁciatur,
539 5360 829 5416 secundum
857 5369 1098 5412 naturam
1131 5355 1302 5410 ventri
1331 5353 1567 5408 adh-.erct
1588 5371 1600 5405 :
1625 5361 1875 5422 promer-

273 5475 335 5512 ea
367 5467 420 5511 et
450 5464 652 5519 manet,
677 5461 730 5506 et
763 5451 1002 5507 dolorem
1040 5463 1143 5501 non
1178 5445 1357 5500 habet.
1389 5444 1673 5514 Postquam
1696 5453 1874 5498 autem

273 5551 546 5621 perfectus
593 5546 769 5610 fuerit,
811 5544 855 5597 si
905 5543 1048 5596 intus
1074 5547 1305 5606 maneat,
1354 5552 1504 5591 mora
1545 5545 1629 5591 est
1678 5544 1875 5606 praeter

278 5655 556 5706 naturam;
602 5637 743 5692 unde
786 5636 946 5690 etiam
979 5635 1109 5688 ﬁunt
1140 5645 1322 5703 partus
1361 5629 1594 5684 dolores.
1626 5628 1873 5698 Quapro-

276 5745 394 5802 pter
437 5741 630 5787 vexata
663 5738 852 5782 natura
879 5741 1002 5780 eum
1048 5734 1273 5779 conatur
1300 5721 1588 5776 extrudere
1612 5761 1626 5784 ,
1657 5728 1717 5774 ut
1753 5734 1873 5790 quae

279 5827 586 5878 universum
632 5819 820 5874 fecerit
848 5833 911 5872 ac
958 5815 1258 5885 perfecerit,
1303 5823 1356 5867 et
1382 5813 1523 5866 ferre
1550 5827 1655 5866 non
1708 5811 1876 5881 possit

277 5915 525 5985 amplius.
558 5910 668 5968 Sed
693 5909 798 5965 illic
830 5907 1039 5978 quidem
1060 5907 1200 5978 prius
1223 5905 1277 5959 ﬁt
1305 5905 1601 5974 conceptio,
1623 5916 1686 5958 ac
1711 5901 1864 5957 doin-

3495 481 3598 536 ωε

2007 604 2132 660 eeps
2167 590 2319 648 dolor
2355 601 2538 663 partus
2569 612 2580 646 :
2616 592 2701 648 hic
2732 600 2908 649 autem
2958 594 3189 664 primum
3221 598 3466 664 parturiit
3487 639 3500 662 ,
3533 616 3594 654 ac

2006 681 2197 740 deinde
2218 684 2459 756 concepit
2483 695 2532 740 et
2561 687 2785 757 peperit.
2812 687 2948 754 Quid
2979 698 3156 743 autem
3188 687 3288 742 hoc
3317 689 3416 744 sibi
3443 692 3594 744 vult?

2006 772 2157 840 Quod
2214 776 2320 830 illic
2377 777 2587 846 quidem
2621 777 2674 832 in
2723 788 2962 848 tempore
2997 790 3178 849 partus
3217 781 3286 835 sit
3311 781 3480 847 dolor,
3509 782 3595 837 hic

2003 874 2179 920 autem
2218 866 2372 922 dolor
2404 869 2471 922 sit
2499 883 2528 922 a
2561 868 2838 939 principio.
2866 869 3032 924 Simul
3067 885 3130 925 ac
3157 872 3298 926 enim
3329 874 3592 942 quispiam

2002 955 2069 1011 de
2122 958 2263 1012 malo
2313 961 2712 1026 consultaverit,
2751 961 2910 1016 etiam
2967 963 3269 1032 priusquam
3315 965 3592 1036 incogita-

2004 1046 2200 1102 tionem
2236 1048 2499 1113 deﬁxerit,
2531 1053 2787 1105 tumultus
2807 1067 2868 1106 ac
2888 1053 3036 1107 turba
3065 1063 3146 1109 est
3173 1055 3223 1108 in
3251 1057 3590 1125 cogitatione.

2004 1138 2061 1194 in
2087 1141 2308 1197 muliere
2337 1142 2478 1195 enim
2510 1142 2776 1212 deiectum
2808 1145 2972 1200 semel
3005 1161 3186 1200 semen
3219 1148 3389 1216 ipsum
3431 1151 3589 1204 etiam

2003 1228 2264 1284 formatur
2293 1231 2358 1285 ad
2387 1232 2819 1288 constitutionem
2860 1245 3042 1304 partus
3072 1255 3084 1290 :
3110 1237 3161 1290 in
3195 1239 3257 1292 iis
3286 1249 3464 1294 autem
3495 1243 3585 1310 qui

1999 1317 2150 1374 dolos
2167 1331 2480 1376 construunt
2495 1321 2775 1380 hmchodie
2789 1325 2993 1394 dejceta
3011 1335 3092 1381 est
3105 1329 3374 1398 cogitatio,
3403 1339 3455 1384 et
3472 1347 3591 1385 cras

2000 1424 2184 1466 rursus
2207 1413 2308 1467 alia
2335 1431 2350 1481 ;
2379 1424 2433 1469 et
2459 1417 3012 1472 suntinnumerabiles
3040 1419 3299 1473 malorum
3323 1421 3587 1476 seminum

1996 1505 2340 1576 dejectiones,
2373 1518 2427 1564 et
2451 1517 2575 1564 sunt
2607 1509 2829 1579 singulis
2853 1510 3043 1565 diebus
3087 1513 3463 1583 conceptiones
3487 1555 3500 1578 ,
3533 1526 3590 1568 et

1997 1606 2178 1666 partus
2206 1596 2421 1653 dolores
2449 1600 2536 1669 qui
2566 1601 2832 1669 perimunt
2859 1602 3254 1671 cogitationem,
3297 1619 3327 1658 a
3349 1621 3450 1676 qua
3482 1605 3582 1659 ista

1999 1689 2289 1758 pariuntur.
2318 1689 2437 1744 Non
2467 1691 2612 1745 enim
2641 1692 2759 1745 talis
2791 1703 2994 1760 partus,
3024 1693 3196 1763 qualis
3217 1695 3372 1750 estin
3403 1695 3584 1752 mulie-

1995 1781 2172 1848 ribus;
2209 1783 2302 1837 sed
2339 1783 2786 1853 quemadmodum
2816 1786 2868 1838 in
2897 1784 3114 1854 viperis,
3148 1798 3357 1842 uterum
3379 1789 3584 1844 discer-

1995 1883 2145 1941 punt,
2173 1883 2228 1927 et
2257 1874 2420 1929 latera
2445 1874 2764 1929 dilaniantes
2792 1874 2930 1930 fetus
2962 1876 3258 1945 procedunt
3283 1896 3295 1930 :
3326 1879 3396 1933 ita
3422 1878 3583 1936 etiam

1994 1963 2046 2017 in
2073 1962 2346 2019 fraudibus
2372 1973 2426 2019 et
2451 1967 2501 2019 in
2533 1967 2809 2034 injustitia.
2861 1966 2964 2021 Sed
2997 1970 3338 2036 quantumvis
3361 1980 3586 2027 conten-

1993 2055 2199 2122 damus,
2235 2073 2340 2112 non
2371 2059 2668 2128 poterimus
2695 2059 2935 2114 oratione
2962 2061 3233 2130 explicare
3283 2063 3581 2119 molestiam

1990 2165 2054 2204 ac
2081 2149 2342 2213 dolorem,
2373 2167 2532 2221 quem
2582 2151 2810 2223 improbi
2854 2153 3157 2207 sustinent.’
3184 2153 3251 2207 Et
3282 2154 3401 2210 ideo
3457 2157 3586 2212 dicit

1991 2243 2285 2312 quispiam:
2317 2242 2490 2302 Malus
2528 2261 2643 2299 vero
2680 2246 2818 2299 solus
2847 2245 3107 2300 exhauriet
3127 2248 3263 2300 mala
3287 2248 3478 2321 (Prov.
3526 2252 3580 2307 9.

1992 2334 2116 2404 12).
2146 2335 2282 2404 Quid
2320 2337 2460 2391 enim
2507 2352 2572 2392 eo
2601 2338 2689 2408 qui
2721 2337 2920 2393 invidet
2943 2339 3178 2409 gravius,
3212 2349 3266 2396 et
3294 2343 3576 2399 miserabi-

1990 2427 2088 2481 lius
2114 2444 2178 2482 co
2223 2429 2311 2499 qui
2359 2428 2656 2494 insidiatur,
2688 2439 2744 2484 et
2789 2443 2855 2485 eo
2892 2431 2982 2500 qui
3019 2431 3188 2487 aliena
3221 2433 3584 2504 concupiscit?

1988 2518 2186 2584 Quovis
2229 2521 2476 2576 carniﬁce
2512 2521 2725 2591 gravius
2751 2522 3180 2591 perturbationes
3226 2523 3310 2580 hae
3345 2533 3581 2584 mentem

1989 2611 2314 2666 excruciant.

2061 2700 2145 2754 14.
2173 2701 2358 2756 Merito
2383 2718 2510 2772 ergo
2534 2702 2744 2758 dolores
2779 2712 2960 2773 partus
3008 2704 3104 2760 luas
3134 2714 3340 2761 vocavit
3380 2710 3583 2778 cogita-

1989 2792 2179 2845 tiones.
2201 2792 2304 2847 Sed
2331 2792 2776 2862 quemadmodum
2812 2794 3062 2851 mulieres
3094 2811 3161 2851 ει
3207 2802 3586 2868 congressione

1988 2884 2218 2953 pariunt,
2248 2893 2302 2940 et
2327 2885 2371 2938 si
2415 2895 2540 2939 sunt
2579 2900 2707 2941 sana
2755 2886 2968 2956 quidem
3008 2902 3252 2960 corpora,
3287 2893 3577 2950 talia-sunt

1986 2976 2146 3030 etiam
2179 2991 2296 3048 qua:
2336 2985 2648 3042 nascuntur,
2672 2977 2753 3031 sin
2785 2985 2958 3032 autem
3003 2991 3273 3048 corrupta,
3302 2993 3579 3051 parentum

1987 3075 2230 3122 naturam
2275 3067 2548 3122 imitantur
2591 3083 2606 3122 :
2650 3067 2720 3121 ita
2763 3069 2922 3122 etiam
2965 3069 3018 3122 in
3061 3071 3486 3140 cogitationibus.
3523 3073 3582 3128 Si

1984 3173 2105 3212 cum
2152 3159 2306 3214 bonis
2344 3161 2592 3226 verseris,
2627 3159 2758 3213 tales
2780 3175 2990 3230 quoque
3016 3169 3170 3214 erunt
3200 3161 3271 3215 tui
3295 3162 3463 3229 fctus;
3495 3164 3580 3219 sin

1984 3259 2163 3304 autem
2206 3265 2326 3305 cum
2370 3249 2544 3315 malis,
2574 3257 2759 3305 etnon
2809 3251 3092 3316 attendas,
3136 3268 3384 3322 magnmn
3433 3254 3579 3312 illinc

1984 3355 2193 3411 quoque
2209 3339 2457 3395 damnum
2474 3340 2672 3410 capies.
2688 3340 2823 3395 Audi
2841 3355 2972 3410 ergo
2987 3339 3110 3412 quid
3131 3341 3272 3396 dicat
3289 3345 3576 3414 propheta:

1984 3435 2028 3488 A
2058 3435 2233 3489 timore
2261 3445 2345 3488 tuo
2389 3435 2442 3488 in
2486 3445 2626 3488 utero
2672 3435 3010 3504 concepimus,
3040 3444 3085 3490 et
3129 3438 3506 3507 parturivimus,
3529 3449 3578 3494 et

1985 3527 2268 3596 peperimus
2313 3527 2547 3596 spiritum
2585 3527 2760 3582 salutis
2785 3525 2933 3599 (Iani.
2963 3528 3052 3584 9.6.
3088 3527 3198 3601 18).
3230 3529 3286 3585 In
3315 3531 3378 3586 iis
3397 3541 3576 3588 autem

1982 3618 2069 3692 qui
2097 3633 2162 3672 ex
2189 3617 2400 3672 diabolo
2432 3636 2444 3673 :
2480 3617 2587 3673 Ova
2633 3620 2867 3690 aspidum
2907 3624 3183 3692 fregerunt,
3211 3631 3256 3677 et
3285 3640 3485 3679 aranea:
3505 3634 3579 3680 te-

1983 3709 2085 3762 lam
2127 3718 2301 3764 teasunt
2339 3708 2490 3780 (Isai.
2519 3711 2606 3766 59.
2655 3711 2735 3782 5).
2777 3711 3061 3783 Fugiamus
3107 3729 3234 3784 ergo
3280 3716 3572 3788 improbos.

1983 3799 2262 3868 Quomodo
2288 3804 2428 3858 enim
2459 3819 2564 3858 non
2594 3817 2675 3859 ρει
2695 3805 3004 3872 absurdum,
3036 3821 3155 3861 cum
3200 3809 3354 3863 liceat
3387 3825 3449 3864 ex
3481 3811 3574 3870 Dei

1983 3895 2262 3964 praeceptis
2298 3896 2577 3966 concipere
2604 3905 2657 3951 et
2679 3911 2883 3966 parere,
2916 3898 2966 3952 id
2991 3898 3154 3964 nolle,
3185 3899 3279 3954 sed
3303 3900 3573 3970 improbo-

1981 4003 2098 4041 rum
2137 3989 2381 4058 persequi
2428 3989 2854 4059 congressioncs,
2886 3999 2939 4043 et
2965 3989 3186 4059 perinde
3232 3989 3408 4046 facere
3436 4007 3500 4047 ac
3527 3993 3577 4051 si

1983 4080 2194 4145 mulier,
2224 4081 2275 4134 in
2307 4079 2458 4150 cujus
2483 4089 2564 4134 est
2590 4087 2854 4151 potestate
2873 4095 2992 4135 cum
3023 4096 3147 4150 rege
3172 4081 3444 4152 conjungi,
3464 4101 3573 4141 non

1983 4173 2260 4238 sustineat,
2287 4172 2380 4230 sed
2405 4187 2498 4241 pro
2534 4171 2624 4226 illo
2670 4171 2932 4226 latronem
2960 4180 3016 4226 et
3042 4187 3315 4228 murorum
3365 4173 3571 4244 perfos-

1982 4278 2158 4318 sorcm
2205 4265 2331 4318 velit
2357 4263 2555 4319 habere
2583 4263 2904 4334 conjugem?
2936 4266 3021 4319 16.
3047 4263 3238 4318 Lucum
3267 4268 3499 4336 aperuit’
3527 4281 3574 4324 et

1982 4355 2156 4424 effodit
2199 4372 2334 4423 eum,
2369 4367 2414 4408 et
2438 4354 2621 4411 incidet
2646 4355 2698 4409 in
2729 4357 2925 4427 foveam
2965 4372 3114 4426 quam
3149 4357 3284 4427 fecit.
3317 4356 3456 4414 Usus
3489 4370 3574 4417 est

1985 4463 2170 4503 rursus
2206 4448 2658 4515 translationibus,
2705 4447 3150 4519 quemadmodum
3197 4463 3293 4518 per
3338 4451 3572 4520 parturi-

1987 4539 2204 4605 tionem,
2233 4539 2500 4603 dolorem;
2534 4539 2602 4592 ita
2635 4554 2731 4609 per
2768 4538 2964 4604 lacum,
2998 4537 3267 4595 difficilem
3295 4539 3569 4596 liberatio-

1987 4647 2108 4686 nem
2141 4631 2401 4686 iudicans.
2435 4629 2502 4686 Et
2525 4630 2710 4684 incidet
2737 4631 2791 4684 in
2835 4634 3030 4704 [aream
3055 4647 3208 4701 quant
3250 4633 3386 4702 fecit.
3420 4632 3576 4699 Quod

1982 4724 2117 4778 alius
2146 4723 2274 4777 dicit
2305 4741 2318 4776 :
2351 4721 2450 4789 Qui
2489 4723 2618 4795 [odit
2645 4721 2839 4792 foveam
2872 4723 3102 4791 proximo
3138 4739 3231 4778 suo
3253 4765 3269 4792 ,
3303 4724 3487 4779 incidet
3522 4725 3576 4778 in

1984 4815 2145 4884 ipsam
2163 4812 2450 4886 (Prov.26.
2471 4810 2586 4885 27).
2611 4813 2775 4868 Porro
2803 4813 2903 4868 hoc
2927 4829 3139 4886 quoque
3169 4813 3265 4872 Dei
3286 4814 3578 4890 benignita-

1986 4907 2051 4959 tis
2073 4914 2154 4960 est
2183 4913 2236 4959 et
2261 4904 2578 4970 clementiae,
2613 4904 2820 4959 insidiis
2855 4905 3010 4961 talem
3035 4906 3266 4960 tribuere
3294 4917 3572 4973 naturam,

1984 5007 2042 5053 ut
2087 4998 2220 5052 retia
2277 5007 2550 5053 vertantur
2593 4996 2644 5051 in
2692 4998 2836 5066 ipsos
2897 4997 3272 5064 insidiatores,
3317 5005 3378 5051 ut
3434 4997 3556 5054 ideo

1984 5089 2241 5146 desistant
2276 5105 2396 5144 cum
2438 5089 2681 5161 proximo
2717 5089 3051 5159 belligerare,
3089 5101 3141 5144 et
3160 5089 3208 5144 ei
3228 5104 3415 5158 parare
3455 5091 3571 5146 insi.

1984 5183 2118 5237 dias.
2171 5183 2283 5238 lloe
2325 5183 2484 5238 etiam
2523 5183 2576 5237 in
2602 5181 2745 5238 Mose
2776 5182 2986 5236 accidit.
3016 5181 3116 5249 Qui
3143 5182 3283 5236 enim
3311 5190 3424 5236 erat
3448 5197 3576 5252 pcr~

1987 5276 2252 5343 imendus,
2287 5286 2632 5331 conservatus
2670 5289 2752 5330 est
2787 5295 2800 5330 :
2832 5274 3041 5330 Pharao
3088 5283 3264 5330 autem
3311 5290 3406 5348 per
3436 5280 3574 5332 viam

1984 5385 2142 5441 quam
2171 5368 2427 5423 adversus
2452 5369 2679 5423 infantes
2698 5367 3031 5421 machinatus
3057 5375 3156 5432 est,
3187 5379 3286 5438 per
3304 5382 3421 5422 eam
3448 5383 3577 5440 per—

1985 5461 2063 5515 iit.
2092 5459 2222 5514 Cum
2253 5460 2393 5515 enim
2423 5459 2672 5528 jussisset
2701 5457 2928 5512 infantes
2957 5457 3212 5526 interimi,
3264 5458 3438 5529 coegit
3468 5473 3570 5512 ma-

2047 5662 2064 5692 ¹
2092 5667 2191 5708 Duo
2209 5665 2337 5715 Mss,
2356 5654 2597 5714 Quomodo
2617 5651 2743 5704 enim
2763 5663 2854 5715 non
2873 5651 3217 5704 cstabsmdum
3233 5653 3478 5714 ﬂendum»
3503 5652 3581 5706 cui

1983 5720 2122 5784 capia
2145 5724 2289 5771 datur
2305 5712 2415 5767 cum
2437 5730 2548 5780 rege
2571 5712 2810 5784 coniungi,
2837 5715 3115 5784 nonassetzti
3144 5715 3178 5773 i,
3204 5712 3291 5765 sed
3310 5729 3398 5778 pro
3414 5716 3579 5784 ittotu-

1986 5773 2170 5833 tronem
2191 5789 2237 5830 et
2260 5773 2512 5830 murorum
2549 5773 2866 5888 perlegerem
2886 5773 3062 5837 eligere
3102 5773 3353 5845 conmgein
3378 5815 3391 5836 ,
3417 5783 3467 5826 te
3489 5791 3581 5825 an-

1987 5852 2101 5888 tem-
2124 5855 2234 5888 cum
2256 5854 2319 5888 ea:
2338 5854 2382 5888 m
2398 5847 2590 5888 aecum
2648 5849 2790 5886 tinnis
2811 5835 2951 5884 liceat
2968 5842 3014 5885 et
3045 5849 3255 5888 concive;
3270 5850 3296 5885 e
3318 5845 3362 5886 et
3387 5849 3578 5888 parere.

1987 5852 2102 5901 tem,
2124 5855 2234 5892 cum
2256 5854 2319 5891 ea:
2338 5854 2382 5904 pp
2398 5835 2590 5904 aceptis
2613 5835 2790 5888 divinis
2811 5835 3014 5904 ticeatlet
3045 5835 3296 5896 concipei'e
3318 5835 3578 5904 etgparere,

1988 5895 2312 5968 improborum
2337 5895 2556 5965 prosequi
2579 5895 2976 5963 congressiones.’
3001 5895 3400 5961 Lacumc'perttif,
3430 5909 3536 5948 etc.-
