4032 6284
434 442 572 497 'M')

459 565 603 607 trem
629 550 787 606 Μηδὶς
809 544 1061 601 infantem
1091 551 1304 612 propter
1332 548 1529 594 metum
1555 548 1856 607 exponere;
1896 531 2038 605 [cum

468 655 644 702 autem
672 643 774 698 filia
803 641 1092 697 Pharaonis
1118 638 1368 693 ﬁscellam
1389 634 1647 704 scirpeam
1663 631 1730 686 de
1750 628 1909 684 fluvio
1935 640 2044 680 sus-

470 740 697 801 tulisset,
726 743 781 792 et
804 736 1059 790 infantem
1101 729 1410 793 invenisset,
1434 740 1559 781 eum
1600 719 1864 794 nutrivit‘]
1905 733 2041 773 :au-

465 839 584 883 ctus
611 827 697 882 ille
725 839 913 881 omnes
944 821 1189 893 perdidit.
1227 818 1360 872 llinc
1389 825 1443 871 et
1471 814 1564 870 Dei
1602 813 1829 867 maxime
1871 810 2044 864 elucet

465 919 700 984 solertia,
728 927 783 970 et
810 912 1061 984 improbis
1083 925 1269 980 magna
1300 905 1590 981 castigatio,
1619 912 1673 958 et
1702 903 1764 956 iis
1788 900 1877 971 qui
1913 896 2045 953 eﬁ‘u-

467 1010 617 1079 giunt
644 1006 905 1075 voluptas.
937 1003 1012 1057 lta
1039 999 1272 1056 etiamin
1304 996 1556 1067 praeclaro
1592 990 1791 1060 Joseph
1828 987 2039 1044 accidit.

468 1096 601 1152 Cum
645 1094 789 1153 enim
835 1107 956 1149 eum
1005 1091 1195 1146 fratres
1225 1093 1278 1148 in
1322 1086 1629 1142 servitutem
1669 1080 2039 1151 coniecissent,

468 1187 632 1244 multa
656 1184 796 1257 passi
818 1190 959 1250 sunt,
982 1191 1176 1238 etcum
1214 1177 1426 1249 quidem
1474 1174 1605 1229 nihil
1646 1173 1916 1233 hescrunt,
1947 1167 2042 1225 sed

465 1281 624 1335 etiam
644 1279 915 1349 juverunt,
943 1274 1042 1345 ipsi
1084 1280 1257 1326 autem
1281 1267 1585 1339 tragmdiam
1612 1265 1754 1320 illam
1776 1261 2042 1318 sustinue-

467 1373 764 1426 runt.(1um
799 1369 958 1423 multa
982 1377 1154 1421 autem
1178 1365 1380 1433 possint
1403 1360 1506 1416 dici
1531 1357 1812 1429 ejusmodi,
1870 1355 2045 1409 consi-

467 1463 594 1518 dera
623 1462 779 1516 etiam
805 1460 855 1512 in
882 1458 1019 1512 altis.

542 1553 642 1618 Qui
669 1552 833 1606 aliena
869 1547 1078 1613 invadit,
1105 1548 1320 1618 seipsnm
1337 1543 1531 1616 ,ρει-(ιη.
1553 1571 1624 1598 -τ
1648 1540 1833 1595 Aliena
1856 1537 2047 1592 invasit

465 1640 688 1714 aliquis?
713 1639 958 1711 Seipsum
1005 1637 1249 1708 perdidit.
1279 1636 1412 1690 Eum
1439 1633 1604 1697 enim,
1632 1631 1865 1698 incuius
1907 1629 2043 1682 bona

473 1734 684 1800 invasit,
707 1747 849 1803 smpe
876 1731 1033 1786 etiam
1056 1729 1191 1799 iuvit
1222 1746 1236 1781 :
1264 1741 1412 1782 suam
1451 1734 1624 1780 autem
1666 1723 1894 1777 animam
1917 1736 2047 1790 pro-

470 1825 623 1882 didit.
653 1824 803 1880 Fecit
840 1821 1031 1893 aliquis
1060 1820 1342 1890 iniuriam?
1366 1817 1508 1872 Ense
1533 1817 1763 1886 seipsnm
1786 1814 2042 1869 confodit.

464 1915 583 1972 Non
613 1914 754 1971 enim
781 1912 921 1968 male
944 1910 1189 1966 aﬁ‘ectum
1219 1923 1357 1976 esse,
1376 1907 1470 1963 sed
1497 1906 1636 1962 male
1658 1905 1915 1970 affecisse,
1945 1902 2045 1958 hoc

466 2006 732 2078 praecipue
756 2013 838 2060 est
863 2002 1000 2058 male
1038 2001 1166 2072 pati.
1195 2000 1263 2055 Et
1288 2000 1406 2055 ideo
1437 1998 1624 2053 Paulus
1670 2011 1880 2067 quoque
1919 2009 2036 2049 sua-

465 2099 645 2166 debat,
660 2097 849 2169 injuria
871 2096 1050 2167 potius
1072 2093 1233 2159 afﬁci,
1251 2107 1406 2164 quam
1432 2091 1643 2146 allicere
1666 2090 1742 2159 (l.
1762 2088 1880 2143 Cor.
1898 2086 1951 2143 6.
1969 2088 2042 2158 7):

469 2198 524 2243 et
549 2186 808 2254 Christus,
828 2186 994 2256 alapis
1014 2183 1215 2255 impeti,
1234 2192 1287 2238 et
1316 2198 1422 2238 non
1448 2191 1628 2237 contra
1660 2181 1932 2248 impetere,
1953 2176 2047 2233 sed

464 2281 622 2335 etiam
644 2279 874 2349 seipsnm
896 2276 961 2332 ad
977 2275 1279 2346 patiendum
1299 2275 1490 2330 offerre
1508 2272 1714 2346 (Matth.
1733 2271 1917 2342 5,59).
1939 2270 2049 2324 lloc

464 2379 546 2425 est
566 2370 808 2424 maximze
823 2368 1049 2433 virtutis,
1069 2366 1171 2422 hoc
1188 2366 1350 2422 efﬁcit
1366 2365 1720 2429 tolerantiam,
1743 2363 1843 2417 hoc
1859 2364 2046 2416 fortem

469 2458 646 2513 reddit
685 2456 1056 2523 animam,hoc
1093 2456 1341 2511 omnibus
1365 2455 1525 2509 animi
1569 2452 2048 2524 perturbationibus

470 2550 821 2619 potentiorem
861 2546 1043 2603 efﬁcit.
1075 2546 1174 2614 Qui
1203 2546 1343 2602 enim
1383 2547 1472 2601 alii
1506 2546 1749 2615 iniuriam
1785 2544 1925 2612 facit,
1960 2545 2046 2600 vel

472 2657 593 2695 etim
615 2639 877 2706 verberat,
897 2647 986 2693 aut
1010 2638 1327 2694 contumelia
1354 2637 1515 2693 afﬁcit
1537 2638 1648 2708 ipse
1668 2637 1813 2708 prius
1839 2637 1905 2691 ab
1929 2636 2047 2690 ani-

472 2735 542 2788 mi
590 2733 984 2804 perturbatione
1028 2732 1217 2798 victus,
1247 2740 1299 2787 ct
1325 2731 1378 2786 in
1418 2732 1728 2786 servitutem
1776 2729 2042 2797 redactus,

469 2835 593 2879 tunc
615 2824 822 2879 videtur
836 2823 1075 2893 proximo
1098 2822 1341 2893 iniuriam
1360 2820 1530 2877 facere
1559 2839 1572 2876 :
1607 2822 1717 2891 ipse
1736 2829 1909 2875 autem
1926 2836 2047 2891 gra-

468 2917 610 2970 viora
641 2929 828 2984 passus
856 2924 954 2979 est,
974 2913 1025 2967 in
1044 2923 1330 2968 extremam
1352 2912 1595 2967 redactus
1611 2912 1935 2966 servitutem.
1955 2912 2042 2967 17.

466 3011 789 3065 Convertetur
806 3008 951 3062 dolor
966 3008 1071 3078 ejus
1087 3008 1139 3061 in
1158 3014 1305 3079 caput
1329 3007 1458 3076 ejus,
1493 3016 1537 3060 et
1566 3005 1618 3059 in
1643 3005 1869 3059 verticem
1890 3005 2047 3075 ipsius

465 3104 700 3174 iniquitas
724 3109 834 3174 ejus
861 3101 1139 3156 descendet.
1173 3099 1240 3154 Et
1266 3100 1335 3154 de
1358 3097 1701 3167 AchitOphele
1725 3096 1860 3152 etde
1879 3097 2047 3151 Absa-

467 3195 589 3250 lone
615 3193 725 3249 haec
771 3193 906 3248 dicta
950 3208 1069 3248 esse
1107 3197 1292 3262 putant
1346 3207 1358 3244 :
1393 3189 1667 3258 utriusque
1705 3188 1845 3243 enim
1887 3196 2045 3257 caput

465 3286 739 3341 descendit
762 3285 826 3339 ad
853 3284 1187 3355 supplicium.
1213 3283 1303 3337 llle
1331 3282 1472 3336 enim
1512 3281 1700 3350 laqueo
1730 3295 1854 3335 usus
1884 3281 2042 3334 vitam

465 3377 634 3431 finivit
664 3394 678 3430 :
708 3376 793 3431 hic
821 3392 946 3430 vero
967 3390 1085 3430 cum
1109 3374 1208 3429 sub
1228 3375 1469 3428 arborem
1502 3374 1732 3427 venisset
1759 3413 1773 3435 ,
1811 3380 1865 3425 et
1892 3386 2042 3426 coma

466 3468 651 3521 fuisset
691 3480 1001 3536 suSpensus,
1045 3465 1149 3520 illic
1194 3465 1352 3534 longo
1394 3472 1633 3534 tempore
1670 3462 1932 3532 pependit.
1970 3461 2043 3518 Ita

464 3559 624 3612 etiam
653 3556 817 3612 Judas
853 3557 1044 3627 laqueo
1084 3557 1242 3611 vitam
1280 3556 1463 3621 linivit,
1486 3556 1658 3611 sciens
1684 3571 1743 3611 se
1770 3556 1882 3612 haec
1923 3572 2042 3612 om-

473 3649 562 3703 nia
608 3648 801 3703 fecisse
845 3646 898 3702 in
925 3647 1215 3718 perniciem
1264 3648 1345 3702 sui
1381 3648 1587 3716 capitis.
1633 3648 1697 3702 Et
1729 3649 2041 3719 AcliitOphel

464 3739 803 3811 conspicatus
844 3740 1062 3792 omnino
1105 3736 1335 3792 futurum
1368 3747 1423 3792 nt
1454 3738 1619 3792 David
1669 3739 1930 3805 vinceret,
1959 3756 2041 3794 se-

465 3829 637 3901 ipsum
664 3829 1011 3900 strangulavit
1039 3848 1052 3882 :
1088 3828 1318 3884 Absalon
1343 3837 1517 3884 autem
1544 3830 1736 3884 invitus
1771 3832 2036 3901 pependit,

462 3933 517 3978 ct
554 3938 660 3979 non
702 3922 877 3977 statim
906 3920 974 3977 de
998 3920 1173 3975 medio
1208 3920 1442 3975 sublatus
1481 3931 1588 3985 cst,
1636 3920 1727 3976 sed
1775 3929 2039 3991 tamquam

462 4014 515 4069 in
558 4013 760 4084 judicio
798 4014 944 4084 prius
987 4027 1275 4082 suspensus
1317 4020 1419 4077 est,
1464 4021 1519 4067 et
1556 4012 1697 4083 ligno
1742 4011 2040 4077 afﬁxus;et

462 4109 571 4165 Deo
596 4124 628 4165 e
653 4109 860 4180 superis
907 4108 1108 4163 ferente
1129 4106 1445 4162 sententiam
1489 4106 1645 4177 longo
1667 4115 1905 4176 tempore
1944 4123 2035 4176 pe-

460 4203 708 4275 pendit,a
735 4200 1058 4257 conscientia
1097 4200 1347 4270 deinceps
1388 4199 1698 4270 flagellatus.
1736 4199 1853 4270 ipse
1894 4200 2034 4253 enim

458 4292 702 4362 cupiebat
729 4291 781 4345 in
813 4291 974 4361 patris
1004 4300 1183 4362 guttur
1220 4291 1491 4346 dexteram
1538 4290 1799 4359 iutingerc
1827 4306 1841 4355 ;
1889 4299 2038 4357 pater

460 4391 637 4436 autem
665 4380 746 4434 vel
778 4379 856 4435 sic
874 4380 1092 4450 rogabat
1112 4381 1325 4447 milites,
1351 4390 1408 4435 ut
1430 4379 1479 4435 ei
1508 4390 1805 4449 parcerent.
1838 4381 1878 4433 Α
1906 4395 2036 4434 vana

457 4480 634 4526 autem
656 4469 819 4540 gloria
848 4477 963 4525 erat
988 4469 1122 4525 adeo
1150 4470 1376 4537 alienus,
1397 4469 1624 4525 utetiam
1656 4480 1772 4539 pOst
1812 4480 2035 4526 mortem

459 4576 581 4617 eum
604 4561 823 4631 lugeret.
850 4559 916 4614 Et
944 4571 997 4614 ut
1024 4560 1159 4615 scias
1204 4561 1343 4630 quod
1389 4560 1581 4617 factum
1613 4571 1693 4617 est
1725 4578 1828 4616 non
1875 4560 2033 4618 fuisse

463 4653 709 4727 humana:
729 4650 1019 4716 iuduslrite,
1042 4651 1135 4707 sed
1169 4660 1331 4706 totum
1361 4653 1522 4708 fuisse
1549 4653 1708 4708 divini
1733 4654 1930 4725 iudicii,
1949 4669 2037 4708 ca-

456 4743 570 4817 pilli
602 4752 657 4798 et
691 4741 888 4813 lignum
926 4758 1049 4798 eum
1086 4743 1383 4812 alligarunt,
1418 4752 1473 4798 et
1512 4744 1724 4799 brutum
1762 4762 1883 4800 cum
1921 4746 2037 4799 ani-

456 4835 563 4891 mal
591 4832 821 4898 tradidit,
850 4844 902 4888 et
930 4848 1027 4903 pro
1064 4832 1189 4911 fune
1214 4833 1427 4905 quidem
1453 4848 1626 4901 coma,
1650 4850 1750 4904 pro
1782 4836 1920 4906 ligno
1949 4853 2036 4890 ar-

453 4922 551 4983 bor
591 4927 820 4991 exstitit;
844 4940 963 4995 pro
1004 4925 1171 4980 milite
1208 4935 1382 4981 autem
1419 4942 1538 4981 eum
1582 4926 1800 4981 adduxit
1838 4930 2029 4983 mulus.

454 5020 744 5076 Considera
785 5033 899 5074 rem
943 5018 1329 5074 admirandam.
1359 5018 1489 5073 Cum
1534 5022 1648 5074 haec
1692 5034 1881 5088 passus
1927 5030 2028 5088 est,

450 5130 609 5170 nemo
650 5128 868 5169 suorum
902 5111 969 5167 ad
995 5127 1115 5167 eum
1157 5111 1411 5168 accedere
1429 5104 1589 5167 ausus
1621 5122 1722 5178 est,
1758 5113 2033 5185 ipsumque

449 5206 573 5262 inde
589 5206 889 5273 detrahere,
912 5220 1034 5260 cum
1061 5214 1262 5260 tantum
1289 5204 1472 5261 fuisset
1502 5207 1753 5275 temporis
1782 5208 2029 5277 spatium.

446 5297 561 5356 Hoc
580 5309 756 5355 autem
775 5299 916 5354 Deus
933 5297 1256 5368 providerat,
1276 5307 1331 5352 ut
1349 5312 1517 5368 neque
1533 5296 1916 5363 detraheretur,
1933 5315 2031 5355 nec

445 5390 654 5445 vinctus
668 5389 733 5444 ad
750 5401 952 5462 patrem
969 5388 1266 5456 atl‘crretur,
1284 5389 1532 5459 quoniam
1562 5399 1778 5461 paterna
1825 5392 2027 5446 viscera

442 5594 445 5597 .
498 5548 526 5582 1
549 5559 661 5609 Qnm
684 5551 873 5599 uncinis
903 5548 1190 5609 clauduntur
1234 5548 1410 5597 omissa
1454 5557 1567 5598 sunt
1598 5562 1626 5599 a
1656 5549 1785 5599 Coll).
1812 5560 1863 5600 et
1885 5552 2025 5602 Savil.

441 5618 539 5663 Vox
565 5607 742 5669 Crteea,
766 5624 895 5674 (lilii),
932 5607 1162 5673 ﬁscellam
1194 5610 1450 5674 scirpeqm,
1467 5619 1553 5674 cst
1574 5614 1910 5674 interpretata,
1932 5623 2025 5671 est,

443 5686 562 5736 σίτην.
607 5675 737 5736 Cirta
771 5672 939 5736 illam’
966 5685 1131 5722 vocem
1164 5672 1340 5722 Gram
1366 5672 1602 5736 lectiones
1650 5672 1849 5723 variant.
1884 5677 2022 5724 Savil.

442 5735 499 5786 at
519 5735 680 5785 Morel.
709 5735 906 5797 habent,
943 5746 1055 5795 Nam.
1075 5775 1086 5792 ,
1108 5736 1418 5797 Septuaginta
1451 5735 1634 5785 habent
1654 5775 1666 5791 ,
1702 5748 1822 5790 tas“.
1862 5737 2026 5797 Aquila

444 5808 492 5859 et
512 5797 815 5859 Symnuclms
838 5790 1036 5851 habent,
1063 5790 1213 5846 utam-6‘4
1232 5837 1242 5851 ,
1264 5790 1404 5859 alius,
1425 5808 1543 5854 ιιεκην.
1572 5804 1617 5845 tu
1639 5790 1859 5857 ltehrrco,
1878 5790 2024 5849 Haud.

444 5852 490 5902 ‘2.
509 5852 563 5917 8⁷,
590 5860 765 5922 Ιιιεὶιιιι
789 5864 929 5913 nan.
959 5858 1072 5907 Vide
1098 5858 1308 5920 tiexaph
1329 5852 1506 5905 nostra.

1188 431 1243 482 S.
1286 425 1560 482 JOA-NNIS
1598 417 2072 480 CHRYSOSTOMI
2104 417 2414 473 ARCHIEP.
2456 418 2985 474 CONSTANTINOP.

3626 425 3722 479 103

2149 530 2197 584 ei
2226 532 2364 599 parci
2390 531 2524 585 velle
2545 531 2679 586 ultra
2716 531 2930 587 modum
2950 532 3354 601 indicaverant';
3386 544 3438 589 et
3476 537 3616 605 quod
3643 546 3725 593 est

2150 622 2532 689 admirabilius,
2562 625 2650 694 qui
2676 633 2885 694 .patrem
2909 624 2956 679 ei
2984 624 3363 692 reconciliavit,
3392 628 3436 682 is
3464 628 3633 698 ipsum
3655 631 3726 682 in-

2151 712 2376 780 terfecit,
2424 714 2805 785 propemodum
2848 715 3052 771 instans
3083 716 3373 772 vehemens
3405 728 3718 774 accusator:

2150 806 2247 861 sed
2286 806 2331 861 is
2371 806 2584 878 quidem
2627 822 2749 862 eum
2787 807 2998 875 occidit,
3037 807 3177 864 Deus
3213 816 3392 864 autem
3434 810 3556 864 tulit
3597 825 3724 865 sen-

2149 897 2387 952 tentiam.

2220 988 2308 1044 15.
2348 987 2501 1056 Quod
2545 988 2687 1044 enim
2719 1003 2751 1044 e
2792 989 2998 1059 superis
3039 989 3140 1043 lata
3169 989 3238 1045 sit
3279 991 3563 1059 sententia,
3604 992 3725 1047 audi

2149 1079 2414 1150 quomodo
2442 1080 2493 1135 id
2521 1081 2633 1150 ipse
2657 1081 2947 1136 ostenderit
2971 1098 2984 1134 :
3011 1095 3129 1135 cum
3153 1083 3293 1137 enim
3318 1082 3562 1152 dixisset,
3581 1082 3646 1136 Et
3673 1085 3729 1139 in

2150 1172 2378 1226 uerticem
2399 1173 2557 1243 ipsius
2580 1174 2817 1244 iniquitas
2841 1174 2950 1240 eius
2974 1171 3261 1242 descendet,
3284 1174 3409 1229 dicit
3434 1192 3447 1228 :
3479 1175 3566 1229 18.
3590 1174 3724 1229 Con-

2149 1262 2326 1331 ﬁtebor
2351 1260 2570 1318 Domino
2596 1264 2870 1318 secundum
2896 1265 3143 1332 iustitiam
3166 1266 3294 1336 ejus,
3320 1277 3367 1320 et
3388 1267 3602 1336 psallam
3630 1283 3725 1320 no-

2151 1356 2277 1409 mini
2313 1353 2521 1409 Damini
2565 1355 2813 1410 altissimi.
2854 1354 3060 1411 Gratias
3088 1371 3343 1426 agamus,
3373 1357 3578 1428 inquit,
3619 1373 3727 1414 non

2149 1447 2373 1502 aliorum
2402 1447 2638 1517 gaudens
2661 1447 2894 1503 crcdibus
2913 1491 2928 1516 ,
2960 1449 3054 1504 sed
3075 1448 3176 1505 Dei
3204 1450 3520 1505 sententiam
3559 1453 3728 1507 susci-

2151 1538 2319 1609 piens.
2344 1538 2413 1593 Et
2436 1540 2553 1608 quis
2578 1549 2753 1609 potest
2779 1539 2830 1596 ei
2855 1541 3050 1610 gratias
3074 1556 3232 1611 agere
3258 1541 3548 1597 secundum
3570 1543 3728 1613 justi-

2154 1633 2276 1687 tiam
2306 1632 2418 1702 eius
2438 1634 2463 1684 ‘i
2489 1638 2607 1703 quis
2648 1641 2825 1688 autem
2850 1648 2968 1689 eum
2997 1633 3262 1702 laudabit,
3290 1635 3426 1689 sicut
3453 1636 3575 1690 est?
3599 1635 3734 1690 Νυιλ

2151 1725 2251 1779 ius.
2280 1723 2415 1791 Quid
2442 1733 2522 1779 est
2540 1724 2829 1779 Secundum
2845 1724 3100 1793 justitiam
3133 1726 3240 1794 ejus
3260 1724 3362 1780 31d
3384 1734 3482 1791 est,
3512 1736 3730 1795 prOptcr

2147 1816 2402 1887 iustitiam
2430 1817 2566 1885 eius.
2590 1816 2657 1870 Et
2688 1817 2903 1887 psallam
2928 1817 3154 1872 Domino
3180 1817 3458 1872 altissimo.
3492 1818 3619 1887 Ejus
3647 1827 3731 1873 est

2150 1909 2292 1963 cnim
2320 1908 2556 1974 victoria,
2585 1908 2699 1976 eius
2721 1917 2939 1978 tropma,
2972 1923 3077 1963 non
3104 1924 3243 1964 mea.
3271 1908 3728 1977 Quemadmodum

2152 2003 2293 2057 enim
2324 2001 2375 2055 in
2403 2000 2553 2056 bellis
2582 2016 2700 2056 cum
2727 2017 2822 2057 rex
2850 2001 2993 2067 vicit,
3017 2000 3207 2057 choros
3235 2000 3487 2057 ducentes
3508 2012 3727 2068 canunt,

2151 2092 2332 2148 laudes
2362 2092 2412 2147 in
2439 2108 2559 2148 eum
2587 2092 2920 2148 conferentes
2951 2110 2962 2146 :
2995 2092 3067 2146 ita
3103 2107 3201 2162 ego
3243 2106 3452 2163 quoque
3500 2091 3727 2157 faciam,

2153 2186 2341 2256 inquit.
2376 2185 2657 2253 Propterea
2688 2199 2792 2239 non
2823 2183 2998 2250 dixit,
3018 2184 3321 2251 Conﬁteor,
3345 2182 3439 2238 sed
3465 2225 3479 2251 ,
3508 2182 3731 2252 Conﬁte-

2151 2278 2241 2332 bor
2262 2294 2281 2332 :
2304 2277 2607 2348 signiﬁcans
2634 2291 2692 2332 se
2718 2293 2815 2332 nec
2841 2285 3117 2347 postquam
3142 2285 3223 2331 est
3260 2286 3596 2346 assequutus,
3627 2277 3727 2331 bn-

2151 2383 2340 2423 norum
2387 2368 2622 2423 oblivisci
2653 2384 2666 2420 :
2695 2382 2793 2423 nec
2824 2368 3251 2438 negligentiorem
3293 2380 3411 2421 esse
3431 2408 3445 2432 ,
3475 2366 3567 2422 sed
3598 2367 3730 2436 vigi-

2151 2459 2261 2514 lare
2290 2476 2302 2511 :
2336 2475 2441 2514 non
2468 2458 2606 2531 quod
2636 2459 2773 2514 Deus
2814 2459 2878 2513 iis
2924 2458 3188 2529 indigeat,
3220 2458 3312 2514 sed
3343 2459 3484 2528 quod
3524 2459 3626 2513 hoc
3658 2461 3730 2513 sit

2151 2551 2303 2605 nobis
2324 2549 2451 2605 utile
2475 2558 2531 2605 et
2553 2550 2910 2605 commodum.
2935 2547 3389 2618 Quemadmodum
3416 2549 3557 2604 enim
3589 2550 3731 2604 acci-

2152 2642 2329 2711 piebat
2356 2640 2610 2696 sacriﬁcia
2636 2682 2651 2707 ,
2683 2656 2787 2695 non
2827 2655 2988 2710 egens
3025 2640 3297 2695 sacriﬁciis
3323 2641 3342 2710 (
3368 2640 3428 2695 Si
3451 2640 3591 2695 enim
3619 2657 3731 2694 esu-

2150 2734 2301 2797 riero,
2325 2733 2512 2802 inquit,
2532 2750 2633 2787 non
2659 2732 2824 2786 dicam
2846 2732 2931 2785 tibi
2953 2730 3120 2804 [PsuL
3152 2733 3239 2786 49.
3270 2731 3404 2805 12]),
3434 2731 3527 2786 sed
3559 2732 3733 2786 homi-

2152 2840 2247 2879 nes
2273 2823 2539 2879 deducens
2577 2823 2643 2878 ad
2687 2824 2851 2893 ipsius
2890 2822 3145 2878 honorem
3174 2838 3193 2877 :
3222 2823 3292 2877 ita
3319 2823 3476 2877 etiam
3505 2822 3731 2894 hymnos

2151 2914 2403 2983 suscipit,
2431 2921 2615 2968 nostra
2654 2912 2952 2967 laudatione
2996 2928 3100 2966 non
3132 2925 3295 2982 egens
3318 2953 3334 2980 ,
3366 2912 3459 2966 sed
3493 2924 3727 2967 nostram

2150 3006 2371 3060 salutem
2416 3004 2744 3060 desiderans.
2774 3004 2883 3060 Deo
2912 3005 3053 3059 enim
3082 3018 3287 3075 magna:
3311 3018 3453 3059 curae
3486 3014 3567 3059 est
3592 3014 3651 3059 ut
3677 3005 3728 3060 in

2149 3097 2339 3151 virtute
2358 3110 2678 3152 crescamus.

2218 3186 2534 3258 Colloquium
2567 3203 2683 3242 cum
2708 3186 2813 3243 Deo
2836 3187 3068 3242 uirtutem
3100 3195 3267 3257 auget.
3288 3215 3360 3227 —
3387 3185 3525 3241 Nihil
3552 3195 3728 3243 autem

2149 3295 2300 3351 seque
2323 3281 2387 3336 ad
2427 3281 2675 3335 virtutem
2708 3287 3018 3351 promovet,
3047 3286 3203 3349 atque
3231 3293 3349 3334 cum
3381 3279 3491 3334 Deo
3515 3278 3730 3335 assidua

2147 3373 2350 3432 versari
2380 3382 2435 3428 et
2476 3372 2704 3443 colloqui
2729 3413 2744 3437 ,
2767 3372 2925 3443 eique
2967 3380 3221 3441 perpetuo
3264 3370 3460 3441 gratias
3490 3384 3649 3441 agere
3674 3379 3730 3427 et

2151 3468 2393 3539 psallere.
2426 3465 2609 3521 Psallit
2635 3474 2810 3521 autem
2843 3465 2951 3519 Deo
2976 3464 3173 3534 iustam
3207 3462 3321 3533 eius
3341 3462 3598 3533 iudicium
3634 3464 3730 3518 ad-

2149 3561 2346 3615 mirans
2367 3566 2418 3613 et
2445 3554 2852 3628 patientiam.Et
2871 3554 2980 3622 ubi,
3010 3554 3197 3624 inquit,
3225 3555 3341 3624 eius
3368 3563 3449 3610 est
3476 3555 3726 3625 patientia

2148 3652 2426 3707 interfecto
2454 3647 2713 3721 tyranno?
2736 3647 2916 3717 Longe
2935 3655 3080 3703 certe
3108 3646 3355 3701 maxima.
3379 3647 3562 3718 Longo
3583 3649 3727 3704 enim

2147 3751 2384 3812 tempore
2410 3755 2530 3796 eum
2555 3739 2753 3794 dimisit
2777 3779 2792 3803 ,
2821 3747 2879 3792 ut
2906 3738 3112 3793 veniret
3136 3734 3203 3791 ad
3230 3737 3592 3806 paenitentiam
3627 3756 3640 3792 :
3673 3748 3727 3793 et

2145 3835 2341 3906 regiam
2384 3832 2664 3889 tenendam
2712 3831 2880 3899 dedit,
2909 3838 2967 3885 ut
2995 3844 3115 3886 cum
3156 3828 3360 3886 videret
3408 3829 3623 3887 domum
3673 3832 3725 3885 in

2145 3941 2247 3998 qua
2274 3935 2513 3982 creverat
2554 3933 2607 3982 et
2631 3923 2884 3981 educatus
2912 3923 3117 3989 fuerat,
3145 3931 3199 3978 et
3236 3923 3403 3993 patris
3438 3924 3586 3994 signa
3611 3966 3625 3989 ,
3658 3924 3724 3979 ad

2146 4018 2507 4089 pmnitentiam
2527 4015 2749 4071 veniret.
2772 4013 2827 4070 Si
2854 4015 2995 4069 enim
3023 4029 3127 4069 non
3157 4012 3344 4069 fuisset
3365 4014 3610 4069 immanis
3633 4014 3726 4069 be-

2146 4111 2263 4177 stia,
2297 4125 2395 4165 nec
2424 4125 2517 4164 cor
2547 4108 2820 4163 habuisset
2846 4106 3132 4176 lapideum,
3163 4106 3341 4160 omnia
3369 4105 3457 4160 illa
3488 4105 3723 4161 sufficie-

2143 4200 2271 4256 bant
2297 4201 2362 4255 ad
2402 4201 2546 4254 illum
2573 4198 2974 4254 reducendum:
3016 4212 3199 4253 mensa
3237 4196 3388 4266 cuius
3426 4212 3545 4251 cum
3574 4206 3726 4266 patre

2142 4302 2257 4350 erat
2278 4289 2772 4364 particeps,domus,
2804 4290 3006 4357 sedilia,
3035 4290 3124 4345 ubi
3153 4288 3312 4345 verba
3338 4304 3458 4345 eum
3484 4290 3724 4345 reconci-

2144 4384 2422 4449 liaveraut,
2445 4398 2564 4438 cum
2590 4383 2748 4438 talem
2769 4382 2968 4437 caedem
3000 4389 3260 4450 patrassct
3285 4398 3297 4434 :
3325 4395 3445 4435 cum
3468 4380 3551 4434 his
3573 4390 3725 4435 erant

2142 4479 2300 4533 etiam
2346 4477 2468 4543 alia,
2499 4490 2617 4546 quae
2660 4474 2726 4530 ad
2776 4489 2897 4529 eum
2944 4472 3321 4529 emotliendum
3363 4471 3723 4528 sufﬁciebant.

2141 4570 2398 4626 Audierat
2425 4569 2566 4624 enim
2591 4582 2711 4624 eum
2751 4566 2991 4623 exsulem
3015 4565 3235 4621 sedibus
3260 4564 3479 4619 incertis
3501 4579 3686 4619 errare
3705 4606 3719 4631 ,

2142 4674 2195 4718 et
2222 4662 2358 4717 mala
2382 4662 2561 4733 gravia
2588 4661 2831 4716 tolerare.
2862 4658 3012 4728 Quod
3041 4658 3085 4713 si
3128 4675 3193 4713 ne
3223 4658 3337 4714 haec
3359 4657 3572 4729 quidem
3597 4674 3722 4714 eum

2142 4754 2465 4819 molliebaut,
2497 4752 2778 4824 oportebat
2805 4766 2868 4808 ea
2891 4767 3010 4821 quae
3040 4749 3379 4820 Achitopheli
3405 4759 3720 4816 evenerant,

2141 4863 2260 4904 eum
2292 4849 2568 4917 castigare,
2590 4846 2829 4915 laqueum
2850 4857 3039 4912 nempe
3063 4852 3116 4898 et
3141 4848 3390 4908 mortem,
3414 4850 3470 4896 ut
3491 4856 3586 4910 per
3609 4841 3724 4898 ha-c

2140 4938 2316 4995 omnia
2345 4938 2550 4993 veniret
2572 4937 2636 4991 ad
2661 4935 3046 5006 paenitentiam.
3071 4933 3249 5005 Neque
3275 4935 3417 4989 enim
3444 4933 3724 5004 ignorabat

2140 5049 2258 5104 qua:
2283 5032 2453 5086 amico
2478 5029 2798 5086 acciderant.
2819 5029 2985 5097 Quam
3006 5036 3184 5084 autem
3206 5027 3414 5097 culpam
3439 5027 3493 5082 in
3516 5035 3723 5097 patrem

2138 5123 2437 5187 conferens,
2465 5120 2581 5176 haec
2608 5119 2873 5176 faciebat?
2892 5119 3041 5187 Quod
3064 5134 3187 5175 eum
3213 5118 3282 5174 ab
3300 5126 3519 5189 aspectu
3544 5132 3725 5174 remo-

2140 5215 2338 5273 visset?
2364 5213 2472 5271 Sed
2500 5228 2565 5270 eo
2591 5214 2808 5270 nomine
2836 5211 3065 5269 debebat
3092 5227 3214 5268 eum
3244 5210 3498 5266 admirari
3532 5219 3588 5266 et
3626 5226 3723 5265 su-

2138 5308 2382 5377 spicere,
2412 5304 2554 5375 quod
2593 5319 2714 5360 cum
2760 5303 2977 5359 fratrem
3020 5302 3408 5369 interfecisset,
3438 5315 3563 5357 eum
3615 5300 3723 5356 leni

2137 5398 2316 5453 animo
2345 5396 2570 5451 tulisset.
2612 5393 2722 5451 Sed
2747 5409 2869 5449 cum
2899 5394 3028 5450 nihil
3056 5394 3105 5449 ei
3136 5403 3315 5464 posset
3341 5393 3458 5449 dari
3486 5393 3721 5461 crimini,

2136 5488 2229 5544 scd
2256 5487 2553 5557 importuna
2585 5495 2854 5542 teneretur
2890 5484 3196 5556 cupiditate,
3230 5483 3390 5556 idque
3418 5499 3539 5539 cum
3571 5492 3721 5556 pater

2136 5588 2278 5635 esset
2310 5578 2418 5649 iam
2463 5593 2650 5643 senex,
2680 5585 2732 5633 et
2775 5585 2918 5632 esset
2945 5575 3271 5646 exspectatio
3296 5576 3348 5630 in
3380 5573 3583 5631 foribus
3605 5614 3622 5641 ,
3654 5588 3722 5630 ne

2137 5671 2398 5726 tantillum
2446 5669 2658 5741 quidem
2694 5669 3039 5739 exspectavit.
3067 5666 3348 5734 Quomodo
3394 5675 3575 5722 autem
3613 5679 3720 5721 non

2203 5807 2218 5837 ι
2248 5812 2345 5872 tino
2363 5810 2490 5872 uss,
2509 5803 2731 5872 (nimiam
2753 5808 2954 5872 paterna
2986 5800 3171 5853 viscera
3198 5800 3398 5854 nimiam
3417 5808 3464 5853 et
3485 5800 3717 5867 iidem)»-

2137 5868 2304 5920 stirun
2328 5864 2671 5928 indulgentiam
2691 5864 3039 5919 utdicttrerant,
