4032 6284
353 323 471 384 ιῦὅ

337 443 627 517 cegitavlt,
651 458 716 501 se
735 441 944 499 etiamsi
966 442 1200 509 vicisset,
1224 441 1577 496 miserrimam
1605 442 1842 496 omnium
1866 442 1948 496 vi-

340 553 464 596 tam
493 535 658 593 fuisse
687 545 952 600 acturum,
976 548 1097 589 cum
1119 540 1262 588 esset
1281 531 1594 599 sceleratus,
1614 532 1946 600 immundus,

334 637 394 684 et
429 626 790 684 exsecrandus
808 626 972 682 etiam
993 640 1026 680 n
1048 635 1253 695 tropaeo
1270 625 1299 679 ἲ

422 718 514 774 16.
545 717 647 775 Ubi
671 731 814 773 nunc
831 724 956 773 sunt
981 717 1072 788 qui
1098 723 1460 786 paupertatem
1481 714 1765 786 deplorant
1783 713 1807 768 ?
1825 714 1943 783 Qua

341 826 458 866 non
485 818 819 881 paupertate,
839 823 946 880 quo
966 823 1071 863 non
1098 808 1308 873 morbo,
1330 823 1438 878 quo
1471 823 1578 863 non
1608 808 1793 864 dolore
1821 817 1945 862 sunt

343 901 468 958 hinc
508 903 665 973 longe
692 902 982 973 graviora?
1019 900 1158 956 Nihil
1190 900 1296 956 tale
1318 899 1452 955 dixit
1479 901 1621 972 apud
1659 917 1740 965 se,
1769 917 1944 971 neque

343 994 660 1068 indignatus
683 1002 786 1061 est,
813 1009 914 1050 nec
936 993 1254 1049 lamentatus
1288 1000 1372 1049 est
1408 993 1631 1048 dicens:
1661 993 1941 1064 Egregiam

340 1103 478 1142 vero
490 1087 665 1142 refero
685 1085 1007 1152 mercedem,
1025 1086 1112 1156 qui
1141 1086 1192 1139 in
1215 1085 1332 1155 ejus
1348 1085 1462 1155 lege
1481 1083 1568 1140 die
1586 1093 1641 1140 et
1668 1095 1822 1139 nocte
1839 1099 1943 1140 meo

338 1177 491 1234 ditor
515 1197 530 1234 :
557 1177 651 1249 qui
677 1193 798 1232 cum
838 1177 890 1231 in
915 1187 1060 1232 tanta
1093 1191 1265 1232 essem
1290 1177 1626 1242 auctoritate,
1658 1191 1798 1230 nunc
1821 1191 1941 1231 sum

339 1269 590 1324 omnium
619 1268 1046 1339 abjectissimus;
1072 1268 1158 1338 qui
1188 1267 1404 1338 peperci
1430 1267 1676 1334 inimicis,
1703 1267 1758 1322 in
1789 1276 1942 1337 petu-

342 1364 512 1419 larttis
557 1363 650 1417 filii
695 1377 812 1418 sum
844 1377 1034 1417 manus
1060 1361 1303 1416 traditus.
1332 1361 1474 1416 Nihil
1501 1363 1605 1417 tale
1645 1361 1813 1428 dixit,
1840 1376 1942 1418 nec

340 1457 621 1528 cogitavit,
654 1455 750 1511 sed
787 1455 963 1510 omnia
1005 1455 1229 1524 sapienti
1257 1462 1311 1507 et
1337 1452 1459 1508 forti
1489 1455 1666 1508 animo
1695 1454 1937 1510 ferebat:

339 1550 398 1603 in
432 1550 500 1603 iis
522 1563 642 1617 qua:
672 1547 888 1611 ﬁebant,
923 1560 1083 1600 unam
1110 1545 1313 1601 habens
1332 1546 1772 1611 consolationem,
1793 1545 1936 1617 quod

341 1643 460 1697 Deo
493 1641 608 1696 haec
635 1641 839 1696 sciente
867 1639 1075 1694 fierent.
1107 1637 1564 1706 Quemadmodum
1591 1648 1698 1694 tres
1726 1655 1938 1710 quoque

338 1732 500 1800 pueri
524 1732 817 1787 dicebant:
852 1731 948 1786 Sin
979 1731 1162 1795 minus,
1201 1742 1375 1786 nolunt
1411 1735 1474 1786 sit
1501 1732 1623 1797 tibi,
1651 1747 1770 1795 rex,
1801 1731 1938 1801 quod

339 1825 468 1879 dcas
490 1834 600 1880 tuos
625 1841 727 1879 non
756 1825 966 1879 colimus
983 1867 999 1892 ,
1025 1835 1071 1880 et
1106 1835 1325 1880 statuam
1351 1836 1489 1879 tuam
1517 1841 1753 1889 auream,
1782 1841 1935 1895 quant

334 1918 587 1984 statuisti,
617 1933 716 1971 non
741 1917 1012 1971 adoramus
1030 1917 1190 1988 (Dan.
1217 1917 1379 1987 3.18)
1404 1936 1416 1971 :
1445 1917 1487 1971 si
1513 1916 1632 1986 quis
1652 1927 1826 1969 autem
1854 1915 1933 1970 eis

334 2009 569 2062 dixisset
601 2026 613 2063 :
643 2008 824 2079 Ecqua
853 2009 1065 2064 tandem
1096 2023 1191 2078 5pc
1215 2018 1439 2064 mortem
1471 2007 1667 2062 nbitis?
1689 2006 1812 2076 quid
1838 2021 1931 2060 ex-

333 2110 648 2170 spectantes
669 2143 685 2162 .
709 2101 834 2172 quid
867 2117 995 2156 vero
1033 2111 1311 2171 sperantes
1354 2108 1473 2170 post
1521 2108 1744 2154 mortem
1765 2141 1779 2164 ,
1815 2107 1933 2168 post

334 2193 520 2263 ignem
544 2195 565 2263 (
590 2191 667 2266 [a]
707 2194 1114 2250 resurrectionis
1155 2194 1297 2249 enim
1335 2193 1567 2246 nondum
1605 2203 1717 2246 erat
1743 2206 1930 2258 exspe-

329 2285 506 2341 ctatio
527 2284 590 2356 )?
633 2285 922 2341 audivisset
952 2304 965 2340 :
998 2287 1125 2341 utre
1151 2295 1237 2340 est
1268 2287 1494 2338 maxima
1535 2284 1891 2338 remuneratio
1911 2325 1926 2347 ,

332 2379 477 2431 mori
507 2387 722 2447 propter
745 2377 912 2433 Deum
943 2395 957 2431 :
989 2378 1060 2432 ita
1097 2377 1184 2432 hic
1221 2378 1380 2433 etiam
1415 2376 1701 2430 maximum
1742 2375 1925 2428 existi-

330 2467 517 2522 mabat
550 2467 796 2522 solatium
818 2508 834 2533 ,
868 2468 1033 2522 Deum
1061 2469 1175 2523 lucc
1203 2469 1456 2523 scientem
1485 2482 1588 2521 non
1619 2465 1922 2537 prohibere.
1991 2480 1998 2486 '

328 2562 562 2614 Amator
582 2558 722 2614 enim
746 2559 830 2614 vel
860 2559 1054 2614 millies
1082 2575 1178 2629 pro
1199 2560 1367 2613 antica
1397 2567 1716 2624 moreretur,
1741 2573 1926 2628 quam-

326 2655 410 2704 vis
442 2659 563 2720 post
583 2659 810 2704 mortem
837 2649 966 2704 nihil
993 2651 1060 2703 ab
1082 2665 1144 2705 ea
1165 2660 1515 2720 exspectaret.
1538 2649 1611 2703 Ita
1639 2649 1797 2704 etiam
1827 2664 1926 2703 nos

323 2751 546 2813 oportet
575 2757 680 2795 non
711 2751 929 2811 propter
971 2743 1118 2811 regni
1143 2743 1592 2811 exspectationem
1615 2783 1628 2803 .
1657 2757 1754 2797 nec
1795 2756 1923 2813 pro-

327 2845 454 2904 pter
480 2833 710 2902 aliquam
739 2847 886 2902 spem
923 2833 1220 2890 futurorum
1258 2834 1542 2896 bonorum,
1571 2833 1664 2889 sed
1709 2843 1926 2906 promer

326 2929 508 2995 ipsum
533 2925 695 2979 Deum
719 2927 897 2979 omnia
919 2925 1047 2994 pati.
1073 2925 1176 2982 Sed
1202 2936 1320 2980 sunt
1347 2927 1495 2982 multi
1519 2927 1653 2983 adeo
1681 2929 1850 2998 ignavi
1869 2937 1924 2985 et

319 3015 529 3085 supini,
547 3023 606 3069 ut
627 3031 696 3070 ne
721 3031 843 3071 cum
865 3015 1114 3072 mercede
1135 3017 1348 3087 quidem
1374 3019 1621 3074 virtutem
1651 3029 1921 3089 expetant.

321 3105 391 3160 Et
427 3107 570 3160 Deus
595 3106 834 3176 quidem,
866 3106 955 3176 qui
985 3122 1202 3176 regnum
1232 3108 1506 3177 promittit,
1538 3125 1640 3164 non
1667 3111 1877 3164 auditur
1902 3127 1918 3166 :

319 3196 413 3265 qui
459 3194 757 3263 gehennam
784 3204 961 3249 autem
992 3205 1240 3266 procurat
1258 3197 1502 3254 diabolus
1529 3208 1759 3255 amatur.
1782 3199 1920 3267 Quid

322 3285 431 3341 hac
472 3295 557 3342 est
592 3287 798 3340 insania
832 3287 1092 3356 gravius?
1117 3288 1252 3356 Quid
1290 3298 1466 3343 autem
1493 3289 1601 3344 dixi
1634 3305 1920 3360 procurare

317 3380 663 3452 gehennam?
687 3379 857 3433 Etiam
884 3388 1008 3434 ante
1027 3379 1324 3451 gehennam
1358 3381 1444 3436 hic
1467 3381 1730 3451 dolorem,
1751 3384 1915 3439 risum

317 3485 374 3530 et
401 3474 771 3545 ignominiam,
801 3483 854 3530 et
881 3474 1156 3530 innumera
1183 3475 1452 3531 adducens
1478 3476 1754 3546 supplicia,
1782 3476 1918 3530 mul-

317 3577 406 3622 tos
441 3567 622 3633 habet,
653 3567 741 3637 qui
785 3567 851 3621 ad
905 3567 1079 3637 ipsum
1123 3577 1427 3623 accurrunt.
1457 3569 1745 3624 Considera
1781 3583 1914 3638 quo-

319 3658 489 3714 modo
509 3658 716 3713 adulter
735 3659 815 3713 vel
843 3667 969 3713 ante
985 3659 1280 3728 gehennam
1309 3669 1392 3715 est
1415 3660 1652 3714 omnium
1679 3661 1916 3716 miserri-

315 3765 468 3816 mus,
489 3751 667 3804 omnia
696 3751 972 3820 suspicans
996 3751 1076 3807 vel
1105 3752 1172 3806 ad
1205 3752 1454 3822 umbram
1474 3755 1910 3821 contremiscens,

317 3842 386 3897 ad
426 3842 625 3895 nullum
659 3841 842 3896 liberis
869 3843 1160 3913 respiciens
1187 3844 1384 3909 oculis,
1413 3843 1506 3899 sed
1533 3858 1720 3900 omnes
1745 3846 1914 3915 perti-

319 3945 593 3996 mescens,
620 3939 674 3986 et
697 3931 784 4001 qui
814 3932 987 3987 sciunt
1010 3941 1064 3988 et
1089 3931 1181 4003 qui
1226 3934 1492 4000 nesciunt,
1520 3943 1702 3990 acutos
1727 3935 1914 3992 videns

317 4022 551 4094 gladios,
582 4029 782 4078 mortes
810 4023 1198 4093 impendentes,
1226 4023 1441 4080 lictores
1468 4026 1508 4091 ⁸,
1527 4025 1744 4094 judicia.
1773 4027 1912 4094 Quid

319 4117 432 4172 tale
460 4115 620 4171 habet
645 4117 1014 4185 temperan-tia,
1035 4117 1134 4172 etsi
1159 4117 1576 4173 lahoreshaheat
1606 4118 1912 4174 innumera-

319 4205 499 4262 biles?
517 4205 704 4262 Nonne
721 4221 934 4278 semper
952 4208 1003 4262 in
1029 4211 1297 4278 voluptate
1316 4219 1394 4265 est
1417 4209 1694 4266 continens
1718 4212 1909 4279 homo;

319 4299 369 4353 in
398 4297 584 4352 dolore
605 4307 780 4354 autem
805 4314 1018 4370 semper
1035 4310 1117 4356 est
1139 4301 1364 4366 adulter,
1387 4313 1546 4373 atque
1569 4304 1620 4358 in
1643 4305 1912 4361 tenebris?

319 4389 399 4445 ita
441 4391 602 4445 etiam
645 4390 826 4446 videre
856 4406 1136 4460 possumus
1165 4393 1216 4448 in
1250 4393 1389 4460 aliis,
1416 4396 1504 4464 qui
1531 4395 1816 4451 vincuntur
1841 4396 1912 4452 ab

318 4481 422 4548 ira,
444 4491 500 4536 et
523 4481 610 4552 qui
636 4482 768 4538 iram
795 4484 1044 4551 vincunt;
1067 4484 1122 4540 in
1139 4485 1203 4540 iis
1226 4486 1314 4557 qui
1335 4487 1566 4557 rapiunt,
1589 4489 1711 4543 etin
1737 4490 1801 4545 iis
1820 4491 1910 4560 qui

318 4586 416 4628 sua
439 4582 658 4643 propter
686 4573 850 4628 Deum
875 4573 1094 4641 donant,
1128 4575 1209 4632 vel
1238 4585 1294 4630 ut
1325 4579 1502 4633 verius
1544 4580 1716 4635 dicam
1738 4622 1752 4644 ,
1784 4596 1908 4651 pro-

321 4662 570 4718 fundunt.
593 4664 655 4718 lli
679 4664 821 4720 enim
851 4665 1042 4721 sedent
1063 4665 1115 4721 in
1143 4677 1318 4735 portu,
1343 4668 1416 4724 illi
1448 4685 1579 4726 vero
1602 4672 1651 4724 in
1677 4687 1912 4741 praesen-

320 4755 452 4808 tium
484 4755 742 4810 malorum
787 4757 1027 4827 euripum
1067 4757 1287 4824 detrusi,
1313 4760 1552 4830 quotidie
1580 4763 1908 4819 circumcur-

319 4854 461 4905 sant.
510 4847 711 4902 Praeter
754 4847 868 4903 haec
911 4859 1121 4915 autem,
1163 4850 1375 4920 quando
1409 4852 1499 4922 qui
1547 4861 1630 4908 est
1679 4856 1910 4912 maxime

319 4951 534 5003 avarus,
559 4954 618 4994 se
635 4939 746 5010 jam
768 4939 961 4995 viderit
984 4955 1104 4996 esse
1126 4950 1390 5010 provectas
1409 4944 1600 5010 :ctatis,
1622 4961 1794 5017 neque
1817 4961 1911 5002 cu-

323 5031 557 5098 pidinem
601 5044 751 5086 suam
799 5031 895 5085 sibi
923 5032 1031 5102 jam
1060 5031 1307 5088 sufficere
1340 5033 1406 5088 ad
1438 5035 1742 5103 fruendum,
1768 5052 1909 5093 nsor-

322 5130 426 5176 tem
458 5123 654 5178 timens
705 5124 1102 5190 imminentem,
1135 5125 1412 5182 considera
1446 5136 1638 5198 quanta
1685 5129 1904 5200 patitur.

323 5215 391 5268 At
431 5231 535 5270 non
567 5217 655 5286 qui
685 5226 766 5272 est
794 5217 988 5274 virtute
1017 5222 1310 5290 praeditus;
1343 5224 1435 5279 sed
1468 5234 1591 5280 tunc
1632 5226 1827 5296 gaudet
1852 5236 1910 5283 et

324 5305 620 5362 oblectatur
645 5323 764 5363 cum
791 5309 856 5364 ad
879 5321 1207 5370 senectutem
1236 5316 1559 5385 pervenerit,
1584 5332 1703 5371 cum
1725 5317 1774 5372 ei
1802 5332 1906 5373 non

319 5459 547 5569 "ageres
567 5466 676 5510 uss.
705 5465 757 5511 et
776 5461 938 5524 savil.,
964 5469 1126 5516 acutos
1163 5465 1328 5518 videns
1369 5466 1574 5534 gladios,
1601 5467 1792 5522 lictores
1812 5469 1905 5522 nti-

735 5607 801 5688 ait
1219 5616 1618 5688 resurrectionis
1647 5629 1784 5688 spem
1809 5630 1906 5688 non

490 5660 720 5738 tempore
910 5660 1094 5720 ieteris
1110 5707 1124 5738 ,
1143 5660 1240 5724 hoc
1257 5660 1490 5738 ips—umet
1509 5660 1620 5726 elici
1645 5660 1904 5728 dicere—vi:

318 5724 472 5800 detur.
638 5741 758 5797 vero
773 5724 863 5800 illa
882 5745 1030 5780 unum
1053 5725 1141 5783 sub
1161 5724 1407 5800 aspectum
1439 5724 1548 5789 alibi
1569 5724 1904 5800 subjiciuntur,

321 5789 394 5836 tt'ni
413 5791 472 5837 de
499 5791 716 5838 then-ruta
740 5793 1072 5852 ριν-ςδσεῖαιη.

1468 325 1828 383 ιχροειτιυ
1865 327 1931 381 ΙΝ
1971 326 2293 383 ΡΒΛιιΜΗΜ
2333 325 2470 382 πη.

3541 347 3638 398 1οῗ

2052 451 2234 512 pereat
2264 484 2280 510 ,
2331 443 2428 500 sed
2474 444 2648 514 potius
2684 449 2950 517 germinet
2996 459 3050 507 ct
3076 452 3394 512 'emorescat
3441 460 3638 520 frnitlo.

2053 533 2319 590 Adulteris
2345 533 2522 606 itaque
2546 580 2560 604 ,
2586 537 3033 599 incontinentibus
3053 586 3067 610 ,
3094 547 3268 604 avaris
3295 562 3348 606 et
3376 553 3637 611 heiluoni-

2049 625 2147 680 bus
2162 636 2411 684 senectus
2430 629 2605 696 aﬁert,
2631 640 2685 687 ut
2714 634 2782 689 ab
2803 634 2906 690 illis
2923 636 3160 696 fruendis
3184 624 3458 714 excidant;
3485 648 3635 708 bonis

2049 727 2224 772 autem
2255 719 2511 789 majorem
2543 730 2652 778 tum
2682 725 2891 782 fruendi
2919 727 3242 790 facultatem.

2119 809 2386 866 Conclusio
2405 816 2801 883 paranetica.—
2825 819 2999 889 Quare
3021 833 3146 881 ante
3171 826 3469 898 gehennam
3497 833 3630 904 ejus-

2047 914 2152 970 que
2179 902 2421 960 miserias
2446 947 2460 971 ,
2494 905 2596 962 hoc
2623 908 2688 963 ad
2715 921 2948 968 mentem
2975 916 3313 975 cruciandam
3344 902 3630 984 suﬂ'ecerit.

2049 990 2172 1047 llaec
2198 1009 2327 1065 ergo
2346 998 2659 1068 cogitantes,
2692 1000 2951 1072 fugiamus
2979 1008 3162 1064 vitium
3187 1053 3202 1076 ,
3232 1021 3498 1070 sectemur
3525 1019 3629 1073 vir-

2047 1092 2234 1150 tutem,
2261 1085 2425 1142 Deum
2452 1103 2712 1157 amemus,
2737 1110 2840 1149 non
2870 1109 3087 1168 propter
3114 1117 3173 1156 ea
3205 1119 3323 1174 quae
3347 1117 3470 1161 sunt
3493 1110 3629 1178 ejus,

2045 1175 2142 1271 sed
2188 1187 2405 1247 propter
2444 1181 2638 1250 ipsum.
2671 1184 2746 1238 fta
2773 1187 2915 1242 enim
2945 1190 2997 1245 in
3029 1196 3274 1261 praesenti
3307 1197 3409 1252 vita
3452 1175 3628 1271 ingru-

2044 1265 2255 1364 diemur
2280 1271 2436 1337 viam,
2467 1288 2585 1344 quae
2607 1275 2749 1332 ducit
2775 1280 2842 1335 ad
2873 1281 3136 1350 virtutem,
3163 1303 3280 1358 qua:
3299 1299 3381 1346 est
3406 1265 3626 1364 angusm

2044 1357 2254 1426 quidem
2285 1370 2490 1426 natura.
2518 1367 2616 1423 sed
2647 1369 2906 1428 viatorum
2946 1376 3166 1433 arbitrio
3205 1381 3306 1436 lata
3339 1357 3580 1442 redditur
3613 1409 3623 1441 :
3700 1421 3705 1425 -

2044 1449 2108 1548 ad
2130 1450 2280 1548 cujus
2307 1452 2498 1526 fastigii
2525 1472 2778 1518 cacumen
2811 1465 2962 1522 nobis
2992 1469 3147 1525 detur
3175 1475 3470 1544 pervenire,
3502 1493 3624 1548 gra-

2045 1540 2114 1640 tia
2145 1552 2198 1596 et
2222 1545 2504 1640 clementia
2532 1550 2740 1609 Domini
2777 1559 2945 1614 nostri
2968 1559 3094 1616 Jesu
3114 1540 3330 1632 Christi,
3351 1569 3433 1622 cui
3458 1540 3624 1640 gini-ia

2043 1631 2094 1685 in
2121 1634 2312 1689 smcula
2336 1639 2675 1697 Str-culorum.
2706 1643 2900 1703 Amen.

2337 1819 2698 1880 EXPOSITIO
2737 1825 2803 1882 IN
2841 1827 3165 1889 PSALMUM
3203 1834 3337 1892 Vlll.

2041 1995 2089 2049 ί.
2125 1995 2188 2050 In
2218 1998 2372 2066 ﬁnem
2407 2017 2499 2070 pro
2549 2007 2906 2064 torcularibus.
2935 2011 3123 2089 Alius,
3156 2014 3486 2086 Triumphule
3529 2037 3622 2089 pro

2110 2091 2463 2150 torcularibus.
2491 2095 2662 2165 Alius,
2696 2087 3168 2175 Victor-ite‘auctori,
3203 2129 3293 2179 pro
3327 2087 3617 2170 Gell/titulo.

2107 2182 2360 2275 llebrteus
2389 2200 2587 2258 autem,
2615 2190 2943 2264 Lamanasse,
2971 2200 3024 2252 al
3041 2200 3316 2271 Itagett/u’t/t
3343 2204 3438 2275 (a).

2030 2272 2084 2327 2.
2123 2273 2336 2330 Domine
2357 2319 2373 2344 ,
2407 2278 2652 2336 Dominus
2677 2296 2872 2353 noster,
2904 2305 3054 2359 quam
3088 2295 3384 2348 admirabile
3414 2307 3484 2351 est
3523 2315 3617 2352 no-

2105 2382 2212 2420 men
2243 2377 2383 2422 tuum
2407 2371 2460 2424 in
2488 2374 2718 2429 universa
2741 2388 2874 2433 terra
2894 2381 2916 2433 .'
2945 2383 3096 2438 Alius
3121 2425 3134 2449 ,
3169 2386 3334 2452 Quam
3376 2407 3612 2462 magnum

2101 2468 2174 2511 est
2202 2475 2379 2516 nomen
2418 2472 2556 2518 tuum
2579 2466 2602 2519 ,ν

2103 2637 2153 2690 l.
2195 2637 2253 2692 ln
2276 2639 2453 2706 priore
2485 2641 2694 2697 Psalmo
2713 2643 2922 2700 dixerat
2946 2666 2960 2700 :
2985 2649 3204 2718 Con/ite!
3219 2669 3276 2706 or
3296 2652 3515 2710 Domino
3537 2674 3609 2710 se-

2031 2727 2250 2781 cundum
2271 2732 2526 2799 justitiam
2558 2736 2687 2803 ejus,
2719 2745 2768 2789 et
2814 2738 3031 2807 psallam
3073 2744 3264 2798 mmini
3297 2745 3502 2802 Domini
3531 2752 3604 2803 alo

2027 2819 2206 2874 tissimi
2235 2821 2404 2892 (Psal.
2429 2825 2483 2880 7.
2517 2827 2605 2898 18)
2633 2845 2646 2880 :
2680 2828 2765 2884 hic
2794 2829 2978 2901 implet
3011 2835 3151 2904 quod
3193 2841 3530 2908 promiserat,
3562 2845 3604 2899 ei

2030 2911 2282 2984 hymnum
2313 2915 2563 2973 oll‘erens.
2596 2919 2660 2973 Et
2689 2920 2741 2975 in
2782 2921 2872 2976 illo
2909 2924 3122 2995 quidem
3148 2938 3272 2984 sunt
3299 2946 3360 2985 ea
3391 2947 3507 3003 qua:
3533 2935 3607 2989 di-

2025 3015 2237 3071 cuntur,
2266 3015 2530 3078 tamquam
2552 3026 2617 3066 ex
2656 3028 2759 3067 una
2788 3028 3035 3083 persona.
3067 3016 3286 3074 Domine
3305 3023 3447 3078 enim
3477 3023 3609 3078 Deus

2026 3114 2182 3164 meus,
2211 3100 2398 3170 inquit,
2430 3102 2482 3156 in
2512 3113 2559 3156 te
2585 3105 2801 3175 speravi,
2825 3107 3021 3162 saluum
3048 3127 3126 3164 me
3155 3116 3238 3183 fac
3259 3112 3422 3183 (Ibid.
3451 3133 3498 3172 υ.
3527 3119 3604 3185 2‘).

2023 3187 2120 3246 Hic
2163 3200 2339 3246 autem
2369 3201 2634 3264 tamquam
2670 3213 2734 3252 ex
2765 3213 2986 3268 persona
3015 3201 3323 3259 multorum.
3355 3205 3564 3262 Domine
3591 3253 3604 3274 .

2025 3283 2222 3354 inquit,
2266 3285 2518 3342 Dominus
2561 3298 2744 3352 noster,
2774 3308 2926 3362 quam
2968 3294 3268 3352 admirabile
3317 3309 3389 3353 est
3428 3318 3606 3357 nomen

2025 3372 2202 3432 tuum!
2227 3379 2333 3434 Sed
2365 3380 2598 3450 praebete
2627 3381 2898 3438 silentium
2923 3426 2938 3450 ,
2975 3394 3031 3442 et
3071 3397 3272 3446 attente
3319 3392 3516 3448 audite.
3550 3395 3604 3449 Si

2021 3469 2162 3523 enim
2186 3485 2305 3524 cum
2329 3470 2381 3525 in
2409 3471 2614 3527 theatro
2641 3475 2788 3528 chori
2816 3487 3011 3531 canunt
3033 3480 3274 3548 satanici,
3294 3496 3498 3539 summa
3526 3499 3604 3539 est

2021 3559 2260 3630 quies,et
2289 3563 2576 3618 maximum
2605 3563 2898 3634 silentium,
2918 3577 2975 3622 ut
2994 3571 3287 3638 perniciosa
3311 3575 3604 3644 percipian-

2023 3661 2108 3705 tur
2134 3652 2218 3706 illa
2248 3655 2455 3710 cantica
2490 3672 2503 3708 :
2536 3653 2692 3726 idque
2735 3672 2858 3712 cum
2889 3674 2955 3714 ex
2983 3661 3159 3716 mimis
3189 3673 3242 3718 et
3265 3665 3605 3721 saltatorihus

2017 3742 2278 3798 conﬂatus
2302 3744 2371 3798 sit
2390 3744 2605 3812 chorus,
2625 3746 2876 3818 profanus
2897 3761 3072 3806 autem
3099 3753 3308 3823 quidam
3327 3756 3464 3826 apud
3489 3757 3604 3813 iElos

2017 3834 2344 3891 cithartedus
2365 3835 2589 3892 chorum
2614 3837 2791 3906 ducat,
2824 3840 2950 3896 dum
2978 3858 3191 3900 carmen
3219 3848 3512 3904 satanicum
3543 3867 3605 3907 ac

2019 3925 2374 3995 perniciosum
2419 3928 2735 3996 concinitur,
2778 3947 2884 4002 quo
2932 3934 3166 3990 nefarius
3205 3951 3269 3992 ac
3315 3940 3603 3996 sceleratus

2017 4015 2228 4072 daemon
2255 4017 2586 4074 celebratur:
2617 4019 2701 4075 hic
2723 4021 2810 4076 ubi
2833 4021 3026 4077 chorus
3047 4024 3260 4094 quidem
3286 4036 3366 4082 est
3387 4043 3451 4084 ex
3477 4032 3602 4086 viris

2015 4108 2214 4163 sanctis
2237 4125 2251 4162 :
2285 4109 2375 4180 qui
2394 4121 2570 4166 autem
2592 4111 2814 4167 chorum
2832 4113 2995 4181 ducit,
3015 4125 3097 4170 est
3121 4117 3408 4187 pmpheta:
3436 4127 3604 4179 canti-

2017 4214 2244 4272 cumque
2272 4215 2335 4256 ac
2355 4201 2580 4258 melodia
2608 4217 2713 4258 non
2735 4211 2904 4260 estex
2925 4208 3233 4275 Operatione
3259 4219 3478 4278 satante,
3507 4217 3598 4271 sed

2016 4300 2102 4348 est
2120 4307 2181 4348 ex
2205 4293 2370 4364 gratia
2397 4293 2660 4364 Spiritus:
2690 4296 2778 4366 qui
2801 4307 2977 4352 autem
2999 4300 3225 4369 canitur,
3251 4319 3354 4359 non
3381 4314 3464 4361 est
3487 4305 3598 4362 dte-

2017 4399 2164 4449 mon,
2197 4384 2289 4440 sed
2320 4385 2494 4440 Deus:
2523 4387 2789 4454 quomodo
2817 4403 2924 4444 non
2950 4399 3032 4446 est
3053 4406 3318 4449 summum
3345 4396 3602 4455 adhiben-

2013 4474 2141 4530 dum
2171 4475 2442 4531 silentium
2467 4517 2480 4541 ,
2511 4486 2568 4532 et
2598 4493 2721 4533 cum
2753 4483 3094 4540 veneratione
3119 4495 3173 4540 et
3201 4501 3406 4544 summa
3443 4507 3598 4546 reve-

2016 4566 2188 4622 rentia
2224 4565 2588 4622 audiendum?
2612 4569 2848 4625 Chorum
2890 4573 3034 4628 enim
3075 4574 3319 4634 ducimus
3349 4595 3451 4636 una
3476 4596 3597 4638 cum

2012 4657 2261 4728 supernis
2316 4659 2686 4728 potestatibus.
2721 4659 3084 4731 Supernorum
3123 4667 3268 4723 enim
3307 4670 3595 4728 cliororum

2013 4750 2300 4805 Cberubim
2327 4759 2380 4805 et
2407 4751 2686 4822 Serapltim
2730 4752 2833 4810 hoc
2856 4763 2942 4811 est
2967 4772 3159 4815 munus
3189 4761 3230 4828 ί,
3265 4762 3431 4818 Deum
3460 4765 3598 4820 assi-

2011 4840 2119 4897 due
2161 4840 2371 4914 hymnis
2405 4842 2699 4900 celebrare.
2724 4844 2804 4900 Ex
2830 4846 2912 4901 his
2944 4847 3127 4906 choris
3169 4852 3326 4909 etiam
3362 4854 3415 4910 in
3457 4862 3598 4912 terra

2078 4976 2097 5009 ι
2125 4973 2282 5045 Upus,
2305 4979 2415 5045 sunt
2456 4971 2584 5045 enim
2609 4977 2658 5024 et
2699 4973 2749 5024 in
2781 4972 2901 5024 caelo
2920 4973 3058 5045 chori
3089 4980 3374 5045 quosagunt
3395 4974 3591 5045 gnaru-

2011 5033 2433 5099 bim_,,Seraphim,
2464 5041 2511 5086 et
2549 5034 2841 5097 hymnorum
2868 5042 3058 5097 cantus,
3083 5033 3126 5086 et
3145 5033 3306 5088 millia
3335 5034 3544 5086 millium
3571 5051 3589 5087 :

2011 5103 2058 5152 et
2083 5097 2388 5149 illorum‘ltoc
2419 5102 2489 5148 est
2513 5110 2704 5156 manus,
2735 5107 2832 5146 etc.

2077 5185 2148 5247 (a)
2175 5183 2416 5234 Hebraica
2441 5189 2572 5244 sunt,
2594 5162 2875 5242 mann-By
2895 5161 3103 5238 nuan.
3129 5183 3290 5233 Prima
3310 5183 3460 5234 lectio
3482 5186 3586 5245 (Gr.

2015 5247 2083 5315 si;
2113 5248 2246 5315 τέλος
2265 5248 2390 5315 ⁸ὑπὲρ
2408 5249 2518 5315 ,τῶν
2538 5247 2712 5315 λῃνῷν)
2737 5255 2813 5315 est
2835 5247 2955 5297 LXX
2978 5247 3312 5315 interpretum
3332 5250 3591 5315 {secunda

2016 5309 2130 5369 (Gr.
2155 5307 2382 5356 sntvixtov
2401 5309 2481 5356 ὑπ.
2507 5324 2553 5355 τ.
2578 5307 2648 5368 λ.)
2668 5307 2748 5369 est
2766 5309 3060 5369 Symmachi.
3083 5307 3137 5355 lu
3162 5307 3400 5367 Hexaplis
3420 5310 3592 5358 (ἐι-εροο

2016 5367 2248 5419 εοεὶὺὶιυι·
2268 5369 2509 5426 ἐπινίκιος.
2535 5367 2959 5427 δυὺέιυᾱίωίὈοθ,
2999 5369 3159 5428 ὕμνος,
3184 5372 3394 5429 optime,
3417 5383 3592 5429 quatu-

2013 5444 2162 5494 quam
2192 5431 2422 5494 émvtmo;
2459 5429 2791 5494 (triumphale)
2816 5429 2968 5481 etiam
3010 5429 3141 5494 bene
3183 5430 3382 5481 habeat.
3421 5429 3590 5484 Tertia

2014 5490 2168 5542 lectio
2195 5490 2518 5562 estdquitar,
2544 5490 2639 5562 non
2669 5490 2950 5562 ttic'atlata,
2974 5491 3062 5558 sed
3099 5491 3224 5562 forte
3269 5497 3474 5562 omissa,
3521 5496 3590 5562 rei:

2013 5555 2243 5614 νικοποιῷ
2275 5552 2440 5616 sui}.
2489 5555 2529 5602 λ.
2560 5552 2805 5616 (t-ictort'a:
2842 5552 3028 5602 auctori
3068 5564 3162 5616 pro
3202 5552 3590 5615 torcularibusl';

2015 5622 2190 5676 quarta
2221 5613 2324 5676 Vest
2348 5613 2749 5676 _Theodoti_onis,
2792 5617 2860 5675 τῷ
2897 5613 3127 5676 γικοποὶῴ
3171 5617 3253 5664 ὑπ.
3308 5622 3392 5673 τῆς
3431 5613 3591 5666 Γετῦιὲ

2013 5673 2142 5733 {idos
2167 5673 2404 5728 wictoria:
2421 5673 2612 5741 auctori
2635 5687 2726 5737 pro
2749 5673 3029 5738 Gottltititle)
3056 5690 3068 5722 ι
3098 5673 3448 5741 llebraizautes
3471 5678 3592 5741 hanc

2016 5749 2311 5802 postremam
2350 5745 2400 5807 ult
2447 5738 2712 5807 plurimum
2754 5743 3042 5807 praeterunt,
3068 5747 3340 5802 putantqui;
3378 5738 3554 5788 cett/ii:

2017 5801 2128 5848 esae
2166 5812 2342 5848 nomen
2375 5801 2684 5847 instrumenti
2725 5801 2912 5851 musici.
