4068 6288
450 306 551 360 107

447 422 808 488 apparuerunt
855 427 976 468 eum
1032 409 1371 481 vigilantibus
1423 405 1722 478 pastoribus
1781 411 2036 458 canentes

447 509 599 574 (Luc.
622 507 676 561 2.
712 507 822 577 15).
851 504 1141 559 Audiamus
1188 515 1315 571 ergo
1354 499 1454 554 hoc
1493 511 1704 567 quoque
1751 493 2038 548 canticum.

447 603 551 670 Qui
583 611 850 656 terrenum
874 598 1090 668 quidem
1113 611 1289 666 regem
1324 592 1556 655 laudant,
1579 606 1699 645 cum
1732 604 1797 645 eo
1823 588 2044 658 loquun-

449 705 539 749 tur
556 693 623 748 de
651 690 893 761 imperio,
925 689 992 744 de
1025 688 1255 758 tr0patis,
1283 685 1351 740 de
1384 683 1601 739 victoria
1628 725 1642 750 ,
1665 690 1719 735 et
1743 685 2044 734 memorant

453 795 639 857 gentes
677 783 744 838 ab
772 797 838 836 eo
881 783 1079 843 victas,
1111 787 1362 832 vocantes
1399 788 1493 828 eos
1535 780 1921 842 espugnatores
1944 809 1959 831 ,
1989 776 2044 822 et

449 877 801 934 barbarorum
831 874 1080 935 victores,
1112 881 1164 927 et
1204 870 1286 924 his
1327 868 1539 922 similia.
1574 863 1883 934 llujusmodi
1911 877 2040 916 can-

452 971 618 1024 ticum
647 968 790 1023 canit
818 968 978 1023 etiam
1009 965 1094 1018 hic
1128 965 1335 1019 beatus.
1367 960 1558 1015 Narrat
1595 959 1736 1014 enim
1767 956 2042 1011 victoriam

450 1071 505 1114 et
533 1069 790 1129 tropaeum
815 1100 827 1122 ,
858 1065 910 1111 et
939 1055 1074 1111 bella
1105 1052 1366 1118 conlecta,
1399 1067 1503 1105 non
1534 1048 1747 1120 quidem
1778 1048 1920 1113 talia,
1947 1045 2040 1099 sed

452 1154 538 1208 his
583 1152 751 1207 multo
790 1149 1106 1205 difﬁciliora.
1133 1146 1264 1201 Vide
1292 1154 1465 1199 autem
1511 1140 1777 1213 quomodo
1815 1139 2041 1210 incipit:

455 1243 706 1308 Domine,
739 1241 988 1296 Dominus
1026 1248 1215 1292 noster.
1248 1237 1484 1290 Aliorum
1509 1234 1650 1290 enim
1673 1232 1760 1302 qui
1788 1245 1891 1285 non
1922 1244 2042 1284 crc-

455 1337 589 1392 dunt
623 1337 676 1391 in
702 1335 872 1406 ipsum
896 1376 910 1396 ,
943 1346 1048 1387 uno
1070 1330 1230 1385 modo
1259 1339 1346 1384 est
1367 1329 1622 1382 Dominus
1665 1344 1676 1377 :
1708 1334 1888 1379 noster
1917 1336 2044 1377 vero

455 1427 653 1498 duplici
677 1427 902 1490 ratione,
933 1433 987 1478 et
1015 1420 1154 1493 quod
1183 1436 1278 1476 nos
1303 1435 1368 1474 ex
1399 1419 1463 1472 iis
1483 1433 1601 1488 qua:
1632 1431 1736 1470 non
1765 1423 1938 1481 erant,
1965 1415 2044 1469 le-

455 1521 622 1584 cerit,
651 1527 703 1572 et
742 1515 882 1587 quod
922 1520 1240 1584 agnoscatur
1263 1526 1291 1564 a
1324 1509 1496 1564 nobis.
1527 1509 1604 1562 Ac
1627 1506 1748 1561 vide
1777 1503 2046 1576 quomodo

456 1611 635 1666 statim
664 1624 690 1661 τι
727 1605 989 1678 principio
1027 1602 1177 1673 ponit
1216 1615 1476 1656 summam
1509 1598 1773 1653 beneﬁcii.
1802 1596 1858 1651 Si
1901 1595 2044 1650 enim

457 1700 708 1754 didiceris
739 1696 1008 1769 quomodo
1036 1695 1290 1748 Dominus
1311 1701 1429 1746 tuus
1450 1689 1620 1745 iactus
1646 1689 1734 1752 sit,
1769 1687 1909 1757 quod
1953 1685 2046 1740 ab-

457 1795 717 1847 alienatos
741 1801 794 1845 et
822 1790 1066 1844 inimicos
1088 1796 1140 1842 et
1155 1794 1324 1840 morte
1341 1781 1576 1846 allectos,
1605 1780 1892 1836 familiares
1919 1777 2048 1834 eﬁ‘e-

457 1888 592 1940 cei-it
620 1894 674 1939 et
703 1881 1083 1947 vhiiicaverit,
1125 1877 1344 1942 pulchre
1390 1875 1594 1931 videbis
1638 1873 1739 1928 hoc
1782 1887 2044 1928 summam

459 1994 578 2031 esse
601 1975 869 2030 beneﬁcii.
1216 2004 1226 2028 ι

529 2070 716 2124 Contra
745 2070 1029 2121 Anomazos.
1054 2064 1248 2120 Nomen
1267 2061 1362 2117 Dei
1382 2062 1680 2117 admirabile
1695 2077 1805 2115 cum
1827 2059 2044 2114 Christo.

458 2190 530 2202 -—
550 2160 663 2216 lloc
692 2173 820 2230 ergo
857 2157 1130 2212 admirans
1158 2154 1449 2225 propheta,
1482 2153 1651 2209 dicit:
1685 2153 1851 2220 Quam
1878 2151 2046 2204 admi-

457 2251 618 2304 rabile
660 2261 734 2303 est
783 2265 966 2302 nomen
1009 2247 1194 2301 tuum!
1222 2245 1326 2300 hoc
1351 2253 1462 2310 est,
1510 2243 1666 2298 valde
1711 2242 2044 2298 admirabile.

460 2344 632 2412 Quam
672 2341 985 2396 admirabile
1011 2348 1186 2394 autem
1233 2340 1336 2405 sit,
1363 2354 1469 2392 non
1498 2337 1630 2392 dixit
1658 2354 1670 2390 :
1703 2353 1875 2406 neque
1904 2338 2046 2392 enim

462 2435 641 2490 metiri
669 2434 862 2505 potuit,
887 2431 981 2487 sed
1031 2439 1234 2486 tantum
1263 2429 1726 2500 ampliﬁcationem
1766 2438 1820 2484 et
1857 2429 2050 2500 hyper-

461 2527 622 2582 bolen
683 2524 874 2579 attulit.
921 2523 1023 2578 Ubi
1063 2533 1188 2577 sunt
1237 2521 1328 2592 qui
1373 2521 1467 2576 Dei
1509 2521 1796 2576 essentiam
1841 2521 2050 2576 curiose

465 2615 865 2689 pervestigant?
885 2612 940 2670 Si
970 2615 1112 2668 enim
1143 2628 1262 2668 cum
1282 2628 1475 2668 nomen
1503 2613 1618 2682 ejus
1643 2613 1891 2681 dixisset,
1915 2613 2050 2668 adeo

462 2707 756 2762 admiratus
783 2713 866 2762 est
909 2715 963 2759 ut
993 2705 1395 2775 obstupesceret
1427 2721 1439 2756 :
1471 2703 1738 2774 quomodo
1780 2705 1932 2760 venia
1973 2705 2050 2758 eis

465 2799 676 2854 dabitur
710 2798 800 2868 qui
839 2812 898 2852 se
935 2796 1120 2851 dicunt
1168 2811 1327 2850 nosse
1357 2795 1452 2849 Dei
1482 2796 1800 2859 essentiam,
1831 2810 1953 2849 cum
1983 2811 2051 2849 ne

467 2889 725 2961 propheta
756 2887 968 2958 quidem
1001 2901 1158 2957 quam
1191 2887 1261 2940 sit
1303 2885 1618 2941 admirabile
1661 2886 1777 2954 ejus
1827 2901 2046 2951 nomen,

465 2995 790 3052 cognoscere
855 2979 1128 3048 potuerit?
1185 2979 1349 3044 Quam
1399 2978 1696 3032 admirabile
1739 2989 1810 3032 est
1867 2995 2051 3032 nomen

465 3073 648 3128 tuum!
675 3071 731 3126 ln
760 3072 974 3126 nomine
1003 3069 1144 3125 enim
1187 3079 1276 3124 tuo
1320 3084 1465 3124 mors
1495 3071 1631 3124 ‘victa
1660 3078 1710 3124 et
1739 3068 1903 3124 fracta
1929 3078 2011 3125 est
2033 3111 2049 3136 ,

467 3164 634 3219 vincti
663 3171 786 3218 sunt
814 3162 1108 3226 daemones,
1133 3161 1318 3217 ccelnm
1342 3170 1582 3231 apertum
1608 3170 1708 3222 est.
1739 3160 1879 3215 fores
1902 3176 2053 3230 para-

467 3260 569 3313 disi
623 3265 944 3328 patuerunt,
995 3256 1227 3325 Spiritus
1279 3255 1544 3310 demissus
1592 3257 1884 3311 est:servi
1928 3255 2051 3310 facti

465 3357 592 3402 sunt
620 3348 804 3410 liberi;
839 3347 1038 3402 inimici
1061 3389 1076 3414 ,
1107 3346 1233 3410 ﬁlii;
1263 3346 1450 3411 alieni,
1481 3345 1745 3411 heredes;
1784 3345 2048 3410 homines,

466 3437 662 3507 angeli.
695 3436 831 3502 Quid
864 3436 1016 3502 dico,
1050 3436 1266 3506 angeli?
1294 3436 1430 3491 Deus
1459 3435 1620 3490 homo
1660 3436 1828 3491 lactus
1852 3447 1932 3492 est
1953 3479 1968 3504 ,
2000 3446 2052 3492 et

469 3529 632 3583 homo
663 3527 842 3593 Deus;
873 3529 1062 3581 ca-lum
1107 3527 1314 3596 accepit
1362 3537 1604 3581 naturam
1645 3542 1677 3582 e
1715 3537 1855 3582 terra
1909 3544 2053 3583 sum-

468 3631 611 3692 ptam
640 3638 655 3686 ;
689 3629 828 3676 terra
852 3635 974 3675 eum
1006 3620 1240 3689 suscepit
1266 3621 1354 3690 qui
1382 3621 1534 3675 sedet
1573 3635 1734 3691 super
1762 3621 2050 3676 Cherubim

467 3730 590 3769 cum
616 3713 854 3768 exercitu
883 3713 1143 3783 angelico.
1171 3713 1301 3780 Quae
1331 3713 1692 3768 intercedebat
1718 3716 1946 3770 maceria
1972 3715 2054 3770 di-

469 3815 587 3860 ruta
618 3815 730 3869 est,
761 3805 934 3860 soluta
980 3815 1064 3860 est
1112 3820 1298 3875 sepes;
1331 3821 1450 3876 qua:
1493 3805 1659 3860 divisa
1697 3815 1751 3861 et
1792 3807 2054 3878 disjuncta

468 3905 654 3961 erant,
687 3897 834 3951 unita
884 3904 1045 3962 sunt;
1083 3897 1317 3952 tenebrae
1361 3905 1486 3952 sunt
1519 3897 1814 3964 exstinctae,
1847 3899 1937 3954 lux
1968 3916 2053 3956 re-

467 3988 760 4058 splenduit,
789 4002 936 4043 mors
959 3990 1209 4058 absorpta
1234 3997 1335 4044 est.
1369 3988 1494 4044 Haec
1517 3990 1691 4044 omnia
1719 3991 1978 4060 cogitans,
2003 4001 2057 4048 et

470 4081 628 4150 longe
670 4079 754 4135 his
793 4081 947 4151 plura
971 4122 985 4146 ,
1018 4080 1279 4150 propheta
1325 4081 1588 4136 clamabat
1634 4081 1856 4137 dicens:
1891 4084 2055 4151 Quam

469 4175 768 4228 admirabile
787 4186 857 4230 est
885 4191 1065 4229 nomen
1089 4183 1228 4228 tamn
1253 4175 1306 4228 in
1333 4175 1562 4229 universa
1593 4184 1724 4229 terra
1749 4177 1769 4230 !
1791 4175 1889 4231 Ubi
1915 4194 2057 4232 nunc

469 4275 596 4320 sunt
622 4265 813 4332 .Iudmi,
832 4266 1062 4336 quisunt
1090 4265 1428 4336 impudentes
1449 4266 1706 4322 adversus
1736 4269 2056 4323 veritatem?

472 4355 744 4410 Lubenter
775 4355 916 4409 enim
959 4371 1054 4410 eos
1096 4357 1481 4425 interrogarem
1530 4355 1598 4411 de
1652 4373 1886 4426 quonam
1940 4359 2055 4414 hcce

474 4447 747 4500 dicuntur.
790 4446 863 4500 De
893 4445 1294 4514 (‘mnipotente,
1327 4447 1585 4516 inquicnt.
1633 4447 1740 4502 Sed
1790 4465 1893 4502 non
1942 4461 2058 4504 erat

474 4555 672 4594 nomen
720 4538 840 4607 ejus
883 4539 1195 4594 admirabile
1242 4539 1294 4594 in
1345 4542 1588 4597 universa
1621 4553 1779 4597 terra.
1813 4542 2058 4598 Testatur

473 4632 636 4688 Isaias
676 4630 857 4685 dicens
881 4649 891 4682 :
931 4630 1150 4700 l’rOpter
1179 4648 1264 4684 eos
1290 4632 1665 4701 blasphematur
1694 4652 1871 4689 nomen
1894 4652 2057 4689 nteant

475 4728 607 4778 inter
634 4732 800 4795 gentes
831 4721 978 4795 (lsai.
1012 4723 1099 4777 52.
1131 4723 1208 4791 ὅ).
1237 4724 1291 4778 Si
1319 4733 1496 4777 autem
1526 4725 1616 4794 qui
1647 4741 1766 4780 eum
1810 4727 2058 4782 colebant

473 4819 525 4872 iu
550 4831 707 4872 causa
734 4824 887 4870 erant
913 4825 970 4868 ut
997 4815 1108 4884 ipse
1135 4813 1617 4884 blasphemarelur,
1638 4817 1725 4870 ubi
1747 4825 1861 4872 erat
1885 4818 2056 4872 admi-

472 4909 837 4977 rabile?Quod
868 4910 1012 4964 enim
1043 4918 1226 4964 natura
1256 4909 1325 4963 sit
1351 4909 1684 4972 admirabile.
1713 4913 1913 4968 clarum
1940 4924 2053 4970 est:

473 5001 611 5070 apud
640 5001 886 5056 homines
913 5009 1090 5055 autem
1115 5015 1220 5054 non
1249 5011 1362 5055 erat
1394 5010 1518 5055 tunc
1547 5002 1782 5071 pluribus
1818 5004 2056 5059 admira-

473 5094 614 5157 lnle,
647 5093 740 5149 sed
784 5102 839 5148 et
866 5093 972 5147 vile
1011 5101 1065 5148 et
1099 5092 1428 5163 despectum.
1470 5093 1575 5149 Sed
1613 5111 1716 5148 non
1757 5097 1834 5150 sic
1876 5114 2054 5152 nunc:

469 5185 591 5254 quia
614 5184 826 5255 quando
856 5183 1081 5239 accessit
1109 5183 1409 5254 unigenitus
1434 5184 1617 5248 Filius,
1643 5185 1836 5256 ubique
1864 5203 2054 5243 nomen

473 5281 590 5348 ejus
619 5289 700 5334 est
729 5279 1043 5335 admirabile
1069 5294 1188 5334 cum
1217 5277 1451 5332 Christo.
1477 5278 1549 5331 Ab
1571 5289 1683 5332 ortu
1705 5280 1846 5344 solis,
1868 5281 2053 5353 inquit,

472 5390 530 5426 us
548 5388 628 5436 me
649 5374 716 5425 ad
735 5389 968 5428 occasum
999 5373 1337 5444 gloriﬁcatutn
1357 5381 1428 5425 est
1451 5389 1629 5425 nomen
1653 5389 1817 5426 meum
1853 5375 1903 5427 in
1930 5392 2056 5445 guno

474 5467 605 5519 tibus
637 5464 790 5533 (Mal.
822 5467 873 5520 'l.
900 5467 1011 5534 11).
1049 5465 1116 5520 Et
1139 5480 1324 5520 rursus
1355 5482 1367 5516 :
1399 5462 1464 5517 In
1512 5465 1649 5518 omni
1693 5465 1804 5520 loco
1847 5465 2058 5533 offertur

469 5559 728 5611 incensum
755 5559 942 5612 nomini
969 5576 1096 5624 meo,
1126 5570 1170 5612 et
1199 5558 1504 5628 sacri/icium
1536 5561 1797 5614 mundum.
1837 5560 1938 5615 Vos
1967 5580 2058 5615 au-

474 5659 572 5702 tem
621 5648 786 5718 ipsum
824 5650 1107 5720 profanatis
1134 5649 1294 5720 (Ibid.
1321 5667 1367 5704 ι’.
1402 5649 1512 5720 12).
1546 5649 1611 5704 Et
1631 5651 1803 5706 alius:
1838 5652 2057 5724 Impleta

471 5749 543 5792 cst
575 5739 803 5796 universa
849 5750 982 5795 terra
1017 5741 1299 5812 cognitione
1339 5739 1546 5796 Domini
1575 5740 1727 5816 (lsai.
1763 5745 1846 5801 1l.
1877 5744 1954 5820 9).
1992 5749 2054 5807 Et

1181 297 1236 352 S.
1278 293 1553 352 JOANNIS
1590 288 2064 348 CHRYSOSTOMI
2102 287 2417 346 ARCIIIEP.
2458 288 2998 346 CONSTANTINOP.

2151 417 2334 458 rursus
2367 422 2380 458 :
2424 401 2634 458 Veniant
2655 402 2872 457 dicentes
2891 444 2906 471 ,
2928 399 3107 456 Patres
3130 403 3290 457 nostri
3308 404 3442 474 falsa
3465 405 3602 459 idola
3622 423 3742 474 pos-

2144 495 2380 548 sederunt
2406 497 2420 527 ί
2457 495 2590 566 (Jer.
2617 495 2700 550 16.
2729 495 2841 566 19).

2215 587 2268 641 2.
2298 587 2458 643 Vides
2495 589 2610 643 bzec
2638 591 2815 643 omnia
2862 588 3004 644 dicta
3042 602 3161 644 esse
3205 587 3274 644 de
3316 588 3738 646 FiliotFactum

2146 689 2228 736 est
2278 681 2420 735 enim
2463 681 2579 750 ejus
2610 697 2802 736 nomen
2832 681 3143 736 admirabile
3186 683 3238 736 in
3283 683 3527 738 universa
3569 693 3735 739 terra.

2150 772 2403 836 Quoniam
2455 773 2645 826 elevata
2689 783 2761 828 est
2821 773 3197 842 magnificentia
3237 783 3324 826 tua
3368 786 3521 843 super
3560 777 3736 828 ctzlos.

2145 866 2316 933 Alius,
2357 866 2458 930 Qui
2503 867 2713 936 posuisti
2753 867 2954 920 laudem
3007 876 3145 920 tuam
3197 883 3350 936 super
3400 866 3569 950 caios.
3600 867 3739 933 Quia

2146 961 2288 1014 enim
2340 969 2496 1014 terrre
2540 960 2805 1026 meminit,
2835 959 3086 1014 transfert
3139 961 3297 1016 etiam
3339 961 3638 1016 orationem
3681 964 3737 1016 in

2148 1052 2378 1116 ratium;
2411 1051 2552 1121 quod
2605 1067 2822 1121 semper
2868 1052 3149 1108 consuevit
3182 1052 3390 1116 facere,
3443 1053 3740 1108 ostendens

2149 1146 2456 1200 universum
2480 1146 2663 1201 orbem
2692 1155 2953 1200 terrarum
2984 1145 3201 1200 laudare
3232 1145 3517 1200 Dominum
3555 1161 3738 1201 suum.

2148 1237 2258 1292 Iloe
2304 1236 2462 1306 etiam
2503 1235 2590 1291 hic
2639 1235 2929 1292 ostendens
2977 1235 3149 1291 dicit:
3182 1235 3510 1290 Admirabile
3561 1236 3693 1290 infra
3719 1279 3743 1299 ,

2147 1328 2466 1384 admirabile
2527 1343 2710 1398 supra.
2762 1327 2877 1382 Non
2923 1329 3093 1382 solum
3139 1329 3283 1384 enim
3335 1327 3610 1393 homines,
3643 1329 3741 1385 sed

2147 1421 2306 1476 etiam
2353 1420 2528 1491 angeli
2565 1419 2782 1475 laudant
2809 1433 2871 1475 ea
2901 1435 3020 1490 quae
3048 1419 3181 1475 facta
3212 1428 3372 1484 sunt,
3400 1427 3456 1475 et
3497 1435 3595 1490 pro
3621 1423 3744 1490 ejus

2150 1512 2202 1567 in
2231 1513 2477 1567 homines
2497 1511 2771 1568 beneﬁciis
2792 1520 2958 1583 agunt
2979 1511 3177 1582 gratias
3201 1529 3216 1576 ;
3246 1511 3388 1582 quod
3415 1513 3576 1567 etiam
3606 1513 3746 1568 {ceco

2149 1613 2273 1659 runt
2295 1605 2345 1658 in
2368 1604 2655 1674 principio,
2687 1619 2811 1658 cum
2843 1604 2895 1658 in
2926 1603 3082 1658 terris
3106 1602 3304 1658 choros
3331 1603 3620 1658 duxerunt.
3642 1605 3740 1658 Vel

2150 1695 2252 1751 hoc
2277 1711 2405 1766 ergo
2442 1696 2592 1763 dicit,
2621 1696 2782 1752 etiam
2831 1696 3054 1766 angelos
3099 1711 3328 1762 canere,
3355 1695 3439 1750 vel
3481 1697 3594 1750 vult
3621 1697 3742 1765 ejus

2149 1787 2431 1842 ostendere
2485 1787 2926 1858 magnitudinem.
2982 1785 3208 1854 Quando
3265 1787 3408 1842 enim
3463 1786 3741 1857 Scriptura

2148 1881 2261 1934 vult
2286 1878 2485 1950 aliquid
2527 1894 2775 1950 magnum
2805 1879 3020 1942 dicere,
3054 1877 3361 1933 distantiam
3401 1878 3590 1932 horum
3623 1879 3738 1932 ele-

2149 1981 2451 2027 mentorum
2496 1970 2712 2026 adducit
2741 1970 2795 2025 in
2826 1969 3057 2024 medium
3078 2009 3093 2033 ,
3123 1979 3180 2024 ut
3207 1969 3418 2040 quando
3448 1970 3613 2024 dicit:
3637 1968 3743 2023 Se-

2149 2066 2372 2120 cundum
2399 2063 2720 2118 altitudinem
2745 2064 2856 2118 caeli
2885 2080 2916 2117 a
2938 2074 3091 2118 terra.
3115 2063 3182 2118 Et
3210 2079 3396 2118 rursus
3424 2081 3436 2116 :
3477 2063 3744 2130 Quantum

2149 2159 2302 2211 distat
2344 2167 2485 2212 ortus
2523 2158 2586 2212 ab
2618 2173 2833 2222 occasu,
2864 2157 3012 2227 longe
3033 2157 3148 2225 fecit
3185 2173 3217 2211 a
3262 2158 3404 2212 nobis
3445 2157 3744 2228 iniquitates

2150 2260 2350 2305 nostras
2372 2249 2543 2321 (Psal.
2564 2249 2688 2305 102.
2725 2251 2810 2305 11.
2847 2248 2956 2317 12).
2990 2249 3088 2304 llic
3113 2263 3240 2319 ergo
3264 2247 3558 2303 admiratur
3576 2263 3740 2319 quam

2150 2356 2340 2412 magna
2386 2343 2492 2396 sint
2521 2349 2575 2397 et
2601 2356 2760 2411 quam
2790 2334 3007 2411 grandia
3036 2356 3156 2411 qua:
3185 2341 3320 2395 facta
3358 2350 3483 2395 sunt
3509 2342 3687 2395 omnia
3721 2358 3738 2393 :

2152 2448 2274 2488 nam
2319 2433 2556 2488 omnium
2596 2433 2831 2488 inﬁmam
2873 2433 3224 2488 substantiam
3275 2432 3453 2488 ell'ecit
3487 2433 3747 2488 omnibus

2151 2527 2504 2593 superiorem.
2535 2527 2586 2582 5.
2617 2525 2701 2580 Ea:
2729 2526 3106 2598 oreinfantinm
3147 2535 3196 2580 et
3235 2525 3526 2580 laetentium
3566 2530 3745 2597 perfe-

2152 2618 2262 2670 cisti
2293 2618 2515 2672 laudem.
2539 2617 2690 2672 Alius
2713 2659 2728 2683 ,
2761 2617 2842 2671 Ea:
2865 2632 2953 2671 ore
2975 2617 3250 2688 infantium
3271 2617 3497 2688 fundasti
3525 2618 3743 2688 fortitu-

2153 2711 2341 2766 dinem.
2367 2711 2514 2765 Alius
2539 2711 2639 2781 (a),
2660 2710 2974 2766 Constituiin
3001 2708 3172 2764 robur.
3199 2709 3350 2776 Quod
3372 2718 3549 2764 autem
3577 2708 3736 2775 dicit,

2152 2811 2235 2856 est
2282 2801 2543 2870 ejusmodi
2591 2816 2607 2856 :
2660 2800 2956 2856 Potentiam
3012 2811 3155 2855 tuam
3219 2815 3286 2854 ex
3338 2799 3440 2853 hoc
3508 2800 3747 2854 maxime

2153 2891 2469 2956 ostendisti,
2497 2891 2640 2962 quod
2670 2893 2812 2948 vires
2841 2892 3082 2947 imbelles
3125 2892 3355 2946 moveris
3375 2933 3390 2960 ,
3415 2899 3470 2946 et
3505 2893 3744 2961 linguam

2153 2983 2536 3045 balbutientem
2563 2983 2627 3038 ad
2656 2983 2876 3052 gloriam
2908 2982 3254 3050 reddendam,
3273 2982 3470 3037 claram
3499 2992 3552 3037 et
3577 2999 3748 3052 expe-

2154 3076 2319 3132 ditam
2356 3077 2546 3132 feceris
2572 3078 2592 3108 ²
2612 3076 2823 3149 (Matth.
2848 3077 2939 3130 21.
2971 3077 3085 3148 15).
3112 3076 3241 3144 Qua:
3268 3077 3408 3130 enim
3440 3075 3576 3130 facta
3607 3086 3687 3130 est
3710 3091 3747 3130 a

2155 3171 2334 3241 pueris
2358 3171 2410 3224 in
2442 3171 2640 3240 templo
2667 3170 2988 3242 hymnorum
3015 3169 3445 3225 deeantationem
3473 3169 3559 3224 hic
3599 3185 3744 3238 pra:-

2159 3261 2305 3318 dicit.
2339 3263 2405 3317 Et
2430 3278 2588 3332 quam
2625 3262 2694 3316 ob
2721 3277 2960 3327 causam,
3001 3261 3120 3316 aliis
3150 3261 3524 3332 prteterutissis
3571 3260 3741 3314 mira.

2155 3355 2310 3420 culis,
2341 3362 2670 3410 mortuorum
2701 3353 3124 3419 resurrectione,
3154 3353 3485 3423 leprosorum
3517 3350 3749 3406 munda-

2157 3451 2321 3513 tione,
2349 3447 2653 3502 daemonum
2681 3447 3018 3518 expulsione,
3049 3461 3192 3500 nunc
3239 3461 3528 3515 puerorum
3575 3447 3748 3498 mira-

2155 3542 2264 3596 culi
2292 3541 2576 3596 meminit?
2605 3540 2866 3609 Quouiam
2898 3541 2983 3595 illa
3013 3539 3228 3611 quidem
3259 3542 3417 3596 etiam
3445 3549 3569 3593 ante
3604 3539 3748 3593 facta

2157 3642 2302 3698 sunt,
2333 3641 2387 3688 et
2409 3633 2452 3687 si
2481 3649 2584 3687 non
2612 3634 2710 3698 sic,
2736 3641 2910 3687 tamen
2939 3631 3072 3687 tacta
3102 3640 3262 3698 sunt,
3294 3640 3348 3687 et
3375 3631 3571 3702 aliquid
3603 3632 3751 3685 inter

2157 3741 2216 3781 se
2241 3741 2523 3782 commune
2554 3725 2874 3790 habuerunt,
2901 3724 3028 3779 licet
3053 3739 3158 3779 non
3186 3723 3425 3778 modum.
3445 3723 3750 3778 Suscitatus

2158 3833 2240 3878 est
2267 3822 2410 3877 enim
2448 3830 2690 3876 mortuus
2721 3819 2820 3875 sub
2850 3819 3043 3874 Elisato
3074 3819 3152 3888 (4.
3184 3817 3311 3889 Reg.
3345 3819 3398 3873 4.
3431 3818 3542 3887 55).
3577 3826 3629 3871 ct
3667 3817 3752 3870 le-

2162 3929 2350 3984 prosus
2367 3913 2650 3968 mundatus
2669 3911 2830 3980 (Ibid.
2865 3913 2919 3967 5.
2946 3928 2994 3965 ιι.
3021 3910 3134 3981 14),
3155 3919 3209 3965 et
3228 3911 3437 3965 daemon
3462 3925 3555 3980 per
3579 3910 3748 3964 David

2157 4006 2412 4076 expulsus
2459 4015 2561 4070 est,
2593 4003 2807 4074 quando
2858 4001 2984 4057 Saiil
3034 4000 3379 4056 invadebatur
3434 4016 3463 4055 a
3500 4001 3752 4056 daemone

2161 4098 2179 4167 (
2192 4097 2391 4168 1.κοῦ.
2421 4097 2510 4150 16.
2537 4097 2630 4165 25)
2667 4115 2680 4150 :
2709 4096 2905 4150 chorus
2927 4101 3105 4149 autem
3135 4093 3410 4148 infantium
3437 4094 3751 4148 laetentium

2161 4203 2302 4243 nunc
2347 4189 2575 4258 primum
2614 4187 2863 4257 loquutus
2909 4195 3011 4242 est.
3058 4185 3136 4241 Ne
3157 4201 3286 4256 ergo
3321 4184 3658 4254 impudenter
3688 4199 3755 4240 se

2159 4290 2373 4352 gereret
2397 4281 2631 4346 Judaeus,
2657 4281 2876 4347 dicens,
2909 4281 3024 4336 btec
3063 4280 3203 4335 dicta
3243 4295 3363 4334 esse
3403 4279 3470 4334 de
3515 4279 3578 4333 iis
3625 4295 3755 4349 quae

2165 4374 2296 4428 facta
2322 4384 2447 4428 sunt
2472 4374 2523 4427 in
2556 4373 2936 4442 Veteri,elegit
2963 4374 3171 4442 signum
3189 4371 3331 4442 quod
3362 4382 3484 4426 tunc
3515 4371 3752 4440 primum

2161 4476 2216 4522 et
2259 4468 2429 4522 solum
2475 4465 2672 4523 factum
2715 4475 2816 4522 est.
2847 4467 2914 4521 Et
2940 4467 3135 4536 alioqui
3176 4481 3296 4535 qua:
3343 4465 3558 4529 ﬁebant,
3592 4474 3756 4518 erant.

2165 4571 2322 4633 typus
2348 4562 2712 4630 apostolorum
2749 4579 2762 4616 :
2791 4575 2912 4615 nam
2953 4577 3073 4615 cum
3112 4561 3148 4615 ii
3175 4571 3358 4616 essent
3386 4561 3540 4615 valde
3576 4559 3756 4614 infan-

2165 4665 2265 4720 tcs,
2297 4665 2349 4710 et
2397 4655 2568 4725 magis
2624 4654 2759 4709 muti
2805 4668 2962 4724 quam
3016 4653 3114 4722 ipsi
3167 4652 3377 4722 pisces,
3438 4653 3753 4707 universam

2163 4749 2349 4804 orbem
2401 4757 2664 4802 terrarum
2718 4746 3043 4801 irretierunt.
3098 4744 3251 4810 Quod
3297 4753 3474 4798 autem
3525 4745 3624 4798 hoc
3680 4746 3753 4800 sit

2164 4841 2394 4895 maxime
2443 4839 2540 4895 Dei
2576 4839 2744 4893 virtus
2781 4846 2835 4894 et
2863 4839 3101 4908 potentia
3127 4879 3142 4905 ,
3175 4837 3296 4891 vide
3321 4838 3480 4892 etiam
3516 4827 3754 4906 pmphei

2167 4945 2271 4991 tam
2301 4938 2401 4992 hoc
2423 4935 2490 4991 de
2517 4935 2678 4991 Patre
2703 4934 2995 4991 dicentem.
3018 4933 3152 4990 Cum
3177 4933 3323 4989 Mose
3348 4933 3490 4988 enim
3522 4933 3757 5003 loquens

2231 5159 2244 5188 ¹
2273 5156 2506 5219 nielocus
2544 5157 2638 5206 alio
2673 5155 2814 5219 modo
2850 5157 2982 5219 jacet
3021 5156 3147 5219 apud
3171 5157 3448 5213 Jeremiam,
3484 5155 3678 5219 Veniant
3697 5152 3762 5204 ab

2164 5218 2395 5268 extremis
2415 5225 2580 5282 terra;
2600 5225 2645 5268 et
2667 5216 2968 5282 dicent,'etc.
2995 5216 3086 5267 Sed
3108 5220 3471 5282 chrysostomus
3493 5231 3626 5278 sape
3651 5216 3762 5267 loca

2165 5294 2260 5328 non
2287 5282 2475 5342 integra
2497 5280 2656 5342 atl'ert,
2674 5287 2729 5329 ut
2751 5282 2849 5342 jam
2875 5280 3096 5342 vidimus.

2229 5345 2248 5373 ³
2284 5339 2414 5391 Unus
2433 5355 2443 5389 :
2468 5341 2726 5392 Potentiam
2745 5339 2875 5390 iuam
2897 5347 2943 5390 et
2967 5341 3056 5390 vim
3077 5339 3425 5390 ineluctabilcm
3448 5340 3498 5390 in
3515 5353 3569 5389 eo
3591 5341 3758 5391 maxi-

2164 5417 2240 5467 me
2261 5404 2521 5467 ostendisti,
2547 5403 2673 5465 quod
2697 5402 3008 5467 tenerrimam
3041 5410 3230 5454 tetatem
3263 5405 3329 5454 ad
3373 5404 3442 5453 sic
3478 5402 3762 5467 gloriﬁcan-

2165 5466 2280 5516 dum
2304 5465 2579 5529 expeditam
2603 5465 2795 5528 feceris.

2228 5571 2301 5633 (α)
2320 5579 2366 5619 ln
2389 5571 2607 5633 margine
2628 5569 2812 5633 Codieis
2833 5571 3076 5633 Barberini
3099 5568 3325 5633 scribitur
3345 5575 3414 5622 c..
3439 5581 3538 5633 quo
3557 5571 3760 5633 notatur
3807 5615 3816 5622 ς

2167 5627 2647 5703 εξςέέδδηηιιλξειιυεην
2665 5630 3005 5703 similiterque
3041 5627 3089 5679 ίιι
3110 5632 3350 5703 ,ξιμφςείηθ
3385 5627 3567 5702 είξάίοίε
3595 5631 3760 5703 ου-ίυθῖ

2164 5696 2273 5744 dum
2296 5693 2515 5745 a'éavilio
2538 5694 2594 5743 ad
2617 5693 2884 5743 Editionem
2906 5706 3043 5754 suam
3064 5693 3264 5743 adhibiti
3286 5701 3334 5740 C.
3359 5694 3590 5754 scripturn
3615 5701 3723 5740 erat
3745 5698 3765 5735 :

2169 5772 2262 5823 qua
2286 5758 2349 5808 de
2373 5771 2427 5808 re
2454 5757 2575 5807 hanc
2599 5761 2761 5806 notam
2799 5755 2881 5806 ille
2905 5753 3039 5804 dedit
3068 5769 3079 5803 :
3113 5774 3135 5803 ι
3165 5755 3230 5804 Ad
3261 5767 3413 5818 marg.
3453 5753 3532 5805 est
3552 5762 3601 5811 (ἰ,
3627 5760 3764 5816 55m-
