4032 6284
259 318 370 375 ίῦἹ

245 435 348 489 καὶ
377 436 449 492 τὰ
469 436 591 511 ἔθνη
618 439 837 509 λέγουσι
865 443 931 498 τὰ
958 445 1279 517 ήττηθέντα,
1306 453 1581 526 πορθητάς
1610 458 1837 511 καλοῦν-

242 548 344 597 τες
377 545 407 574 ι
434 534 652 603 αὐτοὺς,
677 539 771 590 καὶ
802 537 1094 612 βαρϐάρων
1126 547 1372 616 νικητάς,
1406 552 1500 603 καὶ
1529 553 1629 606 ὅσα
1655 553 1839 608 τοιαῦ-

241 645 338 686 τα.
394 631 662 703 Τοιαύτην
709 634 834 688 τινά
859 637 1004 708 ᾠδὴν
1041 642 1135 694 καὶ
1170 644 1199 695 6
1226 645 1492 716 μακάριος
1525 644 1677 714 οὗτος
1696 624 1832 722 ᾄδει.

243 728 428 798 Νίκην
460 730 567 800 γὰρ
590 730 858 801 διηγεῖται
888 735 983 788 καὶ
1008 737 1287 807 τρόπαιον.
1321 743 1410 794 καὶ
1439 743 1692 814 πολέμων
1736 765 1836 801 κα-

241 825 494 889 τάλυσιν,
536 827 658 897 οὐχὶ
702 830 979 897 τοιούτων,
1019 833 1154 887 ἀλλά
1186 835 1375 907 πολλῷ
1411 838 1828 913 χαλεπωτέρων.

247 925 359 977 Καὶ
387 926 490 995 ὅρα
520 925 639 989 πῶς
670 928 918 999 ἄρχεται*
943 932 1140 999 Κύριε,
1176 937 1210 987 ό
1241 937 1456 1003 Κύριος
1488 937 1673 1007 ἡμῶν.
1707 940 1829 994 Τῶν

248 1020 347 1090 μὲν
392 1021 505 1093 γὰρ
549 1023 726 1079 ἀλλων
764 1026 872 1080 τῶν
907 1029 968 1081 οὐ
1011 1032 1376 1086 πιστευόντων
1422 1037 1502 1098 είς
1537 1037 1720 1101 αὐτὸν,
1749 1040 1829 1093 ἐνὶ¹

239 1117 431 1187 τρόπῳ
468 1118 672 1190 Κύριός
708 1123 874 1187 ἐστιν,
906 1124 1068 1195 ἡμῶν
1105 1127 1161 1179 δέ
1196 1126 1389 1199 διπλῷο
1434 1129 1512 1200 τῷ
1545 1147 1605 1183 τε
1634 1132 1694 1198 ἐξ
1730 1133 1828 1187 οὐκ

236 1212 411 1266 ὄντων
432 1215 685 1286 ποιῆσαι,
711 1218 787 1289 τῷ
811 1236 871 1273 τε
896 1222 1205 1292 γνωσθῆναι
1233 1225 1362 1295 παρ’
1387 1225 1560 1296 ήμῶν.
1586 1225 1698 1300 [78]
1721 1229 1828 1283 Καὶ

235 1309 339 1379 ὅρα
364 1311 488 1373 πῶς
513 1312 578 1364 ἐκ
609 1315 911 1385 προοιμίων
928 1316 1110 1387 τίθησι
1140 1318 1201 1371 τὸ
1231 1319 1521 1388 κεφάλαιον
1551 1323 1646 1392 τῆς
1676 1324 1826 1395 εὐερ-

234 1405 450 1473 γεσίας.
489 1408 589 1461 Ἂν
627 1408 738 1481 γὰρ
771 1410 946 1484 μάθῃς
977 1413 1095 1476 πῶς
1124 1431 1217 1467 σου
1246 1415 1448 1486 Κύριος
1474 1416 1714 1484 γέγονεν,
1745 1419 1825 1475 ὅτι

234 1500 795 1574 ἀπηλλοτριωμένους
826 1507 923 1560 καὶ
950 1507 1176 1577 νεκρούς
1205 1526 1357 1573 τινας
1395 1511 1487 1563 κα)⁸
1520 1511 1820 1582 νεκρωθέν-

231 1612 333 1660 τας
375 1597 696 1668 ᾠκειώσατο
735 1600 831 1653 καὶ
859 1601 1246 1675 ἐζωοποίησεν,
1283 1604 1403 1674 ὕψει
1436 1605 1616 1671 καλῶς
1652 1609 1732 1661 ὅτι
1763 1608 1822 1662 τὸ

198 1748 203 1752 ,
233 1694 542 1762 κεφάλαιον
574 1695 674 1765 τῆς
702 1696 1022 1769 εὐεργεσίας
1057 1697 1233 1755 τοῦτο.

303 1789 488 1842 Τοῦτο
534 1790 716 1845 τοίνυν
759 1791 1195 1863 ἐκπληττόμενος
1220 1796 1248 1848 6
1287 1790 1594 1868 Προφήτης,
1630 1798 1817 1868 φησίνο

243 1885 341 1952 Ὠς
389 1888 742 1956 θαυμαστὸν
774 1886 842 1942 τὸ
876 1888 1064 1957 ὄνομα
1110 1891 1263 1944 σου]
1298 1891 1564 1955 τουτέστι,
1615 1893 1819 1965 σφόδρα

230 1981 578 2052 θαυμαστόν.
627 1986 799 2040 Πόσον
840 1987 896 2040 δὲ
938 1986 1284 2057 θαυμαστὸν,
1328 1989 1427 2043 οὐκ
1466 1986 1658 2045 εἶπεν·
1697 1993 1817 2045 οὐδὲ

230 2080 341 2149 γὰρ
375 2084 653 2152 μετρῆσαι
674 2083 916 2152 ἴσχυσεν,
938 2084 1073 2138 ἀλλὰ
1105 2086 1205 2155 τὴν
1231 2085 1480 2140 ἐπίτασιν
1506 2089 1816 2161 παρέστησε

156 2184 181 2207 ‘
228 2191 325 2229 και
357 2178 463 2246 τὴν
494 2177 821 2250 ὑπερϐολήν.
847 2179 958 2233 Ποῦ
980 2182 1029 2234 οί
1055 2181 1152 2254 τὴν
1173 2184 1360 2237 οὐσίαν
1384 2186 1816 2259 περιεργαζόμεο

228 2289 309 2324 νοι
349 2270 453 2325 τοῦ
484 2272 619 2328 Θεοῦ
645 2293 659 2342 ;
786 2276 895 2348 γὰρ
933 2277 993 2330 τὸ
1024 2277 1196 2349 ὄνομα
1224 2280 1388 2333 αὑτοῦ
1417 2282 1605 2349 εἰπὼν,
1644 2283 1816 2351 οὕτως

227 2368 572 2442 ἐθαύμασεν,
615 2373 692 2437 ὡς
732 2374 1090 2448 ἐκπλαγῆναι·
1134 2377 1255 2431 τίνα
1304 2377 1370 2433 ἂν
1409 2360 1584 2451 σχοίεν
1617 2384 1814 2439 ἐκεῖνοι

230 2465 592 2536 συγγνώμην,
618 2471 665 2522 οἱ
690 2470 790 2541 τὴν
811 2470 998 2524 οὐσίαν
1021 2470 1185 2526 αὐτοῦ
1205 2472 1453 2542 λέγοντες
1481 2476 1695 2543 εἰδέναι,
1718 2478 1813 2532 τοῦ

227 2563 529 2637 Προφήτου
551 2565 686 2635 μηδὲ
724 2569 889 2622 πόσον
921 2569 1036 2623 ἐστὶ
1071 2569 1384 2641 θαυμαστὸν
1417 2575 1478 2628 τὸ
1513 2575 1683 2647 ὄνομα
1717 2577 1811 2632 δυ-

222 2660 469 2729 ναμένου
495 2660 723 2731 μαθεῖν;
758 2665 853 2732 Ὠς
873 2667 1218 2736 θαυμαστὸν
1236 2670 1303 2723 τὸ
1333 2671 1521 2740 ὄνομά
1548 2688 1663 2728 σου
1688 2675 1709 2728 .’
1723 2676 1810 2730 Ἐν

221 2755 332 2826 γὰρ
358 2755 445 2827 τῷ
481 2757 707 2828 ὀνόματι
733 2760 907 2831 τούτῳ
938 2762 1166 2827 θάνατος
1195 2764 1378 2836 ἐλύθη,
1416 2766 1666 2839 δαίμονες
1694 2771 1808 2824 ἐδέ-

221 2853 429 2923 θησαν,
455 2856 685 2927 ούρανὸς
717 2858 987 2931 ἀνεῴχθη,
1020 2861 1347 2932 παραδείσου
1370 2862 1528 2936 θύραι
1553 2867 1812 2922 ἀνεπετά-

221 2949 458 3021 σθησαν,
517 2951 740 3022 Πνεῦμα
794 2955 1172 3026 κατεπέμφθη,
1207 2958 1257 3010 οἱ
1303 2959 1472 3015 δοῦλοι
1521 2962 1808 3030 γεγόνασιν

219 3044 525 3118 ἐλεύθεροι,
569 3049 618 3100 οί
645 3048 848 3119 ἐχθροὶ,
885 3052 1011 3113 υἱοὶ,
1046 3055 1094 3106 οἱ
1122 3053 1413 3127 ἀλλότριοι,
1455 3056 1801 3129 κληρονόμοι,

218 3144 266 3195 οἱ
288 3143 597 3215 ἄνθρωποι,
622 3147 863 3214 ἄγγελοι.
883 3148 947 3200 Τί
973 3149 1135 3219 λέγω,
1168 3151 1388 3221 ἄγγελοι
1408 3171 1423 3219 ;
1447 3155 1579 3218 Θεὸς
1600 3156 1807 3228 ἀνθρω-

220 3259 318 3305 πος
354 3242 578 3312 γέγονε,
623 3244 716 3297 καὶ
743 3244 1027 3316 ἄνθρωπος
1058 3248 1209 3312 Θεόςο
1256 3251 1284 3303 6
1328 3250 1553 3320 οὐρανὸς
1588 3252 1805 3320 ἐδέξατο

218 3340 313 3411 τὴν
336 3340 510 3409 φύσιν
529 3341 628 3410 τὴν
652 3341 761 3394 ἀπὸ
786 3342 886 3412 τῆς
914 3343 1041 3414 γῆς’
1069 3346 1103 3416 ή
1125 3346 1195 3416 γῆ
1222 3346 1438 3411 ἐδέξατο
1464 3348 1555 3401 τὸν
1578 3349 1669 3402 ἐπὶ
1693 3350 1804 3405 τῶν

219 3436 536 3509 Χερουϐεὶμ
559 3438 869 3510 καθήμενον
903 3442 1040 3512 μετά
1068 3442 1166 3513 τῆς
1195 3447 1454 3515 στρατιᾶς
1480 3447 1798 3518 ἀγγελικῆς.

219 3534 289 3588 Τὸ
318 3537 642 3607 μεσότοιχον
670 3538 930 3610 ἀνῃρέθη,
954 3542 981 3593 6
1008 3540 1259 3612 φραγμὸς
1281 3541 1464 3612 ἐλύθη,
1485 3536 1553 3596 τά
1578 3543 1800 3598 διεστῶο

215 3651 277 3687 τα
309 3633 526 3706 ήνὼθη,
560 3635 622 3688 τὸ
660 3636 848 3701 σκότος
901 3638 1153 3710 ἐσϐέσθη,
1206 3639 1268 3692 τὸ
1320 3640 1436 3710 φῶς
1469 3640 1729 3713 ἔλαμψεν,
1770 3646 1800 3698 6

217 3727 452 3792 θάνατος
485 3732 782 3804 κατεπόθη.
814 3734 998 3789 Ταῦτα
1028 3738 1206 3791 πάντα
1232 3738 1429 3792 ἐννοῶν
1456 3742 1551 3794 καὶ
1579 3741 1646 3795 τά
1677 3742 1801 3797 116-

213 3841 318 3878 των
353 3825 582 3880 πλείονα
610 3830 638 3880 6
669 3829 956 3900 Προφήτης
979 3831 1196 3893 ἀνεϐόα,
1220 3832 1413 3901 λέγων’
1451 3835 1547 3902 Ὠς
1577 3840 1800 3908 θαυμα-

213 3921 370 3974 στὸν
411 3921 480 3976 τὸ
513 3922 701 3992 ὄνομά
736 3941 851 3978 σου
896 3925 968 3978 ἐν
1011 3925 1178 3996 πάσῃ
1227 3927 1300 3996 τῇ
1327 3928 1401 3999 γῇ
1421 3931 1442 3983 !
1474 3932 1582 3985 Ποῦ
1616 3933 1710 3987 νῦν
1747 3936 1797 3988 οί

224 4015 501 4070 Ἰουδαίων
556 4018 763 4084 παῖδες,
806 4022 856 4073 οἱ
891 4021 1027 4093 πρὸς
1070 4020 1168 4093 τὴν
1212 4022 1469 4096 ἀλήθειαν
1508 4029 1797 4101 ἀναισχυν-

209 4109 466 4175 τοῦντες;
513 4111 713 4177 Ἡδέως
743 4115 850 4186 γὰρ
878 4116 1077 4180 αὐτοὺς
1106 4117 1172 4171 ἂν
1202 4118 1446 4192 ἐροίμην,
1488 4125 1617 4195 περὶ
1654 4125 1797 4191 τίνος

210 4209 382 4263 ταῦτα
414 4208 687 4279 λέγονται.
730 4212 863 4285 Περὶ
903 4214 995 4266 τοῦ
1030 4218 1480 4291 παντοκράτορος,
1512 4222 1792 4292 φήσουσιν.

224 4303 363 4359 Ἀλλ’
391 4306 494 4359 οὐκ
521 4301 588 4378 ἦν
620 4308 783 4361 αὑτοῦ
821 4308 1128 4378 θαυμαστὸν
1154 4313 1213 4365 τὸ
1240 4314 1411 4385 ὄνομα
1450 4317 1508 4368 ἐν
1540 4317 1687 4390 πάσῃ
1726 4321 1794 4392 τῇ

212 4403 299 4472 γῇ.
328 4404 449 4456 Καὶ
491 4408 761 4475 μαρτυρεῖ
808 4407 1031 4471 Ἡσαΐας
1056 4408 1252 4485 λέγων·
1279 4413 1358 4465 Δι’
1384 4411 1539 4483 ὑμᾶς
1567 4415 1632 4468 τὸ
1671 4416 1796 4471 ὄνο-

208 4498 287 4565 μά
319 4517 448 4568 μου
488 4501 939 4571 βλασφημεῖται
979 4505 1049 4558 ἐν
1088 4506 1211 4572 τοῖς
1256 4509 1516 4564 ἔθνεσιν.
1557 4513 1620 4566 El
1655 4513 1712 4567 δὲ
1743 4516 1794 4568 οἱ

214 4580 611 4652 θεραπεύοντες
639 4585 800 4640 αὑτὸν
827 4588 988 4641 αῐτιοι
1016 4589 1108 4643 τοῦ
1155 4590 1588 4665 βλασφημεῖσθαι
1630 4598 1793 4654 αὐτὸν

214 4679 476 4749 ἐγίνοντο,
514 4681 617 4735 ποῦ
648 4678 715 4754 ἦν
742 4684 1085 4755 θαυμαστόν;
1111 4687 1233 4741 Ὀτι
1258 4690 1356 4759 μὲν
1396 4690 1504 4763 γὰρ
1533 4695 1598 4764 τῇ
1631 4693 1789 4763 φύσει

216 4774 551 4849 θαυμαστὸν,
586 4779 761 4851 δῆλονο
796 4783 944 4853 παρὰ
976 4783 1033 4837 δὲ
1059 4784 1365 4853 ἀνθρώποις
1403 4789 1525 4843 τότε
1562 4792 1621 4844 οὐ
1657 4792 1789 4845 θαυ-

218 4876 421 4941 μαστὸν
470 4880 581 4941 τοῖς
634 4878 895 4943 πλείοσιν,
945 4880 1081 4935 ἀλλά
1145 4884 1238 4936 καὶ
1299 4884 1786 4959 εὐκαταφρόνητον.

227 4971 361 5026 Ἀλλ’
408 4975 530 5045 οὐχὶ
572 4973 669 5029 νῦν
715 4974 910 5039 οὕτως·
957 4977 1069 5031 ἀλλ’
1116 4979 1206 5033 ὅτε
1252 4982 1281 5033 6
1331 4983 1624 5054 μονογενὴς
1661 4985 1788 5050 Υἱὸς

214 5070 569 5141 παρεγένετο,
598 5073 874 5142 πανταχοῦ
931 5077 991 5127 τὸ
1040 5074 1209 5145 ὄνομα
1262 5077 1427 5131 αὐτοῦ
1478 5079 1787 5151 θαυμαστὸν

214 5165 350 5235 μετά
399 5165 495 5219 τοῦ
539 5167 797 5238 Χριστοῦ.
857 5169 999 5224 Ἀπὸ
1042 5171 1354 5227 ἀνατολῶν
1392 5173 1592 5243 ἡλίου,
1629 5178 1781 5249 φησὶ,

271 5330 295 5358 ⁸
332 5327 470 5378 Unus
491 5328 553 5377 τὰ
588 5330 845 5395 ἡττηθέντα
881 5333 1167 5395 χερσολέτας
1186 5349 1238 5383 τε
1257 5332 1524 5392 καλοῦντες.
1550 5338 1786 5395 Χερσολέ·

211 5401 304 5460 της.
332 5396 482 5460 ler_r_az
519 5397 745 5439 vastatur.
775 5392 1114 5460 Yox'hpndugn
1157 5394 1273 5460 mihi
1296 5399 1568 5460 obrsenata.
1609 5392 1783 5460 Neque

214 5450 372 5523 13111011
397 5449 515 5523 igeo
539 5454 915 5523 spernenda_es1
941 5456 1045 5523 haec;
1067 5455 1233 5523 lectiq.
1254 5457 1577 5523 Verisimilius
1596 5449 1783 5523 quipipe

216 5511 551 5583 vigglurpaqc
570 5511 758 5583 ‘vogem,
780 5521 950 5583 ρῐροιε
974 5521 1133 5563 minus
1152 5516 1375 5583 ugitagam
1389 5526 1441 5566 el
1462 5511 1784 5583 insoléuléin,

215 5572 474 5643 alibrafiis
500 5571 552 5622 in
592 5571 757 5643 aliam;
781 5571 1064 5643 familiarem
1088 5579 1321 5641 πορθητάς
1354 5588 1586 5631 mulalam
1612 5571 1782 5643 fuisse;

217 5643 352 5694 quam
394 5634 521 5699 hgnc
559 5637 842 5699 χερσολέτας
883 5640 1124 5687 inductam
1146 5634 1273 5687 (ἔδεε.
1302 5634 1419 5699 Quia
1451 5649 1612 5691 tamen
1657 5634 1785 5694 unué

218 5699 397 5769 ιεοιοω
436 5696 589 5769 hang;
605 5696 769 5755 habet,
793 5696 1601 5769 aitet-0mre11111§§mu_§{_Caeterum
1629 5706 1783 5769 Chry-

217 5762 469 5821 Iostomus,
490 5755 587 5809 etsi
614 5770 739 5821 raro,
754 5772 896 5810 voces
920 5761 1198 5824 hujusmodi
1232 5762 1448 5814 adhibet.

1398 334 1766 396 EXI’OSITIO
1806 342 1871 396 IN
1911 345 2242 406 PSALMUM
2275 352 2412 410 Vl".

3412 370 3519 427 £03

1936 463 2110 534 μέχρι
2142 468 2389 538 δυσμῶν
2426 470 2490 523 τὸ
2527 471 2713 540 ὄνομά
2731 490 2852 540 μου
2888 473 3245 540 δεδόξασται
3291 479 3361 532 ἐν
3390 483 3519 549 τοῖς

1937 554 2157 610 ἔθνεσι.
2185 560 2293 611 Καὶ
2319 562 2494 615 πάλιν·
2532 565 2628 616 Ἐν
2653 567 2829 618 παντὶ
2860 567 3021 634 τόπῳ
3043 569 3304 637 θυμίαμα
3331 588 3511 641 προσι-

1936 641 2134 711 άγεται
2166 645 2246 712 τῷ
2267 651 2512 718 ὀνόματί
2530 670 2674 721 μου,
2706 653 2803 707 καὶ
2836 656 3017 708 θυσία
3041 658 3284 724 καθαρά.
3318 659 3511 728 Ὑμεῖς

1934 735 2002 788 δὲ
2021 739 2353 802 ,βεϐηλοῦτε
2383 745 2548 796 αὐτό.
2582 745 2687 797 Καὶ
2717 744 2890 809 ἄλλος’
2932 747 3270 816 Ἑπληρώθη
3311 752 3341 815 ἡ
3361 752 3485 819 σύμ

1934 840 2101 880 πασα
2158 827 2232 897 γῆ
2274 829 2380 883 τοῦ
2429 830 2643 900 γνῶναι
2708 833 2815 886 τὸν
2867 833 3102 901 Κύρνον.
3166 839 3272 890 Καὶ
3322 839 3505 891 πάλινο

1936 916 2182 980 Ἦξουσι
2213 920 2511 990 λέγοντες
2539 923 2737 992 Ψευδῆ
2767 926 2820 977 οἱ
2848 926 3100 993 πατέρες
3131 927 3301 996 ἡμῶν
3333 929 3508 999 ἐκτή-

1933 1022 2123 1061 σαντο
2159 1009 2376 1065 εἴδωλα
2403 1012 2451 1066 δ.

2001 1099 2065 1168 β’.
2085 1100 2244 1172 Ὁρᾷς
2262 1105 2340 1157 ὅτι
2359 1106 2484 1175 περὶ
2510 1105 2602 1158 τοῦ
2621 1107 2750 1161 Υίοῦ
2765 1111 2832 1163 τὰ
2849 1113 2968 1182 είρη
2979 1111 3114 1181 μένα
3130 1113 3304 1167 πάντα
3325 1114 3470 1167 ἐστίν
3488 1132 3503 1180 ;

1927 1189 2101 1244 Αὑτοῦ
2123 1193 2231 1264 γὰρ
2253 1194 2560 1265 θαυμαστὸν
2591 1198 2652 1251 τὸ
2679 1198 2846 1270 ὄνομα
2871 1203 2930 1254 ἐν
2961 1205 3108 1275 πάσῃ
3130 1207 3195 1274 τῇ
3222 1207 3293 1275 γῇ
3320 1205 3502 1273 ἐγένε-

1926 1292 2005 1363 10.
2041 1278 2169 1331 Ὅτι
2198 1280 2426 1351 ἐπήρθη
2478 1286 2517 1352 ἡ
2564 1290 3040 1357 μεγαλοπρέπεια
3066 1308 3184 1347 σου
3230 1295 3507 1363 ὑπεράνω

1926 1361 2046 1417 τῶν
2093 1367 2383 1435 οὐρανῶν.
2440 1373 2649 1438 Ἀλλος,
2704 1378 2800 1444 ⁸ος
2858 1378 3075 1447 ἔταξας
3118 1382 3225 1435 τὸν
3253 1361 3503 1439 ἔπαινόν

1925 1471 2040 1548 σου
2084 1459 2356 1527 ὑπεράνω
2394 1460 2511 1517 τῶν
2536 1466 2824 1534 οἰωνῶν.
2866 1472 3079 1544 Ἐπειδὴ
3108 1475 3217 1547 γάρ
3256 1477 3358 1546 τῆς
3391 1478 3499 1548 γῆς

1924 1546 2312 1637 ἐμνημόνευσε,
2349 1553 2572 1622 μετάγει
2602 1556 2691 1611 τὸν
2719 1558 2874 1628 λόγον
2904 1562 2998 1615 καὶ
3023 1565 3114 1618 ἐπὶ
3138 1568 3229 1620 τὸν
3249 1546 3494 1637 οὐρανόν·

1921 1636 2055 1709 ὅπερ
2088 1638 2277 1695 εἴωθεν
2319 1644 2405 1697 ἀεὶ
2434 1650 2626 1713 ποιεῖν,
2658 1651 2837 1705 πᾶσαν
2878 1652 2977 1724 τὴν
3026 1636 3349 1728 οἰκουμένην
3379 1657 3495 1730 [79]

1918 1728 2133 1795 δεικνὺς
2168 1734 2521 1804 εὐφημοῦσαν
2554 1740 2644 1791 τὸν
2676 1742 2874 1813 ἑαυτῆς
2899 1746 3199 1818 Δεσπότην.
3229 1728 3401 1803 Τοῦτο
3435 1728 3498 1822 δή

1919 1821 2012 1875 καὶ
2043 1823 2279 1880 ἐνταῦθα
2298 1825 2510 1893 δεικνὺς
2530 1829 2701 1900 λέγει,
2721 1835 3047 1903 Θαυμαστὸν
3079 1839 3259 1905 κάτω,
3288 1821 3500 1910 θαυμαέ

1921 1912 2044 1965 στὸν
2076 1913 2208 1970 ἄνω.
2243 1917 2317 1968 Οὐ
2346 1918 2454 1990 γὰρ
2478 1919 2753 1992 ἄνθρωποι
2784 1926 2963 1996 μόνον.
2995 1928 3130 1982 ἀλλά
3157 1931 3254 1984 καὶ
3277 1931 3494 2000 ἄγγελοι

1918 2002 2145 2071 ὑμνοῦσι
2174 2005 2242 2060 τὰ
2268 2012 2628 2081 γεγενημένα,
2651 2014 2746 2066 καὶ
2774 2017 2913 2087 ὑπὲρ
2935 2018 3043 2073 τῶν
3076 2021 3153 2084 είς
3178 2020 3496 2093 ἀνθρώπους

1916 2093 2245 2165 εὐεργεσιῶν
2284 2100 2510 2172 χάριτας
2540 2104 2913 2175 ὁμολογοῦσιν·
2941 2110 2970 2163 ὃ
3001 2111 3066 2182 δὴ
3099 2112 3189 2166 καὶ
3233 2113 3495 2184 ἐποίησαν

1916 2187 1981 2239 ἐκ
2006 2190 2326 2259 προοιμίων,
2351 2191 2509 2264 χορὸν
2527 2196 2821 2265 στήσαντες
2842 2198 2934 2250 ἐπὶ
2952 2202 3051 2270 τῆς
3074 2198 3195 2267 γῆς.
3226 2202 3296 2254 Ἦ
3317 2203 3496 2256 τοίνυν

1913 2274 2071 2329 τοῦτο
2102 2278 2270 2347 λέγει,
2312 2282 2394 2335 ὅτι
2433 2285 2528 2338 καὶ
2571 2285 2792 2353 ἄγγελοι
2835 2287 3133 2360 ᾄδουσιν,ἢ
3166 2291 3226 2344 τὺ
3266 2292 3497 2360 μέγεθος

1856 2390 1871 2403 ι
1901 2366 2080 2450 ,αὐτοῦ
2110 2372 2455 2442 παραστῆσαι
2490 2373 2757 2443 βούλεται.
2785 2376 2952 2431 Ὅταν
2991 2380 3099 2451 γάρ
3133 2398 3187 2433 τι
3228 2381 3369 2452 μέγα
3411 2381 3496 2434 λέ-

1912 2473 2029 2527 γειν
2062 2458 2221 2532 ἐθέλῃ
2259 2465 2292 2534 ή
2336 2463 2548 2534 Γραφὴ,
2580 2466 2648 2519 τὰ
2681 2466 3021 2539 διαστήματα
3059 2470 3167 2524 τῶν
3214 2474 3494 2542 στοιχείων

1911 2550 2117 2605 τούτων
2145 2555 2225 2616 είς
2256 2554 2418 2624 μέσον
2440 2555 2581 2625 ἀγειο
2608 2558 2682 2621 ὼς
2702 2559 2829 2613 ὅταν
2853 2560 3007 2634 λέγῃ·
3037 2562 3197 2615 Κατὰ
3226 2564 3289 2616 τὸ
3332 2565 3492 2631 ὕψος

1911 2642 2018 2697 τοῦ
2051 2646 2311 2712 οὐρανοῦ
2345 2647 2462 2701 ἀπὸ
2497 2648 2603 2716 τῆς
2633 2650 2765 2719 γῆς.
2802 2653 2911 2707 Καὶ
2949 2654 3130 2708 πάλιψ
3164 2656 3303 2710 Καθ’
3340 2656 3490 2709 ὅσον

1911 2734 2248 2804 ἀπέχουσιν
2310 2740 2597 2795 ἀνατολαὶ
2660 2743 2777 2797 ἀπὸ
2834 2744 3102 2813 δυσμῶν.
3153 2746 3490 2814 ἐμὰκρυνεν

1910 2827 2010 2896 ἀφ’
2038 2829 2209 2898 ἡμῶν
2239 2832 2345 2896 τὰς
2371 2833 2622 2902 ἀνομίας
2656 2834 2842 2904 ἡμῶν.
2878 2835 3141 2890 Ἐνταῦθα
3181 2837 3356 2890 τοίνυν
3394 2840 3489 2891 ἐκ·

1910 2917 2203 2990 πλήττεται
2256 2922 2324 2976 τὰ
2369 2925 2730 2995 γεγενημένα,
2763 2926 2879 2991 πῶς
2915 2928 3141 2997 μεγάλα.
3173 2929 3288 2992 πῶς
3326 2930 3489 3000 ὑπέρ-

1907 3024 2065 3076 ογκα⁸
2089 3009 2187 3077 τὴν
2206 3010 2313 3083 γὰρ
2333 3013 2520 3067 οὐσίαν
2544 3014 2640 3086 τὴν
2662 3016 2875 3070 πάντων
2898 3019 3208 3088 κατωτέραν
3232 3020 3488 3088 ἀνωτέρω

1909 3101 2125 3156 πάντων
2165 3102 2369 3168 ἔταξεν.
2417 3106 2517 3160 Ἐκ
2557 3110 2855 3176 στόματος
2892 3110 3125 3178 νηπίων
3163 3111 3257 3164 καὶ
3304 3114 3486 3177 θηλα-

1908 3190 2124 3253 ζόντων
2170 3196 2505 3264 κατηρτίσω
2552 3194 2744 3253 αἶνον.
2782 3199 2992 3261 Ἄλλος,
3054 3201 3148 3254 Ἐκ
3189 3202 3486 3269 στόματος

1900 3286 2145 3355 ,βρεφῶν
2167 3288 2562 3355 ἐθεμελίωσας
2600 3289 2835 3357 κράτος.
2862 3291 3067 3355 Ἀλλυςο
3118 3292 3484 3360 Συνεστήσω

1908 3378 2110 3448 ἰσχύν.
2148 3379 2211 3431 Ὃ
2241 3378 2298 3431 δὲ
2326 3378 2472 3447 λέγει
2506 3378 2743 3433 τοιοῦτόν
2775 3381 2942 3445 ἐστιν,
2975 3381 3055 3434 ὅτι
3071 3381 3179 3450 Τὴν
3212 3380 3361 3452 ἰσχύν
3391 3399 3482 3434 σου

1907 3468 2154 3522 ἐντεῦθεν
2187 3468 2419 3539 μάλιστα
2459 3469 2688 3535 ἔδειξας,
2732 3471 2829 3540 τὴν
2863 3471 3091 3539 δύναμιν
3130 3474 3227 3541 τὴν
3274 3473 3483 3544 ἄμαχον

1904 3561 2152 3631 κινήσας,
2199 3561 2292 3615 καὶ
2344 3563 2442 3632 τὴν
2492 3561 2846 3632 ψελλίζουσαν
2904 3565 3148 3633 γλῶτταν
3203 3566 3337 3634 πρὸς
3384 3565 3482 3638 τὴν

1902 3649 2203 3720 δοξολογίαν
2220 3653 2432 3724 ἐκείνην
2458 3653 2760 3726 τρανώσας.
2804 3656 2924 3708 Τῶν
2950 3657 3058 3727 γὰρ
3082 3667 3104 3695 ο
3140 3657 3366 3710 παιδίων
3383 3655 3482 3728 τὴν

1904 3738 2227 3810 ὑμνολογίαν
2264 3741 2363 3812 τὴν
2398 3745 2455 3797 ἐν
2487 3743 2566 3814 τῷ
2609 3743 2738 3814 ἱερῷ
2769 3746 3085 3815 γενομένην,
3117 3748 3318 3816 ταύτην
3353 3764 3483 3817 προ⁴

1902 3836 2176 3900 αναφωνεῖ
2219 3833 2335 3887 νῦν.
2364 3836 2472 3888 Καὶ
2504 3835 2557 3888 τί
2599 3836 2797 3908 δήποτε
2834 3837 2903 3891 τά
2934 3837 3079 3895 ἄλλα.
3110 3836 3482 3908 παραδραμὼν

1905 3921 2176 3992 θαύματα,
2210 3924 2418 3996 νεκρῶν
2444 3927 2758 3989 ἀνάστασιν,
2796 3927 3013 3999 λεπρῶν
3042 3927 3330 3998 κάθαρσιν,
3361 3928 3479 3982 δαι-

1906 4018 2081 4087 μόνων
2114 4017 2312 4084 δίωξιν,
2341 4018 2434 4072 τοῦ
2471 4021 2579 4073 τῶν
2610 4022 2812 4075 παίδων
2848 4023 3119 4093 μέμνηται
3164 4023 3474 4093 θαύματος;

1904 4107 2025 4160 "011
2054 4109 2238 4159 ἐκεῖνα
2270 4109 2368 4178 μὲν
2398 4110 2492 4162 καὶ
2532 4110 2637 4181 πρὸ
2672 4112 2859 4165 τούτου
2888 4113 3098 4181 γέγονε,
3144 4114 3246 4167 xiv
3288 4115 3360 4183 μὴ
3389 4112 3479 4166 06-

1898 4215 2027 4261 τως,
2059 4196 2172 4251 ἀλλ’
2197 4197 2345 4267 ὅμως
2378 4200 2590 4267 γέγονε,
2629 4203 2720 4254 καὶ
2762 4197 2874 4273 εἶχέ
2913 4219 3034 4256 τινα
3085 4203 3387 4266 κοινωνίαν,
3429 4204 3478 4256 εί

1899 4291 1992 4343 καὶ
2044 4289 2118 4360 μὴ
2164 4288 2382 4360 τρόπον.
2436 4292 2545 4343 Καὶ
2594 4292 2702 4361 γὰρ
2748 4292 2937 4363 νεκρὸς
2964 4274 3185 4364 ’ἠγέρθη
3238 4295 3329 4347 ἐπὶ
3384 4292 3474 4346 τοῦ

1911 4378 2238 4442 Ἐλισσαίου,
2268 4381 2361 4433 καὶ
2391 4379 2586 4451 λεπρὸς
2619 4380 2972 4452 ἐκαθαρίσθη.
3003 4385 3094 4436 x011.
3125 4383 3330 4454 δαίμων
3354 4383 3479 4453 ἠλά-

1902 4470 1966 4542 θη
2008 4472 2100 4525 ἐπὶ¹
2133 4470 2227 4524 τοῦ
2265 4471 2445 4535 Δαυτδ,
2487 4473 2576 4524 ὅτε
2617 4473 2644 4524 6
2680 4472 2850 4526 Σαοὺλ
2895 4473 3168 4543 ἑδαιμόνα·
3221 4476 3379 4546 χορὸς
3419 4476 3476 4530 δὲ

1899 4561 2125 4615 παιδίων
2156 4562 2495 4632 θηλαζόντων
2522 4560 2882 4634 τότεπρῶτον
2908 4565 3221 4634 ἐφθέγξατο.
3250 4567 3359 4629 ”1ν”,
3381 4565 3474 4623 οὖν

1901 4652 1974 4723 μὴ
2006 4654 2331 4724 ἀναισχυντῇ
2381 4655 2409 4705 6
2463 4653 2733 4718 Ἰουδαῖος,
2767 4654 2939 4724 λέγων
2999 4658 3128 4728 περὶ
3170 4659 3276 4712 τῶν
3319 4660 3376 4712 ἐν
3406 4663 3470 4732 τῇ

1896 4746 2108 4818 Παλαιᾷ
2134 4746 2306 4800 ταῦτα
2336 4747 2606 4817 εἰρῆσθαι,
2634 4749 2923 4814 ἐπελέξατο
2943 4755 3165 4822 σημεῖον
3188 4754 3306 4807 τότε
3328 4756 3475 4826 πρῶ-

1893 4852 1985 4889 τον
2013 4838 2106 4891 καὶ
2139 4837 2297 4908 μόνον
2321 4839 2627 4910 γινόμενον.
2658 4841 2867 4906 Ἄλλως
2892 4843 2946 4895 δὲ
2969 4844 3062 4896 καὶ
3082 4844 3248 4909 τύπος
3272 4841 3339 4899 ἦν
3361 4847 3469 4901 τῶν

1893 4929 2204 4983 ἀποστόλων
2225 4930 2293 4984 τά
2317 4932 2597 5003 γινόμενα·
2629 4935 2721 4987 καὶ
2749 4935 2856 5009 γὰρ
2877 4930 3020 4988 οῦτοι
3050 4937 3232 5009 νήπιοι
3262 4938 3469 5008 σφόδρα

1891 5020 2063 5084 ὄντες,
2102 5022 2195 5074 καὶ
2223 5020 2330 5075 τῶν
2366 5023 2563 5093 ἰχθύων
2592 5024 2769 5078 αὐτῶν
2790 5027 3137 5098 ἀφωνότεροι,
3162 5029 3259 5098 τὴν
3290 5031 3467 5081 οἰκου-

1896 5113 2063 5183 μένην
2113 5113 2330 5168 ἀπασαν
2371 5116 2755 5187 ἐσαγήνευσαν.
2791 5118 2909 5171 ’Ότι
2940 5118 2995 5171 δὲ
3039 5119 3194 5171 τοῦτο
3236 5118 3465 5189 δύναμις

1891 5204 2024 5257 Θεοῦ
2051 5205 2283 5275 μάλιστὰ
2307 5209 2474 5271 ἐστιν,
2507 5209 2609 5280 ὅρα
2645 5210 2738 5262 καὶ
2766 5211 2822 5262 ἐν
2841 5214 2907 5281 τῇ
2930 5212 3140 5280 Παλαιᾷ
3162 5210 3316 5263 τοῦτο
3337 5215 3463 5282 περὶ

1887 5293 1980 5346 τοῦ
2029 5294 2242 5365 Πατρὺς
2285 5295 2448 5348 αὑτοῦ
2482 5296 2706 5365 λέγοντα
2745 5299 2834 5352 τὸν
2880 5304 3179 5371 προφήτην.
3224 5300 3312 5370 Τῷ
3352 5302 3464 5371 γὰρ

1890 5387 2114 5440 Μωῦσεί
2130 5388 2529 5459 διαλεγόμενος,
2550 5390 2702 5462 φησί’
2732 5393 2826 5458 Τίς
2856 5393 3104 5458 ἐποίησε
3139 5392 3464 5464 δύσκωφον

1948 5586 2192 5657 hleyem.
2210 5588 2408 5657 ᾕεουσιν
2427 5589 2531 5657 *ἀπ’
2567 5588 2778 5657 ἐσχάτου
2796 5594 3017 5657 τῆς-γῇς,
3040 5594 3121 5641 καὶ
3149 5590 3353 5657 ἐροῦσιν,
3397 5597 3464 5653 ὡς

1887 5649 2034 5712 ψευδῆ
2056 5649 2375 5705 ἀνεκτήσαντο
2397 5652 2442 5697 οι
2460 5649 2658 5757 πατέρες
2679 5651 2814 5719 ήμῶν
2836 5649 3029 5701 εἰδωλα.

1921 5711 1975 5756 με
2010 5708 2147 5757 Unus
2165 5711 2252 5757 τὴν
2275 5709 2482 5757 ἄναγον.
2517 5710 2584 5757 ἀπ
2631 5725 2718 5757 του
2740 5710 2825 5757 τήν
2845 5711 2999 5757 ἆωοον
3034 5715 3162 5757 ἢλιιί

1921 5711 1975 5780 ρξ
2000 5708 2147 5780 ⁸υημσ
2165 5711 2252 5780 τῂν
2265 5709 2482 5780 ἀμαχον,
2503 5708 2611 5780 ..ἀπὸ
2631 5708 2724 5780 τοῦ
2740 5710 2831 5780 τὴν
2845 5711 2999 5774 ἄωρον
3034 5715 3221 5771 ἠλικίαν
3239 5714 3359 5780 πρὸς
3377 5722 3462 5778 τὴν

2698 5771 2720 5782 υ
2820 5771 2831 5784 Ι

1891 5770 2160 5833 δοξολογίαν
2182 5770 2363 5828 ἐκείνην
2382 5770 2635 5832 τῳνῶσαι·
2661 5771 2756 5818 τῶν
2777 5771 2879 5833 γάρ.
