4068 6288
579 332 684 388 109

576 452 674 499 καί
740 442 963 510 κωφὸν.
1014 441 1328 506 βλέποντα
1377 443 1476 496 καὶ
1510 443 1780 511 τυφλόν;
1817 443 1925 496 Kal
1969 441 2150 495 πάλιν

575 535 787 601 Διδοὺς
824 533 1108 605 γλώσσας
1145 536 1364 604 τρανὰς
1391 536 1765 605 μογιλάλοις.
1808 537 1919 590 Kal
1969 537 2151 589 πάλιν·

575 631 791 699 Κύριος
817 628 1028 683 δίδωσί
1039 647 1140 698 μοι
1165 629 1455 698 γλῶσσαν
1475 629 1768 696 παιδείας,
1800 630 1904 684 τοῦ
1935 629 2154 699 γνῶναι

573 720 756 786 ἡνίκα
786 717 881 772 δεῖ
894 717 1083 772 εἰπεῖν
1107 720 1308 786 λόγον.
1339 719 1448 772 Kal
1469 719 1527 770 ἐν
1547 719 1686 789 ἀρχῇ
1713 719 1768 772 δέ
1801 735 1982 789 φησιν·
2013 717 2155 772 Δεῦ-

573 826 660 872 τε,
692 809 1052 876 καταϐάντες
1094 808 1442 878 συγχέωμεν
1471 810 1671 864 αὐτῶν
1711 810 1819 877 τὰς
1849 811 2152 880 γλώσσας.

575 900 805 970 Μεγάλη
839 901 1016 954 τοίνυν
1035 901 1129 954 καὶ
1159 901 1402 973 ίσχυράή
1438 901 1728 967 ἀπόδειξις.
1770 903 1891 956 Ἐπὶ
1923 904 2021 974 μὲν
2047 904 2153 977 γὰρ

576 991 683 1044 τῶν
718 991 913 1056 ἄλλων,
941 993 986 1044 εἰ
1012 992 1103 1044 καὶ
1135 991 1479 1063 παραλόγως,
1509 994 1657 1064 ὅμως
1685 991 2005 1048 ὑπώπτευόν
2033 1011 2153 1047 τινα

575 1079 715 1138 εἶναι
752 1083 1245 1154 ἀναισχυντοῦντες·
1291 1083 1526 1138 ἐνταῦθα
1559 1083 1614 1138 δὲ
1649 1083 1803 1138 οὐδὲν
1843 1097 1868 1126 α
1898 1081 2042 1155 εἶχον
2075 1087 2152 1137 εί-

575 1177 718 1239 πεῖν,
754 1175 926 1244 αὐτῆς
953 1175 1078 1228 καθ’
1105 1173 1300 1246 ἑαυτὴν
1334 1177 1432 1246 τῆς
1461 1177 1676 1244 φύσεως
1712 1177 1926 1247 γυμνῆς
1950 1178 2150 1246 ἀγωνι-

571 1266 827 1338 ζομένης.
857 1268 954 1321 Διά
980 1268 1045 1340 δὴ
1066 1265 1224 1321 τοῦτο
1244 1267 1362 1320 οὐδὲ
1385 1267 1570 1331 ἀπλῶς
1605 1264 1746 1332 εἷπε,
1771 1269 2036 1336 Νηπίων,
2068 1270 2154 1322 ἵνα

573 1362 649 1430 ,μή
699 1377 782 1424 τις
817 1362 942 1424 τοὺς
977 1360 1217 1424 ἀκάκους
1260 1359 1423 1414 αὐτὸν
1467 1361 1708 1424 καὶτοὺς
1751 1361 2152 1433 ἁπλουστέρους

575 1451 688 1524 180]
718 1452 897 1520 λέγειν
927 1453 1144 1525 νομίσῃ
1176 1451 1290 1506 ἀλλ’
1321 1454 1592 1523 ἐπήγαγε,
1619 1453 1728 1507 Καὶ
1752 1452 2148 1522 θηλαζόντων,

569 1547 638 1615 τῇ
681 1543 967 1616 προσθήκῃ
999 1543 1099 1613 τῆς
1134 1542 1413 1615 τραπέζης
1447 1544 1545 1614 τὴν
1572 1545 1790 1616 ἠλικίαν
1823 1545 2152 1616 χαρακτηρί-

572 1635 702 1700 ζων.
732 1636 843 1706 Οὐχ
867 1635 1051 1698 ἁπλῶς
1078 1635 1188 1708 γάρ
1213 1653 1368 1708 φησι,
1391 1636 1665 1704 Ἄήπίων,
1693 1636 1848 1702 ἀλλὰ,
1875 1637 1985 1690 τῶν
2015 1638 2149 1690 ὐπο-

574 1723 803 1796 μαζίων,
825 1726 930 1780 τῶν
953 1726 1220 1797 μηδέποτε
1248 1729 1471 1798 στερεᾶς
1493 1729 1696 1798 τροφῆς
1721 1727 2148 1799 μεταλαϐόντων.

571 1816 646 1870 Οὐ
675 1816 854 1871 τοίνυν
887 1818 1044 1871 τοῦτο
1074 1819 1232 1889 μόνον
1261 1820 1378 1872 ἐστὶ
1411 1821 1470 1874 τὸ
1497 1821 1830 1892 θαυμαστὸν,
1859 1824 1940 1875 ὅτι
1965 1822 2148 1895 φωνὴν

569 1915 810 1984 ἀφῆκαν,
843 1916 936 1968 καὶ
969 1915 1150 1986 φωνὴν
1180 1916 1612 1988 τετρανωμένην,
1649 1916 1762 1971 ἀλλ’
1794 1917 1876 1971 ὃτι
1916 1919 2010 1970 καὶ
2052 1936 2152 1988 μυο

572 2005 702 2076 ρίων
752 2005 1028 2076 γέμουσαν
1077 2007 1315 2074 ἀγαθῶν.
1371 2008 1551 2078 ’Ἀπερ
1605 2007 1714 2080 γὰρ
1769 2010 1816 2062 οί
1863 2008 2149 2062 ἀπόστολοι

568 2096 780 2149 οὐδέπω
803 2096 1021 2167 ᾔδεσαν,
1046 2097 1218 2151 ταῦτα
1244 2096 1313 2150 τά
1338 2098 1526 2152 παιδία
1549 2097 1770 2170 ῦμνουν.
1805 2099 1939 2152 Ἀπὸ
1958 2099 2149 2154 τούτου

568 2187 662 2239 καὶ
694 2187 880 2256 ἔτερόν
920 2205 972 2240 τι
1002 2188 1318 2251 αίνίττεται,
1347 2189 1409 2242 τὸ
1441 2189 1551 2242 δεῖν
1574 2191 1687 2252 τοῖς
1721 2189 1954 2260 δόγμασι
1984 2207 2152 2262 προσ-

569 2278 752 2342 ιόντας
795 2279 983 2332 παιδία
1033 2279 1280 2348 γίνεσθαι
1320 2283 1386 2353 τῇ
1417 2280 1642 2353 διανοίᾳ.
1679 2283 1776 2334 Ἂν
1803 2281 1911 2353 γὰρ
1945 2283 2019 2355 μή
2067 2300 2150 2347 τις

565 2369 788 2441 δέξηται
827 2371 924 2442 τὴν
953 2370 1228 2440 βασιλείαν
1257 2371 1364 2425 τῶν
1391 2372 1636 2443 οὐρανῶν
1679 2372 1755 2435 ὡς
1784 2373 2013 2439 παιδίον,
2046 2392 2152 2446 φη-

569 2461 677 2526 σὶν,
725 2462 786 2514 οὐ
816 2461 1039 2515 δύναται
1071 2463 1331 2516 εἰσελθεῖν
1374 2465 1454 2525 είς
1491 2465 1680 2536 αὐτήν.
1711 2466 1956 2520 Ἕνεκεν
1977 2465 2094 2521 τῶν
2121 2469 2149 2507 δ

564 2550 798 2620 ἐχθρῶν
823 2566 960 2606 σου.
985 2552 1148 2621 Λέγει
1167 2554 1262 2608 καὶ
1281 2553 1380 2625 τὴν
1403 2554 1580 2608 αἰτίαν
1601 2554 1667 2608 δι’
1693 2555 1761 2627 ἣν
1779 2555 1937 2611 τοῦτο
1961 2557 2149 2626 γέγονε

566 2643 629 2696 τὸ
659 2641 862 2714 θαῦμαο
902 2642 973 2696 τὰ
1007 2643 1104 2714 μὲν
1141 2643 1248 2717 γὰρ
1295 2644 1429 2698 ἄλλα
1459 2646 1520 2698 οὐ
1568 2645 1676 2700 τῶν
1707 2646 1914 2719 ἐχθρῶν
1965 2648 2150 2704 ἕνεκεν

567 2735 795 2803 ἐγίνετο,
825 2735 939 2790 ἀλλ’
962 2734 1102 2788 ὥστε
1136 2735 1461 2806 προσιόντας
1485 2736 1778 2791 ἀπολαύειν
1805 2739 2147 2812 εὐεργεσίας,

565 2829 658 2884 καὶ
691 2830 913 2900 ἐτέρους
956 2827 1333 2882 παιδεύεσθαι.
1362 2829 1534 2883 Τοῦτο
1574 2830 1629 2884 δὲ
1660 2831 1721 2884 οὐ
1753 2830 1843 2884 διά
1867 2831 2026 2886 τοῦτο
2054 2835 2147 2902 γέ-

561 2937 689 2989 γονε
753 2920 936 2991 μόνον,
994 2918 1110 2972 ἀλλ’
1168 2919 1311 2972 ὥστε
1365 2920 1460 2972 καὶ
1514 2921 1962 2992 ἐπιστομισθῆναι
2022 2923 2150 2989 τοὺς

563 3011 813 3082 ἐχθρούς⁸
849 3009 942 3074 οὒς
983 3011 1076 3064 καὶ
1111 3010 1298 3082 ἕτερος
1323 3021 1374 3075 ο,
1401 3012 1787 3086 ἀκριϐέστερον
1820 3015 2018 3079 αὐτοὺς
2054 3015 2150 3086 δη-

565 3105 696 3165 λῶν,
735 3105 889 3177 φησί·
921 3105 1024 3158 Διὰ
1056 3103 1197 3171 τοὺς
1235 3104 1679 3175 ἐνδεσμοῦντάς
1716 3123 1808 3162 σε.
1850 3107 2016 3162 Αὐτοὶ
2040 3108 2148 3181 γάρ

563 3192 704 3268 ἦσαν
724 3197 986 3268 δήσαντες
1019 3197 1178 3250 αὐτὸν
1219 3197 1311 3250 ἐπὶ
1336 3196 1426 3250 τὸν
1461 3198 1692 3271 σταυρὸν
1714 3199 2000 3271 ἀγόμενον.
2035 3203 2148 3258 Τοῦ

564 3287 901 3344 καταλῦσαι
932 3287 1150 3356 ἐχθρὸν
1195 3288 1292 3342 καὶ
1334 3287 1680 3358 ἐκδικητήν.
1713 3290 1924 3356 ¹Ἀλλοςο
1959 3294 2150 3349 ’Ὠστε

565 3380 797 3433 παῦσαι
826 3378 1063 3447 ἐχθρὸν,
1099 3377 1197 3433 καί
1237 3379 1602 3448 τιμωροῦντα
1641 3379 1853 3448 ἐαυτῷ,
1885 3383 1976 3436 τὸν
2019 3385 2149 3439 λαὸν

565 3471 658 3524 τὸν
693 3470 982 3524 Ἰουδαϊκὸν
1011 3471 1244 3524 ἐνταῦθα
1271 3471 1464 3540 λέγων.
1495 3473 1765 3527 Ἧλαυνον
1805 3475 1905 3546 μὲν
1937 3475 2045 3548 γὰρ
2074 3476 2149 3541 ώς

567 3561 760 3632 ἐχθρδν
789 3563 878 3615 τὸν
900 3563 1150 3634 Χριστδν,
1177 3563 1595 3633 προσεποιοῦντο
1616 3567 1672 3619 δὲ
1699 3566 1788 3621 τὸν
1822 3568 2030 3640 πατέρα
2053 3570 2148 3622 ἐκ·

567 3653 845 3718 δικοῦντες
867 3654 1026 3707 τοῦτο
1049 3658 1239 3708 ποιεῖν.
1264 3655 1364 3710 Διά
1391 3655 1548 3710 τοῦτο
1569 3657 1770 3730 ταύτης
1791 3659 1986 3723 αὐτοὺς
2018 3662 2150 3714 ἀπο-

571 3743 778 3815 στερῶν
828 3744 927 3816 τῆς
973 3744 1287 3814 ἀπολογίας,
1335 3745 1538 3815 ἔλεγεν·
1581 3748 1636 3800 Ὁ
1664 3747 1769 3817 ἐμὲ
1795 3747 2012 3818 μισῶν,
2049 3751 2149 3804 καὶ

567 3837 677 3892 τὸν
704 3837 935 3905 Πατέρα
954 3855 1072 3907 μου
1095 3838 1280 3907 μισεῖ·
1315 3838 1408 3892 καὶ
1437 3839 1617 3893 πάλιν·
1659 3841 1714 3893 '0
1739 3842 2038 3895 πιστεύων
2064 3845 2152 3910 είς

566 3929 694 4001 ἐμὲ,
727 3931 996 3984 πιστεύει
1024 3933 1110 3996 είς
1132 3929 1241 3984 τὸν
1271 3929 1593 4000 πέμψαντά
1610 3949 1707 4001 με·
1735 3932 1847 3986 ἀνω
1873 3934 1967 3986 καὶ
1999 3934 2150 3988 κάτω

571 4023 858 4078 συνάπτων
885 4025 951 4094 τῇ
976 4022 1113 4094 πρὸς
1146 4023 1337 4076 ἐαυτὸν
1373 4026 1506 4096 τιμῇ
1539 4023 1632 4078 καὶ
1668 4023 1822 4097 ῦϐρει
1854 4025 1944 4079 τὸν
1977 4025 2152 4080 Πατέ-

569 4133 658 4189 ρα.
689 4116 797 4169 Καὶ
821 4116 924 4188 δρα
963 4114 1059 4187 τὴν
1089 4114 1374 4187 ἀκρίϐειαν
1403 4114 1496 4169 τοῦ
1525 4116 1831 4186 Προφήτου.
1865 4117 1978 4170 Οὐκ
2007 4114 2149 4183 εἷπε,

569 4209 676 4265 Τοῦ
701 4210 949 4275 κολάσαι,
985 4207 1142 4274 ἀλλὰ,
1181 4207 1293 4265 Τοῦ
1326 4208 1682 4264 καταλῦσαι·
1705 4209 1842 4281 ὅπερ
1893 4210 1922 4262 ὁ
1967 4209 2151 4282 ἕτερος

572 4304 911 4375 σαφέστερον
955 4301 1123 4374 δηλοῖ,
1156 4300 1351 4371 λέγων,
1388 4302 1498 4356 Τοῦ
1531 4301 1761 4356 παῦσαι
1782 4301 1832 4367 ἀ,
1878 4303 2147 4370 τουτέστι,

568 4397 668 4466 τὴν
716 4397 1096 4467 ἀναισχυντίαν
1145 4398 1324 4451 αὐτῶν
1383 4397 1610 4461 ἀνελεῖν,
1661 4398 1722 4450 οὐ
1766 4397 1862 4452 τοῦ
1920 4398 2149 4465 διδάξαι·

571 4487 871 4560 ἀδιόρθωτα
897 4489 1006 4560 γὰρ
1037 4490 1274 4544 ἐνόσουν.
1312 4490 1578 4562 Ὀρῶντες
1599 4489 1728 4560 γοῦν
1757 4492 1995 4548 τοιοῦτον
2017 4493 2149 4548 θαῦ-

572 4599 672 4654 μα,
713 4581 808 4634 καὶ
866 4581 1031 4652 μηδὲν
1084 4580 1295 4651 ἔχοντες
1340 4581 1634 4650 ἀντειπεῖν,
1665 4583 1802 4656 πρὸς
1841 4585 2006 4638 αὐτὸν
2047 4589 2150 4640 ἐπ-

569 4674 893 4746 εστρέφοντο
916 4673 1181 4742 λέγοντες·
1220 4678 1342 4730 Οὐκ
1378 4675 1615 4741 ἀκούεις
1651 4677 1709 4730 τί
1744 4671 1909 4733 οὗτοι
1935 4677 2147 4749 λέγου-

569 4781 634 4822 σι
661 4783 679 4830 ;
707 4767 836 4822 Δέον
861 4767 1045 4822 λοιπὸν
1071 4770 1442 4840 προσκυνῆσαι
1471 4771 1565 4823 καὶ
1599 4771 1896 4842 θαυμάσαι,
1924 4773 1972 4825 οἱ
2006 4771 2062 4824 δὲ
2095 4775 2150 4826 ὲν

569 4859 851 4932 ἀμηχανίᾳ
877 4855 1018 4931 ἦσαν
1049 4861 1239 4933 πολλῇ,
1263 4862 1356 4916 καὶ
1375 4861 1677 4931 ὀφείλοντες
1699 4863 1948 4936 ἀλλήλοις
1971 4863 2150 4934 λέγειν

568 4952 798 5014 ἕκαστος
828 4951 906 5022 τῷ
933 4951 1179 5022 πλησίον,
1211 4952 1324 5005 Οὐκ
1345 4951 1563 5015 ἀκούεις
1592 4952 1643 5004 τί
1678 4946 1824 5006 οὗτοι
1863 4953 2146 5022 λέγουσιν;

569 5044 800 5115 ἀφέντες
831 5044 1058 5106 ἐαδτοὺς
1074 5042 1150 5114 τῷ
1175 5041 1394 5114 Χριστῷ
1416 5042 1620 5111 ἔλεγον.
1645 5043 1756 5096 Kal
1792 5043 1935 5108 τίνος
1960 5045 2148 5098 ἕνεκεν

569 5136 668 5190 οὐκ
723 5134 972 5206 ἀγγέλων
1011 5133 1212 5205 ἠνέχθη
1261 5135 1449 5205 φωνή;
1495 5133 1617 5186 Ὅτι
1655 5135 1830 5188 ἐκεῖνο
1876 5134 1974 5206 μὲν
2018 5137 2152 5206 φάν-

632 5333 659 5361 ⁸
693 5331 828 5381 Unus
849 5333 889 5380 εί
912 5331 993 5379 καὶ
1028 5328 1368 5391 ἠναισχύντουν
1408 5327 1750 5384 ὑποπτεύοντές
1779 5345 1884 5377 τινα
1902 5329 2151 5387 ὑπόκρισιν

572 5395 707 5448 εἶναι,
731 5393 928 5442 ἐνταῦθα
949 5394 1102 5441 οὐδέν.

635 5457 662 5493 b
695 5455 825 5503 [fans
847 5457 902 5503 οὐ
929 5457 1120 5504 δύναται
1138 5452 1295 5515 τυχεῖν
1327 5451 1423 5499 τῶν
1458 5451 1812 5514 ἐπηγγελμένων
1840 5452 2150 5515 ἀγαθῶνοένε-

571 5531 652 5563 κεν
675 5532 785 5562 των.

636 5577 817 5640 εμκρς.
861 5576 964 5640 εἶτα
1005 5579 1178 5640 ἔτερος.
1206 5577 1295 5626 Hic
1318 5577 1567 5640 interprefs
1592 5579 1788 5640 ιιοῑειιιι·
1815 5577 1875 5623 Θ.
1905 5577 1954 5624 in
1983 5576 2151 5640 quice

574 5636 859 5688 Burherino.
883 5638 981 5685 δραι
1007 5636 1103 5688 dub
1127 5653 1240 5688 mss.
1267 5640 1390 5687 hanc
1417 5636 1676 5684 lectionem
1701 5638 1892 5697 Aquilae
1912 5645 1965 5686 et
1989 5638 2151 5688 Theo-

576 5699 761 5748 dolioni
794 5699 1097 5756 adscribunt.
1122 5707 1176 5749 ut
1198 5702 1364 5748 rideas
1389 5700 1436 5747 in
1462 5699 1696 5757 Hexaplis
1715 5708 1913 5748 nosms.

636 5757 668 5800 (ι
703 5761 754 5810 In
778 5759 1014 5822 Hem-piis
1037 5764 1214 5812 nostris
1238 5763 1338 5813 hac
1364 5762 1512 5811 lectio
1535 5758 1726 5821 Aquila:
1749 5758 1998 5810 tribuitur.

1163 328 1221 384 Β.
1263 326 1554 385 JOANNIS
1608 325 2101 384 CHRYSOSTOMI
2139 325 2463 383 ARCHIEP.
2501 327 3054 386 CONSTANTINOP.

3739 329 3847 385 HO

2261 458 2446 512 τασμα
2477 444 2661 506 αὐτοῖς
2701 443 2876 510 ἔδοξεν
2915 444 2983 498 ἀν
3019 441 3178 497 εἶναι·
3213 443 3348 515 πρὸς
3383 443 3542 497 τοῦτο
3581 441 3643 498 δὲ
3685 444 3852 500 οὐδέν

2256 529 2403 604 εἶχον
2436 537 2732 588 ἀντειπεῖν.
2754 536 2820 587 Τί
2845 535 2899 588 δὲ
2934 535 3118 603 ελεγον
3146 535 3217 588 τά
3243 535 3429 590 παιδία
3453 554 3466 599 ;
3499 536 3667 590 Οὐδὲν
3701 553 3849 608 φορ⁶

2257 625 2430 688 τικὺν,
2456 627 2576 681 οὐδὲ
2609 626 2865 698 ἐπαχθὲς,
2893 627 3012 680 οὐδὲ
3043 628 3228 681 ἱκανὸν
3249 627 3445 690 αὐτοὺς
3463 626 3683 698 πλῆξαι,
3707 627 3858 682 ἀλλὰ

2261 718 2496 786 μάλιστα
2527 720 2625 790 τὴν
2647 719 2965 790 συμφωνίαν
2987 719 3084 790 τὴν
3104 720 3240 792 πρὸς
3261 719 3352 774 τὸν
3373 720 3593 792 Πατέρα
3621 720 3849 790 δηλοῦν.

2257 813 2702 882 Εὐλογημένος,
2752 813 2955 883 ελεγον,
3009 817 3043 868 ό
3089 814 3414 882 ἐρχόμενος
3475 812 3546 866 ἐν
3591 814 3848 884 ὀνόματι

2253 905 2498 972 Κυρίου.

2327 1066 2394 1134 γ’.
2413 1067 2542 1120 Τότε
2564 1069 2663 1138 μὲν
2677 1065 2768 1123 οὖν
2782 1071 3074 1124 κατέλυσεν
3085 1070 3266 1124 αὐτῶν
3281 1071 3380 1141 τὴν
3391 1071 3776 1142 ἀναισχυντίαν
3791 1086 3856 1137 ⁸.

2258 1151 2483 1226 ὕστερον
2513 1155 2568 1208 δὲ
2601 1156 2774 1220 πόλιν,
2807 1158 2900 1211 καὶ
2935 1157 3098 1230 μέρος
3122 1157 3274 1212 οὐδέν
3307 1160 3423 1212 ἐστι
3462 1160 3558 1231 τῆς
3586 1161 3856 1231 οἰκουμέ-

2257 1259 2354 1310 νης
2394 1243 2503 1296 τῶν
2542 1245 2846 1298 Ἰουδαϊκῶν
2875 1245 3100 1317 ἄπειρον
3135 1247 3448 1318 συμφορῶν·
3503 1247 3616 1301 ἀλλ’
3650 1248 3858 1319 ὥσπερ

2258 1333 2416 1404 σῶμα
2451 1335 2748 1408 ἀνάπηρον,
2783 1336 3057 1406 πανταχοῦ
3081 1336 3396 1396 διαδέδοται.
3439 1336 3506 1390 τὰ
3546 1337 3859 1407 τραύματα.

2255 1423 2716 1495 ἐπιδεικνύμενον
2744 1425 2834 1478 καὶ
2859 1425 3107 1496 καθάπερ
3136 1425 3185 1478 οἱ
3205 1425 3454 1478 δικασταὶ
3483 1423 3708 1488 πολλοὺς
3730 1423 3858 1478 τῶν

2254 1511 2593 1582 ἀνδροφόνων
2620 1514 2840 1568 ἐπειδὰν
2866 1514 3145 1579 ἀνέλωσιν,
3169 1513 3264 1566 ἕνα
3296 1514 3852 1578 ἀνασκολοπίζουσιν,

2255 1596 2341 1649 ἵνα
2363 1599 2456 1651 καὶ
2476 1599 2911 1670 τελευτησάντων
2923 1600 3122 1664 αὐτῶν,
3144 1599 3256 1673 [81]
3273 1599 3459 1672 ῶσπερ
3476 1601 3667 1654 νεωστὶ
3686 1618 3856 1670 γεγε-

2254 1686 2485 1756 νημένον
2505 1687 2565 1740 τὸ
2583 1687 2752 1750 πάθος
2779 1688 3082 1760 σωφρονίζῃ
3106 1689 3230 1751 τοὺς
3251 1688 3478 1753 ζῶντας·
3496 1690 3635 1742 οῦτω
3657 1689 3718 1760 δὴ
3741 1691 3851 1743 καὶ

2253 1773 2486 1828 ἐνταῦθα
2513 1777 2572 1829 οὐ
2608 1776 3054 1846 τελευτήσαντας,
3083 1776 3220 1832 ἀλλὰ
3251 1775 3457 1841 ζῶντας
3487 1777 3852 1847 παράδειγμα

2253 1863 2422 1915 πᾶσιν
2445 1862 2688 1935 ἐποίησε,
2711 1863 3033 1936 διασπείρας
3059 1863 3276 1928 αὐτούς’
3305 1864 3397 1917 καὶ
3414 1864 3462 1917 οἱ
3485 1865 3611 1935 μίαν
3635 1863 3855 1918 οἰκοῦν-

2247 1966 2340 2013 τες
2364 1949 2570 2020 χώραν,
2596 1950 2689 2004 νῦν
2723 1951 2998 2022 πανταχοῦ
3033 1951 3131 2022 τῆς
3159 1951 3262 2021 γῆς
3290 1953 3395 2005 είσι
3421 1951 3840 2022 διεσπαρμένοι.

2250 2037 2371 2089 Κᾶν
2400 2038 2682 2111 ἐρωτήσῃς
2705 2037 2802 2109 τὴν
2826 2039 3025 2102 αἰτίαν,
3053 2037 3316 2108 οὐδεμίαν
3351 2038 3518 2109 ἀλλην
3549 2039 3839 2109 εὑρήσεις,

2250 2122 2364 2176 ἀλλ’
2395 2124 2513 2196 ῆτὸ
2547 2126 2858 2198 σταυρῶσαι
2882 2127 2973 2181 τὸν
3006 2125 3260 2198 Χριστόν.
3293 2124 3392 2179 Διά
3411 2125 3460 2178 τί
3494 2125 3602 2196 γὰρ
3640 2125 3850 2193 οὕτως,

2252 2213 2372 2266 εἰπέ
2397 2231 2508 2284 μοι,
2537 2213 2693 2267 τοῦτο
2716 2215 2789 2287 μὴ
2817 2215 3072 2284 γέγονεν;
3113 2215 3252 2266 Ἀλλ’
3279 2215 3327 2267 εί
3353 2214 3446 2267 καὶ
3467 2213 3654 2283 γέγονέ
3678 2231 3846 2279 ποτε,

2250 2303 2330 2366 είς
2367 2301 2519 2364 ἔθνος
2561 2301 2619 2356 ἒν
2665 2303 3074 2375 ἀφωρίσθησαν,
3119 2303 3212 2356 καὶ
3253 2303 3344 2355 ἐπὶ
3384 2301 3560 2356 ἐτεσιν
3609 2301 3848 2369 ὀλίγοιςο

2250 2390 2367 2442 νυνὶ
2402 2389 2458 2442 δὲ
2495 2389 2593 2460 οὐχ
2629 2388 2820 2456 οὕτως,
2869 2389 2984 2444 ἀλλ’
3019 2388 3300 2460 ἀπέραντα
3340 2388 3676 2451 κολάζονται.
3712 2389 3852 2442 Κᾶν

2248 2477 2532 2548 ἐρωτήσῃς
2571 2477 2790 2540 αὐτοὺς,
2826 2475 2926 2530 Διά
2957 2476 3009 2530 τί
3033 2475 3417 2548 ἐσταυρώσατε
3445 2475 3535 2529 τὸν
3563 2475 3798 2546 Χριστόν
3825 2494 3846 2542 ;

2249 2563 2516 2633 λέγουσιν,
2559 2565 2646 2628 Ὠς
2666 2565 2863 2619 πλάνον
2901 2565 2996 2620 καὶ
3028 2565 3200 2636 γόητα
3227 2565 3377 2618 ὄντα.
3421 2562 3631 2618 Οὐκοῦν
3686 2563 3845 2636 ὑπὲρ

2249 2652 2436 2708 τούτου
2486 2653 2781 2725 τιμηθῆναι
2833 2654 2962 2718 ἔδει,
3001 2653 3097 2707 ual
3129 2653 3354 2707 πλείονα
3385 2651 3570 2724 χώραν
3594 2651 3850 2723 προσλα-

2245 2741 2385 2808 ϐεῖν,
2405 2741 2480 2806 ὡς
2503 2741 2805 2812 ἀρέσαντας
2829 2741 2908 2812 τῷ
2929 2741 3069 2814 Θεῷ.
3106 2743 3164 2795 '0
3188 2739 3298 2812 γὰρ
3326 2739 3524 2794 πλάνον
3551 2739 3646 2793 καὶ
3661 2738 3851 2809 γόητα.

2249 2830 2342 2885 καὶ
2381 2829 2623 2884 ἀντίθεον
2650 2829 2876 2893 ἀνελὼν,
2907 2830 3100 2901 ἐχθρὸν
3143 2829 3240 2884 τοῦ
3279 2827 3418 2882 Θεοῦ
3459 2828 3659 2883 άνεῖλε’
3705 2828 3735 2880 ό
3771 2825 3849 2880 δὲ

2249 2917 2442 2990 ἐχθρὸν
2473 2916 2697 2985 ἀνελὼν,
2725 2918 3028 2988 εὐδοκιμεῖν
3067 2916 3134 2971 ἂν
3178 2917 3264 2988 εἴη
3293 2916 3520 2980 δίκαιος.
3554 2913 3668 2968 Νῦν
3711 2913 3770 2968 δέ
3803 2916 3851 2968 ὁ

2253 3005 2351 3077 μὲν
2376 3005 2578 3069 Φινεὲς,
2611 3007 2698 3060 ἵνα
2729 3006 2859 3078 μίαν
2895 3005 3061 3078 ἀνέλῃ
3099 3006 3323 3078 πόρνην,
3351 3003 3524 3066 οὕτως
3544 3002 3849 3075 εὐδοκίμη-

2251 3109 2310 3146 σε
2342 3092 2489 3165 παρά
2530 3091 2607 3164 τῷ
2645 3093 2784 3164 Θεῷ,
2810 3093 2886 3156 ώς
2919 3093 3013 3147 καὶ
3047 3091 3342 3165 ἱερωσύνης
3387 3091 3705 3162 ἀξιωθῆναι,
3738 3091 3848 3144 καὶ

2247 3179 2516 3249 τοσαύτης
2547 3182 2732 3252 τιμῆς·
2771 3180 2926 3257 ὑμεῖς
2946 3178 3024 3240 δὲ,
3047 3180 3097 3233 οἱ
3123 3178 3321 3250 μᾶλλον
3355 3177 3564 3233 ἐκείνου
3593 3177 3854 3247 ὀφείλον-

2249 3284 2336 3330 τες
2369 3267 2674 3338 εὐδοκιμεῖν
2711 3266 2911 3338 πολλῷ,
2942 3266 3058 3335 εἴγε
3093 3265 3293 3320 πλάνον
3329 3265 3589 3328 ἀνείλετε,
3634 3265 3853 3334 ἀλῆται

2249 3354 2344 3408 καὶ
2384 3355 2637 3418 ἀπόλιδες
2664 3354 2956 3426 περιάγετε
2987 3353 3282 3425 πανταχοῦ.
3315 3353 3478 3406 Ὥστε
3508 3352 3570 3406 οὐ
3603 3350 3671 3407 δι’
3703 3351 3852 3406 ἄλλο

2247 3461 2302 3496 τι
2324 3441 2499 3496 ταῦτα
2529 3442 2854 3504 πεπόνθατε,
2891 3441 3007 3496 ἀλλ’
3033 3443 3067 3513 ἦ
3093 3443 3175 3495 ὅτι
3213 3440 3524 3516 προστάτην
3562 3441 3654 3496 καὶ
3676 3441 3852 3510 εὐερ-

2247 3530 2413 3601 γέτην
2443 3530 2536 3584 καὶ
2557 3529 2812 3602 ἀληθείας
2838 3528 3155 3584 διδάσκαλον
3187 3526 3590 3600 ἐσταυρώσατε.
3626 3529 3687 3581 Εἰ
3721 3529 3848 3601 γὰρ

2248 3621 2448 3685 πλάνος
2472 3617 2539 3693 ἦν
2575 3620 2666 3674 καὶ
2693 3619 2955 3684 ἀντίθεος,
2988 3619 3102 3684 καὶ,
3144 3619 3219 3692 μὴ
3255 3618 3330 3673 ὣν
3359 3618 3510 3682 Θεὸς,
3539 3618 3668 3680 Θεὸς
3692 3615 3849 3673 εἶναι

2248 3708 2520 3773 ἐϐούλετο,
2551 3709 2647 3762 καὶ
2695 3707 2758 3761 τὸ
2797 3708 2892 3761 τοῦ
2929 3707 3143 3779 Πατρὸς
3177 3706 3342 3771 σέϐας
3385 3707 3465 3769 εἰς
3493 3706 3685 3759 ἐαυτὸν
3734 3709 3852 3759 ἐπ-

2249 3798 2472 3860 εσπᾶτο,
2507 3793 2713 3850 καὶτοῦ
2742 3795 2945 3860 Φινεὲς,
2969 3794 3175 3849 καὶτοῦ
3199 3793 3472 3866 Σαμουὴλ,
3496 3794 3589 3847 καὶ
3614 3793 3849 3848 πάντων

2251 3884 2474 3938 ἐκείνων
2532 3883 2730 3956 μᾶλλον
2779 3885 2922 3955 ὑμᾶς
2973 3883 3328 3954 εὐδοκιμῆσαι
3390 3883 3517 3949 ἔδει,
3576 3880 3850 3937 τοσοῦτον

2251 3974 2390 4046 ὑπὲρ
2413 3973 2506 4027 τοῦ
2537 3973 2697 4045 νόμου
2727 3971 3095 4045 ζηλώσαντας.
3120 3971 3258 4026 Νυνὶ
3279 3972 3359 4036 δὲ,
3379 3971 3414 4026 ἀ
3445 3970 3708 4042 μηδέποτε
3739 3987 3849 4023 πε-

2255 4063 2488 4116 πόνθατε
2518 4059 3048 4132 εἰδωλολατροῦντες,
3079 4060 3423 4124 ἀσεϐοῦντες,
3460 4061 3655 4122 παῖδας
3695 4059 3849 4128 σφά-

2254 4149 2457 4216 ζοντες,
2486 4150 2661 4204 ταῦτα
2683 4149 2984 4203 πεπόνθατε
3013 4149 3129 4214 νῦν,
3167 4149 3261 4203 καὶ
3290 4147 3442 4211 λύσις
3466 4147 3687 4218 οὐδεμία
3718 4147 3847 4201 τῶν

2251 4239 2458 4305 δεινῶν,
2487 4237 2581 4291 καὶ
2609 4236 2804 4307 ἀλῆται
2850 4237 2942 4290 καὶ
2983 4236 3220 4306 φυγάδες
3255 4237 3349 4288 καὶ
3389 4235 3577 4288 πλάνοι
3625 4233 3720 4288 καὶ
3751 4236 3851 4289 νό-

2255 4343 2376 4398 μοις
2421 4323 2705 4396 Ῥωμαίων
2730 4323 3093 4390 δουλεύοντες,
3129 4322 3455 4394 μετέρχεσθε
3484 4323 3585 4394 γῆν
3611 4324 3704 4375 καὶ
3735 4322 3849 4376 θά-

2252 4412 2469 4476 λατταν,
2533 4411 2862 4483 μετανάσται
2920 4413 3016 4465 καὶ
3070 4411 3340 4475 ἀπόλιδες,
3387 4412 3561 4464 ἄοικοι
3613 4411 3708 4463 καὶ
3750 4411 3853 4477 ἐξ-

2251 4499 2760 4574 ηνδραποδισμένοι,
2783 4499 3098 4569 ἐλευθερίας
3129 4499 3222 4552 καὶ
3251 4498 3507 4570 πατρίδος
3551 4499 3646 4551 καὶ
3676 4500 3854 4570 ἱερωο

2255 4589 2418 4659 σύνης
2441 4589 2532 4640 καὶ
2551 4587 2766 4640 πάντων
2788 4585 2895 4639 τῶν
2918 4585 3109 4659 πρώην
3134 4585 3544 4657 ἐκϐεϐλημένοι,
3569 4586 3626 4639 ἐν
3645 4585 3850 4657 μέσοις

2254 4677 2549 4750 βαρϐάροις
2585 4679 2680 4731 καὶ
2724 4677 2936 4748 μυρίοις
2977 4675 3154 4729 ἔθνεσι
3192 4675 3602 4746 διεσπαρμένοι,
3651 4675 3856 4744 μισού-

2255 4785 2406 4838 μενοι
2435 4765 2586 4836 παρά
2623 4765 2846 4820 πάντων
2885 4764 3206 4838 ἀνθρώπων,
3242 4763 3506 4835 βδελυροὶ,
3539 4764 3633 4818 καὶ
3664 4764 3852 4817 πᾶσιν

2252 4859 2332 4920 είς
2378 4858 2438 4910 τὸ
2463 4855 2648 4919 κακῶς
2691 4854 2881 4908 παθεῖν
2912 4853 3282 4926 προκείμενοι.
3317 4853 3466 4906 Πάνυ
3499 4868 3583 4920 γε·
3633 4853 3694 4904 οὐ
3726 4851 3854 4924 γὰρ

2252 4945 2474 4999 ἐλάϐετε
2503 4943 2570 4998 τὰ
2597 4941 2826 5006 ἔπαθλα,
2862 4943 2944 4995 ὅτι
2972 4942 3066 4995 τοῦ
3092 4941 3226 4995 Θεοῦ
3253 4941 3343 4994 τὸν
3368 4939 3564 5012 ἐχθρὸν
3593 4939 3851 5008 ἐσφάξα-

2252 5053 2331 5093 τε·
2363 5037 2529 5107 μανία
2559 5035 2732 5089 ταῦτα
2763 5035 2855 5088 καὶ
2888 5033 3071 5106 λῆρος.
3111 5033 3176 5085 'A
3202 5031 3309 5104 γὰρ
3347 5031 3584 5101 πάσχετε
3618 5031 3735 5093 νῦν,
3777 5034 3856 5086 οὐ

2252 5127 2358 5180 τῶν
2391 5126 2618 5198 ἐχθροὺς
2647 5124 2740 5177 τοῦ
2783 5123 2918 5176 Θεοῦ
2955 5121 3321 5194 ἀναιρούντων
3351 5123 3518 5182 ἐστὶν,
3557 5118 3694 5172 ἀλλά
3729 5121 3855 5174 τῶν

2253 5216 2438 5286 φίλους
2470 5215 2873 5285 διαχρωμένων.
2923 5211 3082 5273 Ἀλλ’,
3115 5205 3159 5264 ὦ
3190 5211 3325 5273 ’τᾶν,
3365 5207 3538 5261 ταῦτα
3583 5209 3642 5261 οὐ
3684 5208 3856 5276 λέγο-

2255 5322 2375 5376 μεν,
2409 5303 2542 5374 φασί
2566 5301 2609 5341 ί·
2635 5301 2724 5355 διὰ
2747 5303 2845 5364 τάς
2881 5301 3155 5370 ἁμαρτίας
3193 5297 3364 5352 ταῦτα
3388 5297 3690 5368 πάσχομεν.
3722 5298 3854 5350 Νῦν

2253 5389 2662 5465 ἐξομολογεῖσθε
2695 5391 2744 5443 οἱ
2775 5388 3052 5455 ἀπειθεῖς;
3089 5386 3185 5440 καὶ
3225 5387 3381 5449 ποίας
3417 5387 3730 5456 ἀμαρτίας;
3765 5388 3856 5440 εἰ-

2321 5583 2343 5610 ε
2368 5570 2486 5619 Post
2528 5564 2870 5629 ἀναισχυντίαν
2906 5565 2952 5613 in
2999 5561 3173 5629 Mprgl.
3241 5562 3432 5610 additur
3453 5560 3549 5608 ἀπὸ
3581 5564 3672 5617 τῆς
3720 5561 3861 5626 χρή.

2254 5651 2396 5688 σεως,
2418 5633 2465 5680 id
2486 5631 2615 5692 quod
2639 5623 3028 5692 iti'ca-~_lgris_ngp
3049 5623 3274 5692 habelgr,

2324 5698 2340 5733 ι
2366 5681 2457 5742 ἐίς
2483 5681 2592 5740 c'od.
2621 5692 2673 5738 ιι.
2700 5696 2750 5736 el
2778 5688 2947 5737 Morel.
2975 5688 3094 5750 Reg.
3120 5691 3171 5735 ει
3189 5684 3349 5747 Co:b.,
3372 5688 3427 5734 et
3451 5681 3602 5734 smt.
3627 5682 3724 5736 ω
3745 5687 3866 5737 εῖν

2256 5759 2366 5806 ὅταν
2391 5753 2538 5802 ταῦτα
2560 5754 2787 5812 λέγωμεν,
2820 5751 2948 5813 mf.
