4084 6278
228 381 332 434 109

230 493 306 544 ait.
337 508 351 542 :
388 488 512 556 Qui;
543 487 661 556 {erit
696 495 893 539 mulum
923 493 970 539 et
997 483 1206 540 surdum
1232 525 1244 546 ,
1273 480 1520 536 videntem
1557 488 1600 532 et
1632 489 1819 531 cazcum

223 578 433 649 (Exod.
453 579 510 632 4.
543 577 676 645 il)?
707 575 776 630 Et
803 591 988 630 rursus
1018 593 1032 629 :
1065 574 1168 642 Qui
1195 574 1281 627 dat
1321 573 1522 642 linguas
1562 567 1821 638 expeditas

227 673 292 726 iis
314 711 330 738 ,
356 670 448 740 qui
475 679 591 723 sunt
613 667 946 736 impeditioris
984 667 1173 736 lingua:
1194 663 1343 731 (Isai.
1371 665 1460 718 55.
1494 661 1572 733 6).
1605 661 1669 714 Et
1701 674 1820 712 rur-

229 777 322 816 sus
356 779 372 816 :
408 759 652 814 Dominus
681 759 769 812 dat
801 759 924 811 mihi
964 758 1192 827 linguam
1233 755 1551 824 disciplina},
1588 760 1638 805 ut
1664 750 1824 804 sciam

229 852 434 922 quando
490 859 687 923 Oportet
739 850 877 919 loqui
925 865 1202 904 sermonem
1261 846 1371 918 (Id.
1419 844 1506 900 50.
1552 842 1630 913 4).
1691 841 1825 894 Dicit

234 944 394 999 etiam
442 943 494 995 in
541 941 803 1010 principio
838 959 851 994 :
891 940 1095 1006 Venite,
1128 937 1507 1002 descendamus,
1536 945 1584 989 et
1611 936 1826 1003 confun-

238 1035 419 1088 damus
450 1034 684 1102 ipsorum
728 1033 927 1104 linguas
958 1032 1111 1100 (Gen.
1148 1033 1234 1087 Η.
1267 1032 1343 1102 7).
1375 1031 1559 1099 Magna
1587 1043 1713 1097 ergo
1744 1036 1828 1081 est

237 1139 284 1183 ct
305 1126 482 1181 valida
513 1125 922 1181 demonstratio.
953 1125 1009 1178 In
1040 1126 1158 1178 aliis
1186 1123 1352 1187 enim,
1377 1121 1476 1175 etsi
1509 1129 1704 1189 praeter
1742 1134 1828 1171 ra-

237 1214 458 1275 tionem,
489 1210 666 1279 aliqua
696 1219 871 1264 tamen
910 1217 1157 1279 suspecta
1187 1206 1453 1260 habebant
1492 1202 1828 1274 impudentes

234 1303 309 1356 illi
337 1320 351 1356 :
384 1301 477 1356 hic
506 1311 684 1356 autem
717 1300 847 1354 nihil
880 1306 1169 1370 potuerunt
1193 1297 1394 1362 dicere,
1423 1311 1543 1351 cum
1591 1295 1702 1364 ipsa
1735 1308 1829 1362 per

233 1409 290 1448 se
321 1405 520 1448 natura
548 1391 690 1447 nuda
719 1391 1086 1446 contenderet.
1112 1390 1177 1444 Et.
1212 1389 1332 1443 ideo
1376 1403 1481 1442 non
1523 1385 1659 1440 dixit
1701 1384 1830 1438 sim-

233 1486 470 1555 pliciter,
500 1483 816 1554 Infantium,
857 1499 928 1537 ne
978 1483 1099 1553 quis
1146 1481 1460 1536 innocentes
1519 1487 1573 1534 et
1622 1477 1830 1546 simpli-

233 1577 412 1632 ciores
438 1591 564 1632 eum
593 1575 776 1630 dicere
799 1581 1048 1645 putaret;
1082 1573 1175 1629 sed
1204 1573 1476 1642 subiunxit
1501 1613 1516 1637 ,
1549 1571 1615 1626 Et
1640 1571 1830 1624 lacten-

236 1670 396 1734 tium,
429 1677 646 1722 aetatem
677 1667 781 1722 cibi
811 1666 1113 1736 adiectione
1153 1665 1482 1734 exprimens.
1519 1663 1637 1717 Non
1687 1661 1830 1716 enim

233 1748 371 1813 dixit
415 1757 798 1823 solummodo,
830 1755 1146 1827 Infantiam,
1188 1755 1282 1810 sed
1316 1755 1476 1810 etiam
1525 1754 1685 1808 ubera
1737 1767 1830 1808 su-

234 1851 511 1921 gentium,
552 1850 640 1920 qui
687 1849 924 1905 nondum
952 1849 1110 1904 solidi
1139 1850 1242 1903 cibi
1271 1849 1484 1904 luerunt
1520 1846 1829 1918 participes.

235 1944 352 2000 Non
403 1954 493 1999 est
535 1959 664 2014 ergo
709 1943 812 1997 hoc
858 1943 1031 1996 solum
1077 1941 1413 2007 admirabile,
1444 1940 1584 2010 quod
1621 1954 1829 2005 vocem,

237 2052 473 2106 eamque
502 2036 699 2091 claram
745 2045 798 2090 et
845 2050 1152 2105 expressam
1203 2035 1501 2100 emiserint,
1528 2033 1623 2089 sed
1671 2035 1833 2090 etiam

237 2128 380 2199 quod
411 2129 627 2198 plenam
655 2127 810 2182 bonis
843 2128 1338 2182 innumerabilibus.
1370 2127 1500 2195 Quae
1527 2127 1668 2182 enim
1706 2141 1834 2197 apo-

240 2220 363 2273 stoli
393 2217 634 2273 nondum
659 2228 940 2284 noverant,
972 2233 1034 2273 ea
1062 2219 1211 2288 pueri
1244 2219 1456 2290 hymnis
1473 2218 1831 2272 celebrabant.

239 2309 323 2362 Ex
352 2309 466 2363 hoc
497 2307 658 2361 etiam
703 2307 900 2377 aliquid
932 2308 1078 2362 aliud
1105 2307 1404 2377 signiﬁcat,
1447 2323 1637 2378 nempe
1679 2323 1839 2378 opor-

239 2408 356 2454 tere
387 2412 523 2462 eos,
555 2399 647 2467 qui
697 2398 764 2452 ad
811 2398 1061 2466 dogmata
1101 2399 1395 2463 accedunt,
1425 2401 1603 2454 animo
1643 2412 1838 2469 pueros

241 2487 409 2544 efﬁci.
447 2486 504 2542 Si
530 2489 652 2558 quis
678 2488 820 2542 enim
846 2503 948 2542 non
979 2489 1274 2559 susceperit
1318 2505 1539 2560 regnum
1586 2490 1838 2544 calorum

241 2590 299 2633 ut
323 2578 772 2648 pucllus,inquit,
793 2595 897 2632 non
922 2590 1092 2649 poteSI
1119 2581 1169 2634 in
1201 2580 1372 2648 ipsum
1404 2579 1836 2652 ingredi(tl!atth.

244 2671 330 2724 i8.
361 2670 448 2739 5).
479 2667 699 2739 Propter
720 2669 947 2722 inimicos
976 2679 1106 2723 tuos.
1139 2670 1273 2723 Dicit
1302 2672 1462 2725 etiam
1493 2685 1705 2724 causam
1745 2687 1844 2726 cur

244 2759 348 2814 hoc
389 2759 714 2813 miraculum
771 2758 971 2814 factum
1019 2760 1108 2814 sit.
1140 2761 1253 2814 Alia
1295 2761 1436 2815 enim
1487 2776 1592 2815 non
1625 2772 1844 2832 propter

246 2850 506 2905 inimicos
554 2849 692 2904 facta
739 2858 896 2916 sunt,
931 2849 1025 2905 scd
1072 2860 1125 2905 ut
1165 2851 1482 2906 accedentes
1521 2852 1843 2907 beneﬁcium

246 2943 588 3012 acciperent.
620 2953 670 2996 et
701 2942 789 2996 alii
820 2941 1142 2997 docerentur
1163 2963 1174 2997 :
1198 2944 1298 2998 hoc
1323 2953 1500 3000 autem
1538 2961 1641 2999 non
1669 2947 1842 3002 solum

247 3043 542 3104 propterea
565 3033 759 3088 factum
788 3042 899 3101 est,
927 3035 1019 3089 sed
1048 3047 1104 3089 ut
1133 3035 1510 3092 obturarcntur
1540 3054 1629 3092 ora
1659 3038 1843 3093 inimi-

245 3141 441 3182 corum
465 3144 478 3178 :
497 3141 632 3196 quos
655 3128 814 3181 etiam
838 3127 975 3181 alius
995 3127 1189 3183 clarius
1205 3129 1526 3198 signiﬁcans,
1546 3130 1691 3196 dicit,
1711 3129 1847 3185 Pro-

251 3229 357 3290 pter
385 3219 650 3290 illigantes
690 3229 756 3273 te.
787 3219 828 3274 Ii
859 3220 1000 3274 enim
1047 3237 1167 3276 eum
1208 3223 1492 3293 alligarunt
1520 3223 1734 3278 ductum
1777 3224 1844 3278 ad

250 3327 495 3368 crucem.
531 3311 600 3367 Ut
647 3314 877 3367 deut-uas
915 3314 1176 3368 inimicum
1212 3325 1256 3368 et
1300 3318 1533 3370 ultorem.
1560 3317 1708 3372 Alius
1731 3359 1744 3382 ,
1777 3317 1847 3373 Ut

251 3421 547 3476 compescas
584 3405 875 3470 inimicum,
900 3415 946 3460 et
975 3407 1061 3476 qui
1095 3396 1316 3477 seipsnm
1359 3410 1638 3475 ulciscitur,
1681 3425 1849 3479 popu-

254 3499 359 3552 lum
391 3499 484 3552 hic
515 3497 1014 3552 dicensJudaicum.
1044 3497 1313 3553 Christum
1341 3502 1481 3554 enim
1511 3501 1850 3572 expellebant

254 3599 310 3642 ut
337 3589 642 3652 inimicum,
670 3603 780 3658 prae
809 3604 867 3644 se
900 3587 1139 3644 ferebant
1166 3601 1340 3644 autem
1373 3591 1472 3646 hoc
1505 3590 1679 3647 facere
1708 3601 1845 3646 tam-

252 3696 416 3750 quam
447 3680 659 3734 Patrem
690 3680 1027 3736 ulciscentes.
1057 3681 1120 3736 Et
1152 3682 1273 3737 ideo
1305 3686 1440 3738 hanc
1481 3684 1583 3738 illis
1626 3700 1847 3740 excusa-

255 3774 462 3828 tionem
486 3771 758 3834 aui‘erens,
782 3773 993 3829 dicebat
1017 3793 1030 3830 :
1065 3777 1162 3842 Qui
1179 3794 1254 3830 nte
1271 3777 1396 3844 odit,
1425 3779 1530 3831 odit
1564 3789 1609 3832 et
1639 3777 1847 3832 Patrem

251 3863 627 3932 ineumann.
660 3865 744 3920 15.
774 3865 867 3935 23)
894 3882 908 3929 ;
940 3875 992 3920 et
1034 3882 1220 3921 rursus
1251 3867 1395 3934 :‘Qui
1441 3869 1596 3922 credit
1641 3871 1693 3923 in
1737 3887 1844 3937 me,

252 3955 420 4007 cred-it
458 3955 512 4006 in
541 3971 652 4007 eum
678 3955 760 4024 qui
791 3972 868 4009 me
901 3956 1032 4009 misit
1064 3956 1082 4028 (
1112 3956 1201 4011 Id.
1237 3957 1322 4011 l2.
1357 3959 1467 4030 44)
1493 3977 1506 4012 :
1533 3959 1721 4014 honori
1753 3976 1849 4015 suo

250 4055 306 4099 et
333 4045 553 4112 injuria:
601 4059 814 4114 semper
866 4046 1079 4102 Patrem
1121 4049 1468 4120 conjungens.
1509 4050 1640 4106 Vide
1690 4069 1848 4122 quam

251 4145 510 4191 accurate
540 4136 788 4204 loquutus
815 4137 883 4190 sit
910 4139 1191 4208 propheta.
1225 4140 1337 4195 Non
1365 4141 1514 4206 dixit,
1545 4142 1610 4199 Ut
1638 4145 1846 4214 punias,

247 4226 348 4279 sed
385 4225 458 4279 Ut
483 4226 910 4297 destructuquod
946 4229 1081 4284 alius
1109 4232 1303 4286 clarius
1333 4234 1608 4304 signiﬁcat,
1643 4236 1846 4303 dicens,

256 4317 323 4372 bl
351 4334 559 4372 cessare
588 4319 771 4390 facias,
801 4320 900 4375 hoc
933 4332 1048 4388 est,
1069 4331 1126 4376 ut
1167 4338 1350 4377 eorum
1393 4328 1458 4380 de
1487 4327 1661 4381 medio
1694 4328 1850 4382 tollas

262 4410 670 4480 impudentiam,
697 4428 799 4465 non
830 4423 885 4466 ut
906 4413 1099 4467 doceas
1123 4432 1136 4467 :
1163 4414 1466 4470 laborabant
1493 4419 1634 4471 enim
1665 4419 1850 4472 morbo

260 4500 720 4556 incurabili.Cum
753 4519 879 4573 ergo
911 4506 1013 4558 tale
1042 4505 1283 4560 viderent
1311 4509 1624 4563 miraculum
1649 4551 1662 4569 ,
1687 4521 1742 4564 et
1772 4513 1854 4564 ni-

263 4593 335 4647 hil
365 4604 590 4663 possent
619 4604 803 4648 contra
833 4594 1011 4650 dicere
1032 4637 1046 4662 ,
1093 4599 1142 4650 in
1175 4598 1345 4666 ipsum
1377 4603 1845 4668 convertehamnr,

261 4681 504 4738 dicentes
532 4701 546 4737 :
579 4683 699 4737 Non
739 4685 887 4738 audis
915 4688 1038 4758 quid
1064 4689 1118 4741 hi
1143 4689 1312 4743 dicant
1345 4690 1557 4760 (Matth.
1588 4693 1678 4747 21.
1714 4695 1850 4763 lli)?

266 4773 328 4828 Et
352 4791 476 4829 cum
503 4785 772 4843 oporteret
799 4777 1049 4847 deinceps
1076 4779 1302 4834 adorare
1329 4791 1380 4836 et
1411 4782 1851 4849 admirari,erant

261 4867 418 4920 valde
446 4868 687 4936 perplexi
711 4877 763 4922 et
799 4869 984 4924 incerti
1015 4871 1139 4940 quid
1168 4882 1417 4942 agt-rent,
1447 4885 1500 4928 et
1529 4890 1649 4927 cum
1685 4876 1843 4930 debe-

261 4969 381 5011 rent
409 4959 550 5012 inter
589 4973 648 5013 se
685 4960 884 5026 dicere,
907 4961 1018 5016 Non
1076 4964 1227 5018 audis
1279 4967 1404 5034 quid
1446 4966 1495 5019 hi
1546 4966 1772 5022 dicunt?
1799 4969 1850 5023 id

260 5051 456 5121 seipsis
498 5052 736 5105 dimissis
772 5051 984 5107 Christo
1009 5055 1272 5110 dicebant.
1308 5058 1371 5111 Et
1402 5073 1496 5112 cur
1524 5074 1628 5112 non
1657 5061 1848 5114 eniissa

262 5156 347 5198 est
368 5160 468 5198 vox
497 5146 851 5213 angelorum?
873 5147 1023 5213 Quod
1064 5149 1191 5201 illud
1213 5150 1426 5218 quidem
1463 5163 1730 5221 Speclrum
1772 5154 1850 5207 eis

265 5236 526 5302 potuisset
553 5235 720 5291 videri
744 5254 758 5302 ;
783 5237 845 5290 ad
877 5239 978 5292 hoc
1002 5253 1177 5294 autem
1205 5242 1333 5294 nihil
1363 5253 1606 5310 poterant
1634 5254 1850 5298 contra-

263 5327 463 5381 dicere.
491 5328 628 5393 Quid
673 5339 850 5384 autem
887 5330 1134 5385 dicebant
1181 5336 1367 5402 pueri?
1393 5335 1528 5388 Nihil
1565 5351 1725 5405 grave
1760 5348 1850 5392 aut

265 5419 653 5488 itnportunum,
682 5437 780 5476 nec
801 5424 939 5491 quod
963 5440 1054 5478 eos
1079 5427 1190 5493 iure
1219 5437 1393 5495 posset
1423 5431 1733 5498 percellere,
1757 5433 1850 5488 sed

265 5513 401 5576 quod
433 5512 554 5581 ejus
597 5528 718 5566 cum
747 5514 905 5570 Patre
939 5519 1345 5573 consensionem
1384 5523 1612 5578 maxime
1654 5526 1850 5596 signiﬁ-

265 5737 508 5811 machum.
529 5743 581 5786 ut
614 5752 661 5799 οι
681 5740 803 5802 inor,
830 5744 1114 5807 signiﬁcans.
1143 5752 1295 5802 litera
1321 5754 1448 5805 enim
1481 5766 1512 5809 C
1543 5756 1699 5810 literae
1723 5767 1848 5811 Grae-

269 5810 334 5850 (ἐς
354 5811 385 5850 Χ-
397 5813 650 5850 ουωοιιειι.

1335 363 1696 424 ΕΧΡΟΞΙἹἸΟ
1731 358 1800 414 ιΝ
1841 356 2164 412 PSALMUM
2206 359 2338 414 VH1.

3414 363 3514 418 HO

1933 483 2102 527 caret.
2127 472 2454 536 Benedictus,
2481 473 2762 540 dicebant,
2793 474 2878 546 qui
2920 473 3050 528 venit
3082 475 3138 528 in
3176 475 3382 529 nomine
3415 476 3518 530 Do-
3565 505 3575 509 -

1932 566 2054 618 mini
2085 565 2292 636 (Matth.
2321 565 2412 620 2].
2440 567 2514 636 9).

2004 659 2055 712 5.
2095 657 2265 711 Judaei
2312 675 2401 712 cur
2440 667 2550 729 post
2579 655 2766 713 Christi
2794 666 3000 710 mortem
3034 657 3439 716 nnserabiliores.
3472 686 3513 698 -

1934 751 2083 806 Tunc
2127 767 2255 821 ergo
2306 767 2493 806 eorum
2535 753 2773 806 coercuit
2827 749 3259 818 impudentiam‘
3286 791 3301 816 ,
3332 762 3516 818 posma

1935 853 2109 896 autem
2135 841 2320 896 urbem
2348 857 2559 912 quoque
2585 857 2770 896 eormn
2797 841 3009 900 evertit.
3046 856 3144 894 nec
3164 849 3245 894 est
3267 841 3368 894 ulla
3397 857 3518 909 pars

1935 936 2096 990 totius
2117 935 2259 991 orbis
2283 945 2540 990 terrarum
2561 976 2576 1000 ,
2604 950 2726 1004 quae
2760 936 2829 988 sit
2858 933 3164 988 Judaaornm
3201 933 3520 987 calamitatis

1934 1044 2126 1096 expers
2157 1048 2169 1083 :
2204 1029 2295 1084 sed
2325 1028 2772 1098 quemadmodum
2803 1025 2892 1097 qui
2927 1041 3151 1096 corpore
3179 1036 3261 1080 est
3309 1027 3516 1091 mutila,

1935 1121 2167 1191 undique
2188 1121 2570 1175 circumcursat
2587 1135 2679 1174 sua
2705 1121 2919 1175 vulnera
2939 1127 3234 1182 ostentans,
3259 1127 3313 1173 et
3335 1134 3521 1188 quem-

1935 1211 2218 1266 admodum
2253 1213 2460 1282 jndices
2497 1228 2618 1267 cum
2654 1211 2852 1266 multos
2897 1209 3189 1264 homicidas
3226 1208 3294 1264 de
3343 1208 3521 1262 medio

1935 1303 2269 1366 sustulerint,
2293 1318 2456 1357 unum
2507 1301 2669 1356 furcae
2721 1301 2965 1372 afﬁgunt,
3003 1309 3061 1355 ut
3115 1299 3243 1369 ipsis
3295 1297 3521 1352 mortuis

1939 1405 2205 1466 tamquam
2247 1395 2503 1450 inllictum
2542 1395 2862 1464 supplicium
2906 1395 3056 1448 vivos
3110 1401 3359 1449 coerceat
3383 1401 3437 1447 et
3466 1391 3520 1446 iu

1937 1487 2112 1542 ol‘ﬁcio
2136 1487 2405 1542 contineat
2439 1504 2452 1540 :
2491 1491 2562 1541 ita
2595 1487 2680 1542 hic
2705 1488 2863 1542 etiam
2893 1503 2998 1541 non
3023 1497 3299 1552 mortuos;
3327 1485 3418 1541 sed
3450 1486 3520 1539 vi-

1937 1595 2033 1633 vos
2063 1580 2311 1634 omnibus
2339 1580 2640 1648 exemplum
2683 1579 2993 1650 proposuit,
3027 1594 3121 1633 eos
3172 1578 3522 1646 dispergens:

1938 1679 1991 1725 et
2015 1671 2104 1742 qui
2135 1687 2289 1724 unam
2321 1670 2627 1724 habitabant
2654 1670 2925 1738 regionem
2947 1712 2960 1733 ,
2983 1684 3124 1723 nunc
3155 1679 3276 1722 sunt
3302 1667 3524 1736 dispersi

1939 1779 2033 1833 per
2063 1772 2231 1817 totum
2267 1763 2450 1817 orbem
2481 1774 2762 1817 terrarum.
2807 1761 2870 1815 Et
2899 1761 2944 1815 si
2971 1775 3184 1815 causam
3231 1758 3524 1828 rogaveris,

1940 1855 2134 1909 nullam
2166 1855 2322 1908 aliam
2349 1853 2606 1919 invenies,
2637 1867 2794 1923 quam
2825 1851 2966 1922 quod
3005 1850 3274 1904 Christum
3311 1849 3527 1904 cruciﬁ-

1943 1946 2187 2000 lixerunt.
2210 1945 2316 2000 Cur
2337 1945 2500 2011 enim,
2529 1944 2614 1998 dic
2637 1943 2787 2009 mihi,
2815 1943 2916 1997 hoc
2943 1943 3016 1997 ita
3049 1941 3244 1997 factum
3271 1957 3373 1994 non
3405 1937 3526 1994 est?

1939 2037 2044 2095 Sed
2073 2047 2126 2092 et
2163 2038 2206 2092 si
2235 2036 2289 2091 id
2313 2036 2598 2105 aliquando
2643 2035 2837 2089 factum
2864 2043 2967 2102 est,
3014 2036 3066 2089 in
3111 2052 3268 2089 unam
3313 2041 3526 2105 gentem

1942 2130 2153 2184 abducti
2179 2137 2329 2192 sunt,
2358 2137 2413 2183 et
2439 2128 2504 2183 ad
2537 2144 2731 2198 paucos
2775 2144 2946 2182 annos
2978 2146 2992 2182 :
3025 2143 3164 2182 nunc
3201 2137 3378 2181 autem
3424 2142 3530 2182 non

1943 2221 2040 2286 sic,
2070 2219 2162 2274 sed
2188 2219 2392 2273 inﬁnito
2411 2219 2674 2289 supplicio
2699 2219 3008 2290 puniuntur.
3036 2218 3104 2272 Et
3128 2219 3172 2272 si
3197 2234 3289 2272 eos
3311 2232 3531 2287 rogave—

1944 2313 2019 2368 ris
2047 2329 2062 2365 :
2090 2310 2195 2365 Cur
2221 2310 2490 2365 Christum
2519 2310 2896 2368 crucilixistis?
2937 2309 3121 2364 dicunt
3157 2307 3339 2376 :Quod
3389 2293 3532 2362 esset

1944 2403 2196 2473 deceptor
2213 2411 2266 2457 et
2287 2402 2655 2471 prmstigiator.
2677 2400 2784 2454 Vos
2798 2416 2922 2470 ergo
2940 2399 3217 2470 oportebat
3245 2407 3528 2468 prepterea

1947 2495 2277 2560 honorari,et
2296 2495 2427 2548 ﬁnes
2443 2501 2648 2547 vestros
2663 2491 3122 2561 propagari,utqui
3145 2490 3252 2544 Deo
3275 2489 3532 2543 fecissetis

1947 2603 2058 2641 rem
2090 2595 2311 2655 gratam.
2340 2584 2438 2651 Qui
2471 2583 2613 2639 enim
2644 2582 2981 2652 deceptorem
3011 2591 3065 2636 et
3095 2580 3531 2650 pricstigiatorem

1946 2693 2009 2733 ac
2035 2678 2127 2732 Dei
2149 2677 2510 2732 adversarium
2534 2674 2601 2728 de
2628 2675 2802 2729 medio
2819 2673 3112 2740 susmlerit,
3135 2672 3179 2725 is
3209 2665 3300 2725 l)ei
3327 2670 3530 2724 hostem

1950 2769 2161 2824 sustulit
2192 2784 2204 2819 :
2239 2767 2329 2837 qui
2375 2775 2550 2820 autem
2581 2765 2786 2819 hostem
2829 2764 3058 2827 sustulit,
3098 2763 3142 2815 is
3176 2762 3297 2832 jure
3329 2761 3533 2830 optimo

1949 2859 2210 2915 laudetur.
2251 2859 2401 2913 Nunc
2438 2866 2614 2911 autem
2657 2855 2886 2910 Phinees
2927 2854 3068 2924 quod
3097 2870 3254 2907 unam
3288 2850 3534 2907 meretri-

1949 2966 2064 3004 cem
2099 2948 2421 3004 interfecerit
2447 2946 2634 3016 (Num.
2665 2947 2756 3002 25.
2793 2946 2875 3000 12.
2910 2945 3021 3016 15),
3047 2955 3245 2998 tantam
3265 2942 3473 2998 laudem
3501 2956 3534 2997 a

1951 3042 2060 3096 Deo
2085 3049 2169 3097 est
2205 3049 2565 3111 consequutus
2590 3080 2604 3103 ,
2635 3047 2691 3092 ut
2729 3037 3028 3093 sacerdotio
3053 3046 3108 3091 et
3145 3044 3290 3090 tame
3334 3035 3537 3089 honore

1951 3134 2140 3204 dignus
2167 3132 2326 3186 fuerit
2357 3146 2370 3184 :
2407 3147 2502 3185 vos
2530 3139 2728 3193 autem,
2756 3143 2891 3200 quos
2915 3128 3080 3182 multo
3111 3126 3298 3195 majori
3333 3125 3536 3179 honore

1951 3225 2089 3279 allici
2121 3230 2422 3294 Oporteret,
2448 3223 2492 3276 si
2519 3221 2677 3276 modo
2701 3221 3039 3290 deceptorcm
3067 3219 3415 3283 occidisse-tis,
3445 3231 3535 3271 er-

1951 3330 2112 3372 rones
2136 3325 2188 3368 et
2212 3314 2751 3382 exsulcsmnllamzpte
2780 3321 2978 3368 certam
3005 3312 3186 3367 sedem
3208 3319 3297 3364 aut
3314 3311 3538 3378 patriam

1953 3407 2244 3470 habentes,
2278 3407 2381 3460 huc
2406 3414 2460 3460 et
2491 3404 2613 3459 illuc
2649 3403 2827 3459 obitis.
2871 3403 2982 3458 Hoc
3028 3419 3154 3473 ergo
3180 3403 3321 3456 nulla
3349 3401 3448 3454 alia
3471 3400 3536 3455 de

1953 3515 2110 3555 causa
2141 3500 2278 3568 passi
2307 3499 2456 3563 estis,
2485 3514 2642 3568 quam
2669 3497 2810 3568 quod
2839 3509 3118 3568 patromun
3146 3512 3208 3550 ac
3229 3495 3536 3550 benefacto-

1952 3608 2100 3658 rem,
2132 3601 2185 3646 et
2225 3591 2466 3645 veritatis
2507 3589 2780 3644 doctorem
2832 3588 3190 3644 crucilixistis.
3243 3587 3297 3642 Si
3354 3586 3539 3640 luisset

1953 3687 2092 3741 enim
2115 3685 2383 3751 seductor,
2420 3693 2473 3740 et
2503 3685 2595 3740 Dei
2622 3684 2991 3750 adversarius,
3024 3695 3074 3738 et
3103 3698 3221 3736 eum
3272 3681 3409 3735 Dens
3432 3694 3536 3733 non

1953 3788 2114 3840 esset,
2145 3779 2399 3832 voluisset
2426 3791 2544 3832 esse
2569 3776 2730 3841 Deus,
2771 3785 2825 3830 et
2853 3775 3023 3830 Patris
3051 3775 3306 3828 honorem
3346 3771 3412 3824 ad
3442 3785 3533 3824 se-

1955 3870 2128 3940 ipsum
2157 3869 2480 3934 attraxisset,
2501 3878 2555 3924 et
2575 3868 2775 3922 Phineo
2809 3875 2863 3922 el
2885 3866 3131 3921 Samuele
3161 3873 3215 3919 et
3237 3864 3338 3917 illis
3367 3862 3540 3915 omni-

1955 3961 2055 4015 bus
2082 3961 2316 4030 oportuit
2335 3976 2428 4015 vos
2456 3960 2623 4027 magis
2655 3956 3016 4025 honorari,qui
3040 3956 3167 4024 legis
3189 3952 3538 4008 defendenda:

1957 4061 2159 4108 tantum
2198 4055 2369 4107 zelum
2401 4052 2778 4106 ostendet-etis.
2835 4050 2985 4105 Nunc
3011 4059 3186 4102 autem
3218 4047 3356 4116 quod
3388 4060 3539 4097 num-

1955 4160 2112 4215 quam
2137 4145 2274 4214 passi
2303 4144 2452 4208 estis,
2481 4158 2601 4197 cum
2621 4141 2756 4196 idola
2783 4141 3048 4201 coleretis,
3077 4155 3197 4194 cum
3221 4137 3366 4206 impii
3389 4151 3537 4216 esse:

1957 4237 2042 4301 tis,
2067 4250 2185 4290 cum
2209 4234 2343 4289 lilios
2371 4232 2740 4288 interﬁceretis
2761 4274 2776 4295 ,
2811 4230 2911 4284 line
2941 4230 3082 4299 passi
3115 4230 3243 4283 estis
3267 4268 3281 4290 ,
3314 4237 3367 4281 et
3397 4227 3539 4280 nulla

1955 4327 2110 4382 datur
2137 4327 2273 4380 ratio
2293 4341 2388 4379 vos
2415 4323 2670 4378 liberandi
2701 4338 2728 4375 a
2763 4321 2932 4376 malis.
2955 4332 3006 4375 et
3036 4335 3278 4385 errones,
3303 4318 3533 4382 exsules,

1956 4421 2272 4490 vagahundi,
2304 4429 2356 4473 et
2385 4419 2742 4473 Romanorum
2773 4415 2978 4485 legibus
2996 4414 3308 4473 servientes,
3340 4421 3537 4466 terram

1955 4522 2011 4569 et
2040 4529 2184 4568 mare
2211 4511 2391 4577 obitis,
2413 4512 2723 4580 migrantes,
2752 4509 2921 4561 nullas
2953 4517 3128 4562 certas
3155 4506 3312 4560 sedes
3332 4547 3345 4568 ,
3377 4505 3536 4558 urhes

1955 4613 2048 4660 aut
2083 4604 2270 4658 domos
2303 4603 2557 4656 habentes
2579 4643 2595 4668 ,
2627 4610 2682 4654 et
2708 4601 2758 4655 in
2783 4599 3092 4653 servitutem
3133 4597 3372 4664 redacti,
3403 4612 3430 4647 a
3473 4594 3540 4649 li-

1956 4697 2179 4759 bertate,
2209 4712 2235 4745 a
2279 4694 2466 4763 patria,
2512 4709 2540 4747 a
2570 4693 2868 4746 sacerdotio
2891 4733 2906 4756 ,
2935 4699 2990 4744 et
3030 4691 3096 4746 ab
3126 4689 3391 4754 omnbus,
3424 4704 3541 4757 qua:

1955 4788 2104 4859 prius
2141 4787 2411 4842 habebatis
2431 4828 2446 4852 ,
2492 4785 2704 4856 expulsi
2745 4785 2896 4848 estis,
2928 4785 2978 4839 in
3009 4783 3197 4838 mediis
3221 4783 3459 4838 barbaris
3489 4790 3544 4837 et

1955 4880 2201 4950 gentibus
2281 4879 2572 4934 innumeris
2627 4876 2882 4946 dispersi,
2937 4876 3183 4930 omnibus
3239 4874 3542 4929 hominibus

1956 4972 2132 5037 exosi,
2169 4971 2477 5027 exsecrandi
2503 5014 2518 5037 ,
2541 4981 2596 5025 et
2615 4969 2858 5026 omnibus
2879 4967 2943 5023 ad
2967 4969 3210 5036 injuriam
3233 4965 3538 5036 Opportuni.

1955 5061 2024 5117 Et
2068 5062 2261 5115 merito
2317 5062 2577 5130 quidem:
2616 5077 2720 5114 non
2774 5061 2916 5116 enim
2973 5059 3187 5131 praemia
3237 5054 3537 5124 accepistis,

1957 5153 2097 5224 quod
2127 5155 2217 5208 Dei
2249 5154 2519 5208 inimicum
2563 5153 2865 5208 occideritis
2906 5169 2918 5205 :
2967 5152 3068 5205 hoc
3111 5164 3256 5204 mera
3284 5159 3362 5201 est
3398 5148 3536 5199 iusa-

1957 5247 2042 5301 nia
2074 5255 2127 5300 et
2147 5261 2319 5316 nugae.
2354 5246 2484 5313 Quae
2510 5247 2652 5299 enim
2685 5260 2824 5298 nunc
2847 5243 3120 5312 patimini,
3155 5257 3259 5293 non
3291 5247 3414 5293 sunt
3444 5252 3540 5292 eo-

1957 5355 2072 5393 rum
2095 5340 2183 5409 qui
2217 5340 2308 5393 Dei
2351 5339 2596 5393 inimicos
2623 5336 2902 5401 occidunt,
2942 5335 3035 5390 sed
3074 5348 3256 5386 eorum
3288 5331 3375 5400 qui
3403 5333 3538 5384 ami-

1956 5445 2050 5486 cos
2091 5432 2415 5485 interimunt.
2473 5430 2602 5496 Sed,
2647 5445 2681 5484 0
2719 5429 2911 5494 amice,
2958 5426 3232 5495 inquiunt,
3277 5424 3389 5478 hac
3437 5440 3541 5477 non

1957 5523 2182 5580 dicimus
2215 5541 2228 5577 :
2257 5533 2472 5595 propter
2492 5533 2670 5576 nostra
2692 5531 2904 5591 peccata
2930 5518 3043 5572 haec
3077 5518 3304 5587 patimur
3330 5518 3372 5568 ².
3395 5515 3545 5570 Nunc

2021 5704 2037 5766 ξ
2063 5708 2167 5752 Post
2188 5714 2376 5766 vocem,
2397 5699 2761 5766 impudenfiam,
2782 5700 2834 5748 in
2868 5693 3030 5748 Morel.
3054 5693 3261 5756 additur,
3284 5689 3543 5756 scriptura:

1958 5762 2107 5816 allato
2128 5763 2404 5814 testimonio.

2023 5828 2044 5859 ³
2079 5833 2187 5876 Haec
2211 5834 2286 5876 est
2309 5824 2454 5876 lectio
2482 5823 2662 5876 Codicis
2685 5830 2752 5886 B.,
2780 5822 2976 5886 ptobata
3009 5834 3038 5873 a
3069 5819 3237 5872 Savilio
3259 5819 3307 5868 in
3327 5818 3469 5877 notis,
3493 5823 3542 5864 et
