4068 6288
576 330 673 387 III

571 439 904 502 conﬁtemini
958 433 1260 493 increduli?
1314 440 1371 487 et
1416 442 1661 501 quaenam
1720 423 2020 497 peccastis?
2067 421 2150 477 An

575 552 719 592 nunc
761 534 986 605 primum
1041 525 1342 601 peccastis?
1378 523 1527 578 Nunc
1567 528 1715 576 certe
1765 516 2156 574 moderatiores
2207 542 2226 555 -

573 627 840 684 cvasistis.
883 622 988 679 Sed
1027 618 1260 675 nondum
1293 617 1396 670 hoc
1422 614 1631 685 agimus
1664 633 1677 668 :
1705 618 1762 665 at
1802 623 1899 664 vos
1938 606 2065 662 illud
2094 606 2158 662 li-

576 722 764 776 benter
805 719 1219 785 interrogarem,
1266 726 1362 766 cur
1406 708 1552 777 prius
1592 719 1804 776 semper
1853 709 2155 772 peccantes,

580 813 672 867 Dei
704 808 1079 879 benignitatem
1111 814 1164 859 et
1195 800 1531 857 clementiam
1574 795 1846 860 sensistis,
1878 806 2018 847 nunc
2065 805 2162 844 au-

579 914 684 957 tem
705 916 808 956 non
832 899 1033 962 itidem,
1056 905 1109 950 et
1135 892 1275 965 quod
1305 901 1388 946 est
1411 887 1796 950 admirabilius,
1818 898 1958 939 nunc
1984 882 2159 936 mino-

579 1011 634 1050 ra
653 1001 868 1067 peccata
882 978 1310 1046 committentes?
1326 986 1475 1041 Tunc
1490 983 1630 1038 enim
1650 989 1704 1036 et
1722 977 2049 1067 Beelphegor
2081 974 2164 1067 in-

580 1063 871 1142 itiabamini
895 1080 1077 1153 (Num.
1099 1080 1218 1147 25),
1240 1075 1528 1132 etvitttlum
1550 1070 1810 1126 adorastis
1828 1066 2020 1138 (Exod.
2043 1063 2158 1137 52),

581 1189 637 1233 et
664 1177 797 1232 ﬁlios
817 1174 1105 1240 occidistis,
1138 1181 1191 1228 et
1216 1170 1350 1225 ﬁlias
1375 1169 1444 1224 de
1468 1167 1646 1223 medio
1671 1164 1962 1219 sustulistis
1988 1160 2159 1232 (Psal.

582 1269 707 1325 105.
736 1269 825 1323 '57.
857 1266 969 1338 58),
997 1264 1155 1334 idque
1180 1277 1300 1318 cum
1324 1259 1475 1315 vobis
1503 1258 1652 1328 signa
1676 1255 1888 1312 abunde
1914 1262 2163 1322 suppete-

582 1369 703 1415 rent
737 1376 751 1412 :
778 1372 919 1413 nunc
947 1365 1126 1411 autem
1146 1369 1265 1408 cum
1294 1368 1392 1408 nec
1429 1351 1650 1407 videatis
1681 1363 1829 1402 mare
1858 1345 2040 1410 dividi,
2067 1358 2165 1399 nec

584 1457 787 1520 petram
820 1448 1005 1518 frangi,
1032 1461 1133 1502 nec
1145 1445 1333 1502 adesse
1356 1443 1640 1515 prophetas
1665 1440 1859 1511 (Exod.
1884 1439 1949 1494 M
1977 1447 2024 1493 et
2052 1437 2164 1508 17),

585 1557 684 1597 nec
728 1541 890 1595 vestri
930 1547 1237 1594 consuetam
1287 1535 1528 1592 sentiatis
1559 1533 1965 1606 providentiam,
1998 1532 2169 1601 major

586 1642 766 1687 tamen
799 1639 1051 1701 appareat
1091 1628 1328 1699 probitas
1357 1644 1370 1681 :
1403 1641 1644 1697 quaenam
1679 1635 1758 1679 est
1798 1638 1959 1681 causa
1979 1665 1994 1689 ,
2026 1621 2169 1693 quod

586 1722 799 1793 quando
822 1722 995 1776 minus
1022 1721 1272 1790 peccatis,
1293 1729 1347 1776 et
1365 1719 1534 1789 major
1553 1727 1635 1773 cst
1656 1731 1831 1772 vestra
1851 1715 2167 1782 moderatio,

588 1814 761 1885 major
789 1814 855 1869 sit
886 1829 1040 1883 pcena
1067 1828 1129 1868 ac
1148 1812 1502 1883 supplicium?
1522 1813 1712 1866 Annon
1740 1810 1820 1865 vel
1860 1809 2033 1865 stultis
2056 1810 2172 1865 cla-

590 1920 709 1961 rum
740 1916 839 1971 est,
881 1905 933 1960 id
981 1906 1101 1961 ideo
1143 1905 1276 1969 ﬁeri,
1302 1905 1549 1976 quoniam
1588 1903 1758 1974 majus
1802 1913 1886 1959 est
1935 1912 2171 1958 vestrum

591 2012 732 2053 nunc
764 1998 1083 2069 peccatum?
1110 1997 1368 2065 Quamdiu
1411 1995 1554 2051 enim
1599 1994 1652 2049 in
1682 2008 1866 2050 servos
1893 1994 2170 2063 peccastis,

593 2095 802 2149 veniam
828 2095 958 2149 estis
984 2093 1275 2162 assequttti,
1306 2100 1363 2145 ut
1388 2106 1507 2145 cum
1536 2089 1821 2161 prophetas
1844 2088 2173 2144 interficere-

594 2184 661 2239 tis
687 2196 742 2240 et
766 2184 1027 2254 lapidibus
1057 2183 1382 2254 impeteretis
1407 2200 1420 2245 ;
1456 2182 1550 2238 sed
1582 2190 1859 2253 postquam
1902 2194 2093 2236 manus
2122 2181 2176 2236 in

596 2276 876 2332 Dominum
908 2276 1194 2345 injecistis,
1226 2276 1376 2330 Vobis
1401 2275 1654 2344 deinceps
1680 2275 1853 2328 evasit
1891 2274 2043 2329 ulcus
2081 2272 2178 2327 im-

596 2366 930 2422 medicabile.
963 2366 1032 2421 Et
1053 2393 1060 2399 -
1080 2366 1202 2421 idco
1226 2366 1592 2436 quadringenti
1615 2365 1725 2434 jam
1759 2364 1882 2419 anni
1919 2364 2179 2435 praeterie-

598 2464 742 2520 runt,
765 2471 831 2510 ex
857 2471 962 2526 quo
982 2456 1209 2510 civitatis
1234 2456 1316 2510 vel
1343 2456 1514 2524 ipsum
1545 2456 1717 2509 solum
1745 2454 1901 2524 periit
1920 2451 2018 2527 (α),
2049 2454 2178 2509 sub-

599 2548 762 2604 latum
789 2558 869 2604 est
898 2547 1251 2605 sacerdotium
1278 2590 1293 2612 ,
1326 2562 1545 2617 regnum
1587 2547 1868 2619 abruptum
1887 2590 1903 2611 ,
1945 2547 2180 2603 confusa:

600 2642 797 2703 tribus.
832 2641 1084 2711 praeclara
1117 2642 1203 2695 illa
1233 2649 1288 2695 et
1325 2640 1599 2710 magniﬁca
1635 2648 1996 2706 evanuerunt,
2021 2647 2075 2693 et
2115 2654 2182 2694 ne

599 2734 875 2803 vestigium
901 2733 1112 2803 quidem
1140 2743 1223 2789 est
1249 2732 1385 2803 apud
1409 2748 1503 2788 vos
1531 2732 1791 2803 reliquum
1817 2750 1830 2786 :
1855 2731 1995 2803 quod
2022 2747 2181 2786 num-

600 2842 758 2896 quam
788 2835 911 2881 ante
933 2824 1126 2880 factum
1149 2835 1250 2880 est.
1292 2825 1398 2881 Sed
1426 2828 1478 2879 in
1507 2824 1767 2894 principio
1796 2823 2009 2894 quidem
2059 2838 2181 2878 cum

602 2918 837 2972 dirutum
891 2926 1059 2972 esset-
1089 2917 1364 2986 templum,
1424 2915 1769 2970 remanebant
1797 2913 2102 2984 prophetas,
2130 2923 2187 2971 et

600 3008 829 3078 Spiritus
857 3006 1017 3072 dona,
1045 3016 1099 3062 et
1126 3006 1374 3061 miracula
1403 3024 1415 3060 :
1445 3021 1583 3060 nunc
1602 3014 1779 3061 autem
1804 3047 1819 3070 ,
1849 3016 1904 3061 ut
1931 3007 2074 3062 clare
2101 3006 2185 3061 in-

604 3098 854 3169 telligatis
885 3098 1048 3152 Dettm
1081 3113 1174 3152 vos
1200 3113 1320 3153 esse
1349 3109 1606 3167 perpetuo
1626 3108 1946 3161 aversatum,
1965 3113 2028 3154 ea
2054 3112 2187 3167 quo-

612 3209 716 3264 que
761 3193 967 3247 sublata
1024 3202 1192 3248 sunt:
1229 3207 1293 3246 ac
1332 3193 1561 3247 servitus
1609 3191 1782 3256 adest,
1813 3191 2091 3261 captivitas
2133 3199 2189 3247 et

603 3298 782 3340 rerum
812 3285 1047 3339 omnium
1077 3285 1303 3343 eversio,
1337 3291 1392 3339 et
1411 3282 1550 3354 quod
1569 3292 1651 3339 est
1676 3283 1912 3338 onmium
1938 3284 2191 3355 gravissi-

603 3391 773 3443 mum,
808 3375 897 3430 Dei
929 3391 956 3427 a
989 3376 1136 3430 vobis
1165 3377 1420 3431 recessio.

675 3469 731 3523 4.
775 3470 851 3523 Ac
878 3469 1097 3536 perinde
1121 3469 1246 3524 fecit
1266 3471 1422 3532 Deus,
1447 3478 1501 3524 ut
1539 3470 1582 3525 si
1614 3469 1730 3538 quis
1758 3485 1968 3526 servum
2009 3470 2189 3542 ingra-

607 3567 749 3624 tum,
777 3574 917 3628 srepe
947 3557 1125 3629 ﬁagris
1151 3574 1348 3614 c:esum
1379 3572 1432 3615 et
1458 3577 1562 3618 non
1591 3570 1889 3616 correctum
1909 3604 1923 3627 ,
1950 3562 2188 3619 vestibus

606 3661 846 3716 exutum,
875 3652 1071 3706 nudum
1093 3694 1107 3717 ,
1135 3651 1428 3721 desertum,
1461 3653 1828 3724 vagabundum
1857 3670 2037 3710 errare
2065 3670 2189 3725 per-

608 3742 863 3808 mitteret,
917 3742 1305 3798 mendicantem
1342 3754 1396 3799 et
1446 3744 1678 3815 undique
1715 3744 1963 3815 ejectum.
2019 3747 2190 3803 Antea

608 3843 787 3888 autem
819 3847 904 3889 res
934 3843 1126 3888 vestrae
1156 3849 1260 3888 non
1289 3835 1359 3888 ita
1386 3850 1445 3889 se
1471 3834 1756 3899 habebant,
1784 3836 1877 3890 sed
1915 3836 2055 3903 apud
2095 3852 2189 3892 vos

607 3935 764 3980 erant
792 3925 1067 3994 prophetae
1098 3944 1111 3978 :
1143 3927 1193 3979 in
1215 3925 1470 3998 JEgypto,
1511 3926 1778 3998 Babylone
1795 3928 1909 3981 etin
1937 3927 2185 3984 deserto:

604 4019 780 4075 Moses
808 4020 859 4074 in
891 4018 1142 4089 Egypto,
1170 4018 1221 4073 in
1252 4018 1523 4091 Babylone
1556 4020 1734 4075 Daniel
1763 4028 1817 4075 et
1839 4020 2102 4084 Ezechiel,
2137 4020 2188 4075 in

605 4112 841 4186 Egypto
864 4128 1046 4167 rursus
1070 4111 1329 4168 Jeremias
1360 4129 1373 4167 :
1399 4121 1451 4167 et
1474 4112 1723 4167 miracula
1742 4112 1947 4182 adjecta
1963 4113 2191 4167 miracu-

612 4206 699 4269 lis,
730 4206 1029 4276 clariorque
1056 4214 1111 4260 et
1137 4205 1393 4260 illustrior
1413 4218 1545 4275 gens
1571 4204 1768 4265 evasit,
1790 4220 1913 4260 cum
1944 4219 2009 4259 ex
2037 4205 2190 4259 vobis

606 4298 697 4367 qui
724 4298 917 4365 captivi
940 4306 1093 4352 erant
1114 4299 1329 4367 regibus
1353 4306 1534 4352 essent
1555 4296 1882 4366 superiores.
1910 4295 2015 4351 Sed
2049 4311 2191 4352 nunc

607 4391 696 4445 illa
725 4393 903 4446 omnia
933 4391 1232 4460 perierunt,
1264 4399 1317 4445 et
1351 4390 1668 4460 supplicium
1698 4397 1779 4443 est
1807 4389 2021 4459 gravius
2045 4389 2191 4458 prio-

608 4484 775 4549 ribus,
804 4499 909 4537 non
938 4483 1111 4536 solum
1140 4491 1355 4550 pr0pter
1381 4480 1767 4551 longitudinem
1791 4479 2066 4551 temporis,
2094 4480 2189 4536 sed

606 4573 769 4628 etiam
791 4574 911 4642 quia
937 4573 1067 4627 estis
1101 4572 1335 4641 undique
1367 4570 1625 4626 derelicti.
1663 4571 1904 4639 Quanam
1955 4587 2082 4642 ergo
2124 4572 2192 4627 de

605 4679 785 4728 causa,
827 4663 931 4727 dic,
981 4678 1187 4733 quaeso,
1220 4661 1430 4732 quando
1476 4662 1626 4732 plura
1677 4663 1996 4732 peccabatis,
2049 4671 2191 4718 tanta

606 4758 767 4812 vestri
798 4764 915 4811 erat
947 4770 1071 4809 cura
1104 4769 1166 4810 ac
1224 4753 1554 4823 providentia
1588 4771 1601 4808 :
1632 4755 1844 4824 quando
1875 4764 2051 4811 autem
2093 4771 2192 4827 pro

605 4853 724 4921 lege
762 4850 878 4905 zelo
907 4849 1115 4905 accensi
1144 4851 1275 4904 estis
1298 4889 1313 4914 ,
1342 4848 1482 4917 passi
1513 4849 1642 4903 estis
1669 4849 1953 4919 graviora?
1981 4850 2059 4904 Ex
2092 4851 2191 4905 hoc

603 4946 747 5000 enim
802 4944 965 4998 Deum
1004 4940 1270 4995 damnatis
1321 4938 1627 5009 iniustitiae,
1684 4940 1824 5009 quod
1880 4950 2191 5011 peccatores

604 5035 821 5107 quide
854 5035 1143 5089 honoraret
1165 5072 1179 5096 ,
1212 5045 1306 5086 eos
1334 5039 1512 5085 autem
1542 5028 1633 5100 qui
1659 5043 1718 5084 se
1754 5038 1903 5084 recte
1923 5041 1975 5085 et
1995 5046 2062 5086 ex
2087 5030 2194 5084 vir-

606 5138 715 5183 tute
744 5126 1001 5199 gerebant
1036 5121 1327 5195 ignominia
1353 5119 1611 5177 aﬁ‘ecet-it.
1657 5118 1712 5174 Si
1757 5120 1900 5174 enim
1932 5120 2192 5190 imposto-

605 5235 742 5286 rem,
776 5227 833 5273 ut
880 5216 1079 5283 dicitis,
1134 5213 1444 5282 sustulistis,
1493 5227 1591 5268 vos
1644 5220 1791 5267 recte
1833 5225 1897 5266 ac
1938 5212 2192 5282 praeclare

614 5344 803 5409 Morelli
835 5358 846 5393 :
877 5348 1023 5409 Reg,
1047 5345 1208 5409 Coll)”
1246 5350 1309 5409 el_
1330 5340 1482 5390 Savil.
1515 5340 1643 5391 Edit.
1669 5356 1681 5391 :
1708 5342 1808 5393 Sed
1830 5355 1937 5394 cum
1960 5341 2083 5409 {alia
2102 5357 2191 5397 nos

608 5403 873 5516 Lolt’mntur,
915 5402 1018 5470 ip'si
1040 5404 1243 5458 dicunt:
1268 5402 1481 5466 Propter
1520 5413 1686 5455 nostra
1723 5411 1923 5467 peccata
1960 5406 2062 5457 hare
2100 5420 2193 5470 pa-

649 5480 777 5515 mur.

664 5533 743 5641 (Sa)
778 5539 862 5581 Par
887 5538 1096 5581 erratum
1121 5530 1325 5581 exhibet
1360 5527 1723 5591 Chrysostomus
1764 5529 1814 5577 in
1852 5529 1986 5579 libris
2022 5535 2189 5581 contra

696 5606 812 5641 eos.
837 5594 949 5641 auia
985 5592 1343 5641 chronolosziam
1366 5589 1451 5639 ille
1487 5602 1582 5638 non
1606 5588 1809 5639 multum
1839 5593 2053 5641 curabat.
2075 5599 2189 5641 Cum

610 5588 812 5656 ludaeos,
837 5594 949 5655 quia
985 5592 1343 5656 chronologiam
1366 5588 1466 5656 ille
1487 5602 1582 5638 non
1606 5588 1809 5656 multum
1839 5593 2053 5656 curabat.
2075 5599 2189 5656 Cum

608 5659 740 5706 enim
778 5651 867 5704 bas
901 5651 1239 5715 Expos'tiones'
1252 5656 1299 5703 in
1322 5652 1530 5702 Psalmos
1554 5651 1829 5715 Antiochiae,
1853 5661 1908 5701 ut
1930 5654 1977 5700 in
2018 5654 2188 5702 Irzefa-

608 5721 742 5768 tione
763 5716 953 5770 dicitur,
972 5713 1201 5775 ediderit.
1242 5716 1321 5765 vix
1359 5713 1567 5763 trecenti
1594 5714 1787 5775 triginta
1809 5715 1919 5765 anui
1942 5717 2184 5766 numerari

610 5786 834 5840 poterant
849 5777 912 5827 ab
935 5776 1124 5826 escile
1147 5773 1228 5825 illo
1252 5773 1670 5839 Jerosolymorum.

1284 315 1339 374 Β.
1380 311 1658 373 JOANNIS
1692 304 2170 367 CHRYSOSTOMI
2207 303 2523 360 ARCHIEP.
2564 301 3098 360 CONSTANTINOP.

2266 418 2505 490 gessistis
2545 434 2560 473 :
2587 419 2699 483 vel,
2727 417 2774 472 si
2795 417 2970 488 justus
2989 427 3072 474 est
3093 415 3257 485 Deus,
3288 428 3347 495 ut
3372 428 3520 474 certe
3544 427 3629 474 est
3652 417 3858 490 justus,

2262 511 2530 566 honorare
2580 524 2678 565 vos
2712 508 3015 580 oportebat,
3058 523 3164 563 non
3218 510 3485 580 castigare
3520 528 3536 565 :
3574 511 3619 564 si
3671 520 3861 567 autem

2264 605 2504 673 castigat,
2533 602 2732 657 clarum
2754 611 2836 658 est
2858 610 3034 657 vestra
3057 616 3197 656 nunc
3213 616 3334 657 esse
3350 602 3592 672 graviora
3612 613 3856 674 peccata.

2266 696 2322 752 Si
2350 712 2477 751 vero
2499 710 2639 751 nunc
2666 711 2768 751 nec
2792 695 2935 765 impii
2959 695 3128 763 estis,
3161 709 3259 749 nec
3285 694 3441 760 ﬁlios,
3475 704 3533 749 ut
3578 704 3720 761 ante,
3770 710 3862 751 sa-

2266 789 2537 856 critlcatis,
2567 788 2831 858 quodnam
2858 797 2940 843 est
2961 787 3103 842 aliud
3133 796 3406 857 peccatum
3428 826 3444 852 ,
3474 798 3692 857 propter
3712 787 3865 858 quod

2266 882 2506 953 graviora
2531 881 2671 952 passi
2700 882 2866 936 estis?
2895 882 3086 936 Annon
3122 890 3205 935 est
3255 879 3499 947 evidens,
3536 881 3716 937 crucis
3738 896 3871 936 ere-

2268 984 2374 1031 ctae
2400 974 2572 1029 scelus
2619 987 2741 1028 esse
2781 972 2945 1028 veluti
2984 970 3269 1043 quemdam
3307 970 3660 1042 colaphonem
3696 973 3877 1027 malo-

2269 1065 2428 1119 rum?
2473 1064 2584 1120 Hoc
2611 1066 2780 1135 magis
2810 1080 2906 1120 vos
2931 1065 3166 1135 perdidit
3207 1079 3367 1137 quam
3397 1065 3659 1121 idolorum
3686 1078 3743 1122 et
3780 1068 3874 1122 vi-

2272 1156 2365 1212 tuli
2396 1157 2571 1212 cultus
2597 1166 2652 1212 et
2699 1158 2924 1213 ﬁliorum
2950 1158 3169 1214 occisio.
3218 1158 3335 1213 Non
3367 1159 3511 1214 enim
3557 1160 3704 1230 paria
3734 1168 3876 1216 sunt

2271 1247 2406 1313 hazc,
2437 1248 2599 1303 ﬁlium
2622 1265 2777 1305 suum
2804 1250 3129 1319 interﬁcere,
3155 1260 3212 1307 et
3246 1251 3528 1308 Dominum
3557 1267 3712 1308 suum
3736 1269 3876 1309 cru-

2271 1342 2505 1413 ciﬁgere.
2544 1343 2835 1414 Propterea
2855 1343 3068 1414 quando
3096 1344 3232 1399 ﬁlios
3247 1344 3548 1413 occidebas,
3569 1348 3779 1402 veniam
3805 1361 3874 1402 es

2272 1446 2631 1507 consequutus
2659 1455 2672 1491 :
2703 1436 2796 1492 sed
2823 1435 3034 1507 quando
3069 1437 3161 1493 Dei
3190 1436 3383 1492 Filium
3410 1446 3466 1492 et
3496 1447 3641 1493 tuum
3666 1439 3866 1495 Domi-

2274 1546 2400 1584 num
2427 1529 2690 1596 occidisti,
2722 1530 2998 1602 castigaris
3025 1530 3280 1601 deinceps
3306 1531 3510 1598 absque
3541 1532 3646 1586 ulla
3671 1533 3857 1587 venia.

2349 1622 2481 1689 Quot
2507 1624 2628 1676 anni
2647 1621 2707 1677 ab
2731 1623 2867 1676 exitu
2891 1638 2953 1676 ea:
2969 1620 3202 1693 ngypto
3227 1624 3295 1677 ad
3312 1621 3586 1677 Christum.
3617 1654 3688 1665 -
3712 1624 3885 1692 ρηοι-

2275 1720 2404 1767 sunt
2453 1712 2577 1767 anni
2617 1712 2686 1768 ab
2718 1714 2862 1770 exitu
2896 1729 2961 1770 ex
2991 1713 3224 1786 Egypto
3269 1730 3438 1785 usque
3479 1716 3546 1773 ad
3574 1717 3873 1773 adventum

2277 1805 2518 1862 Christi?
2544 1806 2686 1863 Mille
2715 1817 2769 1863 et
2794 1808 3064 1879 quingenti
3092 1818 3240 1878 puto,
3265 1818 3321 1866 et
3341 1809 3542 1879 plures.
3583 1811 3875 1879 Quomodo

2278 1913 2405 1970 ergo
2427 1899 2478 1955 in
2508 1899 2589 1954 his
2617 1901 2864 1969 omnibus
2878 1916 2974 1956 vos
3004 1912 3288 1971 peccantes
3322 1916 3511 1972 passus
3552 1913 3634 1958 est
3667 1922 3680 1959 :
3722 1920 3872 1961 nunc

2279 2002 2456 2046 autem
2484 2005 2578 2048 vos
2603 1991 2815 2062 abjecit,
2847 1992 3058 2064 quando
3079 1992 3308 2048 maxime
3324 2007 3583 2050 coronare
3607 1996 3875 2064 oportuit,

2280 2086 2379 2140 etsi
2404 2085 2567 2140 multa
2595 2084 2949 2157 peccassetis?
2972 2085 3292 2141 Praeclarum
3308 2087 3448 2142 enim
3467 2095 3609 2143 esset
3626 2096 3876 2144 vestrum

2282 2177 2508 2246 facinus,
2535 2179 2579 2234 si
2607 2179 2947 2249 deceptorem
2976 2178 3329 2235 occidissetis.
3357 2178 3490 2235 Cum
3542 2179 3643 2236 hoc
3686 2190 3877 2234 autem

2283 2286 2424 2326 nunc
2476 2271 2694 2326 sabbata
2739 2271 3026 2327 observare
3065 2270 3337 2336 videmini,
3363 2280 3418 2327 et
3467 2271 3605 2327 idola
3647 2271 3880 2327 minime

2283 2363 2535 2431 adoratis,
2564 2362 2773 2435 aliaque
2811 2377 3029 2418 servare
3070 2378 3262 2434 magno
3304 2361 3480 2418 studio
3523 2362 3879 2418 contenditis.

2284 2456 2510 2524 Quando
2538 2472 2665 2529 ergo
2694 2465 2749 2512 et
2773 2457 2880 2511 vita
2918 2466 3095 2511 chtra
3122 2465 3205 2512 est
3234 2456 3426 2511 melior
3447 2497 3460 2520 ,
3491 2466 3544 2511 et
3579 2464 3685 2511 tam
3727 2471 3880 2525 pras-

2285 2551 2514 2621 clarum,
2536 2560 2593 2604 ut
2616 2548 2812 2614 dicitis,
2839 2549 3042 2607 facinus
3061 2547 3281 2615 fecistis,
3304 2555 3431 2602 tunc
3454 2548 3637 2602 ultima
3661 2547 3887 2616 patimi-

2287 2643 2360 2697 ni.
2389 2642 2522 2711 Quid
2566 2641 2665 2697 hac
2710 2640 2913 2696 insania
2956 2639 3116 2696 fuerit
3162 2639 3434 2696 deterius?
3464 2638 3592 2709 quid
3636 2638 3737 2694 hac
3780 2638 3885 2693 de-

2287 2735 2506 2800 mentia,
2548 2733 2687 2805 quod
2716 2748 2838 2789 cum
2870 2747 2967 2788 vos
3016 2730 3305 2787 defendere
3358 2730 3551 2795 velitis,
3578 2727 3887 2785 maledictis

2290 2827 2457 2882 Deum
2496 2826 2866 2882 insectamini?
2895 2825 2952 2881 Si
2979 2826 3121 2881 enim
3148 2824 3290 2896 quod
3318 2823 3576 2879 adversus
3604 2821 3888 2878 Christum

2290 2920 2586 2991 peccastis,
2627 2935 2733 2975 non
2772 2927 2856 2974 est
2900 2918 3003 2974 illis
3033 2917 3282 2973 omnibus
3312 2915 3568 2980 deterius,
3597 2913 3693 2969 sed
3742 2914 3799 2968 id
3853 2931 3887 2967 a

2288 3015 2460 3081 vobis,
2485 3022 2544 3069 ut
2579 3013 2776 3078 dicitis,
2815 3013 2959 3083 juste
2994 3010 3190 3066 factum
3234 3020 3316 3066 est
3347 3026 3361 3064 :
3390 3026 3486 3067 cur
3533 3024 3631 3066 vos
3659 3009 3886 3080 quidem

2290 3109 2477 3178 punit,
2509 3107 2586 3162 sic
2610 3116 2755 3163 recte
2780 3121 2874 3161 vos
2902 3115 3149 3175 gerentes
3168 3145 3185 3171 ,
3213 3103 3558 3174 peccantibus
3582 3113 3767 3159 autem
3793 3120 3887 3173 pc-

2291 3200 2631 3273 percit‘lﬂoc
2683 3215 2790 3255 non
2840 3199 3014 3254 solum
3063 3199 3222 3265 Deus,
3256 3196 3351 3252 sed
3392 3211 3492 3252 nec
3529 3196 3667 3253 ullus
3714 3195 3887 3252 homo

2291 3296 2486 3351 mentis
2515 3309 2737 3365 compos
2769 3291 2944 3348 facere
2964 3291 3015 3345 in
3037 3290 3272 3345 animum
3303 3289 3589 3345 induxerit.
3613 3286 3719 3345 Sed
3751 3289 3885 3360 quid

2293 3386 2358 3440 ad
2387 3386 2504 3441 bare
2525 3384 2743 3440 dicunt?
2773 3382 2987 3452 Disjecti
3012 3397 3217 3447 sumus,
3246 3390 3305 3435 ut
3328 3394 3570 3435 essemus
3597 3379 3745 3435 orbis
3778 3391 3887 3435 tero

2292 3494 2369 3534 rte
2397 3478 2665 3532 doctores.
2697 3475 2861 3546 Nugas
2886 3480 3011 3529 sunt
3046 3473 3179 3538 hmo,
3208 3481 3264 3527 et
3302 3470 3534 3540 ineptire.
3590 3470 3698 3526 Eos
3734 3473 3885 3527 enim

2293 3569 2382 3640 qui
2413 3567 2575 3623 futuri
2596 3573 2721 3621 sunt
2742 3565 3014 3631 doctores,
3039 3578 3099 3619 se
3128 3563 3275 3633 prius
3298 3570 3445 3617 recte
3469 3562 3701 3633 gessisse
3716 3577 3888 3632 Opor-

2295 3660 2414 3725 tuit,
2448 3668 2501 3713 et
2522 3667 2648 3713 tunc
2670 3656 2739 3711 ad
2760 3657 2811 3711 id
2840 3655 2974 3711 mitti
3000 3672 3015 3708 :
3043 3653 3342 3725 cttjusmodi
3370 3652 3585 3709 fuerunt
3605 3654 3888 3725 pmphetze

2295 3760 2350 3809 et
2374 3752 2623 3823 apostoli.
2674 3749 2807 3805 Cum
2848 3758 3025 3804 autem
3066 3749 3166 3819 ipsi
3209 3749 3317 3803 sint
3345 3746 3580 3819 perversi
3605 3756 3703 3812 ,et
3729 3749 3885 3803 omni

2293 3844 2423 3899 vitio
2445 3841 2625 3898 referti
2645 3883 2661 3909 ,
2689 3839 2959 3912 quomodo
2986 3838 3053 3894 ad
3087 3838 3386 3895 docendum
3413 3839 3563 3895 missi
3588 3839 3753 3895 sunt?
3790 3840 3886 3895 Vi-

2295 3934 2517 3990 deamus
2543 3949 2672 4005 ergo
2698 3933 2871 4002 qualis
2903 3946 3090 3988 eorum
3121 3931 3281 3987 fuerit
3306 3932 3412 3987 vita
3437 3948 3556 4002 qua:
3582 3935 3885 4004 praecessit.

2296 4027 2630 4083 Inveniemus
2654 4027 2796 4082 enim
2825 4040 2920 4081 eos
2949 4023 3141 4080 belluis
3164 4023 3326 4080 fuisse
3351 4024 3714 4081 immaniores.
3742 4024 3885 4081 Nam

2295 4127 2351 4174 et
2378 4118 2673 4187 parricidae,
2703 4125 2756 4171 et
2785 4117 3073 4172 liberorum
3091 4114 3481 4180 interfectores,
3510 4116 3887 4188 idolorumque

2295 4211 2546 4275 cultores,
2582 4219 2636 4263 et
2664 4209 2958 4264 alienorum
2991 4206 3254 4262 bonorum
3295 4216 3645 4277 occupatores
3690 4207 3886 4275 fuere;

2296 4317 2479 4357 eorum
2508 4310 2685 4356 autem
2715 4310 2838 4355 sunt
2860 4299 3032 4370 plena:
3063 4299 3374 4369 prophetia.
3396 4304 3474 4354 Ac
3503 4308 3735 4355 vestram
3766 4302 3887 4371 qui-

2296 4395 2417 4451 dem
2444 4393 2716 4448 libidinem
2747 4390 3049 4462 signiﬁcans
3074 4391 3358 4457 Jeremias,
3383 4390 3595 4446 dicebat
3624 4408 3638 4446 :
3668 4391 3810 4460 Equi
3833 4394 3886 4446 in

2297 4503 2449 4556 equas
2477 4486 2781 4540 insanientes
2805 4483 2931 4552 [acti
2969 4491 3086 4538 sunt
3116 4499 3135 4536 :
3163 4483 3505 4552 unusquisque
3533 4483 3795 4537 hinniebat
3819 4483 3887 4536 ad

2296 4596 2505 4635 uxorem
2555 4578 2771 4649 proximi
2824 4575 2957 4645 (Jer.
2989 4576 3043 4631 5.
3069 4576 3148 4645 8).
3207 4575 3344 4644 Quid
3389 4576 3493 4631 hac
3526 4576 3686 4633 fuerit
3730 4579 3889 4649 pejus

2297 4671 2676 4728 immunditia?
2716 4670 2829 4725 Non
2857 4670 2999 4725 enim
3021 4679 3081 4724 ut
3107 4670 3350 4725 homines
3375 4686 3496 4725 cum
3519 4673 3632 4727 suis
3656 4674 3887 4729 invicem

2299 4766 2553 4822 usuribus
2582 4764 2830 4820 coibant:
2862 4771 2917 4818 et
2952 4762 3072 4819 ideo
3101 4776 3285 4817 eorum
3334 4762 3568 4819 furorem
3597 4765 3888 4835 appellavit

2300 4858 2582 4914 hinnitum.
2601 4856 2709 4911 Nec
2737 4871 2832 4911 eos
2860 4855 3033 4910 solum
3056 4856 3230 4925 arguit
3260 4854 3641 4921 fornicationis,
3667 4857 3765 4912 sed
3793 4873 3887 4912 eos

2298 4951 2456 5006 etiam
2482 4960 2695 5004 accusat
2713 4947 2981 5011 adulterii,
3011 4946 3155 5017 quod
3175 4947 3335 5002 etiam
3355 4948 3424 5002 ab
3443 4950 3523 5003 eis
3545 4949 3885 5019 impudenter

2297 5041 2679 5098 admittebatur
2706 5080 2721 5106 ,
2749 5038 3193 5110 quemadmodum
3216 5038 3268 5093 in
3303 5038 3493 5094 brutis.
3527 5040 3677 5096 Alius
3703 5051 3880 5097 autem

2298 5135 2556 5206 propheta
2577 5133 2705 5187 dicit
2738 5150 2751 5188 :
2782 5131 2810 5184 1
2817 5130 3007 5201 ngressi
3031 5140 3147 5184 sunt
3163 5130 3231 5185 ad
3252 5129 3511 5185 mulierem
3531 5132 3769 5203 facientes
3786 5150 3882 5185 auo

2298 5227 2413 5291 trra,
2445 5226 2580 5294 [ilius
2601 5234 2647 5278 et
2677 5233 2819 5295 pater
2842 5222 2910 5276 ad
2930 5221 3155 5276 eamdem
3183 5222 3407 5287 puellam
3432 5221 3711 5294 (a)(Amos.
3728 5226 3783 5278 2.
3801 5225 3877 5292 7).

2298 5318 2585 5388 Pr0pterea
2638 5330 2786 5386 ergo,
2817 5314 2923 5379 dic,
2948 5329 3151 5383 quaeso,
3184 5328 3280 5367 vos
3327 5313 3473 5367 misit
3525 5313 3794 5380 doctores,
3825 5322 3879 5369 ut

2296 5408 2673 5464 fornicationes
2697 5415 2753 5461 et
2792 5405 3054 5460 adulteria
3086 5403 3436 5471 disceremus,
3467 5414 3523 5461 et
3550 5406 3692 5475 quod
3723 5421 3878 5476 opor-

2296 5510 2404 5556 teat
2432 5509 2637 5571 patrem
2669 5505 2725 5552 et
2759 5497 2926 5552 ﬁlium
2960 5496 3100 5552 idem
3126 5496 3263 5550 inire
3291 5496 3514 5551 cubile?
3566 5497 3701 5564 Quid
3752 5512 3878 5553 vero

2296 5592 2587 5647 Ezechiel?
2625 5588 2709 5645 Ne
2740 5588 3017 5644 secundum
3043 5590 3266 5660 gentium
3313 5589 3512 5657 quidem
3551 5590 3774 5660 legitima
3800 5592 3874 5658 [c-

2358 5707 2431 5769 (a)
2466 5712 2575 5755 Haec
2615 5705 2810 5769 omnino
2835 5701 3031 5751 diverse
3070 5699 3350 5769 referuntur
3376 5716 3423 5751 ιιι
3446 5710 3583 5755 textu
3609 5711 3747 5754 Amos
3771 5716 3879 5765 ιω-

2296 5762 2476 5837 plu-tie,
2497 5776 2551 5819 ιιι
2575 5768 2738 5817 videas
2756 5765 2801 5814 itt
2827 5771 3028 5815 Romana
3052 5762 3287 5813 Editionc.
