4084 6278
231 385 330 439 HI

230 498 298 552 πέ
342 513 462 569 μοι.
505 497 597 569 Μὴ
625 500 736 571 γὰρ
764 499 858 557 νῦν
897 502 1109 573 πρῶτον
1134 507 1524 579 ήμαρτήκατε;
1557 510 1672 564 Νῦν
1719 510 1818 578 μὲν

228 583 326 642 οὖν
365 588 465 643 καὶ
495 591 890 662 ἐπιεικέστεροι
929 596 1209 664 γεγόνατε.
1248 598 1407 654 Ἀλλά
1449 603 1614 671 μήπω
1641 599 1816 659 τοῦτο·

230 680 349 734 ἀλλ’
390 682 565 735 ἐκεῖνο
595 680 663 735 ἂν
687 683 832 754 ὑμᾶς
869 685 1115 758 ἐροίμηνο
1136 689 1292 754 Τίνος
1314 690 1499 745 ἕνεκεν
1532 693 1618 745 ἀεὶ
1641 694 1818 764 ἀμαρ-

230 773 489 835 τάνοντες
528 774 794 845 πρότερον
833 777 1157 849 ἐτυγχάνετε
1211 781 1622 853 φιλανθρωπίας
1665 785 1820 857 παρὰ

233 861 371 916 Θεοῦ
400 873 451 926 ι,
479 863 574 917 νῦν
603 863 660 918 δὲ
695 865 898 930 οὐκέτι,
927 868 1021 920 καὶ
1051 868 1112 922 τὸ
1147 868 1210 941 δή
1241 870 1711 945 παραδοξότερονη
1737 874 1820 927 ὅτι

240 954 502 1007 ἐλάττονα
536 954 632 1009 νῦν
674 956 1112 1028 ἀμαρτάνοντες;
1155 961 1288 1013 Τότε
1321 961 1423 1032 μὲν
1458 962 1567 1034 γάρ
1604 952 1824 1035 καὶμτῷ

242 1043 561 1117 Βεελφεγὼρ
615 1046 906 1113 ὲτελεῖσθε,
963 1050 1056 1102 καὶ
1117 1050 1314 1122 μόσχον
1356 1054 1821 1125 προσεκυνήσατε,

241 1137 331 1188 καὶ
385 1138 515 1199 τοὺς
558 1138 709 1200 υἱοὺς
752 1138 1041 1207 ὲσφάξατε,
1088 1139 1206 1213 [82]
1243 1143 1335 1196 καὶ
1375 1142 1474 1208 τάς
1519 1145 1824 1217 θυγατέρας

239 1228 394 1298 ὑμῶν
432 1228 695 1290 ἀνείλετε,
730 1230 1014 1285 καὶταῦτα
1045 1232 1286 1303 σημείων
1316 1235 1698 1301 ἀπολαύοντεςο
1729 1239 1825 1293 νῦν

236 1319 293 1372 δὲ
312 1320 377 1372 οὔ
402 1319 673 1373 θάλατταν
695 1320 929 1391 ὁρῶντες
953 1323 1293 1395 σχιζομένην,
1317 1327 1376 1379 οὐ
1404 1327 1607 1400 πέτραν
1630 1331 1827 1400 ῥηγνυ-

239 1412 434 1482 μένην,
484 1413 545 1465 οὐ
592 1415 880 1485 προφήτας
930 1418 1417 1487 παραγινομένους,
1454 1419 1658 1491 ούιτῆς
1704 1437 1829 1475 συν-

237 1502 408 1573 ήθους
448 1503 815 1570 ἀπολαύοντες
865 1508 1143 1577 προνοίας,
1186 1509 1335 1579 ὅμως
1377 1511 1597 1579 μείζονα
1628 1511 1828 1566 ἐπιδεί-

238 1596 445 1650 κνυσθε
502 1596 602 1668 τὴν
638 1599 958 1653 ἐπιείκειαν*
990 1599 1044 1653 τί
1088 1600 1286 1671 δήποτε
1344 1599 1454 1666 οῦν,
1503 1603 1593 1656 ὅτε
1628 1606 1723 1659 καὶ
1761 1603 1830 1657 τὰ

238 1688 623 1759 ἁμαρτήματα
651 1688 955 1759 «ἐλάττονα,
997 1691 1090 1744 καὶ
1143 1693 1176 1762 ἡ
1236 1693 1555 1765 σωφροσύνη
1601 1694 1825 1759 πλείων,

243 1780 453 1849 μείζων
490 1781 522 1851 ἡ
558 1780 777 1844 κόλασις
810 1781 903 1834 καὶ
951 1784 983 1852 ή
1024 1784 1293 1854 τιμωρία;
1330 1787 1444 1838 υὺκ
1471 1784 1692 1855 εὔδηλον
1735 1787 1830 1839 καὶ

240 1875 351 1933 τοῖς
389 1873 603 1942 σφόδρα
635 1874 899 1944 ἀνοήτοις,
923 1875 1005 1926 ὅτι
1030 1875 1215 1946 ἐπειδὴ
1239 1876 1420 1946 μεῖζον
1448 1877 1509 1931 τὸ
1535 1877 1629 1931 νῦν
1649 1878 1830 1949 ἀμιίιρ⁴

241 1980 439 2033 τημας
480 1965 626 2029 Ἕως
670 1965 773 2036 μὲν
810 1964 918 2037 γὰρ
946 1968 1024 2030 είς
1057 1968 1182 2031 τοὺς
1208 1968 1424 2031 δούλους
1466 1969 1828 2040 ήμαρτάνετε,

244 2057 577 2125 ἐτυγχάνετε
621 2057 967 2128 συγγνώμης,
1022 2060 1308 2130 προφήτας
1342 2059 1692 2130 ἀναιροῦντες
1738 2061 1833 2114 καὶ

245 2150 584 2213 λιθάζοντες·
612 2151 799 2223 ἐπειδὴ
842 2152 900 2206 δὲ
937 2154 1018 2217 είς
1056 2153 1148 2207 τὸν
1192 2153 1470 2223 Δεσπότην
1507 2153 1604 2217 τὰς
1647 2155 1834 2225 χεῖρας

245 2244 580 2308 ἐξετείνατε,
634 2244 851 2298 ἀνίατον
898 2245 1119 2315 γέγονεν
1159 2246 1287 2316 ὑμῖν
1333 2246 1393 2299 τὸ
1424 2244 1581 2310 ἓλκος
1626 2247 1831 2303 λοιπόν.

247 2335 336 2386 Διὸ
379 2336 712 2404 τετρακόσια
750 2333 933 2389 λοιπὸν
993 2335 1087 2407 ἐτη
1140 2335 1439 2407 παρῆλθον,
1488 2338 1579 2406 ἀφ’
1638 2329 1700 2390 οῦ
1741 2337 1834 2390 καὶ

248 2426 383 2477 αὐτὸ
418 2425 522 2492 τῆς
554 2424 764 2488 πόλεως
789 2425 851 2478 τὸ
890 2425 1084 2494 ἔδαφος
1116 2426 1432 2496 ἠφάνισται,
1479 2428 1513 2497 ἡ
1566 2425 1834 2498 ἱερωσύνη

249 2518 546 2589 ἀνῄρηται,
592 2520 626 2589 ή
679 2518 924 2588 βασιλεία
960 2518 1196 2583 λέλυται,
1242 2518 1313 2573 τά
1350 2519 1458 2572 τῶν
1485 2521 1665 2588 φυλῶν
1704 2536 1836 2588 συγ-

250 2612 507 2680 κέχυται,
542 2611 719 2665 πάντα
748 2610 818 2664 τὰ
845 2610 1017 2683 σεμνά
1048 2613 1229 2666 ἐκεῖνα
1268 2612 1361 2665 καὶ
1391 2612 1455 2665 λα
1465 2612 1619 2684 μπρά
1648 2613 1839 2683 ἠφάνι-

254 2720 399 2761 σται,
432 2704 532 2755 καὶ
559 2702 680 2757 οὐδὲ
710 2704 855 2773 ῐχνος
890 2707 1018 2777 παρ’
1046 2704 1192 2775 ὑμῖν
1222 2704 1358 2774 ὅπερ
1385 2704 1641 2757 οὐδέποτε
1679 2703 1839 2772 γέγο-

251 2813 361 2849 νεν.
402 2794 550 2848 Ἀλλ’
581 2796 641 2849 ὲν
671 2799 812 2867 ἀρχῇ
847 2797 966 2868 μὲν,
997 2798 1091 2851 καὶ
1132 2797 1227 2851 τοῦ
1262 2796 1390 2851 ναοῦ
1429 2797 1836 2869 καθῃρημένου,

253 2886 300 2937 οί
334 2887 620 2955 προφῆται
664 2886 994 2957 παρέμενον,
1052 2888 1146 2940 καὶ
1193 2886 1509 2958 Πνεύματος
1564 2887 1835 2959 χορηγίαι,

256 2977 348 3028 καὶ
379 2974 663 3044 θαύματα’
693 2976 810 3028 νυνὶ
841 2975 918 3040 δὲ,
956 2975 1041 3028 ἵνα
1077 2976 1260 3047 σαφῶς
1299 2975 1505 3047 μάθητε
1535 2978 1615 3031 ὅτι
1652 2980 1680 3031 6
1709 2978 1841 3042 Θεὸς

263 3066 411 3136 ὑμᾶς
449 3043 829 3138 ἀπέστραπται
882 3043 1170 3137 διηνεκὲις,
1206 3043 1312 3121 καὶ-
1332 3043 1504 3122 ταῦτα
1550 3068 1836 3140 ἀνῄρηται·

261 3161 354 3211 καὶ
386 3158 631 3223 δουλεία,
674 3160 770 3212 καὶ
799 3159 1166 3230 αἰχμαλωσία,
1196 3160 1290 3213 καὶ
1319 3163 1533 3215 πάντων
1576 3160 1844 3225 ἔκπτωσις

264 3250 562 3316 ητέλαῦε,
586 3250 681 3304 καὶ
708 3250 768 3304 τὸ
792 3251 1005 3307 πάντων
1028 3251 1425 3324 χαλεπώτερον,
1449 3252 1584 3307 Θεοῦ
1611 3253 1845 3323 ἐγκατά-

265 3345 317 3397 λε
325 3344 465 3413 ιψις.

329 3455 397 3509 δ’.
439 3454 551 3508 Καὶ
574 3453 772 3509 ταύτὸν
803 3454 1097 3527 πεποίηκεν
1119 3458 1147 3510 6
1166 3456 1296 3520 Θεὸς
1313 3497 1327 3523 ,
1352 3450 1463 3510 οἷον
1482 3455 1548 3511 ἃν
1567 3454 1713 3520 εῐτις
1731 3454 1849 3508 δοῦ-

266 3547 354 3601 λον
385 3545 685 3617 ἀγνώμονα
709 3546 966 3611 πολλάκις
1003 3548 1368 3619 μαστιχθέντα
1394 3548 1486 3601 καὶ
1523 3548 1598 3618 μὴ
1625 3547 1849 3618 διορθω-

270 3642 439 3695 θέντα
466 3640 745 3703 ἀποδύσας
772 3640 878 3695 τῶν
919 3640 1169 3711 ἱματίων,
1200 3640 1424 3712 γυμνὸν,
1463 3640 1688 3710 ἔρημον,
1723 3638 1851 3710 ἀλή-

270 3751 371 3805 την
400 3734 517 3804 ἀφῇ
557 3732 889 3796 πλανᾶσθαι,
936 3732 1329 3804 προσαιτοῦντα
1364 3731 1459 3785 καὶ
1496 3730 1851 3801 ἐλαυνόμενον

272 3824 583 3894 πανταχοῦ.
616 3824 887 3895 Πρότερον
913 3823 969 3876 δὲ
998 3824 1058 3878 ού
1082 3822 1303 3877 τοιαῦτα
1329 3824 1409 3891 τὰ,
1426 3822 1688 3894 ὑμέτερα,
1713 3820 1849 3875 ἀλλά

271 3918 369 3970 καὶ
409 3915 686 3986 προφῆται
734 3916 862 3987 παρ’
907 3915 1068 3985 ὑμῖν,
1108 3914 1203 3967 καὶ
1243 3916 1301 3968 ὲν
1333 3913 1626 3984 Αἰγύπτῳ,
1662 3914 1754 3967 καὶ
1795 3914 1853 3965 ὲν

273 4006 597 4069 Βαϐυλῶνι,
628 4006 725 4058 καὶ
765 4006 823 4057 ὲν
851 4005 1042 4077 ἐρήμῳ
1062 4018 1079 4035 ⁸
1116 4004 1355 4074 Μωῦσῆς
1384 4006 1441 4056 ὲν
1467 4003 1725 4073 Αἰγύπτῳ
1746 4041 1761 4066 ,
1791 4002 1851 4055 ὲν

273 4096 560 4151 Βαϐυλῶνι
604 4096 800 4166 Δανιὴλ
849 4096 943 4149 καὶ
987 4095 1279 4167 Ἷεζεκιὴλ,
1319 4097 1376 4149 ὲν
1407 4093 1666 4164 Αἰγύπτῳ
1695 4093 1855 4148 πάλιν

287 4189 593 4265 Ἱερεμίας·
619 4191 714 4241 καὶ
748 4186 1000 4257 θαύματα
1038 4187 1131 4240 ἐπὶ
1175 4186 1444 4257 θαύμασι,
1474 4187 1570 4240 καὶ
1607 4184 1857 4255 λαμπρό-

277 4298 443 4351 τερον
473 4280 538 4333 τὸ
575 4280 724 4343 ἔθνος
760 4280 970 4348 ἐγίνετο
991 4319 1006 4343 ,
1046 4278 1155 4331 τῶν
1192 4279 1322 4349 παρ’
1346 4280 1472 4348 ὑμῖν
1497 4277 1856 4349 αἰχμαλώτων

282 4374 553 4442 βασιλέων
593 4372 941 4444 ὑψηλοτέρων
978 4371 1300 4441 γενομένων.
1345 4370 1505 4424 Ἀλλά
1548 4369 1642 4422 νῦν
1679 4370 1856 4423 πάντα

283 4468 474 4520 ἐκεῖνα
538 4465 776 4536 οἴχεται,
834 4465 928 4518 καὶ
972 4467 1005 4536 ὴ
1057 4462 1293 4534 τιμωρία
1344 4461 1699 4532 χαλεπωτέρα
1750 4461 1860 4514 τῶν

289 4559 596 4630 προτέρων,
621 4558 683 4610 οὑ
722 4556 879 4626 μόνον
912 4554 990 4627 τῷ
1017 4555 1178 4626 μήκει
1204 4553 1296 4607 τοῦ
1337 4553 1528 4625 χρόνου
1549 4594 1564 4621 ,
1587 4552 1725 4607 ἀλλά
1767 4552 1862 4606 καὶ

287 4655 352 4722 τῇ
390 4649 559 4719 πολλῇ
598 4646 1002 4717 ἐγκαταλείψει.
1042 4645 1199 4710 Τίνος
1231 4640 1322 4700 οῦν
1350 4645 1558 4710 ἕνεκεν,
1598 4644 1719 4697 εἰπέ
1749 4660 1859 4714 μοι,

287 4740 376 4793 ὅτε
413 4739 635 4809 μείζονα
677 4739 1016 4809 ἡμαρτάνετε
1040 4775 1056 4800 ,
1093 4734 1356 4806 τοσαύτης
1393 4734 1695 4789 ἀπελαύετε
1726 4751 1860 4805 προσ

290 4830 439 4891 νοίας
460 4845 474 4858 ·
511 4828 599 4880 ὅτε
642 4827 698 4880 δὲ
718 4869 734 4893 ,
768 4825 842 4890 ὤς
876 4843 1009 4895 φατε
1029 4867 1044 4891 ,
1100 4826 1197 4880 καὶ
1240 4824 1548 4896 ὲζηλώσατε
1582 4825 1723 4896 ὑπὲρ
1767 4824 1862 4878 τοῦ

292 4921 462 4989 νόμου
482 4959 496 4982 ,
546 4919 765 4990 χείρονα
800 4918 1061 4984 ὲπάθετε;
1127 4917 1259 4972 Ἀπὸ
1290 4916 1398 4988 γὰρ
1432 4915 1624 4970 τούτου
1653 4916 1864 4970 ἀδικίαν

294 5009 734 5079 καταγινώσκετε
780 5009 874 5062 τοῦ
932 5008 1104 5074 Θεοῦ,
1157 5008 1239 5062 ὅτι
1294 5008 1704 5078 ἁμαρτάνοντας
1767 5006 1865 5077 μὲν

296 5104 489 5174 ἐτίμα,
534 5100 930 5173 κατορθοῦντας
971 5102 1029 5155 δὲ
1059 5101 1344 5173 ἠτίμασεν.
1393 5100 1457 5152 Et
1506 5098 1617 5169 γὰρ
1664 5098 1864 5153 πλάνον

296 5193 555 5257 ἀνείλετε,
579 5193 654 5258 ὥς
681 5209 837 5262 φατε,
863 5193 957 5246 καὶ
986 5190 1413 5263 κατωρθώσατε·
1445 5191 1501 5263 ἢ,
1532 5192 1580 5243 εί
1608 5190 1816 5254 δίκαιος
1838 5192 1867 5244 6

297 5287 447 5351 Θεὸς,
481 5285 670 5358 ὥσπερ
694 5280 788 5339 οῦν
817 5285 911 5338 καὶ
947 5284 1171 5348 δίκαιος,
1204 5285 1368 5354 τιμᾷν
1396 5284 1541 5353 ὑμᾶς
1572 5283 1678 5334 ἔδει
1698 5323 1712 5348 ,
1748 5282 1868 5352 οὐχὶ

300 5376 551 5444 κολάζειν
571 5396 584 5410 ·
620 5379 669 5431 εί
690 5376 748 5430 δὲ
797 5374 1035 5439 κολάζει,
1058 5374 1280 5445 εὔδηλον
1302 5375 1384 5428 ὅτι
1410 5372 1480 5427 τὰ
1505 5372 1599 5427 νῦν
1622 5374 1871 5445 ἁμαρτή·

303 5487 446 5539 ματα
479 5467 637 5540 ὑμῶν
671 5465 1043 5540 χαλεπώτερα.
1099 5467 1162 5520 Εί
1191 5465 1249 5519 δὲ
1295 5464 1419 5519 οὔτε
1466 5465 1710 5519 άσεσεῖτε
1752 5464 1891 5529 νῦν,’

301 5559 423 5617 οὔτε
455 5561 626 5615 τέκνα
656 5558 832 5626 θύετε,
881 5559 955 5623 ὡς
987 5558 1092 5631 πρὸ
1113 5556 1324 5620 τούτου,
1356 5560 1504 5611 ποῖον
1524 5556 1651 5611 ἀλλο
1683 5555 1867 5628 ἀμάρ-

307 5807 327 5849 t
363 5740 392 5809 ξ
415 5739 733 5790 Sententiam
764 5739 817 5787 in
837 5738 981 5788 editis
1000 5750 1217 5786 mancam
1244 5736 1311 5785 sic
1332 5748 1393 5787 ex
1417 5748 1513 5785 uno
1537 5738 1702 5787 codice
1726 5740 1875 5787 mu-

330 5815 499 5849 ulmus.

330 5815 499 5852 ulmus.

1348 396 1709 454 EXPOSITIO
1744 395 1814 452 IN
1854 392 2182 453 PSALMUM
2227 398 2360 453 Vl".

3381 406 3490 463 “2

1926 511 2077 581 τημά
2111 512 2226 564 ἐστι
2260 511 2327 564 δι’
2368 509 2398 563 6
2437 511 2790 585 χαλεπώτερα
2819 502 3084 581 ἐπάθετε;
3138 517 3208 570 Ἦ
3248 516 3494 590 εὔδηλον,

1924 606 2006 659 ὅτι
2034 606 2096 660 τὸ
2125 607 2219 659 τοῦ
2257 605 2489 678 σταυροῦ
2528 607 2782 679 τόλμημα
2804 611 2832 662 6
2864 609 3105 679 κολοφὼν
3132 611 3240 665 τῶν
3271 615 3492 686 κακῶν;

1924 701 2095 755 Τοῦτο
2122 703 2215 755 καὶ
2242 701 2697 773 είδωλολατρείας,
2731 702 2844 775 [8'5]
2876 706 2970 759 καὶ
3002 707 3373 777 μοσχοποιίας,
3400 712 3496 765 καὶ

1924 798 2301 862 παιδοκτονίας
2336 799 2533 870 μᾶλλον
2567 801 2711 871 ὑμᾶς
2755 801 3051 857 ἀπώλεσεν.
3102 805 3177 857 Οὐ
3219 807 3327 877 γάρ
3352 809 3499 864 ἐστιν

1927 893 2063 956 ἴσον,
2115 894 2227 948 υἱὸν
2283 896 2483 965 σφάξαι
2516 896 2606 949 τὸν
2648 897 2840 951 ἑαυτοῦ
2866 939 2880 960 ,
2930 899 3025 952 καὶ
3071 902 3347 974 Δεσπότην
3408 906 3499 959 τὸν

1933 986 2125 1040 ἑαυτοῦ
2178 988 2504 1059 σταυρῶσαι.
2555 988 2653 1042 Διά
2680 988 2854 1053 τοῦτο,
2900 990 2988 1043 ὅτε
3039 990 3137 1061 μὲν
3181 996 3304 1057 τοὺς
3351 997 3500 1062 υἱοὺς

1925 1082 2205 1151 έσφαττες,
2240 1083 2646 1154 φιλανθρωπίας
2679 1084 2979 1147 ἀπέλαυες·
3015 1087 3101 1139 ὅτε
3148 1088 3206 1141 δὲ
3241 1089 3333 1142 τοῦ
3364 1090 3499 1144 Θεοῦ

1923 1178 2015 1230 τὸν
2048 1178 2175 1232 Υίὸν
2206 1179 2300 1231 καὶ
2333 1178 2423 1231 σὸν
2452 1179 2760 1248 Δεσπότην,
2802 1179 3162 1249 ἁσύγγνωστα
3194 1184 3378 1240 λοιπὸν
3404 1204 3499 1240 κο-

1928 1272 2082 1345 λάςῃ.

1997 1381 2145 1435 Πόσα
2174 1380 2267 1450 ἔτη
2307 1380 2414 1434 ἀπὸ
2451 1382 2549 1452 τῆς
2582 1381 2761 1446 ἐξόδου
2793 1384 2892 1452 τῆς
2924 1386 3042 1439 κατ’
3089 1389 3366 1457 Αἴγυπτον
3394 1392 3501 1456 ἕως

1926 1478 2025 1545 τῆς
2053 1476 2145 1528 τοῦ
2176 1475 2411 1547 Χριστοῦ
2440 1479 2768 1548 παρουσίας;
2795 1477 2961 1551 Οἶμαι
2989 1483 3135 1552 χίλια
3167 1487 3500 1540 πεντακόσια

1927 1567 2068 1624 εἶναι
2101 1573 2194 1625 καὶ
2223 1571 2460 1627 πλείονα.
2489 1572 2615 1636 Πῶς
2652 1571 2744 1627 οὖν
2773 1577 2831 1627 ὲν
2859 1577 3065 1642 τούτοις
3096 1580 3299 1634 ἀπασιν
3321 1582 3505 1653 ἀμαρ-

1927 1664 2186 1728 τάνοντας
2229 1666 2370 1737 ὑμᾶς
2397 1667 2579 1739 ἔφερε,
2610 1670 2705 1722 νῦν
2731 1670 2788 1722 δὲ
2828 1672 2972 1741 ὑμᾶς
2998 1674 3242 1744 ἔρριψεν,
3274 1677 3363 1729 ὅτε
3397 1677 3505 1746 μά-

1929 1760 2083 1814 λιστα
2144 1762 2481 1832 στεφανῶσαι
2541 1764 2676 1832 ἔδει,
2733 1765 2833 1820 κᾶν
2884 1768 3054 1822 πολλά
3119 1771 3505 1842 ἡμαρτηκότες

1930 1853 2061 1928 ﬁte;
2108 1857 2182 1910 T6
2225 1859 2335 1928 γάρ
2377 1858 2707 1931 κατόρθωμα
2754 1861 2906 1932 ὑμῶν
2950 1863 3083 1916 πολὺ
3127 1865 3382 1934 μέγιστον
3411 1860 3502 1938 ἦν,

1932 1956 2048 2023 εἶχε
2076 1955 2273 2010 πλάνον
2312 1957 2611 2025 ὲσφάξατε.
2641 1958 2796 2011 Μετά
2822 1958 2877 2011 δὲ
2916 1958 3106 2012 τούτου
3137 1962 3229 2013 καὶ
3261 1961 3508 2017 σάϐϐατα

1932 2050 2135 2105 δοκεῖτε
2175 2051 2463 2122 φυλάττειν
2491 2051 2606 2114 νῦν,
2639 2055 2732 2105 καὶ
2769 2053 2964 2108 εἴδωλα
3008 2056 3070 2109 οὐ
3116 2058 3505 2127 προσκυνεῖτε,
3568 2064 3577 2067 “

1933 2149 2029 2201 καὶ
2059 2147 2129 2200 τὰ
2163 2147 2297 2202 ἀλλα
2336 2147 2685 2217 φιλονεικεῖτε
2713 2149 3004 2219 διατηρεῖν.
3045 2151 3172 2204 Ὅτε
3200 2150 3380 2204 τοίνυν
3414 2152 3510 2204 καὶ

1934 2245 1963 2296 6
1992 2242 2105 2314 βίος
2139 2243 2292 2315 ὑμῶν
2334 2243 2585 2314 βελτίων,
2616 2245 2711 2298 καὶ
2743 2244 2804 2296 τὸ
2835 2245 3163 2316 κατόρθωμα
3186 2286 3202 2311 ,
3233 2246 3307 2309 ὦς
3337 2264 3471 2317 φατε
3491 2289 3506 2313 ,

1935 2342 2220 2406 τοσοῦτον,
2249 2342 2369 2394 τότε
2408 2340 2478 2393 τὰ
2521 2341 2725 2411 ἔσχατα
2767 2341 3022 2411 πάσχετε.
3062 2343 3126 2394 Τί
3171 2343 3371 2414 ταύτης
3413 2345 3512 2414 τῆς

1940 2438 2136 2508 μανίας
2153 2437 2343 2506 γένοιτ’
2370 2436 2435 2490 ἂν
2450 2441 2658 2508 χεῖρον;
2684 2438 2734 2490 τί
2756 2438 2853 2508 τῆς
2871 2438 3077 2503 ἀνοίας,
3096 2439 3177 2491 ὅτι
3198 2441 3336 2509 ὑπὲρ
3358 2439 3512 2510 ὑμῶν

1937 2535 2114 2590 αὐτῶν
2146 2533 2586 2604 ἀπολογήσασθαι
2627 2534 2957 2606 βουλόμενοι,
3002 2538 3083 2598 είς
3109 2536 3198 2589 τὸν
3227 2535 3358 2589 Θεὸν
3387 2536 3513 2606 βλα-

1940 2634 2240 2704 σφημεῖτε;
2276 2630 2340 2684 Εἰ
2372 2634 2480 2702 γάρ
2517 2632 2576 2684 οὐ
2627 2631 2807 2701 μεῖζον
2847 2631 2909 2684 τὸ
2949 2631 3253 2702 ἁμάρτημα
3282 2632 3341 2685 τὸ
3373 2631 3515 2685 κατά

1939 2727 2177 2800 Χριστοῦ
2224 2728 2441 2781 πάντων
2483 2727 2742 2790 ἐκείνων,
2783 2727 2920 2780 ἀλλά
2970 2729 3064 2781 καὶ
3099 2728 3402 2797 δικαίωμα,
3437 2727 3515 2790 ὣς

1943 2842 2077 2895 φατε
2098 2865 2114 2889 ,
2158 2826 2252 2878 καὶ
2285 2823 2646 2896 κατόρθωμα,
2672 2825 2723 2877 τί
2757 2824 2955 2895 δήποτε
2990 2823 3382 2894 κατορθοῦν’.ας
3419 2824 3515 2893 μὲν

1943 2922 2196 2986 κολάζει,
2228 2921 2646 2993 ἁμαρτανόντων
2677 2920 2733 2972 δὲ
2765 2920 3035 2988 ὲφείδετο;
3065 2919 3234 2971 Τοῦτο
3267 2919 3373 2990 γὰρ
3419 2920 3516 2988 οὺχ

1942 3021 1972 3072 6
2002 3020 2169 3084 Θεὸς,
2201 3017 2314 3071 ἀλλ’
2343 3017 2464 3071 οὐδὲ
2496 3016 2791 3088 ἄνθρωπος’
2809 3017 2958 3080 ὅστις
2995 3015 3196 3086 δήποτε
3224 3015 3346 3070 νοῦν
3380 3013 3517 3084 ἔχων

1944 3116 2230 3185 ἀνάσχοιτο
2259 3113 2324 3167 ἀν
2373 3113 2612 3184 ποιῆσαι.
2663 3112 2820 3165 Ἀλλά
2857 3112 2909 3164 τί
2966 3127 3097 3181 φασι
3141 3109 3273 3181 πρὸς
3311 3108 3515 3173 ταῦτα;

1958 3211 2317 3283 Ἐρρίφημεν,
2367 3212 2449 3264 ἴνα
2496 3210 2591 3263 καὶ
2633 3208 2941 3262 διδάσκαλοι
2983 3206 3269 3279 γενώμεθα
3312 3206 3410 3277 τῆς
3443 3207 3520 3258 ol-

1948 3308 2239 3379 κουμένης.
2288 3307 2467 3378 Λῆρος
2505 3306 2704 3373 ταῦτα,
2748 3307 2844 3359 καὶ
2890 3303 3166 3376 φλυαρίαι.
3225 3302 3364 3365 Τοὺς
3415 3301 3521 3371 γάρ

1952 3404 2213 3476 μέλλοντα
2226 3422 2244 3465 ;
2274 3398 2412 3455 εἶναι
2433 3402 2783 3466 διδασκάλους
2807 3401 3069 3473 πρότερον
3095 3400 3289 3461 αὐτοὺς
3311 3415 3525 3467 κατωρ-

1951 3503 2186 3557 θωκέναι
2229 3501 2341 3568 δεῖ,
2396 3501 2490 3554 καὶ
2537 3501 2658 3553 τότε
2703 3498 3016 3569 πέμπεσθαι
3065 3498 3145 3559 είς
3196 3495 3386 3547 τοῦτο’
3423 3489 3523 3547 οἷοι

1950 3595 2090 3671 ἦσαν
2118 3602 2167 3653 οἱ
2206 3598 2481 3671 προφῆται
2499 3638 2513 3663 ,
2542 3598 2593 3650 οί
2644 3597 2947 3650 ἀπόστολοι.
2984 3595 3152 3648 Ὅταν
3179 3593 3236 3647 δὲ
3266 3594 3416 3646 αὐτοὶ
3443 3591 3523 3644 δι-

1953 3696 2317 3770 εστραμμένοι
2344 3690 2467 3760 ὦσι,
2509 3696 2601 3748 καὶ
2644 3694 2823 3765 πάσης
2843 3694 3102 3765 γέμοντες
3146 3691 3375 3754 κακίας,
3411 3689 3526 3752 πῶς

1955 3796 2021 3850 ἂν
2047 3795 2127 3856 είς
2150 3793 2209 3846 τὸ
2238 3792 2505 3845 διδάσκειν
2528 3790 2925 3861 ἐξηνέχθησαν;
2954 3789 3182 3861 ’Ίδωμεν
3218 3787 3394 3840 τοίνυν
3415 3782 3527 3849 οἷος

1954 3890 2135 3944 αὐτῶν
2161 3891 2255 3943 καὶ
2281 3890 2309 3941 ὁ
2334 3889 2440 3960 πρὸ
2468 3889 2656 3942 τούτου
2684 3888 2816 3957 βίος.
2848 3887 3168 3957 Εὑρήσομεν
3192 3885 3300 3956 γάρ
3324 3884 3529 3957 θηρίων

1955 3988 2111 4049 όντας
2154 3986 2584 4057 χαλεπωτέρους.
2619 3985 2728 4038 Καὶ
2755 3984 2866 4055 γάρ
2904 3982 3248 4053 πατραλοϊαι,
3277 3980 3369 4034 καὶ
3403 3996 3530 4033 παι·

1956 4083 2214 4142 δοκτόνοι,
2240 4082 2332 4135 καὶ
2354 4080 2755 4150 εἰδωλολάτραι,
2782 4079 2876 4131 καὶ
2902 4078 3215 4132 πλεονέκται
3241 4076 3497 4144 γεγόνασι
3513 4089 3527 4104 ο

1959 4177 2276 4234 καὶτούτων
2307 4179 2444 4230 εἰσιν
2483 4178 2539 4229 αί
2575 4177 2900 4246 προφητεῖαι
2927 4173 3172 4244 πλήρεις.
3204 4172 3312 4224 Καὶ
3343 4170 3404 4222 τὸ
3433 4168 3530 4238 μὲν

1959 4277 2153 4346 λάγνον
2182 4275 2334 4345 ὑμῶν
2375 4273 2643 4344 Ἱερεμίας
2669 4269 2864 4340 δηλῶν,
2898 4271 3099 4338 ἔλεγεν·
3125 4269 3318 4323 "lurco:
3350 4270 3533 4335 θηλυ-

1956 4373 2167 4444 μανεῐς
2209 4372 2611 4441 ἐγενήθησαν·
2669 4369 2928 4434 ἕκαστος
2965 4367 3062 4421 ἐπὶ
3126 4367 3240 4435 τὴν
3279 4364 3534 4432 γυναῖκα

1960 4472 2066 4526 τοῦ
2101 4472 2368 4538 πλησίον
2408 4465 2756 4537 ἐχρεμέτιζε.
2792 4467 2858 4518 Τί
2903 4464 3106 4534 ταύτης
3164 4465 3260 4533 τῆς
3288 4463 3534 4535 ἀκαθαρ-

1963 4569 2085 4633 σίας
2114 4571 2325 4639 χεῖρον;
2365 4568 2438 4620 Οὐ
2471 4568 2579 4636 γάρ
2621 4566 2696 4628 ὼς
2728 4564 3003 4636 ἄνθρωποι
3049 4562 3385 4630 συνεγίνοντο
3415 4562 3532 4624 ταῖς

1963 4665 2207 4736 ἀλλήλων
2252 4659 2491 4733 γυναιξίο
2525 4661 2603 4715 διὸ
2642 4663 2733 4714 καὶ
2759 4664 2857 4732 τὴν
2893 4660 3087 4731 μανίαν
3119 4658 3296 4713 αὐτῶν
3325 4675 3529 4731 χρεμε-

1963 4758 2155 4827 τισμὸν
2185 4758 2428 4812 ἐκάλεσε.
2464 4757 2571 4808 Καὶ
2613 4756 2733 4825 οὐχὶ
2776 4753 3031 4825 πορνείαν
3060 4753 3239 4824 μόνον,
3273 4752 3407 4806 ἀλλὰ
3439 4752 3536 4807 καὶ

1967 4855 2216 4927 μοιχείαν
2250 4854 2430 4918 αὐτοῖς
2467 4851 2707 4921 ἐγκαλεῖ,
2747 4851 2840 4904 καὶ
2869 4851 3073 4921 ταύτην
3100 4851 3292 4922 ἀνέδην
3318 4848 3537 4918 γινομέ-

1966 4972 2086 5026 νην,
2115 4952 2366 5022 καθάπερ
2393 4950 2485 5003 ἐπὶ
2508 4949 2614 5003 τῶν
2644 4947 2873 5017 ἀλόγων.
2908 4948 3133 5018 ’Έτερος
3153 4947 3209 5000 δὲ
3251 4946 3536 5017 προφήτης

1969 5060 2164 5125 φησιν·
2206 5050 2515 5121 Εἱσῆλθον
2563 5048 2712 5117 πρὸς
2760 5046 2877 5114 τὴν
2929 5045 3182 5115 γυναῖκα
3224 5041 3537 5107 ποιοῦντες

1969 5152 2496 5222 παραπετάσματα,
2526 5151 2657 5213 υἱέ-ς
2680 5147 2780 5200 καὶ
2810 5144 3007 5212 πατὴρ
3029 5142 3178 5211 πρὸς
3201 5139 3316 5208 τὴν
3343 5138 3536 5206 αὐτὴν

1969 5253 2318 5319 παιδίσκην.
2365 5249 2462 5303 Διά
2504 5248 2660 5302 τοῦτο
2702 5240 2795 5299 οὖν
2838 5240 3209 5302 διδασκάλους,
3249 5235 3371 5289 εἰπέ
3415 5251 3534 5307 μοι,

1972 5349 2216 5421 ἐπεμψεν
2237 5348 2400 5418 ὑμᾶς,
2430 5346 2518 5399 ἵνα
2548 5342 2809 5415 μάθωμεν
2838 5337 3110 5411 πορνείας,
3141 5333 3236 5388 καὶ
3265 5333 3535 5404 μοιχείας,

1973 5448 2068 5503 καὶ
2086 5450 2167 5502 ὅτι
2188 5447 2268 5500 δεῖ
2294 5446 2394 5516 τὴν
2420 5442 2587 5512 αὐτὴν
2608 5440 2765 5511 εὐνὴν
2789 5439 2930 5511 ἔχειν
2960 5435 3171 5505 πατέρα
3194 5433 3288 5485 καὶ
3309 5430 3422 5484 υἱόν
3439 5447 3454 5497 ;
3473 5427 3540 5484 Τί

1974 5549 2031 5601 δὲ
2066 5551 2095 5601 6
2138 5543 2429 5613 ’Ῑεζεκιὴλς
2468 5540 2621 5595 Οὐδὲ
2652 5537 2802 5592 κατὰ
2827 5535 2897 5591 τὰ
2918 5535 3136 5603 νόμιμα
3164 5528 3282 5584 τῶν
3310 5518 3498 5583 ἐθνῶν
3515 5524 3543 5567 δ

2038 5725 2067 5765 h
2092 5725 2145 5773 In
2189 5718 2448 5771 Ezechiele
2492 5715 2678 5777 legitur
2706 5711 2816 5759 οὐδὲ
2856 5708 2980 5757 κατὰ
3017 5706 3077 5753 τὰ
3118 5704 3414 5755 δικαιώματα
3454 5699 3547 5748 τῶν

1982 5788 2124 5836 ἐθνῶν
2134 5822 2144 5833 .
