4084 6278
236 381 341 437 H3

229 493 375 548 cistis
400 488 616 563 (Eucti.
647 489 703 545 5.
732 487 814 560 7),
843 486 1034 560 inquit.
1062 486 1172 545 Eos
1197 500 1327 560 ergo
1367 487 1457 559 qui
1497 499 1649 544 erant
1672 488 1824 545 dete-

229 584 406 640 riores
425 582 696 654 gentibus,
728 581 814 638 die
839 581 992 649 mihi,
1017 581 1266 639 doctores
1295 581 1482 638 misit?
1511 583 1699 638 Factas
1737 596 1832 638 au-

231 688 344 734 tem
371 678 438 733 ab
467 678 547 732 eis
583 676 760 732 etedes
789 676 908 748 quis
928 675 1070 732 ferre
1095 677 1308 748 possit?
1360 676 1526 733 Filios
1577 677 1722 732 enim
1774 683 1831 732 et

233 774 370 827 filias
399 781 702 826 mactarunt
731 770 1030 838 daamoniis,
1062 781 1117 826 et
1138 786 1238 828 eos
1254 771 1683 827 combusserunt.
1714 769 1830 826 Hoc

233 872 410 917 autem
443 862 611 917 David
638 877 852 932 quoque
885 860 1142 928 ostendit,
1182 862 1368 917 dicens
1399 878 1412 916 :
1438 860 1516 914 Et
1535 869 1824 915 mactarunt

235 956 368 1021 [ilics
386 971 507 1008 suos
529 963 577 1008 et
596 955 733 1023 ﬁlias
755 970 876 1010 suas
904 953 1165 1008 dwmoniis
1193 951 1364 1024 (Psal.
1398 951 1520 1008 105.
1555 953 1664 1023 57).
1690 951 1826 1006 Pro-

237 1058 415 1118 pterea
440 1061 573 1118 ergo
616 1046 786 1110 misit,
820 1055 877 1102 ut
902 1045 1005 1101 hoc
1029 1045 1264 1101 disceret
1292 1054 1481 1100 natura
1525 1045 1823 1111 hominum,

233 1139 372 1210 quod
402 1147 648 1208 oporteat
675 1139 812 1194 ﬁlios
840 1147 893 1193 et
916 1140 1054 1194 tilias
1079 1149 1315 1193 mactare
1343 1137 1670 1193 daemoniis?
1707 1137 1823 1193 Non

231 1229 573 1297 erubescitis,
595 1244 693 1284 nec
719 1229 920 1298 pudore
947 1228 1132 1284 suli'usi
1153 1244 1249 1285 vos
1270 1230 1464 1300 tegitis,
1497 1244 1619 1284 cum
1642 1228 1826 1299 hujus-

230 1321 377 1374 modi
437 1335 609 1389 nugas
663 1321 1180 1376 comminiscimini?
1224 1321 1370 1376 Alius
1425 1322 1568 1375 enim
1612 1319 1741 1376 dicit
1801 1335 1821 1375 :

227 1412 552 1482 Sanguinem
577 1412 785 1466 miscent
819 1414 1054 1484 sanguini
1083 1429 1102 1466 :
1128 1424 1172 1468 et
1197 1415 1472 1468 exsecratio
1494 1455 1509 1480 ,
1543 1424 1590 1468 et
1619 1415 1824 1470 mendo-

223 1505 390 1567 ciuni,
414 1513 460 1557 et
484 1508 673 1564 furtum
693 1545 708 1568 ,
736 1513 783 1557 et
814 1504 1120 1559 adulterium
1151 1508 1321 1577 fusum
1347 1515 1419 1560 est
1449 1524 1602 1577 super
1631 1517 1822 1562 terram

225 1597 408 1665 (Osee.
440 1598 496 1652 4.
523 1598 579 1668 2)
598 1596 857 1668 (a).Alius
876 1607 1052 1653 autem
1084 1617 1098 1651 :
1133 1597 1181 1652 Γ
1182 1608 1376 1655 aetat-st
1398 1600 1486 1654 tibi
1497 1601 1650 1672 facies
1666 1618 1824 1656 mere-

223 1689 393 1753 tricis,
430 1705 553 1758 erga
576 1704 748 1743 omnes
779 1689 919 1760 fuisti
943 1689 1208 1760 impudens
1261 1691 1391 1760 (Jer.
1438 1693 1490 1745 5.
1536 1691 1615 1760 5).
1673 1693 1824 1746 Alius

221 1795 420 1834 rursus
476 1796 490 1831 :
541 1778 808 1850 Principes
859 1782 1010 1835 vestri
1065 1791 1324 1852 tamquam
1350 1783 1458 1853 lupi
1499 1783 1700 1839 Arabia
1742 1785 1819 1857 (ὁ)

225 1871 449 1939 (Ezech.
469 1870 557 1924 22.
589 1871 706 1941 27).
731 1872 880 1926 Alius
904 1887 1122 1928 rursus:
1154 1873 1275 1928 Non
1303 1884 1372 1928 est
1398 1875 1700 1946 intelligens,
1719 1893 1822 1931 non

224 1972 299 2015 est
355 1964 616 2032 requirens
665 1963 828 2018 Deum
871 1963 1059 2036 (Soph.
1105 1967 1158 2022 5.
1205 1967 1282 2038 5).
1333 1967 1518 2023 Omnes
1539 1968 1822 2025 declinave—

223 2064 374 2118 runt,
396 2055 551 2108 simul
575 2055 777 2109 inutiles
803 2057 925 2127 facti
951 2066 1068 2111 sunt
1091 2057 1260 2131 (Psal.
1291 2061 1378 2114 i3.
1403 2061 1458 2114 2.
1487 2061 1567 2132 5).

295 2147 354 2202 5.
402 2147 616 2218 Egressi
656 2164 785 2219 ergo
825 2150 954 2205 estis
986 2160 1042 2205 ut
1071 2151 1186 2215 haec
1214 2152 1514 2218 doceretis,
1541 2154 1824 2225 impuden-

225 2237 385 2303 tiam,
443 2239 732 2292 amentiam
757 2281 772 2305 ,
823 2240 1198 2298 fornicationes
1218 2282 1233 2308 ,
1265 2243 1552 2310 adulteria,
1607 2247 1782 2302 credes
1802 2288 1819 2314 ,

225 2342 455 2382 omnem
478 2329 615 2383 viam
643 2329 997 2400 improbitatis
1014 2334 1038 2387 ?
1053 2333 1168 2388 Non
1191 2336 1416 2390 cessatis
1440 2351 1539 2391 nos
1557 2352 1746 2407 cogere
1768 2349 1826 2393 ut

223 2427 415 2472 vestra
443 2419 580 2474 mala
610 2421 984 2479 traducamus?
1038 2425 1146 2480 Vos
1166 2428 1295 2482 estis
1323 2427 1423 2492 Qui
1447 2431 1720 2499 portaniini
1763 2448 1825 2486 ea:

224 2521 406 2575 utero,
440 2522 489 2564 et
516 2510 765 2567 docentini
805 2531 963 2585 usque
1001 2517 1071 2570 ad
1110 2528 1408 2573 senectutem
1430 2519 1582 2591 (Issi.
1613 2523 1705 2577 46.
1729 2522 1820 2593 5);

224 2615 325 2656 vos
358 2605 494 2659 estis
542 2605 708 2672 caici,
744 2607 834 2676 qui
881 2621 980 2662 vos
1005 2607 1235 2664 invicem
1276 2609 1330 2665 in
1373 2610 1580 2666 foveam
1633 2615 1824 2683 princi-

225 2694 440 2762 pitatis.
478 2694 654 2749 Ctrcus
688 2697 829 2751 enim
853 2738 872 2766 ,
903 2698 1104 2769 inquit,
1126 2701 1171 2755 si
1197 2717 1386 2755 circum
1405 2703 1576 2770 ducat,
1608 2705 1752 2760 ambo
1772 2707 1826 2760 in

227 2784 433 2855 foueam
467 2788 644 2842 cadent
684 2787 894 2862 (Matth.
943 2792 1301 2857 15.“;Luc.
1337 2796 1392 2850 6.
1423 2797 1538 2868 59).
1571 2797 1670 2865 Qui
1704 2815 1826 2869 pro-

228 2878 428 2948 phetas
455 2895 668 2951 semper
689 2881 948 2940 habuistis
965 2925 982 2950 ,
1012 2894 1066 2941 et
1091 2902 1379 2958 numquam
1406 2890 1528 2946 facti
1552 2895 1682 2948 estis
1708 2909 1825 2950 me-

227 2971 422 3034 liores,
458 2971 622 3028 futuri
667 2975 796 3030 estis
836 2977 1059 3033 aliorum
1101 2980 1393 3036 doctores?
1443 2983 1560 3038 Non
1603 2989 1825 3043 cessatis

230 3062 354 3118 haec
408 3065 618 3135 nugari,
652 3081 752 3121 nec
803 3076 1036 3124 vestram
1075 3074 1365 3141 agnoscitis
1413 3077 1667 3146 culpam?
1711 3078 1826 3135 Hoc

228 3155 383 3208 enim
412 3171 628 3224 semper
654 3171 748 3212 vos
776 3160 1026 3229 perdidit,
1059 3163 1199 3232 quod
1225 3175 1524 3222 vestrorum
1562 3170 1822 3227 malorum

230 3247 420 3301 nolitis
451 3245 856 3305 fundamentum
881 3267 1220 3323 cognoscere.
1251 3256 1562 3328 Propterea,
1589 3263 1730 3332 quod
1752 3263 1830 3318 fa-

231 3340 388 3394 ciunt
409 3339 641 3409 judiccs,
672 3345 762 3412 qui
787 3343 977 3414 jubent
1006 3357 1125 3415 post
1149 3364 1264 3415 eos,
1288 3351 1378 3420 qui
1402 3351 1582 3422 ﬂagris
1609 3356 1827 3412 caedun-

234 3440 345 3494 tur,
375 3433 526 3503 sequi
554 3434 692 3489 alios
717 3437 804 3505 qui
834 3437 1066 3494 clament
1087 3450 1141 3495 et
1169 3441 1365 3511 dicant,
1400 3460 1498 3501 cur
1517 3449 1823 3520 caedantur,

233 3538 367 3577 num
421 3522 590 3592 fures,
621 3543 746 3579 num
778 3539 1018 3598 raptores
1041 3532 1147 3586 sint
1175 3547 1189 3584 :
1219 3534 1290 3588 ita
1331 3537 1491 3593 etiam
1545 3539 1683 3595 Deus
1729 3557 1830 3598 vos

231 3632 650 3686 quoquoversus
709 3621 1018 3684 traducens,
1040 3625 1198 3692 jussit
1222 3629 1374 3697 sequi
1400 3631 1702 3699 prophetas,
1737 3635 1826 3704 qui

232 3721 458 3760 causam
489 3708 728 3762 dicerent
755 3713 1016 3780 supplicii.
1044 3713 1248 3784 Ubique
1273 3719 1415 3773 enim
1435 3729 1694 3776 terrarum
1725 3741 1826 3779 una

232 3798 520 3852 vobiscum
554 3801 715 3854 vincti
764 3812 922 3870 sunt,
955 3807 1044 3875 qui
1081 3809 1242 3863 etiam
1284 3826 1424 3865 nunc
1461 3813 1637 3869 adhuc
1677 3816 1828 3871 vobis

231 3893 550 3947 inclamant.
582 3894 649 3947 Et
677 3896 720 3948 si
756 3895 810 3949 in
837 3912 1130 3969 synagogas
1158 3901 1472 3970 ingrediaris
1492 3947 1506 3969 ,
1535 3907 1718 3961 audies
1744 3923 1830 3962 as-

230 3985 396 4038 sidue
420 3997 517 4038 eos
541 3983 654 4039 hinc
677 3987 836 4040 verba
867 3989 1065 4045 dicere.
1092 3992 1158 4046 Et
1189 3992 1352 4047 David
1383 3995 1597 4063 quidem
1629 3997 1830 4053 descri-

233 4076 376 4131 bens
403 4075 556 4140 illud,
583 4079 721 4146 quod
757 4079 1020 4136 latrocinii
1051 4084 1220 4139 instar
1241 4085 1472 4142 habebat
1499 4088 1716 4158 Caiphae
1736 4093 1828 4161 ju-

231 4168 466 4234 dicium,
493 4169 621 4224 dicit
645 4185 738 4227 vos
764 4184 1040 4243 propterea
1066 4178 1306 4247 periisse.
1337 4179 1469 4234 Cum
1502 4183 1644 4237 enim
1667 4185 1834 4240 dixis-

234 4271 344 4323 set,
372 4260 747 4330 Dirumpamus
771 4267 972 4322 vincula
999 4283 1170 4324 eorum
1195 4313 1209 4337 ,
1234 4281 1282 4326 et
1306 4272 1608 4344 abjiciamus
1629 4294 1660 4331 a
1687 4281 1832 4335 nobis

237 4353 422 4422 iugum
459 4355 690 4421 ipsorum
731 4355 899 4426 (Psal.
929 4359 984 4414 2.
1017 4361 1095 4430 5),
1126 4363 1400 4432 subjunxit
1427 4382 1439 4419 :
1474 4364 1617 4421 Tunc
1656 4369 1830 4441 loque-

240 4452 328 4495 tur
350 4443 422 4496 ad
449 4459 534 4497 eos
555 4445 608 4498 in
645 4445 724 4499 ira
747 4463 840 4501 sua
860 4489 874 4511 ,
902 4458 949 4502 et
976 4449 1029 4503 in
1058 4453 1232 4522 furore
1269 4471 1365 4508 sua
1395 4458 1711 4514 conturbabit
1748 4477 1832 4516 eos

246 4532 423 4603 (Ibid.
452 4552 500 4588 υ.
525 4535 615 4601 5).
676 4537 836 4592 lsaias
876 4550 1054 4596 autem
1102 4558 1221 4599 cum
1252 4545 1503 4615 dixisset,
1531 4566 1650 4606 eum
1696 4553 1834 4610 sicut

243 4639 402 4679 ovem
431 4625 650 4680 ductum
676 4642 798 4684 esse
824 4632 892 4685 ad
918 4633 1238 4690 occisionem
1257 4677 1272 4702 ,
1301 4639 1570 4708 sulijnosit
1598 4658 1612 4695 :
1643 4642 1711 4698 Et
1737 4645 1833 4699 da-

247 4716 594 4787 boimprobos
635 4737 727 4788 pro
772 4725 1038 4792 sepultura
1078 4728 1206 4798 ejus,
1241 4741 1287 4783 et
1333 4732 1510 4788 divites
1542 4752 1634 4803 pro
1677 4751 1837 4793 morte

249 4811 360 4898 ejus
402 4809 558 4877 (Isai.
587 4813 676 4868 55.
703 4814 792 4885 9);
825 4825 880 4871 et
915 4832 1101 4873 rursus
1130 4821 1253 4876 alibi
1283 4823 1350 4877 de
1381 4825 1535 4879 vinea
1566 4827 1787 4898 loquens
1818 4847 1831 4883 :

251 4897 560 4968 Exspectavi
580 4943 594 4967 ,
630 4913 685 4956 ut
705 4905 891 4974 faceret
920 4908 1176 4978 justitiam
1205 4929 1222 4965 :
1256 4914 1374 4982 fecit
1409 4925 1577 4968 autem
1607 4918 1839 4987 iniquita-

252 4999 372 5056 tem,
400 5001 452 5046 et
469 5009 568 5046 non
584 4995 861 5064 justitiam,
903 5000 992 5053 sed
1023 5002 1293 5056 clamorem
1327 5003 1439 5073 (Id.
1468 5007 1519 5060 5.
1543 5007 1620 5067 7).
1643 5009 1841 5075 Quem-

252 5095 377 5138 nam
408 5095 586 5140 autem
617 5088 904 5144 clamorem
927 5090 951 5144 ?
974 5091 1227 5164 Cruciﬁge
1248 5136 1262 5160 ,
1291 5097 1531 5167 cruciﬁge
1559 5097 1711 5168 (Luc.
1745 5101 1837 5157 25.

251 5173 366 5247 2i).
401 5178 467 5231 Et
508 5179 780 5250 subjungit
808 5199 822 5233 :
850 5182 1129 5253 Pmpterea
1170 5186 1370 5240 diruunt
1411 5206 1576 5259 sepem
1618 5195 1764 5263 ejus,
1794 5204 1841 5248 et

255 5271 347 5322 erit
393 5270 450 5324 in
500 5275 929 5329 conculcationem
963 5287 1048 5330 :et
1094 5279 1347 5334 mandabo
1387 5283 1629 5350 nubibus,
1659 5295 1713 5340 ut
1742 5304 1842 5343 non

258 5361 440 5429 pluunt
481 5379 637 5433 super
657 5366 824 5431 ipsum
861 5367 1086 5438 pluviam
1111 5368 1260 5441 (Isai.
1292 5372 1346 5428 5.
1375 5373 1427 5429 5.
1452 5374 1528 5446 6).
1561 5376 1676 5432 Non
1723 5380 1843 5436 ideo

261 5465 388 5524 ergo
416 5453 645 5525 dispersi
669 5458 824 5525 estis,
865 5459 958 5514 sed
983 5473 1200 5531 propter
1225 5479 1287 5518 ea
1320 5481 1438 5536 qua:
1464 5469 1515 5522 in
1541 5484 1698 5527 cruce
1729 5473 1844 5530 ausi

260 5636 539 5749 “(arma
562 5640 682 5690 item
706 5639 902 5690 inverso
923 5641 1066 5691 modo
1102 5643 1396 5696 referuntur.
1426 5648 1541 5698 vide
1563 5650 1692 5700 hunc
1711 5658 1849 5702 Oscae

267 5819 291 5839 ε
324 5761 538 5839 (Mutinae
561 5764 734 5838 verba,
761 5769 1004 5839 taran
1039 5765 1390 5839 lupixtrabite.
1416 5780 1530 5839 sunt
1566 5774 1614 5839 in
1638 5775 1842 5839 sophou.

270 5825 380 5886 5.5,
401 5825 464 5875 lla
484 5833 535 5876 ut
558 5830 710 5891 prima
735 5838 846 5889 pars
869 5825 930 5875 Sit
953 5825 1228 5890 Elecliielis,
1254 5833 1464 5881 secuti-la
1484 5825 1749 5897 sophonit'c.

1309 374 1670 434 EXPOSITIO
1705 375 1773 432 lN
1813 376 2136 434 PSALMUM
2177 375 2314 436 Vill.

3428 395 3525 453 ΗΑ

1939 490 2106 556 estis;
2139 488 2296 560 idque
2324 489 2666 547 manifestum
2697 502 2868 549 estex
2897 495 3190 566 prophetis.
3226 497 3294 554 Et
3316 512 3370 555 ut
3390 503 3528 559 scias

1935 579 2133 638 Christi
2155 583 2431 650 virtutem,
2456 594 2616 656 atque
2638 596 2694 641 ut
2713 602 2780 642 ex
2803 587 2954 643 vobis
2979 589 3107 659 ipsis
3142 591 3381 659 discatis,
3408 610 3526 668 qua:

1935 689 2041 728 non
2067 674 2326 730 didicistis
2352 692 2380 730 a
2403 679 2699 747 prophetis,
2742 678 2864 736 vide
2903 695 2992 736 res
3035 697 3246 753 quoque
3285 685 3430 754 ipsas
3474 687 3527 742 id

1934 772 2210 845 testantes.
2237 767 2390 837 Quod
2414 773 2554 824 enim
2579 785 2672 825 vos
2701 771 2781 825 lex
2807 787 2912 826 non
2943 772 3144 839 docuit,
3175 774 3275 830 hoc
3295 793 3358 830 ex
3398 776 3524 832 red-

1936 857 2154 912 undanti
2193 857 2319 914 fecit
2357 859 2559 914 Christi
2603 863 2859 932 potentia.
2891 863 3152 932 Quamdiu
3175 867 3315 920 enim
3347 867 3521 938 legem

1934 948 2216 1017 habuistis,
2244 952 2569 1008 occidebatis
2589 995 2602 1018 ,
2633 954 2770 1010 filios
2799 957 3111 1012 mactabatis
3131 999 3148 1024 ,
3177 968 3230 1014 et
3254 960 3520 1015 adultera-

1931 1039 2069 1095 batis
2097 1057 2111 1094 :
2137 1049 2414 1113 postquam
2442 1053 2616 1098 autem
2648 1044 2822 1100 illuxit
2848 1049 2928 1102 sol
2953 1047 3171 1117 justitite
3190 1090 3206 1112 ,
3240 1049 3307 1104 de
3330 1052 3522 1107 vestri!

1931 1133 2087 1188 malis
2104 1135 2326 1189 multum
2343 1135 2589 1199 decessit,
2607 1146 2662 1191 et
2679 1138 3001 1194 moderatius
3013 1142 3172 1196 vitam
3191 1142 3522 1212 instituistis,

1932 1228 2156 1282 correcti
2179 1242 2278 1297 per
2303 1229 2534 1283 vestram
2561 1230 2618 1284 in
2646 1246 2744 1285 nos
2769 1233 3186 1288 aemulationem.

2000 1319 2173 1375 Judazi
2212 1337 2302 1374 cur
2343 1322 2975 1393 dispersi.—Propterea
3013 1342 3108 1382 vos
3148 1328 3419 1394 dispersit,
3463 1337 3526 1384 ιιι

1929 1415 2137 1470 sciretis
2174 1426 2424 1487 quantam
2455 1418 2506 1473 in
2555 1420 2711 1473 terris
2735 1419 2985 1489 plantarit
3013 1422 3393 1491 rempublicam
3420 1438 3436 1487 ;
3463 1431 3520 1478 et

1929 1512 2184 1581 templum
2220 1514 2412 1580 solvit,
2444 1529 2539 1569 vos
2581 1515 2664 1569 vel
2695 1515 2887 1569 invitos
2911 1530 2944 1570 a
2971 1516 3100 1570 vitio
3127 1515 3419 1570 abducens.
3453 1516 3519 1570 Et

1928 1604 2016 1658 ubi
2059 1604 2313 1674 templum
2352 1604 2451 1659 fuit
2491 1606 2724 1660 solutum
2750 1646 2766 1671 ,
2811 1606 2919 1660 illic
2954 1607 3112 1660 etiam
3151 1605 3392 1660 Christus
3433 1621 3518 1661 so-

1928 1695 2106 1764 pultus
2150 1705 2261 1760 est,
2292 1707 2345 1749 ut
2394 1705 2610 1766 propter
2647 1697 2788 1751 illius
2832 1697 3135 1766 sepulcrum
3180 1697 3516 1762 recedentes,

1929 1787 2171 1841 viderent
2215 1788 2378 1842 etiam
2415 1799 2672 1858 tropzeum
2711 1789 2855 1843 illius
2895 1791 3168 1858 potentiae,
3198 1801 3251 1844 et
3292 1791 3518 1844 verbum-

1927 1885 2070 1931 stare
2091 1877 2230 1946 quod
2257 1879 2382 1932 dicit
2409 1896 2422 1932 :
2456 1877 2577 1932 Non
2607 1878 2822 1932 manebit
2850 1878 2931 1931 hic
2961 1879 3091 1949 lapis
3115 1895 3265 1949 super
3295 1877 3518 1949 lapideus

1931 1967 2142 2038 (Matth.
2165 1968 2278 2040 24).
2307 1970 2514 2040 Ubique
2551 1971 2692 2026 enim
2735 1981 2860 2026 sunt
2885 1971 3002 2041 ejus
3029 1981 3227 2041 tropaea
3255 1979 3310 2026 et
3345 1971 3519 2026 moni-

1928 2071 2104 2116 menta
2130 2064 2397 2132 potentia).
2427 2064 2518 2119 Sin
2548 2075 2724 2118 autem
2753 2074 2884 2126 erat,
2915 2074 2971 2117 ut
2999 2064 3196 2130 dicitis,
3226 2063 3441 2133 impius,
3461 2073 3520 2120 et

1930 2152 2022 2207 Dei
2050 2153 2408 2222 adversarius,
2435 2157 2532 2209 etsi
2557 2155 2962 2209 innumerabilia
2988 2164 3202 2223 peccata
3233 2155 3514 2220 fecissetis,

1929 2258 1996 2297 ne
2016 2245 2093 2298 sic
2112 2243 2325 2313 quidem
2354 2245 2524 2314 puniri
2546 2245 2857 2313 oportebat:
2885 2247 2984 2298 etsi
3010 2245 3308 2312 Oportebat,
3331 2255 3379 2299 at
3409 2260 3512 2300 non

1930 2345 2088 2391 tunc:
2130 2352 2196 2392 ne
2225 2337 2344 2405 quis
2380 2337 2707 2391 existimaret
2741 2351 2836 2390 vos
2866 2350 2962 2404 pro
3005 2337 3094 2390 illo
3118 2350 3302 2405 paruas
3342 2335 3512 2390 luere.

1928 2427 2119 2481 Annon
2155 2427 2379 2482 audistis
2423 2428 2593 2481 Deum
2634 2428 2938 2491 dicentem,
2985 2427 3198 2497 quando
3247 2427 3409 2480 eratis
3459 2427 3512 2480 in

1928 2519 2268 2587 captivitate:
2302 2517 2423 2572 Non
2453 2527 2659 2588 propter
2682 2533 2767 2572 vos
2796 2519 2950 2588 facio,
2979 2518 3066 2571 sctl
3092 2528 3300 2586 prapter
3330 2533 3426 2583 me,
3453 2532 3517 2570 ne

1927 2628 2094 2666 meum
2119 2628 2297 2666 nomen
2325 2615 2621 2683 profanetur
2661 2611 2872 2683 (Ezech.
2901 2609 2988 2666 56.
3021 2609 3158 2679 22)?
3186 2610 3346 2678 Atqui
3389 2617 3515 2664 tunc

1928 2712 2042 2758 erat
2068 2703 2238 2773 major
2262 2711 2438 2758 vestra
2469 2704 2795 2772 improbitas.
2825 2702 2929 2758 Sed
2959 2713 3134 2757 tamen
3159 2744 3174 2768 ,
3208 2702 3372 2772 inquit
3397 2743 3418 2767 ,
3446 2718 3516 2756 ne

1929 2795 2234 2850 existiment
2257 2794 2465 2849 barbari
2490 2811 2573 2849 me
2594 2810 2713 2849 esse
2738 2793 3081 2858 imbecillum,
3106 2793 3316 2847 dimitto
3335 2801 3514 2848 vestra
3540 2838 3546 2844 κ

1930 2895 2165 2956 peccata,
2191 2897 2242 2940 et
2271 2900 2530 2940 conservo
2555 2899 2672 2940 vos.
2701 2884 2844 2939 itane
2867 2894 2992 2938 tunc
3016 2883 3226 2953 quidem
3257 2898 3375 2948 vos,
3408 2882 3512 2936 ini-

1930 2993 2034 3048 que
2061 2991 2158 3032 vos
2182 2984 2448 3047 gerentes,
2476 2977 2725 3040 servavit,
2755 2991 2822 3031 ne
2845 2977 2962 3044 ejus
2989 2991 3180 3029 nomen
3208 2975 3516 3044 profanare-

1929 3080 2051 3127 tur:
2101 3085 2242 3124 nunc
2279 3083 2454 3124 autem
2502 3069 2602 3123 hoc
2651 3085 2754 3123 non
2809 3069 3056 3124 fecisset?
3095 3068 3206 3122 Etsi
3246 3067 3388 3122 enim
3429 3065 3514 3120 vel

1930 3164 2204 3218 innumera
2229 3173 2442 3232 peccata
2471 3162 2838 3227 admisissclis,
2869 3178 2962 3215 vos
2990 3160 3116 3214 nihil
3143 3160 3378 3229 oportuit
3407 3159 3510 3228 pati

1928 3255 2223 3325 ejusmodi,
2253 3255 2296 3309 si
2329 3254 2514 3308 fuisset
2542 3255 2800 3323 impostor
2826 3254 3070 3308 Christus
3095 3295 3108 3319 ,
3140 3267 3209 3306 ne
3247 3251 3365 3322 quis
3393 3250 3510 3305 exi-

1930 3347 2173 3402 stimaret
2190 3360 2287 3400 vos
2313 3345 2397 3401 illa
2420 3356 2638 3416 propter
2660 3350 2832 3414 ipsum
2859 3360 2976 3399 esse
3003 3359 3207 3413 passos,
3237 3342 3328 3397 sed
3353 3344 3513 3396 etiam

1930 3447 2274 3495 conservatos
2296 3453 2390 3492 vos
2412 3453 2531 3492 esse
2557 3438 2815 3507 oportuit;
2848 3446 2903 3491 et
2929 3437 2970 3489 si
2992 3477 3008 3504 ,
3041 3447 3094 3488 tit
3116 3435 3223 3504 jam
3255 3434 3385 3500 dixi,
3416 3447 3512 3486 vos

1933 3530 2041 3600 pati
2083 3529 2348 3598 oportuit,
2386 3539 2442 3581 at
2471 3544 2576 3581 non
2609 3538 2751 3580 tunc.
2791 3527 2940 3581 Nunc
2978 3536 3157 3580 autem
3197 3525 3310 3580 haec
3356 3524 3516 3578 simul

1932 3623 2070 3676 facta
2092 3629 2234 3675 sunt.
2279 3619 2502 3688 Quando
2538 3620 2679 3674 enim
2711 3635 2837 3673 crux
2868 3619 3164 3688 processit,
3209 3619 3364 3686 paulo
3393 3627 3514 3686 post

1931 3714 2176 3768 exierunt
2205 3713 2461 3782 apostoli,
2494 3721 2549 3766 et
2591 3711 2805 3767 difﬁcile
2843 3713 3036 3766 bellum
3073 3713 3327 3767 adversus
3371 3709 3516 3765 illuni
3617 3714 3628 3730 '

1933 3805 2200 3860 civitatem
2231 3807 2540 3859 suscitatnm
2568 3816 2684 3863 est:
2715 3819 2767 3860 et
2793 3807 2932 3874 quod
2965 3814 3046 3860 est
3085 3805 3134 3858 in
3167 3805 3469 3874 Evangeliis
3501 3825 3514 3858 :

1895 3927 1898 3930 λ
1942 3895 2030 3951 Va:
2054 3896 2350 3950 lactantibus
2371 3906 2416 3949 et
2437 3895 2810 3966 prtegnantibus
2829 3895 3034 3966 (Matth.
3061 3897 3150 3949 ει.
3181 3895 3289 3965 l9),
3314 3895 3520 3948 omina-

1935 4001 2037 4056 que
2066 3988 2151 4040 illa
2191 3989 2388 4040 exitum
2417 3987 2603 4040 sortita
2634 3996 2758 4040 sunt
2783 4005 2795 4040 :
2823 3995 2877 4039 et
2905 3987 3050 4046 illud,
3081 3984 3222 4038 Tunc
3247 3987 3336 4038 erit
3361 3983 3518 4036 tribu-

1937 4079 2058 4132 latio
2079 4121 2092 4143 ,
2120 4078 2282 4148 qualis
2308 4095 2578 4147 numquam
2606 4088 2722 4132 ante
2747 4078 2841 4146 fuit
2875 4078 3024 4149 (Luc.
3056 4078 3146 4131 2i.
3176 4077 3272 4144 23)
3295 4117 3310 4141 ,
3334 4077 3520 4145 imple-

1939 4181 2046 4226 tum
2075 4177 2180 4224 est.
2212 4169 2342 4223 Nam
2376 4179 2431 4223 et
2474 4171 2722 4224 mulieres
2763 4169 2902 4224 filios
2928 4171 3304 4234 comederunt,
3339 4169 3520 4224 hostes

1937 4263 2304 4335 perfregerunt
2327 4271 2543 4316 ventres
2574 4270 2902 4315 mortuorum
2925 4303 2938 4324 ,
2971 4269 3026 4316 et
3051 4261 3186 4330 ignis
3213 4260 3519 4315 barbaricus

1936 4365 2017 4410 est
2060 4355 2238 4408 omnia
2285 4353 2652 4424 depoIiulatus,
2684 4353 2969 4420 omniaque
3008 4362 3156 4405 erant
3201 4352 3352 4420 plena
3396 4367 3522 4406 san-

1936 4447 2113 4516 guine,
2136 4454 2190 4499 et
2217 4460 2365 4498 nova:
2389 4444 2679 4513 tragoediae,
2707 4454 2760 4498 et
2786 4444 3065 4498 universus
3092 4443 3234 4498 orbis
3262 4453 3522 4497 terrarum

1939 4539 2166 4595 refertus
2179 4547 2292 4593 erat
2305 4538 2456 4591 malis
2469 4537 2702 4592 Judaicis
2727 4537 2956 4607 (Ioseph.
2975 4536 3036 4590 de
3053 4535 3180 4590 Bell.
3204 4534 3378 4600 Jud.).
3401 4535 3476 4590 ".l
3493 4550 3526 4590 c

1938 4647 2066 4702 ergo
2107 4630 2247 4701 apud
2278 4645 2372 4684 vos
2401 4631 2695 4699 cogitantes
2719 4671 2734 4695 ,
2766 4639 3000 4682 vestrum
3035 4629 3316 4682 Dominum
3353 4641 3521 4698 agne-

1939 4726 2092 4780 scite.
2137 4726 2328 4778 Annon
2374 4724 2660 4792 prephetas
2705 4721 3018 4776 occidistis?
3064 4735 3190 4775 num
3248 4721 3352 4775 tale
3399 4719 3526 4789 quid

1942 4815 2085 4887 passi
2126 4816 2292 4870 estis?
2319 4815 2504 4869 Nonne
2551 4814 2734 4868 altaria
2783 4813 3066 4868 diruistis?
3113 4811 3364 4881 numquid
3407 4811 3528 4865 talis

1940 4909 2092 4964 vobis
2135 4909 2358 4977 contigit
2410 4908 2724 4962 cnlamitas?
2766 4906 2952 4960 Nonne
2999 4905 3222 4959 vitulum
3267 4903 3530 4957 adorastis

1943 4999 2136 5068 (Exod.
2166 4998 2280 5068 52),
2309 5006 2362 5052 et
2386 4998 2714 5067 Beelpliegor
2738 4999 2866 5052 estis
2895 4997 3080 5050 initiati
3101 4995 3292 5064 (Num.
3325 4994 3415 5048 25.
3446 4992 3528 5060 ὅ),

1943 5100 2292 5160 naturamque
2316 5090 2596 5160 ignorastis
2621 5091 2644 5144 ?
2674 5089 2924 5159 numquid
2957 5091 3088 5142 tales
3118 5087 3298 5142 hostes
3323 5085 3532 5154 esperti

1944 5184 2116 5239 estis?
2141 5185 2330 5238 Annon
2370 5183 2452 5238 vel
2497 5183 2548 5237 in
2593 5184 2781 5238 mediis
2810 5182 3077 5237 beneﬁciis
3106 5182 3446 5235 immemores
3481 5189 3532 5234 et

1945 5276 2136 5343 ingrati
2162 5275 2354 5330 servati
2380 5275 2546 5330 estis?
2573 5273 2721 5330 Unde
2747 5288 2876 5344 ergo
2900 5275 3172 5327 innumero
3196 5272 3248 5325 in
3273 5284 3370 5324 vos
3395 5271 3534 5324 mala

1948 5364 2178 5437 profecta
2199 5365 2366 5419 sunt?
2392 5364 2574 5420 Nonne
2594 5365 2794 5419 clarum
2817 5373 2981 5420 estex
3005 5381 3086 5426 eo,
3112 5363 3252 5433 quod
3282 5363 3332 5415 in
3359 5362 3536 5416 Domi-

1949 5475 2073 5513 num
2099 5459 2213 5512 ausi
2242 5456 2369 5512 estis
2400 5472 2638 5527 peccare,
2673 5473 2778 5510 non
2810 5457 2862 5510 in
2893 5455 3116 5511 servos?
3147 5453 3298 5510 Unde
3330 5469 3428 5508 nec
3456 5463 3538 5508 est

1950 5553 2099 5605 vobis
2131 5566 2161 5605 a
2190 5550 2360 5616 malis,
2392 5565 2510 5619 qutc
2539 5565 2634 5604 vos
2677 5550 2946 5611 invasere,
2981 5548 3221 5602 liberatio
3246 5589 3262 5614 ,
3292 5563 3390 5601 nec
3415 5547 3538 5602 erit.

1953 5646 2010 5701 Si
2041 5647 2182 5701 enim
2209 5652 2374 5709 esset,
2407 5659 2524 5698 eam
2551 5641 2925 5713 pra-dixissent
2946 5641 3238 5709 prophetze.
3269 5640 3417 5694 Nunc
3441 5654 3539 5692 au-

1957 5746 2062 5792 tem
2091 5735 2337 5791 dixerunt
2358 5735 2570 5806 quidem
2599 5733 2977 5804 captivitatem,
3010 5733 3104 5787 sed
3133 5749 3240 5788 non
3271 5731 3541 5787 reditum:

1959 5830 2083 5884 licet
2115 5829 2248 5883 bona
2280 5825 2550 5897 suppliciis
2592 5822 2803 5881 assidue
2826 5821 3185 5889 admisceant,
3215 5830 3270 5877 et
3303 5836 3540 5890 tempora
