4084 6278
537 394 636 449 113

525 507 795 564 deﬁniant.
830 505 1032 560 Etenim
1071 500 1326 558 Jercmias
1367 498 1601 554 deﬁnivit
1629 496 1956 567 septuaginta
1996 510 2094 546 an-

526 618 625 657 nos
651 599 786 671 (Jer.
816 598 907 653 29.
937 594 1059 667 l0),
1090 604 1143 650 et
1182 592 1366 648 Daniel
1404 586 2105 657 similitertresannos(a)et

527 691 808 748 dimidium
884 690 1060 764 (Dan.
1114 692 1171 748 9.
1233 685 1322 740 25.
1352 683 1527 754 sqq);
1568 682 1694 751 quin
1720 680 1879 735 etiam
1912 677 2106 747 pra'di-

527 794 671 842 ctum
726 792 807 839 est
853 797 947 837 eos
993 776 1392 851 quadringentis
1455 784 1510 829 et
1563 773 1777 843 triginta
1846 770 1999 825 annis
2053 770 2104 823 in

526 873 757 946 Egypto
785 873 1073 928 servituros
1102 867 1253 943 (Gen.
1283 867 1369 922 15.
1405 864 1515 936 l5).
1546 864 1711 929 Hujus
1737 873 1909 916 autem
1938 860 2107 927 capti-

527 968 703 1021 vitatis
720 980 976 1034 nusquam
998 963 1156 1017 situm
1182 969 1263 1016 est
1286 969 1514 1026 tempus,
1540 972 1635 1010 nec
1652 953 1791 1019 ﬁnis,
1819 953 1911 1007 sed
1928 952 2107 1005 relicta

527 1067 610 1114 est
640 1066 812 1111 vestra
848 1056 1037 1110 domus
1077 1053 1309 1116 deserta,
1340 1058 1395 1103 et
1415 1046 1649 1118 quotidie
1690 1060 1777 1100 res
1817 1051 2006 1098 νεειωξ
2056 1042 2106 1096 1η

529 1149 765 1205 deterius
794 1145 1091 1218 procedunt
1119 1142 1330 1213 (Matth.
1364 1140 1453 1197 25.
1482 1139 1595 1209 58).
1666 1212 1667 1215 η

600 1238 654 1294 6.
696 1238 820 1293 lla-c
857 1236 1033 1291 omnia
1062 1241 1265 1289 attente
1306 1231 1444 1300 apud
1472 1245 1565 1285 vos
1593 1228 2023 1291 considerantes,
2057 1236 2111 1280 et

529 1345 649 1401 quas
690 1329 921 1383 breviter
961 1327 1098 1380 dicta
1139 1334 1266 1380 sunt
1304 1322 1471 1376 fusius
1512 1329 1798 1374 tractantes
1827 1318 1931 1389 (Da
1968 1318 2111 1371 enim

527 1422 743 1492 sapienti
775 1421 1113 1482 occasionem,
1151 1426 1197 1470 et
1239 1416 1333 1470 erit
1377 1414 1650 1482 sapientior
1676 1410 1855 1484 [Ρτυυ.
1893 1409 1946 1464 9.
1974 1406 2104 1479 9]),

529 1512 738 1566 illorum
782 1508 1158 1579 impudentiam
1188 1507 1554 1575 ingratumque
1595 1502 1826 1554 aninnnn
1874 1498 2112 1567 poteritis

528 1601 794 1656 refellere.
822 1600 874 1654 4.
902 1598 1150 1665 Quoniam
1173 1595 1341 1650 videbo
1363 1594 1510 1648 caelos
1532 1603 1641 1645 tuos
1670 1607 1820 1660 opera
1841 1590 2112 1659 digitorum

529 1702 747 1746 tuorum.
772 1690 940 1755 Alius,
977 1688 1131 1743 Video
1157 1687 1288 1740 enim
1308 1685 1476 1738 cwlos.
1504 1683 1700 1735 Lunam
1724 1690 1767 1734 et
1795 1682 1983 1744 stellas,
2003 1695 2114 1747 quia

531 1793 585 1836 tu
610 1781 852 1853 fundasti.
878 1780 1024 1834 Alius
1044 1820 1060 1843 ,
1097 1777 1316 1830 Parasti.
1347 1777 1494 1829 Alius
1513 1817 1527 1840 ,
1560 1774 1828 1829 Slabiliisti
1859 1772 1950 1841 (ὁ).
1982 1770 2109 1823 Cum

532 1873 770 1934 dixisset,
789 1867 1103 1924 Destruxisti
1124 1866 1383 1933 inimicos,
1400 1863 1687 1933 splendida:
1706 1863 1860 1929 hujus
1881 1861 2112 1914 victoria:

532 1962 685 2017 aﬂ'ert
701 1960 1087 2030 probationem.
1113 1956 1189 2011 Tu
1212 1958 1374 2019 enim,
1404 1956 1590 2025 inquit,
1613 1955 1700 2022 qui
1723 1953 2010 2009 cruciﬁxus
2030 1968 2108 2015 es,

531 2052 621 2122 qui
650 2050 718 2105 de
752 2049 929 2104 medio
968 2048 1205 2103 sublatus
1228 2062 1286 2101 es
1305 2087 1320 2112 ,
1352 2045 1637 2114 apparuisti
1666 2044 1809 2097 orbis
1856 2055 2110 2096 terrarum

529 2142 749 2198 Greater
769 2148 824 2196 et
846 2140 1052 2210 Opifex.
1075 2140 1362 2209 Propterea
1384 2137 1512 2192 dicit
1534 2155 1548 2190 :
1592 2135 1773 2189 Videbo
1793 2134 1943 2189 cwlos
1962 2146 2072 2187 tuos
2092 2151 2111 2187 :

530 2234 835 2305 signiﬁcans
861 2234 1055 2287 multos
1084 2247 1186 2285 non
1228 2241 1380 2286 antea
1409 2230 1720 2296 cognovisse
1740 2271 1753 2292 ,
1790 2238 1966 2298 postea
1998 2230 2115 2298 qui-

530 2323 653 2380 dem
678 2332 824 2378 certe
860 2337 1048 2377 omnes
1077 2323 1267 2376 scient.
1299 2322 1362 2375 Et
1389 2337 1484 2375 cur
1523 2336 1626 2374 non
1667 2320 1940 2374 universas
1969 2320 2112 2374 orbis

530 2424 688 2469 terra:
717 2426 893 2484 partes
916 2423 1268 2484 persequutus
1290 2412 1406 2465 est?
1428 2412 1578 2480 Quod
1608 2427 1791 2466 eorum
1821 2427 1938 2479 quae
1969 2412 2112 2466 vide-

532 2507 727 2560 bantur
749 2506 1126 2575 opportuniora
1160 2513 1527 2574 persequutus,
1554 2503 1622 2557 de
1653 2504 1771 2557 aliis
1794 2504 1985 2558 docere
2009 2505 2112 2558 mi-

534 2597 676 2651 nime
698 2610 834 2666 opus
857 2595 1117 2649 habuerit.
1146 2594 1296 2649 Adeo
1316 2610 1441 2665 ergo
1465 2595 1718 2650 destructi
1744 2604 1869 2648 sunt
1890 2594 2107 2656 inimici,

533 2696 592 2742 ut
613 2687 700 2757 qui
727 2686 794 2741 ab
814 2687 892 2741 eis
916 2686 1296 2755 expellebatur,
1320 2697 1372 2741 et
1393 2687 1460 2741 ab
1488 2690 1565 2742 eis
1587 2687 1654 2742 de
1680 2686 1854 2741 medio
1874 2686 2112 2740 sublatus

532 2787 630 2842 est,
676 2777 911 2832 omnium
936 2792 1054 2846 qua:
1088 2776 1401 2831 videbantur
1441 2778 1745 2846 apparuerit
1784 2774 1993 2845 Opifcx.
2048 2774 2114 2828 Et

531 2885 696 2940 quare
725 2886 828 2923 non
877 2869 1034 2934 dicit,
1081 2868 1326 2923 Mannum
1373 2879 1614 2935 tuarum,
1652 2870 1747 2925 sed
1769 2911 1783 2934 ,
1819 2869 2111 2940 Digitorum

528 2961 769 3014 tuorum?
796 2960 1021 3014 Minima:
1058 2960 1379 3028 operationis
1420 2976 1552 3030 opus
1580 2960 1866 3016 ostendens
1901 2977 1961 3015 ea
1992 2978 2110 3032 qua:

531 3053 809 3115 videntur,
863 3060 916 3105 et
965 3050 1275 3104 admirabile
1316 3050 1604 3119 opiﬁcium,
1646 3051 1789 3120 quod
1838 3066 2111 3121 suspensa:

530 3141 697 3197 stella:
718 3157 823 3196 non
843 3142 1035 3197 cadant
1057 3159 1073 3197 :
1099 3141 1199 3195 etsi
1225 3148 1410 3196 natura
1432 3140 1894 3197 fundamentorum
1911 3144 2105 3212 exigat,

531 3243 589 3287 ut
617 3232 840 3298 inferne,
872 3247 977 3286 non
1004 3245 1236 3301 superne
1255 3232 1519 3300 jaciautnr
1543 3249 1554 3285 :
1586 3231 1679 3285 sed
1707 3231 1940 3300 optimus
1966 3235 2110 3286 Arti-

530 3325 636 3389 fex,
670 3325 757 3393 qui
782 3324 905 3378 facit
933 3323 1263 3378 admirabilia
1283 3364 1298 3389 ,
1331 3324 1384 3377 in
1413 3322 1492 3376 his
1520 3338 1640 3392 qua:
1678 3333 1933 3392 apparent
1958 3324 2107 3394 plura

532 3416 652 3471 fecit
678 3431 839 3484 supra
866 3424 1067 3468 uatum:
1092 3414 1550 3484 consequentiam.
1590 3415 1652 3468 Et
1676 3430 1840 3484 quare
1870 3415 1997 3469 nihil
2024 3415 2107 3469 di-

528 3508 600 3561 cit
625 3506 692 3560 de
719 3506 1066 3575 potestatibus
1089 3506 1431 3574 incorporeis,
1466 3515 1523 3560 ut
1548 3507 1668 3562 inde
1692 3522 1901 3577 quoque
1929 3518 2109 3562 osten-

527 3597 616 3649 dat
652 3596 768 3665 ejus
797 3596 1162 3650 creationem?
1189 3595 1340 3663 Quod
1389 3596 1636 3651 nimirum
1678 3602 1778 3652 hoc
1816 3598 2025 3653 inti-ritu
2056 3599 2106 3653 ci

529 3689 581 3742 in
611 3687 882 3758 pt-Opusito
910 3685 1085 3753 fuerit,
1114 3697 1173 3741 ut
1198 3688 1294 3756 ipsi
1325 3687 1592 3754 discerent
1621 3690 1688 3744 de
1716 3690 1778 3743 iis
1799 3705 1918 3759 qua:
1946 3705 2108 3758 appa-

527 3781 738 3836 rebant.
766 3780 831 3835 Et
873 3789 1148 3849 propterea
1179 3780 1294 3848 ejus
1323 3796 1534 3850 quoque
1568 3781 1723 3835 Pater
1750 3797 1871 3836 cum
1912 3797 2108 3852 susque

527 3873 701 3940 deque
739 3887 859 3927 cum
905 3871 1102 3926 Judaais
1140 3871 1465 3941 loqueretur,
1504 3888 1607 3926 non
1636 3872 1801 3927 dicit:
1849 3875 1957 3943 Ego
2006 3874 2106 3929 feci

524 3964 745 4034 angelos
773 3972 828 4018 et
855 3963 1144 4017 Cherubim
1169 3978 1183 4027 ;
1215 3961 1332 4028 sed,
1380 3962 1494 4033 Ego
1521 3962 1696 4016 caelum
1727 3964 1922 4017 extendi
1949 3979 1968 4018 :
1993 3981 2105 4018 ma-

525 4072 620 4109 nus
645 4071 753 4109 mea
776 4064 960 4109 terram
986 4055 1236 4124 fundavit,
1262 4054 1438 4109 dextra
1459 4072 1568 4110 mea
1596 4057 1813 4125 ﬁrmauit
1837 4056 1988 4127 (lsai.
2013 4058 2100 4113 43.

526 4151 615 4221 15)
644 4168 657 4205 :
687 4161 742 4204 et
762 4165 973 4205 omnem
996 4163 1208 4218 semper
1226 4149 1519 4203 orationem
1539 4150 1801 4204 consumit
1822 4151 1872 4204 in
1905 4152 1967 4204 iis
1985 4166 2105 4220 quas

525 4251 802 4312 apparent,
834 4241 1011 4295 omnia
1049 4254 1212 4311 agens
1240 4239 1307 4294 ad
1352 4240 1576 4295 salutem
1621 4241 1942 4296 auditormn.
1971 4241 2102 4296 Cum

526 4332 669 4385 enim
700 4339 880 4384 essent
907 4331 1231 4395 crassiores,
1262 4329 1428 4399 magis
1460 4328 1790 4384 ducebantur
1809 4330 1878 4383 ab
1902 4332 1965 4384 iis
1986 4347 2104 4400 qua:

523 4421 793 4487 videntur,
834 4436 991 4501 quam
1037 4422 1106 4476 ab
1145 4421 1211 4476 iis
1235 4437 1354 4492 quae
1395 4423 1494 4478 sub
1520 4422 1692 4476 visum
1738 4438 1844 4478 non
1885 4424 2099 4478 cadunt.

524 4514 812 4582 Propterea
855 4514 1048 4568 Paulus
1068 4528 1281 4583 quoque
1320 4529 1532 4583 semper
1566 4515 1867 4585 ingrediens
1893 4525 1948 4570 et
1975 4531 2104 4571 con-

523 4605 742 4659 cionans
766 4646 781 4671 ,
811 4604 956 4658 ducit
983 4604 1259 4659 exordium
1304 4620 1333 4658 a
1360 4617 1600 4677 creatura
1643 4622 1762 4676 qua:
1792 4606 1998 4663 videtur
2024 4606 2106 4661 di-

524 4710 690 4752 cens:
721 4695 854 4748 Deus
876 4696 962 4764 qui
983 4695 1098 4766 fecit
1123 4695 1301 4749 calum
1326 4704 1372 4749 et
1398 4706 1582 4751 tetram
1609 4708 1655 4751 et
1684 4714 1842 4764 mare,
1861 4708 1907 4750 et
1935 4698 2104 4752 omnia

523 4803 639 4860 quae
651 4788 703 4841 in
727 4788 799 4841 eis
822 4796 940 4841 sunt
967 4785 1099 4858 (Act.
1127 4788 1211 4841 l7.
1237 4787 1328 4858 24)
1352 4805 1367 4854 ;
1395 4798 1449 4844 et
1467 4805 1497 4844 a
1525 4790 1711 4859 pluviis
1738 4790 1925 4844 annuis
1945 4801 2113 4860 atque-

522 4895 552 4933 a
574 4893 769 4950 genere
798 4879 1073 4934 hominum
1101 4893 1317 4950 semper
1343 4880 1491 4937 ducit
1518 4882 1795 4937 exordium
1827 4882 2099 4938 orationis.

525 4972 579 5026 Si
610 4972 753 5025 enim
775 4970 961 5025 dixero
979 4985 1103 5026 eum
1125 4968 1315 5028 fecisse
1337 4971 1647 5032 Cherubim.
1669 4971 1776 5026 duo
1800 4982 1953 5028 erunt
1974 4973 2103 5027 mihi

523 5062 815 5133 probanda,
847 5061 984 5132 quod
1009 5060 1116 5117 sint
1138 5062 1424 5118 Cherubim
1444 5102 1459 5127 ,
1489 5070 1548 5117 et
1570 5060 1710 5129 quod
1734 5076 1797 5116 ea
1823 5062 1933 5130 ipse
1959 5060 2107 5118 fece-

522 5156 590 5208 rit
612 5172 624 5206 :
657 5154 709 5207 in
734 5152 798 5208 iis
824 5159 1003 5208 autem
1031 5168 1149 5224 qua:
1170 5154 1416 5209 videnlur
1439 5166 1601 5221 cogor
1624 5151 1798 5208 solum
1823 5153 2104 5209 ostendere

521 5260 642 5298 eum
685 5245 773 5299 illa
813 5243 1021 5301 fecisse.
1054 5244 1312 5313 Quocirca
1339 5251 1423 5298 est
1458 5245 1619 5298 etiam
1658 5242 1831 5297 oratio
1856 5242 2099 5310 facilior;

596 5349 665 5403 tu)
693 5342 775 5391 Sic
804 5356 934 5390 unus
960 5344 1007 5398 (ὁ
1028 5343 1080 5389 δὲ
1103 5340 1274 5403 Δανήλ,
1302 5337 1411 5403 τρίᾳ
1437 5338 1597 5403 £171);
1619 5333 1705 5403 alii
1728 5348 1901 5383 omnes
1926 5340 1977 5383 et
2020 5335 2112 5384 Sa-

530 5396 765 5459 th..'tres
794 5396 1135 5463 hebdomadas
1154 5396 1297 5463 (τρεῖς
1320 5396 1625 5463 ἑϐδομᾴδας).
1655 5396 1896 5463 Neutrum
1921 5409 2110 5463 sequu-

532 5456 731 5527 tusvest
776 5456 1494 5527 Genti-annsﬂeri-etus,_sed
1555 5456 1745 5527 posuit,
1802 5456 2111 5527 septuaginta

529 5526 856 5578 hebdomadas
880 5531 925 5574 et
947 5521 1225 5574 dimidium.
1257 5522 1449 5579 Omnia,
1476 5526 1532 5570 ut
1552 5520 1781 5579 diximus,
1804 5520 2112 5583 esemp'laria

529 5588 863 5646 Chr.t'sttslotni
901 5587 1067 5635 Graeca
1102 5586 1288 5633 habent
1332 5583 1455 5646 τρεῖς
1500 5585 1688 5643 ἑϐδομη,
1719 5596 1835 5646 uno
1870 5589 2105 5646 excepto,

530 5640 578 5699 in
619 5640 734 5713 quo
760 5640 959 5713 Ie‘gitur,
1000 5652 1099 5713 tres
1125 5657 1316 5713 annos:
1343 5640 1509 5695 utrum
1545 5640 1756 5695 vero'sit
1797 5657 1936 5693 error
1957 5640 2111 5704 Chry-

532 5706 735 5762 ποειῑὶιωὶ
759 5706 829 5758 δυ’
858 5706 1065 5770 librarii,
1089 5706 1343 5770 quaeritur.

595 5770 663 5838 (ὸ)
687 5771 819 5841 Vox,
830 5765 1146 5841 parasti,es't_
1160 5769 1299 5841 juxta
1320 5765 2111 5841 interpretatgtnemﬁpmmachi;

531 5826 659 5896 mit,
679 5826 941 5894 stabiliisti,
967 5826 1107 5894 juxta
1136 5826 1597 5895 interpretationem
1624 5826 1997 5880 Theodot’ionis.

1234 385 1293 441 S.
1338 381 1614 440 JOANNIS
1646 377 2113 436 CllilYSOSTOlll
2154 373 2472 431 ARClllEP.
2512 373 3048 432 COIiSTANleOP.

3693 376 3796 431 116

2216 492 2374 547 habet
2409 492 2602 562 quippe
2644 491 2845 557 visum,
2894 500 3082 545 testem
3114 480 3317 545 eorum
3362 505 3479 562 qua!
3517 481 3796 545 dicuntur.

2212 583 2368 639 Videt
2413 588 2554 638 enim
2589 583 2799 638 auditor
2834 581 3273 653 magnitudinem,
3318 581 3794 651 pulchritudinem,

2211 692 2363 732 usum
2393 686 2447 732 et
2478 679 2790 745 positionem
2817 718 2831 740 ,
2871 686 3312 744 constantemqne
3349 689 3412 729 ac
3451 690 3797 732 numerosum

2212 782 2447 822 cursum.
2480 768 2534 822 ltt
2567 768 2666 822 hoc
2692 768 2868 837 itaque
2895 782 3001 821 uno
3040 777 3119 822 est
3151 766 3285 821 mihi
3323 767 3553 821 studium
3593 782 3803 836 ponen-

2212 859 2360 925 dum,
2393 869 2451 914 ut
2474 861 2750 915 ostendam
2777 860 2827 913 id
2858 860 3019 914 Deum
3050 860 3240 914 fecisse
3287 861 3352 914 Et
3372 875 3537 929 quare
3559 875 3661 914 non
3687 875 3803 915 me-

2214 952 2366 1006 minit
2390 952 2518 1006 solis
2540 994 2554 1017 ,
2598 951 2689 1005 sed
2721 953 2880 1015 lunm,
2905 959 2959 1004 et
2990 951 3302 1005 stellarum?
3330 951 3440 1005 lloc
3473 966 3590 1004 cum
3619 948 3757 1005 dixit
3784 993 3803 1016 ,

2215 1044 2340 1097 illud
2382 1058 2591 1113 quoque
2626 1042 2961 1113 signiﬁcavit.
3008 1042 3269 1108 Quoniam
3301 1041 3442 1095 enim
3488 1041 3728 1094 nonnulli
3770 1055 3802 1093 a

2217 1135 2307 1189 Dei
2338 1134 2550 1203 opiﬁcio
2573 1146 2781 1188 noctem
2812 1142 3094 1203 separant,
3140 1148 3233 1201 per
3262 1134 3436 1185 lunam
3465 1148 3582 1186 eam
3615 1142 3804 1186 osten-

2214 1224 2324 1289 dit,
2356 1224 2541 1279 dit-ens
2569 1240 2688 1278 eum
2731 1224 2886 1279 etiam
2922 1225 3080 1291 hujus
3119 1236 3237 1276 esse
3272 1221 3544 1289 Opiﬁcem.
3579 1221 3692 1275 Non
3716 1229 3806 1274 est
3890 1292 3895 1297 ἡ

2215 1328 2389 1369 autem
2414 1331 2571 1383 parva
2594 1317 2866 1370 stellarum
2902 1317 3148 1380 varietas,
3181 1325 3235 1368 et
3258 1313 3519 1367 lunarium
3544 1327 3800 1367 cursuum

2215 1407 2617 1463 demonstratio.
2647 1408 2697 1463 5.
2732 1408 2869 1474 Quid
2897 1418 2967 1460 est
3008 1408 3155 1460 homo
3196 1407 3329 1475 quod
3356 1422 3547 1458 memor
3573 1423 3623 1458 es
3651 1407 3765 1472 ejus
3783 1446 3800 1470 ,

2216 1511 2301 1553 aut
2327 1502 2464 1566 ﬁlius
2507 1500 2723 1552 hominis
2759 1500 2892 1568 quod
2926 1499 3096 1551 visitus
3138 1497 3297 1549 eum?
3343 1496 3523 1561 Alius,
3566 1495 3703 1562 Quid
3729 1504 3805 1548 est

2216 1591 2551 1659 unusquisque
2593 1589 2762 1654 homo,
2808 1588 2943 1659 quod
2986 1590 3094 1657 ejus
3132 1585 3454 1639 recordaris?
3497 1586 3645 1638 Alius
3677 1601 3802 1655 pro,

2227 1680 2410 1734 Visitas
2435 1697 2549 1734 eum
2571 1722 2585 1745 ,
2618 1680 2743 1733 dicit
2763 1722 2776 1743 ,
2821 1678 3072 1732 Visitabis.
3109 1678 3390 1746 Postquam
3430 1677 3565 1730 dixit
3593 1676 3659 1730 de
3685 1677 3807 1744 opi-

2218 1772 2356 1838 ﬁcio,
2389 1780 2443 1826 et
2471 1775 2775 1827 universum
2805 1788 2869 1826 ex
2900 1782 3046 1841 parte
3076 1770 3406 1840 signiﬁcavit,
3442 1771 3626 1824 inserit
3650 1770 3805 1824 dein-

2216 1879 2342 1933 ceps
2389 1879 2689 1919 sermonem
2738 1865 2805 1918 de
2847 1862 3171 1930 providentia
3222 1861 3512 1914 hominum.
3542 1860 3672 1915 Nam
3714 1860 3802 1914 illa

2217 1959 2375 2014 etiam
2400 1999 2416 2023 ,
2444 1974 2561 2027 qua:
2590 1956 2728 2010 dicta
2762 1963 2923 2020 sunt,
2946 1966 3063 2009 sunt
3092 1963 3305 2023 proriter
3341 1967 3507 2021 genus
3536 1963 3800 2017 nostrum,

2216 2052 2503 2122 quinetiam
2546 2063 2626 2113 ea,
2658 2064 2775 2117 quae
2811 2047 2875 2101 ad
2919 2045 3299 2115 providentiam
3338 2044 3453 2111 ejus
3495 2044 3800 2111 pertinent:

2216 2143 2462 2197 universa
2508 2141 2648 2194 enim
2695 2147 2937 2193 creatura
2986 2148 3202 2206 pr0pter
3247 2136 3533 2190 hominem.
3600 2134 3801 2188 Verum

2214 2234 2356 2287 aliud
2384 2249 2592 2303 quoque
2613 2246 2781 2302 genus
2804 2239 3091 2298 pertractat
3117 2227 3480 2297 providentiae,
3512 2236 3565 2281 et
3592 2241 3696 2279 non
3725 2236 3801 2280 te-

2217 2342 2362 2381 mere
2386 2325 2556 2379 dehis
2580 2324 2756 2378 dicere
2783 2322 3108 2392 aggreditur,
3141 2323 3234 2374 sed
3256 2319 3407 2373 valde
3440 2320 3723 2385 prudenter
3745 2326 3801 2372 et

2218 2420 2401 2488 probe,
2430 2432 2525 2486 pro
2549 2426 2658 2470 toto
2681 2416 2810 2469 urbe
2840 2424 3113 2468 terrarum
3137 2428 3298 2483 agens
3330 2411 3551 2482 gratias,
3579 2414 3800 2464 univer-

2215 2524 2332 2561 stnn
2379 2521 2681 2562 memorans
2712 2503 3021 2559 beneficium
3042 2544 3058 2569 ,
3089 2512 3138 2557 et
3166 2502 3454 2556 ostendens
3483 2498 3798 2569 magnitudi-

2215 2615 2336 2654 nem
2372 2600 2486 2668 ejus
2519 2598 2931 2667 dispensationis
2958 2597 3009 2649 in
3056 2595 3348 2649 hominem.
3389 2594 3442 2649 Si
3484 2595 3622 2648 enim
3666 2592 3800 2649 nihil

2214 2700 2331 2747 erat
2357 2701 2530 2753 antea,
2557 2690 2723 2744 multo
2744 2689 2910 2758 magis
2930 2686 3143 2757 quando
3168 2685 3412 2740 Christus
3432 2687 3657 2741 arcessit
3679 2695 3801 2754 post

2216 2792 2294 2838 tot
2314 2792 2368 2837 et
2390 2791 2530 2836 tanta
2555 2788 2785 2850 peccata.
2819 2779 2884 2832 Et
2904 2778 3137 2832 ostendit
3159 2777 3356 2831 Christi
3383 2778 3664 2831 adventum
3689 2792 3799 2830 non

2214 2889 2243 2927 a
2273 2873 2426 2928 venia
2452 2873 2680 2927 alienum
2720 2870 2901 2935 fuisse,
2933 2870 3039 2923 imo
3067 2885 3095 2921 a
3124 2884 3330 2923 summa
3356 2868 3649 2938 profectum
3676 2882 3800 2923 esse

2212 2963 2515 3021 clementia.
2552 2961 2685 3016 Nam
2719 2971 2984 3030 tamquam
3018 2960 3247 3028 opt-imus
3292 2960 3480 3028 aliquis
3518 2958 3755 3013 medicus
3778 2998 3797 3026 ,

2211 3057 2356 3113 sanis
2385 3054 2602 3119 relictis,
2632 3054 2777 3107 venit
2797 3053 2861 3106 ad
2892 3066 3020 3117 nos,
3049 3052 3139 3121 qui
3167 3050 3354 3104 morbo
3381 3052 3751 3105 laborabamus
3777 3092 3794 3118 ,

2211 3151 2300 3221 qui
2326 3150 2456 3204 nihil
2482 3160 2716 3205 eramus.
2750 3144 2861 3198 Hoc
2887 3158 3015 3213 ergo
3043 3143 3351 3207 ostendens,
3382 3143 3623 3198 dicebat:
3659 3143 3799 3210 Quid

2211 3251 2281 3297 est
2298 3244 2447 3295 homo
2466 3241 2492 3295 1
2521 3255 2616 3310 pro
2644 3253 2712 3295 eo
2730 3235 2871 3305 quod
2891 3247 2993 3300 εει,
3018 3234 3155 3288 Nihil
3180 3244 3280 3301 est,
3309 3242 3391 3288 est
3416 3234 3540 3303 quid
3567 3234 3688 3287 vile.
3714 3233 3799 3288 Ad

2213 3343 2412 3389 tantam
2437 3333 2578 3387 enim
2615 3328 2907 3401 respiciens
2943 3326 3034 3380 Dei
3063 3340 3243 3380 curant
3283 3334 3337 3379 et
3368 3325 3751 3394 providentiam
3778 3366 3794 3389 ,

2211 3434 2265 3479 ct
2291 3424 2357 3479 ad
2391 3440 2452 3478 ea
2478 3438 2596 3504 qua;
2633 3422 2756 3476 fecit
2784 3437 2879 3490 pro
2907 3417 3078 3475 salute
3104 3417 3374 3470 hominum
3393 3456 3408 3480 ,
3441 3416 3592 3470 valde
3617 3425 3800 3485 stupet

2210 3525 2264 3570 et
2315 3514 2624 3576 admiratur,
2664 3528 2759 3567 cur
2792 3527 2912 3567 eum
2966 3520 3110 3566 tanta
3141 3508 3209 3561 sit
3252 3506 3577 3577 providentia
3609 3507 3799 3576 digna-

2212 3617 2314 3661 tus.
2339 3605 2522 3675 Cogita
2546 3604 2687 3659 enim
2709 3643 2724 3667 ,
2754 3612 2970 3673 propter
3002 3602 3178 3672 ipsum
3209 3612 3327 3652 esse
3356 3598 3533 3652 omnia
3567 3612 3688 3667 qua:
3715 3597 3797 3650 vi-

2210 3697 2418 3752 dentur.
2450 3696 2673 3764 Propter
2698 3695 2900 3763 ipsum,
2932 3709 3049 3763 quze
3079 3694 3145 3746 ab
3174 3689 3344 3745 Adam
3377 3703 3545 3758 usque
3582 3688 3647 3742 ad
3671 3686 3795 3757 ejus

2209 3787 2488 3842 adventum
2528 3787 2829 3853 dispensata
2875 3794 2928 3839 et
2968 3784 3333 3841 administrata
3381 3788 3541 3845 sunt;
3574 3787 3794 3848 propter

2210 3880 2404 3949 ipsum,
2434 3878 2707 3946 paradisus
2745 3885 2801 3932 et
2846 3887 3131 3947 praecepta,
3178 3891 3351 3945 paena:
3398 3884 3454 3929 et
3492 3871 3746 3928 miracula
3770 3913 3786 3937 ,

2209 3972 2570 4041 suppliciaqne
2599 3980 2653 4025 et
2682 3969 2937 4027 beneﬁcia
2982 3979 3102 4038 post
3138 3968 3344 4038 legem;
3377 3977 3591 4036 propter
3616 3964 3791 4033 ipsum

2211 4064 2303 4118 Dei
2333 4062 2495 4116 Filius
2533 4061 2694 4116 homo
2721 4060 2890 4117 factus
2929 4067 3031 4114 est.
3070 4059 3200 4114 Nam
3238 4058 3361 4128 qttid
3391 4058 3579 4112 attinet
3606 4057 3791 4111 dicere

2208 4152 2428 4209 futura?
2465 4152 2589 4208 llwc
2620 4166 2749 4221 ergo
2786 4151 2962 4206 omnia
2993 4159 3260 4221 reputans,
3302 4149 3467 4204 dicit:
3500 4148 3636 4213 Quid
3675 4158 3794 4202 tam

2208 4258 2457 4313 magnum
2487 4251 2568 4296 est
2610 4242 2807 4311 homo,
2839 4241 2979 4313 quod
3023 4251 3099 4297 tot
3126 4252 3181 4296 et
3208 4242 3367 4299 tantis
3401 4239 3554 4295 bonis
3596 4239 3790 4310 dignus

2204 4332 2365 4388 fuerit
2394 4331 2641 4388 habitus?

2278 4427 2329 4481 7.
2346 4425 2400 4482 Si
2422 4426 2539 4496 quis
2564 4426 2702 4482 enim
2719 4426 3135 4483 consideraverit
3152 4436 3281 4498 quot
3292 4435 3346 4482 et
3362 4435 3554 4498 quanta
3572 4434 3791 4497 propter

2208 4518 2380 4588 ipsum
2409 4517 2541 4573 facta
2570 4527 2692 4572 sunt
2717 4528 2770 4574 et
2805 4518 2960 4581 ﬁant,
2989 4528 3042 4573 et
3070 4528 3263 4589 quanta
3293 4519 3363 4572 sit
3389 4529 3568 4587 postea
3597 4531 3788 4585 peree-

2204 4619 2412 4680 pturos,
2441 4611 2607 4663 multo
2628 4610 2845 4664 horrore
2873 4609 3191 4678 intplehitur,
3216 4619 3268 4663 et
3286 4620 3410 4663 tunc
3424 4610 3565 4664 clare
3586 4607 3789 4662 videbit

2205 4709 2572 4770 quatttaacurte
2596 4700 2702 4752 Deo
2726 4699 2793 4752 sit
2818 4699 2917 4753 hoc
2940 4699 3153 4753 animal.
3175 4699 3228 4753 6.
3247 4698 3474 4752 Minuisti
3494 4714 3607 4752 eum
3630 4697 3789 4768 paulo

2207 4793 2370 4847 minus
2412 4793 2474 4845 ab
2519 4792 2732 4863 angelis.
2779 4791 2952 4855 Alius,
2990 4790 3158 4846 Paulo
3196 4791 3361 4845 minus
3384 4807 3417 4843 a
3443 4789 3568 4844 Deo.
3611 4789 3783 4853 Alius,

2209 4882 2488 4937 Paululum
2507 4884 2746 4953 quiddam
2766 4899 2798 4935 a
2821 4882 2943 4937 Deo.
2975 4882 3228 4941 llebrtetts
3250 4889 3450 4946 autem,
3473 4878 3790 4935 Outltasreott

2206 4983 2309 5027 mat
2335 4991 2411 5028 me
2440 4974 2606 5027 eloim.
2635 4972 2731 5028 Hic
2759 4972 2998 5028 meminit
3016 4971 3490 5036 condemnationis,
3514 4978 3570 5025 et
3590 4970 3789 5026 veteris

2208 5065 2430 5133 peccati,
2456 5075 2679 5119 mortem
2707 5064 2758 5117 in
2787 5064 3016 5118 medium
3039 5064 3325 5118 adducens.
3353 5064 3415 5116 At
3438 5078 3556 5116 eam
3576 5076 3789 5132 quoque

2206 5154 2400 5219 solvit,
2428 5168 2547 5209 cum
2577 5154 2806 5209 venisset
2839 5153 3165 5224 Unigenitus.
3215 5152 3390 5206 Gloria
3410 5162 3456 5206 et
3486 5154 3676 5206 honore
3703 5167 3786 5205 co.

2205 5246 2394 5299 ronasti
2417 5262 2549 5300 eum.
2582 5245 2752 5310 Alius,
2781 5244 2955 5299 Gloria
2976 5256 3021 5298 et
3044 5246 3289 5317 dignitate
3316 5244 3576 5298 coronabis
3600 5244 3784 5314 ipsum.

2206 5336 2356 5391 Licet
2382 5335 2595 5406 quidem
2623 5335 2738 5390 tunc
2761 5344 2814 5390 et
2845 5337 3123 5401 historice,
3159 5337 3279 5391 licet
3305 5344 3361 5389 et
3385 5336 3674 5406 anagogice
3700 5348 3781 5388 ao-

2207 5428 2404 5498 cipere.
2437 5428 2568 5480 Dicit
2595 5427 2736 5481 enim
2767 5435 2820 5481 et
2848 5426 2961 5496 ejus
2992 5427 3293 5496 imperium,
3318 5426 3459 5497 quod
3488 5427 3537 5481 ei
3561 5441 3685 5481 cum
3711 5424 3790 5483 fa-

2206 5531 2326 5576 ctus
2360 5528 2470 5585 est,
2507 5519 2755 5572 traditum
2788 5529 2900 5583 est;
2944 5518 3071 5574 dicit
3095 5521 3254 5574 etiam
3284 5534 3404 5589 qua:
3433 5518 3568 5573 bona
3596 5533 3789 5573 conse-

2206 5620 2399 5681 quutus
2427 5609 2497 5664 sit
2524 5619 2642 5678 post
2664 5608 2951 5665 adventum
2988 5611 3203 5665 Christi.
3253 5610 3310 5664 In
3350 5610 3610 5679 principio
3644 5609 3789 5664 enim

2205 5701 2407 5757 audivit
2464 5700 2670 5755 Tremor
2687 5711 2735 5756 et
2764 5712 2922 5756 metus
2943 5703 3088 5756 uestri
3108 5702 3201 5755 erit
3229 5717 3383 5770 super
3410 5716 3579 5755 omnes
3610 5700 3793 5754 bestius

2209 5807 2354 5853 terra:
2380 5788 2610 5867 (Gaul).
2640 5793 2729 5865 9.);
2758 5802 2829 5860 ct,
2857 5794 3111 5865 Imperant
3134 5794 3349 5865 piscibus
3376 5793 3530 5850 maris
3558 5789 3710 5867 (Gen.
3735 5793 3789 5849 1.
