4084 6278
1407 250 1774 308 EXPOSITIO
1820 250 1885 305 IN
1924 250 2258 309 PSALMUM
2304 252 2436 308 νηι.
3583 255 3683 309 H6

2123 368 2341 422 κάκεῖνο
2368 367 2606 439 ᾐνίξατο.
2637 364 2851 436 Ἐπειδὴ
2886 363 2994 434 γάρ
3031 379 3175 428 τινες
3203 362 3555 434 ἀποσχίζουσι
3587 366 3687 435 τῆς

2115 449 2471 520 δημιουργίας
2516 450 2609 504 τοῦ
2652 448 2786 502 Θεοῦ
2820 448 2915 519 τὴν
2956 448 3158 510 νύκτα,
3191 446 3282 500 διὰ
3318 447 3418 515 τῆς
3463 446 3689 518 σελήνης

2116 532 2285 603 αὐτὴν
2326 533 2572 603 ἐνέφηνε,
2612 533 2826 595 δεικνὺς
2858 533 2940 585 ὅτι
2986 531 3080 584 καὶ
3118 529 3323 600 ταύτης
3361 529 3688 602 δημιουργός

2117 617 2282 668 ἐστιν.
2303 614 2378 668 Οὐ
2412 615 2585 686 μικρά
2618 614 2674 668 δέ
2700 615 2793 668 καὶ
2821 616 2854 685 ἡ
2885 614 2992 667 τῶν
3028 612 3271 684 ἀστέρων
3298 612 3559 678 ποικιλία,
3593 616 3687 666 καὶ

452 254 553 309 H3

438 385 548 432 τες,
578 367 673 422 καὶ
694 366 918 438 χρόνους
938 365 1227 436 ὁρίζοντες.
1265 364 1376 439 [86]
1401 368 1510 421 Kal
1544 368 1653 440 γάρ
1678 369 1706 421 ὁ
1743 367 2014 439 Ἱερεμίας

440 450 808 521 ἐϐδομήκοντα
850 448 945 518 ἐτη
991 447 1189 520 ὥρισε,
1225 450 1319 501 καὶ
1351 452 1378 503 6
1415 450 1612 521 Δανιὴλ
1635 451 1836 520 ὁμοίως
1867 451 2014 521 τρεῖς

440 532 738 604 ἑϐδομάδας
782 531 877 585 καὶ
913 531 1117 601 ἥμισυν
1162 533 1258 584 καὶ
1314 532 1370 585 ἐν
1401 532 1663 604 Αίγύπτῳ
1686 533 2015 603 τετρακόσια

437 617 734 686 τριάκοντα
764 613 856 683 ἐτη
890 613 1101 686 ἐρρήθη
1124 614 1206 666 ὅτι
1236 613 1601 669 δουλεύσουσι.
1646 617 1781 687 Περὶ
1817 616 1874 668 δέ
1916 616 2017 684 τῆς
2046 624 2053 633 ’

437 697 817 769 αἰχμαλωσίας
857 697 1062 767 ταύτης
1096 689 1344 767 ὀὐδαμοῦ
1398 701 1574 751 κεῖται
1621 698 1841 770 χρόνος,
1893 697 2015 750 οὐδὲ

444 783 639 851 πέρας,
668 779 787 834 ἀλλ’
814 781 1031 848 ἀφεῖται
1051 781 1078 832 6
1108 776 1255 844 οἶκος
1282 782 1434 852 ὑμῶν
1460 795 1485 822 α
1517 776 1742 853 ἕρημος,
1776 781 1871 833 καὶ
1892 780 2013 833 καθ’

435 866 675 937 ἑκάστην
703 866 915 936 ἡμέραν
942 865 1034 917 ἐπὶ
1052 864 1112 917 τὸ
1135 868 1315 935 χεῖρον
1337 865 1406 918 τά
1433 867 1676 936 ὑμέτερα
1702 866 1941 936 πρόεισι.

507 956 776 1023 ς’.Ταῦτα
793 957 969 1009 πάντα
987 955 1121 1025 μετά
1134 954 1326 1025 ἀκριὸε
1336 955 1418 1019 ίας
1432 956 1869 1027 ἀναλογιζόμενοι
1884 975 1957 1009 πα
1967 956 2013 1027 ρ’

434 1040 671 1105 ἑαυτοῖς,
689 1038 893 1092 καὶτὸν
909 1038 1066 1105 λόγον
1115 1040 1179 1090 ἐκ
1201 1036 1403 1091 τούτων
1426 1038 1784 1101 πλατύνοντες
1814 1039 2012 1108 (Δίδου

433 1120 543 1192 γὰρ
573 1121 747 1192 σοφῷ
790 1120 1070 1190 ἀφορμὴν
1090 1161 1104 1183 ,
1145 1121 1245 1173 καὶ
1274 1120 1614 1189 σοφώτερος
1652 1122 1844 1184 ἔσται)
1867 1164 1881 1184 ,
1914 1123 2013 1192 τὴν

434 1203 819 1274 ἀναισχυντίαν
860 1201 1040 1256 αὐτῶν
1070 1205 1164 1256 καὶ
1195 1203 1296 1272 τὴν
1332 1203 1724 1273 ἀγνωμοσύνην
1771 1203 2012 1274 ἐλέγχειν

434 1287 752 1357 δυνήσεσθε.
782 1286 909 1337 Ὅτι
951 1285 1176 1353 ὄψομαι
1211 1284 1357 1350 τοὺς
1382 1285 1678 1354 οὐρανοὺς
1721 1287 1865 1355 ἔργα
1894 1286 2011 1341 τῶν

435 1368 752 1421 δακτύλων
789 1382 928 1421 σου.
959 1367 1169 1430 Ἄλλος,
1214 1367 1359 1435 Ὀρῶ
1384 1368 1495 1435 γὰρ
1522 1367 1665 1434 τοὺς
1694 1369 2006 1437 οὐρανούς.

435 1449 713 1518 Σελήνην
740 1451 838 1504 καὶ
871 1450 1128 1519 ἀστέρας
1159 1449 1195 1503 ἁ
1232 1450 1312 1502 σὺ
1346 1450 1761 1518 ἐθεμελίωσας.
1797 1450 2005 1517 Ἄλλος,

443 1533 812 1602 Ἠτοίμασας.
841 1532 1053 1597 Ἀλλος,
1090 1533 1389 1600 Ἥδρασας
1420 1534 1464 1585 h.
1514 1533 1723 1596 Εἰπὼν,
1755 1535 1836 1586 ὅτι
1863 1534 2010 1587 Κατ-

433 1615 630 1679 ἑλυσας
656 1617 785 1678 τοὺς
816 1614 1067 1686 ἐχθροὺς,
1096 1616 1189 1668 καὶ
1220 1615 1316 1685 τὴν
1344 1615 1615 1683 ἀπόδειξιν
1646 1617 1872 1686 παρέχει
1908 1617 2009 1687 τῆς

430 1696 689 1767 λαμπρᾶς
712 1698 915 1765 ταύτης
941 1698 1119 1766 νίκης.
1143 1698 1214 1750 Σὺ
1241 1698 1371 1768 γὰρ,
1398 1699 1581 1767 φησὶν,
1605 1700 1632 1751 6
1656 1699 2004 1768 σταυρωθεὶς,

430 1778 460 1830 6
500 1779 827 1849 ἀναιρεθεὶς,
862 1780 1135 1848 ἀνεφάνης
1173 1781 1273 1849 τῆς
1301 1781 1624 1852 οἰκουμένης
1655 1780 2003 1851 δημιουργός.

430 1860 529 1914 Διά
567 1859 727 1913 τοῦτὸ
756 1877 888 1929 φησι
911 1878 924 1891 ο
972 1864 1231 1929 Ὀψομιιι
1269 1861 1411 1927 ἡδὺς
1448 1864 1770 1929 οὐρανούς·
1810 1862 2002 1933 δηλῶν,

429 1943 511 1995 ὅτι
533 1941 844 2011 ἔμπροσθεν
869 1943 930 1995 ού
967 1943 1148 1996 πολλοὶ
1172 1943 1329 1996 τοῦτο
1356 1944 1597 2015 ⁴ᾔδεισαν,
1623 1943 1847 2014 ὕστερον
1875 1946 2004 2014 μέν-

428 2042 510 2078 τοι
548 2025 750 2090 πάντες
789 2025 1049 2079 εἴσονται.
1095 2027 1203 2078 Kal
1237 2026 1380 2089 τίνος
1416 2026 1602 2081 ἕνεκεν
1630 2029 1729 2081 οὐκ
1770 2027 2005 2097 ἐπῆλθεν

429 2109 645 2162 ἅπαντα
665 2107 764 2177 τῆς
786 2108 1108 2179 οἰκουμένης
1138 2109 1206 2161 τά
1234 2110 1376 2180 μέρη
1397 2112 1550 2174 ;Ὄτι
1580 2111 1647 2163 τὰ
1672 2112 2004 2183 καιριώτερα

426 2191 535 2244 τῶν
578 2192 869 2262 ὁρωμένων
899 2190 1170 2255 ἐπελθὼν,
1202 2193 1351 2247 οὐδὲν
1382 2193 1485 2246 ἔδει
1513 2207 1534 2233 ο
1581 2195 1683 2264 τῆς
1728 2197 1857 2266 περὶ
1895 2196 2002 2249 τῶν

426 2275 601 2330 ἀλλων
623 2275 994 2338 διδασκαλίας.
1021 2277 1116 2339 Εἰς
1142 2277 1390 2331 τοσοῦτον
1417 2278 1597 2332 τοίνυν
1629 2279 2001 2349 κατελύθησαν

425 2358 476 2411 οἱ
505 2357 710 2429 ἐχθροὶ,
741 2357 817 2420 ὡς
842 2358 931 2411 τὸν
962 2358 1091 2428 παρ’
1123 2359 1303 2412 αὐτῶν
1336 2360 1688 2430 ἐλαυνόμενον
1723 2364 1817 2416 καὶ
1846 2364 2001 2417 ἀναι-

427 2442 652 2512 ρεθέντα
672 2442 1011 2513 ἀναφανῆναι
1033 2441 1139 2495 τῶν
1163 2443 1454 2514 ὁρωμένων
1477 2444 1729 2498 ἁπάντων
1749 2446 1811 2517 δη
1821 2462 2002 2518 μιουρ-

425 2526 540 2594 γόν.
560 2526 672 2579 Kal
689 2527 833 2590 τίνος
853 2526 1038 2580 ἕνεκεν
1061 2528 1160 2580 οὐκ
1186 2522 1328 2590 εἶπε,
1346 2527 1464 2581 Τῶν
1485 2529 1682 2600 χειρῶν
1712 2547 1826 2597 σου,
1841 2531 1995 2596 ἀλλὰ,

430 2607 552 2661 Τῶν
578 2607 891 2662 δακτύλων
918 2624 1071 2673 σου;
1099 2610 1212 2679 Τῆς
1228 2609 1515 2681 ἐλαχίστης
1536 2612 1811 2682 ἐνεργείας
1838 2613 1999 2686 ἔργον

422 2691 637 2752 δεικνὺς
667 2689 738 2743 ea;
764 2689 1033 2761 ὁρώμενα,
1069 2693 1162 2744 καὶ
1191 2693 1251 2745 τὸ
1282 2693 1579 2764 παράδοξον
1607 2695 1707 2764 τῆς
1736 2695 1997 2769 δημιουρ-

422 2771 571 2840 γίας,
599 2772 681 2824 ὅτι
703 2773 1107 2843 κρεμασθέντες
1141 2776 1241 2827 οὐκ
1272 2775 1625 2828 ἐκπίπτουσιν
1656 2778 1705 2829 οί
1734 2779 1961 2848 ἀστέρες
1980 2798 1993 2811 ·

422 2855 600 2907 καίτοι
633 2871 696 2923 γε
727 2856 826 2907 οὐκ
858 2855 995 2927 αὐτὴ
1016 2856 1122 2909 τῶν
1158 2857 1423 2928 θεμελίων
1454 2860 1485 2927 ή
1516 2859 1693 2928 φύσις,
1727 2860 1839 2913 ἀνω
1871 2879 1997 2933 κρε-

425 2938 650 3008 μᾶσθαι,
678 2939 814 2991 ἀλλά
846 2941 994 2993 κάτω
1021 2941 1229 2994 κεῖσθαι
1264 2942 1506 3007 πέφυκεν
1527 2955 1540 2968 ·
1582 2942 1693 2996 ἀλλ’
1717 2945 1745 2996 6
1774 2945 1995 3015 ἀριστο-

418 3021 613 3092 τέχνης
637 3023 967 3092 δημιουργὸς
991 3024 1084 3075 καὶ
1110 3022 1390 3094 παράδοξα
1420 3024 1607 3085 ποιῶν,
1638 3027 1696 3077 ἐν
1726 3030 1836 3089 τοῖς
1869 3046 1994 3097 φαι-

417 3105 662 3172 νομένοις
683 3104 749 3157 τὰ
771 3104 990 3157 πλείονα
1014 3106 1150 3177 ὑπὲρ
1174 3106 1387 3175 φύσεως
1407 3108 1724 3162 ἀκολουθίαν
1746 3112 1989 3180 ἐποίησε.

417 3187 527 3240 Καὶ
554 3187 643 3239 διὰ
667 3187 719 3238 τί
760 3186 923 3257 μηδὲν
953 3191 1080 3259 περὶ⁹
1103 3190 1408 3260 ἀσωμάτων
1442 3192 1722 3264 δυνάμεων
1749 3194 1991 3263 διαλέγε-

414 3285 525 3332 ται,
551 3270 643 3322 καὶ
690 3269 899 3322 ἐκεῖθεν
955 3269 1221 3325 δείκνυσιν
1257 3273 1422 3327 αὐτοῦ
1460 3275 1557 3345 τὴν
1596 3276 1986 3348 δημιουργίαν;

416 3352 541 3405 ’Ὁτι
560 3353 698 3416 τέως
728 3353 790 3405 τὸ
818 3355 1248 3425 σπουδαζόμενον
1281 3356 1438 3410 τοῦτο
1465 3354 1556 3430 ἦν,
1598 3362 1723 3429 περὶ
1740 3362 1847 3414 τῶν
1873 3381 1990 3430 φαι-

413 3434 653 3504 νομένων
680 3436 874 3499 αύτοὺς
898 3437 1111 3507 μαθεῖν.
1138 3439 1235 3491 Διά
1257 3439 1412 3492 τοῦτο
1434 3441 1526 3493 καὶ
1549 3444 1576 3495 6
1600 3443 1786 3514 Πατὴρ
1821 3444 1985 3498 αὑτοῦ

414 3520 527 3573 ἄνω
564 3521 657 3573 καὶ
702 3521 862 3594 κάτω,
920 3522 1187 3586 Ἰουδαίοις
1232 3524 1640 3593 διαλεγόμενος,
1695 3529 1754 3579 οὐ
1803 3528 1979 3596 λέγει·

426 3601 567 3670 Ἐγὼ
609 3604 733 3665 τοὺς
774 3604 1037 3673 ἀγγέλους
1097 3605 1361 3675 ἐποίησα,
1406 3609 1497 3660 καὶ
1548 3611 1614 3661 τὰ
1667 3610 1979 3680 Χερουὸίμ’

412 3684 548 3747 ἀλλ’,
584 3677 729 3754 Ἐγὼ
759 3687 867 3738 τὸν
889 3686 1146 3756 οὐρανὸν
1174 3687 1439 3753 ἐξέτεινα
1460 3707 1473 3720 ο
1503 3692 1541 3755 ἠ
1568 3692 1696 3760 χείρ
1721 3677 1839 3761 μου
1862 3677 1984 3747 ἐθε-

405 3769 671 3835 μελίωσας
714 3768 829 3835 τὴν
871 3768 1006 3838 γῆν,
1038 3771 1074 3837 ἡ
1110 3771 1277 3832 δεξιά
1316 3791 1433 3843 μου
1480 3775 1839 3842 ἐστερέωσε·
1887 3778 1983 3830 καὶ

413 3851 592 3904 πάντα
623 3852 707 3904 ἀεὶ
740 3853 832 3905 τὸν
863 3853 1017 3921 λόγον
1049 3858 1106 3908 ἐν
1143 3860 1255 3919 τοῖς
1299 3859 1640 3928 φαινομένοις
1684 3861 1976 3928 ἀναλίσκει,

411 3933 548 4004 πρὸς
571 3934 669 4004 τὴν
706 3937 978 4006 σωτηρίαν
1006 3938 1116 3990 τῶν
1139 3938 1445 3993 ἀκουόντων
1478 3941 1692 3993 ἅπαντα
1725 3959 1981 4014 πραγμαι

407 4016 713 4087 τευόμενος.
733 4020 1037 4093 Παχύτεροι
1061 4020 1166 4091 γὰρ
1185 4021 1354 4086 ὄντες,
1375 4023 1482 4076 ἀπὸ
1510 4025 1616 4076 τῶν
1642 4027 1980 4095 φαινομένων

411 4097 610 4168 μᾶλλον
641 4101 914 4170 ἐνήγοντο,
950 4102 982 4170 ἥ
1014 4104 1121 4156 ἀπὸ
1141 4105 1250 4157 τῶν
1286 4105 1554 4176 ἀοράτων.
1586 4107 1683 4160 Διά
1706 4107 1862 4161 τοῦτο
1887 4110 1980 4162 καὶ

407 4180 618 4245 Παῦλος
640 4181 824 4234 εἰσιὼν
856 4184 942 4235 ἀεὶ
978 4184 1070 4236 καὶ
1113 4186 1458 4257 δημηγορῶν,
1505 4189 1613 4241 ἀπὸ
1658 4190 1756 4259 τῆς
1796 4207 1980 4258 φαινο-

408 4263 576 4334 μένης
626 4265 855 4327 κτίσεως
904 4268 1318 4336 προοιμιάζεται
1369 4270 1574 4338 λέγων·
1634 4272 1697 4324 '0
1753 4273 1898 4339 Θεὸς
1945 4277 1978 4327 ό

404 4347 665 4413 ποιήσας
692 4347 800 4399 τὸν
827 4347 1104 4415 οὐρανόν,
1150 4351 1244 4404 καί
1276 4351 1390 4418 τὴν
1425 4352 1540 4422 γῆν
1585 4354 1683 4407 καὶ
1726 4355 1841 4422 τὴν
1877 4355 1977 4408 θά-

401 4432 666 4494 λασσαν,
704 4429 802 4482 καί
852 4430 1047 4483 πάντα
1080 4432 1152 4485 τὰ
1191 4432 1261 4486 ἐν
1287 4435 1524 4499 αὐτοῖς’
1578 4437 1672 4489 καὶ
1711 4438 1818 4490 ἀπὸ
1869 4438 1975 4492 τῶν

401 4510 625 4581 ὄμϐρων
662 4511 770 4563 τῶν
810 4513 1070 4583 ἐτησίων,
1105 4516 1194 4567 καὶ
1242 4517 1349 4569 άπὸ
1392 4518 1483 4570 τοῦ
1516 4520 1703 4587 γένους
1734 4519 1828 4574 τοῦ
1865 4521 1974 4575 τῶν

400 4593 704 4665 ἀνθρώπων
736 4596 822 4648 ἀεὶ
853 4599 1087 4649 ποιεῖται
1113 4598 1203 4651 τὸν
1235 4598 1408 4667 λόγον.
1443 4603 1538 4654 Ἂν
1574 4602 1681 4673 γάρ
1715 4605 1853 4656 εἴπω
1891 4606 1972 4658 ὅτι

398 4676 469 4729 τά
492 4677 771 4749 Χερουϐὶμ
794 4680 1038 4751 ἐποίησε,
1066 4680 1259 4752 διπλῆς
1299 4700 1388 4752 μοι
1419 4685 1575 4753 χρεία
1607 4689 1970 4757 κατασκευῆς,

397 4761 480 4813 ὅτι
504 4776 564 4812 τε
595 4760 711 4813 ἐστι
747 4763 1049 4834 Χερουϐὶμ,
1085 4766 1179 4819 καὶ
1205 4767 1288 4819 ὅτι
1324 4768 1579 4838 ἐποίησεν
1599 4784 1613 4799 ο
1648 4771 1742 4822 ἐπὶ
1778 4770 1834 4823 δὲ
1863 4771 1972 4824 τῶν

395 4843 688 4912 ὁρωμένων
712 4844 870 4914 μόνον
895 4847 975 4899 ὅτι
995 4848 1250 4918 ἐποίησεν
1269 4848 1648 4920 ἀναγκάζομαι
1670 4853 1966 4918 ἀποδεῖξαι.

396 4923 513 4996 [87]
542 4927 634 4979 Διὸ
660 4927 756 4980 καὶ
785 4928 1146 5000 εὐκολώτερος
1172 4932 1201 4983 6
1229 4930 1384 5000 λόγος
1404 4950 1417 4963 ·
1443 4934 1543 5002 τὴν
1568 4934 1675 5004 γὰρ
1707 4935 1828 5005 ὄψιν
1859 4938 1969 5007 ἔχει

398 5008 705 5080 μαρτυρίαν
735 5011 843 5063 τῶν
870 5011 1197 5082 λεγομένων.
1235 5016 1343 5067 Καὶ
1375 5014 1483 5085 γὰρ
1512 5015 1572 5069 τὸ
1602 5016 1847 5086 μέγεθος,
1875 5020 1969 5072 καὶ

394 5090 453 5141 τὸ
479 5090 691 5155 κάλλος,
718 5094 818 5163 τὴν
856 5095 1084 5164 χρῆσιν,
1118 5097 1213 5149 καὶ
1260 5098 1359 5168 τήν
1392 5098 1569 5161 θέσιν,
1610 5100 1704 5151 καὶ
1747 5100 1844 5171 τὴν
1876 5103 1966 5154 εύ-

396 5172 628 5244 ρυθμίαν
664 5176 768 5247 ὁρᾷ
797 5179 825 5229 6
848 5178 1136 5249 ἀκροατής.
1178 5180 1336 5233 Ὥστε
1373 5181 1431 5233 ἓν
1461 5199 1550 5251 μοι
1580 5182 1640 5234 τὸ
1671 5184 1966 5248 σπουδαζό-

392 5271 574 5323 μενον,
609 5258 778 5323 δεῖξαι
805 5260 941 5312 ὄτιὸ
984 5260 1115 5322 Θεὸς
1149 5263 1281 5315 αὐτὸ
1320 5264 1634 5335 εἰργάσατο.
1668 5267 1778 5317 Kal
1822 5267 1966 5330 τίνος

390 5336 573 5392 ἕνεκεν
599 5342 720 5412 οὐχὶ
766 5343 860 5395 τοῦ
898 5343 1053 5414 ἡλίου
1094 5347 1359 5417 ἐμνήσθη,
1403 5347 1538 5400 ἀλλά
1590 5349 1691 5417 τῆς
1738 5349 1965 5422 σελήνης

388 5422 484 5474 καὶ
523 5422 633 5477 τῶν
675 5424 1242 5496 ἀστέρωνξΜάλιστα
1276 5431 1374 5499 μὲν
1422 5426 1514 5483 οὖν
1559 5429 1719 5485 τοῦτο
1754 5431 1960 5500 εἰπὼν,

452 5549 479 5614 ξ’
499 5546 845 5614 βηυξάφίεται
863 5552 972 5614 ὑμῖν
995 5555 1021 5601 6
1043 5552 1188 5611 οἶκος.

449 5606 478 5645 δ
499 5608 553 5656 In
576 5606 979 5682 e:li.l.'S_avil.r'a:i
1003 5606 1283 5682 35:06:61“;
1323 5624 1523 5668 notatur
1558 5618 1721 5682 ριε),
1746 5626 1958 5682 quaeest

387 5671 823 5781 ενέηίῃὲξξιέἓὲξξ
846 5681 898 5722 el
917 5677 977 5723 ad
995 5671 1203 5736 ἦδοαὰας
1223 5671 1303 5739 ei,
1323 5694 1433 5741 qua:
1462 5686 1540 5729 est
1559 5671 1925 5730 Theddoiionis.

694 5825 966 5913 ΡΑτιιοι.
1014 5829 1058 5888 G
1073 5849 1129 5888 ιι.
1180 5831 1304 5893 LV.

2117 698 2150 767 ἡ
2175 696 2284 749 τῶν
2309 697 2603 768 σεληναίων
2632 698 2844 768 δρόμων
2873 696 3160 762 ἀπόδειξις.
3192 696 3255 749 Τί
3277 695 3445 748 ἐστιν
3469 694 3687 764 ἄνθρω-

2116 796 2248 844 πος,
2285 779 2373 833 ὅτι
2397 778 2708 849 μιμνήσκῃ
2743 780 2948 844 αὑτοῦ,
2972 778 3011 846 ἢ
3048 778 3179 845 υίὸς
3222 776 3558 846 ,ιίνθρώποω
3597 778 3685 832 ὅτι

2114 862 2448 932 ἐπισκέπτῃ
2479 864 2664 917 αὐτόν
2687 880 2705 924 ;
2732 863 2942 926 Ἀλλος,
2982 862 3048 915 Τί
3084 864 3116 915 ὁ
3153 863 3279 915 κατ’
3305 859 3492 928 ἄνδρα
3512 859 3562 923 ἀ,
3597 860 3686 914 ὅτι

2109 948 2508 1015 μνημονεύεις
2543 946 2772 1009 αὐτοῦς
2804 945 2991 1009 ’Ἄλλος
3025 944 3145 998 ἀντὶ
3172 944 3286 1009 τοῦ,
3322 942 3683 1011 Ἐπισκέπτῃ

2113 1027 2321 1092 αὐτὸν,
2362 1029 2697 1097 Ἐπισκέψῃ
2744 1029 2957 1093 αὑτὸν,
2991 1027 3173 1098 φησίν.
3203 1024 3386 1079 Εἰπὼν
3424 1026 3550 1096 περὶ
3587 1028 3686 1095 τῆς

2113 1110 2491 1182 δημιουργίας,
2527 1112 2621 1167 καὶ
2657 1115 2721 1164 ἐκ
2757 1111 2955 1182 μέρους
2985 1111 3082 1180 τὴν
3116 1111 3295 1164 πᾶσαν
3318 1109 3680 1181 αἰνιξάμενος.

2113 1194 2372 1264 ἐμϐάλλει
2422 1205 2445 1233 ο
2475 1194 2659 1247 λοιπὸν
2701 1195 2781 1255 εἰς
2809 1194 2900 1246 τὸν
2951 1193 3080 1264 περὶ
3129 1192 3230 1262 τῆς
3277 1190 3530 1262 προνοίας
3573 1190 3682 1242 τῶν

2111 1275 2412 1346 ἀνθρώπων
2445 1276 2620 1344 λόγον.
2648 1277 2889 1329 Κάκεῖνα
2919 1277 3016 1347 μὲν
3042 1275 3149 1347 γὰρ
3182 1275 3252 1327 τὰ
3274 1273 3561 1345 εἰρημένα,
3594 1273 3680 1326 διὰ

2109 1358 2171 1411 τὺ
2198 1360 2353 1428 γένος
2390 1360 2450 1412 τὸ
2477 1360 2767 1431 ἡμέτερον,
2799 1359 2934 1412 ἀλλά
2968 1360 3062 1413 καὶ
3094 1359 3161 1412 τά
3204 1359 3301 1429 τῆς
3335 1356 3676 1429 κηδεμονίας,

2108 1435 2176 1510 ἧς
2202 1440 2414 1512 ἔχεται·
2448 1445 2481 1513 ἡ
2525 1443 2632 1513 γὰρ
2684 1444 2857 1505 κτίσις
2892 1444 3077 1501 ἅπασα
3102 1442 3188 1495 διὰ
3228 1443 3320 1495 τὸν
3374 1440 3676 1512 ἄνθρωπον.

2109 1523 2255 1593 Πλὴν
2289 1524 2425 1577 ἀλλά
2450 1526 2544 1577 καὶ
2585 1525 2770 1596 ἕτερον
2816 1521 2954 1588 εἶδος
2984 1526 3227 1578 ἀνακινεῖ
3274 1523 3548 1594 προνοίας,
3586 1522 3679 1575 καὶ

2106 1606 2204 1676 οὐχ
2235 1606 2421 1671 ἁπλῶς
2451 1609 2530 1670 είς
2553 1606 2740 1661 τοῦτον
2768 1600 3023 1678 ἐμϐάλλει
3054 1609 3147 1661 τὸν
3174 1607 3348 1676 λόγον,
3377 1606 3513 1659 ἀλλά
3542 1605 3679 1673 μετὰ

2108 1687 2307 1759 πολλῆς
2334 1690 2432 1760 τῆς
2470 1690 2907 1760 εὐγνωμοσύνης,
2936 1691 3075 1760 ὑπὲρ
3106 1691 3204 1760 τῆς
3234 1689 3558 1759 οἰκουμένης
3591 1687 3680 1739 εὐ-

2108 1773 2411 1842 χαριστῶν,
2446 1775 2537 1827 καὶ
2568 1774 2665 1844 τὴν
2700 1774 2924 1827 καθόλου
2970 1774 3141 1842 λέγων
3190 1774 3503 1844 εὐεργεσίαν
3525 1812 3538 1834 ,
3587 1774 3681 1825 καὶ

2106 1853 2201 1922 τῆς
2223 1856 2532 1925 οἰκονομίας
2553 1856 2650 1925 τῆς
2678 1859 2755 1920 είς
2782 1856 2941 1910 αὐτὸν
2970 1857 3339 1927 γεγενημένης
3364 1856 3424 1908 τὸ
3452 1854 3679 1926 μέγεθος

2107 1938 2479 2006 παριστῶνΈί
2514 1939 2621 2009 γὰρ
2642 1940 2746 2008 πρὸ
2770 1939 2956 1992 τούτου
2987 1941 3137 1993 οὐδὲν
3160 1937 3245 2009 ἦν,
3279 1937 3454 2008 πολλῷ
3479 1936 3677 2008 μᾶλλον

2104 2017 2193 2071 ὅτε
2229 2022 2258 2072 6
2286 2021 2520 2090 Χριστὸς
2553 2023 2900 2093 παρεγένετο,
2947 2022 3083 2092 μετὰ
3121 2021 3355 2075 τοσαῦτα
3396 2022 3491 2074 καὶ
3531 2019 3679 2091 τηλι-

2105 2100 2281 2153 καῦτα
2313 2103 2703 2174 ἁμαρτήματα.
2746 2105 2857 2157 Kal
2888 2106 3156 2158 δείκνυσιν
3179 2106 3260 2158 ὄτι
3292 2105 3392 2157 οὐκ
3420 2103 3524 2168 ἔξω
3563 2119 3679 2171 φει-

2105 2181 2226 2246 δοῦς
2250 2185 2283 2253 ή
2311 2188 2581 2256 παρουσία
2610 2185 2702 2239 τοῦ
2734 2188 2993 2258 Χριστοῦ,
3022 2187 3135 2241 ἀλλ’
3172 2188 3238 2242 ἐκ
3265 2186 3462 2256 πολλῆς
3487 2185 3674 2254 φιλαν-

2105 2265 2371 2336 θρωπίας.
2406 2270 2513 2321 Καὶ
2542 2271 2650 2342 γάρ
2685 2272 2935 2342 καθάπερ
2964 2289 3045 2335 τις
3067 2272 3285 2343 ἀριστος
3319 2270 3520 2340 ἰατρὸς,
3550 2271 3676 2331 τοὺς

2105 2348 2448 2416 ὑγιαίνοντας
2470 2352 2647 2420 ἀφεὶς,
2679 2349 2810 2425 ἦλθε
2839 2355 2973 2428 πρὸς
3006 2356 3152 2425 ἡμᾶς
3183 2355 3307 2417 τοὺς
3345 2353 3672 2422 κάμνοντας.

2102 2433 2251 2486 οὐδὲν
2284 2434 2462 2499 ὄντας.
2496 2437 2664 2490 Τοῦτο
2691 2438 2821 2506 γοῦν
2852 2439 3148 2509 παριστῶν,
3178 2438 3330 2506 ἔλεγε
3356 2454 3369 2466 ’
3408 2438 3468 2491 Τί
3504 2436 3677 2490 ἐστιν

2102 2515 2441 2584 ἅνθρωπος;
2469 2519 2590 2572 ἀντὶ
2630 2522 2746 2585 τοῦ,
2776 2521 2941 2575 Οὐδέν
2972 2523 3140 2585 ἐστιν,
3173 2521 3386 2584 εὐτελές
3430 2519 3482 2574 τί
3535 2521 3670 2572 ἐστι.

2102 2600 2245 2671 Πρὸς
2276 2602 2383 2673 γὰρ
2417 2602 2513 2673 τὴν
2555 2604 2823 2674 τοσαύτην
2868 2605 3124 2675 πρόνοιαν
3166 2604 3408 2676 ἀφορῶν,
3439 2603 3533 2656 καλ⁵
3576 2602 3672 2673 τὴν

2100 2685 2366 2756 τοσαύτην
2402 2687 2486 2738 τοῦ
2511 2687 2644 2740 Θεοῦ
2669 2688 3012 2758 κηδεμονίαν,
3038 2689 3246 2751 καὶτὰς
3266 2687 3669 2760 πραγματείας,

2098 2765 2164 2829 ἃς
2188 2769 2680 2839 ἐπραγματεύσατο
2698 2771 2786 2824 διὰ
2814 2773 2912 2841 τὴν
2936 2771 3206 2842 σωτηρίαν
3226 2770 3319 2823 τοῦ
3346 2771 3450 2823 τῶν
3471 2769 3674 2840 ἀνθρώ-

2100 2869 2214 2904 πων
2255 2853 2476 2920 γένους,
2528 2856 2729 2926 σφόδρα
2773 2856 3128 2925 ἐκπλήττεται
3172 2854 3265 2907 καὶ
3298 2850 3586 2923 θαυμάζει,
3620 2851 3671 2904 τί

2095 2935 2291 3006 δήποτε
2321 2938 2589 3007 τοσαύτης
2616 2938 2844 3008 ἠξίωσεν
2883 2939 3044 2993 αὑτὸν
3083 2938 3356 3013 προνοίας.
3391 2937 3669 3007 Ἐννόησον

2096 3020 2222 3090 γὰρ,
2253 3022 2334 3073 ὅτι
2365 3023 2430 3075 δι’
2475 3024 2637 3077 αὑτὸν
2666 3025 2732 3078 τά
2772 3023 3024 3095 ὁρώμενα
3071 3026 3268 3078 πάντα.
3303 3024 3378 3075 Δι’
3412 3022 3573 3089 αὑτὸν
3600 3021 3669 3074 τὰ

2094 3104 2201 3157 ἀπὸ
2238 3105 2404 3176 Ἀδὰμ
2432 3106 2535 3168 ἓως
2561 3108 2658 3176 τῆς
2688 3107 2989 3177 παρουσίας
3017 3106 3180 3160 αὐτοῦ
3206 3105 3661 3178 οἰκονομηθένταο

2093 3187 2159 3239 δι’
2184 3189 2345 3240 αὐτὸν
2376 3190 2723 3256 παράδεισος,
2762 3190 2856 3243 καὶ
2885 3189 3115 3253 ἐντολαὶ,
3143 3190 3237 3243 καὶ
3275 3189 3542 3254 κολάσεις,
3573 3189 3669 3243 καὶ

2094 3270 2379 3340 θαύματα,
2429 3275 2521 3326 καὶ
2567 3274 2849 3344 τιμωρίαι,
2892 3275 2984 3326 καὶ
3017 3270 3354 3346 εὐεργεσίαι,
3401 3274 3538 3344 μετὰ
3575 3275 3666 3326 τὸν

2092 3354 2253 3423 νόμον
2274 3372 2286 3385 ’
2322 3356 2387 3409 δι’
2415 3358 2574 3409 αὑτὸν
2600 3359 2627 3408 ὁ
2649 3358 2774 3421 Υἱὸς
2802 3358 2897 3411 τοῦ
2933 3359 3067 3411 Θεοῦ
3105 3360 3390 3429 ἄνθρωπος
3423 3356 3661 3425 ἐγένετο.

2091 3436 2154 3487 Τί
2185 3437 2249 3488 ἄν
2274 3455 2358 3502 τις
2386 3439 2529 3493 εἴποι
2576 3440 2644 3493 τά
2688 3440 2967 3510 μέλλοντα,
2994 3436 3070 3495 ὧν
3111 3441 3401 3495 ἀπολαύειν
3443 3442 3658 3511 μέλλεις

2087 3519 2271 3575 Ταῦτα
2315 3521 2494 3575 τοίνυν
2525 3523 2739 3577 ἅπαντα
2772 3524 3217 3596 ἀναλογιζόμενος
3247 3525 3415 3591 λέγει’
3445 3525 3510 3577 Τί
3536 3541 3661 3578 τοσ-

2086 3603 2242 3657 οῦτόν
2265 3604 2412 3656 ἐστιν
2434 3604 2737 3676 ἄνθρωπος,
2769 3608 2851 3660 ὅτι
2879 3607 3146 3661 τοσούτων
3172 3607 3374 3679 ἠξιώθη
3395 3625 3410 3672 ;

2156 3689 2221 3752 ζ’.
2261 3689 2356 3761 Ἂν
2385 3687 2492 3760 γάρ
2528 3706 2611 3752 τις
2642 3690 2870 3761 ἐννοήσῃ
2896 3690 3037 3743 πόσα
3064 3689 3129 3744 δι’
3163 3690 3324 3743 αὐτὸν
3352 3690 3539 3759 γέγονε
3569 3690 3662 3742 καὶ

2084 3758 2312 3839 γίνεται,
2345 3777 2439 3825 καί
2462 3758 2653 3826 ἠπόσων
2681 3758 3047 3826 ἀπολαύσεται
3075 3773 3212 3843 μετά
3239 3774 3432 3837 ταῦτα,
3461 3773 3660 3846 φρίκης

2085 3854 2530 3925 ἐμπλησθήσεται
2561 3854 2784 3924 πολλῆς,
2818 3857 2912 3908 καὶ
2934 3857 3056 3909 τότε
3084 3856 3273 3925 ὄψεται
3313 3856 3514 3919 καλῶς,
3544 3855 3658 3916 πῶς

2084 3937 2160 4006 τῷ
2193 3938 2312 4007 Θεῷ
2336 3940 2483 3991 τουτὶ
2510 3938 2970 4009 περισπούδαστον
2998 3939 3058 3991 τὸ
3084 3938 3240 4003 ζῶον.
3276 3937 3656 4004 Ἰιλτὶττωσας

2084 4021 2271 4073 αὐτὸν
2291 4022 2493 4090 βραχὺ
2520 4040 2571 4074 τι
2599 4025 2733 4090 παρ’
2758 4023 3071 4091 ἀγγέλους.
3096 4024 3339 4091 Ἕτερος,
3364 4022 3562 4090 Βραχύ
3599 4038 3654 4073 τι

2083 4104 2240 4169 παρὰ
2291 4105 2439 4156 Θεόν
2467 4103 2509 4158 τ.
2543 4104 2753 4168 ΙἌλλος.
2801 4105 3030 4174 Ὀλίγον
3075 4102 3236 4172 παρὰ
3287 4104 3450 4157 Θεόν.
3506 4105 3564 4155 '0
3597 4103 3653 4158 δὲ

2092 4186 2357 4257 Ἐϐραῖος,
2387 4187 2736 4253 Οὺθασρηοῦ
2754 4187 2874 4255 μὰτ
2888 4188 2972 4255 μὴ
3004 4186 3520 4258 ἐλωείμ.Ἐνταῦθα
3551 4187 3648 4256 τῆς

2079 4269 2373 4338 καταδίκης
2408 4269 2700 4338 ἀνέμνησε,
2734 4270 2936 4341 καὶτῆς
2960 4271 3233 4340 ἁμαρτίας
3260 4270 3361 4339 τῆς
3393 4269 3650 4335 παλαιᾶς,

2080 4349 2198 4422 [88]
2223 4352 2314 4404 τὸν
2335 4352 2563 4406 θάνατον
2591 4354 2670 4415 είς
2700 4352 2861 4422 μέσον
2891 4351 3129 4421 ἀγαγών.
3160 4352 3319 4407 Ἀλλά
3352 4353 3444 4408 καὶ
3466 4352 3654 4407 τοῦτον

2075 4435 2102 4485 6
2135 4433 2443 4505 Μονογενὴς
2472 4432 2639 4486 ἐλθὼν
2668 4434 2843 4488 ἔλυσε.
2863 4435 2976 4500 Δόξ
2982 4454 3018 4504 ῃ
3045 4436 3143 4490 καὶ
3162 4435 3302 4507 τιμῇ
3322 4436 3652 4506 ἐστεφάνω-

2075 4532 2193 4580 σας
2225 4517 2430 4569 αὐτόν.
2469 4516 2694 4581 ΙἈλλος,
2742 4518 2897 4586 Δόξῃ
2937 4519 3036 4572 καί
3079 4518 3361 4589 ἀξιώματι
3406 4520 3650 4589 στέψεις

2073 4599 2278 4650 αὐτόν.
2306 4600 2460 4651 Ἔστι
2495 4600 2592 4668 μὲν
2624 4603 2715 4653 καὶ
2734 4602 2874 4654 κατά
2902 4602 3161 4672 ἱστορίαν,
3187 4602 3373 4657 ἔστιδὲ
3401 4604 3649 4657 καὶκατὰ

2072 4680 2360 4752 ἀναγωγὴν
2390 4681 2564 4736 ταῦτα
2598 4684 2866 4738 ἐκλαϐεῖν.
2908 4687 3071 4754 Λέγει
3112 4687 3219 4756 γάρ
3239 4687 3405 4740 αὐτοῦ
3438 4688 3527 4741 καὶ
3550 4688 3648 4759 τὴν

2072 4762 2266 4834 ἀρχὴν,
2294 4764 2362 4835 ἢν
2392 4767 2728 4838 ἐνεχειρίσθη
2761 4768 3049 4838 γενόμενος
3069 4785 3082 4799 ·
3115 4769 3261 4838 λέγει
3291 4772 3385 4825 καὶ
3414 4770 3481 4823 τὰ
3513 4773 3651 4841 μετὰ

2071 4845 2244 4900 ταῦτα
2272 4848 2473 4916 ἀγαθὰ,
2503 4843 2578 4903 ὧν
2616 4851 2754 4922 μετά
2792 4852 2889 4923 τὴν
2936 4854 3241 4924 παρουσίαν
3286 4854 3381 4908 τοῦ
3411 4856 3647 4927 Χριστοῦ

2069 4929 2364 4987 ἀπέλαυσε.
2406 4931 2563 5002 Παρὰ
2614 4934 2713 5004 μὲν
2760 4935 2869 5005 γὰρ
2917 4935 3017 5006 τὴν
3047 4937 3221 5008 ἀρχὴν
3262 4937 3530 5007 ἥκουσενο
3587 4940 3648 4991 '0

2132 5052 2320 5122 dlinus
2342 5056 2388 5104 τί
2409 5057 2481 5122 ὅτι
2504 5058 2610 5122 κατ’
2629 5058 2790 5122 ἄνδρα.
2829 5057 2964 5108 Hanc
2984 5060 3247 5107 leclionem
3275 5064 3332 5122 Α.
3361 5066 3413 5107 et
3435 5062 3488 5108 E'
3511 5067 3650 5112 notat

2070 5114 2300 5182 Sayilius,
2337 5118 2477 5182 quasi
2519 5121 2586 5168 si:
2632 5114 2823 5180 Aql'lilae
2860 5122 3124 5182 etquian
3167 5120 3425 5177 editionis;
3471 5136 3642 5173 verum

2069 5178 2225 5226 codex
2253 5178 2379 5243 ιιηυε
2414 5178 2547 5228 illam
2572 5178 2758 5243 quinia:
2801 5178 3033 5243 edilioilis
3058 5190 3241 5230 lanlum
3268 5194 3379 5231 esse
3408 5192 3561 5234 nolal.
3586 5188 3648 5239 El.

2069 5252 2188 5287 vero
2216 5240 2469 5304 probabilg
2493 5240 2711 5302 nonest,
2742 5242 2986 5304 Aquilam,
3008 5242 3093 5304 qui
3118 5245 3333 5291 lilleram
3374 5257 3483 5293 cum
3508 5252 3646 5297 tanto

2066 5303 2296 5368 scruglﬂo
2317 5302 2613 5368 sqclgpzilur,
2632 5305 2699 5351 ila
2716 5302 3113 5368 παραφραπικῶς
3136 5306 3360 5354 verlisse.

2134 5373 2158 5400 θ
2194 5360 2329 5409 Unus
2351 5362 2585 5411 ἐκϐάλλει.

2135 5417 2161 5487 ς
2188 5421 2595 5487 υρυε-ςοᾶπαρά
2615 5422 2858 5487 τοῦῨΘεοῦ.
2875 5425 2969 5487 Pro
2992 5425 3125 5474 hisce
3146 5425 3333 5477 duabus
3352 5428 3644 5481 ieclionibus

2064 5481 2187 5546 edit.
2231 5482 2381 5546 Sayil.
2409 5481 2650 5546 punii_A.
2693 5486 2752 5532 Θ.
2787 5486 3119 5546 Σ..Α(ιυὶιεω,
3162 5488 3551 5539 Theodolionem
3591 5500 3644 5540 et

2064 5543 2530 5603 Symmachumﬁed
2560 5543 2608 5592 in
2643 5558 2754 5592 mss.
2781 5546 2886 5593 hzec
2903 5543 3113 5595 nbmina'
3132 5552 3339 5599 mullum
3368 5554 3553 5600 variant
3579 5554 3639 5601 ad

2063 5603 2194 5674 [nunc
2217 5617 2429 5674 νει-89111.
2453 5605 2702 5674 Ἠςῴιιοξςιι
2726 5606 2873 5674 γςτδει
2894 5606 3076 5674 Ιίιιετὶε
3099 5609 3280 5674 Graecis
3302 5617 3483 5674 scripta
3505 5632 3516 5674 ς
3542 5614 3640 5662 06-

2063 5662 2273 5728 ϐασρηοῦ
2295 5665 2388 5726 μὰτ
2409 5667 2471 5726 μή
2511 5666 2700 5725 ἐλωείμ.
2743 5664 2812 5714 sic
2841 5670 3182 5728 exprimuntur
3223 5662 3476 5722 llelmll'cls
3502 5673 3638 5722 liue-

2066 5746 2131 5793 ris
2154 5720 2383 5795 στήκει
2410 5720 2557 5800 ’πέντε
2587 5720 2847 5796 ινιτ-σπῆι.

3255 5850 3291 5907 ’7
