4068 6288
420 252 518 311 H7

412 372 627 441 τρόπος
656 370 817 440 ὑμῶν
851 373 947 425 καὶ
978 376 1011 426 ό
1039 374 1223 441 φόϐος
1259 373 1421 443 ὑμῶν
1442 374 1540 427 ἐπὶ
1568 373 1763 427 πάντα
1788 369 1861 423 τὰ
1883 371 1988 434 θη·-

410 456 511 523 pla
553 452 665 521 τῆς
705 453 840 524 τῆς.
881 455 1011 518 Καὶ,
1055 455 1418 525 Ἀρχέτωσαν
1448 456 1567 511 τῶν
1616 457 1836 525 ἰχθύων
1880 451 1990 520 τῆς

416 537 754 606 θαλάσσης.
786 538 940 593 Μετά
966 539 1023 593 δὲ
1046 540 1248 593 ταῦτα’
1289 541 1532 594 [largita
1564 540 1764 593 ἐπάνω
1795 538 1988 607 ὄφεων

416 622 512 675 καί
544 622 870 691 σκορπίων.
907 623 1067 677 Ἀλλά
1099 623 1270 677 ταῦτα
1297 624 1474 692 ἀφεὶς,
1504 625 1613 677 ἀπὸ
1652 623 1761 676 τῶν
1796 635 1987 676 ταπει-

419 703 651 776 νοτέρων
677 704 891 775 ὑφαίνει
924 706 1016 759 τὸν
1048 705 1224 775 λόγον,
1256 708 1437 760 ἐκεῖνα
1474 707 1699 760 συνιδεῖν
1728 705 1989 772 καταλιμ-

420 787 604 842 πάνων
630 791 740 853 τοῖς
769 787 1021 861 ὀξύτερον
1047 790 1365 861 δυναμένοις
1389 793 1542 863 δρᾷν.
1572 792 1634 843 Ἦ
1676 791 1782 862 7&9
1805 790 1929 854 δόξα
1952 791 1985 857 ή

418 871 621 942 μείζων
645 874 738 926 καὶ
770 874 804 943 ἡ
834 873 989 943 τιμὴ,
1013 874 1082 926 τά
1106 875 1197 927 ἐπὶ
1228 875 1326 945 τῆς
1360 874 1569 943 Καινῆς
1590 874 1867 943 Διαθήκης
1892 886 1987 937 γε-

415 953 640 1025 νόμενα,
673 954 802 1009 ὅταν
836 957 1078 1026 κεφαλὴν
1111 956 1210 1030 ἔχῃ
1235 958 1323 1011 τὸν
1362 958 1616 1030 Χριστὸν,
1654 957 1782 1010 ὅταν
1816 957 1895 1019 είς
1929 954 1990 1006 τὸ

418 1036 578 1108 σῶμα
606 1037 771 1092 αὑτοῦ
807 1039 968 1112 τελῇ,
995 1040 1121 1093 ὅταν
1164 1041 1389 1110 ἁδελφὸς
1423 1044 1517 1095 καὶ
1551 1040 1989 1111 συγκληρονόμος

413 1118 641 1190 γένηται
679 1120 773 1174 καὶ
819 1120 1140 1194 σύμμορφος
1180 1124 1271 1176 τοῦ
1325 1124 1575 1195 σώματος
1623 1122 1811 1183 αὑτοῦ,
1862 1121 1989 1174 ὅταν

419 1200 641 1270 μείζονα
670 1203 948 1267 Μωῦσέως
991 1205 1242 1277 λαμϐάνῃ
1271 1204 1448 1271 δόξαν,
1494 1206 1682 1275 ὥσπερ
1720 1206 1748 1257 ὁ
1781 1203 1990 1264 Παῦλος

415 1282 675 1355 ἐδήλωσε,
696 1284 909 1350 δεικνὺς
941 1288 1023 1340 ὅτι
1068 1289 1130 1341 οὑ
1161 1288 1412 1360 καθάπερ
1441 1289 1680 1356 Μωῦσῆς
1709 1286 1871 1340 ἐτίθει
1901 1285 1993 1338 κά-

417 1366 626 1438 λυμμα,
658 1368 792 1423 ἀλλά
822 1370 1022 1434 πάντες
1055 1372 1562 1443 ἀνακεκαλυμμένῳ
1591 1371 1868 1442 προσώπῳ
1893 1368 1992 1439 τήν

415 1449 575 1516 δόξαν
611 1451 705 1505 τοῦ
737 1452 872 1508 Θεοῦ
906 1454 1403 1527 κατοπτριζόμεθα.
1436 1456 1528 1509 Διὸ
1556 1457 1649 1509 καὶ
1685 1454 1863 1522 λέγει·
1909 1451 1991 1505 Οὐ

417 1532 527 1602 γὰρ
550 1533 906 1599 δεδόξασται
928 1538 994 1591 τὸ
1020 1537 1466 1609 δεδοξασμένον
1487 1539 1557 1592 ἐν
1580 1539 1770 1605 τούτῳ
1793 1535 1872 1602 τῷ
1891 1534 1993 1605 μέ-

411 1630 524 1683 ρει,
552 1615 760 1671 ἕνεκεν
786 1617 897 1687 τῆς
918 1620 1423 1689 ὑπερϐαλλούσης
1449 1619 1883 1689 δόξης.Ταύτην
1901 1612 1993 1671 οὖν

417 1713 582 1767 φησιν
613 1699 948 1772 όΠροφήτης
973 1702 1071 1773 τὴν
1097 1702 1255 1768 δόξαν
1282 1704 1426 1757 κατὰ
1456 1705 1767 1774 ἀναγωγήν.
1793 1703 1857 1754 Τί
1885 1700 1993 1770 γὰρ

416 1781 623 1854 ταύτης
653 1783 787 1848 ἴσον,
830 1785 957 1838 ὅταν
993 1786 1409 1857 συγχορεύωμεν
1453 1788 1724 1857 ἀγγέλοις,
1758 1787 1887 1840 ὅταν
1914 1786 1993 1848 είς

422 1864 696 1919 υἱοθεσίαν
720 1865 1006 1939 ἀγώμεθα,
1043 1871 1172 1924 ὅταν
1208 1873 1343 1942 μηδέ
1374 1871 1471 1926 τοῦ
1498 1870 1829 1939 Μονογενοῦς
1855 1869 1994 1940 ὑπὲρ

421 1949 579 2020 ἡμῶν
602 1950 884 2023 φείδηται;
916 1952 1082 2014 Ποίας
1112 1955 1448 2025 άλουργίδος,
1482 1956 1637 2009 ποίου
1666 1954 1995 2026 διαδήματος

418 2031 593 2086 ταῦτα
635 2034 699 2087 οὑ
732 2034 1107 2108 λαμπρότερα,
1146 2038 1275 2091 ὅταν
1316 2038 1544 2092 θανάτου
1584 2037 1994 2107 καταγελῶμεν,

418 2116 548 2171 ὅταν
590 2117 729 2189 πρὸς
769 2120 868 2189 τὴν
915 2118 1023 2173 τῶν
1077 2122 1385 2192 ἀσωμάτων
1416 2121 1696 2192 δυνάμεων
1730 2119 1995 2175 ἀπάθειαν

421 2198 901 2271 μεθορμιζώμεθα,
929 2204 979 2256 οί
1008 2203 1347 2275 ἠτιμωμένοι
1378 2205 1486 2276 πρὸ
1515 2205 1726 2271 τούτου,
1757 2204 1852 2259 καὶ
1879 2204 1997 2257 ἀδο-

421 2282 522 2347 ξοι,
546 2284 642 2337 καὶ
663 2283 908 2355 βδελυροί
928 2301 942 2349 ;
981 2286 1038 2338 Ὀ
1066 2287 1239 2359 Ἀδὰμ
1265 2286 1389 2341 οὔτε
1420 2289 1591 2342 κακόν
1611 2306 1685 2349 τι,
1713 2286 1835 2342 οὔτε
1861 2288 1997 2355 ἀγα-

420 2365 511 2418 θὸν
555 2367 951 2438 ἐργασάμενος,
986 2369 1222 2441 ἐτιμήθη
1268 2371 1473 2436 εὐθέως
1518 2371 1827 2442 γενόμενος.
1873 2370 1998 2432 Πῶς

420 2449 530 2520 7&9
557 2449 624 2503 ἂν
658 2452 952 2522 είργάσατο
978 2454 1008 2506 ό
1045 2453 1119 2524 μὴ
1152 2453 1260 2519 (iw;
1304 2455 1495 2525 Ἡμεῖς
1523 2456 1579 2509 δὲ
1628 2456 1796 2527 μυρία
1833 2454 1999 2528 ἐργα-

423 2532 646 2603 σάμενοι
675 2534 857 2599 δεινά,
886 2533 1067 2606 πολλῷ
1100 2536 1342 2601 πλείονος
1379 2537 1764 2609 ἀπελαύσαμεν
1807 2537 1994 2609 τιμῆς.

425 2615 653 2679 οὐκέτι,
691 2619 848 2688 φησὶ.
882 2619 1037 2689 λέγω
1061 2618 1217 2691 ὑμᾶς
1240 2622 1532 2690 δούλουςο
1561 2624 1731 2693 ὑμεῖς
1768 2622 1878 2694 γὰρ
1905 2623 2000 2692 φί-

420 2700 518 2752 λοι
544 2716 664 2768 μου
705 2700 868 2755 ἐστέ.
896 2703 1091 2757 Οὐκέτι
1132 2704 1278 2774 ἡμᾶς
1312 2706 1729 2777 ἐπαισχύνονται
1756 2705 1997 2775 ἄγγελοι,

420 2781 558 2836 ἀλλά
602 2785 696 2838 καὶ
723 2783 1027 2839 διακονοῦσι
1075 2787 1211 2860 πρὸς
1246 2788 1342 2860 τὴν
1369 2790 1644 2861 ἡμετέραν
1703 2789 1995 2861 σωτηρίαν.

427 2865 536 2919 Kal
564 2865 674 2939 7&9
702 2867 838 2940 πρὸς
864 2869 1130 2923 Φίλιππον
1151 2867 1313 2942 ἦλθεν
1335 2871 1584 2941 άγγελος,
1607 2874 1701 2926 καὶ¹
1723 2872 1859 2944 πρὸς
1893 2872 2001 2927 ἐτέ-

428 2968 555 3022 ρους
580 2951 807 3016 πολλούς
823 2968 837 2985 ο
866 2954 959 3007 καὶ
984 2954 1398 3024 εὐηγγελίζοντο
1426 2955 1753 3028 ἀνθρώποις.
1774 2956 1886 3011 Οὑκ
1910 2958 2001 3009 ἐπὶ

424 3033 528 3105 γῆς
548 3033 606 3089 δὲ
626 3035 972 3107 κληρονόμοι.
999 3038 1136 3091 ἀλλά
1169 3039 1414 3092 κοινωνοὶ
1445 3039 1554 3094 τῶν
1582 3039 1847 3110 οὐρανίων
1867 3041 2002 3109 ἀγα-

430 3118 539 3171 θῶν
573 3119 761 3190 ἐσμεν,
790 3121 885 3175 καὶ
925 3120 1142 3192 μέτοχοι
1170 3121 1265 3175 τοῦ
1288 3124 1546 3194 Χριστοῦ,
1580 3127 1673 3178 καὶ
1701 3126 1781 3187 είς
1813 3141 2002 3182 κοινω-

430 3200 550 3253 νίαν
582 3200 895 3273 καλούμεθα
926 3204 1021 3257 τοῦ
1077 3205 1434 3275 Μονογενοῦς.
1469 3205 1657 3260 Ταῦτα
1703 3204 1873 3260 πάντα
1914 3207 2001 3260 διὰ

428 3282 528 3353 τῆς
564 3282 724 3355 δόξης
755 3286 850 3339 καὶ
886 3286 987 3357 τῆς
1020 3287 1187 3359 τιμῆς
1216 3290 1533 3344 αἰνίττεται.
1570 3289 1661 3342 Διὸ
1688 3296 1783 3342 καὶ
1825 3290 2000 3358 ἔλεγε,

429 3364 585 3436 Δόξῃ
613 3367 711 3421 καί
748 3367 887 3438 τιμῇ
926 3370 1172 3439 στέψεις
1202 3372 1409 3436 αὑτὸν,
1452 3372 1513 3426 τὺ
1552 3372 1740 3443 μέλλον
1766 3390 2003 3443 προανα-

430 3448 643 3516 φωνῶν.
660 3449 769 3504 Καὶ
795 3451 1174 3520 κατέστησας
1194 3454 1380 3509 αὐτόν
1390 3455 1489 3508 ἐπὶ
1504 3454 1575 3509 τὰ
1586 3455 1731 3525 ἔργα
1746 3454 1866 3508 τῶν
1882 3473 2003 3526 χει-

422 3530 553 3600 ρῶν
573 3533 932 3596 σου.Ἀλλος,
950 3536 1344 3600 Ἑξουσιάζειν·
1360 3539 1653 3606 ἐποίησας
1678 3540 1865 3595 αὐτὸν
1888 3540 2005 3595 τῶν

430 3615 621 3685 ἔργων
662 3615 781 3671 τῶν
831 3617 1047 3687 χειρῶν
1087 3632 1225 3676 σου.
1269 3620 1474 3677 Πάντα
1509 3622 1812 3689 ὑπέταξας
1854 3626 2004 3678 ὐπο-

433 3697 593 3753 κάτω
622 3697 739 3753 τῶν
768 3699 969 3755 ποδῶν·
995 3701 1204 3757 αὐτοῦ.
1236 3704 1504 3774 Πρόϐοτα
1538 3705 1635 3758 καὶ
1670 3706 1827 3772 ,ϐόας
1852 3706 2006 3761 ἀπά-

432 3796 571 3847 σας,
597 3781 683 3835 ἔτι
712 3781 779 3835 δὲ
805 3783 904 3837 καὶ
939 3783 1011 3838 τὰ
1041 3784 1230 3853 κτήνη
1267 3786 1375 3841 τοῦ
1406 3788 1637 3842 πεδίου.
1671 3788 1881 3853 Ἄλλος,
1931 3788 2007 3843 Τὰ

430 3862 605 3932 duom
623 3874 671 3917 ι.
710 3864 786 3919 Τὰ
815 3868 1056 3921 πετεινὰ
1081 3867 1189 3923 τοῦ
1209 3869 1488 3938 οὐρανοῦ,
1512 3871 1610 3926 καὶ
1633 3871 1776 3938 τοὺς
1799 3873 2005 3941 ἰχθύας

433 3945 544 4015 τῆς
568 3944 905 4019 θαλάσσης,
929 3949 1002 4005 τὰ
1022 3950 1488 4022 διαπορευόμενα
1516 3955 1755 4022 τρίϐους
1782 3956 2007 4010 θαλασ-

432 4028 579 4083 σῶν.
601 4033 779 4101 Κύριε
805 4035 840 4087 ὁ
864 4035 1080 4104 Κύριος
1104 4037 1292 4106 ἡμῶν,
1315 4037 1394 4103 ὡς
1417 4037 1763 4107 θαυμαστόν
1778 4038 1846 4091 τὸ
1876 4038 2009 4092 δνο-

427 4112 515 4184 μιὶ
551 4131 667 4169 σου
709 4116 779 4169 ἐν
806 4119 976 4188 πάσῃ
1002 4118 1079 4187 τῇ
1105 4119 1203 4189 τῇ.
1251 4120 1459 4192 Ὠσπερ
1493 4122 1620 4193 περὶ
1651 4121 2008 4194 δημιουργίας

435 4194 551 4269 [89]
579 4197 986 4271 διαλεγόμενος,
1031 4204 1091 4256 οῦ
1128 4203 1237 4257 τῶν
1280 4204 1393 4259 ἄνω
1442 4204 1722 4275 δυνάμεων
1776 4206 2006 4260 ἅπτεται

438 4282 620 4351 μόνον,
647 4284 782 4338 ἀλλά
818 4287 912 4339 καὶ
947 4287 1134 4341 ἐπὶτά
1167 4287 1401 4360 αἰσθητά
1438 4289 1665 4357 κατάγει
1696 4289 1788 4343 τὸν
1813 4290 1970 4357 λόγον
1989 4306 2004 4320 ο

433 4363 579 4418 οὑτω
598 4366 692 4419 καὶ
720 4368 851 4438 περὶ
878 4370 1046 4440 τιμῆς
1066 4372 1165 4440 τῆς
1190 4372 1270 4435 εἰς
1294 4371 1614 4444 ἀνθρώπους
1633 4373 2009 4444 γεγενημένης

435 4449 723 4514 διδάσκων,
751 4451 1095 4522 αἰνιξάμενος
1125 4456 1309 4507 ἐκεῖνα
1328 4455 1397 4508 τά
1423 4457 1710 4528 ἀπόρρητα
1742 4458 1836 4510 καὶ
1864 4456 2007 4509 ἀσώ-

441 4550 608 4605 ματα,
646 4533 790 4605 ἆπερ
816 4536 1192 4606 ἀπηρίθμησε,
1236 4537 1331 4590 νῦν
1372 4541 1483 4603 τοῖς
1521 4541 1801 4610 αἰσθητοῖς
1830 4541 2007 4595 ἐνδια-

436 4616 614 4690 τρίϐει
658 4617 838 4681 πλέον,
877 4618 1021 4690 άπερ
1060 4620 1369 4691 σαφέστερα
1401 4620 1620 4675 ἐκείνων
1652 4618 1718 4693 ἦν
1754 4624 1867 4687 τοῖς
1906 4638 2011 4678 πα-

436 4700 704 4773 χυτέροις.
741 4698 874 4754 Τίνα
904 4700 960 4755 δὲ
988 4699 1161 4755 ταῦτα
1181 4699 1249 4773 ἦν
1274 4719 1288 4766 ;
1326 4704 1391 4756 Ἦ
1417 4704 1559 4776 ἀρχή
1588 4706 1620 4775 ή
1644 4706 1880 4774 ἐπίγειος
1911 4709 2007 4761 αὑ-

438 4784 516 4856 τῷ
548 4784 783 4839 δοθεῖσα.

510 4870 618 4923 Καὶ
651 4869 712 4922 τὸ
737 4867 801 4939 δή
841 4868 1172 4940 θαυμαστὸν,
1202 4869 1296 4924 καὶ
1324 4869 1353 4922 δ
1393 4869 1625 4941 μάλιστα
1651 4871 1890 4942 ᾐνίξατο,
1928 4873 2008 4926 ὅτι

437 4951 735 5024 τιμηθέντα
782 4952 947 5006 αὑτὸν
991 4953 1095 5024 πρὸ
1140 4954 1238 5023 τῆς
1276 4954 1674 5023 παραϐάσεως,
1720 4955 1840 5008 οὑδὲ
1874 4957 2011 5025 μετά

437 5038 536 5108 τὴν
570 5037 842 5108 ἁμαρτίαν
867 5036 1088 5104 ἐξέϐαλε
1123 5038 1223 5108 τῆς
1253 5038 1438 5108 τιμῆς.
1475 5037 1842 5104 Ἠλάττωσας
1879 5040 2008 5110 γάρ,

439 5121 624 5189 φησὶν,
653 5121 1049 5191 αὑτὸνβραχύ
1066 5139 1118 5177 τι
1135 5124 1270 5190 παρ’
1295 5121 1607 5192 ἀγγέλους,
1632 5121 1898 5186 τουτέστι,
1916 5125 2017 5179 Θα-

438 5203 584 5272 νάτῳ
608 5203 972 5269 κατεδίκασας
993 5204 1310 5277 ἁμαρτόντα
1331 5221 1343 5234 ·
1369 5206 1431 5257 οὑ
1455 5204 1561 5274 μὴν
1588 5203 1775 5273 ἐπειδὴ
1798 5202 2011 5274 θανάτῳ

441 5284 825 5352 κατεδίκασας,
855 5288 1180 5360 ἐγύμνωσας
1216 5286 1379 5341 αὑτὸν
1408 5288 1506 5357 τῆς
1531 5287 1758 5358 δωρεᾶς.
1795 5287 1898 5341 Διά
1929 5305 2011 5340 τοι

504 5469 531 5498 ⁸
556 5469 613 5518 In
652 5466 888 5528 Hexaplis
926 5468 1107 5518 nostris
1142 5466 1300 5525 ἄλλος,
1326 5466 1399 5515 Τὰ
1433 5464 1582 5528 κτήνη
1605 5465 1666 5513 τὰ
1704 5465 1857 5528 ἄγρια.
1885 5463 2010 5513 Illud

442 5528 683 5591 ὶιιιιυετὰ
703 5526 845 5591 ἀγρία
869 5537 951 5579 εει
987 5526 1452 5591 adjectivum7qu0‘d
1478 5538 1589 5575 cum
1615 5538 1710 5574 non
1726 5526 2013 5591 adverteret.

443 5588 712 5641 Geﬁlianm
736 5588 1001 5646 Hervetus,
1030 5589 1158 5651 feras
1194 5588 1360 5637 venit}
1406 5588 1543 5637 Hanc
1576 5601 1721 5646 porro
1746 5589 2008 5636 loclioncm

446 5654 715 5713 Symmachi
759 5663 870 5700 esse
894 5653 941 5699 in
960 5653 1177 5712 margine
1199 5659 1392 5699 notatur
1413 5653 1458 5697 in
1484 5652 1643 5696 mins.

1056 257 1112 310 δ.
1152 256 1434 313 JOANNIS
1467 251 1958 313 cumsosmm
1994 250 2308 305 ARCIIIEP.
2354 250 2900 305 nonsummum
3562 256 3649 309 ιιι
3704 224 3721 235 “

2093 365 2269 430 τοῦτο,
2304 369 2478 420 ἐκεῖνο
2505 366 2693 431 εἰπὼν,
2720 367 2841 420 τότε
2873 365 3031 420 τοῦτο
3053 366 3256 439 τίθησι,
3283 369 3496 432 δεικνὺς
3520 370 3664 439 ἄφα-

2092 471 2180 507 τον
2204 454 2294 506 τοῦ
2320 455 2453 507 θεοῦ
2486 455 2582 525 τὴν
2613 454 3036 526 φιλανθρωπίαν,
3058 455 3139 509 ὅτι
3177 457 3271 508 καὶ
3295 456 3664 511 ἐλαττωθέντι

2093 546 2253 599 αὑτὸν
2278 547 2364 599 διὰ
2400 547 2499 617 τήν
2534 548 2740 600 οἰκείαν
2775 548 3085 619 παράϐασιν
3117 549 3332 619 ἀφῆκεν
3355 549 3662 618 ἐστεφανῶ-

2094 639 2218 694 σθαι
2241 643 2308 712 τῇ
2338 643 2467 712 τιμῇ
2490 640 2590 710 τῆς
2610 640 2787 711 δόξης,
2813 642 2904 694 καὶ
2931 643 3029 711 τῆς
3050 641 3222 713 ἀρχῆς
3245 641 3306 694 οὐ
3337 642 3661 713 παρέλυσεν.

2096 734 2156 787 Εἰ
2189 732 2246 784 δὲ
2280 732 2474 803 μικρόν
2511 748 2565 785 τι
2608 732 2826 801 ὑφεῖλε,
2856 732 2951 785 καὶ
2992 731 3150 785 τοῦτο
3194 733 3294 802 τῆς
3339 733 3665 803 κηδεμονίας

2092 822 2272 875 αὑτοῦ.
2295 823 2407 893 [Ιρδ
2435 822 2531 892 μὲν
2558 823 2666 892 γὰρ
2690 823 2788 893 τῆς
2817 823 3122 893 παρακοῆς,
3149 828 3243 875 καὶ
3272 821 3476 892 θηρίων
3495 823 3665 894 ἐκρά⁸

2091 929 2199 965 τει·
2237 912 2375 981 μετά
2413 911 2594 981 δὲτὴν
2640 912 2919 983 παρακοήν
2956 911 3134 982 ὀλίγον
3176 912 3241 984 δὴ
3285 912 3385 980 τῆς
3419 909 3667 977 ἐξουσίας

2090 1003 2293 1074 ταύτης
2324 1003 2676 1073 ὑπετέμνετο.
2720 1004 2926 1075 Κροιτεί
2957 1003 3055 1074 μὲν
3083 1004 3193 1075 γὰρ
3225 1003 3403 1057 αὑτῶν
3437 1005 3530 1056 καὶ
3568 1002 3666 1057 νῦν

2092 1095 2309 1165 τέχναις
2344 1095 2473 1158 τισὶ,
2508 1096 2645 1164 μετὰ
2686 1094 2850 1163 φόϐου
2896 1095 2953 1147 δὲ
2988 1096 3083 1148 καὶ
3123 1096 3348 1166 τρόμου.
3378 1092 3517 1149 Οὔτε
3555 1096 3668 1168 γάρ

2095 1188 2273 1239 πᾶσαν
2305 1185 2556 1255 ἀφεΰιετο
2590 1186 2688 1256 τήν
2731 1184 2925 1257 ἀρχὴν,
2949 1184 3070 1238 οὔτε
3103 1188 3283 1241 πᾶσαν
3313 1187 3516 1250 εἴασεν,
3547 1186 3668 1241 ἀλλ’

2092 1278 2191 1329 ὅσα
2219 1277 2315 1346 μὲν
2350 1276 2499 1347 αὑτῷ
2529 1278 2664 1347 πρὸς
2704 1279 2906 1350 τροφὴν
2941 1279 3033 1331 καὶ
3075 1280 3338 1349 ἐργασίαν
3367 1274 3435 1350 ἦν
3471 1280 3664 1349 ἐπιτή-

2092 1370 2228 1431 δεια,
2257 1370 2436 1422 εἴασεν
2460 1368 2781 1422 ὑποκεῖσθαι
2802 1385 2814 1398 ·
2837 1369 2906 1422 τά
2931 1370 2989 1423 δὲ
3018 1369 3420 1442 θηριωδέστερα
3455 1370 3668 1434 οὐκέτι,

2094 1463 2180 1515 ἶνα
2207 1462 2690 1533 ὑπομιμνήσκηται
2724 1464 2788 1516 ἐκ
2808 1463 2905 1534 τῆς
2935 1462 3139 1516 τούτων
3167 1461 3403 1531 ἀγωνίας
3430 1461 3530 1532 τῆς
3564 1477 3669 1515 πα-

2093 1557 2250 1619 λαιᾶς
2295 1554 2566 1627 ἁμαρτίας
2624 1552 2722 1625 τῆς
2760 1553 2855 1607 τοῦ
2897 1555 3235 1625 προπάτορος
3277 1553 3465 1623 Ἀδάμ.
3499 1552 3671 1606 Ὥστε

2094 1646 2188 1700 καὶ
2233 1646 2340 1700 ἀπὸ
2389 1644 2483 1699 τοῦ
2536 1645 2611 1715 μὴ
2660 1644 2862 1717 σφόδρα
2911 1646 3042 1715 ἡμῖν
3082 1643 3474 1700 ὑποτάττεσθαι
3522 1644 3672 1717 μέγα

2094 1737 2282 1809 κέρδος
2308 1736 2553 1807 ἐγίνετο.
2587 1735 2652 1788 Τί
2686 1736 2793 1809 γὰρ
2824 1736 3013 1806 ὄφελος
3059 1738 3123 1790 ἐκ
3159 1735 3252 1792 τοῦ
3293 1737 3481 1791 λέοντα
3523 1736 3673 1808 ἔχειν

2096 1830 2405 1901 ὑποχείριον
2439 1830 2534 1883 καὶ
2566 1830 2862 1901 χειροήθη;
2896 1830 2949 1881 τί
2976 1829 3033 1882 δὲ
3063 1828 3225 1882 πλέον
3259 1829 3368 1883 ἀπὸ
3391 1826 3483 1882 τοῦ
3524 1828 3670 1900 πάρ-

2094 1923 2241 1978 δαλιν
2270 1923 2412 1994 ἔχειν
2438 1922 2725 1987 τιθασσόν;
2752 1922 2936 1988 Οὑδέν,
2982 1921 3095 1975 ἀλλ’
3123 1920 3156 1993 ἢ
3188 1919 3474 1985 ἀλαζονεία
3507 1918 3669 1991 μόνον

2095 2017 2192 2069 καὶ
2219 2015 2465 2069 ἀπόνοια.
2493 2015 2590 2068 Διὰ
2611 2015 2675 2086 δὴ
2706 2014 2864 2069 τοῦτο
2894 2015 3066 2069 ταῦτα
3102 2015 3201 2086 μὲν
3229 2014 3409 2067 εἴασεν
3437 2011 3541 2079 ἔξω
3572 2013 3668 2085 μέ-

2096 2123 2205 2159 νειν
2237 2106 2336 2177 τῆς
2380 2106 2575 2177 ἀρχῆς,
2614 2105 2681 2157 τά
2709 2105 2765 2158 δὲ
2812 2106 3056 2176 χρήσιμα
3095 2106 3228 2176 ἡμῖν
3262 2102 3521 2175 χειροήθη
3564 2118 3665 2157 πε-

2095 2199 2314 2272 ποίηκε,
2344 2198 2472 2269 βοῦν
2500 2198 2756 2269 ἀροῦντα,
2792 2198 2886 2252 καὶ
2912 2197 3184 2269 πρόϐατον
3215 2196 3538 2268 περιϐάλλον
3567 2195 3669 2266 τὴν

2095 2291 2189 2344 τοῦ
2230 2290 2479 2361 σώματος
2523 2290 2835 2360 γύμνωσιν,
2885 2290 2978 2343 καὶ
3023 2292 3197 2361 κτήνη
3254 2288 3391 2359 πρὸς
3429 2289 3531 2360 τὴν
3558 2287 3669 2340 τῶν

2097 2382 2391 2454 ἀγωγίμων
2414 2381 2776 2453 μετακομιδὴν
2794 2382 3090 2453 ἐπιτήδειοι,
3108 2380 3326 2454 ὄρνιθας
3340 2379 3435 2435 καὶ
3458 2380 3669 2452 ίχθύας,

2097 2476 2239 2551 ὥστε
2271 2477 2366 2530 καὶ
2391 2475 2670 2547 τράπεζαν
2695 2477 2825 2547 ἡμῖν
2854 2469 2993 2530 εἶναι
3024 2473 3437 2546 δαψιλεστέραν.

2166 2642 2235 2706 η’.
2257 2634 2523 2704 Καθάπερ
2547 2634 2654 2705 γάρ
2677 2650 2761 2697 τις
2787 2632 2906 2686 υἱὸν
2924 2631 3370 2703 ἀποκληρονόμον
3390 2628 3579 2694 ποιῶν,
3606 2630 3670 2683 οὑ

2099 2729 2317 2783 πάντων
2346 2726 2616 2790 ἐκϐάλλει,
2646 2725 2780 2778 ἀλλά
2807 2726 3005 2797 μέρους
3031 2724 3196 2788 τινὸς,
3223 2722 3313 2778 ἵνα
3338 2723 3671 2795 σωφρονίσῃ,

2098 2819 2240 2873 οὕτω
2270 2819 2334 2889 δὴ
2358 2819 2451 2872 καὶ
2488 2819 2516 2871 ὁ
2540 2817 2699 2882 Θεός·
2735 2817 2933 2889 μᾶλλον
2965 2817 3020 2870 δὲ
3054 2817 3154 2887 οὑχ
3186 2815 3379 2881 οὕτως,
3404 2816 3520 2871 ἀλλ’
3567 2816 3671 2870 ἀπ-

2099 2911 2368 2975 εναντίας.
2384 2911 2442 2963 Ὀ
2465 2911 2561 2980 μὲν
2577 2909 2685 2981 γάρ
2714 2909 2996 2981 ἄνθρωπος
3017 2908 3459 2980 ἀποκληρονόμον
3479 2907 3671 2974 ποιῶν,

2098 3002 2191 3057 τοῦ
2221 3002 2461 3066 πλείονος
2486 3002 2734 3055 ἐκϐάλλει
2769 3003 2985 3072 μέρους,
3008 3000 3070 3055 τὸ
3096 3000 3152 3054 δὲ
3177 3000 3395 3054 ἔλαττον
3415 2999 3638 3070 ἀφίησιν
3657 3015 3672 3027 ·

2097 3095 2126 3146 ὁ
2157 3094 2214 3147 δέ
2252 3094 2384 3156 Θεὸς
2414 3093 2475 3146 τὸ
2503 3093 2661 3146 πλέον
2699 3094 2878 3161 ἀφεὶς,
2902 3091 3083 3160 ὀλίγου
3120 3092 3264 3155 τινὸς
3304 3088 3547 3155 ἐξέϐαλε,
3578 3090 3675 3144 καὶ

2099 3185 2257 3240 τοῦτο
2282 3187 2419 3258 πρὸς
2457 3186 2746 3256 ὠφέλειαν,
2774 3185 2862 3239 ἵνα
2893 3184 2968 3257 μή
3001 3185 3217 3239 πάντων
3251 3183 3487 3247 εὐκόλως
3518 3199 3674 3254 περι-

2049 3270 2058 3291 ’
2101 3278 2355 3349 γίγνηται
2389 3277 2498 3330 τῶν
2536 3277 2731 3332 ἄλλων.
2762 3277 2924 3330 Ἀλλά
2965 3277 3055 3331 καὶ
3083 3275 3245 3330 τοῦτο
3272 3276 3370 3345 τῆς
3410 3275 3521 3347 τοῦχ
3537 3274 3675 3329 Θεοῦ

2102 3369 2426 3439 κηδεμονίας
2451 3383 2464 3398 '
2498 3370 2597 3439 τήν
2636 3367 2746 3438 γὰρ
2789 3367 2978 3438 σοφίαν
3024 3365 3190 3420 αὑτοῦ
3234 3365 3437 3437 θήγων,
3481 3366 3577 3419 καὶ
3610 3367 3676 3420 τὸ

2080 3463 2357 3534 ’φρόνημα
2375 3459 2669 3531 καθαιρῶν,
2689 3462 2782 3513 καὶ
2801 3461 2899 3531 τήν
2918 3460 3145 3531 ἄκαιρον
3174 3459 3371 3531 σχολήν
3391 3460 3675 3513 ἐκκόπτων

2104 3553 2325 3625 (ἐπειδὴ
2354 3552 2532 3606 πάντα
2575 3551 2691 3622 μετ’
2737 3550 2986 3613 εὐκολίας
3020 3550 3161 3621 ἔχων
3191 3548 3614 3622 ἐξετραχηλίσθη
3629 3550 3672 3621 ),

2103 3643 2326 3715 ἀνέμιξέ
2362 3659 2485 3696 τινα
2520 3644 2612 3695 καὶ
2649 3641 2933 3695 δυσκολίαν
2965 3642 3031 3713 τῇ
3070 3640 3262 3713 χρήσει
3293 3640 3387 3695 τοῦ
3414 3640 3551 3713 βίου,
3582 3643 3676 3696 καὶ

2101 3733 2225 3788 οὔτε
2254 3734 2431 3788 πάντα
2460 3731 2597 3803 μετά
2625 3732 2895 3803 καμάτου,
2919 3729 3042 3785 οὔτε
3072 3733 3248 3787 πάντα
3274 3731 3401 3786 ἀνευ
3427 3734 3676 3804 καμάτου

2105 3824 2448 3898 καρποῦσθαι
2492 3823 2654 3878 αὑτὸν
2697 3822 2914 3878 εἴασεν·
2950 3822 3061 3896 [90]
3101 3823 3236 3879 ἀλλά
3268 3823 3337 3878 τά
3392 3822 3493 3896 μὲν
3538 3822 3676 3895 πρὸς

2104 3918 2293 3990 χρείαν
2334 3918 2362 3958 '9
2411 3919 2575 3972 πόνου
2622 3919 2791 3991 χωρὶς
2828 3918 2922 3971 καὶ
2965 3917 3200 3988 ἱδρώτων
3251 3918 3464 3989 ἀφῆκεν
3515 3918 3676 3971 αὑτὸν

2104 4009 2279 4079 ἔχειν,
2314 4008 2384 4063 τὰ
2408 4008 2467 4063 δὲ
2513 4010 2649 4081 πρὸς
2682 4009 2888 4081 τρυφὴν
2923 4010 3060 4081 μετά
3097 4011 3259 4064 πόνου
3301 4011 3394 4064 καὶ
3429 4010 3676 4082 ἱδρῶτος,

2106 4101 2425 4172 βουλόμενος
2447 4101 2539 4155 xal
2562 4100 2765 4174 ταύτην
2792 4103 2922 4172 ἡμῖν
2937 4087 3452 4173 ὑποτέμνεσθαίτὴν
3476 4100 3678 4174 πολλὴν

2105 4192 2310 4247 άδειαν.

2176 4286 2240 4338 El
2284 4282 2343 4336 δὲ
2383 4283 2529 4351 λέγοι
2560 4299 2676 4346 τις·
2705 4283 2770 4336 Τί
2806 4283 2864 4336 δὲ
2891 4283 3000 4337 τῶν
3036 4282 3244 4353 ἀγρίων
3268 4281 3458 4352 ὄφελος
3485 4281 3678 4350 ζώωνς

2106 4374 2360 4446 ἐροῦμεν·
2395 4374 2615 4446 Πρῶτρν
2646 4376 2746 4447 μὲν
2780 4375 2958 4446 ψυχῆς
2988 4373 3490 4447 ταπεινοφροσύνην
3514 4374 3680 4448 ἐργά-

2107 4470 2291 4536 ζεται,
2338 4470 2430 4522 καὶ
2479 4467 2766 4537 ἐναγώνιον
2805 4471 2944 4522 ποιεῖ
2986 4468 3077 4521 τὸν
3124 4468 3429 4541 ἄνθρωπον,
3463 4466 3682 4523 καὶτὸν

2110 4561 2316 4632 σφόδρα
2358 4558 2595 4624 ἀλαζόνα
2642 4559 2741 4629 τῆς
2770 4558 2974 4622 οἰκείας
3000 4559 3405 4631 ἀναμιμνήσκει
3440 4558 3677 4629 φύσεως,

2106 4654 2231 4706 ὅταν
2262 4652 2326 4704 τὸ
2356 4652 2547 4719 ἄλογον
2589 4650 2738 4722 αὑτῷ
2781 4650 3008 4723 φοϐερὸν
3131 4648 3307 4704 Πολλὰ
3336 4650 3392 4703 δὲ
3430 4648 3525 4704 καὶ
3571 4647 3679 4703 σώ-

2110 4762 2244 4815 μασι
2287 4744 2584 4814 κάμνουσιν
2612 4746 2677 4797 ἐκ
2717 4744 2924 4796 τούτων
2952 4743 3221 4816 φάρμακα
3256 4743 3486 4814 γίνεται.
3521 4743 3579 4796 Ὀ
3620 4742 3680 4796 δὲ

2105 4838 2281 4891 ταῦτα
2323 4836 2561 4908 ἐρωτῶν,
2592 4835 2644 4889 τί
2691 4834 2890 4905 δήποτε
2930 4837 3121 4905 γέγονε
3166 4836 3236 4890 τά
3281 4836 3448 4907 άγρια
3489 4834 3677 4907 θηρία.

2109 4930 2375 5000 ἐρωτήσει
2408 4931 2500 4982 καὶ
2523 4928 2575 4982 τί
2604 4946 2734 4983 ποτε
2764 4929 2980 5001 φλέγμα
3004 4933 3098 4985 καὶ
3129 4932 3258 5002 χολὴ
3286 4932 3344 4985 ἐν
3371 4934 3537 5004 ήμίνς
3569 4934 3682 4987 Kal.

2109 5025 2217 5096 7&9
2252 5026 2346 5078 καὶ
2383 5025 2579 5089 ταῦτα,
2612 5026 2679 5079 ἂν
2720 5025 3053 5096 παροξυνθῇ.
3085 5025 3274 5097 θηρίου
3301 5025 3682 5097 χαλεπώτερον

2111 5117 2298 5184 ἔξεισι,
2327 5119 2421 5171 καὶ
2457 5118 2534 5187 τῷ
2563 5117 2774 5189 σώματι
2812 5119 2974 5170 παντὶ
3008 5116 3343 5188 λυμαίνεται.
3373 5116 3485 5172 Kal
3511 5118 3680 5188 θυμὸς

2109 5209 2165 5263 δὲ
2209 5211 2340 5281 ἡμῖν
2380 5209 2657 5279 ἔγκειται,
2702 5209 2795 5262 καὶ
2833 5208 3095 5279 ἐπιθυμία
3125 5207 3320 5263 πάλιν·
3366 5208 3462 5262 καὶ
3508 5207 3683 5262 ταῦτα

2112 5302 2315 5373 θηρίων
2357 5302 2733 5373 χαλεπώτερον
2773 5300 3139 5371 λυμαινόμενα
3176 5301 3251 5372 μὴ
3293 5298 3684 5372 κατείργοντας

2111 5396 2247 5448 αὐτὰ
2274 5398 2368 5447 καὶ
2393 5393 2761 5465 χαλινοῦντας.
2782 5394 2890 5446 Καὶ
2916 5392 2968 5445 τί
2997 5392 3136 5461 λέγω
3162 5392 3331 5462 θυμὸν
3362 5391 3459 5448 καὶ
3488 5392 3681 5463 ὀργήν,

2174 5584 2202 5622 b
2236 5582 2368 5631 Unus
2414 5581 2527 5643 πρὸς
2570 5582 2759 5643 τροφήν·
2786 5593 2897 5641 συιδ
2916 5585 3055 5628 certe
3078 5580 3228 5628 lectio
3265 5591 3362 5643 non
3381 5576 3681 5643 spernant),

2117 5650 2229 5705 quia
2254 5640 2504 5704 quamdiu:
2531 5640 2731 5690 exhﬂjel
2752 5640 2977 5689 ἀντίθεσιν
3000 5643 3129 5690 inter
3146 5642 3379 5704 τροφὴνθι
3398 5640 3588 5703 τρυφήν.
