4084 6278
408 320 503 375 ll'i

397 430 513 499 ‘26).
551 428 680 481 l'ost
704 422 819 478 lucc
847 428 1023 475 autem
1055 432 1068 470 :
1100 414 1300 471 Calcate
1324 425 1477 480 super
1500 414 1752 476 serpentes
1771 413 1817 456 et
1845 415 1985 491 scor-

597 478 748 591 ζιὲω.
777 509 1002 580 10.19).
1045 506 1150 564 Sed
1179 505 1263 560 his
1298 478 1533 557 dimissis
1552 538 1567 562 ,
1597 494 1835 553 contexit
1864 478 1987 545 ora-

404 583 616 668 'tionem‘
632 625 700 663 ex
726 601 1097 661 humilioribus
1115 641 1129 664 ,
1160 597 1469 666 relinquens
1494 590 1580 645 illa
1605 583 1991 644 consideranda

405 707 468 760 iis
490 705 579 775 qui
609 707 826 772 possunt
853 696 1061 752 acutius
1084 704 1327 747 eernere.
1362 684 1543 741 Gloria
1573 682 1716 737 enim
1743 677 1912 748 major
1938 685 1995 731 et

406 768 575 851 honor
684 800 827 855 sunt,
855 803 974 859 qua:
996 786 1128 839 ﬁunt
1156 782 1210 836 in
1230 780 1379 834 Novo
1398 777 1762 837 Testamento,
1779 768 1993 839 quando

406 890 561 941 habet
603 884 873 939 Christum
914 884 1105 948 caput,
1146 858 1358 943 quando
1381 869 1498 938 ejus
1523 879 1715 933 corpus
1744 861 1989 924 eflicitur,

404 977 620 1049 qumodo
662 975 723 1028 ﬁt
768 975 930 1026 frater
974 977 1027 1023 et
1066 964 1308 1028 coheres,
1341 970 1396 1015 et
1422 955 1709 1013 conformis
1733 955 1849 1021 ejus
1871 966 1995 1005 cor-

407 1044 546 1142 pori,
575 1066 789 1139 quando
819 1062 1074 1129 majorem
1109 1058 1268 1126 quam
1310 1053 1482 1106 Muses
1518 1048 1711 1115 accipit
1747 1044 1993 1115 gloriam,

406 1167 545 1218 sicut
567 1157 881 1231 signiﬁcavit
915 1153 1106 1208 Paulus
1130 1192 1144 1213 ,
1172 1147 1489 1209 ostendam,
1531 1156 1629 1196 nos
1660 1155 1765 1193 non
1806 1151 1996 1206 quem.

409 1254 696 1310 admodum
739 1250 912 1305 Moses
938 1243 1256 1317 imponebat
1289 1238 1552 1300 velamen,
1583 1232 1677 1287 sed
1704 1245 1890 1287 omnes
1916 1244 1999 1282 re-

410 1349 582 1404 velata
625 1344 758 1399 facie
801 1339 1005 1397 Domini
1039 1336 1261 1407 gloriam
1292 1329 1744 1398 contemplaturos
1770 1337 1888 1378 esse
1918 1320 1996 1391 (2.

409 1438 530 1494 Cor.
554 1440 608 1494 3.
641 1437 729 1490 15.
760 1435 848 1501 18)
879 1449 891 1485 :
921 1440 974 1485 et
999 1430 1120 1483 ideo
1146 1428 1273 1482 dicit
1303 1443 1314 1479 :
1347 1423 1466 1477 Non
1502 1421 1634 1475 enim
1661 1418 1999 1490 glorificamus

411 1541 500 1593 est,
529 1527 665 1599 quod
692 1526 1026 1597 glori/iculum
1057 1520 1200 1574 estin
1222 1519 1317 1569 hac
1344 1522 1505 1584 parte,
1530 1521 1736 1580 propter
1762 1506 2001 1562 excellen-

414 1633 511 1674 tem
537 1619 749 1689 gloriam
779 1612 940 1681 (Ibid.
963 1627 1010 1664 υ.
1034 1608 1143 1674 10).
1179 1608 1323 1661 lianc
1340 1619 1467 1675 ergo
1487 1602 1709 1674 gloriam
1729 1599 1858 1654 dicit
1879 1612 2001 1666 pro-

418 1712 573 1780 pheta
600 1724 696 1779 per
719 1721 1012 1776 auagogen.
1043 1701 1178 1769 Quid
1205 1699 1345 1754 enim
1376 1706 1459 1751 est
1486 1709 1606 1748 cum
1635 1708 1699 1748 ea
1724 1694 2004 1746 conteren-

424 1806 561 1868 lum,
608 1801 819 1872 quando
857 1798 1012 1852 simul
1060 1810 1181 1850 cum
1230 1790 1436 1861 angelis
1484 1787 1678 1842 choros
1723 1784 1999 1845 ducimus,

412 1897 630 1967 quando
675 1894 728 1947 in
777 1893 913 1946 ﬁlios
954 1889 1288 1957 adoptantur,
1322 1881 1535 1950 quando
1576 1893 1674 1933 nec
1716 1874 2003 1945 Unigenito

402 1990 629 2060 quidem
672 2002 768 2057 pro
803 1984 957 2039 nobis
1006 1979 1275 2051 parcitur?
1323 1977 1434 2044 Qua
1475 1988 1580 2028 non
1622 1984 1875 2041 purpura,
1898 1981 2005 2035 quo

422 2058 524 2135 non
568 2078 869 2133 diademate
894 2081 1018 2129 sunt
1044 2073 1158 2126 hare
1184 2072 1341 2139 longe
1369 2064 1729 2135 splendidiora
1751 2103 1765 2126 ,
1793 2058 2006 2130 quando

422 2180 645 2225 mortem
674 2167 992 2229 irridemus,
1020 2161 1234 2234 quando
1275 2160 1340 2213 ad
1385 2165 1706 2228 potestatum
1756 2152 2004 2219 incorpo—

423 2275 632 2316 rearum
656 2256 1101 2328 impatihilitatem
1124 2250 1345 2306 traducti
1375 2262 1577 2310 sumus,
1602 2244 1692 2312 qui
1725 2243 1871 2312 prius
1896 2254 2006 2294 era-

422 2370 540 2409 mus
566 2351 854 2421 contempti
878 2392 892 2416 ,
926 2347 1132 2419 inglorii
1158 2387 1173 2413 ,
1202 2355 1255 2405 et
1286 2338 1638 2397 exsecrandi?
1677 2335 1844 2389 Adam
1883 2347 2005 2386 cum

424 2462 520 2501 nec
548 2444 674 2500 boni
703 2458 800 2498 nec
823 2440 946 2509 mali
975 2437 1101 2509 quid
1126 2436 1369 2497 fecisset,
1401 2432 1577 2486 statim
1607 2428 1899 2482 honoratus
1926 2432 2009 2477 est

423 2553 542 2591 cum
574 2536 800 2605 primum
833 2506 1001 2586 factus
1027 2537 1128 2583 est.
1160 2522 1439 2595 Quomodo
1469 2522 1611 2577 enim
1640 2518 1849 2573 fecisset
1875 2556 1890 2580 ,
1917 2514 2007 2583 qui

424 2643 528 2683 non
568 2625 715 2681 erat?
757 2623 866 2678 Nos
904 2633 1081 2676 autem
1128 2619 1218 2688 qui
1264 2614 1401 2670 mala
1447 2612 1669 2668 fecimus
1708 2612 2004 2669 innumera,

424 2722 580 2788 longe
619 2732 804 2772 sumus
844 2715 1098 2785 majorem
1143 2711 1399 2765 honorem
1429 2704 1718 2775 assequuti.
1750 2700 1869 2754 Non
1892 2715 2008 2751 am-

425 2814 557 2880 plius
573 2855 587 2877 ,
618 2812 817 2881 inquit,
845 2808 957 2861 dico
983 2821 1069 2860 vos
1093 2816 1263 2859 servos
1291 2818 1308 2855 :
1335 2816 1421 2854 vos
1441 2799 1572 2852 enim
1599 2794 1751 2849 aprici
1771 2793 1868 2846 mei
1891 2792 2009 2844 estis

426 2903 602 2976 (Joan.
629 2904 717 2957 15.
750 2901 837 2956 15.
868 2898 983 2969 14).
1027 2896 1141 2951 Non
1171 2892 1399 2962 amplius
1422 2887 1586 2943 nostri
1617 2899 1777 2940 causa
1809 2882 2010 2952 pudore

424 2996 802 3053 suifunduutur
828 2991 1038 3063 angeli,
1078 2989 1172 3045 sed
1208 2987 1370 3042 etiam
1412 2990 1608 3037 nostra:
1637 2978 1792 3034 saluti
1823 2977 2008 3057 deser-

427 3051 593 3142 viunt.
622 3086 754 3141 Nam
776 3095 829 3139 et
857 3051 930 3137 ad
948 3051 1247 3151 Philippum
1271 3076 1412 3133 venit
1452 3072 1690 3143 angelus,
1711 3080 1765 3124 et
1786 3068 1850 3122 ad
1874 3051 2012 3121 mul-

426 3193 509 3237 tos
537 3180 672 3234 alios
703 3178 839 3248 (Act.
875 3176 928 3232 8.
955 3174 1082 3245 25),
1110 3181 1165 3228 et
1190 3167 1532 3239 Evangelium
1563 3164 1875 3220 nuntiabant
1912 3160 2010 3213 ho-

427 3271 657 3327 minibus
682 3268 832 3342 (Luc.
856 3267 911 3321 2.
934 3265 1047 3337 10).
1074 3263 1191 3318 Non
1212 3277 1265 3316 In
1289 3271 1428 3316 terra
1450 3268 1628 3313 autem
1651 3254 1895 3317 heredes,
1918 3251 2011 3306 sed

428 3364 687 3419 bonorum
717 3357 1009 3413 calesthtm
1048 3366 1234 3409 sumus
1256 3392 1272 3418 ,
1302 3361 1357 3406 et
1383 3348 1579 3404 Christi
1609 3344 1892 3415 participes
1915 3383 1929 3406 ,
1960 3350 2015 3396 et

428 3469 680 3509 vocamur
701 3450 769 3506 ad
793 3448 1223 3506 communionem
1263 3442 1531 3513 Unigeuiti
1562 3439 1582 3514 (
1606 3442 1653 3494 1.
1680 3436 1796 3493 Cor.
1830 3437 1881 3491 1.
1911 3435 1943 3491 9
1967 3433 2009 3507 ).

429 3548 554 3607 Hac
574 3545 752 3601 omnia
776 3560 873 3615 per
900 3541 1121 3613 gloriam
1145 3547 1199 3593 et
1218 3536 1475 3591 honorem
1503 3530 1787 3603 signiﬁcat.
1817 3529 2016 3595 Quam-

429 3638 616 3696 obrem
637 3636 768 3691 dicit
794 3635 953 3690 etiam
979 3631 1114 3685 alius
1145 3628 1244 3701 (a),
1271 3627 1449 3681 Gloria
1473 3635 1519 3678 et
1543 3624 1730 3676 honore
1753 3617 2016 3673 coronabis

429 3746 563 3794 eum,
592 3727 886 3799 pmdicens
923 3722 1066 3795 quod
1108 3722 1339 3777 futurum
1369 3726 1503 3774 erat.
1536 3717 1588 3770 7.
1622 3713 1690 3767 Et
1717 3708 2017 3767 constituisti

431 3839 545 3878 eam
571 3836 726 3891 super
742 3834 897 3891 opera
920 3830 1162 3871 manuum
1191 3821 1413 3866 tuarum.
1443 3808 1593 3863 Alius
1620 3805 1716 3874 (ὁ),
1750 3800 1939 3856 Fecisti
1963 3807 2018 3851 ut

433 3890 952 3981 haberetpotestatem
984 3920 1192 3976 operum
1226 3915 1469 3954 manuum
1495 3906 1716 3950 tuarum.
1746 3893 1802 3948 8.
1834 3890 2020 3945 Omnia

432 4004 687 4075 subjecisti
708 4001 799 4056 sub
816 3999 1027 4071 pedibus
1043 3996 1186 4068 ejus;
1214 4009 1327 4047 ores
1350 4001 1398 4045 et
1418 3991 1562 4045 boues
1582 3988 1856 4045 universas,
1873 3984 2019 4035 insu-

437 4074 527 4169 per
567 4104 614 4153 et
655 4111 836 4167 pecora
873 4092 1060 4162 campi.
1103 4089 1255 4145 Alius
1285 4084 1381 4157 (ε),
1410 4079 1661 4153 Agrestia.
1684 4077 1739 4131 9.
1777 4074 2021 4130 Volucres

435 4167 568 4254 celi,
599 4199 644 4242 et
678 4188 836 4258 pisces
872 4184 1048 4249 man's,
1087 4182 1174 4252 qui
1219 4176 1567 4251 pet-ambulant
1609 4171 1810 4226 semitas
1845 4167 2018 4221 maris.
2090 4220 2098 4228 ,

438 4280 526 4336 10.
556 4276 1046 4343 Domine,Dominus
1080 4282 1252 4327 noster
1272 4313 1287 4336 ,
1320 4285 1473 4339 quam
1511 4263 1807 4319 admirabile
1830 4272 1899 4315 est
1925 4275 2021 4313 uo-

436 4390 552 4428 men
589 4384 727 4426 tuum
770 4371 824 4424 in
853 4369 1085 4422 universa
1122 4362 1292 4418 terra!
1326 4357 1783 4430 Quemadmodum
1809 4368 1930 4409 cum
1957 4352 2026 4406 de

438 4465 709 4521 creatione
741 4462 992 4532 loquitur,
1019 4471 1129 4513 non
1148 4455 1321 4511 solum
1342 4465 1599 4521 supernas
1624 4446 1834 4516 attingit
1874 4452 2025 4513 pote-

440 4564 623 4619 states,
650 4551 743 4607 sed
770 4553 930 4606 etiam
952 4548 1247 4603 orationem
1278 4542 1491 4597 deducit
1521 4539 1586 4593 ad
1612 4535 1880 4592 sensibilia
1911 4550 1924 4586 :
1956 4533 2026 4585 ita

441 4647 602 4701 etiam
634 4659 757 4699 eum
786 4644 941 4696 docet
969 4640 1036 4694 de
1064 4638 1268 4692 honore
1303 4632 1607 4688 hominibus
1640 4629 1868 4692 collato,
1906 4640 2027 4681 cum

446 4748 649 4793 tantum
700 4733 1089 4790 subindicasset
1112 4730 1198 4784 illa
1227 4740 1419 4782 arcana
1462 4735 1516 4779 ct
1564 4724 1872 4788 incorporea
1910 4730 2030 4785 quas

444 4829 807 4892 mnuneravit,
841 4841 980 4880 nunc
1003 4824 1230 4892 amplius
1251 4822 1562 4875 immoratur
1592 4817 1642 4869 in
1669 4810 2027 4871 sensibilibus,

447 4938 565 4992 qua:
591 4918 893 4975 rudioribus
913 4916 1139 4971 clariora
1160 4919 1308 4967 sunt.
1324 4911 1578 4978 Quantam
1599 4915 1773 4961 autem
1790 4919 1853 4959 ea
1870 4902 2032 4959 sunt?

448 5015 743 5069 Terrenum
774 5012 849 5065 illi
876 5010 1054 5065 datum
1082 5005 1386 5076 imperium.

524 5107 646 5160 Post
672 5113 931 5185 peccatum
968 5101 1107 5157 Deus
1146 5100 1321 5152 datum
1354 5094 1545 5149 homini
1579 5092 1840 5163 imperium
1863 5089 2034 5142 immi-

451 5199 579 5260 nuit,
603 5213 705 5250 non
730 5196 942 5263 abrogat
958 5211 976 5258 ;
1003 5208 1094 5244 cur
1120 5189 1335 5242 hominis
1358 5185 1699 5257 imperiumin
1730 5181 1911 5234 bestias
1934 5180 2033 5232 int-

453 5290 703 5342 minutum
733 5288 817 5340 sit.
838 5282 1080 5350 --Quod
1122 5291 1297 5335 autem
1341 5290 1424 5334 est
1461 5273 1791 5335 admirabile,
1823 5273 2035 5341 etquod

455 5380 684 5434 maxime
708 5376 1081 5437 subindieavit,
1110 5388 1231 5427 eum
1260 5372 1574 5424 honoratum
1601 5375 1722 5420 ante
1742 5373 2041 5432 transgres-

454 5472 681 5534 sionem,
714 5485 782 5524 ne
820 5476 942 5538 post
985 5475 1257 5536 peccatum
1299 5462 1511 5533 quidem
1554 5457 1776 5529 privavit
1815 5455 2035 5509 honore.

519 5627 592 5685 (a)
629 5623 810 5688 Aquila.

522 5688 592 5747 (It)
624 5686 903 5735 Tlletnlolio.

523 5749 594 5810 (ε)
629 5748 949 5811 Symnmchus.

1532 286 1887 350 EXPOSITIO
1926 283 1991 340 1N
2031 279 2351 338 PSAIJilUll
2396 279 2529 334 Vill.

3578 270 3679 325 Hi3
3731 306 3733 309 -

2097 395 2329 450 Minuiin
2355 396 2521 460 enim,
2549 395 2737 464 inquit,
2764 410 2877 448 eum
2905 394 3057 460 paulo
3081 392 3243 446 minus
3263 391 3325 444 ab
3349 391 3558 461 angelis.
3578 389 3681 445 hoc

2096 499 2198 556 est,
2228 500 2401 545 morte
2440 488 2807 544 condemuasti
2854 502 2974 542 eum
3020 493 3320 556 peccasset;
3362 498 3469 537 non
3502 491 3679 536 tamen

2099 592 2373 654 postquam
2411 597 2532 638 cum
2578 585 2752 636 morte
2796 576 3196 640 condemnasti,
3240 574 3380 630 dono
3406 589 3526 629 eum
3553 586 3680 642 spo-

2099 678 2237 733 liasti
2273 696 2285 731 :
2315 687 2370 731 et
2397 683 2676 745 propterea
2700 682 2979 744 postquam
3012 669 3138 725 illud
3168 668 3323 732 dixit,
3360 666 3462 722 hoc
3494 665 3681 733 ponit,

2098 769 2386 824 ostendens
2429 766 2839 822 inenarrabilem
2890 763 2985 819 Dei
3027 760 3387 824 clementiam,
3416 757 3556 828 quod
3600 756 3682 810 vel

2100 864 2418 918 diminutum
2466 871 2679 931 propter
2725 874 2874 915 suam
2923 854 3394 926 transgressionem
3444 850 3687 921 permisit

2101 974 2220 1013 esse
2258 957 2441 1027 gloria:
2467 955 2671 1009 honore
2701 961 3045 1012 coronatum,
3077 963 3173 1003 nec
3198 947 3246 1001 ei
3277 944 3548 1014 abrogavit
3583 942 3685 999 im-

2105 1052 2327 1120 perium.
2357 1049 2414 1102 Si
2444 1056 2619 1102 autem
2645 1060 2826 1113 parum
2852 1041 2977 1112 quid
3006 1039 3263 1103 detraxit,
3292 1037 3393 1091 hoc
3416 1044 3498 1089 est
3524 1035 3685 1090 etiam

2103 1143 2220 1211 ejus
2247 1139 2609 1211 providentiae.
2638 1136 2768 1191 Nam
2793 1144 2915 1189 ante
2941 1130 3351 1188 inobedicntiam
3377 1126 3688 1183 dominaba-

2104 1245 2189 1290 tur
2220 1236 2403 1288 bestiis
2428 1252 2440 1285 :
2468 1243 2585 1302 post
2613 1228 3025 1284 inobedientiam
3065 1236 3243 1280 autem
3289 1222 3356 1277 tle
3398 1222 3499 1276 hac
3540 1229 3688 1289 pote-

2104 1330 2241 1376 state
2288 1319 2613 1387 aliquaututn
2665 1315 2955 1373 detractum
3010 1319 3110 1364 est.
3162 1308 3293 1363 Nam
3342 1320 3483 1360 nunc
3528 1305 3687 1360 etiam

2103 1411 2406 1466 dominatur
2449 1411 2527 1463 eis
2565 1406 2825 1476 aliquibus
2870 1402 3091 1468 artibus,
3119 1400 3213 1457 sed
3251 1415 3371 1454 cum
3415 1398 3603 1452 liotore
3626 1410 3689 1450 ac

2108 1513 2357 1558 tremore.
2405 1500 2585 1570 Neque
2622 1498 2764 1553 enim
2803 1505 2966 1551 totum
3008 1492 3289 1563 imperium
3315 1489 3559 1553 sustulit,
3590 1502 3691 1543 nec

2107 1606 2271 1651 totum
2300 1593 2534 1662 reliquit,
2561 1591 2653 1647 sed
2682 1602 3034 1660 quaecumque
3070 1594 3225 1640 erant
3268 1583 3317 1638 ei
3360 1580 3575 1651 quidem
3620 1578 3687 1634 ad

2106 1688 2414 1742 alimentum
2461 1695 2515 1739 et
2555 1683 2621 1737 ad
2677 1696 2810 1750 opus
2854 1677 3206 1741 necessarim,
3254 1673 3521 1742 suhjrctas
3571 1684 3693 1724 esse

2110 1782 2348 1851 permisit
2378 1797 2389 1831 :
2417 1795 2536 1848 qua:
2577 1785 2753 1831 autem
2795 1781 2920 1827 sunt
2959 1769 3309 1833 efferatiores,
3340 1781 3443 1820 non
3486 1762 3690 1824 itidem.

2110 1887 2166 1931 ut
2210 1892 2274 1930 ex
2315 1891 2409 1928 sua
2446 1887 2568 1926 eum
2612 1870 2714 1923 illis
2746 1864 3088 1921 contentione
3114 1860 3269 1930 primi
3302 1856 3535 1927 parentis
3562 1853 3695 1908 Atius

2108 1969 2307 2026 veteris
2335 1966 2537 2037 peccati
2567 1962 2964 2016 admoneretur.
2998 1953 3149 2011 Unde
3176 1952 3335 2007 etiam
3357 1964 3422 2004 ex
3444 1961 3531 2011 eo,
3550 1943 3696 2015 quod

2110 2085 2215 2123 non
2246 2065 2398 2118 valde
2427 2062 2580 2116 nobis
2605 2057 2956 2128 subjiciuntur
2979 2093 2993 2117 ,
3032 2063 3282 2120 magnum
3309 2046 3515 2100 lucrum
3540 2054 3696 2096 acce-

2111 2161 2206 2217 dit.
2254 2157 2389 2226 Quid
2431 2156 2572 2211 cnim
2602 2167 2702 2205 nos
2722 2151 2935 2219 juvaret
2959 2188 2973 2209 ,
3004 2144 3047 2198 si
3080 2144 3287 2197 leonem
3315 2145 3513 2192 nostra:
3544 2142 3693 2203 poto-

2111 2255 2230 2308 slati
2279 2225 2565 2305 obnoxium
2611 2256 2664 2300 et
2706 2240 3124 2297 mansuefactum
3172 2229 3526 2289 haberemus?
3564 2225 3694 2297 quid

2110 2346 2265 2401 nobis
2318 2342 2629 2412 prodesset,
2676 2337 2722 2390 si
2776 2334 3000 2405 pardum
3050 2328 3368 2382 haberemus
3417 2319 3694 2376 cicurem?

2110 2439 2251 2494 Nihil
2281 2437 2380 2492 nisi
2408 2434 2474 2489 ad
2505 2429 2859 2500 arrogantiam
2891 2433 3089 2478 tantum
3119 2430 3174 2474 et
3198 2415 3521 2486 superbiam.
3556 2412 3690 2466 Pro.

2114 2540 2293 2601 pterea
2325 2528 2419 2581 has
2448 2524 2660 2596 quidem
2693 2518 2935 2591 permisit
2961 2531 3081 2571 esse
3106 2519 3382 2580 exemptus
3420 2506 3488 2560 ab
3526 2506 3699 2574 impe-

2113 2625 2193 2677 rio
2224 2639 2237 2675 :
2268 2636 2387 2692 qua:
2411 2626 2536 2672 sunt
2559 2624 2736 2669 autem
2764 2609 2918 2665 nobis
2941 2608 3092 2662 utiles
3112 2647 3126 2671 ,
3157 2602 3330 2659 cﬁ'ccit
3356 2604 3659 2654 mansuetas
3679 2635 3694 2660 ,

2113 2716 2301 2771 bovem
2331 2718 2567 2766 arantem
2590 2749 2605 2773 ,
2641 2714 2696 2760 et
2733 2718 2886 2758 ovem
2926 2699 3258 2753 amicientem
3288 2691 3455 2748 nostri
3486 2688 3697 2744 nudita-

2113 2817 2220 2862 tem
2262 2803 2521 2874 corporis,
2561 2809 2615 2854 ct
2648 2799 2883 2868 jomenta
2926 2801 3044 2862 apta
3088 2791 3155 2844 ad
3201 2803 3264 2843 ea
3294 2783 3534 2841 vehenda
3577 2796 3697 2853 qua:

2114 2896 2387 2968 importari
2436 2902 2527 2948 aut
2569 2888 2835 2961 exportari
2882 2892 3125 2956 possunt,
3151 2893 3278 2935 aves
3317 2886 3374 2933 et
3415 2876 3609 2947 pisces,
3640 2880 3700 2929 ut

2114 3000 2256 3048 esset
2286 2989 2440 3044 nobis
2464 2999 2649 3042 mensa
2676 2982 2888 3037 lautior.

2184 3086 2237 3142 8.
2266 3078 2723 3154 Quemadmodum
2745 3074 2885 3131 enim
2909 3086 3029 3127 cum
3050 3068 3169 3139 quis
3188 3062 3479 3122 exheredat
3504 3060 3693 3125 ﬁlium,

2117 3195 2220 3233 non
2249 3177 2420 3247 privat
2444 3186 2567 3227 eum
2597 3168 2864 3229 omnibus,
2886 3162 2981 3220 sed
3004 3169 3153 3231 parte
3175 3157 3373 3227 aliqua,
3402 3163 3460 3209 ut
3487 3166 3548 3208 se
3570 3164 3696 3206 cor-

2117 3242 2270 3339 rigat,
2302 3268 2369 3321 ita
2397 3265 2555 3320 etiam
2582 3261 2723 3315 Deus
2747 3275 2761 3313 :
2784 3258 2891 3310 imo
2914 3267 3021 3309 non
3047 3250 3145 3316 sic,
3168 3248 3263 3303 sed
3285 3253 3469 3301 contra
3500 3242 3695 3313 potius.

2117 3333 2287 3416 llotno
2307 3360 2468 3420 enim,
2498 3354 2588 3425 qui
2615 3348 2935 3410 exheredat,
2968 3342 3154 3413 majori
3182 3345 3330 3410 parte
3356 3336 3563 3407 privat,
3595 3333 3699 3388 mi-

2117 3465 2305 3506 norem
2347 3460 2477 3502 vero
2521 3442 2773 3513 relinquit
2806 3456 2819 3493 :
2854 3439 2991 3492 Deus
3027 3441 3203 3489 autem
3244 3427 3434 3499 majori
3474 3425 3657 3482 relicta
3684 3464 3698 3486 .

2117 3546 2305 3616 exigua
2338 3539 2555 3612 privavit
2590 3531 2942 3606 portiuncula,
2972 3529 3130 3599 idque
3159 3525 3225 3580 ad
3249 3526 3368 3595 ejus
3397 3520 3699 3579 utilitatem.

2119 3660 2187 3700 ne
2225 3644 2326 3699 alia
2364 3638 2541 3696 omnia
2588 3633 2743 3691 facile
2775 3636 3071 3702 superaret.
3116 3624 3222 3680 Sed
3268 3623 3369 3675 hoc
3407 3620 3577 3688 ipsum
3619 3622 3704 3669 est

2118 3739 2277 3794 etiam
2307 3734 2396 3789 Dei
2425 3727 2768 3802 providentiae
2787 3765 2801 3789 ,
2834 3721 2925 3793 qui
2966 3716 3196 3774 hominis
3219 3711 3534 3783 sapientiam
3557 3703 3706 3760 exci-

2122 3840 2260 3895 tans,
2281 3798 2639 3896 arrogantiam
2664 3817 2991 3888 deprimens,
3014 3821 3069 3867 et
3088 3802 3517 3876 intempestivum
3536 3798 3704 3852 otium

2123 3894 2516 3987 interrumpente
2545 3913 2616 3983 (si
2644 3911 2785 3966 cuitu
2805 3907 2856 3963 ei
2883 3902 3063 3960 omnia
3087 3913 3209 3956 cum
3241 3894 3495 3951 facilitate
3521 3901 3695 3945 succe-

2127 4289 2369 4364 permisit
2410 4285 2487 4340 illi
2516 4300 2531 4337 :
2562 4280 2657 4337 sed
2695 4292 2815 4349 qua:
2840 4275 2908 4330 ad
2937 4286 3089 4328 usum
3125 4265 3340 4337 quidem
3379 4259 3564 4322 sunt‘,
3593 4255 3709 4310 sine

2129 4345 2312 4442 iabore
2336 4391 2390 4437 et
2414 4377 2611 4436 sudore
2640 4345 2838 4427 habere
2865 4362 3106 4438 permisit
3137 4377 3150 4414 :
3179 4372 3299 4430 qua:
3326 4367 3456 4410 vero
3484 4356 3608 4404 sunt
3641 4345 3707 4400 ad

2129 4480 2346 4537 delicias
2370 4519 2384 4542 ,
2415 4490 2535 4530 cum
2562 4469 2745 4525 labore
2767 4474 2822 4521 et
2848 4461 3042 4519 sudore
3071 4476 3084 4513 :
3114 4456 3301 4511 volens
3333 4449 3472 4505 hanc
3502 4454 3709 4515 quoque

2132 4572 2285 4628 nobis
2307 4568 2522 4624 nimiam
2554 4558 2770 4633 praecidi
2791 4554 3153 4612 securitatem.

2206 4624 2454 4718 Ferarum
2477 4624 2601 4712 usus
2626 4655 2759 4725 quis.
2777 4679 2850 4691 —
2871 4645 2926 4703 Si
2952 4643 3070 4715 quis
3092 4648 3268 4695 autem
3295 4635 3437 4690 dicat
3464 4648 3479 4685 :
3505 4626 3574 4684 Et
3597 4624 3715 4696 quis

2132 4770 2213 4815 est
2257 4754 2410 4811 nobis
2449 4763 2577 4805 usus
2623 4741 2890 4801 ferarum?
2917 4738 3155 4794 dicemus
3186 4750 3200 4787 :
3234 4730 3469 4785 Primum
3501 4719 3716 4793 quidem

2134 4850 2324 4904 anima:
2356 4841 2705 4898 humilitatem
2729 4833 2986 4894 efﬁciunt,
3016 4835 3071 4882 et
3096 4833 3156 4881 ut
3179 4822 3341 4877 homo
3363 4832 3423 4872 se
3446 4819 3717 4874 exerceat,

2136 4950 2190 4997 et
2219 4939 2283 4993 ad
2312 4945 2583 4992 certamen
2613 4934 2907 4996 comparet,
2936 4920 2988 4974 in
3014 4930 3170 4972 causa
3194 4919 3340 4973 sunt,
3370 4920 3433 4961 ac
3458 4904 3608 4957 valde
3634 4915 3721 4954 ar-

2137 5038 2412 5101 rogantem
2436 5023 2663 5096 proprize
2689 4994 2891 5071 natura:
2913 5011 3201 5065 admonent
3223 5044 3239 5071 ,
3268 4996 3482 5070 quando
3508 4994 3719 5048 brutum

2139 5086 2229 5183 es:
2273 5124 2321 5180 ei
2369 5086 2625 5176 terribile.
2678 5113 2794 5169 Jam
2833 5120 2960 5163 vero
3003 5095 3366 5157 laborantibus
3409 5086 3722 5159 corporibus

2143 5218 2307 5274 multa
2342 5231 2409 5269 ex
2444 5212 2525 5266 his
2563 5207 2695 5261 ﬁunt
2733 5201 3137 5257 medicamenta.
3169 5188 3271 5257 Qui
3299 5188 3412 5240 lucc
3439 5189 3614 5237 autem
3644 5179 3719 5232 in-

2145 5317 2374 5377 terrogat
2395 5348 2408 5369 ,
2439 5319 2535 5358 cur
2561 5301 2685 5353 fera:
2708 5298 2857 5349 facta:
2887 5291 3011 5351 sint,
3043 5277 3388 5350 interrogabit
3414 5274 3596 5336 etiam,
3627 5283 3717 5324 cut

2145 5404 2196 5456 in
2228 5402 2380 5454 nobis
2411 5397 2476 5449 sit
2507 5393 2626 5446 bilis
2656 5401 2707 5443 ct
2740 5383 2961 5456 pituita?
3004 5379 3133 5433 Nam
3160 5389 3222 5429 ea
3249 5382 3480 5441 quoque,
3505 5366 3550 5420 si
3571 5362 3717 5419 exci-

2147 5503 2250 5548 tata
2275 5489 2490 5551 fuerint,
2514 5492 2711 5539 exeunt
2740 5479 2852 5532 fera
2881 5467 3267 5532 vehementius,
3291 5464 3491 5532 totique
3518 5453 3726 5527 corpori

2147 5583 2365 5640 exitium
2394 5578 2638 5632 afferunt.
2672 5572 2837 5626 Porro
2866 5564 3019 5617 nobis
3043 5575 3252 5631 quoque
3280 5559 3414 5612 inest
3450 5554 3529 5609 ira
3555 5556 3610 5605 et
3640 5562 3733 5601 eu-

2214 5724 2229 5753 ί
2269 5727 2411 5773 Unus,
2435 5710 2522 5763 sed
2544 5720 2653 5775 qua:
2674 5704 2737 5755 ad
2760 5700 2931 5751 victum
2952 5693 3205 5763 pertinent.
