4068 6288
360 285 462 339 119

355 399 578 466 pidilas,
606 412 725 468 quae
763 396 892 468 ipsis
924 411 1137 468 quoque
1162 398 1289 454 feris
1320 397 1530 469 gravius
1556 395 1708 452 nobis
1734 396 1937 451 incom-

353 489 570 544 modum
604 489 832 544 alferunt
850 530 865 555 ,
894 489 995 543 nisi
1022 503 1114 545 eas
1137 503 1479 545 coerceamus
1506 498 1560 543 et
1583 487 1933 569 refrenemus.

353 582 491 649 Quid
536 590 715 637 autem
753 581 872 636 dico
909 581 1142 636 animum
1176 589 1232 636 et
1273 580 1428 651 iram,
1460 594 1582 635 cum
1626 579 1742 648 ipse
1774 577 1932 632 etiam

351 681 533 726 noster
558 671 745 727 oculus
786 671 839 726 in
882 671 1111 741 pejores,
1141 686 1297 741 quam
1324 669 1471 736 ferte,
1498 668 1806 724 aii‘ectiones
1837 683 1932 722 nos

351 764 664 833 pnecipitet,
693 773 751 818 ut
778 762 866 834 qui
896 778 995 818 nos
1021 764 1073 817 in
1100 778 1335 817 amorem
1359 763 1607 816 acerbum
1639 768 1776 814 totos
1798 775 1932 814 con-

351 855 511 924 ligat?
538 854 641 911 Sed
668 869 773 909 non
804 855 924 909 ideo
947 855 1207 919 dicemus,
1234 854 1344 909 Cur
1364 854 1476 908 harc
1497 853 1629 908 facta
1646 851 1810 907 sunt?
1837 850 1929 906 sed

346 946 507 1001 etiam
555 962 652 1016 pro
688 947 937 1004 omnibus
986 947 1209 1003 Domino
1252 947 1450 1017 gratias
1493 960 1731 1017 agemus.
1778 943 1927 1011 Quod

348 1039 491 1093 enim
516 1048 598 1093 est
624 1053 791 1110 puero
815 1038 1049 1104 scutica,
1082 1038 1183 1093 hoc
1225 1048 1310 1093 est
1351 1037 1459 1093 fera
1504 1036 1825 1092 hominibus.
1872 1035 1928 1090 Si

346 1129 488 1184 enim
519 1144 639 1185 cum
664 1131 747 1186 vel
774 1139 851 1186 tot
876 1130 1035 1186 rebus
1057 1131 1258 1200 asperis
1277 1131 1670 1197 contineantur,
1693 1129 1929 1199 plerique

345 1226 526 1276 tamen
573 1222 627 1276 in
674 1230 871 1277 tantam
917 1221 1244 1276 extolluntur
1285 1223 1640 1294 arrogantiam
1680 1238 1694 1274 :
1737 1220 1780 1275 si
1824 1219 1928 1274 hoc

343 1312 501 1367 etiam
545 1313 754 1369 frenum
802 1313 1087 1378 ademeris,
1129 1313 1408 1369 considera
1448 1328 1558 1383 quo
1604 1313 1674 1366 sit
1712 1311 1924 1367 tandem

347 1417 658 1470 processura
701 1404 1030 1474 improbitas.
1073 1404 1147 1459 Ea
1176 1403 1244 1458 de
1272 1418 1428 1458 causa
1457 1403 1636 1457 datum
1662 1410 1745 1457 est
1774 1402 1926 1457 nobis

342 1506 535 1562 corpus
561 1493 694 1548 adeo
724 1493 925 1548 morbis
949 1493 1258 1560 obnoxium,
1290 1493 1525 1563 patibile,
1552 1492 1692 1562 quod
1714 1492 1925 1547 obside-

343 1592 428 1636 tur
450 1598 478 1637 a
511 1584 663 1638 malis
693 1584 1167 1640 innumerabilibus
1197 1594 1286 1639 :ct
1318 1595 1477 1651 terra,
1510 1600 1629 1654 qua:
1655 1599 1749 1638 sua
1775 1593 1921 1651 sunt,

342 1672 584 1740 producit
623 1688 747 1728 cum
792 1673 1101 1728 laboribus:
1129 1683 1184 1729 et
1227 1676 1467 1730 universa
1504 1677 1610 1729 vita
1649 1675 1803 1744 plena
1842 1683 1925 1729 est

338 1764 644 1819 sudoribus.
681 1765 940 1832 Quoniam
964 1779 1201 1835 prmscns
1230 1766 1332 1819 vita
1355 1777 1441 1821 est
1465 1766 1625 1820 veluti
1654 1765 1921 1836 quodnam

337 1856 694 1925 gymnasium,
740 1857 1014 1926 otiumque
1047 1865 1102 1910 ct
1144 1857 1387 1911 remissio
1434 1856 1712 1926 plerostjue
1750 1856 1923 1925 perdit

338 1945 581 2002 homines
601 1988 615 2013 ,
655 1956 932 2018 propterea
961 1947 1227 2016 negotium
1258 1958 1312 2001 et
1340 1946 1574 2002 laborem
1599 1946 1879 2001 admiscuit
1903 1987 1918 2010 ,

339 2045 395 2090 ut
432 2045 697 2108 tamquam
723 2053 755 2090 a
782 2038 1094 2108 quibusdam
1122 2037 1283 2092 frenis
1307 2039 1595 2108 castigatur
1627 2038 1916 2092 acrimonia

336 2126 550 2180 mentis.
598 2126 674 2181 Tu
719 2138 894 2182 autem
925 2127 1201 2183 considera
1227 2128 1497 2198 quomodo
1523 2143 1584 2182 ea
1613 2128 1772 2184 etiam
1800 2144 1919 2197 quae

335 2225 519 2272 natant
541 2234 634 2288 per
653 2218 1063 2289 profunditatem
1090 2234 1366 2290 aquarum,
1386 2229 1581 2292 etquae
1606 2221 1659 2276 in
1690 2222 1917 2277 sublime

335 2306 621 2374 tolluntur,
668 2325 760 2379 per
797 2319 966 2364 artem
997 2310 1089 2365 tibi
1122 2312 1373 2367 Dominus
1397 2312 1702 2382 subjecerit.
1729 2314 1796 2368 Et
1820 2328 1917 2368 cur

333 2410 438 2450 non
451 2398 629 2452 omnia
644 2414 764 2469 qum
791 2399 1058 2466 videntur,
1074 2410 1422 2471 persequutus
1448 2411 1550 2472 est,
1572 2403 1797 2474 plantas,
1823 2420 1912 2460 ar-

330 2487 511 2555 bores,
529 2497 583 2544 et
610 2490 852 2567 semina?
889 2492 967 2546 Ex
997 2501 1144 2561 parte
1165 2501 1331 2548 totum
1358 2495 1693 2566 signiﬁcavit,
1725 2507 1778 2552 et
1803 2508 1909 2552 stu~

332 2577 497 2632 diosis
522 2587 713 2634 caitera
739 2580 963 2636 dicenda
993 2582 1227 2654 reliquit.
1270 2584 1340 2640 Et
1376 2601 1560 2642 rursus
1587 2587 1637 2641 in
1663 2587 1911 2644 eumdem

329 2667 525 2724 desinit
552 2669 731 2738 finem,
760 2688 824 2727 ex
855 2689 961 2744 quo
985 2687 1221 2745 cmperat
1247 2695 1261 2732 :
1295 2676 1508 2733 Domine
1546 2679 1794 2737 Dominus
1815 2698 1910 2736 no~

327 2769 431 2813 ster
452 2769 540 2817 :et
559 2770 683 2817 ante
702 2763 1086 2833 probationem,
1109 2778 1164 2821 et
1192 2778 1307 2838 post
1329 2771 1698 2840 probationem
1720 2774 1909 2829 eadem

328 2854 488 2909 verba
514 2870 739 2925 ponens.
773 2858 1184 2919 Perseveremus
1212 2879 1340 2935 ergo
1366 2880 1464 2920 nos
1482 2882 1694 2938 quoque
1721 2870 1907 2925 eadem

324 2946 538 3002 assidue
564 2948 762 3015 dicere,
784 2951 1109 3008 admirantes
1134 2955 1251 3025 ejus
1280 2957 1709 3025 sollicitudinem,
1734 2962 1909 3032 suspi—

325 3038 526 3094 cientes
571 3041 923 3111 sapicntiam,
970 3045 1344 3117 clementiam,
1390 3059 1443 3105 et
1487 3050 1603 3120 ejus
1645 3067 1770 3123 erga
1810 3070 1907 3110 nos

326 3128 729 3196 providentiam.
786 3133 854 3188 Et
899 3134 1014 3190 haec
1049 3137 1262 3207 quidem
1291 3154 1321 3192 a
1350 3140 1501 3195 nobis
1526 3140 1664 3196 dicta
1690 3155 1812 3198 sunt
1839 3147 1904 3200 ad

325 3219 830 3292 interpretationem.
862 3226 918 3283 Si
947 3237 1125 3285 autem
1147 3231 1324 3299 vultis,
1350 3248 1462 3288 rem
1485 3235 1672 3304 majori
1695 3253 1908 3313 quoque

322 3314 664 3371 contentione
687 3331 927 3388 agamus,
951 3328 1006 3375 et
1028 3319 1241 3376 Judteos
1273 3338 1536 3394 rogemus,
1568 3327 1785 3387 ubinam
1815 3350 1907 3389 vo-

321 3416 442 3458 cem
464 3405 625 3474 puelli
644 3408 957 3465 emiserint?
983 3411 1068 3468 ubi
1092 3413 1364 3473 inimicum
1387 3417 1506 3475 talis
1522 3438 1623 3477 vox
1639 3424 1909 3481 destruxe-

322 3496 434 3552 rit?
460 3500 674 3569 quando
699 3501 817 3574 ejus
841 3517 1036 3562 nomen
1066 3509 1223 3565 fuerit
1246 3511 1596 3571 admirabile?
1632 3515 1738 3572 Sed
1763 3518 1904 3575 aliud

230 3642 239 3649 ,
321 3598 530 3660 tempus
551 3632 569 3660 ,
610 3608 771 3665 quam
804 3597 905 3653 hoc
928 3640 944 3663 ,
976 3615 1080 3653 non
1120 3610 1369 3670 poterunt
1394 3604 1595 3674 dicere,
1626 3609 1766 3678 quod
1792 3612 1907 3666 sole

320 3681 512 3738 clarius
537 3688 770 3743 ostendit
791 3690 896 3744 vim
916 3691 1170 3748 veritatis.
1197 3693 1265 3748 Et
1284 3693 1405 3750 ideo
1427 3696 1779 3765 dicit,Videbo
1802 3717 1897 3757 cte-

322 3776 401 3832 los
421 3794 579 3849 opera
598 3781 873 3853 digitorum
900 3794 1100 3840 tuorum
1126 3803 1146 3841 :
1173 3796 1229 3843 et
1250 3796 1424 3843 tamen
1444 3790 1556 3859 jam
1577 3790 1783 3851 dixerat
1798 3793 1908 3849 Mo-

319 3884 407 3925 ses
430 3869 527 3926 :In
539 3874 788 3946 principio
801 3876 918 3947 fecit
948 3876 1083 3933 Deus
1108 3880 1288 3935 ctelum
1315 3890 1362 3934 et
1390 3890 1576 3937 terram
1610 3883 1903 3960 (GenJJ).

390 3962 613 4020 Paulum
637 3966 1025 4025 Samosatenum
1043 3972 1291 4028 adoritur.
1313 4004 1386 4015 —
1403 3975 1509 4031 Sed
1530 3975 1785 4035 adversus
1805 3980 1903 4037 Ju-

320 4052 467 4110 dazos
494 4057 708 4127 quidem
733 4060 1001 4116 sufficiunt
1030 4063 1173 4129 haec,
1202 4075 1258 4121 et
1277 4082 1394 4137 qua:
1414 4077 1538 4123 ante
1564 4068 1706 4125 dicta
1736 4083 1857 4128 sunt
1888 4094 1901 4130 :

319 4146 414 4202 sed
454 4150 706 4219 quoniam
749 4154 838 4223 qui
883 4154 1095 4209 illorum
1138 4156 1415 4227 dogmata,
1448 4160 1492 4213 si
1531 4161 1774 4217 dematur
1794 4166 1903 4219 cir-
1962 4208 1965 4209 ν

318 4240 608 4305 cumcisio,
649 4245 999 4315 aemulantur,
1034 4246 1177 4302 Pauli
1209 4249 1541 4307 Samosateni
1577 4256 1795 4310 asseclm
1825 4256 1906 4310 di-

318 4340 444 4386 cunt
471 4332 739 4389 Christum
762 4335 921 4392 fuisse
940 4338 1009 4393 ab
1035 4354 1099 4393 eo
1125 4349 1362 4411 tempore
1379 4384 1394 4405 ,
1427 4358 1489 4396 ex
1522 4358 1628 4414 quo
1653 4360 1715 4399 ex
1742 4346 1902 4401 Maria

323 4421 583 4490 processit
615 4421 836 4494 (a).illus
861 4427 1019 4481 ctiam
1053 4445 1299 4498 rogemus
1324 4450 1338 4486 :
1364 4432 1642 4499 Quomodo
1671 4435 1716 4489 si
1745 4436 1811 4489 ab
1839 4453 1905 4492 eo

324 4524 565 4583 tempore
589 4524 705 4569 erat
722 4515 990 4585 Christus,
1013 4520 1175 4574 c:elos
1193 4521 1478 4579 fabricatus
1504 4535 1586 4580 est
1605 4526 1628 4579 ?
1645 4525 1902 4583 Eumdem

322 4605 463 4659 enim
513 4604 599 4660 hic
636 4621 755 4661 esse
792 4607 951 4677 dicit,
982 4611 1070 4679 qui
1101 4626 1170 4665 ex
1201 4627 1296 4667 ore
1321 4613 1595 4670 infantium
1622 4628 1674 4672 et
1699 4619 1906 4675 lacten-

324 4698 452 4751 tium
483 4696 693 4752 laudem
726 4697 947 4766 perfecit
972 4741 987 4763 ,
1019 4708 1073 4755 et
1101 4702 1189 4771 qui
1217 4703 1377 4758 caelos
1405 4704 1691 4762 fabricatus
1716 4720 1816 4764 est.
1847 4710 1903 4766 Si

322 4798 496 4843 autem
536 4796 620 4843 est
655 4788 909 4844 caelorum
952 4791 1154 4860 opifex,
1196 4802 1362 4848 restat
1388 4803 1443 4848 ιιι
1470 4794 1629 4850 fuerit
1656 4808 1779 4855 ante
1803 4816 1905 4856 cno—

322 4883 438 4939 los:
483 4898 582 4939 nec
619 4881 768 4938 duxit
805 4881 1010 4938 initium
1047 4900 1110 4938 cx
1138 4884 1330 4952 Maria,
1375 4887 1481 4942 imo
1509 4899 1623 4943 erat
1652 4903 1777 4947 ante
1798 4892 1909 4948 Ma-

322 4976 474 5032 riam.
519 4976 811 5034 Considera
862 4987 1038 5033 autem
1090 4979 1361 5048 propheta:
1408 4982 1742 5052 sapientiam.
1791 4986 1904 5041 Non

321 5071 463 5127 enim
509 5086 630 5127 cum
671 5071 1009 5127 solummodo
1049 5070 1246 5126 inducit
1288 5074 1532 5151 opificem
1558 5115 1572 5139 ,
1616 5075 1708 5131 scd
1746 5079 1903 5134 etiam

324 5162 669 5218 fabricantem
700 5178 822 5219 cum
854 5178 1044 5234 magna
1064 5162 1336 5218 facilitate.
1366 5166 1430 5219 Et
1455 5165 1578 5221 ideo
1603 5166 1732 5222 dicit
1759 5184 1773 5221 :
1818 5168 1906 5223 Vi-

321 5253 444 5308 debo
483 5254 631 5309 caelos
668 5271 824 5325 opera
851 5255 1119 5326 digitorum
1150 5264 1349 5309 tuorum
1367 5298 1383 5323 ,
1413 5271 1518 5312 non
1547 5258 1686 5327 quod
1719 5258 1908 5315 habeat

323 5347 461 5402 Deus
482 5344 676 5417 digitos
699 5388 716 5413 ,
743 5347 837 5404 sed
864 5349 1099 5403 minima:
1121 5361 1243 5403 esse
1269 5349 1595 5418 operationis
1622 5352 1908 5409 ostendens

385 5476 462 5541 (a)
488 5475 670 5543 gaulus
689 5484 1026 5543 Samosateuus
1045 5478 1244 5543 dicebat
1270 5478 1526 5543 Christum,
1566 5481 1714 5531 etiam
1731 5487 1909 5543 quate-

319 5538 414 5590 nus
440 5538 596 5602 Filius
618 5547 726 5602 erat
741 5541 843 5597 Dei,
867 5547 984 5602 tunc
1006 5542 1253 5591 exsistere
1279 5542 1487 5602 omnisse
1518 5538 1644 5592 cum
1681 5538 1908 5594 ex'tlaria

320 5600 574 5667 processit,
601 5604 662 5667 et
677 5600 743 5651 ita
774 5600 1231 5662 consubstantialem,
1278 5600 1460 5667 graece,
1507 5615 1716 5665 emtam,
1758 5604 1910 5656 fuisse

319 5662 465 5723 itatrl,
489 5668 544 5712 ut
564 5662 693 5730 nulla
715 5670 850 5712 esset
872 5675 1184 5730 personarum
1207 5662 1481 5730 distinctio;
1505 5662 1603 5730 quo
1622 5662 1770 5718 sensu
1794 5681 1908 5729 vox,

320 5736 531 5787 ιμηοῦονιν,
554 5724 774 5775 damnata
801 5730 877 5773 est
893 5725 941 5773 tn
965 5725 1149 5788 synodo
1163 5724 1473 5777 Antiochena.

1099 281 1157 339 S.
1183 280 1462 340 JOANNIS
1489 279 1959 338 CllRYSOSTOMI
1998 280 2317 339 ARCIIIEP.
2346 282 2878 344 CONSTANTINOP.

3529 292 3631 350 {20

2048 408 2167 463 qua:
2192 396 2464 463 videntur,
2508 399 2855 456 familiaribus
2882 398 3036 456 nobis
3066 401 3367 457 nominibus
3393 403 3590 461 docens
3612 449 3627 472 ,

2043 498 2162 553 qua:
2173 495 2471 556 suntsupra
2497 504 2613 543 nos.
2632 489 2763 544 Nam
2781 491 2940 545 etiam
2966 491 3178 561 quando
3199 492 3329 547 dicit
3360 494 3497 561 τρυε
3527 514 3631 550 me-

2043 573 2166 628 titur
2206 577 2386 630 cretum
2421 579 2621 648 palmo,
2656 588 2707 633 et
2747 590 2933 635 terram
2958 582 3153 652 pugillo
3179 581 3331 654 (Isai.
3364 585 3455 639 40.
3487 586 3608 658 12);

2041 678 2146 718 non
2188 668 2439 737 pugillatur
2471 678 2525 723 ct
2554 670 2787 739 palmum
2817 672 3158 741 significans,
3190 674 3304 728 hmc
3332 674 3498 741 dicit,
3530 676 3623 735 sed

2039 754 2226 809 volens
2277 758 2373 812 Dei
2394 754 2677 813 inﬁnitam
2708 760 2995 816 ostendere
3019 764 3326 830 potentiam.
3348 766 3625 832 Quomodo

2039 858 2166 914 ergo
2214 845 2415 902 audent
2463 850 2702 905 nonnulli
2748 850 2939 906 Filium
2984 852 3166 908 dicere
3210 855 3626 916 administrant?

2037 933 2137 1002 Qui
2167 937 2309 991 enim
2339 954 2406 993 ne
2434 940 2735 996 universam
2762 943 2976 1013 quidem
2999 959 3147 999 suam
3171 950 3335 1002 movit
3353 951 3625 1019 operatio-

2038 1041 2159 1079 nem
2180 1065 2196 1090 ,
2237 1028 2449 1097 quando
2492 1032 2681 1086 cadum
2722 1031 2900 1089 facere
2926 1037 3160 1104 oportuit
3193 1054 3207 1091 :
3237 1039 3361 1109 quid
3390 1041 3511 1097 dico
3536 1052 3624 1098 to-

2036 1124 2142 1169 tam
2168 1117 2304 1174 ?sed
2325 1121 2415 1189 qui
2448 1137 2514 1176 ne
2537 1123 2811 1178 minimam
2834 1126 3046 1196 quidem
3074 1170 3090 1195 ,
3118 1129 3210 1183 sed
3237 1132 3376 1200 quod
3401 1144 3517 1188 erat
3533 1137 3623 1189 vel

2034 1210 2265 1264 maxime
2311 1211 2556 1281 pusillum
2594 1231 2609 1269 :
2648 1216 2915 1285 quomodo
2942 1217 3099 1273 fuerit
3117 1219 3464 1277 administer?
3487 1242 3627 1295 quo-

2032 1302 2192 1356 modo
2220 1303 2532 1361 administer
2550 1347 2564 1371 ,
2591 1307 2636 1361 si
2666 1307 2794 1373 Qute
2822 1311 2944 1380 facit
2974 1309 3161 1378 Pater,
3188 1329 3247 1366 ea
3275 1331 3471 1383 quoque
3492 1319 3622 1387 facit

2032 1393 2202 1450 Filius
2242 1397 2473 1451 similiter
2513 1399 2690 1470 (Joan.
2732 1401 2787 1456 5.
2816 1401 2947 1472 l9)?
2978 1401 3075 1457 Ubi
3107 1414 3188 1459 est
3211 1406 3509 1462 eninrillud
3532 1409 3625 1464 Si-

2031 1486 2243 1551 militer,
2290 1488 2334 1543 si
2379 1488 2466 1543 hic
2504 1489 2715 1559 quidem
2743 1500 2823 1545 est
2851 1491 3192 1559 administer,
3227 1496 3312 1551 ille
3341 1513 3469 1552 vero
3497 1501 3618 1569 opi-

2030 1577 2158 1631 fex?
2183 1578 2463 1643 Quomodo
2491 1590 2667 1635 autem
2699 1581 2828 1636 dicit
2854 1583 2970 1652 ejus
2989 1599 3108 1639 esse
3127 1601 3310 1654 Opera,
3332 1588 3618 1659 aliquando

2028 1668 2240 1738 quidem
2267 1669 2452 1726 dicens
2475 1712 2489 1735 ,
2522 1672 2769 1741 Domine,
2802 1684 2856 1729 tu
2885 1675 2947 1728 ab
2966 1676 3110 1730 initio
3137 1665 3322 1733 terram
3351 1683 3581 1751 fundasti
3598 1724 3614 1743 .

2027 1767 2074 1812 et
2109 1775 2264 1830 opera
2293 1777 2533 1815 manuum
2556 1772 2758 1818 tuarum
2782 1775 2902 1819 sunt
2927 1767 3037 1821 εωίὶ
3065 1783 3085 1821 :
3116 1768 3201 1823 hic
3229 1786 3354 1824 vero
3373 1813 3388 1835 ,
3426 1771 3615 1828 Videbo

2026 1854 2178 1903 caelos
2222 1867 2375 1920 opera
2416 1852 2690 1923 digitorum
2734 1864 2937 1909 tuorum
2970 1856 3141 1927 (Psal.
3187 1860 3305 1915 101.
3334 1860 3427 1934 '26)
3448 1863 3471 1918 ἶ)
3495 1864 3613 1920 Non

2026 1941 2170 1995 enim
2210 1940 2642 1998 administrorum
2664 1953 2790 2000 sunt
2811 1961 2970 2014 Opera
2992 1988 3007 2012 ,
3038 1949 3131 2003 sed
3157 1949 3403 2019 opificum
3438 1970 3452 2005 :
3482 1963 3538 2009 ct
3565 1956 3611 2010 si

2024 2034 2144 2104 quis
2186 2035 2253 2089 sit
2293 2034 2604 2091 administer
2623 2079 2638 2102 ,
2669 2054 2772 2092 non
2804 2039 2877 2094 illi
2906 2040 3214 2096 attribuitur
3237 2058 3372 2112 opus
3395 2086 3411 2111 ,
3438 2046 3529 2099 sed
3558 2048 3609 2101 ei

2023 2126 2115 2196 qui
2158 2125 2463 2182 fabricatur.
2491 2129 2630 2198 Ergo
2658 2144 2720 2184 ea
2751 2130 2912 2185 etiam
2943 2146 3060 2200 quae
3085 2139 3209 2185 ante
3237 2148 3266 2187 a
3297 2134 3441 2189 Mose
3467 2136 3609 2192 dicta

2023 2226 2148 2272 sunt
2178 2217 2245 2272 de
2282 2218 2451 2285 Filio,
2498 2234 2690 2289 nempe
2727 2219 2896 2275 illud:
2929 2219 2994 2275 In
3034 2223 3282 2293 principio
3328 2226 3444 2292 fecit
3469 2225 3609 2281 Deus

2021 2309 2202 2362 caelum
2236 2319 2282 2362 et
2326 2319 2539 2375 terram,
2570 2319 2624 2365 et
2651 2310 2780 2364 illud
2809 2330 2822 2364 :
2854 2310 3191 2375 Dominentur
3214 2314 3430 2383 piscibus
3453 2320 3610 2374 maris

2023 2396 2175 2469 (Gen.
2223 2398 2275 2453 1.
2321 2399 2370 2453 l.
2406 2408 2454 2452 et
2494 2398 2608 2469 26).
2653 2398 2703 2453 Is
2729 2399 2905 2466 enim,
2942 2402 3031 2471 qui
3063 2402 3279 2471 perfecit
3302 2405 3511 2464 laudem
3539 2427 3607 2465 cx

2018 2501 2114 2543 ore
2131 2487 2407 2542 infantium
2434 2497 2488 2543 et
2508 2489 2815 2544 iactentium
2832 2531 2847 2555 ,
2881 2490 2925 2545 is
2951 2492 3180 2547 visitavit
3208 2494 3495 2553 hominem.

2090 2579 2144 2634 9.
2172 2578 2420 2650 .Equales
2440 2590 2621 2633 natura
2647 2579 2798 2635 Pater
2819 2592 2864 2634 et
2878 2581 3069 2640 Filius;
3088 2582 3136 2640 Ρ
3138 2585 3254 2642 ilius
3275 2605 3306 2641 a
3328 2588 3481 2643 Patre
3495 2590 3603 2646 dis-

2018 2672 2262 2744 tinguitur
2287 2672 2770 2745 Itypostasia—Qua:
2790 2690 2916 2748 ergo
2931 2677 2998 2733 de
3025 2680 3181 2736 Patre
3195 2681 3522 2747 dicitMoses,
3539 2699 3605 2738 ea

2019 2765 2214 2820 Paulus
2237 2766 2307 2821 de
2335 2765 2472 2824 Filio
2500 2770 2726 2841 accipit,
2756 2774 3385 2842 magnam’mqualitatem
3416 2786 3605 2830 osten-

2016 2855 2170 2910 dens.
2216 2856 2353 2914 Cum
2381 2876 2509 2931 ergo
2534 2862 2691 2916 liceat
2728 2863 2924 2917 sanctis
2944 2904 2960 2929 ,
2990 2879 3109 2934 quae
3136 2864 3388 2924 de.Patre
3413 2866 3602 2922 dicun-

2015 2958 2133 3015 tur,
2158 2950 2616 3008 iudiscriminatim
2650 2954 2786 3009 Filio
2813 2956 3043 3017 tribuere
3066 2996 3081 3023 ,
3113 2966 3165 3011 et
3194 2973 3312 3027 quae
3339 2959 3407 3013 de
3433 2957 3598 3021 Filio,

2013 3034 2158 3098 Patri
2189 3043 2400 3114 (Omnia
2427 3046 2569 3099 enim
2597 3062 2686 3114 per
2709 3045 2875 3115 ipsum
2904 3050 3040 3116 facta
3066 3058 3180 3100 sunt
3211 3046 3390 3119 [10am
3425 3050 3476 3103 1.
3496 3049 3598 3121 5]),

2016 3136 2105 3189 ubi
2150 3135 2450 3189 administri
2495 3150 2690 3190 nomen
2734 3137 2952 3190 omnino
2981 3137 3139 3191 situm
3178 3139 3302 3192 est?
3333 3139 3445 3194 Hoc
3470 3158 3602 3194 nus-

2014 3242 2172 3297 quam
2198 3227 2391 3282 viderit
2413 3227 2695 3298 quispiam.
2731 3227 2874 3294 luto,
2898 3228 3096 3298 inquit,
3127 3229 3322 3284 dictum
3352 3241 3462 3299 est,
3496 3231 3605 3286 Per

2011 3318 2194 3388 ipsum.
2226 3318 2362 3386 Quid
2384 3360 2400 3384 ,
2430 3318 2572 3389 quod
2598 3318 2700 3373 hoc
2726 3319 2897 3389 ipsum
2923 3320 3084 3373 etiam
3113 3320 3180 3375 de
3206 3320 3363 3376 Patre
3390 3323 3594 3377 dictum

2011 3410 2139 3463 est?
2176 3408 2312 3464 Audi
2354 3418 2533 3463 autem
2568 3408 2857 3477 quomodo.
2902 3408 3097 3464 Fidei-3
3133 3410 3268 3466 Deus
3301 3428 3319 3465 :
3344 3430 3433 3481 per
3455 3431 3603 3484 quem

2011 3502 2174 3556 vocati
2188 3501 2307 3556 estis
2321 3503 2374 3555 in
2394 3502 2675 3556 societatem
2692 3500 2817 3555 Filii
2830 3503 2909 3556 sui
2924 3503 3000 3569 (1.
3014 3502 3164 3557 Cor.l
3177 3544 3190 3558 .
3210 3503 3285 3573 9).
3302 3504 3369 3558 Et
3386 3520 3567 3560 rursus
3582 3528 3599 3562 ς

2012 3592 2211 3648 Paulus
2237 3594 2497 3663 apostolus
2530 3591 2656 3648 Iesu
2697 3592 2883 3648 Christi
2922 3611 3013 3664 per
3050 3595 3356 3651 uoluntatem
3386 3598 3479 3652 Dei
3505 3599 3596 3670 (2.

2014 3685 2146 3741 Tim.
2175 3688 2227 3742 l.
2258 3685 2332 3758 l).
2365 3686 2433 3741 Et
2456 3700 2679 3742 rursus:
2707 3687 2960 3754 Quoniam
2994 3705 3083 3758 per
3100 3690 3352 3759 ipsum,et
3379 3693 3589 3763 exipso,

2011 3789 2057 3833 et
2099 3781 2152 3833 in
2190 3780 2301 3850 ipso
2337 3780 2507 3834 omnia
2550 3779 2736 3851 (Rom.
2773 3781 2861 3836 11.
2893 3780 3019 3851 56).
3088 3782 3326 3851 Quanam
3362 3799 3490 3855 ergo
3528 3786 3598 3841 de

2010 3885 2169 3924 causa
2197 3885 2319 3925 eum
2358 3870 2534 3924 dicitis
2559 3870 2974 3925 administrum'l
3012 3870 3081 3926 Ut
3126 3873 3336 3928 Patrem
3370 3875 3604 3930 honore-‘

2011 3977 2163 4027 mus,
2202 3962 2468 4032 inquiunt.
2499 3963 2654 4032 Atqui
2677 3962 2804 4017 dicit
2826 3962 2994 4018 Filius
3025 3981 3037 4016 :
3070 3962 3138 4019 Ut
3163 3981 3333 4019 omnes
3354 3967 3597 4022 honorent

2013 4054 2225 4121 Filium,
2248 4055 2376 4108 sicut
2403 4058 2654 4109 honorant
2681 4053 2887 4109 Patrem
2916 4054 3092 4128 (Joan.
3119 4057 3173 4112 5.
3216 4057 3335 4130 ‘23).
3367 4060 3465 4128 Qui
3494 4074 3595 4113 au-

2013 4158 2116 4203 tem
2145 4162 2251 4200 non
2274 4146 2504 4200 honorat
2527 4144 2955 4212 Filium,clarum
2973 4156 3054 4201 est
3071 4148 3211 4218 quod
3245 4165 3341 4205 nec
3360 4150 3593 4204 Patrem.

2010 4239 2146 4306 Quid
2187 4254 2348 4308 ergo,
2407 4238 2608 4308 inquit,
2652 4237 2865 4293 Patrem
2912 4238 3087 4294 dicam
3130 4239 3596 4312 FiliumiNequa-

2010 4347 2189 4402 quam.
2232 4330 2345 4385 Non
2385 4330 2526 4384 enim
2568 4327 2740 4384 dicit:
2774 4329 2844 4386 Ut
2886 4346 2971 4384 me
2995 4328 3183 4385 dicatis
3214 4331 3421 4387 Patrem
3459 4332 3595 4387 :sed

2009 4422 2176 4494 quid?
2200 4421 2267 4477 Ut
2288 4420 2478 4475 Filium
2502 4432 2803 4475 manentem
2828 4420 3100 4475 honoretis
3117 4430 3177 4475 ut
3194 4422 3423 4476 Patrem.
3442 4422 3595 4489 Quod

2011 4514 2055 4569 si
2078 4514 2290 4569 Patrem
2319 4512 2524 4567 dixeris
2548 4511 2764 4574 Filium,
2793 4512 2970 4565 omnia
2994 4509 3323 4567 eonfudcris.
3348 4513 3597 4570 Manente

2009 4623 2137 4678 ergo
2166 4607 2265 4660 hac
2291 4606 2616 4674 proprietate
2634 4646 2649 4670 ,
2669 4612 2752 4658 est
2774 4604 2947 4659 honor
2970 4606 3286 4660 communis.
3310 4606 3597 4675 Propterea

2009 4702 2149 4756 enim
2180 4698 2311 4753 dixit
2337 4696 2527 4750 Filium
2551 4704 2605 4750 et
2633 4695 2844 4750 Patrem
2870 4734 2885 4759 ,
2916 4710 2985 4749 ne
3008 4694 3402 4775 confunderetis
3425 4697 3597 4769 hypo-

2009 4803 2199 4847 stases.
2252 4788 2306 4844 Si
2352 4796 2530 4842 autem
2575 4801 2679 4840 non
2723 4792 2867 4840 esset
2900 4784 3083 4840 eadem
3111 4785 3434 4852 substantia,
3466 4803 3601 4857 quo-

2010 4882 2171 4938 modo
2200 4883 2458 4950 aequalem
2487 4879 2742 4932 honorem
2770 4876 3078 4947 exegisset?
3107 4876 3346 4944 Quanam
3376 4893 3505 4947 ergo
3531 4879 3601 4934 de

2011 4988 2171 5031 causa
2221 4972 2347 5026 dicit
2392 4970 2637 5025 Christus
2679 4967 2843 5022 multa
2891 4966 3099 5035 abiecta
3129 4977 3182 5021 et
3209 4968 3601 5024 humiliaiNos

2012 5067 2214 5121 docens
2245 5062 2598 5117 humilitatem
2623 5100 2639 5124 ,
2666 5067 2721 5113 et
2750 5067 2968 5128 propter
2993 5058 3361 5113 indumentum
3382 5062 3558 5115 carnis
3579 5102 3597 5128 ,

2011 5174 2075 5213 ac
2125 5168 2340 5226 pr0pter
2382 5163 2652 5223 stuporem
2700 5150 3045 5216 Iudaeorum,
3077 5161 3130 5205 et
3172 5152 3315 5221 quod
3355 5163 3596 5224 oporteat

2012 5262 2179 5319 genus
2219 5245 2494 5300 hominum
2532 5243 2796 5299 deducere
2827 5240 3075 5310 paulatim
3111 5241 3179 5295 ad
3206 5244 3599 5312 cognitionem,

2014 5353 2066 5399 et
2104 5340 2244 5412 quod
2274 5347 2459 5395 essent
2495 5333 2789 5405 imperfecti
2818 5333 3089 5389 auditores
3108 5373 3125 5401 ,
3156 5343 3210 5388 et
3233 5334 3430 5402 alioqui
3457 5351 3605 5407 saepe

2014 5435 2246 5506 loquitur
2286 5432 2353 5486 ad
2396 5429 2696 5486 auditorum
2737 5426 3066 5497 opinionem.
3113 5425 3432 5484 Sublimiora
3458 5434 3604 5487 enim

2016 5535 2140 5584 sunt
2167 5540 2231 5581 ea
2271 5538 2392 5595 qua:
2436 5529 2560 5578 sunt
2584 5521 2750 5575 solius
2776 5519 3084 5590 dignitatis;
3116 5518 3201 5573 vel
3233 5520 3408 5590 potius
3434 5523 3605 5592 quod.

2016 5634 2246 5691 cumque
2262 5616 2331 5674 de
2357 5616 2466 5672 Deo
2484 5614 2683 5670 dixeris
2702 5654 2718 5680 ,
2740 5620 2823 5668 est
2849 5612 3004 5682 longe
3028 5610 3113 5666 illa
3140 5612 3435 5668 substantia
3466 5615 3604 5671 infe-

2018 5717 2130 5774 rius
2153 5755 2168 5783 ,
2198 5720 2253 5766 et
2282 5708 2349 5765 ad
2375 5707 2674 5765 auditorum
2703 5713 2916 5775 captum
2943 5702 3157 5759 dicitur.
3189 5702 3326 5772 Quid
3353 5705 3433 5761 vis
3456 5721 3602 5764 cnun
