4084 6278
358 415 458 473 H9

354 529 485 582 ὅπου
513 545 576 598 γε
598 530 690 583 καὶ
710 527 986 599 ὀφθαλμὸς
1009 530 1038 581 6
1060 527 1321 598 ἡμέτερος
1344 526 1547 597 θηρίων
1574 528 1753 597 χεῖρον
1777 541 1925 596 περι·

355 619 512 673 έ6αλε
547 620 796 684 πάθεσιν,
827 620 906 682 είς
935 618 1113 689 ἔρωτα
1153 618 1348 687 πικρὸν
1381 616 1744 688 περιπείρας;
1787 615 1925 667 Ἀλλ’

356 715 414 766 οὑ
437 713 526 765 διὰ
551 712 709 765 τοῦτο
729 710 981 780 ἐροῦμεν·
1016 708 1115 762 Διὰ
1141 708 1193 761 τί
1237 706 1408 760 ταῦτα
1457 709 1718 775 γέγονενς
1765 707 1928 760 Ἀλλά

356 805 445 855 καὶ
469 801 628 872 χάριν
650 799 909 871 εἰσόμεθα
931 798 1145 853 πάντων
1163 799 1346 851 ἐνεκεν
1371 796 1447 868 τῷ
1470 797 1732 868 Δεσπότῃ.
1753 798 1929 868 Ὅπερ

356 895 463 964 γάρ
498 896 645 946 ἐστιν
689 891 816 962 ἱμὰς
854 890 932 961 τῷ
965 890 1147 954 παιδὶ,
1178 888 1334 942 τοῦτο
1377 888 1562 960 θηρίον
1599 888 1927 960 ἀνθρώποις.

360 986 419 1039 Εἰ
459 985 568 1056 γάρ
599 984 875 1047 τοσούτοις
908 983 1253 1052 συνεχόμενοι
1306 983 1496 1046 δεινοῖς
1540 984 1620 1045 εἰς
1664 980 1931 1052 τοσαύτην

357 1080 615 1132 ἀπόνοιαν
641 1078 692 1130 οἱ
715 1075 933 1138 πλείους
960 1074 1224 1143 αἴρονται,
1249 1072 1313 1126 ἂν
1341 1073 1436 1125 καὶ
1460 1072 1648 1125 τοῦτον
1676 1070 1932 1142 περιέλῃς

357 1174 447 1224 τὸν
471 1168 706 1239 χαλινὸν,
728 1166 979 1236 ἐννόησον
1000 1165 1105 1217 ποῦ
1133 1162 1203 1217 τὰ
1224 1164 1323 1234 τῆς
1350 1163 1549 1226 κακίας
1574 1162 1929 1234 προϐήσεται.

358 1262 459 1315 Διά
496 1261 653 1316 τοῦτο
696 1259 883 1313 καὶτὸ
926 1258 1085 1328 σῶμα
1128 1260 1257 1328 ἡμῖν
1294 1255 1436 1309 οὑτω
1478 1254 1929 1317 κατεσκεύασται,

359 1355 625 1414 ἑπίνοσον,
662 1352 919 1422 παθητὸν,
959 1350 1063 1403 ὑπὸ
1095 1350 1302 1421 μυρίων
1339 1346 1791 1418 πολιορκούμενον
1833 1361 1933 1397 κα-

361 1446 504 1499 κῶν·
538 1445 632 1498 καὶ
662 1447 696 1515 ἡ
732 1445 803 1513 γῆ
840 1443 978 1514 μετὰ
1015 1443 1191 1496 πόνων
1232 1440 1300 1493 τὰ
1346 1440 1515 1509 αὐτῆς
1546 1438 1759 1492 δίδωσι’
1783 1436 1877 1489 καὶ
1904 1437 1933 1488 6

363 1539 474 1608 βίος
517 1538 662 1600 ἄπας
721 1534 960 1607 ἱδρώτων
997 1535 1179 1605 γέμει.
1221 1531 1438 1603 Ἐπειδὴ
1485 1528 1864 1598 παιδευτήριον
1904 1528 1933 1580 ὁ

360 1628 549 1699 παρὼν
580 1628 693 1697 βίος
723 1627 860 1690 ἐστὶ,
883 1625 979 1679 καὶ
1003 1625 1185 1687 ἄνεσις
1213 1625 1306 1677 καὶ
1334 1623 1497 1693 σχολὴ
1520 1623 1646 1685 τοὺς
1682 1620 1932 1682 πλείονας

356 1721 467 1773 τῶν
488 1720 788 1789 ἀνθρώπων
817 1717 1100 1781 ἀπόλλυσι,
1127 1716 1215 1769 διὰ
1240 1714 1397 1768 τοῦτο
1425 1713 1518 1768 καὶ
1557 1712 1810 1782 ἀσχολίαν
1839 1710 1934 1764 καὶ

360 1812 521 1864 πόνον
555 1812 687 1880 ἡμῖν
726 1809 997 1876 ἀνέμιξεν,
1029 1808 1115 1861 ἵνα
1140 1806 1327 1876 ῶσπερ
1356 1806 1460 1858 ὑπό
1497 1822 1659 1858 τινων
1701 1801 1932 1875 χαλινῶν

357 1905 417 1957 τὸ
448 1902 816 1974 ἐγηγερμένον
844 1903 941 1971 τῆς
965 1899 1202 1963 διανοίας
1222 1899 1535 1969 κολάζηται.
1563 1898 1635 1951 Σὺ
1659 1896 1717 1951 δέ
1741 1896 1932 1950 σκόπει

359 1992 544 2045 καὶτὰ
574 1992 849 2062 νηχόμενα
880 1989 967 2043 διὰ
998 1987 1094 2043 106
1131 1988 1327 2060 βάθους
1346 1986 1453 2041 τῶν
1478 1987 1708 2053 ὑδάτων,
1737 1986 1831 2040 καλ⁴
1863 1984 1934 2040 τὰ

358 2083 437 2146 εἰς
460 2082 593 2152 ὕψος
628 2082 891 2154 αἰρόμενα
921 2078 1156 2145 ὑπέταξέ
1179 2096 1263 2133 σοι
1304 2077 1394 2132 διὰ
1429 2079 1528 2150 τῆς
1553 2077 1750 2149 τέχνης
1779 2079 1807 2130 6
1833 2078 1931 2130 Δε-

358 2174 583 2244 σπότης.
614 2173 726 2227 Kal
753 2171 805 2224 τί
835 2172 1034 2243 δήποτε
1059 2171 1119 2223 οὑ
1144 2171 1320 2223 πάντα
1343 2168 1543 2239 ἐπῆλθε
1566 2169 1634 2222 τὰ
1655 2169 1929 2239 δρώμενα,

357 2264 453 2317 καὶ
478 2262 622 2331 φυτὰ
652 2262 748 2315 καὶ
776 2262 1067 2333 σπέρματα
1094 2261 1187 2315 καὶ
1211 2260 1402 2331 δένδρα
1425 2276 1439 2325 ;
1479 2259 1609 2313 Ἀπὸ
1645 2259 1841 2330 μέρους
1872 2260 1933 2314 τὸ

359 2357 469 2408 πᾶν
512 2354 753 2426 ᾐνίξατο,
789 2354 883 2408 καὶ
919 2355 1032 2418 τοῖς
1066 2351 1386 2422 φιλομαθέσι
1423 2351 1514 2405 τὸν
1555 2352 1683 2423 περὶ
1728 2350 1931 2406 τούτων

357 2446 541 2516 ἀφῆκε
569 2447 746 2515 λόγον.
786 2446 896 2500 Kal
923 2445 1083 2500 πάλιν
1114 2446 1192 2509 εἰς
1219 2445 1281 2499 τὸ
1308 2445 1440 2499 αὑτὸ
1471 2444 1729 2499 καταλύει
1758 2446 1928 2511 τέλος,

355 2539 482 2593 ὅθεν
523 2540 620 2592 καὶ
649 2536 884 2609 ἡρξατο·
941 2538 1118 2605 Κύριε
1146 2542 1178 2592 ό
1210 2539 1427 2607 Κύριος
1466 2537 1666 2608 ἡμῶνο
1700 2539 1794 2592 καὶ
1825 2538 1932 2610 πρὸ

357 2632 458 2699 τῆς
507 2628 862 2696 ἀποδείξεως,
907 2629 1002 2682 καὶ
1042 2628 1181 2700 μετὰ
1224 2630 1321 2700 τὴν
1368 2629 1639 2695 ἀπόδειξιν
1690 2628 1760 2683 τά
1793 2630 1933 2683 αὐτὰ

357 2721 529 2783 τιθεὶς
568 2722 806 2791 ῥήματα.
838 2720 1107 2790 Μένωμεν
1144 2720 1321 2773 τοίνυν
1356 2720 1616 2791 διηνεκῶς
1644 2720 1739 2774 καὶ
1771 2722 1930 2792 ἡμεῖς

356 2811 427 2865 τὰ
469 2811 611 2865 αὐτὰ
657 2809 926 2879 λέγοντες,
966 2808 1335 2880 θαυμάζοντες
1375 2808 1540 2863 αὑτοῦ
1571 2811 1670 2882 τὴν
1701 2810 1932 2881 κηδεμο-

356 2905 499 2971 νίαν,
527 2903 952 2974 ἐκπληττόμενοι
988 2901 1085 2973 τὴν
1121 2903 1334 2971 σοφίαν,
1361 2902 1459 2973 τὴν
1496 2902 1928 2974 φιλανθρωπίαν,

354 2996 455 3067 τὴν
487 2996 628 3063 ὑπὲρ
674 2995 830 3066 ἡμῶν
877 2993 1149 3065 πρόνοιαν.
1190 2994 1300 3047 Kal
1336 2993 1507 3047 1a61a
1532 2993 1633 3065 μὲν
1676 2995 1810 3065 ἡμῖν
1850 2995 1930 3058 είς

356 3086 657 3157 ἑρμηνείαν
687 3086 920 3156 εἴρηται.
947 3085 1011 3140 EI
1036 3083 1094 3138 δὲ
1126 3082 1401 3154 βούλεσθε,
1438 3085 1534 3138 καὶ
1561 3084 1957 3154 άγωνιστικώ-.

354 3194 515 3249 τερον
543 3177 636 3229 τὸν
663 3175 821 3243 λόγον
853 3173 1342 3246 μεταχειρίσωμεν,
1382 3175 1477 3228 καὶ
1514 3174 1767 3246 ἐρώμεθα
1803 3176 1931 3229 ‘Iou-

351 3271 560 3335 δαίους,
600 3267 699 3321 ποῦ
742 3266 930 3321 παιδία
974 3267 1156 3338 φωνὴν
1188 3263 1288 3342 ᾖσε
1310 3278 1336 3307 ι
1362 3284 1377 3329 ;
1405 3268 1507 3322 πού
1545 3269 1603 3322 δὲ
1637 3270 1929 3324 κατέλυσεν

351 3359 551 3431 ἐχθρὸν
580 3360 613 3430 ἡ
644 3355 863 3427 τοιαύτη
895 3356 1042 3424 φωνή
1067 3373 1081 3419 ;
1107 3355 1237 3409 πότε
1276 3356 1332 3410 δέ
1366 3356 1676 3428 θαυμαστὸν
1709 3359 1930 3427 γέγονεν

351 3449 523 3505 αὑτοῦ
547 3450 611 3502 τὸ
644 3448 849 3518 δνομα;
907 3445 1049 3498 Ἀλλ’
1072 3446 1172 3499 οὑκ
1198 3446 1264 3500 ἂν
1297 3445 1467 3516 ἔχοιεν
1513 3446 1696 3518 ἕτερον
1738 3447 1929 3519 καιρὸν

351 3543 554 3602 εἰπεῖν,
597 3540 630 3609 ἢ
677 3538 886 3602 τοῦτον,
916 3536 976 3601 δς
1017 3537 1166 3608 ἡλίου
1211 3537 1504 3609 φανότερον
1555 3538 1791 3592 δείκνυσι
1831 3540 1931 3610 τῆς

349 3633 614 3704 ἀληθείας
642 3631 745 3703 τὴν
785 3629 1031 3702 δύναμιν.
1089 3629 1186 3683 Διὰ
1226 3629 1382 3684 10616
1432 3648 1630 3702 φησιν·
1667 3634 1929 3700 ’ϐψομαι

349 3728 500 3794 τοὺς
520 3726 817 3794 οὐρανοὺς
847 3724 992 3794 ἔργα
1010 3722 1128 3777 τῶν
1148 3723 1458 3778 δακτύλων
1480 3738 1597 3779 σου
1615 3741 1629 3755 ·
1664 3725 1836 3779 καίτοι
1864 3742 1927 3794 γε

350 3817 605 3887 Μωῦσῆς
639 3816 740 3888 ἤδη
769 3812 941 3880 εἶπεν,
972 3816 1054 3869 ὅτι
1096 3816 1190 3868 Ἐν
1215 3813 1372 3884 ἀρχῇ
1409 3815 1697 3886 ἐποίησεν
1726 3820 1758 3871 ό
1784 3816 1928 3884 Θεὸς

350 3910 462 3965 τὸν
492 3910 753 3976 οὐρανὸν
772 3908 870 3963 καί
892 3908 1007 3974 τὴν
1038 3904 1171 3977 γῆν.

422 4064 543 4139 [91]
563 4064 723 4119 Ἀλλά
747 4062 881 4136 πρὸς
902 4063 1001 4135 μὲν
1015 4064 1302 4128 Ἰουδαίους
1321 4065 1483 4135 ἀρκεῖ
1508 4062 1815 4129 καὶταῦτα,
1833 4066 1927 4120 καὶ

344 4159 416 4212 τὰ
440 4156 755 4229 ἔμπροσθεν
788 4156 1076 4227 εἰρημέναο
1113 4154 1298 4228 ἐπειδὴ
1335 4156 1471 4210 δὲοὶ
1515 4158 1680 4228 χωρὶς
1714 4174 1928 4229 περιτοι-

347 4251 461 4321 μῆς
481 4247 557 4302 τά
580 4248 805 4301 ἐκείνων
836 4247 1163 4318 μιμούμενοι
1186 4248 1281 4300 καὶ
1303 4247 1614 4318 ζηλοῦντες,
1637 4250 1687 4302 οἱ
1714 4248 1926 4302 Παύλου

341 4341 441 4394 τοῦ
482 4330 865 4411 Σαμοσάτέως.
900 4339 966 4391 ἐκ
994 4338 1117 4391 τότε
1168 4338 1330 4406 φασὶν
1371 4334 1510 4393 εἶναι
1545 4341 1637 4395 τὸν
1668 4341 1924 4410 Χριστὸν,

340 4433 403 4500 ἐξ
446 4427 515 4489 οὗ
562 4432 674 4485 ἀπὸ
722 4429 940 4502 Μαρίας
985 4431 1284 4502 προῆλθεν,
1318 4430 1571 4502 ἐρώμεθα
1603 4432 1923 4497 κάκείνους,

343 4525 491 4590 πῶς,
522 4527 574 4577 εί
607 4526 673 4577 ὲκ
714 4523 835 4576 τότε
866 4518 935 4594 ἦν
973 4525 1002 4577 6
1044 4523 1295 4594 Χριστὸς,
1337 4525 1461 4587 τοὺς
1502 4524 1763 4596 οὐρανοὺς
1806 4524 1927 4594 ἐδη-

344 4617 691 4689 μιούργησε;
715 4615 823 4668 Τὸν
836 4614 945 4687 γὰρ
986 4615 1146 4668 αὑτόν
1178 4632 1340 4686 φησιν
1374 4611 1511 4669 εἶναι
1538 4615 1788 4679 ἐνταῦθα,
1834 4616 1925 4669 τὸν

339 4711 409 4763 ἐκ
439 4708 713 4780 στόματος
749 4707 958 4777 νηπίων
999 4708 1092 4760 καὶ
1138 4705 1474 4776 θηλαζόντων
1525 4709 1927 4780 καταρτίσαντα

339 4799 519 4865 αἶνον,
568 4799 665 4853 καὶ
703 4798 794 4852 τὸν
836 4798 1209 4870 ἐργασάμενον
1252 4800 1377 4864 τοὺς
1428 4800 1705 4870 οὐρανούς.
1750 4802 1813 4856 El
1869 4801 1927 4855 δὲ

338 4890 683 4964 δημιουργὸς
725 4890 833 4944 τῶν
875 4889 1151 4960 οὐρανῶν,
1186 4890 1449 4963 πρότερος
1484 4891 1549 4945 ἂν
1580 4893 1664 4964 ab)
1695 4891 1803 4946 τῶν
1832 4893 1922 4946 06-

342 4981 531 5051 ρανῶν
590 4980 812 5033 λοιπόν·
890 4982 984 5033 καὶ
1035 4980 1136 5034 οὑκ
1195 4980 1305 5035 ἀπὸ
1360 4980 1578 5052 Μαρίας
1652 4982 1775 5053 ἐσχε
1824 4985 1924 5055 τὴν

338 5073 525 5146 ἀρχὴν
555 5075 609 5139 δ,
645 5071 781 5126 ἀλλὰ
806 5072 903 5125 καὶ
945 5071 1051 5142 πρὸ
1089 5072 1188 5142 τῆς
1217 5071 1432 5143 Μαρίας
1470 5068 1559 5145 ἦν.
1592 5075 1701 5127 Kal
1735 5075 1926 5130 σκόπει

337 5162 437 5216 τοῦ
466 5161 757 5232 Προφήτω
780 5161 879 5232 τὴν
912 5162 1123 5231 σοφίαν.
1151 5163 1227 5215 Οὑ
1251 5162 1358 5234 γὰρ
1385 5162 1570 5227 ἁπλῶς
1596 5164 1923 5236 δημιουργὸν

335 5255 513 5308 αὑτὸν
558 5254 790 5322 εἰσάγει,
833 5253 970 5308 ἀλλά
999 5254 1094 5308 καὶ
1134 5255 1274 5325 μετὰ
1310 5255 1510 5327 πολλῆς
1539 5260 1637 5328 τῆς
1677 5259 1923 5323 εὐκολίας

332 5346 801 5418 δημιουργοῦντα.
833 5346 923 5399 Διό
959 5364 1123 5417 φησιν
1142 5364 1155 5377 ·
1192 5349 1439 5416 Ὄψομαι
1464 5350 1605 5417 τοὺς
1625 5353 1923 5419 οὐρανοὺς

332 5438 492 5508 ἔργα
535 5437 654 5492 τῶν
696 5438 1012 5493 δακτύλων
1042 5451 1186 5492 σου·
1234 5441 1333 5511 οὑχ
1362 5440 1444 5495 ὅτι
1478 5442 1773 5508 δακτύλους
1808 5444 1921 5516 ἔχει

332 5529 365 5582 ὁ
411 5527 579 5591 Θεὸς,
613 5526 750 5581 ἀλλὰ
779 5526 880 5597 τῆς
922 5527 1208 5600 ἐλαχίστης
1251 5529 1531 5601 ἐνεργείας
1544 5536 1614 5592 τὰ
1628 5535 1918 5609 ὁρώμεναα

396 5701 427 5730 ³
458 5698 603 5747 Unus
622 5697 780 5760 φωνὴν
797 5697 964 5760 ἀφίησι
979 5711 992 5757 ;
1010 5697 1117 5747 Non
1140 5698 1285 5749 male.

394 5760 426 5798 3‘
458 5761 589 5821 Reg.
613 5759 728 5822 ισχε
749 5759 1063 5822 τήνῦπαρξιν.

396 5825 421 5855 ε
452 5823 586 5884 Reg.
611 5821 842 5885 ἐνεργείας
859 5821 914 5870 τὸ
933 5821 1210 5885 μικρότατον
1233 5821 1427 5880 δεικνύς.

1522 411 1889 470 EXPOSITIO
1928 411 1994 467 IN
2035 409 2369 468 PSALMUM
2402 409 2536 467 VIII.

3492 411 3593 467 I20

2024 522 2267 588 δεικνὺς,
2374 525 2484 588 τοῖς
2523 523 2837 594 συντρόφοις
2889 526 3020 595 ἡμῖν
3071 523 3296 594 ὀνόμασι
3344 523 3409 577 τά
3451 522 3595 597 ὑπὲρ

2026 614 2173 684 ἡμᾶς
2215 614 2498 669 διδάσκων.
2534 615 2687 668 Ἐπεὶ
2747 615 2842 669 καὶ
2885 616 3012 669 ὅταν
3062 615 3218 689 λέγῃ,
3273 614 3328 667 Ὀ
3362 615 3594 685 μετρῶν

2025 706 2133 760 τόν
2171 707 2430 776 οὐρανὸν
2460 707 2760 777 σπιθαμῇ,
2809 707 2906 762 καί
2951 707 3065 775 τὴν
3110 706 3227 777 γῆν
3275 707 3481 775 δρακί·
3532 708 3592 762 οὑ

2025 799 2201 871 δράκα
2246 799 2341 853 καὶ
2390 798 2666 870 σπιθαμὴν
2718 799 2893 868 δηλῶν
2935 801 3108 855 ταῦτα
3155 800 3322 870 λέγει,
3350 799 3486 854 ἀλλά
3534 799 3595 854 τὸ

2028 891 2329 963 ἀπέραντον
2364 891 2464 961 τῆς
2494 890 2594 944 106'
2612 892 2745 945 Θεοῦ
2783 892 3064 963 δυνάμεως
3093 888 3437 965 παραστῆσαι
3469 890 3592 963 βου-

2027 982 2271 1055 λόμενος.
2303 983 2428 1046 Πῶς
2475 978 2567 1037 οὖν
2617 983 2855 1055 τολμῶσί
2905 1003 3047 1049 τινες
3099 986 3370 1057 ὑπουργὸν
3414 985 3594 1054 λέγειν

2026 1078 2120 1130 τὸν
2165 1076 2331 1141 Υἱόν;
2369 1076 2427 1128 Ὁ
2467 1075 2576 1146 γάρ
2624 1076 2757 1146 μηδέ
2802 1077 2930 1147 ὅλην
2962 1067 3133 1130 αὑτοῦ
3174 1076 3271 1146 τὴν
3314 1078 3595 1148 ἐνέργειαν

2029 1165 2275 1235 κινήσας,
2301 1165 2389 1218 ὅτε
2416 1163 2508 1216 τὸν
2535 1164 2761 1236 οὐρανὸν
2786 1164 2888 1217 ἔδει
2916 1166 3131 1235 ποιῆσαι
3148 1182 3162 1196 ο
3190 1165 3242 1217 τί
3269 1165 3412 1233 λέγω
3440 1166 3594 1235 ὃλην,

2029 1254 2144 1311 ἀλλ’
2186 1254 2307 1309 οὑδέ
2332 1253 2428 1326 τὴν
2470 1254 2777 1327 ἐλαχίστην,
2811 1254 2944 1308 ἀλλά
2970 1255 3032 1308 τὸ
3081 1255 3438 1326 μικρότατον·
3479 1253 3596 1318 πῶς

2029 1347 2095 1402 ἂν
2128 1348 2211 1419 εἴη
2243 1346 2515 1417 ὑπουργὸς
2560 1339 2747 1415 0610;;
2794 1346 2911 1410 πῶς
2960 1346 3247 1417 ὑπουργὸς,
3284 1348 3332 1399 εί
3361 1346 3536 1413 Ἀπερ
3566 1348 3597 1396 ό

2030 1439 2231 1507 Πατὴρ
2262 1437 2435 1503 ποιεῖ,
2469 1437 2657 1492 ταῦτα
2687 1438 2784 1491 καὶ
2809 1440 2841 1491 ό
2877 1438 3007 1504 Υἱὸς
3035 1439 3249 1508 ὁμοίως
3275 1440 3460 1501 water“;
3484 1436 3595 1491 Ποῦ

2020 1528 2138 1602 »γὰρ
2161 1529 2242 1593 τὸ,
2259 1528 2587 1598 ’ομοίως,εί
2610 1528 2639 1581 ὁ
2671 1527 2769 1598 μὲν
2799 1528 3093 1600 ὑπουργὸς.
3109 1529 3139 1581 ὁ
3156 1529 3212 1581 δὲ
3235 1527 3593 1600 δημιουργόςς

2031 1622 2149 1686 πῶς
2179 1622 2235 1675 δὲ
2263 1619 2428 1674 αὑτοῦ
2471 1620 2540 1675 τὰ
2566 1620 2704 1690 ἔργα
2736 1616 2877 1674 εἷναί
2913 1638 3066 1690 φησι,
3097 1621 3226 1674 ποτὲ
3269 1620 3368 1690 μὲν
3402 1619 3596 1687 λέγων,

2030 1716 2168 1769 Κατ’
2191 1714 2380 1784 ἀρχὰς
2399 1713 2503 1777 σὺ,
2531 1715 2723 1783 Κύριε,
2758 1712 2874 1781 τὴν
2898 1711 3017 1782 γῆν
3039 1712 3459 1782 ἐθεμελίωσας,
3499 1712 3598 1765 καὶ

2029 1806 2172 1875 ἔργα
2190 1801 2311 1858 τῶν
2338 1803 2550 1874 χειρῶν
2565 1819 2681 1859 σου
2704 1802 2863 1857 εἰσιν
2883 1804 2938 1856 οἱ
2964 1802 3209 1872 οὐρανοί
3224 1818 3238 1834 ο
3263 1801 3493 1855 ἐνταῦθα
3520 1801 3597 1863 δὲ,

2028 1898 2110 1951 ὃτι
2145 1898 2396 1967 Ὄψομαι
2431 1895 2573 1961 τοὺς
2617 1892 2912 1963 οὐρανοὺς
2961 1892 3105 1962 ἔργα
3141 1888 3260 1945 τῶν
3284 1890 3599 1945 δακτύλων

2029 2002 2182 2051 σου;
2216 1987 2292 2040 Οὑ
2323 1985 2432 2060 γὰρ
2462 1987 2572 2041 τῶν
2604 1985 2912 2058 ὑπουργῶν,
2951 1984 3087 2038 ἀλλὰ
3118 1985 3227 2037 τῶν
3254 1982 3598 2054 δημιουργῶν

2028 2080 2097 2134 τὰ
2131 2080 2267 2151 ἔργα
2286 2094 2299 2107 °
2357 2078 2461 2133 κᾶν
2490 2077 2760 2149 ὑπουργὸς
2854 2095 2956 2140 τις,
2980 2077 3079 2130 οὑκ
3105 2077 3297 2147 ἐκείνῳ
3327 2075 3599 2143 λογίζεται

2028 2170 2090 2225 τὸ
2119 2170 2298 2242 ἔργον,
2333 2169 2470 2224 ἀλλά
2507 2168 2586 2239 τῷ
2625 2166 3065 2240 δημιουργοῦντι.
3088 2167 3231 2237 Ἀρα
3273 2165 3367 2220 καὶ
3397 2164 3466 2218 τὰ
3497 2165 3597 2234 εμ-

2017 2263 2265 2334 -προσθεν
2310 2261 2575 2333 εἰρημένα
2606 2259 2684 2331 τῷ
2723 2262 2967 2323 Μωῦσεί,
3001 2257 3249 2331 περὶτοῦ
3278 2257 3410 2312 Υἱοῦ
3451 2257 3601 2329 εἴρη-

2028 2373 2139 2419 ται,
2186 2354 2265 2419 τὸ,
2307 2354 2403 2406 Ἐν
2430 2352 2589 2422 ἀρχῇ
2627 2352 2917 2420 ἐποίησεν
2951 2354 2984 2405 ό
3017 2351 3161 2418 Θεὸς
3202 2350 3311 2405 τὸν
3341 2351 3601 2418 οὐρανὸν

2029 2447 2129 2502 καὶ
2186 2446 2301 2515 τὴν
2334 2445 2483 2516 γῆν·
2524 2446 2619 2500 καὶ
2671 2445 2750 2511 τὸ,
2792 2445 3158 2515 Ἀρχέτωσαν
3208 2444 3328 2497 τῶν
3383 2443 3601 2512 ἰχθύων

2030 2539 2137 2609 τῆς
2174 2538 2509 2608 θαλάσσης.
2547 2532 2713 2602 Οὗτος
2758 2536 2884 2609 γὰρ,
2934 2539 2963 2591 6
3008 2536 3337 2609 καταρτίσας
3383 2537 3446 2589 ἐκ
3482 2536 3601 2587 στό-

2034 2647 2200 2700 ματος
2245 2630 2453 2701 νηπίων
2496 2631 2590 2683 καὶ
2628 2628 2968 2699 θηλαζόντων
2996 2623 3163 2692 αἶνον,
3190 2627 3352 2690 αὑτὸς
3374 2627 3475 2680 τὸν
3503 2625 3598 2680 άν-

2031 2720 2247 2792 θρωπον
2281 2718 2641 2791 ἐπεσκέψατο.

2099 2813 2163 2869 θ’.
2206 2813 2272 2865 'A
2302 2812 2399 2883 μὲν
2423 2807 2517 2865 οὑν
2570 2811 2699 2884 περὶ
2736 2810 2830 2866 τοῦ
2865 2810 3076 2882 Πατρὸς
3103 2811 3131 2863 6
3156 2809 3396 2880 Μωῦσῆς
3427 2809 3597 2878 λέγει.

2027 2904 2240 2968 Παῦλος
2268 2906 2348 2967 είς
2377 2904 2469 2958 τὸν
2495 2904 2620 2958 Υἱὸν
2647 2902 2997 2975 ἐκλαμϐάνει,
3029 2902 3226 2974 πολλὴν
3252 2902 3348 2974 τὴν
3382 2900 3598 2972 ἰσότητα

2026 2996 2256 3061 δεικνύς.
2291 2997 2459 3050 Ὅταν
2493 2991 2586 3050 οὖν
2622 2991 2970 3068 ἀδιάφορονῇ
3012 2998 3125 3059 τοῖς
3161 2994 3335 3064 ἁγίοις
3372 2992 3440 3051 τὰ
3470 2993 3598 3064 περῖ¹

2027 3090 2120 3143 τοῦ
2164 3091 2377 3161 Πατρὸς
2423 3089 2689 3159 λεγόμενα
2719 3087 2796 3160 τῷ
2844 3088 2958 3159 Υίῷ
3001 3087 3325 3157 λογίζεσθαι,
3381 3086 3476 3141 καὶ
3530 3086 3599 3140 τά

2030 3182 2157 3254 περί
2184 3181 2278 3235 τοῦ
2305 3181 2437 3235 Υίοῦ
2461 3181 2540 3253 τῷ
2562 3180 2737 3252 Πατρὶ
2760 3179 2984 3254 (Πάντα
3023 3179 3135 3249 γὰρ
3166 3178 3242 3232 δι’
3261 3176 3447 3234 αὐτοῦ
3475 3175 3588 3248 ἐγέο

2026 3274 2206 3341 νετο),
2252 3272 2356 3327 ποῦ
2402 3273 2539 3338 ὅλως
2589 3274 2650 3326 τὸ
2688 3273 2858 3344 ὄνομα
2913 3271 3005 3326 106
3058 3269 3328 3343 ὑπουργοῦ
3388 3272 3594 3337 κεῖται;

2029 3363 2279 3434 Οὑδαμοῦ
2319 3363 2476 3417 τοῦτο
2514 3363 2612 3417 ἴδοι
2640 3381 2722 3428 τις
2750 3363 2834 3418 ἄν.
2874 3363 3000 3425 Nal,
3036 3362 3219 3434 φησὶν,
3253 3360 3487 3434 εἴρηται,
3518 3362 3581 3414 Δι

2027 3457 2233 3512 αὑτοῦ.
2283 3457 2349 3510 Τί
2403 3452 2519 3521 οὖν,
2549 3458 2629 3511 ὅτι
2664 3459 2756 3511 καὶ¹
2803 3458 2930 3529 περὶ
2978 3454 3071 3511 106
3121 3455 3332 3529 Πατρὸς
3371 3454 3431 3509 τὸ
3466 3454 3599 3508 αὑτὸ

2028 3553 2273 3624 εἴρηται;
2306 3552 2417 3606 Kal
2457 3551 2686 3606 ἄκουσον
2718 3549 2855 3612 πῶς.
2889 3547 3111 3614 Πιστὸς
3145 3549 3178 3600 ό
3222 3545 3386 3613 Θεὸς,
3423 3544 3498 3599 δι’
3522 3539 3593 3599 οὗ

2026 3644 2318 3713 ἐκλήθητε
2345 3644 2431 3709 εὶς
2470 3640 2785 3696 κοινωνίαν
2810 3639 2918 3694 τοῦ
2952 3638 3092 3694 Υιοῦ
3116 3637 3321 3693 αὐτοῦ.
3353 3636 3464 3691 Kal
3490 3636 3597 3690 πά·-

2023 3735 2138 3787 λινο
2184 3731 2426 3798 Παῦλος
2478 3730 2820 3797 ἀπόστολος
2862 3728 3060 3796 Ἰησοῦ
3097 3727 3352 3797 Χριστοῦ
3378 3723 3476 3779 διὰ
3503 3728 3597 3779 θε-

2025 3826 2295 3894 λήματος
2325 3823 2492 3879 Θεοῦ.
2530 3824 2638 3876 Kal
2671 3822 2832 3877 πάλιν
2852 3838 2865 3851 ·
2910 3823 3032 3875 Ὅτι
3060 3820 3134 3874 δι’
3166 3818 3372 3881 αὐτοῦ.
3407 3817 3505 3873 καί
3527 3817 3597 3881 ἐξ

1934 3910 1939 3916 ’
2026 3917 2237 3980 αὐτοῦ,
2276 3916 2381 3972 καὶ
2415 3918 2503 3981 εὶς
2536 3914 2723 3970 αὐτὸν
2764 3910 2837 3966 τὰ
2872 3911 3086 3966 πάντα.
3121 3911 3281 3975 Τίνος
3315 3909 3375 3966 δὲ
3414 3908 3598 3963 ἕνεκεν

2025 4006 2189 4061 αὑτὸν
2215 4005 2488 4075 ὑπουργόν
2532 4020 2699 4073 φατε;
2734 4003 2852 4057 Ἵνα
2886 4005 3222 4075 τιμήσωμενι
3242 4001 3333 4055 τὸν
3359 4001 3594 4071 Πατέρα.

2026 4094 2144 4168 [92]
2167 4095 2279 4148 Kal
2313 4093 2418 4165 μὴν
2441 4094 2471 4147 6
2501 4094 2629 4158 Υίός
2659 4111 2849 4165 φησιν·
2868 4094 2995 4149 Ἵνα
3009 4091 3230 4159 πάντες
3258 4091 3467 4163 τιμῶσι
3492 4093 3598 4148 τὸν

2036 4187 2194 4252 my,
2227 4184 2421 4250 καθὼς
2457 4183 2667 4253 τιμῶσι
2693 4184 2800 4239 τὸν
2823 4183 3087 4260 Πατέρα,⁵
3115 4184 3172 4237 Ὀ
3211 4183 3268 4237 δὲ
3312 4182 3387 4254 μὴ
3423 4174 3598 4253 τιμῶν

2022 4280 2115 4332 τὸν
2151 4277 2301 4339 Υίὸν,
2336 4275 2558 4346 εύδηλον
2586 4276 2666 4329 ὅτι
2691 4275 2811 4330 οὑδὲ
2834 4274 2924 4329 τὸν
2950 4274 3190 4346 Πατέρα.
3217 4275 3282 4328 Τί
3306 4270 3420 4337 οὖν,
3442 4275 3594 4344 φησὶ,

2024 4369 2243 4441 Πατέρα
2297 4368 2389 4421 τὸν
2431 4366 2561 4420 Υἱὸν
2601 4364 2743 4437 ἐρῶ;
2802 4365 2955 4435 Οὐχί.
2996 4365 3070 4418 06
3122 4363 3232 4436 γὰρ
3283 4361 3456 4421 εἶπεν·
3481 4359 3595 4416 Ἵνα

2026 4461 2247 4531 Πατέρα
2278 4476 2345 4531 με
2387 4457 2581 4529 λέγητε
2602 4474 2617 4489 ο
2648 4456 2785 4511 ἀλλὰ
2811 4457 2861 4510 τί
2882 4476 2896 4524 ;
2921 4458 3040 4512 Ἵνα
3082 4457 3209 4511 Υίὸν
3259 4458 3485 4528 μένοντα
3521 4455 3596 4520 ὼς

2023 4555 2115 4608 τὸν
2148 4554 2365 4625 Πατέρα
2412 4554 2630 4623 τιμᾶτε.
2655 4554 2753 4606 Ἂν
2780 4552 2837 4606 δὲ
2871 4551 3090 4625 Πατέρα
3124 4554 3283 4624 εἴπῃς
3318 4551 3409 4606 τὸν
3444 4551 3593 4616 Υίὸν,

2027 4646 2202 4699 πάντα
2235 4643 2510 4715 συνέχεας.
2541 4642 2825 4715 Μενούσης
2867 4643 3045 4698 τοίνυν
3085 4643 3295 4715 ταύτης
3323 4645 3422 4714 τῆς
3467 4644 3595 4697 ἰδιό-

2024 4754 2205 4808 τητος,
2242 4735 2311 4789 τὰ
2338 4735 2438 4805 τῆς
2460 4735 2626 4806 τιμῆς
2666 4735 2820 4788 κοινά
2858 4737 2996 4791 ἐστι.
3029 4735 3258 4807 Διάλγάρ
3288 4735 3445 4792 106.10
3466 4735 3593 4789 Υίὸν

2023 4823 2144 4881 εἷπε
2185 4826 2277 4881 καὶ
2322 4827 2560 4898 Πατέρα,
2601 4825 2688 4879 ἵνα
2744 4825 2818 4896 μὴ
2871 4827 3139 4899 συγκέητε
3198 4827 3296 4890 τὰς
3357 4827 3595 4880 ὑποστά-

2026 4935 2156 4981 σεις.
2186 4916 2248 4970 EI
2304 4916 2362 4970 δέ
2403 4917 2477 4988 μὴ
2515 4912 2583 4987 ἦν
2611 4919 2645 4987 ἠ
2678 4916 2816 4987 αὑτὴ
2844 4917 3019 4980 οὑσία,
3074 4916 3189 4979 πῶς
3238 4917 3304 4970 ἂν
3339 4917 3460 4986 ἴτην
3496 4918 3596 4987 τὴν

2022 5007 2185 5078 τιμὴν
2212 5006 2487 5078 άπῄτησε;
2538 5007 2694 5071 Τίνος
2737 5002 2828 5060 οὖν
2863 5007 3068 5070 ἕνεκεν,
3112 5008 3264 5076 φησὶ,
3295 5007 3465 5060 πολλὰ
3502 5026 3596 5060 τα-

2024 5100 2183 5154 πεινά
2233 5100 2527 5170 φθέγγεται
2570 5101 2599 5153 6
2640 5099 2903 5168 Χριστός;
2944 5101 3054 5152 Καὶ
3102 5098 3596 5169 ταπεινοφροσύνην

2024 5191 2312 5254 παιδεύων,
2339 5193 2433 5245 καὶ
2453 5191 2542 5245 διὰ
2565 5191 2662 5261 τὴν
2693 5190 2792 5259 τῆς
2822 5190 3023 5259 σαρκὸς
3053 5208 3119 5242 πε
3128 5190 3365 5262 ριὸολὴμ,
3390 5190 3484 5243 καὶ
3509 5191 3596 5243 διὰ

2019 5283 2120 5354 τὴν
2145 5283 2251 5335 τῶν
2280 5283 2550 5337 Ἰουδαίων
2581 5280 2956 5351 ἀναισθησίαν,
2983 5282 3076 5334 καὶ
3096 5281 3183 5336 διὰ
3220 5280 3280 5332 τὸ
3305 5280 3415 5333 δεῖν
3452 5283 3595 5335 κατά

2025 5373 2218 5443 μικρὸν
2247 5373 2459 5440 ἐνάγειν
2491 5373 2570 5434 εἰς
2615 5371 2815 5439 γνῶσιν
2843 5370 2903 5422 τὸ
2936 5369 3044 5423 τῶν
3081 5369 3381 5442 ἀνθρώπων
3414 5371 3589 5440 γένος.

2021 5464 2115 5518 καὶ
2143 5462 2230 5515 διὰ
2252 5462 2313 5514 τὸ
2335 5460 2521 5523 ἀτελὲς
2548 5459 2656 5512 τῶν
2679 5458 2982 5512 ἀκουόντων
3002 5475 3015 5488 ·
3043 5460 3218 5523 ἄλλως
3251 5450 3310 5513 τε
3337 5461 3428 5514 καὶ
3458 5463 3593 5532 πρὸς

2018 5553 2118 5623 τὴν
2151 5551 2405 5605 ὑπόνοιαν
2432 5547 2689 5610 πολλάκις
2730 5545 2837 5600 τῶν
2883 5547 3247 5619 ἀκροωμένων
3276 5548 3591 5619 φθέγγεται.

2019 5644 2102 5697 Td!
2145 5643 2255 5714 γὰρ
2302 5641 2630 5711 ὑψηλότερα.
2670 5638 2767 5708 τῆς
2800 5634 2955 5700 ἀξίας
3004 5638 3171 5709 μόνης
3195 5640 3344 5692 ἐστί·
3393 5639 3593 5710 μᾶλλον

2016 5734 2093 5797 δὲ,
2133 5735 2268 5802 ὅπερ
2299 5733 2365 5787 ἂν
2400 5731 2564 5804 λέγῃς
2595 5731 2722 5802 περὶ
2755 5726 2917 5790 Θεοῦ,
2958 5730 3133 5802 πολλῷ
3171 5732 3375 5803 σφόδρα
3418 5751 3588 5786 κατα-

2018 5825 2295 5895 δεέστερον
2341 5823 2440 5894 τῆς
2478 5821 2661 5887 οὐσίας
2707 5818 2944 5889 ἐκείνης,
2992 5824 3085 5877 καὶ
3131 5821 3590 5895 συγκαταϐάσεώς
