  <div class='ocr_page' id='page_1' title='image "/cluster/home/n/w/nwhite01/storage/ocr_20150623/55/mdp.39015028539511/114.png"; bbox 0 0 4084 6278; ppageno 0'>
   <div class='ocr_carea' id='block_1_1' title="bbox 397 349 2497 412">
    <p class='ocr_par' dir='ltr' id='par_1_1' title="bbox 397 349 2497 412">
     <span class='ocr_line' id='line_1_1' title="bbox 397 349 2497 412; baseline 0.011 -24"><span class='ocrx_word' id='word_1_1' title='bbox 397 356 491 409; x_wconf 56' lang='grc' dir='ltr'>,ει</span> <span class='ocrx_word' id='word_1_2' title='bbox 1550 349 1904 407; x_wconf 75' lang='lat' dir='ltr'><strong>EXPOSI&#39;I&#39;IO</strong></span> <span class='ocrx_word' id='word_1_3' title='bbox 1945 350 2006 405; x_wconf 84' lang='lat' dir='ltr'><strong>IN</strong></span> <span class='ocrx_word' id='word_1_4' title='bbox 2047 352 2365 412; x_wconf 73' lang='lat' dir='ltr'><strong>PSALMUM</strong></span> <span class='ocrx_word' id='word_1_5' title='bbox 2410 357 2497 412; x_wconf 74' lang='lat' dir='ltr'><strong>IX.</strong></span> 
     </span>
    </p>
   </div>
   <div class='ocr_carea' id='block_1_2' title="bbox 392 461 1974 534">
    <p class='ocr_par' dir='ltr' id='par_1_2' title="bbox 392 461 1974 534">
     <span class='ocr_line' id='line_1_2' title="bbox 392 461 1974 534; baseline -0.001 -13"><span class='ocrx_word' id='word_1_6' title='bbox 392 466 573 523; x_wconf 79' lang='lat' dir='ltr'><strong>dicere</strong></span> <span class='ocrx_word' id='word_1_7' title='bbox 594 502 611 531; x_wconf 93' lang='lat'><strong>,</strong></span> <span class='ocrx_word' id='word_1_8' title='bbox 658 463 877 533; x_wconf 75' lang='lat' dir='ltr'><strong>Magnus</strong></span> <span class='ocrx_word' id='word_1_9' title='bbox 917 462 1057 528; x_wconf 74' lang='lat' dir='ltr'><strong>Dens</strong></span> <span class='ocrx_word' id='word_1_10' title='bbox 1075 462 1101 516; x_wconf 65' lang='grc' dir='ltr'><strong><em>ἵ</em></strong></span> <span class='ocrx_word' id='word_1_11' title='bbox 1136 464 1299 532; x_wconf 81' lang='lat' dir='ltr'><strong>Atqui</strong></span> <span class='ocrx_word' id='word_1_12' title='bbox 1322 461 1424 518; x_wconf 92' lang='lat' dir='ltr'><strong>hoc</strong></span> <span class='ocrx_word' id='word_1_13' title='bbox 1450 472 1533 518; x_wconf 85' lang='lat' dir='ltr'><strong>est</strong></span> <span class='ocrx_word' id='word_1_14' title='bbox 1553 479 1769 534; x_wconf 90' lang='lat' dir='ltr'><strong>parvum</strong></span> <span class='ocrx_word' id='word_1_15' title='bbox 1790 504 1804 527; x_wconf 91' lang='lat'><strong>,</strong></span> <span class='ocrx_word' id='word_1_16' title='bbox 1832 464 1875 519; x_wconf 88' lang='lat' dir='ltr'><strong>si</strong></span> <span class='ocrx_word' id='word_1_17' title='bbox 1906 464 1974 519; x_wconf 89' lang='lat' dir='ltr'><strong>de</strong></span> 
     </span>
    </p>
   </div>
   <div class='ocr_carea' id='block_1_3' title="bbox 396 556 1982 626">
    <p class='ocr_par' dir='ltr' id='par_1_3' title="bbox 396 556 1982 626">
     <span class='ocr_line' id='line_1_3' title="bbox 396 556 1982 626; baseline -0.001 -14"><span class='ocrx_word' id='word_1_18' title='bbox 396 558 505 612; x_wconf 86' lang='lat' dir='ltr'><strong>Deo</strong></span> <span class='ocrx_word' id='word_1_19' title='bbox 550 556 794 619; x_wconf 87' lang='lat' dir='ltr'><strong>dicatur;</strong></span> <span class='ocrx_word' id='word_1_20' title='bbox 841 570 1091 625; x_wconf 81' lang='lat' dir='ltr'><strong>magnum</strong></span> <span class='ocrx_word' id='word_1_21' title='bbox 1133 556 1314 620; x_wconf 88' lang='lat' dir='ltr'><strong>enim,</strong></span> <span class='ocrx_word' id='word_1_22' title='bbox 1365 556 1704 626; x_wconf 77' lang='lat' dir='ltr'><strong>quantumvis</strong></span> <span class='ocrx_word' id='word_1_23' title='bbox 1750 558 1819 611; x_wconf 89' lang='lat' dir='ltr'><strong>sit</strong></span> <span class='ocrx_word' id='word_1_24' title='bbox 1865 570 1982 611; x_wconf 78' lang='lat' dir='ltr'><strong>ma—</strong></span> 
     </span>
    </p>
   </div>
   <div class='ocr_carea' id='block_1_4' title="bbox 388 645 1975 716">
    <p class='ocr_par' dir='ltr' id='par_1_4' title="bbox 388 645 1975 716">
     <span class='ocr_line' id='line_1_4' title="bbox 388 645 1975 716; baseline 0.001 -16"><span class='ocrx_word' id='word_1_25' title='bbox 388 662 585 716; x_wconf 82' lang='lat' dir='ltr'><strong>gnum,</strong></span> <span class='ocrx_word' id='word_1_26' title='bbox 627 656 712 702; x_wconf 86' lang='lat' dir='ltr'><strong>est</strong></span> <span class='ocrx_word' id='word_1_27' title='bbox 753 645 960 701; x_wconf 74' lang='lat' dir='ltr'><strong>ﬁnitum</strong></span> <span class='ocrx_word' id='word_1_28' title='bbox 998 663 1012 700; x_wconf 92' lang='lat'><strong>:</strong></span> <span class='ocrx_word' id='word_1_29' title='bbox 1054 648 1148 701; x_wconf 88' lang='lat' dir='ltr'><strong>sed</strong></span> <span class='ocrx_word' id='word_1_30' title='bbox 1190 647 1330 703; x_wconf 84' lang='lat' dir='ltr'><strong>Deus</strong></span> <span class='ocrx_word' id='word_1_31' title='bbox 1370 656 1454 703; x_wconf 87' lang='lat' dir='ltr'><strong>est</strong></span> <span class='ocrx_word' id='word_1_32' title='bbox 1490 646 1745 702; x_wconf 91' lang='lat' dir='ltr'><strong>inﬁnitus.</strong></span> <span class='ocrx_word' id='word_1_33' title='bbox 1780 647 1849 701; x_wconf 86' lang='lat' dir='ltr'><strong>Et-</strong></span> <span class='ocrx_word' id='word_1_34' title='bbox 1875 646 1975 702; x_wconf 90' lang='lat' dir='ltr'><strong>hoc</strong></span> 
     </span>
    </p>
   </div>
   <div class='ocr_carea' id='block_1_5' title="bbox 388 737 1971 809">
    <p class='ocr_par' dir='ltr' id='par_1_5' title="bbox 388 737 1971 809">
     <span class='ocr_line' id='line_1_5' title="bbox 388 737 1971 809; baseline -0.001 -16"><span class='ocrx_word' id='word_1_35' title='bbox 388 738 552 793; x_wconf 84' lang='lat' dir='ltr'><strong>etiam</strong></span> <span class='ocrx_word' id='word_1_36' title='bbox 587 752 810 809; x_wconf 83' lang='lat' dir='ltr'><strong>parvum</strong></span> <span class='ocrx_word' id='word_1_37' title='bbox 839 746 954 805; x_wconf 87' lang='lat' dir='ltr'><strong>est,</strong></span> <span class='ocrx_word' id='word_1_38' title='bbox 983 737 1029 793; x_wconf 90' lang='lat' dir='ltr'><strong>si</strong></span> <span class='ocrx_word' id='word_1_39' title='bbox 1071 738 1139 793; x_wconf 92' lang='lat' dir='ltr'><strong>de</strong></span> <span class='ocrx_word' id='word_1_40' title='bbox 1169 738 1278 794; x_wconf 88' lang='lat' dir='ltr'><strong>Deo</strong></span> <span class='ocrx_word' id='word_1_41' title='bbox 1300 738 1527 794; x_wconf 79' lang='lat' dir='ltr'><strong>dicatur.</strong></span> <span class='ocrx_word' id='word_1_42' title='bbox 1559 738 1710 807; x_wconf 86' lang='lat' dir='ltr'><strong>Quod</strong></span> <span class='ocrx_word' id='word_1_43' title='bbox 1736 740 1876 793; x_wconf 90' lang='lat' dir='ltr'><strong>enim</strong></span> <span class='ocrx_word' id='word_1_44' title='bbox 1907 740 1971 792; x_wconf 80' lang='lat' dir='ltr'><strong>li-</strong></span> 
     </span>
    </p>
   </div>
   <div class='ocr_carea' id='block_1_6' title="bbox 391 829 1974 900">
    <p class='ocr_par' dir='ltr' id='par_1_6' title="bbox 391 829 1974 900">
     <span class='ocr_line' id='line_1_6' title="bbox 391 829 1974 900; baseline 0.001 -18"><span class='ocrx_word' id='word_1_45' title='bbox 391 846 514 884; x_wconf 83' lang='lat' dir='ltr'><strong>nem</strong></span> <span class='ocrx_word' id='word_1_46' title='bbox 536 845 641 884; x_wconf 90' lang='lat' dir='ltr'><strong>non</strong></span> <span class='ocrx_word' id='word_1_47' title='bbox 669 829 897 895; x_wconf 78' lang='lat' dir='ltr'><strong>habeat,</strong></span> <span class='ocrx_word' id='word_1_48' title='bbox 929 829 1042 885; x_wconf 87' lang='lat' dir='ltr'><strong>scio</strong></span> <span class='ocrx_word' id='word_1_49' title='bbox 1068 845 1084 882; x_wconf 87' lang='lat'><strong>:</strong></span> <span class='ocrx_word' id='word_1_50' title='bbox 1115 829 1209 885; x_wconf 89' lang='lat' dir='ltr'><strong>sed</strong></span> <span class='ocrx_word' id='word_1_51' title='bbox 1230 829 1358 900; x_wconf 81' lang='lat' dir='ltr'><strong>quid</strong></span> <span class='ocrx_word' id='word_1_52' title='bbox 1384 830 1492 897; x_wconf 89' lang='lat' dir='ltr'><strong>sit,</strong></span> <span class='ocrx_word' id='word_1_53' title='bbox 1514 840 1606 885; x_wconf 84' lang='lat' dir='ltr'><strong>am</strong></span> <span class='ocrx_word' id='word_1_54' title='bbox 1634 831 1721 885; x_wconf 93' lang='lat' dir='ltr'><strong>ubi</strong></span> <span class='ocrx_word' id='word_1_55' title='bbox 1749 830 1845 893; x_wconf 91' lang='lat' dir='ltr'><strong>sit,</strong></span> <span class='ocrx_word' id='word_1_56' title='bbox 1882 846 1974 884; x_wconf 75' lang='lat' dir='ltr'><strong>ne~</strong></span> 
     </span>
    </p>
   </div>
   <div class='ocr_carea' id='block_1_7' title="bbox 386 921 1974 992">
    <p class='ocr_par' dir='ltr' id='par_1_7' title="bbox 386 921 1974 992">
     <span class='ocr_line' id='line_1_7' title="bbox 386 921 1974 992; baseline 0.002 -16"><span class='ocrx_word' id='word_1_57' title='bbox 386 923 522 976; x_wconf 81' lang='lat' dir='ltr'><strong>scio.</strong></span> <span class='ocrx_word' id='word_1_58' title='bbox 569 921 637 976; x_wconf 85' lang='lat' dir='ltr'><strong>Et</strong></span> <span class='ocrx_word' id='word_1_59' title='bbox 672 921 718 976; x_wconf 88' lang='lat' dir='ltr'><strong>si</strong></span> <span class='ocrx_word' id='word_1_60' title='bbox 762 921 1054 992; x_wconf 88' lang='lat' dir='ltr'><strong>sapientem</strong></span> <span class='ocrx_word' id='word_1_61' title='bbox 1077 964 1092 988; x_wconf 89' lang='lat'><strong>,</strong></span> <span class='ocrx_word' id='word_1_62' title='bbox 1123 930 1178 977; x_wconf 89' lang='lat' dir='ltr'><strong>et</strong></span> <span class='ocrx_word' id='word_1_63' title='bbox 1205 922 1250 979; x_wconf 87' lang='lat' dir='ltr'><strong>si</strong></span> <span class='ocrx_word' id='word_1_64' title='bbox 1281 922 1477 978; x_wconf 91' lang='lat' dir='ltr'><strong>bonum</strong></span> <span class='ocrx_word' id='word_1_65' title='bbox 1517 923 1748 989; x_wconf 83' lang='lat' dir='ltr'><strong>dixeris,</strong></span> <span class='ocrx_word' id='word_1_66' title='bbox 1782 933 1834 978; x_wconf 90' lang='lat' dir='ltr'><strong>et</strong></span> <span class='ocrx_word' id='word_1_67' title='bbox 1860 923 1974 979; x_wconf 83' lang='lat' dir='ltr'><strong>haec</strong></span> 
     </span>
    </p>
   </div>
   <div class='ocr_carea' id='block_1_8' title="bbox 387 1012 1969 1086">
    <p class='ocr_par' dir='ltr' id='par_1_8' title="bbox 387 1012 1969 1086">
     <span class='ocr_line' id='line_1_8' title="bbox 387 1012 1969 1086; baseline 0.001 -17"><span class='ocrx_word' id='word_1_68' title='bbox 387 1014 594 1071; x_wconf 77' lang='lat' dir='ltr'><strong>inﬁnita</strong></span> <span class='ocrx_word' id='word_1_69' title='bbox 614 1055 631 1080; x_wconf 92' lang='lat'><strong>,</strong></span> <span class='ocrx_word' id='word_1_70' title='bbox 664 1012 799 1069; x_wconf 82' lang='lat' dir='ltr'><strong>nihil</strong></span> <span class='ocrx_word' id='word_1_71' title='bbox 821 1012 890 1068; x_wconf 82' lang='lat' dir='ltr'><strong>de</strong></span> <span class='ocrx_word' id='word_1_72' title='bbox 915 1014 1004 1068; x_wconf 89' lang='lat' dir='ltr'><strong>illa</strong></span> <span class='ocrx_word' id='word_1_73' title='bbox 1029 1015 1327 1070; x_wconf 82' lang='lat' dir='ltr'><strong>substantia</strong></span> <span class='ocrx_word' id='word_1_74' title='bbox 1356 1015 1533 1071; x_wconf 85' lang='lat' dir='ltr'><strong>dixisti</strong></span> <span class='ocrx_word' id='word_1_75' title='bbox 1564 1030 1659 1085; x_wconf 86' lang='lat' dir='ltr'><strong>pro</strong></span> <span class='ocrx_word' id='word_1_76' title='bbox 1686 1015 1969 1086; x_wconf 78' lang='lat' dir='ltr'><strong>dignitate,</strong></span> 
     </span>
    </p>
   </div>
   <div class='ocr_carea' id='block_1_9' title="bbox 384 1109 1972 1180">
    <p class='ocr_par' dir='ltr' id='par_1_9' title="bbox 384 1109 1972 1180">
     <span class='ocr_line' id='line_1_9' title="bbox 384 1109 1972 1180; baseline 0.001 -17"><span class='ocrx_word' id='word_1_77' title='bbox 384 1109 481 1164; x_wconf 75' lang='lat' dir='ltr'><strong>sed</strong></span> <span class='ocrx_word' id='word_1_78' title='bbox 511 1110 678 1165; x_wconf 82' lang='lat' dir='ltr'><strong>verbo</strong></span> <span class='ocrx_word' id='word_1_79' title='bbox 703 1110 892 1166; x_wconf 79' lang='lat' dir='ltr'><strong>adesse</strong></span> <span class='ocrx_word' id='word_1_80' title='bbox 920 1119 1131 1179; x_wconf 85' lang='lat' dir='ltr'><strong>oportet</strong></span> <span class='ocrx_word' id='word_1_81' title='bbox 1158 1125 1373 1166; x_wconf 85' lang='lat' dir='ltr'><strong>sensum</strong></span> <span class='ocrx_word' id='word_1_82' title='bbox 1398 1111 1507 1166; x_wconf 89' lang='lat' dir='ltr'><strong>Deo</strong></span> <span class='ocrx_word' id='word_1_83' title='bbox 1526 1111 1758 1180; x_wconf 87' lang='lat' dir='ltr'><strong>dignum.</strong></span> <span class='ocrx_word' id='word_1_84' title='bbox 1779 1111 1835 1167; x_wconf 89' lang='lat' dir='ltr'><strong>Si</strong></span> <span class='ocrx_word' id='word_1_85' title='bbox 1858 1110 1972 1165; x_wconf 69' lang='lat' dir='ltr'><strong>btec</strong></span> 
     </span>
    </p>
   </div>
   <div class='ocr_carea' id='block_1_10' title="bbox 381 1202 1972 1274">
    <p class='ocr_par' dir='ltr' id='par_1_10' title="bbox 381 1202 1972 1274">
     <span class='ocr_line' id='line_1_10' title="bbox 381 1202 1972 1274; baseline -0.001 -16"><span class='ocrx_word' id='word_1_86' title='bbox 381 1216 516 1272; x_wconf 79' lang='lat' dir='ltr'><strong>ergo</strong></span> <span class='ocrx_word' id='word_1_87' title='bbox 555 1202 693 1258; x_wconf 82' lang='lat' dir='ltr'><strong>adeo</strong></span> <span class='ocrx_word' id='word_1_88' title='bbox 731 1218 920 1273; x_wconf 85' lang='lat' dir='ltr'><strong>magna</strong></span> <span class='ocrx_word' id='word_1_89' title='bbox 966 1204 1274 1274; x_wconf 86' lang='lat' dir='ltr'><strong>dignitatem</strong></span> <span class='ocrx_word' id='word_1_90' title='bbox 1314 1219 1418 1258; x_wconf 93' lang='lat' dir='ltr'><strong>non</strong></span> <span class='ocrx_word' id='word_1_91' title='bbox 1455 1204 1744 1259; x_wconf 88' lang='lat' dir='ltr'><strong>ostendunt</strong></span> <span class='ocrx_word' id='word_1_92' title='bbox 1784 1222 1796 1256; x_wconf 90' lang='lat'><strong>:</strong></span> <span class='ocrx_word' id='word_1_93' title='bbox 1841 1218 1972 1273; x_wconf 88' lang='lat' dir='ltr'><strong>quo-</strong></span> 
     </span>
    </p>
   </div>
   <div class='ocr_carea' id='block_1_11' title="bbox 384 1294 1970 1366">
    <p class='ocr_par' dir='ltr' id='par_1_11' title="bbox 384 1294 1970 1366">
     <span class='ocr_line' id='line_1_11' title="bbox 384 1294 1970 1366; baseline 0.002 -18"><span class='ocrx_word' id='word_1_94' title='bbox 384 1294 549 1350; x_wconf 81' lang='lat' dir='ltr'><strong>modo</strong></span> <span class='ocrx_word' id='word_1_95' title='bbox 586 1296 736 1350; x_wconf 86' lang='lat' dir='ltr'><strong>venia</strong></span> <span class='ocrx_word' id='word_1_96' title='bbox 781 1295 926 1366; x_wconf 85' lang='lat' dir='ltr'><strong>digni</strong></span> <span class='ocrx_word' id='word_1_97' title='bbox 972 1295 1202 1361; x_wconf 77' lang='lat' dir='ltr'><strong>fuerint,</strong></span> <span class='ocrx_word' id='word_1_98' title='bbox 1233 1296 1322 1366; x_wconf 93' lang='lat' dir='ltr'><strong>qui</strong></span> <span class='ocrx_word' id='word_1_99' title='bbox 1348 1296 1464 1351; x_wconf 65' lang='lat' dir='ltr'><strong>haec</strong></span> <span class='ocrx_word' id='word_1_100' title='bbox 1486 1310 1698 1366; x_wconf 87' lang='lat' dir='ltr'><strong>quoque</strong></span> <span class='ocrx_word' id='word_1_101' title='bbox 1722 1296 1970 1351; x_wconf 88' lang='lat' dir='ltr'><strong>mutilarc</strong></span> 
     </span>
    </p>
   </div>
   <div class='ocr_carea' id='block_1_12' title="bbox 385 1385 1972 1457">
    <p class='ocr_par' dir='ltr' id='par_1_12' title="bbox 385 1385 1972 1457">
     <span class='ocr_line' id='line_1_12' title="bbox 385 1385 1972 1457; baseline 0 -17"><span class='ocrx_word' id='word_1_102' title='bbox 385 1386 690 1440; x_wconf 80' lang='lat' dir='ltr'><strong>conantur?</strong></span> <span class='ocrx_word' id='word_1_103' title='bbox 734 1385 1020 1457; x_wconf 82' lang='lat' dir='ltr'><strong>Fugiamus</strong></span> <span class='ocrx_word' id='word_1_104' title='bbox 1060 1401 1192 1457; x_wconf 91' lang='lat' dir='ltr'><strong>ergo</strong></span> <span class='ocrx_word' id='word_1_105' title='bbox 1231 1401 1415 1442; x_wconf 90' lang='lat' dir='ltr'><strong>eorum</strong></span> <span class='ocrx_word' id='word_1_106' title='bbox 1443 1387 1808 1443; x_wconf 86' lang='lat' dir='ltr'><strong>conventicula</strong></span> <span class='ocrx_word' id='word_1_107' title='bbox 1832 1388 1848 1418; x_wconf 75' lang='grc'>⁸</span> <span class='ocrx_word' id='word_1_108' title='bbox 1873 1427 1891 1451; x_wconf 89' lang='lat'><strong>,</strong></span> <span class='ocrx_word' id='word_1_109' title='bbox 1916 1397 1972 1441; x_wconf 84' lang='lat' dir='ltr'><strong>et</strong></span> 
     </span>
    </p>
   </div>
   <div class='ocr_carea' id='block_1_13' title="bbox 381 1476 1965 1548">
    <p class='ocr_par' dir='ltr' id='par_1_13' title="bbox 381 1476 1965 1548">
     <span class='ocr_line' id='line_1_13' title="bbox 381 1476 1965 1548; baseline 0 -17"><span class='ocrx_word' id='word_1_110' title='bbox 381 1493 506 1531; x_wconf 88' lang='lat' dir='ltr'><strong>cum</strong></span> <span class='ocrx_word' id='word_1_111' title='bbox 553 1476 897 1532; x_wconf 83' lang='lat' dir='ltr'><strong>didicerimus</strong></span> <span class='ocrx_word' id='word_1_112' title='bbox 943 1476 1211 1548; x_wconf 89' lang='lat' dir='ltr'><strong>Unigeniti</strong></span> <span class='ocrx_word' id='word_1_113' title='bbox 1249 1487 1372 1532; x_wconf 86' lang='lat' dir='ltr'><strong>ante</strong></span> <span class='ocrx_word' id='word_1_114' title='bbox 1415 1476 1607 1533; x_wconf 70' lang='lat' dir='ltr'><strong>saecula</strong></span> <span class='ocrx_word' id='word_1_115' title='bbox 1639 1478 1925 1533; x_wconf 82' lang='lat' dir='ltr'><strong>essentiam</strong></span> <span class='ocrx_word' id='word_1_116' title='bbox 1950 1519 1965 1541; x_wconf 93' lang='lat'><strong>,</strong></span> 
     </span>
    </p>
   </div>
   <div class='ocr_carea' id='block_1_14' title="bbox 381 1569 1966 1640">
    <p class='ocr_par' dir='ltr' id='par_1_14' title="bbox 381 1569 1966 1640">
     <span class='ocr_line' id='line_1_14' title="bbox 381 1569 1966 1640; baseline 0.001 -17"><span class='ocrx_word' id='word_1_117' title='bbox 381 1570 598 1624; x_wconf 82' lang='lat' dir='ltr'><strong>creandi</strong></span> <span class='ocrx_word' id='word_1_118' title='bbox 624 1570 926 1624; x_wconf 61' lang='lat' dir='ltr'><strong>bonitatem</strong></span> <span class='ocrx_word' id='word_1_119' title='bbox 947 1611 963 1637; x_wconf 93' lang='lat'><strong>,</strong></span> <span class='ocrx_word' id='word_1_120' title='bbox 993 1569 1308 1626; x_wconf 83' lang='lat' dir='ltr'><strong>auctoritate</strong></span> <span class='ocrx_word' id='word_1_121' title='bbox 1332 1570 1606 1640; x_wconf 64' lang='lat' dir='ltr'><strong>praeditam</strong></span> <span class='ocrx_word' id='word_1_122' title='bbox 1630 1578 1966 1638; x_wconf 88' lang='lat' dir='ltr'><strong>potestatem,</strong></span> 
     </span>
    </p>
   </div>
   <div class='ocr_carea' id='block_1_15' title="bbox 384 1659 1969 1730">
    <p class='ocr_par' dir='ltr' id='par_1_15' title="bbox 384 1659 1969 1730">
     <span class='ocr_line' id='line_1_15' title="bbox 384 1659 1969 1730; baseline -0.001 -16"><span class='ocrx_word' id='word_1_123' title='bbox 384 1675 485 1714; x_wconf 92' lang='lat' dir='ltr'><strong>nec</strong></span> <span class='ocrx_word' id='word_1_124' title='bbox 527 1659 686 1714; x_wconf 87' lang='lat' dir='ltr'><strong>ullam</strong></span> <span class='ocrx_word' id='word_1_125' title='bbox 706 1660 822 1730; x_wconf 84' lang='lat' dir='ltr'><strong>ejus</strong></span> <span class='ocrx_word' id='word_1_126' title='bbox 848 1674 971 1716; x_wconf 88' lang='lat' dir='ltr'><strong>esse</strong></span> <span class='ocrx_word' id='word_1_127' title='bbox 993 1675 1023 1714; x_wconf 90' lang='lat' dir='ltr'><strong>a</strong></span> <span class='ocrx_word' id='word_1_128' title='bbox 1050 1660 1206 1716; x_wconf 88' lang='lat' dir='ltr'><strong>Patre</strong></span> <span class='ocrx_word' id='word_1_129' title='bbox 1229 1660 1588 1716; x_wconf 83' lang='lat' dir='ltr'><strong>diversitatem</strong></span> <span class='ocrx_word' id='word_1_130' title='bbox 1607 1700 1622 1726; x_wconf 85' lang='lat'><strong>,</strong></span> <span class='ocrx_word' id='word_1_131' title='bbox 1656 1661 1969 1715; x_wconf 75' lang='lat' dir='ltr'><strong>oeconomia:</strong></span> 
     </span>
    </p>
   </div>
   <div class='ocr_carea' id='block_1_16' title="bbox 381 1738 1967 1820">
    <p class='ocr_par' dir='ltr' id='par_1_16' title="bbox 381 1738 1967 1820">
     <span class='ocr_line' id='line_1_16' title="bbox 381 1738 1967 1820; baseline 0.001 -18"><span class='ocrx_word' id='word_1_132' title='bbox 381 1749 784 1815; x_wconf 81' lang='lat' dir='ltr'><strong>demissionem,</strong></span> <span class='ocrx_word' id='word_1_133' title='bbox 814 1750 1161 1820; x_wconf 83' lang='lat' dir='ltr'><strong>multiplicem</strong></span> <span class='ocrx_word' id='word_1_134' title='bbox 1185 1750 1301 1819; x_wconf 90' lang='lat' dir='ltr'><strong>ejus</strong></span> <span class='ocrx_word' id='word_1_135' title='bbox 1324 1750 1376 1805; x_wconf 92' lang='lat' dir='ltr'><strong>in</strong></span> <span class='ocrx_word' id='word_1_136' title='bbox 1399 1738 1497 1805; x_wconf 88' lang='lat' dir='ltr'><strong>nos</strong></span> <span class='ocrx_word' id='word_1_137' title='bbox 1515 1765 1659 1805; x_wconf 82' lang='lat' dir='ltr'><strong>cura:</strong></span> <span class='ocrx_word' id='word_1_138' title='bbox 1680 1750 1967 1820; x_wconf 81' lang='lat' dir='ltr'><strong>providen-</strong></span> 
     </span>
    </p>
   </div>
   <div class='ocr_carea' id='block_1_17' title="bbox 383 1839 1962 1911">
    <p class='ocr_par' dir='ltr' id='par_1_17' title="bbox 383 1839 1962 1911">
     <span class='ocr_line' id='line_1_17' title="bbox 383 1839 1962 1911; baseline 0.002 -20"><span class='ocrx_word' id='word_1_139' title='bbox 383 1839 510 1892; x_wconf 84' lang='lat' dir='ltr'><strong>tiam</strong></span> <span class='ocrx_word' id='word_1_140' title='bbox 554 1839 695 1908; x_wconf 60' lang='lat' dir='ltr'><strong>(hac</strong></span> <span class='ocrx_word' id='word_1_141' title='bbox 739 1840 883 1894; x_wconf 90' lang='lat' dir='ltr'><strong>enim</strong></span> <span class='ocrx_word' id='word_1_142' title='bbox 913 1840 1092 1896; x_wconf 90' lang='lat' dir='ltr'><strong>omnia</strong></span> <span class='ocrx_word' id='word_1_143' title='bbox 1123 1849 1177 1894; x_wconf 91' lang='lat' dir='ltr'><strong>et</strong></span> <span class='ocrx_word' id='word_1_144' title='bbox 1203 1839 1287 1895; x_wconf 87' lang='lat' dir='ltr'><strong>his</strong></span> <span class='ocrx_word' id='word_1_145' title='bbox 1312 1840 1493 1910; x_wconf 87' lang='lat' dir='ltr'><strong>plura,</strong></span> <span class='ocrx_word' id='word_1_146' title='bbox 1530 1839 1842 1906; x_wconf 74' lang='lat' dir='ltr'><strong>theSaurus,</strong></span> <span class='ocrx_word' id='word_1_147' title='bbox 1873 1842 1962 1911; x_wconf 89' lang='lat' dir='ltr'><strong>qui</strong></span> 
     </span>
    </p>
   </div>
   <div class='ocr_carea' id='block_1_18' title="bbox 381 1930 1965 2001">
    <p class='ocr_par' dir='ltr' id='par_1_18' title="bbox 381 1930 1965 2001">
     <span class='ocr_line' id='line_1_18' title="bbox 381 1930 1965 2001; baseline 0.001 -17"><span class='ocrx_word' id='word_1_148' title='bbox 381 1931 438 1985; x_wconf 91' lang='lat' dir='ltr'><strong>in</strong></span> <span class='ocrx_word' id='word_1_149' title='bbox 485 1930 698 1985; x_wconf 86' lang='lat' dir='ltr'><strong>Psalmo</strong></span> <span class='ocrx_word' id='word_1_150' title='bbox 743 1930 878 1985; x_wconf 87' lang='lat' dir='ltr'><strong>situs</strong></span> <span class='ocrx_word' id='word_1_151' title='bbox 904 1939 988 1985; x_wconf 91' lang='lat' dir='ltr'><strong>est</strong></span> <span class='ocrx_word' id='word_1_152' title='bbox 1009 1971 1023 1997; x_wconf 90' lang='lat'><strong>,</strong></span> <span class='ocrx_word' id='word_1_153' title='bbox 1060 1945 1157 1986; x_wconf 92' lang='lat' dir='ltr'><strong>eos</strong></span> <span class='ocrx_word' id='word_1_154' title='bbox 1182 1930 1337 1986; x_wconf 90' lang='lat' dir='ltr'><strong>docet</strong></span> <span class='ocrx_word' id='word_1_155' title='bbox 1363 1931 1452 2001; x_wconf 88' lang='lat' dir='ltr'><strong>qui</strong></span> <span class='ocrx_word' id='word_1_156' title='bbox 1481 1931 1763 2000; x_wconf 78' lang='lat' dir='ltr'><strong>diligenter</strong></span> <span class='ocrx_word' id='word_1_157' title='bbox 1790 1939 1965 1986; x_wconf 87' lang='lat' dir='ltr'><strong>atten-</strong></span> 
     </span>
    </p>
   </div>
   <div class='ocr_carea' id='block_1_19' title="bbox 372 2020 1966 2092">
    <p class='ocr_par' dir='ltr' id='par_1_19' title="bbox 372 2020 1966 2092">
     <span class='ocr_line' id='line_1_19' title="bbox 372 2020 1966 2092; baseline 0.001 -18"><span class='ocrx_word' id='word_1_158' title='bbox 372 2020 536 2092; x_wconf 64' lang='lat' dir='ltr'><strong>duiut)</strong></span> <span class='ocrx_word' id='word_1_159' title='bbox 553 2060 570 2086; x_wconf 94' lang='lat'><strong>,</strong></span> <span class='ocrx_word' id='word_1_160' title='bbox 613 2021 860 2091; x_wconf 87' lang='lat' dir='ltr'><strong>dogmata</strong></span> <span class='ocrx_word' id='word_1_161' title='bbox 889 2030 1075 2077; x_wconf 77' lang='lat' dir='ltr'><strong>exacte</strong></span> <span class='ocrx_word' id='word_1_162' title='bbox 1098 2021 1463 2077; x_wconf 85' lang='lat' dir='ltr'><strong>custodiamus</strong></span> <span class='ocrx_word' id='word_1_163' title='bbox 1480 2063 1496 2088; x_wconf 94' lang='lat'><strong>,</strong></span> <span class='ocrx_word' id='word_1_164' title='bbox 1525 2033 1581 2077; x_wconf 91' lang='lat' dir='ltr'><strong>et</strong></span> <span class='ocrx_word' id='word_1_165' title='bbox 1608 2022 1966 2078; x_wconf 80' lang='lat' dir='ltr'><strong>conversatio-</strong></span> 
     </span>
    </p>
   </div>
   <div class='ocr_carea' id='block_1_20' title="bbox 379 2112 1966 2185">
    <p class='ocr_par' dir='ltr' id='par_1_20' title="bbox 379 2112 1966 2185">
     <span class='ocr_line' id='line_1_20' title="bbox 379 2112 1966 2185; baseline 0.001 -19"><span class='ocrx_word' id='word_1_166' title='bbox 379 2128 505 2167; x_wconf 86' lang='lat' dir='ltr'><strong>nem</strong></span> <span class='ocrx_word' id='word_1_167' title='bbox 531 2112 596 2167; x_wconf 90' lang='lat' dir='ltr'><strong>iis</strong></span> <span class='ocrx_word' id='word_1_168' title='bbox 620 2112 834 2183; x_wconf 79' lang='lat' dir='ltr'><strong>dignam</strong></span> <span class='ocrx_word' id='word_1_169' title='bbox 860 2114 1205 2183; x_wconf 81' lang='lat' dir='ltr'><strong>ostendamus</strong></span> <span class='ocrx_word' id='word_1_170' title='bbox 1221 2155 1237 2180; x_wconf 90' lang='lat'><strong>,</strong></span> <span class='ocrx_word' id='word_1_171' title='bbox 1271 2114 1328 2167; x_wconf 85' lang='lat' dir='ltr'><strong>ut</strong></span> <span class='ocrx_word' id='word_1_172' title='bbox 1347 2113 1485 2169; x_wconf 90' lang='lat' dir='ltr'><strong>bona</strong></span> <span class='ocrx_word' id='word_1_173' title='bbox 1506 2113 1682 2168; x_wconf 90' lang='lat' dir='ltr'><strong>futura</strong></span> <span class='ocrx_word' id='word_1_174' title='bbox 1708 2127 1966 2185; x_wconf 85' lang='lat' dir='ltr'><strong>assequa-</strong></span> 
     </span>
    </p>
   </div>
   <div class='ocr_carea' id='block_1_21' title="bbox 381 2205 1966 2277">
    <p class='ocr_par' dir='ltr' id='par_1_21' title="bbox 381 2205 1966 2277">
     <span class='ocr_line' id='line_1_21' title="bbox 381 2205 1966 2277; baseline 0.002 -20"><span class='ocrx_word' id='word_1_175' title='bbox 381 2221 503 2263; x_wconf 87' lang='lat' dir='ltr'><strong>mur</strong></span> <span class='ocrx_word' id='word_1_176' title='bbox 552 2222 565 2257; x_wconf 92' lang='lat'><strong>:</strong></span> <span class='ocrx_word' id='word_1_177' title='bbox 612 2206 804 2276; x_wconf 85' lang='lat' dir='ltr'><strong>quibus</strong></span> <span class='ocrx_word' id='word_1_178' title='bbox 848 2221 946 2261; x_wconf 85' lang='lat' dir='ltr'><strong>nos</strong></span> <span class='ocrx_word' id='word_1_179' title='bbox 972 2205 1161 2277; x_wconf 89' lang='lat' dir='ltr'><strong>dignos</strong></span> <span class='ocrx_word' id='word_1_180' title='bbox 1191 2220 1310 2260; x_wconf 85' lang='lat' dir='ltr'><strong>esse</strong></span> <span class='ocrx_word' id='word_1_181' title='bbox 1335 2206 1660 2261; x_wconf 90' lang='lat' dir='ltr'><strong>concedatur</strong></span> <span class='ocrx_word' id='word_1_182' title='bbox 1682 2246 1705 2277; x_wconf 21' lang='grc' dir='ltr'><strong>,η</strong></span> <span class='ocrx_word' id='word_1_183' title='bbox 1723 2206 1889 2275; x_wconf 86' lang='lat' dir='ltr'><strong>gratia</strong></span> <span class='ocrx_word' id='word_1_184' title='bbox 1912 2214 1966 2260; x_wconf 89' lang='lat' dir='ltr'><strong>et</strong></span> 
     </span>
    </p>
   </div>
   <div class='ocr_carea' id='block_1_22' title="bbox 381 2296 1962 2367">
    <p class='ocr_par' dir='ltr' id='par_1_22' title="bbox 381 2296 1962 2367">
     <span class='ocr_line' id='line_1_22' title="bbox 381 2296 1962 2367; baseline -0.001 -15"><span class='ocrx_word' id='word_1_185' title='bbox 381 2297 704 2366; x_wconf 87' lang='lat' dir='ltr'><strong>benignitate</strong></span> <span class='ocrx_word' id='word_1_186' title='bbox 732 2298 939 2352; x_wconf 83' lang='lat' dir='ltr'><strong>Domini</strong></span> <span class='ocrx_word' id='word_1_187' title='bbox 969 2297 1137 2352; x_wconf 88' lang='lat' dir='ltr'><strong>nostri</strong></span> <span class='ocrx_word' id='word_1_188' title='bbox 1166 2296 1292 2352; x_wconf 86' lang='lat' dir='ltr'><strong>Jesu</strong></span> <span class='ocrx_word' id='word_1_189' title='bbox 1319 2296 1553 2363; x_wconf 88' lang='lat' dir='ltr'><strong>Christi,</strong></span> <span class='ocrx_word' id='word_1_190' title='bbox 1580 2312 1702 2352; x_wconf 91' lang='lat' dir='ltr'><strong>cum</strong></span> <span class='ocrx_word' id='word_1_191' title='bbox 1728 2311 1834 2367; x_wconf 89' lang='lat' dir='ltr'><strong>quo</strong></span> <span class='ocrx_word' id='word_1_192' title='bbox 1860 2296 1962 2351; x_wconf 88' lang='lat' dir='ltr'><strong>Pa-</strong></span> 
     </span>
    </p>
   </div>
   <div class='ocr_carea' id='block_1_23' title="bbox 378 2389 1963 2460">
    <p class='ocr_par' dir='ltr' id='par_1_23' title="bbox 378 2389 1963 2460">
     <span class='ocr_line' id='line_1_23' title="bbox 378 2389 1963 2460; baseline -0.001 -17"><span class='ocrx_word' id='word_1_193' title='bbox 378 2389 448 2443; x_wconf 89' lang='lat' dir='ltr'><strong>tri</strong></span> <span class='ocrx_word' id='word_1_194' title='bbox 478 2405 580 2443; x_wconf 86' lang='lat' dir='ltr'><strong>nna</strong></span> <span class='ocrx_word' id='word_1_195' title='bbox 605 2405 725 2444; x_wconf 85' lang='lat' dir='ltr'><strong>cum</strong></span> <span class='ocrx_word' id='word_1_196' title='bbox 752 2398 939 2444; x_wconf 88' lang='lat' dir='ltr'><strong>sancto</strong></span> <span class='ocrx_word' id='word_1_197' title='bbox 958 2390 1157 2460; x_wconf 85' lang='lat' dir='ltr'><strong>Spiritu</strong></span> <span class='ocrx_word' id='word_1_198' title='bbox 1178 2431 1193 2455; x_wconf 94' lang='lat'><strong>,</strong></span> <span class='ocrx_word' id='word_1_199' title='bbox 1227 2389 1396 2443; x_wconf 88' lang='lat' dir='ltr'><strong>honor</strong></span> <span class='ocrx_word' id='word_1_200' title='bbox 1414 2398 1469 2443; x_wconf 90' lang='lat' dir='ltr'><strong>et</strong></span> <span class='ocrx_word' id='word_1_201' title='bbox 1491 2389 1657 2460; x_wconf 79' lang='lat' dir='ltr'><strong>gloria</strong></span> <span class='ocrx_word' id='word_1_202' title='bbox 1690 2389 1741 2442; x_wconf 92' lang='lat' dir='ltr'><strong>in</strong></span> <span class='ocrx_word' id='word_1_203' title='bbox 1770 2390 1963 2444; x_wconf 71' lang='lat' dir='ltr'><strong>smcula</strong></span> 
     </span>
    </p>
   </div>
   <div class='ocr_carea' id='block_1_24' title="bbox 377 2481 942 2536">
    <p class='ocr_par' dir='ltr' id='par_1_24' title="bbox 377 2481 942 2536">
     <span class='ocr_line' id='line_1_24' title="bbox 377 2481 942 2536; baseline -0.002 -1"><span class='ocrx_word' id='word_1_204' title='bbox 377 2481 719 2535; x_wconf 62' lang='lat' dir='ltr'><strong>seculorum.</strong></span> <span class='ocrx_word' id='word_1_205' title='bbox 748 2483 942 2536; x_wconf 80' lang='lat' dir='ltr'><strong>Amen.</strong></span> 
     </span>
    </p>
   </div>
   <div class='ocr_carea' id='block_1_25' title="bbox 655 2636 1684 2710">
    <p class='ocr_par' dir='ltr' id='par_1_25' title="bbox 655 2636 1684 2710">
     <span class='ocr_line' id='line_1_25' title="bbox 655 2636 1684 2710; baseline -0.006 -13"><span class='ocrx_word' id='word_1_206' title='bbox 655 2636 1017 2697; x_wconf 76' lang='lat' dir='ltr'><strong>EXPOSITIO</strong></span> <span class='ocrx_word' id='word_1_207' title='bbox 1046 2638 1116 2694; x_wconf 87' lang='lat' dir='ltr'><strong>IN</strong></span> <span class='ocrx_word' id='word_1_208' title='bbox 1143 2640 1459 2697; x_wconf 76' lang='lat' dir='ltr'><strong>l‘SALMUM</strong></span> <span class='ocrx_word' id='word_1_209' title='bbox 1491 2639 1561 2695; x_wconf 81' lang='lat' dir='ltr'><strong>IX</strong></span> <span class='ocrx_word' id='word_1_210' title='bbox 1591 2640 1684 2710; x_wconf 85' lang='grc' dir='ltr'><strong>(α).</strong></span> 
     </span>
    </p>
   </div>
   <div class='ocr_carea' id='block_1_26' title="bbox 378 2771 1959 2843">
    <p class='ocr_par' dir='ltr' id='par_1_26' title="bbox 378 2771 1959 2843">
     <span class='ocr_line' id='line_1_26' title="bbox 378 2771 1959 2843; baseline 0.003 -17"><span class='ocrx_word' id='word_1_211' title='bbox 378 2774 433 2827; x_wconf 79' lang='grc' dir='ltr'><strong>Ι.</strong></span> <span class='ocrx_word' id='word_1_212' title='bbox 474 2771 541 2826; x_wconf 81' lang='lat' dir='ltr'><strong>In</strong></span> <span class='ocrx_word' id='word_1_213' title='bbox 578 2774 731 2843; x_wconf 84' lang='lat' dir='ltr'><strong>finem</strong></span> <span class='ocrx_word' id='word_1_214' title='bbox 773 2790 865 2843; x_wconf 88' lang='lat' dir='ltr'><strong>pro</strong></span> <span class='ocrx_word' id='word_1_215' title='bbox 897 2776 1107 2828; x_wconf 82' lang='lat' dir='ltr'><strong>occultis</strong></span> <span class='ocrx_word' id='word_1_216' title='bbox 1132 2774 1261 2843; x_wconf 83' lang='lat' dir='ltr'><strong>ﬁlii,</strong></span> <span class='ocrx_word' id='word_1_217' title='bbox 1297 2775 1533 2829; x_wconf 82' lang='lat' dir='ltr'><strong>Psalmus</strong></span> <span class='ocrx_word' id='word_1_218' title='bbox 1560 2774 1739 2829; x_wconf 82' lang='lat' dir='ltr'><strong>David.</strong></span> <span class='ocrx_word' id='word_1_219' title='bbox 1775 2775 1924 2830; x_wconf 90' lang='lat' dir='ltr'><strong>Alius</strong></span> <span class='ocrx_word' id='word_1_220' title='bbox 1945 2819 1959 2842; x_wconf 92' lang='lat'><strong>,</strong></span> 
     </span>
    </p>
   </div>
   <div class='ocr_carea' id='block_1_27' title="bbox 452 2852 1958 2935">
    <p class='ocr_par' dir='ltr' id='par_1_27' title="bbox 452 2852 1958 2935">
     <span class='ocr_line' id='line_1_27' title="bbox 452 2852 1958 2935; baseline 0.003 -17"><span class='ocrx_word' id='word_1_221' title='bbox 452 2852 779 2933; x_wconf 78' lang='lat' dir='ltr'><strong>Triump/talc</strong></span> <span class='ocrx_word' id='word_1_222' title='bbox 814 2881 907 2935; x_wconf 83' lang='lat' dir='ltr'><strong>pro</strong></span> <span class='ocrx_word' id='word_1_223' title='bbox 946 2875 1105 2921; x_wconf 86' lang='lat' dir='ltr'><strong>morte</strong></span> <span class='ocrx_word' id='word_1_224' title='bbox 1139 2866 1236 2934; x_wconf 73' lang='lat' dir='ltr'><strong>ﬁlii</strong></span> <span class='ocrx_word' id='word_1_225' title='bbox 1275 2867 1526 2919; x_wconf 83' lang='lat' dir='ltr'><strong>canticum</strong></span> <span class='ocrx_word' id='word_1_226' title='bbox 1560 2865 1742 2920; x_wconf 85' lang='lat' dir='ltr'><strong>David.</strong></span> <span class='ocrx_word' id='word_1_227' title='bbox 1775 2866 1958 2933; x_wconf 85' lang='lat' dir='ltr'><strong>Alius,</strong></span> 
     </span>
    </p>
   </div>
   <div class='ocr_carea' id='block_1_28' title="bbox 446 2956 864 3023">
    <p class='ocr_par' dir='ltr' id='par_1_28' title="bbox 446 2956 864 3023">
     <span class='ocr_line' id='line_1_28' title="bbox 446 2956 864 3023; baseline -0.007 -12"><span class='ocrx_word' id='word_1_228' title='bbox 446 2956 732 3011; x_wconf 74' lang='lat' dir='ltr'><strong>Iuventutis</strong></span> <span class='ocrx_word' id='word_1_229' title='bbox 749 2956 864 3023; x_wconf 78' lang='lat' dir='ltr'><strong>ﬁlii.</strong></span> 
     </span>
    </p>
   </div>
   <div class='ocr_carea' id='block_1_29' title="bbox 375 3067 1959 3137">
    <p class='ocr_par' dir='ltr' id='par_1_29' title="bbox 375 3067 1959 3137">
     <span class='ocr_line' id='line_1_29' title="bbox 375 3067 1959 3137; baseline -0.001 -13"><span class='ocrx_word' id='word_1_230' title='bbox 375 3069 429 3124; x_wconf 70' lang='grc'><strong>2.</strong></span> <span class='ocrx_word' id='word_1_231' title='bbox 465 3069 754 3137; x_wconf 82' lang='lat' dir='ltr'><strong>Conﬁtebor</strong></span> <span class='ocrx_word' id='word_1_232' title='bbox 782 3070 902 3131; x_wconf 90' lang='lat' dir='ltr'><strong>tibi,</strong></span> <span class='ocrx_word' id='word_1_233' title='bbox 929 3067 1174 3132; x_wconf 87' lang='lat' dir='ltr'><strong>Domine,</strong></span> <span class='ocrx_word' id='word_1_234' title='bbox 1204 3070 1256 3123; x_wconf 87' lang='lat' dir='ltr'><strong>in</strong></span> <span class='ocrx_word' id='word_1_235' title='bbox 1282 3079 1384 3124; x_wconf 90' lang='lat' dir='ltr'><strong>toto</strong></span> <span class='ocrx_word' id='word_1_236' title='bbox 1407 3069 1556 3123; x_wconf 73' lang='lat' dir='ltr'><strong>cardo</strong></span> <span class='ocrx_word' id='word_1_237' title='bbox 1574 3084 1711 3134; x_wconf 84' lang='lat' dir='ltr'><strong>meo,</strong></span> <span class='ocrx_word' id='word_1_238' title='bbox 1744 3069 1959 3123; x_wconf 85' lang='lat' dir='ltr'><strong>narrabo</strong></span> 
     </span>
    </p>
   </div>
   <div class='ocr_carea' id='block_1_30' title="bbox 445 3161 1024 3216">
    <p class='ocr_par' dir='ltr' id='par_1_30' title="bbox 445 3161 1024 3216">
     <span class='ocr_line' id='line_1_30' title="bbox 445 3161 1024 3216; baseline 0 -1"><span class='ocrx_word' id='word_1_239' title='bbox 445 3163 615 3216; x_wconf 88' lang='lat' dir='ltr'><strong>omnia</strong></span> <span class='ocrx_word' id='word_1_240' title='bbox 644 3161 893 3215; x_wconf 83' lang='lat' dir='ltr'><strong>mirabilia</strong></span> <span class='ocrx_word' id='word_1_241' title='bbox 919 3171 1024 3216; x_wconf 86' lang='lat' dir='ltr'><strong>tua.</strong></span> 
     </span>
    </p>
   </div>
   <div class='ocr_carea' id='block_1_31' title="bbox 444 3294 1958 3369">
    <p class='ocr_par' dir='ltr' id='par_1_31' title="bbox 444 3294 1958 3369">
     <span class='ocr_line' id='line_1_31' title="bbox 444 3294 1958 3369; baseline 0.002 -18"><span class='ocrx_word' id='word_1_242' title='bbox 444 3298 470 3351; x_wconf 73' lang='lat' dir='ltr'><strong>i</strong></span> <span class='ocrx_word' id='word_1_243' title='bbox 483 3335 498 3350; x_wconf 93' lang='lat'><strong>.</strong></span> <span class='ocrx_word' id='word_1_244' title='bbox 522 3294 783 3367; x_wconf 73' lang='lat' dir='ltr'><strong>Confessio</strong></span> <span class='ocrx_word' id='word_1_245' title='bbox 803 3296 1009 3365; x_wconf 72' lang='lat' dir='ltr'><strong>duplex.</strong></span> <span class='ocrx_word' id='word_1_246' title='bbox 1033 3296 1235 3362; x_wconf 83' lang='lat' dir='ltr'><strong>Quanta</strong></span> <span class='ocrx_word' id='word_1_247' title='bbox 1256 3312 1334 3351; x_wconf 84' lang='lat' dir='ltr'><strong>res</strong></span> <span class='ocrx_word' id='word_1_248' title='bbox 1349 3297 1412 3351; x_wconf 79' lang='lat' dir='ltr'><strong>sit</strong></span> <span class='ocrx_word' id='word_1_249' title='bbox 1431 3298 1621 3368; x_wconf 79' lang='lat' dir='ltr'><strong>gratias</strong></span> <span class='ocrx_word' id='word_1_250' title='bbox 1642 3314 1792 3369; x_wconf 82' lang='lat' dir='ltr'><strong>agere</strong></span> <span class='ocrx_word' id='word_1_251' title='bbox 1810 3300 1958 3354; x_wconf 81' lang='lat' dir='ltr'><strong>etiam</strong></span> 
     </span>
    </p>
   </div>
   <div class='ocr_carea' id='block_1_32' title="bbox 373 3388 1959 3459">
    <p class='ocr_par' dir='ltr' id='par_1_32' title="bbox 373 3388 1959 3459">
     <span class='ocr_line' id='line_1_32' title="bbox 373 3388 1959 3459; baseline 0.002 -15"><span class='ocrx_word' id='word_1_252' title='bbox 373 3407 467 3459; x_wconf 73' lang='lat' dir='ltr'><strong>pro</strong></span> <span class='ocrx_word' id='word_1_253' title='bbox 484 3389 1017 3458; x_wconf 56' lang='lat' dir='ltr'><strong>adversis—Longus</strong></span> <span class='ocrx_word' id='word_1_254' title='bbox 1034 3398 1116 3443; x_wconf 90' lang='lat' dir='ltr'><strong>est</strong></span> <span class='ocrx_word' id='word_1_255' title='bbox 1145 3388 1230 3444; x_wconf 92' lang='lat' dir='ltr'><strong>hic</strong></span> <span class='ocrx_word' id='word_1_256' title='bbox 1252 3389 1510 3445; x_wconf 87' lang='lat' dir='ltr'><strong>Psalmus.</strong></span> <span class='ocrx_word' id='word_1_257' title='bbox 1536 3390 1646 3444; x_wconf 88' lang='lat' dir='ltr'><strong>Hoc</strong></span> <span class='ocrx_word' id='word_1_258' title='bbox 1672 3400 1848 3446; x_wconf 87' lang='lat' dir='ltr'><strong>autem</strong></span> <span class='ocrx_word' id='word_1_259' title='bbox 1875 3400 1959 3447; x_wconf 83' lang='lat' dir='ltr'><strong>est</strong></span> 
     </span>
    </p>
   </div>
   <div class='ocr_carea' id='block_1_33' title="bbox 365 3479 1955 3551">
    <p class='ocr_par' dir='ltr' id='par_1_33' title="bbox 365 3479 1955 3551">
     <span class='ocr_line' id='line_1_33' title="bbox 365 3479 1955 3551; baseline 0.001 -14"><span class='ocrx_word' id='word_1_260' title='bbox 365 3481 530 3537; x_wconf 84' lang='lat' dir='ltr'><strong>etiam</strong></span> <span class='ocrx_word' id='word_1_261' title='bbox 558 3480 832 3550; x_wconf 77' lang='lat' dir='ltr'><strong>sapientia:</strong></span> <span class='ocrx_word' id='word_1_262' title='bbox 851 3479 1096 3550; x_wconf 88' lang='lat' dir='ltr'><strong>Spiritus.</strong></span> <span class='ocrx_word' id='word_1_263' title='bbox 1112 3481 1293 3551; x_wconf 87' lang='lat' dir='ltr'><strong>Neque</strong></span> <span class='ocrx_word' id='word_1_264' title='bbox 1319 3482 1460 3537; x_wconf 89' lang='lat' dir='ltr'><strong>enim</strong></span> <span class='ocrx_word' id='word_1_265' title='bbox 1483 3482 1606 3537; x_wconf 82' lang='lat' dir='ltr'><strong>fecit</strong></span> <span class='ocrx_word' id='word_1_266' title='bbox 1630 3496 1815 3537; x_wconf 88' lang='lat' dir='ltr'><strong>omnes</strong></span> <span class='ocrx_word' id='word_1_267' title='bbox 1832 3483 1955 3538; x_wconf 89' lang='lat' dir='ltr'><strong>bre-</strong></span> 
     </span>
    </p>
   </div>
   <div class='ocr_carea' id='block_1_34' title="bbox 372 3570 1954 3643">
    <p class='ocr_par' dir='ltr' id='par_1_34' title="bbox 372 3570 1954 3643">
     <span class='ocr_line' id='line_1_34' title="bbox 372 3570 1954 3643; baseline 0.001 -16"><span class='ocrx_word' id='word_1_268' title='bbox 372 3588 490 3638; x_wconf 86' lang='lat' dir='ltr'><strong>ves,</strong></span> <span class='ocrx_word' id='word_1_269' title='bbox 517 3587 688 3642; x_wconf 86' lang='lat' dir='ltr'><strong>neque</strong></span> <span class='ocrx_word' id='word_1_270' title='bbox 708 3586 896 3628; x_wconf 86' lang='lat' dir='ltr'><strong>omnes</strong></span> <span class='ocrx_word' id='word_1_271' title='bbox 926 3570 1051 3629; x_wconf 86' lang='lat' dir='ltr'><strong>fecit</strong></span> <span class='ocrx_word' id='word_1_272' title='bbox 1078 3573 1329 3641; x_wconf 84' lang='lat' dir='ltr'><strong>prolixos,</strong></span> <span class='ocrx_word' id='word_1_273' title='bbox 1358 3572 1452 3628; x_wconf 90' lang='lat' dir='ltr'><strong>sed</strong></span> <span class='ocrx_word' id='word_1_274' title='bbox 1486 3574 1759 3643; x_wconf 88' lang='lat' dir='ltr'><strong>multiplici</strong></span> <span class='ocrx_word' id='word_1_275' title='bbox 1799 3589 1954 3629; x_wconf 88' lang='lat' dir='ltr'><strong>men-</strong></span> 
     </span>
    </p>
   </div>
   <div class='ocr_carea' id='block_1_35' title="bbox 371 3663 1956 3736">
    <p class='ocr_par' dir='ltr' id='par_1_35' title="bbox 371 3663 1956 3736">
     <span class='ocr_line' id='line_1_35' title="bbox 371 3663 1956 3736; baseline 0.003 -19"><span class='ocrx_word' id='word_1_276' title='bbox 371 3679 497 3718; x_wconf 86' lang='lat' dir='ltr'><strong>sura</strong></span> <span class='ocrx_word' id='word_1_277' title='bbox 520 3663 659 3720; x_wconf 89' lang='lat' dir='ltr'><strong>hunc</strong></span> <span class='ocrx_word' id='word_1_278' title='bbox 680 3664 870 3721; x_wconf 88' lang='lat' dir='ltr'><strong>librum</strong></span> <span class='ocrx_word' id='word_1_279' title='bbox 899 3664 1147 3730; x_wconf 86' lang='lat' dir='ltr'><strong>variavit,</strong></span> <span class='ocrx_word' id='word_1_280' title='bbox 1181 3665 1504 3735; x_wconf 86' lang='lat' dir='ltr'><strong>longitudine</strong></span> <span class='ocrx_word' id='word_1_281' title='bbox 1530 3666 1741 3736; x_wconf 85' lang='lat' dir='ltr'><strong>quidem</strong></span> <span class='ocrx_word' id='word_1_282' title='bbox 1769 3681 1956 3722; x_wconf 66' lang='lat' dir='ltr'><strong>socoro</strong></span> 
     </span>
    </p>
   </div>
   <div class='ocr_carea' id='block_1_36' title="bbox 369 3755 1958 3828">
    <p class='ocr_par' dir='ltr' id='par_1_36' title="bbox 369 3755 1958 3828">
     <span class='ocr_line' id='line_1_36' title="bbox 369 3755 1958 3828; baseline 0.001 -15"><span class='ocrx_word' id='word_1_283' title='bbox 369 3755 515 3813; x_wconf 84' lang='lat' dir='ltr'><strong>diam</strong></span> <span class='ocrx_word' id='word_1_284' title='bbox 532 3756 799 3819; x_wconf 78' lang='lat' dir='ltr'><strong>excitans,</strong></span> <span class='ocrx_word' id='word_1_285' title='bbox 825 3755 1081 3812; x_wconf 86' lang='lat' dir='ltr'><strong>brevitate</strong></span> <span class='ocrx_word' id='word_1_286' title='bbox 1102 3766 1277 3812; x_wconf 88' lang='lat' dir='ltr'><strong>autem</strong></span> <span class='ocrx_word' id='word_1_287' title='bbox 1307 3758 1486 3811; x_wconf 89' lang='lat' dir='ltr'><strong>levans</strong></span> <span class='ocrx_word' id='word_1_288' title='bbox 1515 3758 1958 3828; x_wconf 82' lang='lat' dir='ltr'><strong>laborem.Cou/i-</strong></span> 
     </span>
    </p>
   </div>
   <div class='ocr_carea' id='block_1_37' title="bbox 369 3845 1957 3915">
    <p class='ocr_par' dir='ltr' id='par_1_37' title="bbox 369 3845 1957 3915">
     <span class='ocr_line' id='line_1_37' title="bbox 369 3845 1957 3915; baseline 0.003 -13"><span class='ocrx_word' id='word_1_289' title='bbox 369 3848 510 3902; x_wconf 69' lang='lat' dir='ltr'><strong>labor</strong></span> <span class='ocrx_word' id='word_1_290' title='bbox 538 3847 660 3912; x_wconf 89' lang='lat' dir='ltr'><strong>tibi,</strong></span> <span class='ocrx_word' id='word_1_291' title='bbox 686 3845 936 3914; x_wconf 84' lang='lat' dir='ltr'><strong>Domine,</strong></span> <span class='ocrx_word' id='word_1_292' title='bbox 982 3848 1036 3903; x_wconf 81' lang='lat' dir='ltr'><strong>in</strong></span> <span class='ocrx_word' id='word_1_293' title='bbox 1066 3856 1169 3903; x_wconf 84' lang='lat' dir='ltr'><strong>toto</strong></span> <span class='ocrx_word' id='word_1_294' title='bbox 1195 3850 1346 3903; x_wconf 84' lang='lat' dir='ltr'><strong>corde</strong></span> <span class='ocrx_word' id='word_1_295' title='bbox 1371 3866 1481 3905; x_wconf 85' lang='lat' dir='ltr'><strong>meo</strong></span> <span class='ocrx_word' id='word_1_296' title='bbox 1498 3892 1514 3915; x_wconf 92' lang='lat'><strong>,</strong></span> <span class='ocrx_word' id='word_1_297' title='bbox 1541 3851 1757 3907; x_wconf 82' lang='lat' dir='ltr'><strong>narrabo</strong></span> <span class='ocrx_word' id='word_1_298' title='bbox 1788 3852 1957 3907; x_wconf 86' lang='lat' dir='ltr'><strong>omnia</strong></span> 
     </span>
    </p>
   </div>
   <div class='ocr_carea' id='block_1_38' title="bbox 371 3937 1956 4013">
    <p class='ocr_par' dir='ltr' id='par_1_38' title="bbox 371 3937 1956 4013">
     <span class='ocr_line' id='line_1_38' title="bbox 371 3937 1956 4013; baseline 0.008 -23"><span class='ocrx_word' id='word_1_299' title='bbox 371 3937 626 3995; x_wconf 76' lang='lat' dir='ltr'><strong>mirabilia</strong></span> <span class='ocrx_word' id='word_1_300' title='bbox 670 3948 777 3993; x_wconf 84' lang='lat' dir='ltr'><strong>tua.</strong></span> <span class='ocrx_word' id='word_1_301' title='bbox 816 3939 1017 4009; x_wconf 81' lang='lat' dir='ltr'><strong>Duplex</strong></span> <span class='ocrx_word' id='word_1_302' title='bbox 1044 3948 1122 3996; x_wconf 86' lang='lat' dir='ltr'><strong>est</strong></span> <span class='ocrx_word' id='word_1_303' title='bbox 1160 3956 1328 4013; x_wconf 89' lang='lat' dir='ltr'><strong>genus</strong></span> <span class='ocrx_word' id='word_1_304' title='bbox 1353 3941 1727 3999; x_wconf 85' lang='lat' dir='ltr'><strong>confessionis.</strong></span> <span class='ocrx_word' id='word_1_305' title='bbox 1752 3945 1847 4002; x_wconf 80' lang='lat' dir='ltr'><strong>Vel</strong></span> <span class='ocrx_word' id='word_1_306' title='bbox 1872 3955 1956 4002; x_wconf 90' lang='lat' dir='ltr'><strong>est</strong></span> 
     </span>
    </p>
   </div>
   <div class='ocr_carea' id='block_1_39' title="bbox 369 4030 1953 4106">
    <p class='ocr_par' dir='ltr' id='par_1_39' title="bbox 369 4030 1953 4106">
     <span class='ocr_line' id='line_1_39' title="bbox 369 4030 1953 4106; baseline 0.006 -22"><span class='ocrx_word' id='word_1_307' title='bbox 369 4030 515 4085; x_wconf 89' lang='lat' dir='ltr'><strong>enim</strong></span> <span class='ocrx_word' id='word_1_308' title='bbox 561 4031 896 4099; x_wconf 86' lang='lat' dir='ltr'><strong>propriorum</strong></span> <span class='ocrx_word' id='word_1_309' title='bbox 939 4041 1277 4102; x_wconf 89' lang='lat' dir='ltr'><strong>peccatorum</strong></span> <span class='ocrx_word' id='word_1_310' title='bbox 1315 4035 1725 4106; x_wconf 90' lang='lat' dir='ltr'><strong>condemnatio,</strong></span> <span class='ocrx_word' id='word_1_311' title='bbox 1768 4040 1852 4094; x_wconf 88' lang='lat' dir='ltr'><strong>vel</strong></span> <span class='ocrx_word' id='word_1_312' title='bbox 1901 4041 1953 4094; x_wconf 84' lang='lat' dir='ltr'><strong>in</strong></span> 
     </span>
    </p>
   </div>
   <div class='ocr_carea' id='block_1_40' title="bbox 378 4121 1958 4200">
    <p class='ocr_par' dir='ltr' id='par_1_40' title="bbox 378 4121 1958 4200">
     <span class='ocr_line' id='line_1_40' title="bbox 378 4121 1958 4200; baseline 0.005 -23"><span class='ocrx_word' id='word_1_313' title='bbox 378 4121 544 4177; x_wconf 79' lang='lat' dir='ltr'><strong>Deum</strong></span> <span class='ocrx_word' id='word_1_314' title='bbox 578 4121 863 4191; x_wconf 80' lang='lat' dir='ltr'><strong>gratiarum</strong></span> <span class='ocrx_word' id='word_1_315' title='bbox 900 4123 1063 4178; x_wconf 88' lang='lat' dir='ltr'><strong>actio.</strong></span> <span class='ocrx_word' id='word_1_316' title='bbox 1107 4124 1205 4180; x_wconf 83' lang='lat' dir='ltr'><strong>Hie</strong></span> <span class='ocrx_word' id='word_1_317' title='bbox 1237 4126 1448 4196; x_wconf 87' lang='lat' dir='ltr'><strong>quidem</strong></span> <span class='ocrx_word' id='word_1_318' title='bbox 1476 4128 1740 4199; x_wconf 85' lang='lat' dir='ltr'><strong>signiﬁcat</strong></span> <span class='ocrx_word' id='word_1_319' title='bbox 1763 4133 1958 4200; x_wconf 83' lang='lat' dir='ltr'><strong>gratia-</strong></span> 
     </span>
    </p>
   </div>
   <div class='ocr_carea' id='block_1_41' title="bbox 373 4214 1958 4286">
    <p class='ocr_par' dir='ltr' id='par_1_41' title="bbox 373 4214 1958 4286">
     <span class='ocr_line' id='line_1_41' title="bbox 373 4214 1958 4286; baseline 0.008 -20"><span class='ocrx_word' id='word_1_320' title='bbox 373 4229 492 4269; x_wconf 84' lang='lat' dir='ltr'><strong>rum</strong></span> <span class='ocrx_word' id='word_1_321' title='bbox 540 4215 828 4270; x_wconf 83' lang='lat' dir='ltr'><strong>actionem.</strong></span> <span class='ocrx_word' id='word_1_322' title='bbox 868 4214 1005 4282; x_wconf 88' lang='lat' dir='ltr'><strong>Quid</strong></span> <span class='ocrx_word' id='word_1_323' title='bbox 1044 4227 1127 4273; x_wconf 90' lang='lat' dir='ltr'><strong>est</strong></span> <span class='ocrx_word' id='word_1_324' title='bbox 1166 4228 1378 4286; x_wconf 86' lang='lat' dir='ltr'><strong>autem,</strong></span> <span class='ocrx_word' id='word_1_325' title='bbox 1407 4218 1475 4277; x_wconf 82' lang='lat' dir='ltr'><strong>In</strong></span> <span class='ocrx_word' id='word_1_326' title='bbox 1500 4231 1602 4275; x_wconf 88' lang='lat' dir='ltr'><strong>loto</strong></span> <span class='ocrx_word' id='word_1_327' title='bbox 1626 4223 1777 4278; x_wconf 76' lang='lat' dir='ltr'><strong>corde</strong></span> <span class='ocrx_word' id='word_1_328' title='bbox 1797 4240 1906 4278; x_wconf 84' lang='lat' dir='ltr'><strong>meo</strong></span> <span class='ocrx_word' id='word_1_329' title='bbox 1930 4226 1958 4280; x_wconf 72' lang='grc' dir='ltr'><strong>Σ)</strong></span> 
     </span>
    </p>
   </div>
   <div class='ocr_carea' id='block_1_42' title="bbox 371 4304 1954 4385">
    <p class='ocr_par' dir='ltr' id='par_1_42' title="bbox 371 4304 1954 4385">
     <span class='ocr_line' id='line_1_42' title="bbox 371 4304 1954 4385; baseline 0.009 -28"><span class='ocrx_word' id='word_1_330' title='bbox 371 4304 506 4362; x_wconf 80' lang='lat' dir='ltr'><strong>Cum</strong></span> <span class='ocrx_word' id='word_1_331' title='bbox 537 4307 683 4363; x_wconf 88' lang='lat' dir='ltr'><strong>oumi</strong></span> <span class='ocrx_word' id='word_1_332' title='bbox 712 4306 986 4363; x_wconf 80' lang='lat' dir='ltr'><strong>alacritate</strong></span> <span class='ocrx_word' id='word_1_333' title='bbox 1014 4309 1212 4376; x_wconf 91' lang='lat' dir='ltr'><strong>animi,</strong></span> <span class='ocrx_word' id='word_1_334' title='bbox 1242 4325 1362 4366; x_wconf 87' lang='lat' dir='ltr'><strong>cum</strong></span> <span class='ocrx_word' id='word_1_335' title='bbox 1387 4313 1592 4378; x_wconf 88' lang='lat' dir='ltr'><strong>studio,</strong></span> <span class='ocrx_word' id='word_1_336' title='bbox 1619 4314 1808 4385; x_wconf 90' lang='lat' dir='ltr'><strong>inquit.</strong></span> <span class='ocrx_word' id='word_1_337' title='bbox 1837 4316 1954 4371; x_wconf 86' lang='lat' dir='ltr'><strong>Non</strong></span> 
     </span>
    </p>
   </div>
   <div class='ocr_carea' id='block_1_43' title="bbox 368 4404 1956 4479">
    <p class='ocr_par' dir='ltr' id='par_1_43' title="bbox 368 4404 1956 4479">
     <span class='ocr_line' id='line_1_43' title="bbox 368 4404 1956 4479; baseline 0.008 -28"><span class='ocrx_word' id='word_1_338' title='bbox 368 4411 471 4465; x_wconf 73' lang='lat' dir='ltr'><strong>pro</strong></span> <span class='ocrx_word' id='word_1_339' title='bbox 498 4412 677 4453; x_wconf 86' lang='lat' dir='ltr'><strong>rerum</strong></span> <span class='ocrx_word' id='word_1_340' title='bbox 703 4413 958 4468; x_wconf 85' lang='lat' dir='ltr'><strong>prospero</strong></span> <span class='ocrx_word' id='word_1_341' title='bbox 982 4416 1233 4457; x_wconf 88' lang='lat' dir='ltr'><strong>successu</strong></span> <span class='ocrx_word' id='word_1_342' title='bbox 1252 4444 1271 4471; x_wconf 89' lang='lat'><strong>,</strong></span> <span class='ocrx_word' id='word_1_343' title='bbox 1293 4404 1387 4460; x_wconf 89' lang='lat' dir='ltr'><strong>sed</strong></span> <span class='ocrx_word' id='word_1_344' title='bbox 1414 4407 1574 4462; x_wconf 86' lang='lat' dir='ltr'><strong>etiam</strong></span> <span class='ocrx_word' id='word_1_345' title='bbox 1596 4418 1810 4479; x_wconf 89' lang='lat' dir='ltr'><strong>propter</strong></span> <span class='ocrx_word' id='word_1_346' title='bbox 1829 4425 1956 4465; x_wconf 84' lang='lat' dir='ltr'><strong>con-</strong></span> 
     </span>
    </p>
   </div>
   <div class='ocr_carea' id='block_1_44' title="bbox 374 4487 1953 4565">
    <p class='ocr_par' dir='ltr' id='par_1_44' title="bbox 374 4487 1953 4565">
     <span class='ocr_line' id='line_1_44' title="bbox 374 4487 1953 4565; baseline 0.011 -25"><span class='ocrx_word' id='word_1_347' title='bbox 374 4488 558 4542; x_wconf 86' lang='lat' dir='ltr'><strong>traria.</strong></span> <span class='ocrx_word' id='word_1_348' title='bbox 608 4487 721 4545; x_wconf 82' lang='lat' dir='ltr'><strong>Hoc</strong></span> <span class='ocrx_word' id='word_1_349' title='bbox 762 4489 903 4545; x_wconf 88' lang='lat' dir='ltr'><strong>enim</strong></span> <span class='ocrx_word' id='word_1_350' title='bbox 935 4499 1017 4547; x_wconf 85' lang='lat' dir='ltr'><strong>est</strong></span> <span class='ocrx_word' id='word_1_351' title='bbox 1052 4493 1283 4548; x_wconf 73' lang='lat' dir='ltr'><strong>maxime</strong></span> <span class='ocrx_word' id='word_1_352' title='bbox 1325 4496 1462 4564; x_wconf 88' lang='lat' dir='ltr'><strong>grati</strong></span> <span class='ocrx_word' id='word_1_353' title='bbox 1502 4499 1706 4565; x_wconf 89' lang='lat' dir='ltr'><strong>animi,</strong></span> <span class='ocrx_word' id='word_1_354' title='bbox 1739 4498 1840 4555; x_wconf 91' lang='lat' dir='ltr'><strong>hoc</strong></span> <span class='ocrx_word' id='word_1_355' title='bbox 1864 4516 1953 4556; x_wconf 86' lang='lat' dir='ltr'><strong>sa-</strong></span> 
     </span>
    </p>
   </div>
   <div class='ocr_carea' id='block_1_45' title="bbox 374 4579 1953 4658">
    <p class='ocr_par' dir='ltr' id='par_1_45' title="bbox 374 4579 1953 4658">
     <span class='ocr_line' id='line_1_45' title="bbox 374 4579 1953 4658; baseline 0.012 -28"><span class='ocrx_word' id='word_1_356' title='bbox 374 4579 585 4648; x_wconf 71' lang='lat' dir='ltr'><strong>pientia:</strong></span> <span class='ocrx_word' id='word_1_357' title='bbox 622 4579 848 4636; x_wconf 82' lang='lat' dir='ltr'><strong>studiosi</strong></span> <span class='ocrx_word' id='word_1_358' title='bbox 868 4621 886 4645; x_wconf 90' lang='lat'><strong>,</strong></span> <span class='ocrx_word' id='word_1_359' title='bbox 930 4580 983 4639; x_wconf 92' lang='lat' dir='ltr'><strong>in</strong></span> <span class='ocrx_word' id='word_1_360' title='bbox 1028 4583 1187 4639; x_wconf 85' lang='lat' dir='ltr'><strong>rebus</strong></span> <span class='ocrx_word' id='word_1_361' title='bbox 1220 4585 1378 4641; x_wconf 87' lang='lat' dir='ltr'><strong>etiam</strong></span> <span class='ocrx_word' id='word_1_362' title='bbox 1407 4594 1612 4658; x_wconf 83' lang='lat' dir='ltr'><strong>asperis</strong></span> <span class='ocrx_word' id='word_1_363' title='bbox 1637 4600 1692 4647; x_wconf 88' lang='lat' dir='ltr'><strong>et</strong></span> <span class='ocrx_word' id='word_1_364' title='bbox 1714 4592 1953 4650; x_wconf 85' lang='lat' dir='ltr'><strong>adversis</strong></span> 
     </span>
    </p>
   </div>
   <div class='ocr_carea' id='block_1_46' title="bbox 369 4672 1951 4751">
    <p class='ocr_par' dir='ltr' id='par_1_46' title="bbox 369 4672 1951 4751">
     <span class='ocr_line' id='line_1_46' title="bbox 369 4672 1951 4751; baseline 0.011 -26"><span class='ocrx_word' id='word_1_365' title='bbox 369 4672 571 4741; x_wconf 83' lang='lat' dir='ltr'><strong>gratias</strong></span> <span class='ocrx_word' id='word_1_366' title='bbox 621 4688 780 4742; x_wconf 87' lang='lat' dir='ltr'><strong>agere</strong></span> <span class='ocrx_word' id='word_1_367' title='bbox 800 4713 814 4736; x_wconf 87' lang='lat'><strong>,</strong></span> <span class='ocrx_word' id='word_1_368' title='bbox 862 4689 961 4743; x_wconf 91' lang='lat' dir='ltr'><strong>pro</strong></span> <span class='ocrx_word' id='word_1_369' title='bbox 1004 4676 1252 4733; x_wconf 84' lang='lat' dir='ltr'><strong>omnibus</strong></span> <span class='ocrx_word' id='word_1_370' title='bbox 1298 4678 1466 4748; x_wconf 86' lang='lat' dir='ltr'><strong>gloria</strong></span> <span class='ocrx_word' id='word_1_371' title='bbox 1511 4681 1678 4738; x_wconf 90' lang='lat' dir='ltr'><strong>Deum</strong></span> <span class='ocrx_word' id='word_1_372' title='bbox 1704 4685 1951 4751; x_wconf 87' lang='lat' dir='ltr'><strong>afﬁcere,</strong></span> 
     </span>
    </p>
   </div>
   <div class='ocr_carea' id='block_1_47' title="bbox 376 4763 1950 4846">
    <p class='ocr_par' dir='ltr' id='par_1_47' title="bbox 376 4763 1950 4846">
     <span class='ocr_line' id='line_1_47' title="bbox 376 4763 1950 4846; baseline 0.01 -29"><span class='ocrx_word' id='word_1_373' title='bbox 376 4780 480 4821; x_wconf 86' lang='lat' dir='ltr'><strong>non</strong></span> <span class='ocrx_word' id='word_1_374' title='bbox 521 4763 695 4821; x_wconf 88' lang='lat' dir='ltr'><strong>solum</strong></span> <span class='ocrx_word' id='word_1_375' title='bbox 740 4779 837 4833; x_wconf 86' lang='lat' dir='ltr'><strong>pro</strong></span> <span class='ocrx_word' id='word_1_376' title='bbox 879 4766 1153 4822; x_wconf 87' lang='lat' dir='ltr'><strong>beneﬁciis</strong></span> <span class='ocrx_word' id='word_1_377' title='bbox 1176 4810 1194 4834; x_wconf 86' lang='lat'><strong>,</strong></span> <span class='ocrx_word' id='word_1_378' title='bbox 1234 4769 1329 4824; x_wconf 87' lang='lat' dir='ltr'><strong>sed</strong></span> <span class='ocrx_word' id='word_1_379' title='bbox 1352 4771 1512 4827; x_wconf 87' lang='lat' dir='ltr'><strong>etiam</strong></span> <span class='ocrx_word' id='word_1_380' title='bbox 1535 4788 1634 4844; x_wconf 87' lang='lat' dir='ltr'><strong>pro</strong></span> <span class='ocrx_word' id='word_1_381' title='bbox 1658 4778 1950 4846; x_wconf 89' lang='lat' dir='ltr'><strong>suppliciis.</strong></span> 
     </span>
    </p>
   </div>
   <div class='ocr_carea' id='block_1_48' title="bbox 376 4854 1955 4926">
    <p class='ocr_par' dir='ltr' id='par_1_48' title="bbox 376 4854 1955 4926">
     <span class='ocr_line' id='line_1_48' title="bbox 376 4854 1955 4926; baseline 0.009 -18"><span class='ocrx_word' id='word_1_382' title='bbox 376 4854 488 4909; x_wconf 89' lang='lat' dir='ltr'><strong>lloc</strong></span> <span class='ocrx_word' id='word_1_383' title='bbox 527 4855 672 4909; x_wconf 88' lang='lat' dir='ltr'><strong>enim</strong></span> <span class='ocrx_word' id='word_1_384' title='bbox 701 4855 959 4926; x_wconf 87' lang='lat' dir='ltr'><strong>majorem</strong></span> <span class='ocrx_word' id='word_1_385' title='bbox 996 4859 1296 4916; x_wconf 88' lang='lat' dir='ltr'><strong>mercedem</strong></span> <span class='ocrx_word' id='word_1_386' title='bbox 1325 4863 1592 4919; x_wconf 83' lang='lat' dir='ltr'><strong>conciliat.</strong></span> <span class='ocrx_word' id='word_1_387' title='bbox 1626 4866 1753 4923; x_wconf 87' lang='lat' dir='ltr'><strong>Nam</strong></span> <span class='ocrx_word' id='word_1_388' title='bbox 1783 4869 1833 4923; x_wconf 89' lang='lat' dir='ltr'><strong>in</strong></span> <span class='ocrx_word' id='word_1_389' title='bbox 1860 4868 1955 4925; x_wconf 84' lang='lat' dir='ltr'><strong>bo-</strong></span> 
     </span>
    </p>
   </div>
   <div class='ocr_carea' id='block_1_49' title="bbox 376 4945 1953 5020">
    <p class='ocr_par' dir='ltr' id='par_1_49' title="bbox 376 4945 1953 5020">
     <span class='ocr_line' id='line_1_49' title="bbox 376 4945 1953 5020; baseline 0.013 -20"><span class='ocrx_word' id='word_1_390' title='bbox 376 4945 456 5001; x_wconf 89' lang='lat' dir='ltr'><strong>nis</strong></span> <span class='ocrx_word' id='word_1_391' title='bbox 474 4946 688 5016; x_wconf 87' lang='lat' dir='ltr'><strong>quidem</strong></span> <span class='ocrx_word' id='word_1_392' title='bbox 713 4948 920 5018; x_wconf 81' lang='lat' dir='ltr'><strong>gratias.</strong></span> <span class='ocrx_word' id='word_1_393' title='bbox 938 4964 1121 5020; x_wconf 87' lang='lat' dir='ltr'><strong>agens,</strong></span> <span class='ocrx_word' id='word_1_394' title='bbox 1147 4952 1422 5010; x_wconf 85' lang='lat' dir='ltr'><strong>reddidisti</strong></span> <span class='ocrx_word' id='word_1_395' title='bbox 1451 4956 1688 5013; x_wconf 88' lang='lat' dir='ltr'><strong>debitum</strong></span> <span class='ocrx_word' id='word_1_396' title='bbox 1723 4979 1736 5016; x_wconf 91' lang='lat'><strong>:</strong></span> <span class='ocrx_word' id='word_1_397' title='bbox 1763 4963 1815 5016; x_wconf 92' lang='lat' dir='ltr'><strong>in</strong></span> <span class='ocrx_word' id='word_1_398' title='bbox 1836 4979 1953 5019; x_wconf 89' lang='lat' dir='ltr'><strong>ma-</strong></span> 
     </span>
    </p>
   </div>
   <div class='ocr_carea' id='block_1_50' title="bbox 434 5036 1957 5151">
    <p class='ocr_par' dir='ltr' id='par_1_50' title="bbox 434 5036 1957 5151">
     <span class='ocr_line' id='line_1_50' title="bbox 434 5036 1957 5151; baseline 0.016 -65"><span class='ocrx_word' id='word_1_399' title='bbox 434 5039 452 5070; x_wconf 82' lang='grc'>¹</span> <span class='ocrx_word' id='word_1_400' title='bbox 476 5036 798 5113; x_wconf 50' lang='lat' dir='ltr'><strong>’Barberlnus</strong></span> <span class='ocrx_word' id='word_1_401' title='bbox 848 5041 991 5151; x_wconf 47' lang='lat' dir='ltr'><strong>apud.</strong></span> <span class='ocrx_word' id='word_1_402' title='bbox 1019 5042 1256 5113; x_wconf 83' lang='lat' dir='ltr'><strong>S_avilium</strong></span> <span class='ocrx_word' id='word_1_403' title='bbox 1281 5083 1296 5107; x_wconf 93' lang='lat'><strong>,</strong></span> <span class='ocrx_word' id='word_1_404' title='bbox 1343 5050 1653 5121; x_wconf 72' lang='lat' dir='ltr'><strong>syllogismos</strong></span> <span class='ocrx_word' id='word_1_405' title='bbox 1697 5056 1957 5123; x_wconf 81' lang='grc' dir='ltr'><strong>(συλλογι-</strong></span> 
     </span>
     <span class='ocr_line' id='line_1_51' title="bbox 434 5101 1951 5151; baseline 0.003 -4"><span class='ocrx_word' id='word_1_406' title='bbox 434 5106 561 5151; x_wconf 74' lang='lat' dir='ltr'><strong>aucl.</strong></span> <span class='ocrx_word' id='word_1_407' title='bbox 589 5101 762 5149; x_wconf 76' lang='lat' dir='ltr'><strong>Lectio</strong></span> <span class='ocrx_word' id='word_1_408' title='bbox 790 5101 883 5150; x_wconf 90' lang='lat' dir='ltr'><strong>Bar</strong></span> <span class='ocrx_word' id='word_1_409' title='bbox 919 5116 1046 5151; x_wconf 85' lang='lat' dir='ltr'><strong>enm</strong></span> <span class='ocrx_word' id='word_1_410' title='bbox 1071 5114 1308 5151; x_wconf 65' lang='lat' dir='ltr'><strong>Drmiam</strong></span> <span class='ocrx_word' id='word_1_411' title='bbox 1347 5112 1514 5151; x_wconf 64' lang='lat' dir='ltr'><strong>statim</strong></span> <span class='ocrx_word' id='word_1_412' title='bbox 1558 5116 1760 5151; x_wconf 67' lang='lat' dir='ltr'><strong>unm...</strong></span> <span class='ocrx_word' id='word_1_413' title='bbox 1821 5121 1951 5151; x_wconf 53' lang='lat' dir='ltr'><strong>Ann,</strong></span> 
     </span>
    </p>
   </div>
   <div class='ocr_carea' id='block_1_51' title="bbox 372 5101 1955 5184">
    <p class='ocr_par' dir='ltr' id='par_1_51' title="bbox 372 5101 1955 5184">
     <span class='ocr_line' id='line_1_52' title="bbox 372 5101 1955 5184; baseline 0.033 -62"><span class='ocrx_word' id='word_1_414' title='bbox 372 5101 1046 5184; x_wconf 33' lang='lat' dir='ltr'><strong>ﬂio-Em:</strong></span> <span class='ocrx_word' id='word_1_415' title='bbox 1071 5101 1316 5184; x_wconf 5' lang='lat' dir='ltr'><strong>praestare,</strong></span> <span class='ocrx_word' id='word_1_416' title='bbox 1347 5101 1955 5184; x_wconf 30' lang='lat' dir='ltr'><strong>sialiﬁt“videturfxll&#39;ar</strong></span> 
     </span>
    </p>
   </div>
   <div class='ocr_carea' id='block_1_52' title="bbox 370 5167 1952 5231">
    <p class='ocr_par' dir='ltr' id='par_1_52' title="bbox 370 5167 1952 5231">
     <span class='ocr_line' id='line_1_53' title="bbox 370 5167 1952 5231; baseline 0.016 -24"><span class='ocrx_word' id='word_1_417' title='bbox 370 5172 507 5231; x_wconf 79' lang='lat' dir='ltr'><strong>men__</strong></span> <span class='ocrx_word' id='word_1_418' title='bbox 527 5167 811 5231; x_wconf 77' lang='lat' dir='ltr'><strong>conventus</strong></span> <span class='ocrx_word' id='word_1_419' title='bbox 831 5167 1015 5231; x_wconf 75' lang='lat' dir='ltr'><strong>retinui</strong></span> <span class='ocrx_word' id='word_1_420' title='bbox 1031 5202 1046 5225; x_wconf 95' lang='lat'><strong>,</strong></span> <span class='ocrx_word' id='word_1_421' title='bbox 1074 5170 1192 5229; x_wconf 86' lang='lat' dir='ltr'><strong>quia</strong></span> <span class='ocrx_word' id='word_1_422' title='bbox 1224 5173 1274 5220; x_wconf 84' lang='lat' dir='ltr'><strong>in</strong></span> <span class='ocrx_word' id='word_1_423' title='bbox 1292 5174 1497 5231; x_wconf 70' lang='lat' dir='ltr'><strong>steteris</strong></span> <span class='ocrx_word' id='word_1_424' title='bbox 1520 5177 1749 5229; x_wconf 86' lang='lat' dir='ltr'><strong>omnibus</strong></span> <span class='ocrx_word' id='word_1_425' title='bbox 1766 5167 1952 5231; x_wconf 39' lang='lat' dir='ltr'><strong>*ei‘éia;</strong></span> 
     </span>
    </p>
   </div>
   <div class='ocr_carea' id='block_1_53' title="bbox 372 5221 1950 5305">
    <p class='ocr_par' dir='ltr' id='par_1_53' title="bbox 372 5221 1950 5305">
     <span class='ocr_line' id='line_1_54' title="bbox 372 5221 1950 5305; baseline 0.018 -37"><span class='ocrx_word' id='word_1_426' title='bbox 372 5221 608 5305; x_wconf 42' lang='lat' dir='ltr'><strong>[vitii-bus“</strong></span> <span class='ocrx_word' id='word_1_427' title='bbox 706 5259 727 5305; x_wconf 48' lang='grc' dir='ltr'>Ξ</span> <span class='ocrx_word' id='word_1_428' title='bbox 753 5230 824 5305; x_wconf 51' lang='grc' dir='ltr'><strong>ξε</strong></span> <span class='ocrx_word' id='word_1_429' title='bbox 832 5221 1169 5305; x_wconf 44' lang='grc' dir='ltr'><strong>ἰιιμξξιψέριῖυε</strong></span> <span class='ocrx_word' id='word_1_430' title='bbox 1206 5221 1390 5283; x_wconf 77' lang='lat' dir='ltr'><strong>dicitur</strong></span> <span class='ocrx_word' id='word_1_431' title='bbox 1433 5221 1440 5222; x_wconf 18' lang='grc' dir='ltr'>ί</span> <span class='ocrx_word' id='word_1_432' title='bbox 1456 5221 1632 5305; x_wconf 59' lang='lat' dir='ltr'><strong>fuge};</strong></span> <span class='ocrx_word' id='word_1_433' title='bbox 1639 5221 1950 5305; x_wconf 22' lang='lat' dir='ltr'><strong>w(bucinauit-iis,</strong></span> 
     </span>
    </p>
   </div>
   <div class='ocr_carea' id='block_1_54' title="bbox 369 5282 1885 5398">
    <p class='ocr_par' dir='ltr' id='par_1_54' title="bbox 369 5282 1885 5398">
     <span class='ocr_line' id='line_1_55' title="bbox 369 5282 1885 5345; baseline -0.028 6"><span class='ocrx_word' id='word_1_434' title='bbox 369 5296 534 5344; x_wconf 55' lang='lat'><strong>‘1&quot;3&#39;“:</strong></span> <span class='ocrx_word' id='word_1_435' title='bbox 556 5282 727 5344; x_wconf 69' lang='lat' dir='ltr'><strong>ludere</strong></span> <span class='ocrx_word' id='word_1_436' title='bbox 748 5282 1074 5345; x_wconf 69' lang='lat' dir='ltr'><strong>syllogismos.</strong></span> <span class='ocrx_word' id='word_1_437' title='bbox 1337 5282 1373 5283; x_wconf 62' lang='grc'><strong><em>⁷⁷</em></strong></span> <span class='ocrx_word' id='word_1_438' title='bbox 1408 5282 1420 5296; x_wconf 88' lang='lat'><strong><em>&#39;</em></strong></span> <span class='ocrx_word' id='word_1_439' title='bbox 1459 5282 1627 5305; x_wconf 43' lang='grc' dir='ltr'><strong>’Ἵνα</strong></span> <span class='ocrx_word' id='word_1_440' title='bbox 1672 5282 1885 5294; x_wconf 63' lang='grc' dir='ltr'><strong>*πηνα-ι</strong></span> 
     </span>
     <span class='ocr_line' id='line_1_56' title="bbox 432 5336 1885 5398; baseline -0.021 23"><span class='ocrx_word' id='word_1_441' title='bbox 432 5344 508 5398; x_wconf 55' lang='grc'><strong>(⁸)</strong></span> <span class='ocrx_word' id='word_1_442' title='bbox 542 5351 591 5396; x_wconf 71' lang='lat' dir='ltr'><strong>In</strong></span> <span class='ocrx_word' id='word_1_443' title='bbox 611 5336 743 5396; x_wconf 63' lang='lat' dir='ltr'><strong>hunc</strong></span> <span class='ocrx_word' id='word_1_444' title='bbox 779 5348 1015 5398; x_wconf 64' lang='grc' dir='ltr'><strong>Ρεθῐιῐιηιη</strong></span> <span class='ocrx_word' id='word_1_445' title='bbox 1036 5352 1139 5398; x_wconf 90' lang='lat' dir='ltr'><strong>solo</strong></span> <span class='ocrx_word' id='word_1_446' title='bbox 1161 5355 1236 5398; x_wconf 86' lang='lat' dir='ltr'><strong>usi</strong></span> <span class='ocrx_word' id='word_1_447' title='bbox 1276 5367 1446 5398; x_wconf 73' lang='lat' dir='ltr'><strong>sumus:</strong></span> <span class='ocrx_word' id='word_1_448' title='bbox 1483 5361 1654 5398; x_wconf 75' lang='lat' dir='ltr'><strong>Cndinn</strong></span> <span class='ocrx_word' id='word_1_449' title='bbox 1677 5363 1885 5398; x_wconf 61' lang='lat' dir='ltr'><strong>mlh...”</strong></span> 
     </span>
    </p>
   </div>
   <div class='ocr_carea' id='block_1_55' title="bbox 376 5344 1953 5490">
    <p class='ocr_par' dir='ltr' id='par_1_55' title="bbox 376 5344 1953 5490">
     <span class='ocr_line' id='line_1_57' title="bbox 432 5344 1953 5416; baseline 0.015 -23"><span class='ocrx_word' id='word_1_450' title='bbox 432 5344 508 5406; x_wconf 72' lang='lat' dir='ltr'><strong>(tr)</strong></span> <span class='ocrx_word' id='word_1_451' title='bbox 542 5351 591 5396; x_wconf 92' lang='lat' dir='ltr'><strong>In</strong></span> <span class='ocrx_word' id='word_1_452' title='bbox 611 5344 743 5396; x_wconf 88' lang='lat' dir='ltr'><strong>hunc</strong></span> <span class='ocrx_word' id='word_1_453' title='bbox 779 5348 1015 5398; x_wconf 88' lang='lat' dir='ltr'><strong>Psalmnm</strong></span> <span class='ocrx_word' id='word_1_454' title='bbox 1036 5352 1139 5401; x_wconf 91' lang='lat' dir='ltr'><strong>solo</strong></span> <span class='ocrx_word' id='word_1_455' title='bbox 1161 5355 1237 5403; x_wconf 90' lang='lat' dir='ltr'><strong>usi</strong></span> <span class='ocrx_word' id='word_1_456' title='bbox 1276 5367 1446 5407; x_wconf 89' lang='lat' dir='ltr'><strong>sumus</strong></span> <span class='ocrx_word' id='word_1_457' title='bbox 1483 5361 1655 5411; x_wconf 89' lang='lat' dir='ltr'><strong>Codice</strong></span> <span class='ocrx_word' id='word_1_458' title='bbox 1677 5363 1953 5416; x_wconf 74' lang='lat' dir='ltr'><strong>Colbertino</strong></span> 
     </span>
     <span class='ocr_line' id='line_1_58' title="bbox 376 5404 1953 5490; baseline 0.016 -37"><span class='ocrx_word' id='word_1_459' title='bbox 376 5404 450 5490; x_wconf 67' lang='lat' dir='ltr'><strong>lt).</strong></span> <span class='ocrx_word' id='word_1_460' title='bbox 476 5414 586 5490; x_wconf 76' lang='lat' dir='ltr'><strong>Post</strong></span> <span class='ocrx_word' id='word_1_461' title='bbox 624 5407 889 5459; x_wconf 84' lang='lat' dir='ltr'><strong>lectionem</strong></span> <span class='ocrx_word' id='word_1_462' title='bbox 916 5416 1046 5470; x_wconf 80' lang='lat' dir='ltr'><strong>Lxx,</strong></span> <span class='ocrx_word' id='word_1_463' title='bbox 1078 5426 1190 5475; x_wconf 66' lang='lat' dir='ltr'><strong>quae</strong></span> <span class='ocrx_word' id='word_1_464' title='bbox 1220 5428 1333 5466; x_wconf 82' lang='lat' dir='ltr'><strong>mox</strong></span> <span class='ocrx_word' id='word_1_465' title='bbox 1371 5421 1593 5483; x_wconf 87' lang='lat' dir='ltr'><strong>sequitur</strong></span> <span class='ocrx_word' id='word_1_466' title='bbox 1628 5430 1708 5490; x_wconf 79' lang='lat' dir='ltr'><strong>est</strong></span> <span class='ocrx_word' id='word_1_467' title='bbox 1746 5434 1953 5490; x_wconf 82' lang='lat' dir='ltr'><strong>Synuna-</strong></span> 
     </span>
    </p>
   </div>
   <div class='ocr_carea' id='block_1_56' title="bbox 370 5483 1947 5589">
    <p class='ocr_par' dir='ltr' id='par_1_56' title="bbox 370 5483 1947 5589">
     <span class='ocr_line' id='line_1_59' title="bbox 370 5483 1947 5589; baseline 0.024 -57"><span class='ocrx_word' id='word_1_468' title='bbox 370 5486 476 5547; x_wconf 85' lang='lat' dir='ltr'><strong>chi;</strong></span> <span class='ocrx_word' id='word_1_469' title='bbox 511 5487 666 5538; x_wconf 89' lang='lat' dir='ltr'><strong>altera</strong></span> <span class='ocrx_word' id='word_1_470' title='bbox 711 5490 905 5553; x_wconf 71' lang='lat' dir='ltr'><strong>aquilae.</strong></span> <span class='ocrx_word' id='word_1_471' title='bbox 953 5494 1183 5546; x_wconf 77' lang='lat' dir='ltr'><strong>Hebraiea</strong></span> <span class='ocrx_word' id='word_1_472' title='bbox 1214 5498 1286 5548; x_wconf 92' lang='lat' dir='ltr'><strong>sic</strong></span> <span class='ocrx_word' id='word_1_473' title='bbox 1322 5499 1550 5564; x_wconf 84' lang='lat' dir='ltr'><strong>leguntur</strong></span> <span class='ocrx_word' id='word_1_474' title='bbox 1697 5483 1947 5577; x_wconf 56' lang='lat' dir='ltr'><strong>ﬁlii-517,</strong></span> 
     </span>
    </p>
   </div>
   <div class='ocr_carea' id='block_1_57' title="bbox 368 5577 1954 5663">
    <p class='ocr_par' dir='ltr' id='par_1_57' title="bbox 368 5577 1954 5663">
     <span class='ocr_line' id='line_1_60' title="bbox 368 5577 1954 5663; baseline 0.002 0"><span class='ocrx_word' id='word_1_475' title='bbox 984 5584 1406 5663; x_wconf 55' lang='lat' dir='ltr'><strong>aliavescwms</strong></span> <span class='ocrx_word' id='word_1_476' title='bbox 1420 5593 1538 5655; x_wconf 75' lang='lat' dir='ltr'><strong>ﬁlii.</strong></span> <span class='ocrx_word' id='word_1_477' title='bbox 1562 5577 1658 5663; x_wconf 65' lang='lat' dir='ltr'><strong>ini.</strong></span> <span class='ocrx_word' id='word_1_478' title='bbox 1683 5601 1954 5663; x_wconf 66' lang='lat' dir='ltr'><strong>promen-</strong></span> 
     </span>
    </p>
   </div>
   <div class='ocr_carea' id='block_1_58' title="bbox 370 5639 1952 5720">
    <p class='ocr_par' dir='ltr' id='par_1_58' title="bbox 370 5639 1952 5720">
     <span class='ocr_line' id='line_1_61' title="bbox 370 5639 1952 5720; baseline 0.013 -19"><span class='ocrx_word' id='word_1_479' title='bbox 370 5639 591 5720; x_wconf 60' lang='lat' dir='ltr'><strong>tgffgﬁfig}</strong></span> <span class='ocrx_word' id='word_1_480' title='bbox 600 5641 775 5720; x_wconf 57' lang='lat' dir='ltr'><strong>apage</strong></span> <span class='ocrx_word' id='word_1_481' title='bbox 784 5639 1243 5720; x_wconf 50' lang='lat' dir='ltr'><strong>ﬂariaa&#39;wggii&#39;ﬁai,</strong></span> <span class='ocrx_word' id='word_1_482' title='bbox 1264 5639 1952 5720; x_wconf 61' lang='grc' dir='ltr'><strong>νεήᾲάὶζῑιέὖὲεὶέκῖἱιῖὄέἶόἱίξ</strong></span> 
     </span>
    </p>
   </div>
   <div class='ocr_carea' id='block_1_59' title="bbox 372 5699 1951 5783">
    <p class='ocr_par' dir='ltr' id='par_1_59' title="bbox 372 5699 1951 5783">
     <span class='ocr_line' id='line_1_62' title="bbox 372 5699 1951 5783; baseline 0.025 -37"><span class='ocrx_word' id='word_1_483' title='bbox 372 5699 488 5783; x_wconf 73' lang='lat' dir='ltr'><strong>pulli</strong></span> <span class='ocrx_word' id='word_1_484' title='bbox 510 5715 655 5764; x_wconf 85' lang='lat' dir='ltr'><strong>supra</strong></span> <span class='ocrx_word' id='word_1_485' title='bbox 687 5699 980 5783; x_wconf 39' lang='lat' dir='ltr'><strong>&#39;Atnemoratis</strong></span> <span class='ocrx_word' id='word_1_486' title='bbox 1016 5699 1951 5783; x_wconf 42' lang='lat' dir='ltr'><strong>ﬂebtzaicisverbi-s&#39;</strong></span> 
     </span>
    </p>
   </div>
   <div class='ocr_carea' id='block_1_60' title="bbox 368 5767 1667 5845">
    <p class='ocr_par' dir='ltr' id='par_1_60' title="bbox 368 5767 1667 5845">
     <span class='ocr_line' id='line_1_63' title="bbox 368 5767 1667 5845; baseline 0.022 -36"><span class='ocrx_word' id='word_1_487' title='bbox 368 5767 606 5813; x_wconf 83' lang='lat' dir='ltr'><strong>musicum</strong></span> <span class='ocrx_word' id='word_1_488' title='bbox 629 5772 714 5815; x_wconf 89' lang='lat' dir='ltr'><strong>aut</strong></span> <span class='ocrx_word' id='word_1_489' title='bbox 736 5767 993 5819; x_wconf 75' lang='lat' dir='ltr'><strong>cantilena:</strong></span> <span class='ocrx_word' id='word_1_490' title='bbox 1015 5783 1174 5833; x_wconf 87' lang='lat' dir='ltr'><strong>genus</strong></span> <span class='ocrx_word' id='word_1_491' title='bbox 1195 5767 1453 5840; x_wconf 69' lang='lat' dir='ltr'><strong>sagatﬁcari</strong></span> <span class='ocrx_word' id='word_1_492' title='bbox 1477 5767 1667 5845; x_wconf 58' lang='lat' dir='ltr'><strong>putant:</strong></span> 
     </span>
    </p>
   </div>
   <div class='ocr_carea' id='block_1_61' title="bbox 3562 379 3663 434">
    <p class='ocr_par' dir='ltr' id='par_1_61' title="bbox 3562 379 3663 434">
     <span class='ocr_line' id='line_1_64' title="bbox 3562 379 3663 434; baseline 0 0"><span class='ocrx_word' id='word_1_493' title='bbox 3562 379 3663 434; x_wconf 63' lang='lat'><strong>1&#39;22</strong></span> 
     </span>
    </p>
   </div>
   <div class='ocr_carea' id='block_1_62' title="bbox 2090 465 3665 556">
    <p class='ocr_par' dir='ltr' id='par_1_62' title="bbox 2090 465 3665 556">
     <span class='ocr_line' id='line_1_65' title="bbox 2090 465 3665 556; baseline 0.021 -38"><span class='ocrx_word' id='word_1_494' title='bbox 2090 465 2155 520; x_wconf 88' lang='lat' dir='ltr'><strong>lis</strong></span> <span class='ocrx_word' id='word_1_495' title='bbox 2180 478 2378 533; x_wconf 88' lang='lat' dir='ltr'><strong>autem,</strong></span> <span class='ocrx_word' id='word_1_496' title='bbox 2401 473 2563 528; x_wconf 87' lang='lat' dir='ltr'><strong>Deum</strong></span> <span class='ocrx_word' id='word_1_497' title='bbox 2593 478 2907 534; x_wconf 86' lang='lat' dir='ltr'><strong>constituisti</strong></span> <span class='ocrx_word' id='word_1_498' title='bbox 2934 481 3249 539; x_wconf 82' lang='lat' dir='ltr'><strong>debitorem.</strong></span> <span class='ocrx_word' id='word_1_499' title='bbox 3281 487 3379 556; x_wconf 79' lang='lat' dir='ltr'><strong>Qui</strong></span> <span class='ocrx_word' id='word_1_500' title='bbox 3406 494 3546 547; x_wconf 84' lang='lat' dir='ltr'><strong>enim</strong></span> <span class='ocrx_word' id='word_1_501' title='bbox 3567 495 3665 551; x_wconf 84' lang='lat' dir='ltr'><strong>be-</strong></span> 
     </span>
    </p>
   </div>
   <div class='ocr_carea' id='block_1_63' title="bbox 2086 560 3657 643">
    <p class='ocr_par' dir='ltr' id='par_1_63' title="bbox 2086 560 3657 643">
     <span class='ocr_line' id='line_1_66' title="bbox 2086 560 3657 643; baseline 0.018 -31"><span class='ocrx_word' id='word_1_502' title='bbox 2086 560 2276 615; x_wconf 87' lang='lat' dir='ltr'><strong>neﬁcio</strong></span> <span class='ocrx_word' id='word_1_503' title='bbox 2314 563 2535 620; x_wconf 78' lang='lat' dir='ltr'><strong>affectus</strong></span> <span class='ocrx_word' id='word_1_504' title='bbox 2558 577 2639 621; x_wconf 90' lang='lat' dir='ltr'><strong>est</strong></span> <span class='ocrx_word' id='word_1_505' title='bbox 2658 608 2673 633; x_wconf 92' lang='lat'><strong>,</strong></span> <span class='ocrx_word' id='word_1_506' title='bbox 2701 577 2756 623; x_wconf 91' lang='lat' dir='ltr'><strong>et</strong></span> <span class='ocrx_word' id='word_1_507' title='bbox 2779 575 2888 641; x_wconf 85' lang='lat' dir='ltr'><strong>agit</strong></span> <span class='ocrx_word' id='word_1_508' title='bbox 2914 576 3111 642; x_wconf 83' lang='lat' dir='ltr'><strong>gratias</strong></span> <span class='ocrx_word' id='word_1_509' title='bbox 3133 619 3148 643; x_wconf 94' lang='lat'><strong>,</strong></span> <span class='ocrx_word' id='word_1_510' title='bbox 3178 577 3351 633; x_wconf 89' lang='lat' dir='ltr'><strong>reddit</strong></span> <span class='ocrx_word' id='word_1_511' title='bbox 3379 580 3614 640; x_wconf 87' lang='lat' dir='ltr'><strong>debitum</strong></span> <span class='ocrx_word' id='word_1_512' title='bbox 3646 607 3657 640; x_wconf 89' lang='lat'><strong>:</strong></span> 
     </span>
    </p>
   </div>
   <div class='ocr_carea' id='block_1_64' title="bbox 2084 652 3662 737">
    <p class='ocr_par' dir='ltr' id='par_1_64' title="bbox 2084 652 3662 737">
     <span class='ocr_line' id='line_1_67' title="bbox 2084 652 3662 737; baseline 0.018 -32"><span class='ocrx_word' id='word_1_513' title='bbox 2084 652 2173 721; x_wconf 90' lang='lat' dir='ltr'><strong>qui</strong></span> <span class='ocrx_word' id='word_1_514' title='bbox 2215 663 2389 708; x_wconf 90' lang='lat' dir='ltr'><strong>autem</strong></span> <span class='ocrx_word' id='word_1_515' title='bbox 2430 657 2569 712; x_wconf 89' lang='lat' dir='ltr'><strong>male</strong></span> <span class='ocrx_word' id='word_1_516' title='bbox 2592 659 2812 717; x_wconf 80' lang='lat' dir='ltr'><strong>affectus</strong></span> <span class='ocrx_word' id='word_1_517' title='bbox 2840 674 2921 718; x_wconf 90' lang='lat' dir='ltr'><strong>est</strong></span> <span class='ocrx_word' id='word_1_518' title='bbox 2942 706 2957 732; x_wconf 90' lang='lat'><strong>,</strong></span> <span class='ocrx_word' id='word_1_519' title='bbox 2990 674 3045 721; x_wconf 90' lang='lat' dir='ltr'><strong>et</strong></span> <span class='ocrx_word' id='word_1_520' title='bbox 3071 667 3235 737; x_wconf 84' lang='lat' dir='ltr'><strong>gloria</strong></span> <span class='ocrx_word' id='word_1_521' title='bbox 3267 669 3432 727; x_wconf 83' lang='lat' dir='ltr'><strong>afficit</strong></span> <span class='ocrx_word' id='word_1_522' title='bbox 3455 676 3547 737; x_wconf 53' lang='lat' dir='ltr'><strong>uis</strong></span> <span class='ocrx_word' id='word_1_523' title='bbox 3568 677 3662 733; x_wconf 89' lang='lat' dir='ltr'><strong>de-</strong></span> 
     </span>
    </p>
   </div>
   <div class='ocr_carea' id='block_1_65' title="bbox 2084 745 3662 823">
    <p class='ocr_par' dir='ltr' id='par_1_65' title="bbox 2084 745 3662 823">
     <span class='ocr_line' id='line_1_68' title="bbox 2084 745 3662 823; baseline 0.016 -26"><span class='ocrx_word' id='word_1_524' title='bbox 2084 745 2248 800; x_wconf 88' lang='lat' dir='ltr'><strong>bitum</strong></span> <span class='ocrx_word' id='word_1_525' title='bbox 2290 748 2536 817; x_wconf 81' lang='lat' dir='ltr'><strong>acquirit.</strong></span> <span class='ocrx_word' id='word_1_526' title='bbox 2566 748 2670 806; x_wconf 90' lang='lat' dir='ltr'><strong>Pro</strong></span> <span class='ocrx_word' id='word_1_527' title='bbox 2700 752 2784 806; x_wconf 89' lang='lat' dir='ltr'><strong>illa</strong></span> <span class='ocrx_word' id='word_1_528' title='bbox 2813 756 3102 823; x_wconf 86' lang='lat' dir='ltr'><strong>gratiarum</strong></span> <span class='ocrx_word' id='word_1_529' title='bbox 3130 759 3341 817; x_wconf 88' lang='lat' dir='ltr'><strong>actione</strong></span> <span class='ocrx_word' id='word_1_530' title='bbox 3369 765 3530 820; x_wconf 89' lang='lat' dir='ltr'><strong>multa</strong></span> <span class='ocrx_word' id='word_1_531' title='bbox 3560 768 3662 822; x_wconf 87' lang='lat' dir='ltr'><strong>alia</strong></span> 
     </span>
    </p>
   </div>
   <div class='ocr_carea' id='block_1_66' title="bbox 2084 836 3661 923">
    <p class='ocr_par' dir='ltr' id='par_1_66' title="bbox 2084 836 3661 923">
     <span class='ocr_line' id='line_1_69' title="bbox 2084 836 3661 923; baseline 0.015 -32"><span class='ocrx_word' id='word_1_532' title='bbox 2084 836 2219 892; x_wconf 87' lang='lat' dir='ltr'><strong>bona</strong></span> <span class='ocrx_word' id='word_1_533' title='bbox 2260 840 2400 895; x_wconf 89' lang='lat' dir='ltr'><strong>Deus</strong></span> <span class='ocrx_word' id='word_1_534' title='bbox 2441 851 2493 896; x_wconf 84' lang='lat' dir='ltr'><strong>et</strong></span> <span class='ocrx_word' id='word_1_535' title='bbox 2525 851 2648 897; x_wconf 90' lang='lat' dir='ltr'><strong>tunc</strong></span> <span class='ocrx_word' id='word_1_536' title='bbox 2676 852 2731 898; x_wconf 93' lang='lat' dir='ltr'><strong>et</strong></span> <span class='ocrx_word' id='word_1_537' title='bbox 2756 860 2898 901; x_wconf 78' lang='lat' dir='ltr'><strong>nutic</strong></span> <span class='ocrx_word' id='word_1_538' title='bbox 2928 848 3100 904; x_wconf 88' lang='lat' dir='ltr'><strong>reddit</strong></span> <span class='ocrx_word' id='word_1_539' title='bbox 3131 866 3145 916; x_wconf 91' lang='lat'><strong>;</strong></span> <span class='ocrx_word' id='word_1_540' title='bbox 3174 866 3337 923; x_wconf 89' lang='lat' dir='ltr'><strong>quare</strong></span> <span class='ocrx_word' id='word_1_541' title='bbox 3366 870 3464 912; x_wconf 92' lang='lat' dir='ltr'><strong>nec</strong></span> <span class='ocrx_word' id='word_1_542' title='bbox 3492 859 3661 914; x_wconf 85' lang='lat' dir='ltr'><strong>malo-</strong></span> 
     </span>
    </p>
   </div>
   <div class='ocr_carea' id='block_1_67' title="bbox 2081 933 3660 1010">
    <p class='ocr_par' dir='ltr' id='par_1_67' title="bbox 2081 933 3660 1010">
     <span class='ocr_line' id='line_1_70' title="bbox 2081 933 3660 1010; baseline 0.014 -26"><span class='ocrx_word' id='word_1_543' title='bbox 2081 946 2197 984; x_wconf 90' lang='lat' dir='ltr'><strong>rum</strong></span> <span class='ocrx_word' id='word_1_544' title='bbox 2223 933 2439 1003; x_wconf 83' lang='lat' dir='ltr'><strong>quidem</strong></span> <span class='ocrx_word' id='word_1_545' title='bbox 2465 948 2656 991; x_wconf 87' lang='lat' dir='ltr'><strong>sensus</strong></span> <span class='ocrx_word' id='word_1_546' title='bbox 2681 938 2746 992; x_wconf 87' lang='lat' dir='ltr'><strong>ad</strong></span> <span class='ocrx_word' id='word_1_547' title='bbox 2776 953 2876 994; x_wconf 92' lang='lat' dir='ltr'><strong>nos</strong></span> <span class='ocrx_word' id='word_1_548' title='bbox 2901 943 3199 1010; x_wconf 86' lang='lat' dir='ltr'><strong>perveniet.</strong></span> <span class='ocrx_word' id='word_1_549' title='bbox 3227 945 3396 1003; x_wconf 81' lang='lat' dir='ltr'><strong>Nemo</strong></span> <span class='ocrx_word' id='word_1_550' title='bbox 3423 950 3564 1005; x_wconf 90' lang='lat' dir='ltr'><strong>enim</strong></span> <span class='ocrx_word' id='word_1_551' title='bbox 3592 949 3660 1006; x_wconf 78' lang='lat' dir='ltr'><strong>de</strong></span> 
     </span>
    </p>
   </div>
   <div class='ocr_carea' id='block_1_68' title="bbox 2081 1022 3661 1114">
    <p class='ocr_par' dir='ltr' id='par_1_68' title="bbox 2081 1022 3661 1114">
     <span class='ocr_line' id='line_1_71' title="bbox 2081 1022 3661 1114; baseline 0.015 -37"><span class='ocrx_word' id='word_1_552' title='bbox 2081 1022 2147 1078; x_wconf 91' lang='lat' dir='ltr'><strong>iis</strong></span> <span class='ocrx_word' id='word_1_553' title='bbox 2171 1024 2358 1082; x_wconf 89' lang='lat' dir='ltr'><strong>dolore</strong></span> <span class='ocrx_word' id='word_1_554' title='bbox 2382 1027 2640 1095; x_wconf 78' lang='lat' dir='ltr'><strong>afficitur,</strong></span> <span class='ocrx_word' id='word_1_555' title='bbox 2673 1047 2769 1100; x_wconf 89' lang='lat' dir='ltr'><strong>pro</strong></span> <span class='ocrx_word' id='word_1_556' title='bbox 2791 1034 2982 1102; x_wconf 82' lang='lat' dir='ltr'><strong>quibus</strong></span> <span class='ocrx_word' id='word_1_557' title='bbox 3008 1036 3116 1092; x_wconf 80' lang='lat' dir='ltr'><strong>Deo</strong></span> <span class='ocrx_word' id='word_1_558' title='bbox 3137 1040 3244 1108; x_wconf 87' lang='lat' dir='ltr'><strong>agit</strong></span> <span class='ocrx_word' id='word_1_559' title='bbox 3270 1043 3466 1109; x_wconf 87' lang='lat' dir='ltr'><strong>gratias</strong></span> <span class='ocrx_word' id='word_1_560' title='bbox 3492 1061 3504 1097; x_wconf 91' lang='lat'><strong>:</strong></span> <span class='ocrx_word' id='word_1_561' title='bbox 3529 1060 3661 1114; x_wconf 89' lang='lat' dir='ltr'><strong>quo-</strong></span> 
     </span>
    </p>
   </div>
   <div class='ocr_carea' id='block_1_69' title="bbox 2079 1116 3657 1206">
    <p class='ocr_par' dir='ltr' id='par_1_69' title="bbox 2079 1116 3657 1206">
     <span class='ocr_line' id='line_1_72' title="bbox 2079 1116 3657 1206; baseline 0.013 -37"><span class='ocrx_word' id='word_1_562' title='bbox 2079 1116 2217 1170; x_wconf 85' lang='lat' dir='ltr'><strong>circa</strong></span> <span class='ocrx_word' id='word_1_563' title='bbox 2250 1117 2390 1173; x_wconf 90' lang='lat' dir='ltr'><strong>aliud</strong></span> <span class='ocrx_word' id='word_1_564' title='bbox 2417 1134 2626 1190; x_wconf 88' lang='lat' dir='ltr'><strong>quoque</strong></span> <span class='ocrx_word' id='word_1_565' title='bbox 2667 1120 2792 1178; x_wconf 88' lang='lat' dir='ltr'><strong>hinc</strong></span> <span class='ocrx_word' id='word_1_566' title='bbox 2819 1124 3206 1184; x_wconf 84' lang='lat' dir='ltr'><strong>lucrifaciemus</strong></span> <span class='ocrx_word' id='word_1_567' title='bbox 3233 1173 3252 1198; x_wconf 84' lang='lat'><strong>,</strong></span> <span class='ocrx_word' id='word_1_568' title='bbox 3282 1147 3476 1203; x_wconf 85' lang='lat' dir='ltr'><strong>netnpe</strong></span> <span class='ocrx_word' id='word_1_569' title='bbox 3501 1136 3657 1206; x_wconf 66' lang='lat' dir='ltr'><strong>aegri-</strong></span> 
     </span>
    </p>
   </div>
   <div class='ocr_carea' id='block_1_70' title="bbox 2081 1209 3660 1295">
    <p class='ocr_par' dir='ltr' id='par_1_70' title="bbox 2081 1209 3660 1295">
     <span class='ocr_line' id='line_1_73' title="bbox 2081 1209 3660 1295; baseline 0.012 -32"><span class='ocrx_word' id='word_1_570' title='bbox 2081 1209 2312 1265; x_wconf 88' lang='lat' dir='ltr'><strong>tudinem</strong></span> <span class='ocrx_word' id='word_1_571' title='bbox 2359 1213 2519 1267; x_wconf 89' lang='lat' dir='ltr'><strong>animi</strong></span> <span class='ocrx_word' id='word_1_572' title='bbox 2561 1213 2922 1272; x_wconf 89' lang='lat' dir='ltr'><strong>discutiemus.</strong></span> <span class='ocrx_word' id='word_1_573' title='bbox 2973 1209 3193 1287; x_wconf 85' lang='lat' dir='ltr'><strong>Quando</strong></span> <span class='ocrx_word' id='word_1_574' title='bbox 3239 1224 3381 1278; x_wconf 87' lang='lat' dir='ltr'><strong>enim</strong></span> <span class='ocrx_word' id='word_1_575' title='bbox 3425 1227 3660 1295; x_wconf 80' lang='lat' dir='ltr'><strong>privatus</strong></span> 
     </span>
    </p>
   </div>
   <div class='ocr_carea' id='block_1_71' title="bbox 2079 1301 3660 1383">
    <p class='ocr_par' dir='ltr' id='par_1_71' title="bbox 2079 1301 3660 1383">
     <span class='ocr_line' id='line_1_74' title="bbox 2079 1301 3660 1383; baseline 0.013 -29"><span class='ocrx_word' id='word_1_576' title='bbox 2079 1301 2241 1357; x_wconf 89' lang='lat' dir='ltr'><strong>fueris</strong></span> <span class='ocrx_word' id='word_1_577' title='bbox 2288 1307 2568 1373; x_wconf 89' lang='lat' dir='ltr'><strong>pecuniis,</strong></span> <span class='ocrx_word' id='word_1_578' title='bbox 2614 1317 2669 1362; x_wconf 93' lang='lat' dir='ltr'><strong>et</strong></span> <span class='ocrx_word' id='word_1_579' title='bbox 2712 1310 2910 1379; x_wconf 89' lang='lat' dir='ltr'><strong>gratias</strong></span> <span class='ocrx_word' id='word_1_580' title='bbox 2953 1313 3158 1383; x_wconf 87' lang='lat' dir='ltr'><strong>egeris,</strong></span> <span class='ocrx_word' id='word_1_581' title='bbox 3205 1331 3313 1371; x_wconf 92' lang='lat' dir='ltr'><strong>non</strong></span> <span class='ocrx_word' id='word_1_582' title='bbox 3357 1325 3561 1375; x_wconf 91' lang='lat' dir='ltr'><strong>tantum</strong></span> <span class='ocrx_word' id='word_1_583' title='bbox 3608 1330 3660 1375; x_wconf 83' lang='lat' dir='ltr'><strong>te</strong></span> 
     </span>
    </p>
   </div>
   <div class='ocr_carea' id='block_1_72' title="bbox 2078 1394 3659 1482">
    <p class='ocr_par' dir='ltr' id='par_1_72' title="bbox 2078 1394 3659 1482">
     <span class='ocr_line' id='line_1_75' title="bbox 2078 1394 3659 1482; baseline 0.013 -35"><span class='ocrx_word' id='word_1_584' title='bbox 2078 1394 2323 1456; x_wconf 82' lang='lat' dir='ltr'><strong>mordere</strong></span> <span class='ocrx_word' id='word_1_585' title='bbox 2348 1407 2523 1465; x_wconf 84' lang='lat' dir='ltr'><strong>potest</strong></span> <span class='ocrx_word' id='word_1_586' title='bbox 2550 1399 2798 1455; x_wconf 86' lang='lat' dir='ltr'><strong>damnum</strong></span> <span class='ocrx_word' id='word_1_587' title='bbox 2823 1443 2839 1467; x_wconf 91' lang='lat'><strong>,</strong></span> <span class='ocrx_word' id='word_1_588' title='bbox 2866 1414 3117 1473; x_wconf 80' lang='lat' dir='ltr'><strong>quantum</strong></span> <span class='ocrx_word' id='word_1_589' title='bbox 3146 1406 3327 1465; x_wconf 76' lang='lat' dir='ltr'><strong>lzetitia</strong></span> <span class='ocrx_word' id='word_1_590' title='bbox 3353 1409 3520 1466; x_wconf 83' lang='lat' dir='ltr'><strong>afﬁcit</strong></span> <span class='ocrx_word' id='word_1_591' title='bbox 3536 1427 3659 1482; x_wconf 87' lang='lat' dir='ltr'><strong>gra-</strong></span> 
     </span>
    </p>
   </div>
   <div class='ocr_carea' id='block_1_73' title="bbox 2077 1485 3659 1576">
    <p class='ocr_par' dir='ltr' id='par_1_73' title="bbox 2077 1485 3659 1576">
     <span class='ocr_line' id='line_1_76' title="bbox 2077 1485 3659 1576; baseline 0.015 -37"><span class='ocrx_word' id='word_1_592' title='bbox 2077 1485 2264 1539; x_wconf 90' lang='lat' dir='ltr'><strong>tiarnm</strong></span> <span class='ocrx_word' id='word_1_593' title='bbox 2306 1489 2462 1543; x_wconf 90' lang='lat' dir='ltr'><strong>actio.</strong></span> <span class='ocrx_word' id='word_1_594' title='bbox 2510 1490 2620 1547; x_wconf 85' lang='lat' dir='ltr'><strong>Hoc</strong></span> <span class='ocrx_word' id='word_1_595' title='bbox 2663 1493 2873 1551; x_wconf 87' lang='lat' dir='ltr'><strong>diabolo</strong></span> <span class='ocrx_word' id='word_1_596' title='bbox 2901 1497 3058 1555; x_wconf 83' lang='lat' dir='ltr'><strong>letale</strong></span> <span class='ocrx_word' id='word_1_597' title='bbox 3079 1500 3269 1556; x_wconf 83' lang='lat' dir='ltr'><strong>vulnus</strong></span> <span class='ocrx_word' id='word_1_598' title='bbox 3296 1502 3485 1576; x_wconf 81' lang='lat' dir='ltr'><strong>inﬂigit</strong></span> <span class='ocrx_word' id='word_1_599' title='bbox 3511 1522 3527 1561; x_wconf 91' lang='lat'><strong>:</strong></span> <span class='ocrx_word' id='word_1_600' title='bbox 3558 1505 3659 1563; x_wconf 80' lang='lat' dir='ltr'><strong>hoc</strong></span> 
     </span>
    </p>
   </div>
   <div class='ocr_carea' id='block_1_74' title="bbox 2075 1577 3659 1663">
    <p class='ocr_par' dir='ltr' id='par_1_74' title="bbox 2075 1577 3659 1663">
     <span class='ocr_line' id='line_1_77' title="bbox 2075 1577 3659 1663; baseline 0.016 -33"><span class='ocrx_word' id='word_1_601' title='bbox 2075 1577 2248 1633; x_wconf 89' lang='lat' dir='ltr'><strong>reddit</strong></span> <span class='ocrx_word' id='word_1_602' title='bbox 2290 1580 2519 1636; x_wconf 89' lang='lat' dir='ltr'><strong>animam</strong></span> <span class='ocrx_word' id='word_1_603' title='bbox 2565 1585 2740 1640; x_wconf 88' lang='lat' dir='ltr'><strong>studio</strong></span> <span class='ocrx_word' id='word_1_604' title='bbox 2775 1589 3048 1658; x_wconf 77' lang='lat' dir='ltr'><strong>sapientia:</strong></span> <span class='ocrx_word' id='word_1_605' title='bbox 3085 1593 3360 1663; x_wconf 64' lang='lat' dir='ltr'><strong>praeditam</strong></span> <span class='ocrx_word' id='word_1_606' title='bbox 3403 1613 3417 1650; x_wconf 89' lang='lat'><strong>:</strong></span> <span class='ocrx_word' id='word_1_607' title='bbox 3451 1596 3553 1652; x_wconf 93' lang='lat' dir='ltr'><strong>hoc</strong></span> <span class='ocrx_word' id='word_1_608' title='bbox 3591 1601 3659 1656; x_wconf 87' lang='lat' dir='ltr'><strong>de</strong></span> 
     </span>
    </p>
   </div>
   <div class='ocr_carea' id='block_1_75' title="bbox 2074 1668 3653 1754">
    <p class='ocr_par' dir='ltr' id='par_1_75' title="bbox 2074 1668 3653 1754">
     <span class='ocr_line' id='line_1_78' title="bbox 2074 1668 3653 1754; baseline 0.014 -35"><span class='ocrx_word' id='word_1_609' title='bbox 2074 1668 2235 1724; x_wconf 91' lang='lat' dir='ltr'><strong>rebus</strong></span> <span class='ocrx_word' id='word_1_610' title='bbox 2285 1674 2634 1739; x_wconf 71' lang='lat' dir='ltr'><strong>praesentibus</strong></span> <span class='ocrx_word' id='word_1_611' title='bbox 2670 1691 2851 1732; x_wconf 89' lang='lat' dir='ltr'><strong>verum</strong></span> <span class='ocrx_word' id='word_1_612' title='bbox 2895 1692 3171 1751; x_wconf 85' lang='lat' dir='ltr'><strong>comparat</strong></span> <span class='ocrx_word' id='word_1_613' title='bbox 3191 1683 3472 1754; x_wconf 90' lang='lat' dir='ltr'><strong>judicium.</strong></span> <span class='ocrx_word' id='word_1_614' title='bbox 3502 1687 3653 1744; x_wconf 77' lang='lat' dir='ltr'><strong>Multi</strong></span> 
     </span>
    </p>
   </div>
   <div class='ocr_carea' id='block_1_76' title="bbox 2073 1762 3658 1848">
    <p class='ocr_par' dir='ltr' id='par_1_76' title="bbox 2073 1762 3658 1848">
     <span class='ocr_line' id='line_1_79' title="bbox 2073 1762 3658 1848; baseline 0.015 -34"><span class='ocrx_word' id='word_1_615' title='bbox 2073 1762 2213 1815; x_wconf 91' lang='lat' dir='ltr'><strong>enim</strong></span> <span class='ocrx_word' id='word_1_616' title='bbox 2241 1764 2485 1819; x_wconf 84' lang='lat' dir='ltr'><strong>homines</strong></span> <span class='ocrx_word' id='word_1_617' title='bbox 2510 1782 2616 1822; x_wconf 87' lang='lat' dir='ltr'><strong>non</strong></span> <span class='ocrx_word' id='word_1_618' title='bbox 2646 1767 2841 1825; x_wconf 88' lang='lat' dir='ltr'><strong>habent</strong></span> <span class='ocrx_word' id='word_1_619' title='bbox 2870 1785 3048 1827; x_wconf 89' lang='lat' dir='ltr'><strong>veram</strong></span> <span class='ocrx_word' id='word_1_620' title='bbox 3077 1774 3145 1829; x_wconf 89' lang='lat' dir='ltr'><strong>de</strong></span> <span class='ocrx_word' id='word_1_621' title='bbox 3170 1775 3254 1831; x_wconf 86' lang='lat' dir='ltr'><strong>his</strong></span> <span class='ocrx_word' id='word_1_622' title='bbox 3279 1793 3400 1848; x_wconf 74' lang='lat' dir='ltr'><strong>qua:</strong></span> <span class='ocrx_word' id='word_1_623' title='bbox 3425 1777 3513 1835; x_wconf 91' lang='lat' dir='ltr'><strong>hic</strong></span> <span class='ocrx_word' id='word_1_624' title='bbox 3529 1790 3658 1837; x_wconf 91' lang='lat' dir='ltr'><strong>sunt</strong></span> 
     </span>
    </p>
   </div>
   <div class='ocr_carea' id='block_1_77' title="bbox 2073 1857 3658 1942">
    <p class='ocr_par' dir='ltr' id='par_1_77' title="bbox 2073 1857 3658 1942">
     <span class='ocr_line' id='line_1_80' title="bbox 2073 1857 3658 1942; baseline 0.014 -35"><span class='ocrx_word' id='word_1_625' title='bbox 2073 1857 2389 1913; x_wconf 89' lang='lat' dir='ltr'><strong>sententiam</strong></span> <span class='ocrx_word' id='word_1_626' title='bbox 2413 1900 2429 1923; x_wconf 93' lang='lat'><strong>,</strong></span> <span class='ocrx_word' id='word_1_627' title='bbox 2475 1869 2530 1915; x_wconf 91' lang='lat' dir='ltr'><strong>et</strong></span> <span class='ocrx_word' id='word_1_628' title='bbox 2578 1862 2697 1918; x_wconf 93' lang='lat' dir='ltr'><strong>idco</strong></span> <span class='ocrx_word' id='word_1_629' title='bbox 2738 1876 3023 1936; x_wconf 89' lang='lat' dir='ltr'><strong>anguntur.</strong></span> <span class='ocrx_word' id='word_1_630' title='bbox 3053 1868 3124 1923; x_wconf 87' lang='lat' dir='ltr'><strong>Ita</strong></span> <span class='ocrx_word' id='word_1_631' title='bbox 3152 1872 3311 1926; x_wconf 86' lang='lat' dir='ltr'><strong>etiam</strong></span> <span class='ocrx_word' id='word_1_632' title='bbox 3332 1873 3421 1942; x_wconf 88' lang='lat' dir='ltr'><strong>qui</strong></span> <span class='ocrx_word' id='word_1_633' title='bbox 3455 1873 3658 1930; x_wconf 87' lang='lat' dir='ltr'><strong>insani-</strong></span> 
     </span>
    </p>
   </div>
   <div class='ocr_carea' id='block_1_78' title="bbox 2074 1954 3725 2033">
    <p class='ocr_par' dir='ltr' id='par_1_78' title="bbox 2074 1954 3725 2033">
     <span class='ocr_line' id='line_1_81' title="bbox 2074 1954 3725 2033; baseline 0.012 -33"><span class='ocrx_word' id='word_1_634' title='bbox 2074 1956 2197 2012; x_wconf 93' lang='lat' dir='ltr'><strong>unt,</strong></span> <span class='ocrx_word' id='word_1_635' title='bbox 2230 1964 2289 2003; x_wconf 89' lang='lat' dir='ltr'><strong>ea</strong></span> <span class='ocrx_word' id='word_1_636' title='bbox 2318 1964 2461 2020; x_wconf 80' lang='lat' dir='ltr'><strong>saepe</strong></span> <span class='ocrx_word' id='word_1_637' title='bbox 2485 1954 2867 2023; x_wconf 89' lang='lat' dir='ltr'><strong>pertimescunt</strong></span> <span class='ocrx_word' id='word_1_638' title='bbox 2885 2000 2909 2024; x_wconf 80' lang='lat'><strong>,.</strong></span> <span class='ocrx_word' id='word_1_639' title='bbox 2928 1974 3050 2029; x_wconf 78' lang='lat' dir='ltr'><strong>qua:</strong></span> <span class='ocrx_word' id='word_1_640' title='bbox 3080 1977 3188 2016; x_wconf 91' lang='lat' dir='ltr'><strong>non</strong></span> <span class='ocrx_word' id='word_1_641' title='bbox 3215 1972 3339 2019; x_wconf 90' lang='lat' dir='ltr'><strong>sunt</strong></span> <span class='ocrx_word' id='word_1_642' title='bbox 3366 1965 3616 2021; x_wconf 85' lang='lat' dir='ltr'><strong>terribilia</strong></span> <span class='ocrx_word' id='word_1_643' title='bbox 3637 2008 3654 2033; x_wconf 88' lang='lat'><strong>,</strong></span> <span class='ocrx_word' id='word_1_644' title='bbox 3722 2002 3725 2005; x_wconf 53' lang='grc' dir='ltr'><em>ν</em></span> 
     </span>
    </p>
   </div>
   <div class='ocr_carea' id='block_1_79' title="bbox 2071 2041 3655 2121">
    <p class='ocr_par' dir='ltr' id='par_1_79' title="bbox 2071 2041 3655 2121">
     <span class='ocr_line' id='line_1_82' title="bbox 2071 2041 3655 2121; baseline 0.015 -30"><span class='ocrx_word' id='word_1_645' title='bbox 2071 2048 2124 2091; x_wconf 91' lang='lat' dir='ltr'><strong>et</strong></span> <span class='ocrx_word' id='word_1_646' title='bbox 2153 2054 2296 2108; x_wconf 67' lang='lat' dir='ltr'><strong>sarpe</strong></span> <span class='ocrx_word' id='word_1_647' title='bbox 2325 2041 2608 2099; x_wconf 81' lang='lat' dir='ltr'><strong>formidant</strong></span> <span class='ocrx_word' id='word_1_648' title='bbox 2635 2060 2696 2101; x_wconf 88' lang='lat' dir='ltr'><strong>ea</strong></span> <span class='ocrx_word' id='word_1_649' title='bbox 2724 2062 2845 2118; x_wconf 81' lang='lat' dir='ltr'><strong>qua:</strong></span> <span class='ocrx_word' id='word_1_650' title='bbox 2872 2066 2976 2104; x_wconf 89' lang='lat' dir='ltr'><strong>non</strong></span> <span class='ocrx_word' id='word_1_651' title='bbox 3005 2051 3333 2121; x_wconf 88' lang='lat' dir='ltr'><strong>subsistunt,</strong></span> <span class='ocrx_word' id='word_1_652' title='bbox 3360 2066 3413 2111; x_wconf 86' lang='lat' dir='ltr'><strong>ct</strong></span> <span class='ocrx_word' id='word_1_653' title='bbox 3438 2057 3655 2114; x_wconf 89' lang='lat' dir='ltr'><strong>umbras</strong></span> 
     </span>
    </p>
   </div>
   <div class='ocr_carea' id='block_1_80' title="bbox 2073 2131 3653 2217">
    <p class='ocr_par' dir='ltr' id='par_1_80' title="bbox 2073 2131 3653 2217">
     <span class='ocr_line' id='line_1_83' title="bbox 2073 2131 3653 2217; baseline 0.013 -33"><span class='ocrx_word' id='word_1_654' title='bbox 2073 2131 2293 2201; x_wconf 86' lang='lat' dir='ltr'><strong>fugiunt.</strong></span> <span class='ocrx_word' id='word_1_655' title='bbox 2328 2133 2421 2189; x_wconf 83' lang='lat' dir='ltr'><strong>His</strong></span> <span class='ocrx_word' id='word_1_656' title='bbox 2444 2146 2566 2192; x_wconf 90' lang='lat' dir='ltr'><strong>sunt</strong></span> <span class='ocrx_word' id='word_1_657' title='bbox 2587 2138 2789 2193; x_wconf 86' lang='lat' dir='ltr'><strong>similes</strong></span> <span class='ocrx_word' id='word_1_658' title='bbox 2820 2141 2852 2193; x_wconf 88' lang='lat' dir='ltr'><strong>ii</strong></span> <span class='ocrx_word' id='word_1_659' title='bbox 2883 2144 2969 2211; x_wconf 90' lang='lat' dir='ltr'><strong>qui</strong></span> <span class='ocrx_word' id='word_1_660' title='bbox 2994 2143 3246 2201; x_wconf 86' lang='lat' dir='ltr'><strong>damnum</strong></span> <span class='ocrx_word' id='word_1_661' title='bbox 3276 2148 3514 2217; x_wconf 79' lang='lat' dir='ltr'><strong>pecunia:</strong></span> <span class='ocrx_word' id='word_1_662' title='bbox 3535 2164 3653 2205; x_wconf 58' lang='lat' dir='ltr'><strong>meo</strong></span> 
     </span>
    </p>
   </div>
   <div class='ocr_carea' id='block_1_81' title="bbox 2072 2231 2249 2278">
    <p class='ocr_par' dir='ltr' id='par_1_81' title="bbox 2072 2231 2249 2278">
     <span class='ocr_line' id='line_1_84' title="bbox 2072 2231 2249 2278; baseline 0 -2"><span class='ocrx_word' id='word_1_663' title='bbox 2072 2231 2249 2278; x_wconf 80' lang='lat' dir='ltr'><strong>luunt.</strong></span> 
     </span>
    </p>
   </div>
   <div class='ocr_carea' id='block_1_82' title="bbox 2142 2315 3652 2387">
    <p class='ocr_par' dir='ltr' id='par_1_82' title="bbox 2142 2315 3652 2387">
     <span class='ocr_line' id='line_1_85' title="bbox 2142 2315 3652 2387; baseline 0.011 -19"><span class='ocrx_word' id='word_1_664' title='bbox 2142 2315 2308 2370; x_wconf 78' lang='lat' dir='ltr'><strong>Metus</strong></span> <span class='ocrx_word' id='word_1_665' title='bbox 2347 2334 2447 2371; x_wconf 81' lang='lat' dir='ltr'><strong>non</strong></span> <span class='ocrx_word' id='word_1_666' title='bbox 2490 2328 2684 2374; x_wconf 76' lang='lat' dir='ltr'><strong>natura:</strong></span> <span class='ocrx_word' id='word_1_667' title='bbox 2726 2332 2833 2387; x_wconf 79' lang='lat' dir='ltr'><strong>est,</strong></span> <span class='ocrx_word' id='word_1_668' title='bbox 2878 2325 2968 2377; x_wconf 84' lang='lat' dir='ltr'><strong>sed</strong></span> <span class='ocrx_word' id='word_1_669' title='bbox 3005 2325 3294 2383; x_wconf 83' lang='lat' dir='ltr'><strong>voluntatis.</strong></span> <span class='ocrx_word' id='word_1_670' title='bbox 3319 2358 3387 2368; x_wconf 90' lang='lat'><strong>—</strong></span> <span class='ocrx_word' id='word_1_671' title='bbox 3416 2327 3533 2384; x_wconf 85' lang='lat' dir='ltr'><strong>Non</strong></span> <span class='ocrx_word' id='word_1_672' title='bbox 3569 2339 3652 2385; x_wconf 85' lang='lat' dir='ltr'><strong>est</strong></span> 
     </span>
    </p>
   </div>
   <div class='ocr_carea' id='block_1_83' title="bbox 2068 2408 3650 2480">
    <p class='ocr_par' dir='ltr' id='par_1_83' title="bbox 2068 2408 3650 2480">
     <span class='ocr_line' id='line_1_86' title="bbox 2068 2408 3650 2480; baseline 0.011 -18"><span class='ocrx_word' id='word_1_673' title='bbox 2068 2408 2211 2462; x_wconf 91' lang='lat' dir='ltr'><strong>enim</strong></span> <span class='ocrx_word' id='word_1_674' title='bbox 2256 2422 2457 2466; x_wconf 75' lang='lat' dir='ltr'><strong>natura:</strong></span> <span class='ocrx_word' id='word_1_675' title='bbox 2491 2424 2665 2469; x_wconf 89' lang='lat' dir='ltr'><strong>metus</strong></span> <span class='ocrx_word' id='word_1_676' title='bbox 2685 2455 2699 2480; x_wconf 91' lang='lat'><strong>,</strong></span> <span class='ocrx_word' id='word_1_677' title='bbox 2746 2415 2839 2470; x_wconf 87' lang='lat' dir='ltr'><strong>sed</strong></span> <span class='ocrx_word' id='word_1_678' title='bbox 2871 2416 3056 2473; x_wconf 77' lang='lat' dir='ltr'><strong>libera:</strong></span> <span class='ocrx_word' id='word_1_679' title='bbox 3082 2418 3391 2475; x_wconf 86' lang='lat' dir='ltr'><strong>voluntatis.</strong></span> <span class='ocrx_word' id='word_1_680' title='bbox 3423 2422 3480 2478; x_wconf 90' lang='lat' dir='ltr'><strong>Si</strong></span> <span class='ocrx_word' id='word_1_681' title='bbox 3509 2416 3650 2480; x_wconf 81' lang='lat' dir='ltr'><strong>enini</strong></span> 
     </span>
    </p>
   </div>
   <div class='ocr_carea' id='block_1_84' title="bbox 2068 2501 3645 2583">
    <p class='ocr_par' dir='ltr' id='par_1_84' title="bbox 2068 2501 3645 2583">
     <span class='ocr_line' id='line_1_87' title="bbox 2068 2501 3645 2583; baseline 0.01 -30"><span class='ocrx_word' id='word_1_682' title='bbox 2068 2509 2209 2555; x_wconf 81' lang='lat' dir='ltr'><strong>esset</strong></span> <span class='ocrx_word' id='word_1_683' title='bbox 2253 2516 2339 2556; x_wconf 87' lang='lat' dir='ltr'><strong>res</strong></span> <span class='ocrx_word' id='word_1_684' title='bbox 2362 2501 2610 2563; x_wconf 86' lang='lat' dir='ltr'><strong>molesta,</strong></span> <span class='ocrx_word' id='word_1_685' title='bbox 2627 2515 2896 2575; x_wconf 90' lang='lat' dir='ltr'><strong>oporteret</strong></span> <span class='ocrx_word' id='word_1_686' title='bbox 2919 2523 3107 2565; x_wconf 88' lang='lat' dir='ltr'><strong>omnes</strong></span> <span class='ocrx_word' id='word_1_687' title='bbox 3129 2508 3314 2568; x_wconf 83' lang='lat' dir='ltr'><strong>dolere</strong></span> <span class='ocrx_word' id='word_1_688' title='bbox 3340 2513 3428 2582; x_wconf 91' lang='lat' dir='ltr'><strong>qui</strong></span> <span class='ocrx_word' id='word_1_689' title='bbox 3458 2513 3645 2583; x_wconf 84' lang='lat' dir='ltr'><strong>privati</strong></span> 
     </span>
    </p>
   </div>
   <div class='ocr_carea' id='block_1_85' title="bbox 2068 2594 3645 2674">
    <p class='ocr_par' dir='ltr' id='par_1_85' title="bbox 2068 2594 3645 2674">
     <span class='ocr_line' id='line_1_88' title="bbox 2068 2594 3645 2674; baseline 0.01 -30"><span class='ocrx_word' id='word_1_690' title='bbox 2068 2606 2191 2647; x_wconf 91' lang='lat' dir='ltr'><strong>sunt</strong></span> <span class='ocrx_word' id='word_1_691' title='bbox 2211 2598 2261 2661; x_wconf 68' lang='grc' dir='ltr'>ις</span> <span class='ocrx_word' id='word_1_692' title='bbox 2289 2594 2331 2648; x_wconf 92' lang='lat' dir='ltr'><strong>si</strong></span> <span class='ocrx_word' id='word_1_693' title='bbox 2354 2604 2527 2650; x_wconf 87' lang='lat' dir='ltr'><strong>autem</strong></span> <span class='ocrx_word' id='word_1_694' title='bbox 2549 2612 2655 2652; x_wconf 90' lang='lat' dir='ltr'><strong>non</strong></span> <span class='ocrx_word' id='word_1_695' title='bbox 2676 2612 2863 2654; x_wconf 89' lang='lat' dir='ltr'><strong>omnes</strong></span> <span class='ocrx_word' id='word_1_696' title='bbox 2878 2601 2964 2671; x_wconf 90' lang='lat' dir='ltr'><strong>qui</strong></span> <span class='ocrx_word' id='word_1_697' title='bbox 2988 2601 3052 2657; x_wconf 91' lang='lat' dir='ltr'><strong>iis</strong></span> <span class='ocrx_word' id='word_1_698' title='bbox 3078 2603 3366 2674; x_wconf 76' lang='lat' dir='ltr'><strong>privamur,</strong></span> <span class='ocrx_word' id='word_1_699' title='bbox 3379 2603 3645 2670; x_wconf 88' lang='lat' dir='ltr'><strong>dolentus,</strong></span> 
     </span>
    </p>
   </div>
   <div class='ocr_carea' id='block_1_86' title="bbox 2068 2688 3645 2766">
    <p class='ocr_par' dir='ltr' id='par_1_86' title="bbox 2068 2688 3645 2766">
     <span class='ocr_line' id='line_1_89' title="bbox 2068 2688 3645 2766; baseline 0.007 -26"><span class='ocrx_word' id='word_1_700' title='bbox 2068 2702 2173 2741; x_wconf 89' lang='lat' dir='ltr'><strong>non</strong></span> <span class='ocrx_word' id='word_1_701' title='bbox 2201 2696 2285 2741; x_wconf 82' lang='lat' dir='ltr'><strong>est</strong></span> <span class='ocrx_word' id='word_1_702' title='bbox 2312 2688 2414 2744; x_wconf 83' lang='lat' dir='ltr'><strong>hoc</strong></span> <span class='ocrx_word' id='word_1_703' title='bbox 2441 2691 2620 2760; x_wconf 88' lang='lat' dir='ltr'><strong>utique</strong></span> <span class='ocrx_word' id='word_1_704' title='bbox 2647 2691 2723 2745; x_wconf 89' lang='lat' dir='ltr'><strong>rei</strong></span> <span class='ocrx_word' id='word_1_705' title='bbox 2754 2700 2992 2760; x_wconf 67' lang='lat' dir='ltr'><strong>naturaa,</strong></span> <span class='ocrx_word' id='word_1_706' title='bbox 3022 2693 3115 2748; x_wconf 90' lang='lat' dir='ltr'><strong>sed</strong></span> <span class='ocrx_word' id='word_1_707' title='bbox 3140 2695 3437 2766; x_wconf 79' lang='lat' dir='ltr'><strong>imperfecti</strong></span> <span class='ocrx_word' id='word_1_708' title='bbox 3461 2698 3645 2753; x_wconf 88' lang='lat' dir='ltr'><strong>animi.</strong></span> 
     </span>
    </p>
   </div>
   <div class='ocr_carea' id='block_1_87' title="bbox 2066 2778 3644 2856">
    <p class='ocr_par' dir='ltr' id='par_1_87' title="bbox 2066 2778 3644 2856">
     <span class='ocr_line' id='line_1_90' title="bbox 2066 2778 3644 2856; baseline 0.008 -25"><span class='ocrx_word' id='word_1_709' title='bbox 2066 2778 2522 2846; x_wconf 87' lang='lat' dir='ltr'><strong>Quemadmodum</strong></span> <span class='ocrx_word' id='word_1_710' title='bbox 2550 2781 2691 2836; x_wconf 87' lang='lat' dir='ltr'><strong>enim</strong></span> <span class='ocrx_word' id='word_1_711' title='bbox 2711 2782 2765 2837; x_wconf 92' lang='lat' dir='ltr'><strong>in</strong></span> <span class='ocrx_word' id='word_1_712' title='bbox 2794 2783 3026 2839; x_wconf 83' lang='lat' dir='ltr'><strong>tenebris</strong></span> <span class='ocrx_word' id='word_1_713' title='bbox 3049 2797 3193 2855; x_wconf 69' lang='lat' dir='ltr'><strong>stepe</strong></span> <span class='ocrx_word' id='word_1_714' title='bbox 3217 2787 3336 2856; x_wconf 91' lang='lat' dir='ltr'><strong>quis</strong></span> <span class='ocrx_word' id='word_1_715' title='bbox 3359 2787 3443 2842; x_wconf 86' lang='lat' dir='ltr'><strong>vel</strong></span> <span class='ocrx_word' id='word_1_716' title='bbox 3464 2786 3644 2844; x_wconf 87' lang='lat' dir='ltr'><strong>funem</strong></span> 
     </span>
    </p>
   </div>
   <div class='ocr_carea' id='block_1_88' title="bbox 2068 2873 3648 2952">
    <p class='ocr_par' dir='ltr' id='par_1_88' title="bbox 2068 2873 3648 2952">
     <span class='ocr_line' id='line_1_91' title="bbox 2068 2873 3648 2952; baseline 0.006 -26"><span class='ocrx_word' id='word_1_717' title='bbox 2068 2873 2253 2940; x_wconf 90' lang='lat' dir='ltr'><strong>timet,</strong></span> <span class='ocrx_word' id='word_1_718' title='bbox 2297 2887 2599 2943; x_wconf 75' lang='lat' dir='ltr'><strong>serpentem</strong></span> <span class='ocrx_word' id='word_1_719' title='bbox 2629 2889 2751 2933; x_wconf 86' lang='lat' dir='ltr'><strong>esse</strong></span> <span class='ocrx_word' id='word_1_720' title='bbox 2777 2887 2955 2945; x_wconf 90' lang='lat' dir='ltr'><strong>ratus,</strong></span> <span class='ocrx_word' id='word_1_721' title='bbox 2988 2887 3043 2934; x_wconf 91' lang='lat' dir='ltr'><strong>et</strong></span> <span class='ocrx_word' id='word_1_722' title='bbox 3069 2880 3246 2935; x_wconf 89' lang='lat' dir='ltr'><strong>omnia</strong></span> <span class='ocrx_word' id='word_1_723' title='bbox 3274 2880 3434 2936; x_wconf 89' lang='lat' dir='ltr'><strong>habet</strong></span> <span class='ocrx_word' id='word_1_724' title='bbox 3461 2895 3648 2952; x_wconf 83' lang='lat' dir='ltr'><strong>suspe-</strong></span> 
     </span>
    </p>
   </div>
   <div class='ocr_carea' id='block_1_89' title="bbox 2064 2965 3647 3042">
    <p class='ocr_par' dir='ltr' id='par_1_89' title="bbox 2064 2965 3647 3042">
     <span class='ocr_line' id='line_1_92' title="bbox 2064 2965 3647 3042; baseline 0.005 -25"><span class='ocrx_word' id='word_1_725' title='bbox 2064 2972 2147 3017; x_wconf 90' lang='lat' dir='ltr'><strong>cta</strong></span> <span class='ocrx_word' id='word_1_726' title='bbox 2169 3004 2183 3027; x_wconf 91' lang='lat'><strong>,</strong></span> <span class='ocrx_word' id='word_1_727' title='bbox 2222 2972 2278 3018; x_wconf 87' lang='lat' dir='ltr'><strong>et</strong></span> <span class='ocrx_word' id='word_1_728' title='bbox 2314 2965 2514 3021; x_wconf 81' lang='lat' dir='ltr'><strong>amicos</strong></span> <span class='ocrx_word' id='word_1_729' title='bbox 2539 2965 2719 3022; x_wconf 92' lang='lat' dir='ltr'><strong>hostes</strong></span> <span class='ocrx_word' id='word_1_730' title='bbox 2747 2981 2869 3024; x_wconf 91' lang='lat' dir='ltr'><strong>esse</strong></span> <span class='ocrx_word' id='word_1_731' title='bbox 2896 2968 3162 3024; x_wconf 82' lang='lat' dir='ltr'><strong>existimat</strong></span> <span class='ocrx_word' id='word_1_732' title='bbox 3190 2987 3205 3025; x_wconf 89' lang='lat'><strong>:</strong></span> <span class='ocrx_word' id='word_1_733' title='bbox 3232 2970 3305 3025; x_wconf 89' lang='lat' dir='ltr'><strong>ita</strong></span> <span class='ocrx_word' id='word_1_734' title='bbox 3332 2971 3497 3026; x_wconf 88' lang='lat' dir='ltr'><strong>etiam</strong></span> <span class='ocrx_word' id='word_1_735' title='bbox 3514 2987 3647 3042; x_wconf 88' lang='lat' dir='ltr'><strong>quo-</strong></span> 
     </span>
    </p>
   </div>
   <div class='ocr_carea' id='block_1_90' title="bbox 2063 3055 3643 3134">
    <p class='ocr_par' dir='ltr' id='par_1_90' title="bbox 2063 3055 3643 3134">
     <span class='ocr_line' id='line_1_93' title="bbox 2063 3055 3643 3134; baseline 0.007 -26"><span class='ocrx_word' id='word_1_736' title='bbox 2063 3070 2181 3110; x_wconf 92' lang='lat' dir='ltr'><strong>rum</strong></span> <span class='ocrx_word' id='word_1_737' title='bbox 2203 3055 2342 3110; x_wconf 86' lang='lat' dir='ltr'><strong>ratio</strong></span> <span class='ocrx_word' id='word_1_738' title='bbox 2360 3055 2562 3125; x_wconf 88' lang='lat' dir='ltr'><strong>deﬁcit,</strong></span> <span class='ocrx_word' id='word_1_739' title='bbox 2585 3066 2854 3128; x_wconf 85' lang='lat' dir='ltr'><strong>tamquam</strong></span> <span class='ocrx_word' id='word_1_740' title='bbox 2875 3058 3146 3129; x_wconf 89' lang='lat' dir='ltr'><strong>profundis</strong></span> <span class='ocrx_word' id='word_1_741' title='bbox 3168 3061 3484 3132; x_wconf 86' lang='lat' dir='ltr'><strong>quibusdam</strong></span> <span class='ocrx_word' id='word_1_742' title='bbox 3503 3065 3643 3134; x_wconf 87' lang='lat' dir='ltr'><strong>capti</strong></span> 
     </span>
    </p>
   </div>
   <div class='ocr_carea' id='block_1_91' title="bbox 2065 3147 3647 3223">
    <p class='ocr_par' dir='ltr' id='par_1_91' title="bbox 2065 3147 3647 3223">
     <span class='ocr_line' id='line_1_94' title="bbox 2065 3147 3647 3223; baseline 0.004 -23"><span class='ocrx_word' id='word_1_743' title='bbox 2065 3147 2297 3201; x_wconf 88' lang='lat' dir='ltr'><strong>tenebris</strong></span> <span class='ocrx_word' id='word_1_744' title='bbox 2321 3189 2336 3213; x_wconf 91' lang='lat'><strong>,</strong></span> <span class='ocrx_word' id='word_1_745' title='bbox 2382 3163 2558 3202; x_wconf 91' lang='lat' dir='ltr'><strong>rerum</strong></span> <span class='ocrx_word' id='word_1_746' title='bbox 2601 3159 2841 3204; x_wconf 85' lang='lat' dir='ltr'><strong>naturam</strong></span> <span class='ocrx_word' id='word_1_747' title='bbox 2885 3167 2989 3206; x_wconf 88' lang='lat' dir='ltr'><strong>non</strong></span> <span class='ocrx_word' id='word_1_748' title='bbox 3020 3163 3382 3223; x_wconf 82' lang='lat' dir='ltr'><strong>cognoscunt,</strong></span> <span class='ocrx_word' id='word_1_749' title='bbox 3409 3153 3505 3211; x_wconf 90' lang='lat' dir='ltr'><strong>sed</strong></span> <span class='ocrx_word' id='word_1_750' title='bbox 3535 3155 3647 3208; x_wconf 87' lang='lat' dir='ltr'><strong>vol-</strong></span> 
     </span>
    </p>
   </div>
   <div class='ocr_carea' id='block_1_92' title="bbox 2062 3240 3642 3307">
    <p class='ocr_par' dir='ltr' id='par_1_92' title="bbox 2062 3240 3642 3307">
     <span class='ocr_line' id='line_1_95' title="bbox 2062 3240 3642 3307; baseline 0.008 -16"><span class='ocrx_word' id='word_1_751' title='bbox 2062 3250 2259 3294; x_wconf 90' lang='lat' dir='ltr'><strong>vuntur</strong></span> <span class='ocrx_word' id='word_1_752' title='bbox 2298 3241 2350 3294; x_wconf 94' lang='lat' dir='ltr'><strong>in</strong></span> <span class='ocrx_word' id='word_1_753' title='bbox 2378 3241 2490 3295; x_wconf 91' lang='lat' dir='ltr'><strong>luto</strong></span> <span class='ocrx_word' id='word_1_754' title='bbox 2510 3283 2523 3307; x_wconf 89' lang='lat'><strong>,</strong></span> <span class='ocrx_word' id='word_1_755' title='bbox 2558 3257 2655 3297; x_wconf 90' lang='lat' dir='ltr'><strong>nec</strong></span> <span class='ocrx_word' id='word_1_756' title='bbox 2681 3240 2883 3299; x_wconf 65' lang='lat' dir='ltr'><strong>frenum</strong></span> <span class='ocrx_word' id='word_1_757' title='bbox 2913 3244 3220 3299; x_wconf 78' lang='lat' dir='ltr'><strong>existimant</strong></span> <span class='ocrx_word' id='word_1_758' title='bbox 3243 3260 3365 3301; x_wconf 87' lang='lat' dir='ltr'><strong>esse</strong></span> <span class='ocrx_word' id='word_1_759' title='bbox 3392 3244 3592 3302; x_wconf 64' lang='lat' dir='ltr'><strong>frenum</strong></span> <span class='ocrx_word' id='word_1_760' title='bbox 3625 3264 3642 3304; x_wconf 87' lang='lat'><strong>:</strong></span> 
     </span>
    </p>
   </div>
   <div class='ocr_carea' id='block_1_93' title="bbox 2063 3324 3673 3409">
    <p class='ocr_par' dir='ltr' id='par_1_93' title="bbox 2063 3324 3673 3409">
     <span class='ocr_line' id='line_1_96' title="bbox 2063 3324 3673 3409; baseline 0.005 -22"><span class='ocrx_word' id='word_1_761' title='bbox 2063 3342 2117 3387; x_wconf 90' lang='lat' dir='ltr'><strong>et</strong></span> <span class='ocrx_word' id='word_1_762' title='bbox 2144 3332 2284 3403; x_wconf 92' lang='lat' dir='ltr'><strong>pleni</strong></span> <span class='ocrx_word' id='word_1_763' title='bbox 2312 3334 2531 3388; x_wconf 89' lang='lat' dir='ltr'><strong>avaritia</strong></span> <span class='ocrx_word' id='word_1_764' title='bbox 2552 3377 2566 3398; x_wconf 89' lang='lat'><strong>,</strong></span> <span class='ocrx_word' id='word_1_765' title='bbox 2602 3344 2796 3390; x_wconf 88' lang='lat' dir='ltr'><strong>tetrum</strong></span> <span class='ocrx_word' id='word_1_766' title='bbox 2820 3336 3041 3392; x_wconf 90' lang='lat' dir='ltr'><strong>odorem</strong></span> <span class='ocrx_word' id='word_1_767' title='bbox 3070 3353 3174 3391; x_wconf 91' lang='lat' dir='ltr'><strong>non</strong></span> <span class='ocrx_word' id='word_1_768' title='bbox 3197 3338 3435 3393; x_wconf 84' lang='lat' dir='ltr'><strong>sentiunt</strong></span> <span class='ocrx_word' id='word_1_769' title='bbox 3461 3356 3474 3391; x_wconf 92' lang='lat'><strong>:</strong></span> <span class='ocrx_word' id='word_1_770' title='bbox 3496 3339 3638 3409; x_wconf 85' lang='lat' dir='ltr'><strong>quod</strong></span> <span class='ocrx_word' id='word_1_771' title='bbox 3661 3324 3673 3333; x_wconf 53' lang='grc'><strong><em>’</em></strong></span> 
     </span>
    </p>
   </div>
   <div class='ocr_carea' id='block_1_94' title="bbox 2063 3425 3640 3501">
    <p class='ocr_par' dir='ltr' id='par_1_94' title="bbox 2063 3425 3640 3501">
     <span class='ocr_line' id='line_1_97' title="bbox 2063 3425 3640 3501; baseline 0.002 -20"><span class='ocrx_word' id='word_1_772' title='bbox 2063 3429 2105 3481; x_wconf 91' lang='lat' dir='ltr'><strong>si</strong></span> <span class='ocrx_word' id='word_1_773' title='bbox 2152 3425 2288 3481; x_wconf 92' lang='lat' dir='ltr'><strong>forte</strong></span> <span class='ocrx_word' id='word_1_774' title='bbox 2326 3428 2682 3494; x_wconf 88' lang='lat' dir='ltr'><strong>recesserint,</strong></span> <span class='ocrx_word' id='word_1_775' title='bbox 2713 3437 2837 3483; x_wconf 89' lang='lat' dir='ltr'><strong>tunc</strong></span> <span class='ocrx_word' id='word_1_776' title='bbox 2862 3430 3052 3488; x_wconf 82' lang='lat' dir='ltr'><strong>scient.</strong></span> <span class='ocrx_word' id='word_1_777' title='bbox 3084 3428 3151 3484; x_wconf 88' lang='lat' dir='ltr'><strong>Et</strong></span> <span class='ocrx_word' id='word_1_778' title='bbox 3176 3429 3313 3484; x_wconf 81' lang='lat' dir='ltr'><strong>sicut</strong></span> <span class='ocrx_word' id='word_1_779' title='bbox 3341 3430 3430 3501; x_wconf 90' lang='lat' dir='ltr'><strong>qui</strong></span> <span class='ocrx_word' id='word_1_780' title='bbox 3459 3430 3640 3484; x_wconf 85' lang='lat' dir='ltr'><strong>defor-</strong></span> 
     </span>
    </p>
   </div>
   <div class='ocr_carea' id='block_1_95' title="bbox 2062 3516 3642 3592">
    <p class='ocr_par' dir='ltr' id='par_1_95' title="bbox 2062 3516 3642 3592">
     <span class='ocr_line' id='line_1_98' title="bbox 2062 3516 3642 3592; baseline 0.003 -22"><span class='ocrx_word' id='word_1_781' title='bbox 2062 3518 2162 3570; x_wconf 91' lang='lat' dir='ltr'><strong>mis</strong></span> <span class='ocrx_word' id='word_1_782' title='bbox 2201 3516 2439 3572; x_wconf 86' lang='lat' dir='ltr'><strong>mulieris</strong></span> <span class='ocrx_word' id='word_1_783' title='bbox 2474 3533 2657 3573; x_wconf 88' lang='lat' dir='ltr'><strong>amore</strong></span> <span class='ocrx_word' id='word_1_784' title='bbox 2698 3521 2835 3591; x_wconf 83' lang='lat' dir='ltr'><strong>capti</strong></span> <span class='ocrx_word' id='word_1_785' title='bbox 2879 3529 3037 3589; x_wconf 87' lang='lat' dir='ltr'><strong>sunt,</strong></span> <span class='ocrx_word' id='word_1_786' title='bbox 3082 3531 3361 3592; x_wconf 88' lang='lat' dir='ltr'><strong>postquam</strong></span> <span class='ocrx_word' id='word_1_787' title='bbox 3395 3537 3426 3577; x_wconf 91' lang='lat' dir='ltr'><strong>a</strong></span> <span class='ocrx_word' id='word_1_788' title='bbox 3455 3521 3642 3577; x_wconf 85' lang='lat' dir='ltr'><strong>morbo</strong></span> 
     </span>
    </p>
   </div>
   <div class='ocr_carea' id='block_1_96' title="bbox 2061 3608 3639 3676">
    <p class='ocr_par' dir='ltr' id='par_1_96' title="bbox 2061 3608 3639 3676">
     <span class='ocr_line' id='line_1_99' title="bbox 2061 3608 3639 3676; baseline 0.004 -15"><span class='ocrx_word' id='word_1_789' title='bbox 2061 3608 2462 3676; x_wconf 85' lang='lat' dir='ltr'><strong>convaluerint,</strong></span> <span class='ocrx_word' id='word_1_790' title='bbox 2509 3619 2633 3665; x_wconf 90' lang='lat' dir='ltr'><strong>tunc</strong></span> <span class='ocrx_word' id='word_1_791' title='bbox 2675 3611 2849 3666; x_wconf 85' lang='lat' dir='ltr'><strong>sciunt</strong></span> <span class='ocrx_word' id='word_1_792' title='bbox 2895 3610 3287 3668; x_wconf 82' lang='lat' dir='ltr'><strong>deformitatem</strong></span> <span class='ocrx_word' id='word_1_793' title='bbox 3327 3628 3341 3666; x_wconf 90' lang='lat'><strong>:</strong></span> <span class='ocrx_word' id='word_1_794' title='bbox 3383 3615 3454 3668; x_wconf 84' lang='lat' dir='ltr'><strong>ita</strong></span> <span class='ocrx_word' id='word_1_795' title='bbox 3480 3612 3639 3668; x_wconf 89' lang='lat' dir='ltr'><strong>etiam</strong></span> 
     </span>
    </p>
   </div>
   <div class='ocr_carea' id='block_1_97' title="bbox 2060 3701 3636 3777">
    <p class='ocr_par' dir='ltr' id='par_1_97' title="bbox 2060 3701 3636 3777">
     <span class='ocr_line' id='line_1_100' title="bbox 2060 3701 3636 3777; baseline 0.004 -22"><span class='ocrx_word' id='word_1_796' title='bbox 2060 3701 2151 3770; x_wconf 90' lang='lat' dir='ltr'><strong>qui</strong></span> <span class='ocrx_word' id='word_1_797' title='bbox 2195 3709 2443 3756; x_wconf 90' lang='lat' dir='ltr'><strong>tenentur</strong></span> <span class='ocrx_word' id='word_1_798' title='bbox 2478 3716 2661 3758; x_wconf 88' lang='lat' dir='ltr'><strong>amore</strong></span> <span class='ocrx_word' id='word_1_799' title='bbox 2698 3705 2956 3773; x_wconf 72' lang='lat' dir='ltr'><strong>pecuniae.</strong></span> <span class='ocrx_word' id='word_1_800' title='bbox 2999 3703 3066 3759; x_wconf 89' lang='lat' dir='ltr'><strong>Et</strong></span> <span class='ocrx_word' id='word_1_801' title='bbox 3092 3705 3359 3775; x_wconf 90' lang='lat' dir='ltr'><strong>quomodo</strong></span> <span class='ocrx_word' id='word_1_802' title='bbox 3384 3747 3399 3773; x_wconf 95' lang='lat'><strong>,</strong></span> <span class='ocrx_word' id='word_1_803' title='bbox 3432 3706 3636 3777; x_wconf 88' lang='lat' dir='ltr'><strong>inquit,</strong></span> 
     </span>
    </p>
   </div>
   <div class='ocr_carea' id='block_1_98' title="bbox 2061 3798 3639 3864">
    <p class='ocr_par' dir='ltr' id='par_1_98' title="bbox 2061 3798 3639 3864">
     <span class='ocr_line' id='line_1_101' title="bbox 2061 3798 3639 3864; baseline 0.004 -15"><span class='ocrx_word' id='word_1_804' title='bbox 2061 3803 2248 3864; x_wconf 89' lang='lat' dir='ltr'><strong>potero</strong></span> <span class='ocrx_word' id='word_1_805' title='bbox 2285 3810 2498 3851; x_wconf 89' lang='lat' dir='ltr'><strong>cessare</strong></span> <span class='ocrx_word' id='word_1_806' title='bbox 2540 3798 2607 3853; x_wconf 89' lang='lat' dir='ltr'><strong>ab</strong></span> <span class='ocrx_word' id='word_1_807' title='bbox 2629 3798 2850 3854; x_wconf 71' lang='lat' dir='ltr'><strong>amore?</strong></span> <span class='ocrx_word' id='word_1_808' title='bbox 2878 3798 3009 3855; x_wconf 84' lang='lat' dir='ltr'><strong>Utar</strong></span> <span class='ocrx_word' id='word_1_809' title='bbox 3034 3814 3218 3855; x_wconf 78' lang='lat' dir='ltr'><strong>rursus</strong></span> <span class='ocrx_word' id='word_1_810' title='bbox 3242 3799 3428 3855; x_wconf 89' lang='lat' dir='ltr'><strong>eodem</strong></span> <span class='ocrx_word' id='word_1_811' title='bbox 3455 3815 3639 3856; x_wconf 82' lang='lat' dir='ltr'><strong>exem-</strong></span> 
     </span>
    </p>
   </div>
   <div class='ocr_carea' id='block_1_99' title="bbox 2062 3888 3639 3964">
    <p class='ocr_par' dir='ltr' id='par_1_99' title="bbox 2062 3888 3639 3964">
     <span class='ocr_line' id='line_1_102' title="bbox 2062 3888 3639 3964; baseline 0.005 -22"><span class='ocrx_word' id='word_1_812' title='bbox 2062 3890 2168 3958; x_wconf 92' lang='lat' dir='ltr'><strong>plo.</strong></span> <span class='ocrx_word' id='word_1_813' title='bbox 2213 3888 2669 3957; x_wconf 84' lang='lat' dir='ltr'><strong>Quemadmodum</strong></span> <span class='ocrx_word' id='word_1_814' title='bbox 2716 3892 2805 3961; x_wconf 91' lang='lat' dir='ltr'><strong>qui</strong></span> <span class='ocrx_word' id='word_1_815' title='bbox 2828 3893 3122 3949; x_wconf 83' lang='lat' dir='ltr'><strong>deformem</strong></span> <span class='ocrx_word' id='word_1_816' title='bbox 3153 3903 3297 3949; x_wconf 88' lang='lat' dir='ltr'><strong>amat</strong></span> <span class='ocrx_word' id='word_1_817' title='bbox 3322 3895 3595 3950; x_wconf 90' lang='lat' dir='ltr'><strong>mulierem</strong></span> <span class='ocrx_word' id='word_1_818' title='bbox 3622 3937 3639 3964; x_wconf 87' lang='lat'><strong>,</strong></span> 
     </span>
    </p>
   </div>
   <div class='ocr_carea' id='block_1_100' title="bbox 2062 3984 3642 4054">
    <p class='ocr_par' dir='ltr' id='par_1_100' title="bbox 2062 3984 3642 4054">
     <span class='ocr_line' id='line_1_103' title="bbox 2062 3984 3642 4054; baseline 0.004 -18"><span class='ocrx_word' id='word_1_819' title='bbox 2062 3984 2105 4037; x_wconf 92' lang='lat' dir='ltr'><strong>si</strong></span> <span class='ocrx_word' id='word_1_820' title='bbox 2145 3984 2357 4038; x_wconf 89' lang='lat' dir='ltr'><strong>assidue</strong></span> <span class='ocrx_word' id='word_1_821' title='bbox 2394 3999 2514 4039; x_wconf 93' lang='lat' dir='ltr'><strong>cum</strong></span> <span class='ocrx_word' id='word_1_822' title='bbox 2558 3999 2618 4038; x_wconf 88' lang='lat' dir='ltr'><strong>ea</strong></span> <span class='ocrx_word' id='word_1_823' title='bbox 2658 3984 2852 4041; x_wconf 89' lang='lat' dir='ltr'><strong>habeat</strong></span> <span class='ocrx_word' id='word_1_824' title='bbox 2890 3986 3366 4054; x_wconf 89' lang='lat' dir='ltr'><strong>consuetudinem,</strong></span> <span class='ocrx_word' id='word_1_825' title='bbox 3397 3988 3642 4043; x_wconf 88' lang='lat' dir='ltr'><strong>accendit</strong></span> 
     </span>
    </p>
   </div>
   <div class='ocr_carea' id='block_1_101' title="bbox 2062 4075 3642 4153">
    <p class='ocr_par' dir='ltr' id='par_1_101' title="bbox 2062 4075 3642 4153">
     <span class='ocr_line' id='line_1_104' title="bbox 2062 4075 3642 4153; baseline 0.006 -25"><span class='ocrx_word' id='word_1_826' title='bbox 2062 4075 2325 4131; x_wconf 85' lang='lat' dir='ltr'><strong>fornacem</strong></span> <span class='ocrx_word' id='word_1_827' title='bbox 2359 4094 2372 4129; x_wconf 95' lang='lat'><strong>:</strong></span> <span class='ocrx_word' id='word_1_828' title='bbox 2400 4077 2479 4130; x_wconf 87' lang='lat' dir='ltr'><strong>sin</strong></span> <span class='ocrx_word' id='word_1_829' title='bbox 2502 4087 2677 4132; x_wconf 89' lang='lat' dir='ltr'><strong>autem</strong></span> <span class='ocrx_word' id='word_1_830' title='bbox 2704 4093 2885 4147; x_wconf 89' lang='lat' dir='ltr'><strong>parum</strong></span> <span class='ocrx_word' id='word_1_831' title='bbox 2912 4078 3144 4152; x_wconf 90' lang='lat' dir='ltr'><strong>seipsum</strong></span> <span class='ocrx_word' id='word_1_832' title='bbox 3173 4079 3486 4149; x_wconf 80' lang='lat' dir='ltr'><strong>sejunxerit,</strong></span> <span class='ocrx_word' id='word_1_833' title='bbox 3511 4097 3642 4153; x_wconf 66' lang='lat' dir='ltr'><strong>pauo</strong></span> 
     </span>
    </p>
   </div>
   <div class='ocr_carea' id='block_1_102' title="bbox 2062 4166 3637 4245">
    <p class='ocr_par' dir='ltr' id='par_1_102' title="bbox 2062 4166 3637 4245">
     <span class='ocr_line' id='line_1_105' title="bbox 2062 4166 3637 4245; baseline 0.005 -23"><span class='ocrx_word' id='word_1_834' title='bbox 2062 4169 2208 4223; x_wconf 80' lang='lat' dir='ltr'><strong>latim</strong></span> <span class='ocrx_word' id='word_1_835' title='bbox 2245 4166 2415 4223; x_wconf 85' lang='lat' dir='ltr'><strong>efﬂuit</strong></span> <span class='ocrx_word' id='word_1_836' title='bbox 2451 4168 2660 4225; x_wconf 77' lang='lat' dir='ltr'><strong>affectio</strong></span> <span class='ocrx_word' id='word_1_837' title='bbox 2689 4189 2704 4225; x_wconf 89' lang='lat'><strong>:</strong></span> <span class='ocrx_word' id='word_1_838' title='bbox 2730 4171 2801 4226; x_wconf 92' lang='lat' dir='ltr'><strong>ita</strong></span> <span class='ocrx_word' id='word_1_839' title='bbox 2828 4171 2986 4227; x_wconf 89' lang='lat' dir='ltr'><strong>etiam</strong></span> <span class='ocrx_word' id='word_1_840' title='bbox 3016 4180 3071 4226; x_wconf 91' lang='lat' dir='ltr'><strong>tu</strong></span> <span class='ocrx_word' id='word_1_841' title='bbox 3101 4186 3385 4244; x_wconf 90' lang='lat' dir='ltr'><strong>parumper</strong></span> <span class='ocrx_word' id='word_1_842' title='bbox 3411 4175 3637 4245; x_wconf 90' lang='lat' dir='ltr'><strong>secede,</strong></span> 
     </span>
    </p>
   </div>
   <div class='ocr_carea' id='block_1_103' title="bbox 2062 4260 3640 4332">
    <p class='ocr_par' dir='ltr' id='par_1_103' title="bbox 2062 4260 3640 4332">
     <span class='ocr_line' id='line_1_106' title="bbox 2062 4260 3640 4332; baseline 0.007 -20"><span class='ocrx_word' id='word_1_843' title='bbox 2062 4260 2325 4329; x_wconf 88' lang='lat' dir='ltr'><strong>paululum</strong></span> <span class='ocrx_word' id='word_1_844' title='bbox 2367 4261 2599 4316; x_wconf 91' lang='lat' dir='ltr'><strong>concede</strong></span> <span class='ocrx_word' id='word_1_845' title='bbox 2623 4302 2638 4329; x_wconf 92' lang='lat'><strong>,</strong></span> <span class='ocrx_word' id='word_1_846' title='bbox 2679 4272 2734 4317; x_wconf 93' lang='lat' dir='ltr'><strong>et</strong></span> <span class='ocrx_word' id='word_1_847' title='bbox 2770 4278 2988 4332; x_wconf 90' lang='lat' dir='ltr'><strong>parvum</strong></span> <span class='ocrx_word' id='word_1_848' title='bbox 3019 4264 3148 4320; x_wconf 91' lang='lat' dir='ltr'><strong>illud</strong></span> <span class='ocrx_word' id='word_1_849' title='bbox 3175 4264 3276 4320; x_wconf 92' lang='lat' dir='ltr'><strong>erit</strong></span> <span class='ocrx_word' id='word_1_850' title='bbox 3303 4265 3527 4322; x_wconf 91' lang='lat' dir='ltr'><strong>multum</strong></span> <span class='ocrx_word' id='word_1_851' title='bbox 3555 4267 3640 4323; x_wconf 93' lang='lat' dir='ltr'><strong>in-</strong></span> 
     </span>
    </p>
   </div>
   <div class='ocr_carea' id='block_1_104' title="bbox 2061 4353 3638 4423">
    <p class='ocr_par' dir='ltr' id='par_1_104' title="bbox 2061 4353 3638 4423">
     <span class='ocr_line' id='line_1_107' title="bbox 2061 4353 3638 4423; baseline 0.007 -17"><span class='ocrx_word' id='word_1_852' title='bbox 2061 4354 2359 4408; x_wconf 88' lang='lat' dir='ltr'><strong>tervallum.</strong></span> <span class='ocrx_word' id='word_1_853' title='bbox 2393 4353 2569 4423; x_wconf 88' lang='lat' dir='ltr'><strong>Incipe</strong></span> <span class='ocrx_word' id='word_1_854' title='bbox 2598 4363 2798 4411; x_wconf 90' lang='lat' dir='ltr'><strong>tantum</strong></span> <span class='ocrx_word' id='word_1_855' title='bbox 2825 4364 2969 4412; x_wconf 86' lang='lat' dir='ltr'><strong>recte</strong></span> <span class='ocrx_word' id='word_1_856' title='bbox 2992 4357 3186 4416; x_wconf 87' lang='lat' dir='ltr'><strong>facere.</strong></span> <span class='ocrx_word' id='word_1_857' title='bbox 3220 4358 3400 4419; x_wconf 83' lang='lat' dir='ltr'><strong>Habes</strong></span> <span class='ocrx_word' id='word_1_858' title='bbox 3421 4359 3638 4417; x_wconf 87' lang='lat' dir='ltr'><strong>domum</strong></span> 
     </span>
    </p>
   </div>
   <div class='ocr_carea' id='block_1_105' title="bbox 2059 4443 3641 4523">
    <p class='ocr_par' dir='ltr' id='par_1_105' title="bbox 2059 4443 3641 4523">
     <span class='ocr_line' id='line_1_108' title="bbox 2059 4443 3641 4523; baseline 0.009 -27"><span class='ocrx_word' id='word_1_859' title='bbox 2059 4443 2426 4512; x_wconf 84' lang='lat' dir='ltr'><strong>superﬂuam?</strong></span> <span class='ocrx_word' id='word_1_860' title='bbox 2453 4443 2635 4500; x_wconf 85' lang='lat' dir='ltr'><strong>Vende</strong></span> <span class='ocrx_word' id='word_1_861' title='bbox 2658 4485 2674 4510; x_wconf 94' lang='lat'><strong>,</strong></span> <span class='ocrx_word' id='word_1_862' title='bbox 2718 4456 2773 4500; x_wconf 89' lang='lat' dir='ltr'><strong>et</strong></span> <span class='ocrx_word' id='word_1_863' title='bbox 2804 4445 2872 4501; x_wconf 89' lang='lat' dir='ltr'><strong>da</strong></span> <span class='ocrx_word' id='word_1_864' title='bbox 2897 4446 2964 4502; x_wconf 89' lang='lat' dir='ltr'><strong>iis</strong></span> <span class='ocrx_word' id='word_1_865' title='bbox 2982 4448 3072 4521; x_wconf 83' lang='lat' dir='ltr'><strong>qui</strong></span> <span class='ocrx_word' id='word_1_866' title='bbox 3102 4447 3374 4523; x_wconf 86' lang='lat' dir='ltr'><strong>indigent,</strong></span> <span class='ocrx_word' id='word_1_867' title='bbox 3401 4466 3507 4508; x_wconf 90' lang='lat' dir='ltr'><strong>non</strong></span> <span class='ocrx_word' id='word_1_868' title='bbox 3536 4451 3641 4509; x_wconf 84' lang='lat' dir='ltr'><strong>hoc</strong></span> 
     </span>
    </p>
   </div>
   <div class='ocr_carea' id='block_1_106' title="bbox 2061 4528 3639 4619">
    <p class='ocr_par' dir='ltr' id='par_1_106' title="bbox 2061 4528 3639 4619">
     <span class='ocr_line' id='line_1_109' title="bbox 2061 4528 3639 4619; baseline 0.01 -31"><span class='ocrx_word' id='word_1_869' title='bbox 2061 4547 2312 4606; x_wconf 88' lang='lat' dir='ltr'><strong>reputans</strong></span> <span class='ocrx_word' id='word_1_870' title='bbox 2333 4580 2348 4603; x_wconf 90' lang='lat'><strong>,</strong></span> <span class='ocrx_word' id='word_1_871' title='bbox 2392 4548 2442 4594; x_wconf 91' lang='lat' dir='ltr'><strong>te</strong></span> <span class='ocrx_word' id='word_1_872' title='bbox 2482 4553 2600 4594; x_wconf 91' lang='lat' dir='ltr'><strong>eam</strong></span> <span class='ocrx_word' id='word_1_873' title='bbox 2621 4541 2900 4609; x_wconf 87' lang='lat' dir='ltr'><strong>amittere,</strong></span> <span class='ocrx_word' id='word_1_874' title='bbox 2928 4541 3024 4600; x_wconf 89' lang='lat' dir='ltr'><strong>sed</strong></span> <span class='ocrx_word' id='word_1_875' title='bbox 3053 4542 3147 4599; x_wconf 90' lang='lat' dir='ltr'><strong>tibi</strong></span> <span class='ocrx_word' id='word_1_876' title='bbox 3176 4544 3345 4619; x_wconf 87' lang='lat' dir='ltr'><strong>magis</strong></span> <span class='ocrx_word' id='word_1_877' title='bbox 3370 4528 3639 4618; x_wconf 89' lang='lat' dir='ltr'><strong>propriam</strong></span> 
     </span>
    </p>
   </div>
   <div class='ocr_carea' id='block_1_107' title="bbox 2059 4631 3660 4709">
    <p class='ocr_par' dir='ltr' id='par_1_107' title="bbox 2059 4631 3660 4709">
     <span class='ocr_line' id='line_1_110' title="bbox 2059 4631 3660 4709; baseline 0.006 -22"><span class='ocrx_word' id='word_1_878' title='bbox 2059 4631 2294 4687; x_wconf 83' lang='lat' dir='ltr'><strong>efﬁcere.</strong></span> <span class='ocrx_word' id='word_1_879' title='bbox 2340 4631 2455 4687; x_wconf 88' lang='lat' dir='ltr'><strong>Non</strong></span> <span class='ocrx_word' id='word_1_880' title='bbox 2494 4644 2765 4704; x_wconf 90' lang='lat' dir='ltr'><strong>sumptum</strong></span> <span class='ocrx_word' id='word_1_881' title='bbox 2810 4637 3088 4693; x_wconf 84' lang='lat' dir='ltr'><strong>considera</strong></span> <span class='ocrx_word' id='word_1_882' title='bbox 3113 4679 3130 4709; x_wconf 80' lang='lat'><strong>,</strong></span> <span class='ocrx_word' id='word_1_883' title='bbox 3171 4638 3268 4699; x_wconf 70' lang='lat' dir='ltr'><strong>sed</strong></span> <span class='ocrx_word' id='word_1_884' title='bbox 3308 4639 3660 4708; x_wconf 82' lang='lat' dir='ltr'><strong>emolumen-,</strong></span> 
     </span>
    </p>
   </div>
   <div class='ocr_carea' id='block_1_108' title="bbox 2062 4724 3641 4805">
    <p class='ocr_par' dir='ltr' id='par_1_108' title="bbox 2062 4724 3641 4805">
     <span class='ocr_line' id='line_1_111' title="bbox 2062 4724 3641 4805; baseline 0.007 -27"><span class='ocrx_word' id='word_1_885' title='bbox 2062 4732 2171 4778; x_wconf 91' lang='lat' dir='ltr'><strong>tum</strong></span> <span class='ocrx_word' id='word_1_886' title='bbox 2194 4764 2210 4789; x_wconf 89' lang='lat'><strong>,</strong></span> <span class='ocrx_word' id='word_1_887' title='bbox 2256 4739 2364 4778; x_wconf 91' lang='lat' dir='ltr'><strong>non</strong></span> <span class='ocrx_word' id='word_1_888' title='bbox 2392 4724 2534 4794; x_wconf 90' lang='lat' dir='ltr'><strong>quod</strong></span> <span class='ocrx_word' id='word_1_889' title='bbox 2579 4740 2640 4782; x_wconf 90' lang='lat' dir='ltr'><strong>ea</strong></span> <span class='ocrx_word' id='word_1_890' title='bbox 2682 4726 2767 4782; x_wconf 93' lang='lat' dir='ltr'><strong>hic</strong></span> <span class='ocrx_word' id='word_1_891' title='bbox 2803 4727 3028 4799; x_wconf 86' lang='lat' dir='ltr'><strong>privaris</strong></span> <span class='ocrx_word' id='word_1_892' title='bbox 3050 4768 3066 4796; x_wconf 93' lang='lat'><strong>,</strong></span> <span class='ocrx_word' id='word_1_893' title='bbox 3094 4729 3192 4786; x_wconf 91' lang='lat' dir='ltr'><strong>sed</strong></span> <span class='ocrx_word' id='word_1_894' title='bbox 3219 4731 3362 4802; x_wconf 92' lang='lat' dir='ltr'><strong>quod</strong></span> <span class='ocrx_word' id='word_1_895' title='bbox 3388 4732 3505 4805; x_wconf 86' lang='lat' dir='ltr'><strong>ejus</strong></span> <span class='ocrx_word' id='word_1_896' title='bbox 3532 4733 3641 4789; x_wconf 88' lang='lat' dir='ltr'><strong>illic</strong></span> 
     </span>
    </p>
   </div>
   <div class='ocr_carea' id='block_1_109' title="bbox 2059 4814 3640 4893">
    <p class='ocr_par' dir='ltr' id='par_1_109' title="bbox 2059 4814 3640 4893">
     <span class='ocr_line' id='line_1_112' title="bbox 2059 4814 3640 4893; baseline 0.008 -25"><span class='ocrx_word' id='word_1_897' title='bbox 2059 4814 2305 4870; x_wconf 91' lang='lat' dir='ltr'><strong>dominus</strong></span> <span class='ocrx_word' id='word_1_898' title='bbox 2342 4814 2592 4872; x_wconf 86' lang='lat' dir='ltr'><strong>efhceris.</strong></span> <span class='ocrx_word' id='word_1_899' title='bbox 2625 4816 2700 4874; x_wconf 88' lang='lat' dir='ltr'><strong>lta</strong></span> <span class='ocrx_word' id='word_1_900' title='bbox 2727 4819 2885 4875; x_wconf 91' lang='lat' dir='ltr'><strong>etiam</strong></span> <span class='ocrx_word' id='word_1_901' title='bbox 2914 4829 3170 4891; x_wconf 88' lang='lat' dir='ltr'><strong>perpetuo</strong></span> <span class='ocrx_word' id='word_1_902' title='bbox 3198 4823 3397 4893; x_wconf 88' lang='lat' dir='ltr'><strong>poteris</strong></span> <span class='ocrx_word' id='word_1_903' title='bbox 3422 4838 3640 4881; x_wconf 88' lang='lat' dir='ltr'><strong>narrare</strong></span> 
     </span>
    </p>
   </div>
   <div class='ocr_carea' id='block_1_110' title="bbox 2062 4909 3636 4977">
    <p class='ocr_par' dir='ltr' id='par_1_110' title="bbox 2062 4909 3636 4977">
     <span class='ocr_line' id='line_1_113' title="bbox 2062 4909 3636 4977; baseline 0.006 -13"><span class='ocrx_word' id='word_1_904' title='bbox 2062 4909 2152 4964; x_wconf 90' lang='lat' dir='ltr'><strong>Dei</strong></span> <span class='ocrx_word' id='word_1_905' title='bbox 2179 4910 2452 4965; x_wconf 86' lang='lat' dir='ltr'><strong>miracula.</strong></span> <span class='ocrx_word' id='word_1_906' title='bbox 2484 4911 2598 4968; x_wconf 83' lang='lat' dir='ltr'><strong>Hoc</strong></span> <span class='ocrx_word' id='word_1_907' title='bbox 2624 4914 2766 4968; x_wconf 90' lang='lat' dir='ltr'><strong>enim</strong></span> <span class='ocrx_word' id='word_1_908' title='bbox 2795 4913 2924 4971; x_wconf 89' lang='lat' dir='ltr'><strong>dicit</strong></span> <span class='ocrx_word' id='word_1_909' title='bbox 2950 4915 3192 4973; x_wconf 83' lang='lat' dir='ltr'><strong>Psalmus</strong></span> <span class='ocrx_word' id='word_1_910' title='bbox 3213 4916 3282 4975; x_wconf 83' lang='lat' dir='ltr'><strong>ab</strong></span> <span class='ocrx_word' id='word_1_911' title='bbox 3307 4916 3480 4977; x_wconf 85' lang='lat' dir='ltr'><strong>initio.</strong></span> <span class='ocrx_word' id='word_1_912' title='bbox 3504 4916 3636 4974; x_wconf 84' lang='lat' dir='ltr'><strong>Nam</strong></span> 
     </span>
    </p>
   </div>
   <div class='ocr_carea' id='block_1_111' title="bbox 2059 5004 3642 5082">
    <p class='ocr_par' dir='ltr' id='par_1_111' title="bbox 2059 5004 3642 5082">
     <span class='ocr_line' id='line_1_114' title="bbox 2059 5004 3642 5082; baseline 0.009 -25"><span class='ocrx_word' id='word_1_913' title='bbox 2059 5004 2146 5074; x_wconf 89' lang='lat' dir='ltr'><strong>qui</strong></span> <span class='ocrx_word' id='word_1_914' title='bbox 2176 5012 2385 5060; x_wconf 88' lang='lat' dir='ltr'><strong>tenetur</strong></span> <span class='ocrx_word' id='word_1_915' title='bbox 2408 5019 2593 5061; x_wconf 90' lang='lat' dir='ltr'><strong>amore</strong></span> <span class='ocrx_word' id='word_1_916' title='bbox 2613 5009 2850 5076; x_wconf 78' lang='lat' dir='ltr'><strong>pecunia:</strong></span> <span class='ocrx_word' id='word_1_917' title='bbox 2870 5049 2891 5076; x_wconf 85' lang='lat'><strong>,</strong></span> <span class='ocrx_word' id='word_1_918' title='bbox 2913 5024 3018 5065; x_wconf 92' lang='lat' dir='ltr'><strong>non</strong></span> <span class='ocrx_word' id='word_1_919' title='bbox 3050 5010 3398 5082; x_wconf 81' lang='lat' dir='ltr'><strong>valoepotest</strong></span> <span class='ocrx_word' id='word_1_920' title='bbox 3419 5011 3473 5068; x_wconf 91' lang='lat' dir='ltr'><strong>in</strong></span> <span class='ocrx_word' id='word_1_921' title='bbox 3494 5027 3562 5070; x_wconf 84' lang='lat' dir='ltr'><strong>ea</strong></span> <span class='ocrx_word' id='word_1_922' title='bbox 3582 5029 3642 5070; x_wconf 82' lang='lat' dir='ltr'><strong>re</strong></span> 
     </span>
    </p>
   </div>
   <div class='ocr_carea' id='block_1_112' title="bbox 2058 5096 3640 5173">
    <p class='ocr_par' dir='ltr' id='par_1_112' title="bbox 2058 5096 3640 5173">
     <span class='ocr_line' id='line_1_115' title="bbox 2058 5096 3640 5173; baseline 0.008 -22"><span class='ocrx_word' id='word_1_923' title='bbox 2058 5096 2259 5152; x_wconf 87' lang='lat' dir='ltr'><strong>versari</strong></span> <span class='ocrx_word' id='word_1_924' title='bbox 2286 5116 2300 5152; x_wconf 88' lang='lat'><strong>:</strong></span> <span class='ocrx_word' id='word_1_925' title='bbox 2326 5114 2446 5152; x_wconf 90' lang='lat' dir='ltr'><strong>nam</strong></span> <span class='ocrx_word' id='word_1_926' title='bbox 2475 5109 2730 5169; x_wconf 89' lang='lat' dir='ltr'><strong>perpetuo</strong></span> <span class='ocrx_word' id='word_1_927' title='bbox 2747 5102 3036 5159; x_wconf 83' lang='lat' dir='ltr'><strong>meditatur</strong></span> <span class='ocrx_word' id='word_1_928' title='bbox 3062 5119 3268 5171; x_wconf 87' lang='lat' dir='ltr'><strong>usuras,</strong></span> <span class='ocrx_word' id='word_1_929' title='bbox 3295 5113 3602 5163; x_wconf 85' lang='lat' dir='ltr'><strong>contractus</strong></span> <span class='ocrx_word' id='word_1_930' title='bbox 3623 5146 3640 5173; x_wconf 84' lang='lat'><em>.</em></span> 
     </span>
    </p>
   </div>
   <div class='ocr_carea' id='block_1_113' title="bbox 2059 5192 3645 5269">
    <p class='ocr_par' dir='ltr' id='par_1_113' title="bbox 2059 5192 3645 5269">
     <span class='ocr_line' id='line_1_116' title="bbox 2059 5192 3645 5269; baseline 0.008 -26"><span class='ocrx_word' id='word_1_931' title='bbox 2059 5192 2389 5263; x_wconf 82' lang='lat' dir='ltr'><strong>syngraphas</strong></span> <span class='ocrx_word' id='word_1_932' title='bbox 2421 5233 2436 5256; x_wconf 89' lang='lat'><strong>,</strong></span> <span class='ocrx_word' id='word_1_933' title='bbox 2477 5193 2725 5263; x_wconf 85' lang='lat' dir='ltr'><strong>venalia,</strong></span> <span class='ocrx_word' id='word_1_934' title='bbox 2763 5204 3116 5265; x_wconf 86' lang='lat' dir='ltr'><strong>testamenta,</strong></span> <span class='ocrx_word' id='word_1_935' title='bbox 3163 5212 3413 5269; x_wconf 83' lang='lat' dir='ltr'><strong>agrorum</strong></span> <span class='ocrx_word' id='word_1_936' title='bbox 3454 5197 3645 5257; x_wconf 88' lang='lat' dir='ltr'><strong>domo-</strong></span> 
     </span>
    </p>
   </div>
   <div class='ocr_carea' id='block_1_114' title="bbox 2060 5288 3642 5363">
    <p class='ocr_par' dir='ltr' id='par_1_114' title="bbox 2060 5288 3642 5363">
     <span class='ocr_line' id='line_1_117' title="bbox 2060 5288 3642 5363; baseline 0.004 -24"><span class='ocrx_word' id='word_1_937' title='bbox 2060 5300 2284 5355; x_wconf 86' lang='lat' dir='ltr'><strong>rumque</strong></span> <span class='ocrx_word' id='word_1_938' title='bbox 2312 5289 2480 5357; x_wconf 89' lang='lat' dir='ltr'><strong>pretia</strong></span> <span class='ocrx_word' id='word_1_939' title='bbox 2505 5328 2519 5353; x_wconf 91' lang='lat'><strong>,</strong></span> <span class='ocrx_word' id='word_1_940' title='bbox 2549 5288 2693 5343; x_wconf 85' lang='lat' dir='ltr'><strong>lucra</strong></span> <span class='ocrx_word' id='word_1_941' title='bbox 2714 5330 2730 5356; x_wconf 91' lang='lat'><strong>,</strong></span> <span class='ocrx_word' id='word_1_942' title='bbox 2762 5305 3033 5360; x_wconf 84' lang='lat' dir='ltr'><strong>cauponas</strong></span> <span class='ocrx_word' id='word_1_943' title='bbox 3049 5331 3067 5360; x_wconf 87' lang='lat'><strong>,</strong></span> <span class='ocrx_word' id='word_1_944' title='bbox 3094 5298 3151 5354; x_wconf 78' lang='lat' dir='ltr'><strong>et</strong></span> <span class='ocrx_word' id='word_1_945' title='bbox 3177 5305 3396 5348; x_wconf 80' lang='lat' dir='ltr'><strong>narrare</strong></span> <span class='ocrx_word' id='word_1_946' title='bbox 3415 5304 3480 5349; x_wconf 86' lang='lat' dir='ltr'><strong>ac</strong></span> <span class='ocrx_word' id='word_1_947' title='bbox 3496 5292 3642 5363; x_wconf 84' lang='lat' dir='ltr'><strong>cogi-</strong></span> 
     </span>
    </p>
   </div>
   <div class='ocr_carea' id='block_1_115' title="bbox 2062 5372 3636 5456">
    <p class='ocr_par' dir='ltr' id='par_1_115' title="bbox 2062 5372 3636 5456">
     <span class='ocr_line' id='line_1_118' title="bbox 2062 5372 3636 5456; baseline 0.006 -22"><span class='ocrx_word' id='word_1_948' title='bbox 2062 5388 2172 5434; x_wconf 85' lang='lat' dir='ltr'><strong>tare</strong></span> <span class='ocrx_word' id='word_1_949' title='bbox 2214 5395 2327 5435; x_wconf 90' lang='lat' dir='ltr'><strong>non</strong></span> <span class='ocrx_word' id='word_1_950' title='bbox 2363 5389 2559 5437; x_wconf 87' lang='lat' dir='ltr'><strong>cessat.</strong></span> <span class='ocrx_word' id='word_1_951' title='bbox 2607 5372 2705 5439; x_wconf 90' lang='lat' dir='ltr'><strong>Ubi</strong></span> <span class='ocrx_word' id='word_1_952' title='bbox 2745 5395 2828 5442; x_wconf 88' lang='lat' dir='ltr'><strong>est</strong></span> <span class='ocrx_word' id='word_1_953' title='bbox 2855 5394 3035 5445; x_wconf 83' lang='lat' dir='ltr'><strong>autem</strong></span> <span class='ocrx_word' id='word_1_954' title='bbox 3064 5384 3347 5446; x_wconf 78' lang='lat' dir='ltr'><strong>thesaurus</strong></span> <span class='ocrx_word' id='word_1_955' title='bbox 3371 5384 3636 5456; x_wconf 84' lang='lat' dir='ltr'><strong>hominis,</strong></span> 
     </span>
    </p>
   </div>
   <div class='ocr_carea' id='block_1_116' title="bbox 2060 5470 3640 5550">
    <p class='ocr_par' dir='ltr' id='par_1_116' title="bbox 2060 5470 3640 5550">
     <span class='ocr_line' id='line_1_119' title="bbox 2060 5470 3640 5550; baseline 0.007 -25"><span class='ocrx_word' id='word_1_956' title='bbox 2060 5470 2167 5525; x_wconf 89' lang='lat' dir='ltr'><strong>illic</strong></span> <span class='ocrx_word' id='word_1_957' title='bbox 2186 5480 2270 5526; x_wconf 91' lang='lat' dir='ltr'><strong>est</strong></span> <span class='ocrx_word' id='word_1_958' title='bbox 2293 5472 2452 5527; x_wconf 89' lang='lat' dir='ltr'><strong>etiam</strong></span> <span class='ocrx_word' id='word_1_959' title='bbox 2479 5488 2575 5528; x_wconf 91' lang='lat' dir='ltr'><strong>cor</strong></span> <span class='ocrx_word' id='word_1_960' title='bbox 2599 5475 2714 5543; x_wconf 86' lang='lat' dir='ltr'><strong>ejus</strong></span> <span class='ocrx_word' id='word_1_961' title='bbox 2745 5475 2956 5546; x_wconf 81' lang='lat' dir='ltr'><strong>(Matth.</strong></span> <span class='ocrx_word' id='word_1_962' title='bbox 2980 5476 3035 5533; x_wconf 90' lang='lat'><strong>6.</strong></span> <span class='ocrx_word' id='word_1_963' title='bbox 3061 5477 3177 5550; x_wconf 77' lang='grc'><strong>21).</strong></span> <span class='ocrx_word' id='word_1_964' title='bbox 3208 5478 3336 5536; x_wconf 68' lang='lat' dir='ltr'><strong>Haec</strong></span> <span class='ocrx_word' id='word_1_965' title='bbox 3363 5479 3599 5550; x_wconf 82' lang='lat' dir='ltr'><strong>loquitur</strong></span> <span class='ocrx_word' id='word_1_966' title='bbox 3624 5520 3640 5546; x_wconf 88' lang='lat'><strong>,</strong></span> 
     </span>
    </p>
   </div>
   <div class='ocr_carea' id='block_1_117' title="bbox 2062 5563 3644 5645">
    <p class='ocr_par' dir='ltr' id='par_1_117' title="bbox 2062 5563 3644 5645">
     <span class='ocr_line' id='line_1_120' title="bbox 2062 5563 3644 5645; baseline 0.008 -29"><span class='ocrx_word' id='word_1_967' title='bbox 2062 5563 2174 5619; x_wconf 71' lang='lat' dir='ltr'><strong>haec</strong></span> <span class='ocrx_word' id='word_1_968' title='bbox 2211 5564 2526 5635; x_wconf 90' lang='lat' dir='ltr'><strong>meditatur,</strong></span> <span class='ocrx_word' id='word_1_969' title='bbox 2568 5576 2622 5623; x_wconf 90' lang='lat' dir='ltr'><strong>ct</strong></span> <span class='ocrx_word' id='word_1_970' title='bbox 2645 5568 3090 5638; x_wconf 88' lang='lat' dir='ltr'><strong>quemadmodum</strong></span> <span class='ocrx_word' id='word_1_971' title='bbox 3114 5574 3254 5631; x_wconf 85' lang='lat' dir='ltr'><strong>servi</strong></span> <span class='ocrx_word' id='word_1_972' title='bbox 3281 5589 3344 5630; x_wconf 88' lang='lat' dir='ltr'><strong>ea</strong></span> <span class='ocrx_word' id='word_1_973' title='bbox 3369 5589 3490 5645; x_wconf 84' lang='lat' dir='ltr'><strong>qua:</strong></span> <span class='ocrx_word' id='word_1_974' title='bbox 3517 5583 3644 5632; x_wconf 88' lang='lat' dir='ltr'><strong>sunt</strong></span> 
     </span>
    </p>
   </div>
   <div class='ocr_carea' id='block_1_118' title="bbox 2126 5736 3643 5803">
    <p class='ocr_par' dir='ltr' id='par_1_118' title="bbox 2126 5736 3643 5803">
     <span class='ocr_line' id='line_1_121' title="bbox 2126 5736 3643 5803; baseline 0.009 -19"><span class='ocrx_word' id='word_1_975' title='bbox 2126 5739 2141 5768; x_wconf 76' lang='grc' dir='ltr'><strong>ι</strong></span> <span class='ocrx_word' id='word_1_976' title='bbox 2177 5736 2395 5803; x_wconf 83' lang='lat' dir='ltr'><strong>tn_coih.,</strong></span> <span class='ocrx_word' id='word_1_977' title='bbox 2421 5740 2503 5802; x_wconf 83' lang='lat' dir='ltr'><strong>qui</strong></span> <span class='ocrx_word' id='word_1_978' title='bbox 2546 5742 2724 5803; x_wconf 80' lang='lat' dir='ltr'><strong>privati</strong></span> <span class='ocrx_word' id='word_1_979' title='bbox 2751 5749 2875 5803; x_wconf 75' lang='lat' dir='ltr'><strong>stud,</strong></span> <span class='ocrx_word' id='word_1_980' title='bbox 2908 5742 3068 5796; x_wconf 90' lang='lat' dir='ltr'><strong>deest.</strong></span> <span class='ocrx_word' id='word_1_981' title='bbox 3105 5744 3197 5796; x_wconf 87' lang='lat' dir='ltr'><strong>Sed</strong></span> <span class='ocrx_word' id='word_1_982' title='bbox 3220 5746 3343 5801; x_wconf 83' lang='lat' dir='ltr'><strong>hanc</strong></span> <span class='ocrx_word' id='word_1_983' title='bbox 3382 5748 3643 5800; x_wconf 79' lang='lat' dir='ltr'><strong>lectionem</strong></span> 
     </span>
    </p>
   </div>
   <div class='ocr_carea' id='block_1_119' title="bbox 2070 5800 2562 5866">
    <p class='ocr_par' dir='ltr' id='par_1_119' title="bbox 2070 5800 2562 5866">
     <span class='ocr_line' id='line_1_122' title="bbox 2070 5800 2562 5866; baseline 0.01 -19"><span class='ocrx_word' id='word_1_984' title='bbox 2070 5800 2197 5851; x_wconf 85' lang='lat' dir='ltr'><strong>bene</strong></span> <span class='ocrx_word' id='word_1_985' title='bbox 2220 5800 2407 5853; x_wconf 87' lang='lat' dir='ltr'><strong>habere</strong></span> <span class='ocrx_word' id='word_1_986' title='bbox 2431 5800 2562 5866; x_wconf 65' lang='lat' dir='ltr'><strong>puto.</strong></span> 
     </span>
    </p>
   </div>
  </div>
