4084 6278
409 342 509 398 123

401 456 739 512 dominorum
779 450 1133 514 meditantur,
1165 450 1237 504 ita
1266 448 1352 504 hic
1377 448 1535 503 etiam
1566 463 1627 501 ea
1655 446 1943 502 meditatur
1965 486 1981 510 ,

402 562 524 615 qure
560 555 685 600 sunt
725 541 933 598 Domini
964 553 979 597 :
1012 539 1149 607 Quid
1173 538 1375 609 jussit?
1401 538 1525 608 quid
1553 538 1842 608 perfectum
1867 538 1987 592 est?

404 636 532 705 quid
580 635 813 690 nondum
854 631 1143 703 perfectum
1180 640 1298 692 est,
1337 629 1430 685 sed
1461 638 1545 686 est
1569 628 1988 700 perﬁciendum?

396 728 665 796 Quocirca
694 736 746 781 te
771 724 1027 779 adhortor
1044 766 1059 790 ,
1083 734 1140 778 ut
1163 722 1230 777 ab
1257 722 1342 777 illa
1371 721 1682 776 obsessione
1710 720 1986 783 liberatus,

406 817 640 874 verseris
666 817 719 871 in
750 816 832 870 his
862 814 1255 869 narrationibus
1278 855 1294 879 ,
1336 828 1561 867 narrans
1603 812 1696 867 Dei
1734 812 1987 868 miracula

404 925 524 980 qua:
554 909 687 963 ﬁunt
710 907 945 979 quotidie
969 949 984 974 ,
1018 922 1135 977 qua:
1157 906 1399 981 privatim
1421 948 1436 970 ,
1467 921 1585 976 qua:
1615 906 1986 972 communiter,

402 1016 523 1072 quae
551 1001 606 1056 in
632 1015 838 1067 omnes,
866 1015 984 1071 qua:
1014 1000 1064 1053 in
1089 1013 1539 1068 unumquemque.
1562 997 1725 1053 Plena
1745 1006 1826 1052 est
1847 998 1989 1053 enim

406 1094 509 1147 vita
534 1092 617 1147 his
648 1091 1077 1156 narrationibus;
1108 1100 1163 1146 et
1188 1090 1557 1159 undecumque
1584 1090 1847 1159 inceperis
1867 1130 1881 1156 ,
1913 1090 1992 1144 vi-

403 1184 557 1238 debis
602 1183 927 1239 luculentum
972 1196 1221 1237 emanare
1248 1181 1561 1250 prommium
1583 1222 1598 1246 ,
1629 1180 1742 1234 sive
1765 1194 1796 1234 a
1824 1181 1953 1234 carlo
1971 1221 1986 1245 ,

404 1279 519 1333 sive
538 1292 567 1332 a
596 1286 734 1334 terra
759 1317 775 1340 ,
805 1277 918 1332 sive
944 1276 1012 1330 ab
1032 1290 1156 1330 aere
1175 1315 1189 1339 ,
1221 1275 1333 1328 sive
1353 1289 1383 1327 a
1413 1273 1582 1328 brutis
1601 1314 1619 1339 ,
1646 1274 1757 1327 sive
1777 1288 1806 1326 a
1833 1274 1994 1327 semi-

407 1371 597 1437 nibus,
640 1371 753 1425 sive
794 1385 823 1424 a
854 1369 1049 1440 plantis
1073 1378 1128 1423 et
1155 1367 1469 1434 arboribus;
1502 1370 1543 1420 si
1578 1367 1708 1421 velis
1733 1366 1870 1421 dona
1896 1382 1993 1420 an-

408 1462 550 1533 tiqua
628 1478 948 1526 recensere,
996 1462 1041 1516 si
1084 1475 1204 1531 qua:
1247 1460 1418 1529 legem
1459 1467 1895 1520 antecesserunt,
1947 1459 1991 1511 si

404 1570 526 1625 qum
569 1556 779 1610 fuerunt
818 1555 871 1610 in
911 1555 1027 1623 lege
1049 1594 1064 1619 ,
1114 1553 1159 1607 si
1188 1567 1307 1622 qure
1335 1559 1458 1606 sunt
1488 1551 1540 1604 in
1568 1549 1732 1618 gratia
1758 1591 1773 1614 ,
1806 1549 1848 1602 si
1875 1564 1991 1617 quae

405 1653 527 1712 post
562 1660 846 1699 excessum
888 1661 953 1698 cx
987 1644 1092 1697 vita
1120 1684 1134 1707 ,
1167 1643 1210 1696 si
1241 1657 1359 1711 qua:
1387 1641 1437 1694 in
1468 1641 1577 1710 ipsa
1608 1649 1811 1704 morte,
1843 1639 1991 1692 inve-

403 1737 523 1793 nies
574 1738 892 1791 immensum
946 1735 1161 1805 pelagus
1212 1732 1595 1788 narrationum.
1646 1731 1866 1796 Quanta:
1909 1740 1992 1782 cst

405 1844 533 1898 ergo
558 1829 798 1883 stultitia:
817 1869 834 1892 ,
866 1841 987 1882 cum
1017 1835 1094 1879 tot
1120 1825 1319 1880 narrari
1351 1825 1556 1894 possint
1585 1839 1678 1893 per
1703 1840 1819 1893 qua:
1847 1822 1967 1877 volu

409 1933 529 1990 ptas
548 1963 562 1984 ,
591 1922 795 1975 lucrum
823 1927 879 1975 et
906 1918 1107 1973 utilitas
1134 1917 1339 1988 possint
1365 1916 1556 1970 animae
1583 1915 1858 1979 accedere,
1885 1914 1994 1967 luto

407 2013 668 2067 rationem
704 2010 980 2081 inquinare
999 2049 1015 2076 ,
1044 2009 1109 2064 de
1130 2008 1350 2063 avaritia
1372 2016 1425 2061 ct
1446 2006 1627 2076 rapina
1650 2014 1951 2059 narrantem
1978 2005 1990 2057 !

484 2107 538 2160 2.
591 2104 780 2160 Rerum
809 2103 1117 2159 naturalium
1144 2100 1431 2167 descriptio.
1465 2129 1533 2138 -—
1558 2097 1710 2166 Quod
1738 2098 1782 2151 si
1812 2097 1943 2151 velis
1973 2138 1988 2162 ,

407 2197 651 2268 supernis
675 2196 894 2263 relictis,
927 2194 994 2250 de
1025 2203 1161 2249 terra
1184 2193 1530 2256 disseramus,
1560 2190 1628 2245 de
1647 2189 1763 2260 ejus
1792 2189 1997 2259 magni-

410 2288 617 2354 tudine,
647 2287 931 2356 positione,
962 2301 1082 2350 nsu,
1111 2292 1319 2350 natura,
1368 2282 1583 2336 assiduo
1622 2289 1770 2350 partu
1792 2321 1806 2345 ,
1838 2280 1996 2334 rebus

409 2380 573 2434 variis
596 2388 649 2433 et
677 2377 903 2433 diversis
933 2392 1052 2446 qua:
1094 2391 1160 2430 ex
1208 2391 1271 2430 ea
1318 2375 1626 2443 gignuntur.
1658 2372 1952 2427 seminibus
1978 2414 1991 2435 ,

411 2473 611 2537 herbis,
644 2472 858 2541 plantis,
892 2469 1135 2535 floribus,
1171 2468 1353 2538 pratis,
1386 2467 1577 2521 hortis.
1609 2466 1693 2520 Ab
1715 2466 1795 2520 his
1812 2480 1996 2519 rursus

410 2567 617 2623 arboris
638 2565 1054 2635 uniuscujusque
1079 2562 1299 2633 ﬁguram
1331 2562 1536 2615 ratione
1561 2559 1875 2622 dividamus,
1903 2574 1998 2628 po-

411 2659 681 2722 sitionem,
709 2655 1064 2721 altitudinem,
1090 2653 1282 2709 bonum
1309 2652 1549 2718 odorem,
1576 2650 1823 2714 fructum,
1860 2659 1995 2704 tem-

414 2764 545 2820 pus,
594 2749 980 2816 ministerium,
1025 2746 1128 2801 alia
1175 2745 1351 2799 omnia
1391 2752 1570 2799 mente
1617 2743 1994 2808 revolventes,

413 2843 685 2911 ipsamque
710 2851 904 2894 terram
956 2853 1050 2891 seu
1095 2836 1362 2900 feracem,
1414 2849 1510 2889 seu
1556 2833 1838 2889 sterilem:
1881 2836 1997 2901 ejus‘

411 2934 553 2988 enim
597 2933 728 2988 nihil
769 2941 851 2986 est
880 2931 1085 2985 inutile.
1132 2930 1340 2984 Etenim
1371 2934 1485 2983 hzce
1521 2926 1734 2997 quidem
1767 2924 1993 2992 ferrum,

414 3025 505 3079 illa
532 3040 661 3079 vero
690 3038 802 3087 tes;
833 3021 946 3077 haec
984 3036 1205 3085 aurum,
1248 3020 1337 3074 illa
1383 3019 1500 3073 tulit
1544 3026 1854 3089 argentum;
1885 3016 1998 3072 haec

415 3124 674 3179 aromata,
705 3114 794 3168 illa
823 3128 953 3169 vero
980 3112 1362 3167 medicamenta
1392 3110 1536 3164 varia
1566 3118 1619 3163 et
1639 3108 1813 3163 omnis
1837 3120 1999 3178 gene—

418 3209 510 3263 ris.
530 3207 666 3276 Quid
683 3208 871 3263 attinet
886 3206 1064 3261 dicere
1077 3204 1353 3258 utilitatcm
1369 3216 1645 3271 aquarum,
1662 3200 1995 3271 potabilium,

417 3299 700 3362 salsarum,
755 3313 907 3354 usum
955 3297 1237 3362 montium,
1278 3294 1490 3350 metalla
1535 3294 1804 3348 variorum
1855 3308 1999 3346 mar—

418 3408 650 3457 morum,
682 3391 858 3445 fontes
902 3390 992 3460 qui
1023 3398 1147 3443 sunt
1173 3389 1223 3443 in
1250 3387 1399 3457 ipsis,
1446 3387 1667 3442 arbores
1710 3401 1829 3456 qua:
1878 3394 2002 3440 sunt

418 3493 557 3552 aptae
581 3482 648 3536 ad
680 3490 815 3536 tecta
838 3490 893 3535 et
931 3478 1193 3535 aediﬁcia?
1236 3479 1360 3534 llaac
1403 3479 1582 3533 omnia
1626 3486 1754 3533 sunt
1800 3478 1999 3531 l'ructus

416 3574 746 3640 solitudinis;
776 3574 892 3630 haec
917 3583 973 3629 et
997 3572 1245 3628 animalia
1271 3580 1324 3627 et
1347 3586 1532 3626 omnes
1561 3570 1699 3626 feras
1722 3571 1833 3625 alit.
1871 3569 2001 3624 Nam

418 3668 546 3740 quid
576 3669 764 3722 attinet
783 3667 964 3722 dicere
989 3666 1156 3731 lacus,
1184 3664 1378 3730 fontes,
1406 3664 1626 3719 fluvios?
1649 3662 2001 3730 Quemadmo-

416 3764 543 3814 dum
570 3759 712 3814 enim
734 3758 985 3813 mulieres
1004 3772 1122 3828 quae
1142 3765 1483 3827 pepererunt,
1500 3755 1697 3810 fontem
1720 3754 1871 3809 lactis
1892 3770 2005 3824 pro-

418 3849 722 3917 fundentes,
746 3849 883 3904 natis
911 3848 1150 3918 praebent
1173 3847 1485 3902 alimentum
1514 3862 1527 3899 :
1556 3845 1625 3899 ita
1660 3845 1819 3900 etiam
1854 3854 1994 3899 terra

418 3939 590 3997 hortis
629 3949 682 3997 et
712 3940 972 3995 viridariis
1015 3938 1203 3993 ﬂuvios
1231 3946 1284 3993 et
1310 3937 1483 3992 fontes
1524 3945 1791 4007 tamquam
1832 3951 2004 3990 mam-

423 4048 540 4088 mas
583 4033 879 4103 porrigens,
912 4046 976 4086 ea
1000 4029 1200 4085 affatim
1248 4029 1449 4099 irrigat.
1479 4027 1586 4083 Sed
1611 4028 1665 4081 in
1694 4026 2005 4082 mulieribus

418 4124 632 4195 quidem
663 4132 873 4193 Oportet
902 4120 1157 4177 infantem
1177 4118 1244 4175 ad
1266 4135 1548 4174 mammam
1564 4118 1857 4176 accedere:
1890 4117 2005 4173 hmo

420 4225 597 4272 autem
620 4216 730 4286 ipsa
757 4214 994 4271 extendit
1028 4214 1212 4281 ubera,
1245 4213 1478 4283 undique
1504 4228 1566 4267 ea
1591 4226 1655 4266 ex
1683 4212 1792 4267 alto
1815 4211 2007 4268 demit-

421 4317 560 4362 tens.

497 4395 800 4451 Solitudinis
827 4412 1125 4451 encomtum.
1146 4426 1218 4435 —
1249 4394 1346 4450 Est
1372 4396 1531 4450 etiam
1562 4394 1696 4450 alius
1721 4407 1846 4449 usus
1875 4393 2006 4449 soli-

426 4487 647 4543 tudinis.
678 4486 774 4542 Est
799 4491 958 4542 etiam
1002 4489 1176 4558 aptior
1220 4489 1287 4542 ad
1330 4488 1609 4542 sanitatem
1654 4486 1916 4556 corporis,
1949 4496 2006 4540 ut

425 4595 546 4651 qua:
588 4579 788 4648 prazbet
832 4579 1097 4649 puriorem
1140 4577 1510 4648 respirandum
1552 4594 1754 4645 aerem,
1799 4589 1853 4634 et
1891 4580 2008 4633 uni-

423 4686 637 4727 versum
665 4671 847 4726 orbem
871 4679 1025 4726 terra:
1051 4686 1118 4725 ex
1143 4671 1250 4725 alto
1288 4671 1843 4742 circumspiciendum,
1875 4680 1930 4727 et
1955 4673 2006 4726 in

426 4764 715 4821 solitudine
742 4762 1087 4833 philosophia:
1107 4762 1445 4829 exercitium,
1467 4771 1565 4817 eta
1582 4763 1703 4817 vita:
1723 4764 1864 4818 curis
1898 4772 2012 4818 tan-

429 4859 593 4914 tillam
611 4856 1036 4926 respirationem.
1054 4853 1189 4921 Quid
1204 4869 1336 4924 opus
1354 4860 1433 4909 est
1449 4868 1871 4909 commemorare
1886 4869 2011 4909 aves

425 4965 545 5020 quae
568 4955 784 5011 canunt,
803 4956 858 5002 et
880 4946 1207 5011 animalium,
1229 4960 1349 5015 quae
1376 4952 1566 5000 venatu
1594 4945 1899 5015 capiuntur,
1926 4946 2010 5000 vi-

426 5040 571 5096 tam?
597 5040 765 5096 liabet
799 5039 959 5094 etiam
1002 5038 1168 5092 alium
1212 5051 1365 5091 usum
1412 5035 1662 5092 solitudo.
1694 5036 1847 5106 Saepe
1868 5038 2010 5092 enim

431 5131 645 5202 prmdiis
670 5144 941 5186 murorum
989 5127 1162 5183 vicem
1191 5126 1449 5196 prasbuit,
1475 5126 1675 5180 habens
1726 5135 1934 5181 montes
1960 5127 2009 5180 in

429 5224 596 5277 altum
638 5233 867 5285 erectos,
919 5218 1218 5290 voragines,
1244 5228 1298 5273 et
1334 5218 1645 5289 prmcipitia.
1688 5216 1826 5286 Quid
1870 5219 2012 5273 enim

428 5313 628 5370 dixeris
655 5314 723 5368 de
750 5312 930 5368 herbis
956 5327 1076 5382 qua:
1104 5311 1158 5365 in
1189 5309 1318 5380 ipsis
1362 5319 1671 5377 nascuntur,
1703 5325 1822 5379 qua:
1862 5309 2013 5364 labo-

428 5405 670 5463 rantibus
691 5404 1003 5475 corporibus
1028 5418 1272 5475 magnam
1298 5417 1453 5473 opem
1479 5401 1802 5457 afferunt?Si
1837 5411 2014 5457 autem

431 5499 765 5554 desertorum
795 5507 848 5551 et
876 5498 1134 5551 montium
1182 5504 1359 5550 tantus
1379 5502 1461 5550 est
1489 5509 1649 5559 usus,
1675 5504 1926 5565 tantaque
1948 5509 2013 5549 ex

433 5593 513 5647 eis
542 5591 801 5645 bonorum
828 5598 912 5644 est
951 5590 1104 5659 copia
1139 5607 1152 5643 :
1184 5590 1227 5644 si
1258 5588 1324 5643 ad
1356 5597 1552 5643 terram
1593 5588 1803 5643 veneris
1841 5587 2015 5641 arabi-

430 5683 562 5748 lem,
590 5690 646 5737 et
671 5681 892 5750 supinos
935 5695 1174 5750 campos,
1218 5680 1497 5736 considera
1542 5690 1768 5749 quantos
1813 5678 2016 5735 videbis

432 5774 609 5831 fontes
654 5773 1039 5829 narrationum.
1080 5771 1229 5829 Sicut
1271 5772 1414 5829 enim
1455 5771 1510 5828 in
1559 5781 1741 5829 nostro
1786 5786 2013 5842 corpore

1111 337 1167 393 S.
1207 334 1483 392 JOANNIS
1519 331 1992 390 CllllYSOSTOMl
2032 331 2350 390 AliClllEP.
2390 335 2922 396 CONSTANTINUP.

3575 346 3671 402 i‘li

2097 442 2212 499 haec
2241 445 2454 516 quidem
2480 456 2605 503 sunt
2628 464 2771 516 ossa,
2789 450 2879 505 illa
2902 465 3029 506 vero
3056 453 3201 507 nervi
3216 452 3339 510 .alia
3362 466 3540 512 autem
3559 472 3674 512 car.

2096 551 2190 590 nes
2219 554 2231 589 :
2264 539 2334 592 ita
2364 539 2521 594 etiam
2549 541 2602 595 in
2626 543 2904 608 terra,alia
2929 543 3140 613 quidem
3167 556 3291 601 sunt
3315 556 3544 612 montes,
3575 549 3677 604 alia

2095 628 2396 697 voragines,
2424 630 2527 683 alia
2550 631 2760 701 pinguia
2799 633 2997 702 praedia
3025 652 3043 691 ε
3068 644 3191 690 sunt
3217 635 3331 691 hth
3356 648 3534 694 autem
3556 656 3676 694 om-

2096 715 2180 769 nia
2210 718 2375 772 utilia.
2407 718 2510 774 Sed
2539 720 2662 790 quid
2691 720 2811 776 dico
2835 731 3050 790 terram,
3073 740 3192 793 quae
3221 734 3425 781 tantum
3452 735 3532 782 est
3560 729 3674 783 ele-

2096 814 2375 865 mentum?
2393 812 2448 868 Si
2466 814 2621 869 unius
2643 815 2851 870 arboris
2870 816 3001 871 velis
3027 816 3205 872 dicere
3231 816 3474 887 ﬁguram,
3499 835 3674 886 usum,

2095 901 2346 971 fructum,
2380 904 2524 968 folia,
2563 916 2787 978 tempus,
2816 909 2915 963 alia
2960 910 3155 973 omnia,
3188 926 3433 981 magnam
3477 911 3677 968 videbis

2097 998 2344 1051 narrandi
2392 1000 2706 1064 materiam;
2750 1000 2876 1056 item
2912 1002 2957 1055 si
2996 1003 3253 1057 montium
3295 1006 3477 1069 situm,
3506 1006 3548 1059 si
3577 1004 3679 1058 alia

2097 1089 2274 1143 omnia
2305 1107 2318 1143 :
2348 1090 2393 1144 si
2423 1100 2599 1145 autem
2630 1092 2771 1147 hunc
2801 1093 2970 1161 ipsum
2999 1093 3268 1149 hominem
3294 1097 3535 1150 oratione
3561 1112 3675 1167 per-

2097 1179 2358 1247 sequaris,
2387 1190 2441 1234 et
2464 1181 2630 1249 ipsius
2656 1184 2898 1252 corporis
2922 1182 3314 1250 formationem,
3345 1185 3470 1241 hinc
3496 1204 3682 1243 rursus

2098 1268 2340 1326 invenies
2368 1272 2684 1328 immensum
2714 1276 2930 1345 pelagus
2950 1278 3334 1333 narrationum.
3363 1278 3420 1333 In
3445 1279 3526 1335 his
3551 1297 3682 1351 ergo

2096 1377 2391 1429 versemur,
2415 1366 2537 1421 hinc
2577 1368 2679 1422 erit
2709 1368 2865 1423 nobis
2906 1371 3148 1440 voluptas
3179 1372 3429 1435 maxima,
3456 1373 3684 1427 hincIn-

2098 1468 2281 1519 crum,
2328 1455 2453 1511 hinc
2504 1458 2784 1514 incﬁ‘abilis
2824 1460 3176 1529 philosophia.
3228 1462 3339 1528 Qua
3387 1463 3455 1517 de
3480 1479 3539 1517 re
3583 1464 3686 1519 hoc

2098 1544 2424 1613 signiﬁcans,
2470 1549 2740 1618 subjunxit
2769 1593 2785 1618 ,
2814 1552 2868 1606 5.
2903 1552 3137 1607 Ltvtabor
3159 1562 3205 1608 et
3244 1555 3502 1608 multabo
3535 1556 3681 1610 inte.

2099 1636 2249 1691 Alius
2281 1655 2294 1691 :
2324 1637 2391 1691 Et
2417 1640 2644 1709 gaudebo
2668 1642 2767 1709 (a).
2795 1641 3026 1697 Psallam
3053 1645 3246 1697 nomini
3268 1655 3375 1711 tuo,
3407 1645 3681 1701 Altissime.

2098 1727 2268 1793 Alius,
2305 1729 2496 1783 Canam
2545 1749 2724 1786 nomen
2768 1744 2928 1787 tuum.
2954 1734 3068 1788 Non
3099 1745 3176 1790 est
3210 1736 3311 1790 hoc
3339 1750 3558 1806 parvum
3585 1753 3683 1808 ge-

2099 1833 2201 1872 nus
2244 1818 2615 1890 philosophiae,
2650 1822 2817 1878 laetari
2846 1825 2897 1878 in
2926 1825 3053 1879 Deo.
3084 1825 3183 1894 Qui
3211 1827 3350 1881 enim
3389 1829 3440 1881 in
3473 1828 3604 1895 Deo,
3628 1839 3687 1884 ut

2102 1919 2334 1978 oportet,
2365 1910 2592 1975 lmtatur,
2618 1929 2831 1968 onmem
2860 1917 3167 1971 smcularem
3196 1918 3418 1986 expellit
3440 1920 3688 1989 voluptas

2102 2009 2225 2055 tem.
2258 2002 2393 2068 Quid
2436 2012 2519 2058 est
2542 2016 2741 2071 autem,
2772 2005 3006 2061 La'tubor
3032 2009 3083 2061 in
3116 2009 3200 2063 te?
3227 2010 3360 2064 Cum
3389 2010 3570 2077 talem,
3600 2014 3686 2066 in-

2100 2094 2233 2161 quit,
2262 2093 2488 2149 haheam
2533 2096 2834 2165 Dominum,
2866 2098 2969 2153 huc
2998 2109 3080 2154 est
3120 2101 3250 2155 mibi
3290 2103 3555 2171 voluptas,
3584 2103 3688 2159 hoc

2100 2196 2181 2239 cst
2210 2186 2514 2240 exsultatio.
2556 2187 2610 2242 Si
2632 2189 2752 2258 quis
2792 2189 2927 2245 hanc
2952 2192 3098 2246 novit
3128 2193 3199 2247 ita
3231 2202 3287 2247 ut
3319 2209 3477 2249 nOSse
3521 2210 3684 2264 oporo

2103 2284 2196 2342 tet,
2228 2293 2332 2332 non
2357 2279 2521 2333 sentit
2558 2280 2716 2335 aliam
2752 2281 3094 2351 voluptatem.
3128 2284 3240 2339 Hoc
3268 2286 3412 2339 enim
3438 2295 3522 2340 est
3564 2301 3685 2356 pro.

2103 2371 2217 2440 prie
2255 2372 2533 2442 voluptas:
2561 2374 2664 2428 alia
2707 2390 2835 2429 vero
2863 2376 3040 2430 omnia
3090 2377 3200 2432 sola
3228 2388 3353 2433 sum
3395 2378 3685 2448 voluptatis

2101 2465 2338 2531 nomina,
2371 2481 2431 2521 re
2451 2467 2564 2535 ipsa
2605 2466 2854 2521 destituta
2875 2469 2914 2522 ί.
2945 2470 3067 2523 Hinc
3088 2470 3368 2525 sublimem
3390 2471 3686 2527 .homiuem

2101 2557 2297 2624 el‘ﬁcit;
2337 2556 2452 2613 hazc
2494 2556 2724 2612 animam
2771 2559 3015 2613 liberata
3047 2575 3302 2631 corpore;
3347 2563 3460 2617 haec
3499 2562 3683 2630 efﬁcit,

2102 2656 2160 2703 ut
2184 2648 2249 2702 ad
2270 2649 2456 2703 ealum
2494 2650 2725 2719 aspiret;
2757 2649 2873 2704 haac
2920 2653 3166 2719 terrenis,
3198 2663 3251 2707 et
3276 2653 3340 2707 iis
3370 2669 3488 2724 qua:
3517 2653 3581 2707 ad
3608 2657 3688 2709 vi-

2100 2746 2245 2794 ctum
2273 2740 2541 2809 pertinent
2570 2741 2812 2796 altiorem
2852 2742 3159 2809 constituit;
3192 2742 3305 2798 haec
3331 2759 3360 2797 a
3390 2745 3531 2799 vitiis
3551 2745 3686 2801 libe-

2102 2841 2184 2886 rat
2216 2850 2230 2886 :
2252 2842 2305 2887 et
2333 2835 2545 2888 merito.
2560 2833 2615 2889 Si
2642 2835 2783 2890 enim
2801 2836 2890 2906 qui
2915 2836 3132 2891 pulchra
3151 2852 3214 2889 ac
3230 2839 3481 2907 prmelara
3505 2848 3689 2892 amant

2100 2925 2489 2993 corpora,niliil
2513 2940 2694 2980 eorum
2712 2928 3101 2998 sentiunt,quae
3116 2928 3182 2982 ad
3212 2930 3370 2982 vitam
3401 2931 3683 2998 pertinent,

2102 3017 2195 3071 sed
2226 3018 2277 3071 in
2310 3033 2415 3072 uno
2443 3019 2558 3073 solo
2580 3020 2767 3075 amica:
2792 3033 3011 3090 aspectu
3051 3033 3331 3076 versantur
3364 3041 3377 3076 :
3406 3024 3495 3093 qui
3521 3024 3688 3079 Deum

2103 3120 2245 3164 amat
2274 3118 2331 3164 ut
2354 3118 2585 3180 oportet,
2612 3109 2861 3182 quidnam
2884 3113 3137 3183 deinceps
3172 3114 3252 3167 vel
3281 3113 3404 3168 boni
3436 3114 3520 3169 vel
3561 3114 3686 3169 mali

2103 3202 2301 3256 sentiet
2341 3218 2549 3267 eorum,
2581 3219 2699 3272 qua:
2725 3212 2851 3257 sunt
2881 3204 2931 3258 in
2960 3204 3100 3258 vita?
3122 3204 3295 3270 Nihil;
3322 3205 3418 3259 sed
3444 3206 3545 3259 erit
3565 3221 3687 3259 om-

2106 3295 2263 3349 nibus
2291 3297 2552 3365 superior,
2584 3297 2966 3351 immortalium
2987 3298 3257 3368 volnptate
3281 3297 3548 3368 perfusus,
3566 3313 3689 3353 cum

2107 3386 2226 3442 talis
2249 3388 2320 3442 sit
2350 3389 2416 3454 is,
2445 3389 2532 3457 qui
2558 3388 2624 3442 ab
2640 3389 2717 3443 eis
2738 3398 2964 3443 amatur.
2982 3390 3083 3455 Qui
3104 3391 3245 3443 enim
3268 3401 3445 3444 amant
3465 3390 3689 3456 alia,ch

2106 3476 2256 3532 inviti
2299 3477 2405 3533 cito
2444 3478 2791 3533 traducuntur
2810 3479 2874 3533 ad
2906 3479 3247 3547 oblivionem,
3278 3496 3397 3535 cum
3425 3481 3691 3538 intereant

2107 3580 2159 3624 et
2183 3568 2497 3625 ﬁaccescant
2531 3562 2661 3640 quas
2691 3581 2937 3624 amantur
2965 3589 2978 3624 :
3010 3571 3094 3626 hic
3140 3587 3292 3625 amor
3317 3583 3400 3627 est
3429 3573 3687 3640 inﬁnitus,

2107 3663 2197 3731 qui
2228 3677 2333 3717 non
2365 3670 2541 3731 potest
2567 3662 2834 3727 desinere,
2863 3664 2952 3731 qui
2982 3673 3037 3719 et
3063 3664 3316 3733 majorem
3342 3664 3500 3720 habet
3526 3666 3679 3718 volu—

2108 3763 2329 3825 ptatem,
2362 3764 2416 3809 et
2440 3755 2555 3825 plus
2581 3754 2712 3810 lucri
2743 3773 2755 3808 :
2784 3766 2834 3810 et
2865 3756 2968 3810 hoc
3004 3755 3122 3825 ipso
3147 3766 3413 3812 amantem
3458 3756 3689 3811 delectat

2109 3857 2163 3901 et
2187 3856 2411 3912 recreat,
2435 3847 2574 3917 quod
2597 3863 2883 3918 numquam
2905 3847 3232 3903 dissolvitur.
3255 3848 3478 3903 Psallam
3499 3850 3692 3903 nomini

2109 3952 2218 4005 tuo,
2246 3942 2517 3997 Διιὶκεὶηιθ.
2543 3940 2654 3995 Hoc
2678 3942 2814 3996 solet
2835 3939 3065 3995 maxime
3095 3940 3211 3995 ﬁeri
3240 3940 3309 3994 ab
3338 3948 3568 3995 amante.
3588 3939 3693 4008 Qui

2109 4034 2253 4089 enim
2298 4043 2498 4100 amant,
2530 4043 2729 4087 canunt
2757 4033 2809 4086 in
2836 4047 2928 4086 eos
2955 4046 3090 4102 quos
3111 4041 3293 4086 amant
3318 4033 3555 4097 cantica;
3589 4033 3693 4087 etsi

2110 4124 2229 4178 illos
2252 4139 2356 4177 non
2383 4126 2615 4190 videant,
2640 4137 2734 4192 per
2774 4123 3039 4177 canticum
3082 4121 3287 4191 seipsos
3322 4122 3691 4178 consolantur.

2111 4216 2186 4271 Ita
2209 4218 2369 4270 etiam
2409 4214 2534 4269 facit
2581 4214 2838 4285 pr0pheta
2867 4233 2880 4268 :
2908 4215 3157 4284 quoniam
3189 4215 3328 4269 Deus
3367 4214 3537 4269 videri
3583 4230 3694 4270 non

2112 4314 2306 4376 potest,
2333 4305 2460 4361 facit
2487 4306 2538 4360 in
2567 4307 2738 4375 ipsum
2786 4305 3011 4369 cantica,
3046 4319 3139 4373 per
3180 4315 3370 4359 cantus
3408 4319 3530 4360 cum
3576 4304 3696 4375 ipso

2110 4397 2481 4469 congrediens,
2521 4397 2845 4453 desiderium
2890 4396 3209 4465 accendens,
3248 4405 3299 4450 et
3329 4396 3501 4465 ipsum
3530 4410 3589 4451 se
3612 4395 3695 4449 vi-

2111 4491 2241 4546 dere
2263 4491 2577 4546 existimans
2602 4506 2616 4543 :
2641 4489 2722 4544 vel
2764 4489 2941 4558 potius
2977 4499 3136 4543 cantu
3166 4497 3221 4543 et
3247 4488 3457 4558 hymnis
3502 4488 3696 4543 multo-

2112 4601 2231 4641 rum
2258 4582 2546 4640 inﬂammat
2583 4580 2929 4637 desiderium.
2955 4580 3407 4648 Quemadmodum
3437 4581 3580 4636 enim
3605 4581 3697 4651 qui

2114 4683 2315 4739 amant,
2333 4688 2519 4730 eorum
2544 4687 2677 4743 quos
2702 4679 2884 4726 amant
2906 4671 3178 4727 celebrant
3200 4670 3462 4735 eucomia,
3481 4680 3535 4726 et
3555 4671 3700 4739 ipso-

2115 4782 2235 4823 rum
2270 4767 2484 4822 nomina
2527 4764 3041 4821 circumferuntzita
3084 4762 3170 4817 hic
3213 4763 3396 4828 etiam,
3440 4762 3696 4829 Psallam,

2119 4862 2310 4932 inquit.
2341 4860 2532 4914 nonn'ni
2560 4869 2667 4923 tuo,
2699 4858 2970 4911 Altissime.

2187 4954 2243 5009 5.
2277 4953 2408 5008 Vide
2426 4951 2694 5022 quomodo
2736 4950 2965 5019 seipsum
2986 4964 3018 5004 e
3044 4958 3181 5004 terra
3207 4950 3453 5014 erexerit,
3469 4958 3524 5004 et
3548 4964 3700 5004 suam

2119 5054 2283 5101 totam
2308 5045 2373 5099 ad
2401 5044 2545 5098 illam
2590 5042 2875 5096 essentiam
2906 5041 3180 5105 extulerit,
3208 5041 3441 5110 seipsum
3473 5041 3581 5095 Deo
3606 5040 3700 5094 de-

2117 5140 2323 5194 dicans.
2350 5138 2415 5190 Et
2440 5134 2560 5190 ideo
2578 5143 2755 5189 versat
2782 5135 2897 5203 ejus
2925 5148 3115 5187 nomen
3133 5133 3374 5189 assidue:
3398 5133 3444 5188 is
3460 5141 3539 5188 est
3559 5134 3701 5189 enim

2121 5245 2238 5284 mos
2283 5227 2532 5281 amantis.
2558 5224 2611 5279 ι.
2641 5225 2765 5278 Cum
2801 5239 3067 5277 conversus
3110 5225 3260 5294 fuerit
3296 5225 3533 5278 inimicus
3564 5240 3702 5278 meus

2119 5330 2413 5384 retrorsum,
2442 5315 2849 5385 inﬁrmabuntur,
2871 5325 2919 5368 et
2935 5316 3166 5386 peribunt
3204 5332 3235 5368 a
3251 5315 3387 5384 [acie
3409 5315 3701 5378 tua.Alius,

2120 5410 2381 5468 Conversis
2402 5407 2617 5463 inimicis
2646 5406 2766 5461 meis
2791 5416 2946 5463 retro.
2974 5423 3033 5459 ac
3056 5406 3244 5460 collisis
3268 5417 3419 5476 atque
3439 5405 3648 5476 perditis
3673 5422 3704 5460 ι

2186 5574 2203 5604 ¹
2239 5579 2320 5622 me
2342 5579 2507 5625 voces,
2532 5582 2587 5620 re
2601 5568 2709 5633 ipsa
2730 5563 2974 5623 destituta,
2998 5562 3177 5613 desunt
3198 5562 3249 5611 ia
3269 5558 3404 5611 Colb.

2184 5658 2263 5731 (α).
2297 5658 2415 5707 "se
2457 5655 2629 5731 περιίρ.
2652 5655 2785 5731 tm;
2826 5651 3051 5731 Ἄλλη).
3075 5649 3704 5731 Κ.αὲ,-1⁰ξνρέᾁσῖῑ³).μῖἑ³ἷέξῖ¹ζ

2117 5714 2313 5784 Aquilae
2344 5732 2457 5768 esse
2499 5720 2545 5766 in
2598 5716 2723 5784 lidit.
2755 5715 2930 5772 Savil.,
2963 5717 3072 5784 sed_
3100 5714 3383 5784 Aqiiilaact
3419 5714 3703 5775 Symmachi

2118 5775 2432 5844 in'llexaplis
2457 5780 2639 5831 nostris
2660 5794 2670 5827 :
2698 5791 2917 5841 sequens
2939 5784 3019 5827 est
3042 5775 3336 5838 Symmachi.
