4084 6278
297 354 406 411 123

294 474 424 530 καθ’
454 473 688 544 ἑκάστην
718 473 933 546 ἡμέραν
980 474 1239 547 γινόμενα
1289 474 1567 548 θαυμάσια
1604 478 1696 533 τοῦ
1742 477 1878 533 Θεοῦ

294 561 687 633 διηγούμενον,
721 560 791 614 τὰ
824 561 929 633 ἰδίᾳ
966 562 1063 616 καὶ
1115 563 1185 617 τὰ
1222 567 1374 636 κοινῇ
1396 607 1410 630 ,
1441 566 1509 619 τὰ
1541 568 1621 628 είς
1671 567 1880 631 πάντας

296 649 394 705 καὶ
414 650 484 702 τὰ
517 649 596 711 είς
615 648 712 702 ἕνα
743 648 994 702 ἕκαστον.
1023 650 1188 721 Γέμει
1220 651 1328 722 7&9
1354 653 1421 706 τά
1451 654 1508 706 ἐν
1534 653 1612 723 τῷ
1638 652 1738 725 βίῳ
1758 654 1878 707 τού-

297 752 407 789 των
431 734 541 789 τῶν
572 734 927 806 διηγημάτων
947 753 959 766 ·
993 738 1088 791 καὶ
1120 737 1241 791 ὅθεν
1274 738 1340 792 ἂν
1370 739 1542 813 ἄρξῃ,
1574 741 1880 813 λαμπρότε-

302 840 394 894 ρον
415 822 536 892 ὄψει
562 821 624 875 τὸ
654 823 937 894 προοίμιον
958 823 1226 897 ἀναϐρύον
1244 868 1259 890 ,
1285 826 1349 879 ἄν
1373 843 1433 879 τε
1465 828 1572 879 ἀπὸ
1598 828 1692 881 τοῦ
1718 829 1879 899 οὐρα-

299 910 413 972 νοῦ,
437 912 502 966 ἀν
527 927 589 962 τε
623 910 730 963 ἀπὸ
753 914 852 982 τῆς
876 912 1012 982 γῆς,
1045 912 1111 966 ἄν
1130 929 1187 966 τε
1221 914 1330 967 ἀπὸ
1358 914 1451 967 τοῦ
1490 916 1678 985 ἀέρος,
1722 916 1788 969 ἀν
1818 934 1877 970 τε

298 997 407 1051 ἀπὸ
436 997 546 1049 τῶν
574 997 806 1066 ἀλόγων,
839 997 905 1050 ἀν
931 999 1038 1051 ἀπὸ
1072 1000 1424 1072 σπερμάτων,
1450 1001 1517 1055 ἂν
1536 1002 1643 1055 ἀπὸ
1673 1004 1875 1072 φυτῶν·

299 1085 365 1138 ἂν
393 1085 492 1149 τὰς
522 1085 756 1147 παλαιάς
806 1084 966 1157 θέλῃς
993 1086 1355 1156 διηγήσασθαι
1396 1089 1603 1160 δωρεὰς
1627 1129 1643 1155 ,
1686 1089 1753 1143 ἂν
1780 1091 1878 1154 τὰς

298 1172 406 1243 πρὸ
430 1172 525 1226 τοῦ
558 1174 746 1240 νόμου,
780 1171 844 1226 ἂν
874 1172 971 1236 τάς
1002 1175 1058 1226 ἐν
1083 1173 1161 1243 τῷ
1187 1174 1355 1245 νόμῳ,
1383 1175 1449 1228 ἂν
1482 1176 1550 1229 τὰ
1577 1179 1636 1229 ἐν
1668 1180 1733 1248 τῇ
1775 1178 1876 1247 χά-

298 1277 409 1331 ριτι
432 1300 448 1324 ,
479 1259 546 1314 ἂν
572 1260 642 1312 τὰ
672 1258 810 1330 μετά
836 1259 936 1327 τὴν
968 1260 1215 1313 ἐντεῦθεν
1252 1262 1561 1333 ἀποδημίαν
1585 1303 1601 1328 ,
1632 1263 1698 1317 ἂν
1722 1266 1790 1318 τά
1818 1266 1877 1318 ἐν

295 1352 448 1423 αὐτῷ
477 1351 558 1422 τῷ
583 1351 798 1422 θανάτῳ
820 1391 835 1416 ,
892 1352 1059 1422 μυρία
1094 1351 1260 1423 εὕρῃς
1324 1353 1534 1424 πελάγη
1581 1353 1754 1410 ταῦτα
1795 1357 1876 1409 δι-

292 1439 619 1510 ηγημάτων.
658 1438 839 1509 Πόσης
882 1435 975 1491 οῦν
1016 1439 1116 1492 οὐκ
1159 1439 1225 1493 ἂν
1250 1440 1332 1510 είη
1387 1442 1594 1509 ἀνοίας,
1642 1443 1877 1497 τοσαῦτα

292 1526 518 1595 ἔχοντας
541 1525 874 1596 διηγεῖσθαι,
917 1526 985 1579 δι’
1014 1520 1089 1579 ὧν
1120 1526 1214 1580 καὶ
1245 1528 1406 1599 ἡδονὴ
1433 1530 1527 1583 καὶ
1569 1530 1755 1602 κέρδος
1781 1532 1875 1585 καὶ

292 1615 535 1683 ὠφέλεια
560 1616 659 1684 τῆς
688 1614 868 1685 ψυχῆς
910 1616 1227 1683 ἐγγίνεται,
1272 1616 1349 1687 τῷ
1388 1617 1630 1689 βορϐόρῳ
1668 1620 1758 1673 τὸν
1790 1619 1876 1672 λο⁴

293 1702 496 1771 γισμὸν
530 1700 844 1775 ἀναφύρειν,
870 1703 997 1774 περὶ
1038 1701 1345 1767 πλεονεξίας
1377 1705 1470 1758 καὶ
1519 1705 1775 1776 ἁρπαγῆς
1804 1708 1878 1760 δι-

292 1790 433 1862 ηγού
442 1806 602 1861 μενον
624 1806 639 1855 ;

370 1920 437 1989 β’.
457 1920 568 1973 Καὶ
585 1922 633 1973 εἰ
655 1918 856 1988 βούλει,
878 1920 948 1973 τά
962 1919 1077 1973 ἀνω
1099 1919 1349 1987 ἀφέντες,
1368 1936 1436 1973 πε
1446 1919 1498 1991 ρὶ
1518 1922 1619 1992 τῆς
1638 1921 1738 1991 γῆς
1753 1920 1862 1974 δια-

292 2006 598 2078 λεχθῶμεν,
620 2006 713 2060 τοῦ
742 2006 1003 2077 μεγέθους
1024 2006 1192 2077 αὐτῆς
1211 2045 1227 2070 ,
1252 2007 1350 2078 τῆς
1371 2005 1570 2069 θέσεως
1587 2047 1601 2071 ,
1624 2008 1721 2078 τῆς
1746 2009 1875 2078 χρή-

294 2115 439 2160 σεως
462 2137 478 2159 ,
506 2096 608 2165 τῆς
638 2095 853 2165 φύσεως
875 2134 891 2159 ,
918 2095 1028 2148 τῶν
1057 2096 1262 2149 ὠδίνων
1300 2095 1407 2149 τῶν
1438 2095 1730 2166 διηνεκῶν,
1762 2095 1872 2148 τῶν

289 2184 651 2256 γεννημάτων
681 2184 790 2237 τῶν
821 2183 878 2249 ἐξ
912 2184 1080 2254 αὐτῆς
1107 2183 1215 2235 τῶν
1260 2183 1516 2237 ποικίλων
1565 2184 1658 2235 καὶ
1686 2182 1873 2251 διαφό-

294 2290 431 2344 ρων,
460 2271 567 2324 τῶν
599 2272 949 2341 σπερμάτων,
974 2271 1084 2323 τῶν
1107 2270 1340 2340 βοτανῶν
1362 2309 1377 2332 ,
1408 2272 1514 2323 τῶν
1537 2269 1738 2339 φυτῶν,
1762 2269 1872 2324 τῶν

292 2356 528 2416 ἀνθέων.
542 2357 651 2410 τῶν
673 2355 972 2426 λειμώνων,
1003 2356 1113 2410 τῶν
1141 2355 1498 2427 παραδείσων.
1518 2356 1648 2408 Ἀπὸ
1667 2356 1871 2410 τούτων

291 2444 460 2497 πάλιν
483 2443 737 2513 τέμωμεν
769 2441 845 2511 τῷ
873 2442 1015 2514 λόγῳ
1057 2442 1284 2496 ἑκάστου
1314 2443 1532 2513 δένδρου
1563 2443 1624 2496 τὸ
1663 2445 1868 2514 σχῆμα,

294 2530 413 2604 [95]
443 2532 543 2602 τὴν
572 2530 754 2594 θέσιν,
785 2530 846 2582 τὸ
878 2529 1040 2599 ὕψος,
1071 2529 1169 2600 τὴν
1208 2529 1434 2582 εὐωδίαν
1453 2569 1468 2593 ,
1507 2530 1597 2582 τὸν
1636 2530 1869 2602 καρπὸν,

289 2619 386 2672 τὸν
421 2619 631 2689 καιρὸν,
661 2617 760 2689 τὴν
781 2616 1073 2681 διακονίαν,
1103 2616 1170 2669 τά
1202 2616 1336 2670 ἄλλα
1366 2616 1541 2671 πάντα
1560 2615 1873 2685 ἀναλογιζό-

296 2724 452 2778 μενοι
483 2718 533 2767 ﬂ,
557 2706 725 2773 αὐτῆς
744 2704 842 2775 τῆς
876 2705 980 2775 γῆς
1000 2703 1099 2776 τὴν
1128 2703 1425 2773 κάρπιμον,
1451 2703 1548 2774 τὴν
1580 2703 1828 2776 άκαρπον
1853 2722 1868 2738 ·

292 2793 447 2847 οὐδὲν
473 2794 583 2862 γὰρ
608 2792 779 2861 αὐτῆς
808 2791 1096 2862 ἄχρηστον.
1132 2791 1241 2844 Καὶ
1278 2790 1385 2859 γὰρ
1422 2792 1455 2861 ἡ
1501 2791 1598 2861 μὲν
1632 2792 1869 2863 σίδηρον,

292 2884 331 2954 ἡ
358 2882 417 2935 δέ
445 2881 667 2952 χαλκὸν,
698 2882 733 2951 ἡ
770 2880 826 2933 δὲ
859 2879 1098 2950 χρυσίον,
1125 2881 1157 2949 ἡ
1201 2878 1258 2931 δέ
1290 2879 1526 2950 ἄργυρον
1549 2880 1807 2950 ῆνεγκεν·
1837 2881 1870 2952 ὴ

290 2971 353 3023 δὲ
379 2969 649 3041 ἀρώματα
669 3006 685 3032 ,
725 2969 759 3038 ή
785 2967 842 3020 δέ
883 2967 1149 3036 φάρμακα
1177 2966 1272 3019 καὶ
1295 2966 1513 3020 ποικίλα
1553 2968 1647 3020 καὶ
1676 2984 1873 3021 παντοο

292 3057 461 3112 δαπά.
492 3056 557 3108 Τί
584 3054 650 3110 ἀν
679 3072 763 3118 τις
803 3056 944 3108 είποι
982 3054 1090 3106 τῶν
1124 3052 1331 3107 ὑδάτων
1366 3053 1465 3123 τὴν
1506 3055 1728 3125 χρείαν,
1762 3054 1871 3109 τῶν

298 3145 542 3215 ποτίμων
561 3183 578 3207 ,
616 3142 724 3196 τῶν
761 3139 1046 3211 ἁλμυρῶν,
1068 3140 1176 3192 τῶν
1202 3139 1343 3211 ὀρῶν
1374 3139 1472 3210 τὴν
1504 3140 1703 3211 χρῆσιν
1725 3181 1739 3205 ,
1762 3140 1871 3195 τῶν

295 3234 557 3288 ποικίλων
590 3231 894 3303 μαρμάρων
924 3230 992 3283 τὰ
1025 3229 1256 3300 μέταλλα
1279 3267 1293 3291 ,
1322 3228 1421 3292 τὰς
1461 3229 1643 3299 πηγάς
1687 3229 1786 3294 τὰς
1812 3232 1871 3285 ἐν

297 3323 479 3383 αὐτοῖς
499 3359 514 3383 ,
546 3319 614 3372 τὰ
642 3317 832 3387 δένδρα
862 3316 931 3371 τά
960 3317 1096 3386 πρὸς
1115 3317 1344 3387 ὀρόφους
1372 3317 1650 3387 ἐπιτήδεια
1678 3318 1772 3369 καὶ
1797 3317 1872 3369 οί·

254 3400 261 3405 ’
297 3409 563 3485 κοδομήνβ
603 3406 788 3460 Ταῦτα
839 3407 1013 3460 πάντα
1066 3405 1165 3474 τῆς
1203 3405 1411 3476 ἐρήμου
1446 3403 1655 3475 καρπός
1683 3421 1696 3434 ·
1729 3403 1868 3475 αὕτη

296 3501 390 3549 καὶ
413 3495 531 3561 ζῶα
562 3494 656 3547 καὶ
686 3491 849 3564 θηρία
869 3492 1047 3546 πάντα
1068 3491 1276 3562 τρέφει.
1308 3491 1373 3543 Τί
1404 3490 1469 3544 ἄν
1495 3509 1575 3554 τις
1605 3492 1746 3545 εἴποι
1772 3490 1871 3555 τάς

295 3583 525 3654 λίμνας,
571 3581 672 3644 τάς
698 3579 880 3648 πηγάς
899 3622 914 3643 ,
945 3580 1070 3643 τοὺς
1109 3577 1418 3648 ποταμού;;
1447 3577 1715 3647 Καθάπερ
1760 3577 1869 3648 γὰρ

297 3672 353 3727 αἱ
383 3669 642 3723 τεκοῦσαι
675 3669 930 3735 γυναῖκες
953 3707 967 3731 ,
998 3665 1179 3737 πηγὴν
1209 3665 1478 3732 γάλακτος
1518 3665 1865 3735 προχέουσαι,

296 3759 409 3821 τοῖς
437 3756 680 3825 ἐκγόνοις
710 3752 1004 3825 παρέχουσι
1029 3752 1262 3822 τροφήν³
1315 3751 1456 3804 οὕτω
1488 3751 1551 3821 δὴ
1580 3753 1672 3804 καὶ
1708 3753 1740 3821 ἡ
1771 3751 1865 3820 γῆ,

297 3847 497 3918 κήποις
540 3844 632 3897 καὶ
668 3840 1015 3913 παραδείσοις
1044 3839 1232 3909 ὥσπερ
1282 3838 1519 3908 μαστοὺς
1555 3838 1871 3892 ἐκτείνουσα

290 3938 426 4009 ,τοὺς
467 3934 745 4004 ποταμοὺς
768 3933 861 3986 καὶ
893 3931 993 3994 τάς
1025 3928 1240 4002 πηγὰς,
1270 3927 1469 3998 πολλὴν
1507 3927 1735 3998 παρέχει
1772 3927 1869 3998 τὴν

298 4021 540 4093 ἀρδείαν.
582 4018 721 4073 Ἀλλ’
740 4020 832 4072 ἐπὶ
869 4018 965 4088 μὲν
995 4017 1104 4070 τῶν
1124 4014 1398 4086 γυναικῶν
1418 4056 1432 4081 ,
1458 4013 1519 4069 τὸ
1559 4015 1769 4068 παιδίον
1792 4014 1872 4067 δεῖ

299 4112 438 4182 πρὸς
459 4111 559 4183 τὴν
583 4108 747 4180 θηλὴν
770 4106 940 4159 ἐλθεῖν
959 4123 973 4137 ο
999 4104 1229 4160 ἐνταῦθα
1248 4104 1304 4157 δέ
1325 4104 1463 4174 αὐτὴ
1482 4103 1606 4165 τοὺς
1632 4101 1870 4175 μαστοὺς

298 4198 530 4252 ἐκτείνει
557 4193 830 4266 πανταχοῦ
854 4194 961 4249 ἀπὸ
986 4191 1190 4264 ὑψηλοῦ
1224 4192 1616 4262 καταφέρουσα.

371 4284 528 4356 Ἔχει
564 4286 659 4337 καὶ
683 4283 873 4354 ἐτέραν
912 4281 1107 4352 χρῆσιν
1135 4283 1168 4350 ή
1198 4278 1422 4352 ἔρημος.
1455 4279 1565 4333 Καὶ
1598 4277 1705 4349 γὰρ
1736 4278 1872 4349 πρὸς

295 4373 396 4446 τὴν
424 4371 519 4425 τοῦ
551 4370 800 4441 σώματος
836 4369 1046 4437 ὑγίειαν
1087 4366 1519 4437 ἐπιτηδειοτέρα,
1558 4365 1872 4436 καθαρώτε-

298 4474 394 4529 ρον
420 4456 738 4528 παρέχουσα
763 4456 1021 4509 ἀναπνεῖν
1051 4452 1142 4506 τὸν
1162 4453 1297 4523 ἀέρα
1315 4492 1331 4516 ,
1358 4452 1452 4505 καὶ
1489 4452 1587 4523 τὴν
1616 4450 1872 4522 οἰκουμέ-

299 4564 400 4619 νην
427 4546 523 4616 ἀφ’
548 4542 752 4615 ὑψηλοῦ
802 4543 980 4596 πᾶσαν
1025 4543 1376 4612 περισκοπεῖν
1402 4579 1417 4603 ,
1445 4541 1537 4593 καὶ
1563 4541 1630 4612 τῇ
1667 4538 1872 4612 ἐρημίᾳ

298 4633 686 4704 ἐμφιλοσοφεῖν
706 4669 722 4695 ,
768 4630 862 4684 καὶ
900 4628 1007 4683 τῶν
1034 4628 1091 4681 ἐν
1115 4627 1193 4698 τῷ
1225 4626 1324 4698 βίῳ
1373 4627 1668 4699 φροντίδων
1693 4625 1870 4695 ὀλίγον

297 4723 583 4776 ἀναπνεῖν.
618 4720 683 4773 Τί
708 4721 773 4775 ἄν
794 4736 879 4783 τις
905 4719 1046 4772 εῐποι
1073 4718 1199 4781 τούς
1225 4717 1443 4789 ὄρνιθας
1471 4717 1595 4779 τοὺς
1623 4716 1867 4787 ᾠδικοὺς,

297 4811 411 4863 τῶν
434 4808 726 4879 ἁλωσίμων
755 4807 909 4872 ζώων
935 4806 1031 4876 τὴν
1054 4805 1359 4876 διαγωγήν;
1391 4803 1542 4872 Ἔχει
1566 4804 1659 4855 καὶ
1678 4801 1870 4873 ἐτέραν

295 4898 491 4969 χρείαν
519 4898 554 4968 ὴ
584 4895 809 4967 ἔρημος.
842 4892 1107 4955 Πολλάκις
1127 4892 1235 4963 γὰρ
1257 4890 1378 4944 ἀντὶ
1400 4887 1594 4960 τειχῶν
1619 4889 1739 4951 ταῖς
1765 4886 1871 4957 χώ-

300 5003 425 5058 ραις
467 4985 659 5053 γέγονε
684 5023 699 5048 ,
749 4979 886 5053 πρὸς
930 4979 1061 5050 ὕψος
1093 4978 1292 5048 ἔχουσα
1324 4975 1696 5046 ἀνατεταμένα
1745 4972 1866 5044 ὃρη,

298 5073 397 5127 καὶ
435 5073 752 5144 φάραγγας,
796 5069 893 5123 καὶ
941 5065 1238 5140 κρημνούς.
1273 5065 1315 5117 Τ
1321 5065 1338 5116 ί
1372 5064 1437 5117 ἀν
1467 5079 1550 5126 τις
1582 5060 1727 5115 εἴποι
1771 5061 1869 5124 τὰς

301 5160 533 5231 βοτάνας
559 5161 657 5222 τάς
685 5161 745 5212 ἐν
773 5156 960 5218 αὐταῖς
980 5153 1333 5223 τικτομένας,
1361 5148 1574 5220 σώμασι
1604 5149 1870 5220 κάμνουσι

300 5247 505 5319 πολλὴν
529 5243 891 5317 εἰσφερούσας
924 5241 1024 5312 τὴν
1063 5238 1440 5310 λειτουργίαν;
1470 5239 1533 5290 El
1562 5236 1618 5289 δέ
1647 5236 1871 5308 ἐρήμων

298 5335 393 5388 καὶ
424 5333 568 5405 δρῶν
612 5331 846 5402 τοσαύτη
879 5332 912 5400 ἡ
954 5328 1109 5400 χρεία
1128 5366 1143 5390 ,
1174 5325 1405 5394 τοσαύτη
1453 5325 1561 5377 τῶν
1590 5323 1807 5392 ἀγαθῶν
1837 5325 1867 5393 ἡ

298 5424 534 5493 χορηγία
556 5439 570 5452 ’
602 5423 651 5474 εί
679 5419 817 5491 πρὸς
852 5418 953 5489 τὴν
973 5415 1233 5487 ἀρόσιμον
1260 5412 1431 5476 ἔλθοις
1452 5452 1466 5477 ,
1487 5412 1579 5466 καὶ
1611 5412 1678 5465 τὰ
1705 5411 1870 5464 ὕπτια

300 5511 481 5571 πεδία,
517 5507 770 5577 ἐννόησον
800 5504 969 5567 πόσας
988 5503 1107 5573 όψει
1130 5502 1228 5566 τὰς
1254 5502 1436 5571 πηγὰς
1460 5500 1566 5553 τῶν
1597 5499 1870 5570 διηγημά-

299 5613 428 5650 των.
450 5595 720 5664 Καθάπερ
742 5591 850 5662 7&9
872 5593 931 5645 ἐν
953 5590 1030 5661 τῷ
1055 5589 1265 5661 σώματι
1291 5587 1368 5658 τῷ
1395 5587 1648 5660 ἡμετέρῳ
1680 5585 1748 5640 τά
1773 5586 1870 5655 μέν

363 5798 387 5831 ³
421 5793 836 5858 ’Δναλογιζόμενοι
855 5791 995 5841 deesl
1019 5791 1068 5840 in
1088 5786 1221 5840 Colb.

1234 372 1241 381 '
1292 354 1659 416 EXPOSITIO
1691 359 1754 415 IN
1793 360 2126 420 PSAL‘lUM
2164 364 2260 420 IX.

3440 377 3542 433 125

1983 500 2127 536 ρστιν
2160 485 2311 550 ὀστᾶ,
2346 484 2415 538 τὰ
2438 486 2496 539 δέ
2522 486 2709 558 νεῦρα,
2739 488 2807 541 τὰ
2834 488 2891 541 δὲ
2922 489 3122 561 σάρκες
3145 508 3158 521 ·
3192 491 3334 546 οὕτω
3374 495 3466 547 καὶ
3498 498 3553 549 ἐν

1978 577 2044 644 τῇ
2071 576 2140 644 γῇ
2165 614 2180 639 ,
2221 574 2288 628 τὰ
2326 575 2424 645 μὲν
2453 576 2586 649 ὅρη,
2616 577 2686 630 τά
2720 579 2777 631 δέ
2809 579 3121 650 φάραγγες,
3152 582 3220 636 τά
3255 583 3313 636 δὲ
3346 583 3552 656 λιπαρά

1978 667 2182 736 χωρία·
2213 667 2388 722 πάντα
2423 668 2478 722 δέ
2507 669 2675 722 ταῦτα
2714 673 2978 741 χρήσιμα.
3011 673 3075 725 Τί
3104 673 3246 742 λέγω
3290 674 3384 745 τὴν
3423 674 3550 744 γῆν,

1975 758 2228 833 τοσοῦτον
2278 764 2564 831 στοιχεῖον;
2605 762 2751 826 Ἐνδς
2793 763 3008 835 δένδρου
3068 765 3226 836 μόνου
3261 768 3310 819 εί
3356 767 3553 839 βουλη-

1979 849 2127 919 θείης
2155 853 2327 904 είπεῖν
2365 852 2425 905 τὸ
2457 852 2661 923 σχῆμα,
2703 853 2800 924 τὴν
2833 856 3049 925 χρείαν,
3086 858 3177 911 τὸν
3211 859 3418 928 καρπὸν
3438 897 3452 922 ,
3483 859 3551 911 τὰ

1978 941 2168 1010 φύλλα,
2199 943 2290 995 τὸν
2320 944 2527 1014 καιρὸν,
2559 945 2629 997 τά
2657 946 2790 999 ἀλλα
2816 947 3012 1011 πάντα,
3041 949 3171 1001 πολύ
3221 948 3340 1018 ὄψει
3370 950 3429 1003 τὸ
3473 950 3551 1004 δι-

1977 1035 2170 1105 ήγημα
2189 1051 2202 1064 ·
2231 1037 2278 1088 εί
2302 1036 2408 1088 τῶν
2438 1035 2579 1106 ὀρῶν
2608 1038 2707 1107 τὴν
2747 1036 2892 1090 θέσιν
2914 1079 2929 1103 ,
2961 1040 3009 1091 εί
3049 1038 3117 1091 τὰ
3140 1039 3276 1094 ἄλλα
3314 1040 3546 1104 ἅπαντα,

1976 1128 2024 1179 εἰ
2054 1128 2144 1180 τὸν
2185 1128 2468 1199 ἄνθρωπον
2513 1128 2673 1182 αὐτὸν
2705 1129 2951 1193 ἐπέλθοις
2983 1130 3059 1200 τῷ
3102 1130 3277 1201 λόγῳ,
3318 1133 3413 1185 καὶ
3450 1133 3548 1204 τὴν

1974 1220 2260 1274 διάπλασιν
2291 1219 2454 1273 αὐτοῦ
2478 1221 2571 1273 τοῦ
2603 1220 2871 1291 σώματος,
2897 1221 3065 1292 μυρία
3087 1222 3245 1276 πάλιν
3273 1223 3547 1276 κάνταῦθα

1975 1311 2186 1381 πελάγη
2215 1310 2392 1381 εὕροις
2422 1311 2792 1382 διηγημάτων.
2826 1312 3046 1376 Τούτοις
3072 1314 3249 1368 τοίνυν
3276 1315 3543 1385 ἐνδιατρίο

1977 1403 2182 1473 σωμεν,
2215 1403 2462 1458 ἐντεῦθεν
2488 1406 2619 1474 ἡμῖν
2651 1403 2804 1457 ἐσται
2827 1405 2984 1475 ἡδονὴ
3016 1406 3266 1476 μεγίστη,
3299 1405 3546 1458 ἐντεῦθεν

1975 1494 2199 1564 κέρδος,
2232 1492 2478 1546 ἐντεῦθεν
2509 1495 2795 1563 φιλοσοφία
2837 1494 3062 1564 ἀφατος.
3107 1495 3199 1547 Διὸ
3246 1495 3342 1548 καὶ
3389 1495 3547 1547 τοῦτο

1972 1587 2145 1649 δηλῶν
2173 1587 2449 1655 ἐπήγαγεν
2468 1602 2480 1612 ’
2519 1585 3021 1657 Εὐφρανθήσομαι
3055 1587 3153 1640 καὶ
3177 1584 3544 1656 ἀγαλλιᾶσθε

1966 1695 2071 1749 μαι
2116 1679 2185 1732 ἐν
2234 1680 2353 1735 σοι.
2421 1677 2611 1741 ’Λλλος
2635 1718 2649 1743 ,
2703 1677 2813 1731 Καὶ
2865 1677 3184 1747 γαιφιάσω.
3241 1675 3421 1731 Ψαλῶ
3466 1676 3547 1741 τῷ

1974 1770 2218 1839 ὀνόματί
2240 1785 2377 1832 σου,
2395 1769 2662 1838 "Tyndare.
2691 1768 2901 1831 Ἄλλος,
2925 1770 3087 1838 ’ᾼσω
3109 1768 3174 1821 τὸ
3198 1767 3386 1836 ὄνομὰ
3406 1782 3544 1820 σου.

1972 1862 2047 1914 Οὐ
2085 1860 2278 1931 μικρὸν
2305 1858 2462 1913 τοῦτο
2505 1859 2821 1928 φιλοσοφίας
2856 1858 3026 1922 εἶδος,
3058 1858 3119 1911 τὸ
3160 1857 3545 1931 εὐφραίνεσθαι

1972 1955 2064 2006 ἐπὶ
2094 1952 2171 2023 τῷ
2197 1952 2336 2023 Θεῷ.
2375 1952 2433 2004 '0
2465 1951 2573 2022 7&9
2605 1953 2696 2004 ἐπὶ
2724 1950 2801 2021 τῷ
2838 1949 2958 2020 Θεῷ
2979 1948 3399 2020 εὐφραινόμενος
3418 1989 3432 2011 ,
3470 1948 3546 2010 ὡς

1971 2046 2107 2117 χρὴ,
2142 2048 2321 2100 πᾶσαν
2351 2044 2598 2098 ἐκϐάλλει
2641 2044 2893 2114 βιωτικὴν
2928 2043 3140 2114 ἡδονήν.
3176 2042 3240 2094 Τί
3282 2042 3337 2095 δέ
3375 2043 3543 2103 ἐστιν,

1971 2138 2089 2211 [96]
2118 2137 2617 2206 Εὑφρανθήσομαι
2639 2135 2708 2189 ἐν
2744 2136 2844 2189 σοί
2855 2151 2874 2199 ;
2905 2134 3173 2194 Τοιοῦτον,
3195 2134 3377 2204 φησὶν,
3408 2132 3545 2201 έχων

1971 2231 2277 2300 Δεσπότην,
2310 2226 2468 2282 τοῦτὸ
2509 2244 2597 2298 μοι
2635 2226 2797 2297 ἡδονὴ
2824 2264 2840 2289 ,
2873 2225 3028 2278 τοῦτό
3077 2242 3167 2294 μοι
3205 2223 3540 2292 ἀγαλλίασις.

1970 2323 2039 2376 Et
2063 2339 2147 2385 τις
2184 2318 2288 2375 οἵδε
2318 2319 2519 2390 ταύτην
2565 2319 2663 2388 τὴν
2696 2318 2885 2389 ἡδονὴν
2927 2316 3002 2379 ὡς
3033 2316 3227 2371 εἰδέναι
3261 2315 3399 2386 χρὴ,
3427 2314 3544 2367 ἐτέ-

1974 2432 2069 2485 ρας
2094 2414 2285 2483 ἡδονῆς
2310 2413 2410 2464 οὐκ
2442 2409 2772 2464 αἰσθάνεται.
2804 2406 2973 2461 Τοῦτο
2997 2408 3105 2477 7&9
3127 2407 3284 2479 ἡδονὴ
3317 2406 3540 2476 κυρίως·

1970 2506 2046 2570 ὡς
2074 2506 2206 2573 τάγε
2239 2503 2371 2558 ἀλλα
2425 2501 2633 2563 πάντα,
2659 2498 2899 2570 ὀνόματα
2944 2498 3102 2570 μόνον
3141 2500 3287 2551 ἐστὶν
3327 2497 3540 2568 ἡδονῆς,

1970 2597 2292 2668 πράγματος
2319 2594 2517 2664 ἔρημα.
2542 2591 2689 2663 Αὕτη
2720 2590 2809 2644 τὸν
2839 2589 3121 2661 ἄνθρωπον
3148 2590 3439 2660 μετάρσιον
3461 2589 3542 2659 ἐρ-

1969 2686 2195 2757 γάζεται
2218 2702 2231 2715 ·
2270 2683 2407 2754 αὕτη
2434 2682 2527 2736 τοῦ
2559 2682 2808 2752 σώματος
2841 2680 3168 2734 ἀπαλλάττει
3198 2680 3297 2750 τὴν
3324 2679 3504 2750 ψυχήν
3526 2697 3541 2712 ·

1970 2776 2109 2847 αὕτη
2142 2776 2278 2846 πρὸς
2301 2771 2525 2842 οὐρανὸν
2559 2771 2745 2840 πτεροῖ
2765 2785 2779 2800 ·
2809 2768 2947 2839 αὕτη
2985 2769 3092 2823 τῶν
3118 2767 3384 2839 βιωτικῶν
3414 2767 3541 2839 ὑψη·

1969 2868 2185 2937 λότερον
2229 2865 2406 2917 ποιεῖ·
2439 2861 2579 2932 αὕτη
2619 2858 2816 2922 κακίας
2865 2857 3226 2912 ἀπαλλάττει·
3276 2858 3371 2912 καὶ
3399 2858 3545 2928 μάλα

1970 2958 2213 3019 εἰκότως,
2235 2956 2297 3008 Ei
2324 2952 2433 3024 γὰρ
2462 2953 2511 3006 οἱ
2543 2950 2768 3021 σώματα
2796 2947 3023 3020 λαμπρά
3052 2947 3330 3018 φιλοῦντες
3352 2989 3366 3013 ,
3393 2947 3547 3002 οὐδὲν

1970 3044 2385 3099 ἐπαισθάνονται
2426 3043 2535 3095 τῶν
2585 3041 2642 3095 ὲν
2669 3039 2746 3110 τῷ
2780 3039 2900 3111 βίῳ,
2928 3039 3042 3093 ἀλλ’
3079 3039 3196 3103 ἐνὸς
3224 3040 3382 3108 μόνου
3414 3040 3542 3104 είσὶ,

1968 3139 2067 3209 τῆς
2115 3136 2398 3208 ἐρωμένης
2426 3133 2627 3203 ὅψεως·
2661 3134 2689 3184 ό
2722 3132 2852 3185 Θεὸν
2891 3131 3058 3201 φιλῶν
3083 3170 3099 3195 ,
3145 3131 3327 3195 καθὼς
3371 3132 3546 3201 φιλεῖν

1969 3229 2077 3290 δεῖ,
2112 3227 2255 3290 τίνος
2301 3225 2617 3297 αἰσθήσεται
2653 3223 2837 3278 λοιπὸν
2874 3222 2907 3294 ἢ
2946 3221 3189 3294 χρηστοῦ
3229 3222 3335 3276 τῶν
3379 3225 3437 3277 ἐν
3465 3223 3545 3294 τῷ

1972 3320 2069 3391 βίῳ
2097 3319 2301 3389 τούτῳ,
2334 3318 2366 3388 ἢ
2391 3316 2673 3389 λυπηροῦ;
2707 3313 2932 3377 Οὐδενός
2951 3330 2965 3343 ·
3002 3313 3114 3366 ἀλλ’
3151 3313 3301 3366 ἔσται
3329 3314 3545 3367 πάντων

1969 3411 2267 3481 ἅνώτερος,
2298 3408 2539 3462 ἀθάνατα
2568 3406 2818 3478 τρυφῶν,
2853 3405 2975 3459 ἐπεὶ
3012 3405 3107 3458 καὶ
3151 3406 3179 3458 ὁ
3225 3403 3544 3474 φιλούμενος

1966 3501 2223 3566 τοιοῦτος.
2257 3502 2320 3556 Ol
2344 3502 2443 3570 μὲν
2474 3498 2583 3570 γὰρ
2606 3497 2677 3551 τά
2708 3497 2842 3552 ἄλλα
2866 3494 3146 3566 φιλοῦντες
3165 3535 3179 3558 ,
3211 3495 3421 3566 ταχέως
3449 3494 3544 3548 καὶ

1967 3596 2190 3659 ἄκοντες
2215 3596 2296 3658 εἰς
2321 3593 2492 3665 λήθην
2528 3591 2950 3663 μεταϐάλλονται
2969 3629 2983 3655 ,
3022 3588 3408 3658 ἀπολλυμένων
3435 3586 3543 3640 τῶν

1969 3685 2121 3755 φιλου
2131 3684 2305 3756 μένων
2326 3683 2420 3737 καὶ
2454 3681 2864 3753 μαραινομένων
2883 3697 2896 3711 ·
2921 3673 3073 3743 οὕτος
3095 3677 3152 3732 δέ
3172 3679 3200 3730 ὁ
3228 3677 3366 3748 ἔρως
3389 3677 3544 3732 ἀπει-

1969 3794 2061 3851 ρος
2080 3818 2093 3839 ,
2118 3775 2502 3845 ἁτελεύτητος,
2531 3774 2626 3828 καὶ⁸
2648 3772 2746 3843 τὴν
2779 3771 2972 3843 ἡδονὴν
3010 3770 3230 3842 μείζονα
3261 3768 3417 3839 έχων,
3449 3768 3543 3822 καὶ

1966 3868 2028 3922 τὸ
2057 3867 2245 3939 κέρδος
2296 3865 2486 3919 πλέον·
2521 3864 2615 3917 καὶ
2670 3862 2845 3932 τούτῳ
2874 3861 3035 3916 πάλιν
3081 3859 3422 3930 ψυχαγωγῶν
3449 3858 3543 3912 τὸν

1969 3958 2248 4029 φιλοῦντα,
2280 3955 2358 4026 τῷ
2393 3955 2660 4026 μηδέποτε
2681 3944 3063 4007 καταλύεσθαι.
3089 3950 3270 4005 Ψαλῶ
3298 3949 3378 4013 τῷ
3405 3949 3540 4003 ὀνό-

1962 4051 2105 4121 ματί
2133 4066 2249 4105 σου
2273 4087 2289 4112 ,
2323 4049 2585 4115 Ὕψιστε.
2627 4046 2796 4098 Τοῦτο
2828 4043 3059 4115 μάλιστα
3095 4040 3371 4109 φιλοῦντος
3402 4039 3540 4103 ἔθος,

1970 4142 2079 4195 Καὶ
2124 4140 2234 4209 γάρ
2271 4141 2319 4192 οἱ
2368 4136 2600 4208 ἐρῶντες
2630 4137 2711 4199 εἰς
2746 4136 2872 4198 τοὺς
2920 4132 3272 4204 φιλουμένους
3320 4131 3541 4201 ᾅσματα

1968 4233 2153 4306 ᾅδουσι
2178 4247 2190 4261 ’
2227 4229 2331 4283 κᾶν
2360 4228 2434 4300 μὴ
2466 4226 2662 4297 ὁρῶσιν
2687 4226 2956 4288 ἐκείνους,
2982 4223 3071 4277 διά
3111 4222 3209 4292 τῆς
3245 4222 3387 4292 ᾠδῆς
3415 4223 3557 4281 ἐαυο,

1966 4326 2095 4389 τοὺς
2122 4319 2591 4393 παραμυθοῦνται.
2621 4317 2777 4371 Οὕτω
2803 4317 2867 4389 δὴ
2891 4308 2984 4371 καὶ
3009 4318 3037 4370 ὁ
3058 4316 3344 4387 Προφήτης
3376 4316 3536 4367 ποιεῖ·

1969 4416 2091 4470 ἐπεὶ
2120 4415 2212 4469 τὸν
2244 4413 2376 4467 Θεὸν
2415 4412 2542 4466 ἰδεῖν
2593 4411 2654 4464 οὐ
2705 4408 2930 4463 δυνατὸν
2957 4449 2972 4475 ,
3011 4408 3237 4480 ᾅσματα
3268 4411 3412 4462 ποιεῖ
3460 4409 3541 4471 είς

1968 4508 2158 4569 αὐτὸν,
2201 4506 2290 4561 διὰ
2325 4505 2432 4560 τῶν
2481 4503 2633 4576 ᾠδῶν
2679 4501 2827 4573 αὐτῷ
2873 4500 3286 4571 συγγινόμενος,
3315 4498 3410 4553 καὶ
3448 4497 3542 4552 τὸν

1968 4600 2129 4653 πόθον
2148 4598 2423 4661 ἀνάπτων,
2450 4595 2542 4649 καὶ
2570 4593 2730 4649 αὐτὸν
2766 4592 2936 4646 δοκῶν
2961 4592 3092 4663 ὁρᾷν
3114 4607 3129 4621 ·
3164 4587 3359 4661 μᾶλλον
3381 4587 3437 4643 δέ
3455 4587 3544 4642 διά

1967 4689 2061 4742 τοῦ
2105 4687 2249 4760 ᾅδειν
2299 4687 2392 4741 καὶ
2446 4686 2630 4756 ὑμνεῖν
2684 4684 2761 4746 είς
2806 4681 2969 4736 πόθον
3020 4679 3248 4735 ἀνάπτει
3292 4678 3539 4744 πολλούς.

1971 4780 2182 4850 Ὠσπερ
2215 4778 2323 4849 7&9
2369 4778 2417 4829 οἱ
2457 4773 2736 4845 φιλοῦντες
2782 4771 3029 4844 ἐγκώμια
3058 4771 3164 4825 τῶν
3206 4768 3543 4841 φιλουμένων

1967 4866 2214 4937 λέγουσι,
2246 4867 2340 4921 καὶ
2373 4865 2440 4919 τά
2469 4865 2708 4935 ὀνόματα
2738 4863 2916 4916 αὐτῶν
2954 4860 3336 4933 περιφέρουσιν
3356 4875 3370 4889 ·
3401 4856 3543 4911 οὕτω
3607 4855 3619 4867 ’

1968 4959 2033 5028 δὴ
2061 4957 2154 5012 καὶ
2181 4948 2335 5018 οὕτος
2354 4952 2584 5022 ,’Ψαλῶ
2614 4951 2695 5019 τῷ
2731 4952 2978 5020 ὀνόματί
2998 4966 3136 5013 σου,
3169 4949 3434 5016 "rmore.

2040 5098 2110 5162 γ’.
2126 5091 2264 5162 Ὀρα
2278 5088 2395 5153 πῶς
2411 5086 2600 5141 ἐαυτὸν
2613 5085 2712 5153 τῆς
2727 5083 2830 5153 γῆς
2845 5083 3122 5153 διήρτησε,
3141 5079 3236 5133 καὶ
3251 5078 3388 5149 πρὸς
3401 5075 3543 5129 ἐκεί-

1968 5201 2067 5254 νην
2099 5180 2473 5252 ἀνεκρέμασεν
2512 5176 2638 5246 ὅλην
2666 5172 2859 5227 ἐαυτοῦ
2892 5173 2920 5212 b
2953 5170 3050 5241 τὴν
3077 5168 3293 5231 οὐσίαν,
3324 5165 3542 5230 ἀναθεὶς

1969 5273 2159 5327 ἐαυτὸν
2200 5271 2279 5342 τῷ
2310 5269 2448 5341 Θεῷ.
2478 5266 2577 5319 Διά
2603 5264 2761 5318 τοῦτο
2811 5261 3048 5333 συνεχῶς
3089 5258 3254 5313 αὐτοῦ
3284 5257 3345 5310 τὸ
3375 5257 3543 5327 ὄνομα

1970 5362 2321 5434 περιστρέφει
2344 5375 2359 5389 ·
2387 5358 2483 5412 καὶ
2514 5358 2624 5427 7&9
2666 5355 2760 5408 καὶ
2786 5352 2942 5406 τοῦτο
2970 5352 3064 5404 τοῦ
3097 5348 3375 5420 φιλοῦντος
3401 5347 3540 5410 ἔθος.

1982 5455 2079 5509 Ἐν
2123 5453 2203 5520 τῷ
2255 5447 2713 5517 ἀποστραφῆναι
2766 5444 2874 5498 τὸν
2928 5444 3145 5511 ἐχθρόν
3172 5456 3290 5510 μου
3340 5441 3427 5506 εὶς
3472 5438 3541 5492 τὰ

2033 5653 2063 5693 b
2087 5648 2386 5699 Bal-hermus
2395 5645 2521 5702 apud
2534 5610 2680 5692 S0vil.
2695 5639 3009 5702 ἀνεκρέμασεν
3019 5637 3131 5702 ὃλῃν
3143 5631 3333 5702 ἑαυτοῦ,
3345 5632 3541 5702 melius,

1973 5719 2029 5760 ul
2053 5695 2361 5772 pit—0:010:11!)
2384 5695 2524 5772 eJigi,
2565 5702 2646 5751 ubi
2669 5695 2895 5772 ὕλην-μευ
2921 5699 3051 5772 ὅληγ.
3072 5697 3366 5772 13?}IIQ_[39§E_
3380 5695 3542 5772 {09391

1976 5757 2252 5835 ᾖξ’ὼῖιίαὲϋί
2271 5770 2420 5820 habes
2442 5757 2643 5830 plénum
2667 5769 2720 5812 el
2736 5757 2987 5823 inlégrum
3008 5760 3058 5809 in
3082 5757 3320 5819 llexaplis
3341 5757 3537 5805 nostris.
