  <div class='ocr_page' id='page_1' title='image "/cluster/home/n/w/nwhite01/storage/ocr_20150623/55/mdp.39015028539511/117.png"; bbox 0 0 4068 6288; ppageno 0'>
   <div class='ocr_carea' id='block_1_1' title="bbox 520 496 2095 567">
    <p class='ocr_par' dir='ltr' id='par_1_1' title="bbox 520 496 2095 567">
     <span class='ocr_line' id='line_1_1' title="bbox 520 496 2095 567; baseline -0.003 -12"><span class='ocrx_word' id='word_1_1' title='bbox 520 502 743 562; x_wconf 74' lang='grc' dir='ltr'>ὀπίσω,</span> <span class='ocrx_word' id='word_1_2' title='bbox 779 498 1193 565; x_wconf 81' lang='grc' dir='ltr'>ἀσθενήσουσι</span> <span class='ocrx_word' id='word_1_3' title='bbox 1217 538 1232 562; x_wconf 91' lang='grc'>,</span> <span class='ocrx_word' id='word_1_4' title='bbox 1262 500 1358 553; x_wconf 79' lang='grc' dir='ltr'>καὶ</span> <span class='ocrx_word' id='word_1_5' title='bbox 1392 500 1761 555; x_wconf 77' lang='grc' dir='ltr'>ἀπολοῦνται</span> <span class='ocrx_word' id='word_1_6' title='bbox 1808 496 1926 554; x_wconf 81' lang='grc' dir='ltr'>ἀπὸ</span> <span class='ocrx_word' id='word_1_7' title='bbox 1954 517 2095 567; x_wconf 72' lang='grc' dir='ltr'>προ⁴</span> 
     </span>
    </p>
   </div>
   <div class='ocr_carea' id='block_1_2' title="bbox 520 582 2098 652">
    <p class='ocr_par' dir='ltr' id='par_1_2' title="bbox 520 582 2098 652">
     <span class='ocr_line' id='line_1_2' title="bbox 520 582 2098 652; baseline -0.002 -15"><span class='ocrx_word' id='word_1_8' title='bbox 520 584 731 639; x_wconf 81' lang='grc' dir='ltr'>σώπου</span> <span class='ocrx_word' id='word_1_9' title='bbox 767 600 904 638; x_wconf 89' lang='grc' dir='ltr'>σου.</span> <span class='ocrx_word' id='word_1_10' title='bbox 937 583 1129 647; x_wconf 79' lang='grc' dir='ltr'>’Δλλος</span> <span class='ocrx_word' id='word_1_11' title='bbox 1149 624 1163 645; x_wconf 87' lang='grc'>,</span> <span class='ocrx_word' id='word_1_12' title='bbox 1204 583 1689 651; x_wconf 85' lang='grc' dir='ltr'>Ἀνατραπέντων</span> <span class='ocrx_word' id='word_1_13' title='bbox 1721 583 1837 636; x_wconf 89' lang='grc' dir='ltr'>τῶν</span> <span class='ocrx_word' id='word_1_14' title='bbox 1872 582 2098 652; x_wconf 83' lang='grc' dir='ltr'>ἐχθρῶν</span> 
     </span>
    </p>
   </div>
   <div class='ocr_carea' id='block_1_3' title="bbox 519 665 2097 738">
    <p class='ocr_par' dir='ltr' id='par_1_3' title="bbox 519 665 2097 738">
     <span class='ocr_line' id='line_1_3' title="bbox 519 665 2097 738; baseline -0.002 -16"><span class='ocrx_word' id='word_1_15' title='bbox 519 686 640 738; x_wconf 79' lang='grc' dir='ltr'>μου</span> <span class='ocrx_word' id='word_1_16' title='bbox 690 669 916 729; x_wconf 80' lang='grc' dir='ltr'>ὀπίσω,</span> <span class='ocrx_word' id='word_1_17' title='bbox 952 665 1433 735; x_wconf 72' lang='grc' dir='ltr'>προσκοψάντων</span> <span class='ocrx_word' id='word_1_18' title='bbox 1475 668 1573 719; x_wconf 77' lang='grc' dir='ltr'>καὶ</span> <span class='ocrx_word' id='word_1_19' title='bbox 1612 667 2002 735; x_wconf 73' lang='grc' dir='ltr'>ἀπολομένων</span> <span class='ocrx_word' id='word_1_20' title='bbox 2028 667 2097 719; x_wconf 76' lang='grc' dir='ltr'>ἐκ</span> 
     </span>
    </p>
   </div>
   <div class='ocr_carea' id='block_1_4' title="bbox 523 749 2094 820">
    <p class='ocr_par' dir='ltr' id='par_1_4' title="bbox 523 749 2094 820">
     <span class='ocr_line' id='line_1_4' title="bbox 523 749 2094 820; baseline -0.001 -17"><span class='ocrx_word' id='word_1_21' title='bbox 523 750 847 818; x_wconf 77' lang='grc' dir='ltr'>προσώπου</span> <span class='ocrx_word' id='word_1_22' title='bbox 879 765 1011 804; x_wconf 86' lang='grc' dir='ltr'>σου.</span> <span class='ocrx_word' id='word_1_23' title='bbox 1051 751 1159 802; x_wconf 73' lang='grc' dir='ltr'>Καὶ</span> <span class='ocrx_word' id='word_1_24' title='bbox 1185 749 1343 802; x_wconf 89' lang='grc' dir='ltr'>τοῦτο</span> <span class='ocrx_word' id='word_1_25' title='bbox 1372 750 1603 820; x_wconf 79' lang='grc' dir='ltr'>μάλιστα</span> <span class='ocrx_word' id='word_1_26' title='bbox 1639 749 1913 819; x_wconf 85' lang='grc' dir='ltr'>φιλοῦντός</span> <span class='ocrx_word' id='word_1_27' title='bbox 1960 752 2094 811; x_wconf 70' lang='grc' dir='ltr'>ἐστι,</span> 
     </span>
    </p>
   </div>
   <div class='ocr_carea' id='block_1_5' title="bbox 522 836 2099 909">
    <p class='ocr_par' dir='ltr' id='par_1_5' title="bbox 522 836 2099 909">
     <span class='ocr_line' id='line_1_5' title="bbox 522 836 2099 909; baseline -0.003 -17"><span class='ocrx_word' id='word_1_28' title='bbox 522 841 587 892; x_wconf 84' lang='grc' dir='ltr'>τὸ</span> <span class='ocrx_word' id='word_1_29' title='bbox 620 837 720 902; x_wconf 83' lang='grc' dir='ltr'>τὰς</span> <span class='ocrx_word' id='word_1_30' title='bbox 743 837 1056 909; x_wconf 82' lang='grc' dir='ltr'>εὐεργεσίας</span> <span class='ocrx_word' id='word_1_31' title='bbox 1100 836 1280 904; x_wconf 85' lang='grc' dir='ltr'>λέγειν</span> <span class='ocrx_word' id='word_1_32' title='bbox 1308 836 1396 890; x_wconf 82' lang='grc' dir='ltr'>διὰ</span> <span class='ocrx_word' id='word_1_33' title='bbox 1424 837 1625 900; x_wconf 81' lang='grc' dir='ltr'>παντὸς</span> <span class='ocrx_word' id='word_1_34' title='bbox 1645 877 1659 897; x_wconf 82' lang='grc'>,</span> <span class='ocrx_word' id='word_1_35' title='bbox 1702 838 1797 890; x_wconf 75' lang='grc' dir='ltr'>καὶ</span> <span class='ocrx_word' id='word_1_36' title='bbox 1825 836 2099 904; x_wconf 83' lang='grc' dir='ltr'>ἐγκαλλω-</span> 
     </span>
    </p>
   </div>
   <div class='ocr_carea' id='block_1_6' title="bbox 525 919 2095 991">
    <p class='ocr_par' dir='ltr' id='par_1_6' title="bbox 525 919 2095 991">
     <span class='ocr_line' id='line_1_6' title="bbox 525 919 2095 991; baseline -0.001 -17"><span class='ocrx_word' id='word_1_37' title='bbox 525 921 776 986; x_wconf 74' lang='grc' dir='ltr'>πίζεσθαι</span> <span class='ocrx_word' id='word_1_38' title='bbox 801 920 1025 984; x_wconf 79' lang='grc' dir='ltr'>ταύταις</span> <span class='ocrx_word' id='word_1_39' title='bbox 1046 938 1058 951; x_wconf 76' lang='grc' dir='ltr'><strong><em>ο</em></strong></span> <span class='ocrx_word' id='word_1_40' title='bbox 1091 919 1198 973; x_wconf 87' lang='grc' dir='ltr'>ἀπό</span> <span class='ocrx_word' id='word_1_41' title='bbox 1224 936 1282 972; x_wconf 86' lang='grc' dir='ltr'>τε</span> <span class='ocrx_word' id='word_1_42' title='bbox 1308 919 1415 991; x_wconf 98' lang='lat'>7&amp;9</span> <span class='ocrx_word' id='word_1_43' title='bbox 1445 919 1665 990; x_wconf 82' lang='grc' dir='ltr'>φίλτρου</span> <span class='ocrx_word' id='word_1_44' title='bbox 1692 919 1849 973; x_wconf 88' lang='grc' dir='ltr'>τοῦτο</span> <span class='ocrx_word' id='word_1_45' title='bbox 1868 920 2095 988; x_wconf 90' lang='grc' dir='ltr'>γίνεται,</span> 
     </span>
    </p>
   </div>
   <div class='ocr_carea' id='block_1_7' title="bbox 525 1002 2098 1074">
    <p class='ocr_par' dir='ltr' id='par_1_7' title="bbox 525 1002 2098 1074">
     <span class='ocr_line' id='line_1_7' title="bbox 525 1002 2098 1074; baseline -0.001 -18"><span class='ocrx_word' id='word_1_46' title='bbox 525 1003 619 1057; x_wconf 74' lang='grc' dir='ltr'>καὶ</span> <span class='ocrx_word' id='word_1_47' title='bbox 662 1004 792 1057; x_wconf 87' lang='grc' dir='ltr'>αὐτὸ</span> <span class='ocrx_word' id='word_1_48' title='bbox 826 1003 986 1056; x_wconf 89' lang='grc' dir='ltr'>πάλιν</span> <span class='ocrx_word' id='word_1_49' title='bbox 1021 1002 1245 1056; x_wconf 84' lang='grc' dir='ltr'>ἀνάπτει</span> <span class='ocrx_word' id='word_1_50' title='bbox 1291 1002 1352 1055; x_wconf 84' lang='grc' dir='ltr'>τὸ</span> <span class='ocrx_word' id='word_1_51' title='bbox 1387 1003 1622 1074; x_wconf 79' lang='grc' dir='ltr'>φίλτρον.</span> <span class='ocrx_word' id='word_1_52' title='bbox 1658 1004 1771 1057; x_wconf 90' lang='grc' dir='ltr'>Οὐκ</span> <span class='ocrx_word' id='word_1_53' title='bbox 1817 1003 1884 1058; x_wconf 88' lang='grc' dir='ltr'>ἂν</span> <span class='ocrx_word' id='word_1_54' title='bbox 1932 1004 1989 1057; x_wconf 90' lang='grc' dir='ltr'>δέ</span> <span class='ocrx_word' id='word_1_55' title='bbox 2017 1022 2098 1069; x_wconf 89' lang='grc' dir='ltr'>τις</span> 
     </span>
    </p>
   </div>
   <div class='ocr_carea' id='block_1_8' title="bbox 525 1085 2099 1157">
    <p class='ocr_par' dir='ltr' id='par_1_8' title="bbox 525 1085 2099 1157">
     <span class='ocr_line' id='line_1_8' title="bbox 525 1085 2099 1157; baseline -0.003 -14"><span class='ocrx_word' id='word_1_56' title='bbox 525 1087 760 1157; x_wconf 80' lang='grc' dir='ltr'>ἁμάρτοι</span> <span class='ocrx_word' id='word_1_57' title='bbox 812 1085 979 1139; x_wconf 77' lang='grc' dir='ltr'>εἰπὼν</span> <span class='ocrx_word' id='word_1_58' title='bbox 1023 1087 1118 1139; x_wconf 75' lang='grc' dir='ltr'>καὶ</span> <span class='ocrx_word' id='word_1_59' title='bbox 1160 1088 1380 1155; x_wconf 79' lang='grc' dir='ltr'>νοητοὺς</span> <span class='ocrx_word' id='word_1_60' title='bbox 1411 1086 1638 1157; x_wconf 74' lang='grc' dir='ltr'>ἐχθροὺς</span> <span class='ocrx_word' id='word_1_61' title='bbox 1678 1086 1910 1140; x_wconf 79' lang='grc' dir='ltr'>ἐνταῦθα</span> <span class='ocrx_word' id='word_1_62' title='bbox 1939 1088 2099 1140; x_wconf 74' lang='grc' dir='ltr'>αὐτὸν</span> 
     </span>
    </p>
   </div>
   <div class='ocr_carea' id='block_1_9' title="bbox 525 1165 2099 1240">
    <p class='ocr_par' dir='ltr' id='par_1_9' title="bbox 525 1165 2099 1240">
     <span class='ocr_line' id='line_1_9' title="bbox 525 1165 2099 1240; baseline -0.001 -17"><span class='ocrx_word' id='word_1_63' title='bbox 525 1169 723 1239; x_wconf 85' lang='grc' dir='ltr'>λέγειν.</span> <span class='ocrx_word' id='word_1_64' title='bbox 767 1169 1220 1240; x_wconf 80' lang='grc' dir='ltr'>’Λποστρέφονται</span> <span class='ocrx_word' id='word_1_65' title='bbox 1261 1168 1370 1240; x_wconf 80' lang='lat'>7&amp;9</span> <span class='ocrx_word' id='word_1_66' title='bbox 1420 1168 1514 1223; x_wconf 73' lang='grc' dir='ltr'>καὶ</span> <span class='ocrx_word' id='word_1_67' title='bbox 1557 1165 1735 1233; x_wconf 79' lang='grc' dir='ltr'>οῦτοι,</span> <span class='ocrx_word' id='word_1_68' title='bbox 1769 1170 1896 1222; x_wconf 83' lang='grc' dir='ltr'>ὅταν</span> <span class='ocrx_word' id='word_1_69' title='bbox 1924 1169 2099 1239; x_wconf 76' lang='grc' dir='ltr'>ψυχὴν</span> 
     </span>
    </p>
   </div>
   <div class='ocr_carea' id='block_1_10' title="bbox 525 1251 2100 1324">
    <p class='ocr_par' dir='ltr' id='par_1_10' title="bbox 525 1251 2100 1324">
     <span class='ocr_line' id='line_1_10' title="bbox 525 1251 2100 1324; baseline 0 -18"><span class='ocrx_word' id='word_1_70' title='bbox 525 1253 785 1320; x_wconf 80' lang='grc' dir='ltr'>γενναίαν</span> <span class='ocrx_word' id='word_1_71' title='bbox 827 1251 1047 1322; x_wconf 73' lang='grc' dir='ltr'>εὕρωσι.</span> <span class='ocrx_word' id='word_1_72' title='bbox 1073 1252 1338 1324; x_wconf 81' lang='grc' dir='ltr'>Καθάπερ</span> <span class='ocrx_word' id='word_1_73' title='bbox 1378 1252 1486 1323; x_wconf 89' lang='grc' dir='ltr'>γάρ</span> <span class='ocrx_word' id='word_1_74' title='bbox 1530 1253 1609 1314; x_wconf 83' lang='grc' dir='ltr'>είς</span> <span class='ocrx_word' id='word_1_75' title='bbox 1638 1252 1838 1306; x_wconf 82' lang='grc' dir='ltr'>ἀσπίδα</span> <span class='ocrx_word' id='word_1_76' title='bbox 1863 1253 2100 1323; x_wconf 74' lang='grc' dir='ltr'>ἐμπεσὸν</span> 
     </span>
    </p>
   </div>
   <div class='ocr_carea' id='block_1_11' title="bbox 525 1331 2101 1408">
    <p class='ocr_par' dir='ltr' id='par_1_11' title="bbox 525 1331 2101 1408">
     <span class='ocr_line' id='line_1_11' title="bbox 525 1331 2101 1408; baseline -0.002 -19"><span class='ocrx_word' id='word_1_77' title='bbox 525 1337 654 1408; x_wconf 86' lang='grc' dir='ltr'>δόρυ</span> <span class='ocrx_word' id='word_1_78' title='bbox 674 1376 688 1399; x_wconf 90' lang='grc'>,</span> <span class='ocrx_word' id='word_1_79' title='bbox 725 1334 968 1405; x_wconf 83' lang='grc' dir='ltr'>μαλακὴν</span> <span class='ocrx_word' id='word_1_80' title='bbox 992 1335 1088 1406; x_wconf 79' lang='grc' dir='ltr'>μὲν</span> <span class='ocrx_word' id='word_1_81' title='bbox 1122 1331 1286 1389; x_wconf 77' lang='grc' dir='ltr'>οὖσαν</span> <span class='ocrx_word' id='word_1_82' title='bbox 1313 1334 1587 1404; x_wconf 87' lang='grc' dir='ltr'>διατέμνει</span> <span class='ocrx_word' id='word_1_83' title='bbox 1611 1375 1625 1397; x_wconf 95' lang='grc'>,</span> <span class='ocrx_word' id='word_1_84' title='bbox 1650 1333 1890 1405; x_wconf 82' lang='grc' dir='ltr'>σκληρὰν</span> <span class='ocrx_word' id='word_1_85' title='bbox 1918 1335 1975 1388; x_wconf 79' lang='grc' dir='ltr'>δὲ</span> <span class='ocrx_word' id='word_1_86' title='bbox 2008 1335 2101 1387; x_wconf 72' lang='grc' dir='ltr'>καὶ</span> 
     </span>
    </p>
   </div>
   <div class='ocr_carea' id='block_1_12' title="bbox 526 1415 2105 1488">
    <p class='ocr_par' dir='ltr' id='par_1_12' title="bbox 526 1415 2105 1488">
     <span class='ocr_line' id='line_1_12' title="bbox 526 1415 2105 1488; baseline -0.002 -17"><span class='ocrx_word' id='word_1_87' title='bbox 526 1418 818 1472; x_wconf 83' lang='grc' dir='ltr'>ἀντίτυπον</span> <span class='ocrx_word' id='word_1_88' title='bbox 844 1417 994 1471; x_wconf 83' lang='grc' dir='ltr'>οὐδὲν</span> <span class='ocrx_word' id='word_1_89' title='bbox 1047 1417 1375 1488; x_wconf 74' lang='grc' dir='ltr'>ἐργάζεται,</span> <span class='ocrx_word' id='word_1_90' title='bbox 1419 1415 1554 1471; x_wconf 90' lang='grc' dir='ltr'>ἀλλά</span> <span class='ocrx_word' id='word_1_91' title='bbox 1600 1417 1698 1486; x_wconf 87' lang='grc' dir='ltr'>τῆς</span> <span class='ocrx_word' id='word_1_92' title='bbox 1733 1417 1934 1487; x_wconf 87' lang='grc' dir='ltr'>αἰχμῆς</span> <span class='ocrx_word' id='word_1_93' title='bbox 1975 1417 2105 1469; x_wconf 86' lang='grc' dir='ltr'>ἀνα-</span> 
     </span>
    </p>
   </div>
   <div class='ocr_carea' id='block_1_13' title="bbox 528 1497 2102 1570">
    <p class='ocr_par' dir='ltr' id='par_1_13' title="bbox 528 1497 2102 1570">
     <span class='ocr_line' id='line_1_13' title="bbox 528 1497 2102 1570; baseline 0.001 -18"><span class='ocrx_word' id='word_1_94' title='bbox 528 1500 872 1570; x_wconf 86' lang='grc' dir='ltr'>καμφθείσης</span> <span class='ocrx_word' id='word_1_95' title='bbox 924 1499 1175 1552; x_wconf 72' lang='grc' dir='ltr'>ἐκπίπτει</span> <span class='ocrx_word' id='word_1_96' title='bbox 1202 1516 1214 1529; x_wconf 91' lang='grc'>·</span> <span class='ocrx_word' id='word_1_97' title='bbox 1244 1497 1387 1552; x_wconf 88' lang='grc' dir='ltr'>οῦτω</span> <span class='ocrx_word' id='word_1_98' title='bbox 1436 1499 1500 1567; x_wconf 86' lang='grc' dir='ltr'>δὴ</span> <span class='ocrx_word' id='word_1_99' title='bbox 1540 1499 1635 1552; x_wconf 76' lang='grc' dir='ltr'>καὶ</span> <span class='ocrx_word' id='word_1_100' title='bbox 1667 1501 1758 1552; x_wconf 75' lang='grc' dir='ltr'>ἐπὶ</span> <span class='ocrx_word' id='word_1_101' title='bbox 1786 1500 1884 1570; x_wconf 87' lang='grc' dir='ltr'>τῆς</span> <span class='ocrx_word' id='word_1_102' title='bbox 1924 1499 2102 1569; x_wconf 70' lang='grc' dir='ltr'>ψυχῆς</span> 
     </span>
    </p>
   </div>
   <div class='ocr_carea' id='block_1_14' title="bbox 529 1580 2101 1654">
    <p class='ocr_par' dir='ltr' id='par_1_14' title="bbox 529 1580 2101 1654">
     <span class='ocr_line' id='line_1_14' title="bbox 529 1580 2101 1654; baseline -0.001 -18"><span class='ocrx_word' id='word_1_103' title='bbox 529 1582 832 1654; x_wconf 87' lang='grc' dir='ltr'>συμϐαίνει.</span> <span class='ocrx_word' id='word_1_104' title='bbox 867 1583 963 1634; x_wconf 77' lang='grc' dir='ltr'>Ἂν</span> <span class='ocrx_word' id='word_1_105' title='bbox 998 1583 1093 1652; x_wconf 85' lang='grc' dir='ltr'>μὲν</span> <span class='ocrx_word' id='word_1_106' title='bbox 1122 1582 1230 1654; x_wconf 83' lang='grc' dir='ltr'>γὰρ</span> <span class='ocrx_word' id='word_1_107' title='bbox 1261 1581 1505 1653; x_wconf 83' lang='grc' dir='ltr'>μαλακὴν</span> <span class='ocrx_word' id='word_1_108' title='bbox 1536 1580 1672 1654; x_wconf 83' lang='grc' dir='ltr'>εῦρῃ</span> <span class='ocrx_word' id='word_1_109' title='bbox 1698 1583 1791 1635; x_wconf 75' lang='grc' dir='ltr'>καὶ</span> <span class='ocrx_word' id='word_1_110' title='bbox 1816 1581 2011 1651; x_wconf 89' lang='grc' dir='ltr'>χαῦνον</span> <span class='ocrx_word' id='word_1_111' title='bbox 2036 1581 2101 1634; x_wconf 81' lang='grc' dir='ltr'>τὰ</span> 
     </span>
    </p>
   </div>
   <div class='ocr_carea' id='block_1_15' title="bbox 526 1666 2104 1739">
    <p class='ocr_par' dir='ltr' id='par_1_15' title="bbox 526 1666 2104 1739">
     <span class='ocr_line' id='line_1_15' title="bbox 526 1666 2104 1739; baseline -0.001 -18"><span class='ocrx_word' id='word_1_112' title='bbox 526 1667 678 1739; x_wconf 79' lang='grc' dir='ltr'>παρά</span> <span class='ocrx_word' id='word_1_113' title='bbox 716 1666 809 1721; x_wconf 90' lang='grc' dir='ltr'>τοῦ</span> <span class='ocrx_word' id='word_1_114' title='bbox 844 1666 1089 1720; x_wconf 85' lang='grc' dir='ltr'>διαϐόλου</span> <span class='ocrx_word' id='word_1_115' title='bbox 1139 1669 1466 1737; x_wconf 83' lang='grc' dir='ltr'>πεμπόμενα</span> <span class='ocrx_word' id='word_1_116' title='bbox 1502 1666 1630 1737; x_wconf 80' lang='grc' dir='ltr'>βέλη</span> <span class='ocrx_word' id='word_1_117' title='bbox 1657 1705 1671 1726; x_wconf 93' lang='grc'>,</span> <span class='ocrx_word' id='word_1_118' title='bbox 1707 1666 1976 1719; x_wconf 82' lang='grc' dir='ltr'>διαδύεται</span> <span class='ocrx_word' id='word_1_119' title='bbox 2025 1668 2104 1729; x_wconf 90' lang='grc' dir='ltr'>εἰς</span> 
     </span>
    </p>
   </div>
   <div class='ocr_carea' id='block_1_16' title="bbox 524 1749 2102 1822">
    <p class='ocr_par' dir='ltr' id='par_1_16' title="bbox 524 1749 2102 1822">
     <span class='ocr_line' id='line_1_16' title="bbox 524 1749 2102 1822; baseline -0.001 -20"><span class='ocrx_word' id='word_1_120' title='bbox 524 1751 586 1803; x_wconf 73' lang='grc' dir='ltr'>τὸ</span> <span class='ocrx_word' id='word_1_121' title='bbox 617 1750 775 1822; x_wconf 80' lang='grc' dir='ltr'>βάθος</span> <span class='ocrx_word' id='word_1_122' title='bbox 796 1768 807 1781; x_wconf 88' lang='grc'>·</span> <span class='ocrx_word' id='word_1_123' title='bbox 842 1749 938 1803; x_wconf 67' lang='grc' dir='ltr'>ἐὰν</span> <span class='ocrx_word' id='word_1_124' title='bbox 976 1750 1032 1803; x_wconf 79' lang='grc' dir='ltr'>δὲ</span> <span class='ocrx_word' id='word_1_125' title='bbox 1066 1750 1307 1820; x_wconf 75' lang='grc' dir='ltr'>σκληρὰν</span> <span class='ocrx_word' id='word_1_126' title='bbox 1333 1749 1424 1802; x_wconf 72' lang='grc' dir='ltr'>καὶ</span> <span class='ocrx_word' id='word_1_127' title='bbox 1456 1749 1825 1819; x_wconf 81' lang='grc' dir='ltr'>ἰσχυροτέραν,</span> <span class='ocrx_word' id='word_1_128' title='bbox 1863 1749 2020 1811; x_wconf 86' lang='grc' dir='ltr'>αὐτός</span> <span class='ocrx_word' id='word_1_129' title='bbox 2044 1767 2102 1801; x_wconf 88' lang='grc' dir='ltr'>τε</span> 
     </span>
    </p>
   </div>
   <div class='ocr_carea' id='block_1_17' title="bbox 526 1832 2104 1904">
    <p class='ocr_par' dir='ltr' id='par_1_17' title="bbox 526 1832 2104 1904">
     <span class='ocr_line' id='line_1_17' title="bbox 526 1832 2104 1904; baseline -0.001 -17"><span class='ocrx_word' id='word_1_130' title='bbox 526 1836 805 1904; x_wconf 81' lang='grc' dir='ltr'>ἄπρακτος</span> <span class='ocrx_word' id='word_1_131' title='bbox 837 1834 1053 1894; x_wconf 79' lang='grc' dir='ltr'>ἄπεισι,</span> <span class='ocrx_word' id='word_1_132' title='bbox 1094 1832 1187 1885; x_wconf 71' lang='grc' dir='ltr'>καὶ</span> <span class='ocrx_word' id='word_1_133' title='bbox 1233 1833 1313 1894; x_wconf 88' lang='grc' dir='ltr'>είς</span> <span class='ocrx_word' id='word_1_134' title='bbox 1367 1832 1569 1899; x_wconf 86' lang='grc' dir='ltr'>ταύτην</span> <span class='ocrx_word' id='word_1_135' title='bbox 1611 1832 1760 1885; x_wconf 85' lang='grc' dir='ltr'>οὐδὲν</span> <span class='ocrx_word' id='word_1_136' title='bbox 1813 1832 2104 1903; x_wconf 76' lang='grc' dir='ltr'>εἰργάσατο</span> 
     </span>
    </p>
   </div>
   <div class='ocr_carea' id='block_1_18' title="bbox 526 1914 2125 1987">
    <p class='ocr_par' dir='ltr' id='par_1_18' title="bbox 526 1914 2125 1987">
     <span class='ocr_line' id='line_1_18' title="bbox 526 1914 2125 1987; baseline 0.001 -18"><span class='ocrx_word' id='word_1_137' title='bbox 526 1917 696 1971; x_wconf 89' lang='grc' dir='ltr'>δεινόν</span> <span class='ocrx_word' id='word_1_138' title='bbox 719 1933 734 1948; x_wconf 93' lang='grc'>·</span> <span class='ocrx_word' id='word_1_139' title='bbox 770 1918 864 1970; x_wconf 72' lang='grc' dir='ltr'>καὶ</span> <span class='ocrx_word' id='word_1_140' title='bbox 895 1916 989 1969; x_wconf 93' lang='grc' dir='ltr'>δύο</span> <span class='ocrx_word' id='word_1_141' title='bbox 1018 1914 1223 1981; x_wconf 88' lang='grc' dir='ltr'>γίνεται</span> <span class='ocrx_word' id='word_1_142' title='bbox 1256 1914 1422 1987; x_wconf 92' lang='grc' dir='ltr'>κέρδη</span> <span class='ocrx_word' id='word_1_143' title='bbox 1442 1957 1455 1977; x_wconf 93' lang='grc'>,</span> <span class='ocrx_word' id='word_1_144' title='bbox 1490 1914 1687 1984; x_wconf 84' lang='grc' dir='ltr'>μᾶλλον</span> <span class='ocrx_word' id='word_1_145' title='bbox 1723 1915 1780 1969; x_wconf 78' lang='grc' dir='ltr'>δὲ</span> <span class='ocrx_word' id='word_1_146' title='bbox 1815 1917 1908 1969; x_wconf 75' lang='grc' dir='ltr'>καὶ</span> <span class='ocrx_word' id='word_1_147' title='bbox 1936 1916 2061 1987; x_wconf 83' lang='grc' dir='ltr'>τρία</span> <span class='ocrx_word' id='word_1_148' title='bbox 2086 1932 2125 1947; x_wconf 77' lang='grc'>·’</span> 
     </span>
    </p>
   </div>
   <div class='ocr_carea' id='block_1_19' title="bbox 529 1996 2102 2070">
    <p class='ocr_par' dir='ltr' id='par_1_19' title="bbox 529 1996 2102 2070">
     <span class='ocr_line' id='line_1_19' title="bbox 529 1996 2102 2070; baseline -0.002 -17"><span class='ocrx_word' id='word_1_149' title='bbox 529 2001 699 2070; x_wconf 82' lang='grc' dir='ltr'>αὐτήν</span> <span class='ocrx_word' id='word_1_150' title='bbox 748 2017 807 2052; x_wconf 89' lang='grc' dir='ltr'>τε</span> <span class='ocrx_word' id='word_1_151' title='bbox 839 1999 947 2069; x_wconf 84' lang='lat'>7&amp;9</span> <span class='ocrx_word' id='word_1_152' title='bbox 976 1997 1127 2051; x_wconf 85' lang='grc' dir='ltr'>οὐδὲν</span> <span class='ocrx_word' id='word_1_153' title='bbox 1154 1996 1405 2066; x_wconf 70' lang='grc' dir='ltr'>ἔϐλαψεν,</span> <span class='ocrx_word' id='word_1_154' title='bbox 1435 1996 1549 2068; x_wconf 81' lang='lat'>[97]</span> <span class='ocrx_word' id='word_1_155' title='bbox 1593 1996 1728 2050; x_wconf 90' lang='grc' dir='ltr'>ἀλλά</span> <span class='ocrx_word' id='word_1_156' title='bbox 1766 1999 1860 2050; x_wconf 74' lang='grc' dir='ltr'>καί</span> <span class='ocrx_word' id='word_1_157' title='bbox 1889 1999 2102 2068; x_wconf 82' lang='grc' dir='ltr'>ἰσχυρο-</span> 
     </span>
    </p>
   </div>
   <div class='ocr_carea' id='block_1_20' title="bbox 528 2079 2103 2152">
    <p class='ocr_par' dir='ltr' id='par_1_20' title="bbox 528 2079 2103 2152">
     <span class='ocr_line' id='line_1_20' title="bbox 528 2079 2103 2152; baseline -0.001 -17"><span class='ocrx_word' id='word_1_158' title='bbox 528 2083 693 2152; x_wconf 86' lang='grc' dir='ltr'>τέραν</span> <span class='ocrx_word' id='word_1_159' title='bbox 713 2082 965 2151; x_wconf 78' lang='grc' dir='ltr'>ἐποίησεν</span> <span class='ocrx_word' id='word_1_160' title='bbox 986 2122 1001 2146; x_wconf 94' lang='grc'>,</span> <span class='ocrx_word' id='word_1_161' title='bbox 1033 2079 1194 2143; x_wconf 90' lang='grc' dir='ltr'>αὐτός</span> <span class='ocrx_word' id='word_1_162' title='bbox 1225 2096 1284 2131; x_wconf 91' lang='grc' dir='ltr'>τε</span> <span class='ocrx_word' id='word_1_163' title='bbox 1310 2079 1696 2150; x_wconf 85' lang='grc' dir='ltr'>ἀσθενέστερος</span> <span class='ocrx_word' id='word_1_164' title='bbox 1735 2080 1981 2134; x_wconf 79' lang='grc' dir='ltr'>ἐντεῦθεν</span> <span class='ocrx_word' id='word_1_165' title='bbox 2010 2080 2103 2148; x_wconf 87' lang='grc' dir='ltr'>γέ-</span> 
     </span>
    </p>
   </div>
   <div class='ocr_carea' id='block_1_21' title="bbox 528 2160 2100 2232">
    <p class='ocr_par' dir='ltr' id='par_1_21' title="bbox 528 2160 2100 2232">
     <span class='ocr_line' id='line_1_21' title="bbox 528 2160 2100 2232; baseline -0.001 -15"><span class='ocrx_word' id='word_1_166' title='bbox 528 2181 672 2232; x_wconf 87' lang='grc' dir='ltr'>γονε.</span> <span class='ocrx_word' id='word_1_167' title='bbox 697 2163 891 2217; x_wconf 86' lang='grc' dir='ltr'>Σκόπει</span> <span class='ocrx_word' id='word_1_168' title='bbox 917 2162 973 2215; x_wconf 71' lang='grc' dir='ltr'>δὲ</span> <span class='ocrx_word' id='word_1_169' title='bbox 999 2162 1116 2224; x_wconf 88' lang='grc' dir='ltr'>πῶς</span> <span class='ocrx_word' id='word_1_170' title='bbox 1143 2160 1503 2232; x_wconf 85' lang='grc' dir='ltr'>ἀνακηρύττει</span> <span class='ocrx_word' id='word_1_171' title='bbox 1530 2162 1623 2214; x_wconf 89' lang='grc' dir='ltr'>τοῦ</span> <span class='ocrx_word' id='word_1_172' title='bbox 1644 2161 1778 2215; x_wconf 86' lang='grc' dir='ltr'>Θεοῦ</span> <span class='ocrx_word' id='word_1_173' title='bbox 1798 2163 1897 2232; x_wconf 79' lang='grc' dir='ltr'>τὴν</span> <span class='ocrx_word' id='word_1_174' title='bbox 1931 2163 2100 2232; x_wconf 89' lang='grc' dir='ltr'>ἰσχύν.</span> 
     </span>
    </p>
   </div>
   <div class='ocr_carea' id='block_1_22' title="bbox 544 2244 2103 2314">
    <p class='ocr_par' dir='ltr' id='par_1_22' title="bbox 544 2244 2103 2314">
     <span class='ocr_line' id='line_1_22' title="bbox 544 2244 2103 2314; baseline -0.002 -13"><span class='ocrx_word' id='word_1_175' title='bbox 544 2246 994 2311; x_wconf 82' lang='grc' dir='ltr'>Ἀσθενήσουσι,</span> <span class='ocrx_word' id='word_1_176' title='bbox 1025 2245 1179 2314; x_wconf 72' lang='grc' dir='ltr'>φησὶ,</span> <span class='ocrx_word' id='word_1_177' title='bbox 1202 2244 1299 2298; x_wconf 78' lang='grc' dir='ltr'>καὶ</span> <span class='ocrx_word' id='word_1_178' title='bbox 1340 2244 1710 2299; x_wconf 77' lang='grc' dir='ltr'>ἀπολοῦνται</span> <span class='ocrx_word' id='word_1_179' title='bbox 1765 2246 1884 2299; x_wconf 77' lang='grc' dir='ltr'>ἀπὸ</span> <span class='ocrx_word' id='word_1_180' title='bbox 1916 2260 2103 2312; x_wconf 86' lang='grc' dir='ltr'>προσ-</span> 
     </span>
    </p>
   </div>
   <div class='ocr_carea' id='block_1_23' title="bbox 530 2329 2106 2401">
    <p class='ocr_par' dir='ltr' id='par_1_23' title="bbox 530 2329 2106 2401">
     <span class='ocr_line' id='line_1_23' title="bbox 530 2329 2106 2401; baseline -0.001 -16"><span class='ocrx_word' id='word_1_181' title='bbox 530 2334 696 2387; x_wconf 81' lang='grc' dir='ltr'>ώπου</span> <span class='ocrx_word' id='word_1_182' title='bbox 719 2348 856 2386; x_wconf 90' lang='grc' dir='ltr'>σου.</span> <span class='ocrx_word' id='word_1_183' title='bbox 875 2331 1042 2385; x_wconf 86' lang='grc' dir='ltr'>Πάλιν</span> <span class='ocrx_word' id='word_1_184' title='bbox 1063 2331 1350 2401; x_wconf 79' lang='grc' dir='ltr'>πρόσωπον</span> <span class='ocrx_word' id='word_1_185' title='bbox 1366 2329 1596 2394; x_wconf 88' lang='grc' dir='ltr'>ἀκούων,</span> <span class='ocrx_word' id='word_1_186' title='bbox 1619 2331 1781 2401; x_wconf 83' lang='grc' dir='ltr'>μηδὲν</span> <span class='ocrx_word' id='word_1_187' title='bbox 1799 2330 2106 2401; x_wconf 76' lang='grc' dir='ltr'>σωματικὸν</span> 
     </span>
    </p>
   </div>
   <div class='ocr_carea' id='block_1_24' title="bbox 532 2413 2106 2487">
    <p class='ocr_par' dir='ltr' id='par_1_24' title="bbox 532 2413 2106 2487">
     <span class='ocr_line' id='line_1_24' title="bbox 532 2413 2106 2487; baseline -0.003 -18"><span class='ocrx_word' id='word_1_188' title='bbox 532 2415 897 2487; x_wconf 80' lang='grc' dir='ltr'>ὑποπτεύσῃς.</span> <span class='ocrx_word' id='word_1_189' title='bbox 946 2414 1210 2467; x_wconf 80' lang='grc' dir='ltr'>Ἐνταῦθα</span> <span class='ocrx_word' id='word_1_190' title='bbox 1237 2414 1344 2484; x_wconf 84' lang='grc' dir='ltr'>γὰρ</span> <span class='ocrx_word' id='word_1_191' title='bbox 1372 2413 1470 2483; x_wconf 84' lang='grc' dir='ltr'>τὴν</span> <span class='ocrx_word' id='word_1_192' title='bbox 1522 2414 1797 2484; x_wconf 78' lang='grc' dir='ltr'>ἐνέργειαν</span> <span class='ocrx_word' id='word_1_193' title='bbox 1821 2456 1835 2474; x_wconf 84' lang='grc'>,</span> <span class='ocrx_word' id='word_1_194' title='bbox 1865 2415 1964 2484; x_wconf 83' lang='grc' dir='ltr'>τὴν</span> <span class='ocrx_word' id='word_1_195' title='bbox 1989 2415 2106 2466; x_wconf 77' lang='grc' dir='ltr'>ἐπι-</span> 
     </span>
    </p>
   </div>
   <div class='ocr_carea' id='block_1_25' title="bbox 532 2499 2103 2570">
    <p class='ocr_par' dir='ltr' id='par_1_25' title="bbox 532 2499 2103 2570">
     <span class='ocr_line' id='line_1_25' title="bbox 532 2499 2103 2570; baseline -0.003 -13"><span class='ocrx_word' id='word_1_196' title='bbox 532 2503 761 2569; x_wconf 78' lang='grc' dir='ltr'>φάνειαν</span> <span class='ocrx_word' id='word_1_197' title='bbox 785 2501 949 2554; x_wconf 86' lang='grc' dir='ltr'>αὐτοῦ</span> <span class='ocrx_word' id='word_1_198' title='bbox 972 2500 1139 2569; x_wconf 87' lang='grc' dir='ltr'>δηλοῖ,</span> <span class='ocrx_word' id='word_1_199' title='bbox 1170 2500 1268 2569; x_wconf 85' lang='grc' dir='ltr'>τὴν</span> <span class='ocrx_word' id='word_1_200' title='bbox 1289 2499 1537 2552; x_wconf 86' lang='grc' dir='ltr'>εὐκολίαν</span> <span class='ocrx_word' id='word_1_201' title='bbox 1569 2499 1732 2552; x_wconf 89' lang='grc' dir='ltr'>αὐτοῦ</span> <span class='ocrx_word' id='word_1_202' title='bbox 1766 2499 1863 2568; x_wconf 85' lang='grc' dir='ltr'>τῆς</span> <span class='ocrx_word' id='word_1_203' title='bbox 1904 2499 2103 2570; x_wconf 77' lang='grc' dir='ltr'>ἰσχύος.</span> 
     </span>
    </p>
   </div>
   <div class='ocr_carea' id='block_1_26' title="bbox 544 2582 2107 2653">
    <p class='ocr_par' dir='ltr' id='par_1_26' title="bbox 544 2582 2107 2653">
     <span class='ocr_line' id='line_1_26' title="bbox 544 2582 2107 2653; baseline -0.001 -15"><span class='ocrx_word' id='word_1_204' title='bbox 544 2584 634 2649; x_wconf 84' lang='grc' dir='ltr'>Ὠς</span> <span class='ocrx_word' id='word_1_205' title='bbox 657 2582 888 2653; x_wconf 82' lang='grc' dir='ltr'>ἀλλαχοῦ</span> <span class='ocrx_word' id='word_1_206' title='bbox 924 2599 1086 2652; x_wconf 88' lang='grc' dir='ltr'>φησιν</span> <span class='ocrx_word' id='word_1_207' title='bbox 1106 2600 1118 2612; x_wconf 95' lang='grc'>·</span> <span class='ocrx_word' id='word_1_208' title='bbox 1163 2583 1215 2634; x_wconf 90' lang='grc' dir='ltr'><em>Ὀ</em></span> <span class='ocrx_word' id='word_1_209' title='bbox 1245 2583 1580 2636; x_wconf 80' lang='grc' dir='ltr'>ἐπιϐλέπων</span> <span class='ocrx_word' id='word_1_210' title='bbox 1598 2582 1695 2636; x_wconf 79' lang='grc' dir='ltr'>ἐπὶ</span> <span class='ocrx_word' id='word_1_211' title='bbox 1720 2582 1833 2649; x_wconf 79' lang='grc' dir='ltr'>τὴν</span> <span class='ocrx_word' id='word_1_212' title='bbox 1861 2583 1992 2653; x_wconf 75' lang='grc' dir='ltr'>γῆν,</span> <span class='ocrx_word' id='word_1_213' title='bbox 2011 2584 2107 2638; x_wconf 79' lang='grc' dir='ltr'>καὶ</span> 
     </span>
    </p>
   </div>
   <div class='ocr_carea' id='block_1_27' title="bbox 534 2664 2108 2736">
    <p class='ocr_par' dir='ltr' id='par_1_27' title="bbox 534 2664 2108 2736">
     <span class='ocr_line' id='line_1_27' title="bbox 534 2664 2108 2736; baseline -0.001 -15"><span class='ocrx_word' id='word_1_214' title='bbox 534 2664 724 2721; x_wconf 86' lang='grc' dir='ltr'>ποιῶν</span> <span class='ocrx_word' id='word_1_215' title='bbox 742 2664 936 2725; x_wconf 75' lang='grc' dir='ltr'>αὐτὴν</span> <span class='ocrx_word' id='word_1_216' title='bbox 963 2664 1225 2734; x_wconf 77' lang='grc' dir='ltr'>τρέμειν·</span> <span class='ocrx_word' id='word_1_217' title='bbox 1259 2664 1399 2719; x_wconf 87' lang='grc' dir='ltr'>οῦτω</span> <span class='ocrx_word' id='word_1_218' title='bbox 1427 2664 1490 2736; x_wconf 84' lang='grc' dir='ltr'>δὴ</span> <span class='ocrx_word' id='word_1_219' title='bbox 1516 2666 1609 2719; x_wconf 75' lang='grc' dir='ltr'>καὶ</span> <span class='ocrx_word' id='word_1_220' title='bbox 1634 2666 1868 2719; x_wconf 79' lang='grc' dir='ltr'>ἐνταῦθα</span> <span class='ocrx_word' id='word_1_221' title='bbox 1897 2666 1957 2718; x_wconf 87' lang='grc' dir='ltr'>τὸ</span> <span class='ocrx_word' id='word_1_222' title='bbox 1980 2668 2108 2720; x_wconf 88' lang='grc' dir='ltr'>αὐτό</span> 
     </span>
    </p>
   </div>
   <div class='ocr_carea' id='block_1_28' title="bbox 533 2747 2109 2823">
    <p class='ocr_par' dir='ltr' id='par_1_28' title="bbox 533 2747 2109 2823">
     <span class='ocr_line' id='line_1_28' title="bbox 533 2747 2109 2823; baseline 0 -21"><span class='ocrx_word' id='word_1_223' title='bbox 533 2767 722 2823; x_wconf 88' lang='grc' dir='ltr'>φησιν.</span> <span class='ocrx_word' id='word_1_224' title='bbox 758 2750 944 2820; x_wconf 84' lang='grc' dir='ltr'>’Λρκεῖ</span> <span class='ocrx_word' id='word_1_225' title='bbox 975 2748 1083 2819; x_wconf 81' lang='grc' dir='ltr'>γὰρ</span> <span class='ocrx_word' id='word_1_226' title='bbox 1117 2747 1252 2818; x_wconf 89' lang='grc' dir='ltr'>μόνη</span> <span class='ocrx_word' id='word_1_227' title='bbox 1303 2750 1335 2819; x_wconf 82' lang='grc' dir='ltr'><strong>ἡ</strong></span> <span class='ocrx_word' id='word_1_228' title='bbox 1390 2749 1653 2802; x_wconf 79' lang='grc' dir='ltr'>ἐποπτεία</span> <span class='ocrx_word' id='word_1_229' title='bbox 1689 2749 1949 2802; x_wconf 76' lang='grc' dir='ltr'>ἀπολέσαι</span> <span class='ocrx_word' id='word_1_230' title='bbox 1982 2751 2109 2813; x_wconf 64' lang='grc' dir='ltr'>τοὺς</span> 
     </span>
    </p>
   </div>
   <div class='ocr_carea' id='block_1_29' title="bbox 534 2831 2109 2903">
    <p class='ocr_par' dir='ltr' id='par_1_29' title="bbox 534 2831 2109 2903">
     <span class='ocr_line' id='line_1_29' title="bbox 534 2831 2109 2903; baseline -0.003 -17"><span class='ocrx_word' id='word_1_231' title='bbox 534 2833 824 2903; x_wconf 79' lang='grc' dir='ltr'>πονηρούς.</span> <span class='ocrx_word' id='word_1_232' title='bbox 864 2831 923 2885; x_wconf 83' lang='grc' dir='ltr'>Εἰ</span> <span class='ocrx_word' id='word_1_233' title='bbox 967 2831 1076 2902; x_wconf 85' lang='grc' dir='ltr'>γὰρ</span> <span class='ocrx_word' id='word_1_234' title='bbox 1110 2831 1279 2900; x_wconf 80' lang='grc' dir='ltr'>ἁγίων</span> <span class='ocrx_word' id='word_1_235' title='bbox 1313 2831 1584 2901; x_wconf 83' lang='grc' dir='ltr'>παρουσία</span> <span class='ocrx_word' id='word_1_236' title='bbox 1615 2831 1813 2901; x_wconf 84' lang='grc' dir='ltr'>ἀσθενῆ</span> <span class='ocrx_word' id='word_1_237' title='bbox 1843 2833 2109 2903; x_wconf 82' lang='grc' dir='ltr'>δαιμόνων</span> 
     </span>
    </p>
   </div>
   <div class='ocr_carea' id='block_1_30' title="bbox 535 2912 2110 2986">
    <p class='ocr_par' dir='ltr' id='par_1_30' title="bbox 535 2912 2110 2986">
     <span class='ocr_line' id='line_1_30' title="bbox 535 2912 2110 2986; baseline -0.003 -15"><span class='ocrx_word' id='word_1_238' title='bbox 535 2918 679 2971; x_wconf 84' lang='grc' dir='ltr'>ποιεῖ</span> <span class='ocrx_word' id='word_1_239' title='bbox 707 2914 805 2986; x_wconf 84' lang='grc' dir='ltr'>τὴν</span> <span class='ocrx_word' id='word_1_240' title='bbox 840 2915 989 2985; x_wconf 76' lang='grc' dir='ltr'>ἰσχὺν</span> <span class='ocrx_word' id='word_1_241' title='bbox 1011 2953 1025 2976; x_wconf 93' lang='grc'>,</span> <span class='ocrx_word' id='word_1_242' title='bbox 1066 2912 1242 2982; x_wconf 79' lang='grc' dir='ltr'>πολλῷ</span> <span class='ocrx_word' id='word_1_243' title='bbox 1291 2912 1488 2982; x_wconf 85' lang='grc' dir='ltr'>μᾶλλον</span> <span class='ocrx_word' id='word_1_244' title='bbox 1517 2912 1673 2969; x_wconf 87' lang='grc' dir='ltr'>Θεοῦ.</span> <span class='ocrx_word' id='word_1_245' title='bbox 1698 2915 1760 2967; x_wconf 84' lang='grc' dir='ltr'>Εἰ</span> <span class='ocrx_word' id='word_1_246' title='bbox 1789 2914 1822 2985; x_wconf 82' lang='grc' dir='ltr'>ἡ</span> <span class='ocrx_word' id='word_1_247' title='bbox 1856 2914 2110 2984; x_wconf 83' lang='grc' dir='ltr'>ἀστραπὴ</span> 
     </span>
    </p>
   </div>
   <div class='ocr_carea' id='block_1_31' title="bbox 535 2996 2111 3069">
    <p class='ocr_par' dir='ltr' id='par_1_31' title="bbox 535 2996 2111 3069">
     <span class='ocr_line' id='line_1_31' title="bbox 535 2996 2111 3069; baseline -0.003 -14"><span class='ocrx_word' id='word_1_248' title='bbox 535 2998 697 3055; x_wconf 88' lang='grc' dir='ltr'>αὐτοῦ</span> <span class='ocrx_word' id='word_1_249' title='bbox 731 2999 1028 3069; x_wconf 80' lang='grc' dir='ltr'>φαινομένη</span> <span class='ocrx_word' id='word_1_250' title='bbox 1057 2996 1424 3067; x_wconf 85' lang='grc' dir='ltr'>καταπλήττει</span> <span class='ocrx_word' id='word_1_251' title='bbox 1457 2996 1664 3060; x_wconf 81' lang='grc' dir='ltr'>πάντας</span> <span class='ocrx_word' id='word_1_252' title='bbox 1684 3038 1697 3061; x_wconf 93' lang='grc'>,</span> <span class='ocrx_word' id='word_1_253' title='bbox 1728 2997 1979 3068; x_wconf 84' lang='grc' dir='ltr'>ἐννόησον</span> <span class='ocrx_word' id='word_1_254' title='bbox 2013 2998 2111 3068; x_wconf 79' lang='grc' dir='ltr'>τὴν</span> 
     </span>
    </p>
   </div>
   <div class='ocr_carea' id='block_1_32' title="bbox 533 3079 2106 3153">
    <p class='ocr_par' dir='ltr' id='par_1_32' title="bbox 533 3079 2106 3153">
     <span class='ocr_line' id='line_1_32' title="bbox 533 3079 2106 3153; baseline -0.003 -15"><span class='ocrx_word' id='word_1_255' title='bbox 533 3083 762 3153; x_wconf 82' lang='grc' dir='ltr'>δύναμιν</span> <span class='ocrx_word' id='word_1_256' title='bbox 811 3081 910 3152; x_wconf 75' lang='grc' dir='ltr'>τὴν</span> <span class='ocrx_word' id='word_1_257' title='bbox 959 3079 1261 3150; x_wconf 83' lang='grc' dir='ltr'>ἀνώλεθρον</span> <span class='ocrx_word' id='word_1_258' title='bbox 1295 3079 1530 3148; x_wconf 81' lang='grc' dir='ltr'>ἐκείνην,</span> <span class='ocrx_word' id='word_1_259' title='bbox 1567 3079 1684 3143; x_wconf 87' lang='grc' dir='ltr'>πῶς</span> <span class='ocrx_word' id='word_1_260' title='bbox 1720 3081 2106 3152; x_wconf 84' lang='grc' dir='ltr'>καταπλήττει,</span> 
     </span>
    </p>
   </div>
   <div class='ocr_carea' id='block_1_33' title="bbox 536 3158 2110 3233">
    <p class='ocr_par' dir='ltr' id='par_1_33' title="bbox 536 3158 2110 3233">
     <span class='ocr_line' id='line_1_33' title="bbox 536 3158 2110 3233; baseline -0.003 -14"><span class='ocrx_word' id='word_1_261' title='bbox 536 3166 654 3230; x_wconf 87' lang='grc' dir='ltr'>πῶς</span> <span class='ocrx_word' id='word_1_262' title='bbox 691 3163 952 3218; x_wconf 87' lang='grc' dir='ltr'>ἀπόλλυσι</span> <span class='ocrx_word' id='word_1_263' title='bbox 990 3164 1115 3224; x_wconf 80' lang='grc' dir='ltr'>τούς</span> <span class='ocrx_word' id='word_1_264' title='bbox 1165 3161 1428 3231; x_wconf 86' lang='grc' dir='ltr'>πονηρούς</span> <span class='ocrx_word' id='word_1_265' title='bbox 1456 3174 1500 3213; x_wconf 79' lang='grc' dir='ltr'>ιι.</span> <span class='ocrx_word' id='word_1_266' title='bbox 1535 3158 1685 3225; x_wconf 80' lang='grc' dir='ltr'>Εἶδες</span> <span class='ocrx_word' id='word_1_267' title='bbox 1719 3161 1901 3233; x_wconf 78' lang='grc' dir='ltr'>ὓμνων</span> <span class='ocrx_word' id='word_1_268' title='bbox 1938 3159 2110 3229; x_wconf 80' lang='grc' dir='ltr'>εἷδος;</span> 
     </span>
    </p>
   </div>
   <div class='ocr_carea' id='block_1_34' title="bbox 536 3242 2114 3315">
    <p class='ocr_par' dir='ltr' id='par_1_34' title="bbox 536 3242 2114 3315">
     <span class='ocr_line' id='line_1_34' title="bbox 536 3242 2114 3315; baseline -0.003 -12"><span class='ocrx_word' id='word_1_269' title='bbox 536 3246 676 3312; x_wconf 79' lang='grc' dir='ltr'>εἶδες</span> <span class='ocrx_word' id='word_1_270' title='bbox 700 3246 1008 3314; x_wconf 79' lang='grc' dir='ltr'>δοξολογίας</span> <span class='ocrx_word' id='word_1_271' title='bbox 1044 3244 1262 3315; x_wconf 86' lang='grc' dir='ltr'>τρόπον,</span> <span class='ocrx_word' id='word_1_272' title='bbox 1290 3243 1382 3296; x_wconf 62' lang='grc' dir='ltr'>καὶ⁵</span> <span class='ocrx_word' id='word_1_273' title='bbox 1410 3242 1526 3306; x_wconf 87' lang='grc' dir='ltr'>πῶς</span> <span class='ocrx_word' id='word_1_274' title='bbox 1556 3246 1682 3314; x_wconf 69' lang='grc' dir='ltr'>περὶ</span> <span class='ocrx_word' id='word_1_275' title='bbox 1708 3245 1805 3315; x_wconf 89' lang='grc' dir='ltr'>τῆς</span> <span class='ocrx_word' id='word_1_276' title='bbox 1833 3245 2114 3315; x_wconf 86' lang='grc' dir='ltr'>δυνάμεως</span> 
     </span>
    </p>
   </div>
   <div class='ocr_carea' id='block_1_35' title="bbox 537 3326 2113 3399">
    <p class='ocr_par' dir='ltr' id='par_1_35' title="bbox 537 3326 2113 3399">
     <span class='ocr_line' id='line_1_35' title="bbox 537 3326 2113 3399; baseline -0.001 -15"><span class='ocrx_word' id='word_1_277' title='bbox 537 3331 703 3385; x_wconf 83' lang='grc' dir='ltr'>αὐτοῦ</span> <span class='ocrx_word' id='word_1_278' title='bbox 732 3331 1029 3399; x_wconf 88' lang='grc' dir='ltr'>διηγεῖται;</span> <span class='ocrx_word' id='word_1_279' title='bbox 1054 3328 1126 3382; x_wconf 89' lang='grc' dir='ltr'>Οὐ</span> <span class='ocrx_word' id='word_1_280' title='bbox 1160 3327 1350 3397; x_wconf 78' lang='grc' dir='ltr'>μικρὸν</span> <span class='ocrx_word' id='word_1_281' title='bbox 1380 3326 1671 3380; x_wconf 80' lang='grc' dir='ltr'>κάντεῦθεν</span> <span class='ocrx_word' id='word_1_282' title='bbox 1699 3328 1938 3381; x_wconf 75' lang='grc' dir='ltr'>παιδεύει</span> <span class='ocrx_word' id='word_1_283' title='bbox 1965 3328 2113 3396; x_wconf 86' lang='grc' dir='ltr'>φιλο-</span> 
     </span>
    </p>
   </div>
   <div class='ocr_carea' id='block_1_36' title="bbox 540 3408 2110 3482">
    <p class='ocr_par' dir='ltr' id='par_1_36' title="bbox 540 3408 2110 3482">
     <span class='ocr_line' id='line_1_36' title="bbox 540 3408 2110 3482; baseline -0.004 -15"><span class='ocrx_word' id='word_1_284' title='bbox 540 3415 730 3481; x_wconf 83' lang='grc' dir='ltr'>σοφίας</span> <span class='ocrx_word' id='word_1_285' title='bbox 757 3412 932 3482; x_wconf 72' lang='grc' dir='ltr'>δόγμα</span> <span class='ocrx_word' id='word_1_286' title='bbox 956 3450 969 3473; x_wconf 92' lang='grc'>,</span> <span class='ocrx_word' id='word_1_287' title='bbox 1002 3409 1078 3480; x_wconf 82' lang='grc' dir='ltr'>τῷ</span> <span class='ocrx_word' id='word_1_288' title='bbox 1123 3412 1328 3473; x_wconf 84' lang='grc' dir='ltr'>είπεῖν,</span> <span class='ocrx_word' id='word_1_289' title='bbox 1360 3408 1542 3463; x_wconf 78' lang='grc' dir='ltr'>Ψαλῶ</span> <span class='ocrx_word' id='word_1_290' title='bbox 1579 3409 1659 3475; x_wconf 83' lang='grc' dir='ltr'>τῷ</span> <span class='ocrx_word' id='word_1_291' title='bbox 1688 3412 1930 3480; x_wconf 70' lang='grc' dir='ltr'>τ’νόματί</span> <span class='ocrx_word' id='word_1_292' title='bbox 1974 3428 2110 3476; x_wconf 83' lang='grc' dir='ltr'>σου,</span> 
     </span>
    </p>
   </div>
   <div class='ocr_carea' id='block_1_37' title="bbox 540 3492 2112 3565">
    <p class='ocr_par' dir='ltr' id='par_1_37' title="bbox 540 3492 2112 3565">
     <span class='ocr_line' id='line_1_37' title="bbox 540 3492 2112 3565; baseline -0.001 -16"><span class='ocrx_word' id='word_1_293' title='bbox 540 3498 806 3565; x_wconf 62' lang='grc' dir='ltr'>’Ύψιστελ</span> <span class='ocrx_word' id='word_1_294' title='bbox 825 3497 926 3549; x_wconf 85' lang='grc' dir='ltr'>Ἐν</span> <span class='ocrx_word' id='word_1_295' title='bbox 945 3493 1024 3558; x_wconf 85' lang='grc' dir='ltr'>τῷ</span> <span class='ocrx_word' id='word_1_296' title='bbox 1048 3492 1511 3562; x_wconf 68' lang='grc' dir='ltr'>ἀποστραφῆναι</span> <span class='ocrx_word' id='word_1_297' title='bbox 1536 3495 1643 3547; x_wconf 81' lang='grc' dir='ltr'>τὸν</span> <span class='ocrx_word' id='word_1_298' title='bbox 1663 3494 1881 3563; x_wconf 82' lang='grc' dir='ltr'>ἐχθρόν</span> <span class='ocrx_word' id='word_1_299' title='bbox 1895 3513 2013 3564; x_wconf 87' lang='grc' dir='ltr'>μου</span> <span class='ocrx_word' id='word_1_300' title='bbox 2027 3498 2112 3562; x_wconf 80' lang='grc' dir='ltr'>εὶς</span> 
     </span>
    </p>
   </div>
   <div class='ocr_carea' id='block_1_38' title="bbox 538 3575 2115 3647">
    <p class='ocr_par' dir='ltr' id='par_1_38' title="bbox 538 3575 2115 3647">
     <span class='ocr_line' id='line_1_38' title="bbox 538 3575 2115 3647; baseline -0.002 -15"><span class='ocrx_word' id='word_1_301' title='bbox 538 3579 611 3632; x_wconf 84' lang='grc' dir='ltr'>τὰ</span> <span class='ocrx_word' id='word_1_302' title='bbox 639 3579 850 3631; x_wconf 78' lang='grc' dir='ltr'>ὀπίσω.</span> <span class='ocrx_word' id='word_1_303' title='bbox 876 3578 1033 3631; x_wconf 82' lang='grc' dir='ltr'>Ποῖον</span> <span class='ocrx_word' id='word_1_304' title='bbox 1059 3575 1122 3647; x_wconf 83' lang='grc' dir='ltr'>δὴ</span> <span class='ocrx_word' id='word_1_305' title='bbox 1151 3575 1334 3639; x_wconf 72' lang='grc' dir='ltr'>τοῦ-,ξος</span> <span class='ocrx_word' id='word_1_306' title='bbox 1359 3577 1477 3629; x_wconf 89' lang='grc' dir='ltr'>Ὅτι</span> <span class='ocrx_word' id='word_1_307' title='bbox 1502 3579 1562 3629; x_wconf 92' lang='grc' dir='ltr'>οὐ</span> <span class='ocrx_word' id='word_1_308' title='bbox 1587 3577 1745 3647; x_wconf 89' lang='grc' dir='ltr'>μόνον</span> <span class='ocrx_word' id='word_1_309' title='bbox 1774 3581 1830 3630; x_wconf 84' lang='grc' dir='ltr'>έν</span> <span class='ocrx_word' id='word_1_310' title='bbox 1858 3581 1976 3642; x_wconf 88' lang='grc' dir='ltr'>ταῖς</span> <span class='ocrx_word' id='word_1_311' title='bbox 2004 3577 2115 3631; x_wconf 83' lang='grc' dir='ltr'>θλί-</span> 
     </span>
    </p>
   </div>
   <div class='ocr_carea' id='block_1_39' title="bbox 537 3657 2114 3730">
    <p class='ocr_par' dir='ltr' id='par_1_39' title="bbox 537 3657 2114 3730">
     <span class='ocr_line' id='line_1_39' title="bbox 537 3657 2114 3730; baseline 0.001 -17"><span class='ocrx_word' id='word_1_312' title='bbox 537 3659 695 3730; x_wconf 71' lang='grc' dir='ltr'>ψεσιν</span> <span class='ocrx_word' id='word_1_313' title='bbox 720 3702 734 3725; x_wconf 92' lang='grc'>,</span> <span class='ocrx_word' id='word_1_314' title='bbox 764 3657 896 3712; x_wconf 88' lang='grc' dir='ltr'>ἀλλά</span> <span class='ocrx_word' id='word_1_315' title='bbox 924 3658 1018 3710; x_wconf 74' lang='grc' dir='ltr'>καὶ</span> <span class='ocrx_word' id='word_1_316' title='bbox 1049 3658 1106 3711; x_wconf 82' lang='grc' dir='ltr'>ὲν</span> <span class='ocrx_word' id='word_1_317' title='bbox 1136 3660 1254 3721; x_wconf 85' lang='grc' dir='ltr'>ταῖς</span> <span class='ocrx_word' id='word_1_318' title='bbox 1291 3658 1535 3710; x_wconf 83' lang='grc' dir='ltr'>ἀνέσεσιν</span> <span class='ocrx_word' id='word_1_319' title='bbox 1575 3659 1759 3730; x_wconf 79' lang='grc' dir='ltr'>ἔνηφε.</span> <span class='ocrx_word' id='word_1_320' title='bbox 1792 3660 1983 3713; x_wconf 73' lang='grc' dir='ltr'>Πολλοὶ</span> <span class='ocrx_word' id='word_1_321' title='bbox 2016 3661 2114 3730; x_wconf 86' lang='grc' dir='ltr'>μὲν</span> 
     </span>
    </p>
   </div>
   <div class='ocr_carea' id='block_1_40' title="bbox 539 3738 2115 3815">
    <p class='ocr_par' dir='ltr' id='par_1_40' title="bbox 539 3738 2115 3815">
     <span class='ocr_line' id='line_1_40' title="bbox 539 3738 2115 3815; baseline 0.001 -21"><span class='ocrx_word' id='word_1_322' title='bbox 539 3742 648 3814; x_wconf 82' lang='grc' dir='ltr'>γὰρ</span> <span class='ocrx_word' id='word_1_323' title='bbox 670 3741 774 3794; x_wconf 80' lang='grc' dir='ltr'>ὑπὸ</span> <span class='ocrx_word' id='word_1_324' title='bbox 792 3742 899 3793; x_wconf 87' lang='grc' dir='ltr'>τῶν</span> <span class='ocrx_word' id='word_1_325' title='bbox 927 3738 1110 3793; x_wconf 81' lang='grc' dir='ltr'>κακῶν</span> <span class='ocrx_word' id='word_1_326' title='bbox 1140 3740 1392 3793; x_wconf 72' lang='grc' dir='ltr'>ταπεινοῦ</span> <span class='ocrx_word' id='word_1_327' title='bbox 1403 3758 1572 3812; x_wconf 84' lang='grc' dir='ltr'>μενοι,</span> <span class='ocrx_word' id='word_1_328' title='bbox 1605 3742 2007 3815; x_wconf 88' lang='grc' dir='ltr'>σπουδαιότεροι</span> <span class='ocrx_word' id='word_1_329' title='bbox 2039 3744 2115 3811; x_wconf 87' lang='grc' dir='ltr'>γί-</span> 
     </span>
    </p>
   </div>
   <div class='ocr_carea' id='block_1_41' title="bbox 539 3826 2115 3901">
    <p class='ocr_par' dir='ltr' id='par_1_41' title="bbox 539 3826 2115 3901">
     <span class='ocr_line' id='line_1_41' title="bbox 539 3826 2115 3901; baseline 0.001 -19"><span class='ocrx_word' id='word_1_330' title='bbox 539 3844 720 3882; x_wconf 77' lang='grc' dir='ltr'>νονται</span> <span class='ocrx_word' id='word_1_331' title='bbox 741 3844 754 3858; x_wconf 95' lang='grc'>·</span> <span class='ocrx_word' id='word_1_332' title='bbox 787 3826 891 3881; x_wconf 87' lang='grc' dir='ltr'>ὐπὸ</span> <span class='ocrx_word' id='word_1_333' title='bbox 920 3826 977 3881; x_wconf 80' lang='grc' dir='ltr'>δὲ</span> <span class='ocrx_word' id='word_1_334' title='bbox 997 3826 1103 3879; x_wconf 87' lang='grc' dir='ltr'>τῶν</span> <span class='ocrx_word' id='word_1_335' title='bbox 1141 3827 1380 3895; x_wconf 82' lang='grc' dir='ltr'>ἀγαθῶν,</span> <span class='ocrx_word' id='word_1_336' title='bbox 1418 3827 1772 3901; x_wconf 80' lang='grc' dir='ltr'>ρᾳθυμότεροι</span> <span class='ocrx_word' id='word_1_337' title='bbox 1806 3830 1899 3884; x_wconf 79' lang='grc' dir='ltr'>καὶ</span> <span class='ocrx_word' id='word_1_338' title='bbox 1927 3831 2115 3900; x_wconf 90' lang='grc' dir='ltr'>χαυνό-</span> 
     </span>
    </p>
   </div>
   <div class='ocr_carea' id='block_1_42' title="bbox 537 3913 2115 3989">
    <p class='ocr_par' dir='ltr' id='par_1_42' title="bbox 537 3913 2115 3989">
     <span class='ocr_line' id='line_1_42' title="bbox 537 3913 2115 3989; baseline 0.003 -21"><span class='ocrx_word' id='word_1_339' title='bbox 537 3933 721 3988; x_wconf 85' lang='grc' dir='ltr'>τεροι·</span> <span class='ocrx_word' id='word_1_340' title='bbox 755 3916 785 3969; x_wconf 84' lang='grc' dir='ltr'>δ</span> <span class='ocrx_word' id='word_1_341' title='bbox 830 3916 959 3985; x_wconf 80' lang='grc' dir='ltr'>περὶ</span> <span class='ocrx_word' id='word_1_342' title='bbox 1010 3913 1118 3969; x_wconf 88' lang='grc' dir='ltr'>τῶν</span> <span class='ocrx_word' id='word_1_343' title='bbox 1163 3916 1431 3971; x_wconf 86' lang='grc' dir='ltr'>Ἰουδαίων</span> <span class='ocrx_word' id='word_1_344' title='bbox 1479 3916 1682 3989; x_wconf 86' lang='grc' dir='ltr'>προῖὼν</span> <span class='ocrx_word' id='word_1_345' title='bbox 1714 3918 1892 3987; x_wconf 85' lang='grc' dir='ltr'>λέγει·</span> <span class='ocrx_word' id='word_1_346' title='bbox 1939 3922 2115 3973; x_wconf 86' lang='grc' dir='ltr'>Ὅταν</span> 
     </span>
    </p>
   </div>
   <div class='ocr_carea' id='block_1_43' title="bbox 538 3997 2112 4067">
    <p class='ocr_par' dir='ltr' id='par_1_43' title="bbox 538 3997 2112 4067">
     <span class='ocr_line' id='line_1_43' title="bbox 538 3997 2112 4067; baseline 0.001 -13"><span class='ocrx_word' id='word_1_347' title='bbox 538 3998 891 4054; x_wconf 81' lang='grc' dir='ltr'>ἀπέκτεινεν</span> <span class='ocrx_word' id='word_1_348' title='bbox 924 3998 1178 4065; x_wconf 83' lang='grc' dir='ltr'>αὐτοὺς,</span> <span class='ocrx_word' id='word_1_349' title='bbox 1221 3998 1353 4053; x_wconf 86' lang='grc' dir='ltr'>τότε</span> <span class='ocrx_word' id='word_1_350' title='bbox 1383 3997 1701 4067; x_wconf 74' lang='grc' dir='ltr'>ἐξεζήτουν</span> <span class='ocrx_word' id='word_1_351' title='bbox 1728 4003 1934 4056; x_wconf 82' lang='grc' dir='ltr'>αὐτόν.</span> <span class='ocrx_word' id='word_1_352' title='bbox 1974 4002 2112 4055; x_wconf 69' lang='grc' dir='ltr'>Ἀλλ’</span> 
     </span>
    </p>
   </div>
   <div class='ocr_carea' id='block_1_44' title="bbox 536 4075 2111 4156">
    <p class='ocr_par' dir='ltr' id='par_1_44' title="bbox 536 4075 2111 4156">
     <span class='ocr_line' id='line_1_44' title="bbox 536 4075 2111 4156; baseline 0.002 -20"><span class='ocrx_word' id='word_1_353' title='bbox 536 4084 638 4154; x_wconf 86' lang='grc' dir='ltr'>οὐχ</span> <span class='ocrx_word' id='word_1_354' title='bbox 680 4075 835 4146; x_wconf 72' lang='grc' dir='ltr'>οὗτος</span> <span class='ocrx_word' id='word_1_355' title='bbox 862 4081 1132 4144; x_wconf 88' lang='grc' dir='ltr'>τοιοῦτος·</span> <span class='ocrx_word' id='word_1_356' title='bbox 1176 4082 1309 4136; x_wconf 88' lang='grc' dir='ltr'>ἀλλά</span> <span class='ocrx_word' id='word_1_357' title='bbox 1356 4084 1450 4137; x_wconf 78' lang='grc' dir='ltr'>καὶ</span> <span class='ocrx_word' id='word_1_358' title='bbox 1479 4086 1537 4137; x_wconf 85' lang='grc' dir='ltr'>ἐν</span> <span class='ocrx_word' id='word_1_359' title='bbox 1584 4085 1903 4156; x_wconf 81' lang='grc' dir='ltr'>εὐημερίαις</span> <span class='ocrx_word' id='word_1_360' title='bbox 1932 4087 2111 4156; x_wconf 84' lang='grc' dir='ltr'>νήφει,</span> 
     </span>
    </p>
   </div>
   <div class='ocr_carea' id='block_1_45' title="bbox 539 4165 2110 4238">
    <p class='ocr_par' dir='ltr' id='par_1_45' title="bbox 539 4165 2110 4238">
     <span class='ocr_line' id='line_1_45' title="bbox 539 4165 2110 4238; baseline 0.002 -19"><span class='ocrx_word' id='word_1_361' title='bbox 539 4168 633 4219; x_wconf 77' lang='grc' dir='ltr'>καὶ</span> <span class='ocrx_word' id='word_1_362' title='bbox 663 4165 1024 4238; x_wconf 87' lang='grc' dir='ltr'>διεγήγερται.</span> <span class='ocrx_word' id='word_1_363' title='bbox 1053 4165 1129 4217; x_wconf 89' lang='grc' dir='ltr'>Οὐ</span> <span class='ocrx_word' id='word_1_364' title='bbox 1162 4166 1356 4237; x_wconf 81' lang='grc' dir='ltr'>μικρὸν</span> <span class='ocrx_word' id='word_1_365' title='bbox 1388 4168 1469 4229; x_wconf 85' lang='grc' dir='ltr'>είς</span> <span class='ocrx_word' id='word_1_366' title='bbox 1507 4167 1821 4237; x_wconf 81' lang='grc' dir='ltr'>φιλοσοφίαν</span> <span class='ocrx_word' id='word_1_367' title='bbox 1855 4168 1913 4221; x_wconf 82' lang='grc' dir='ltr'>δὲ</span> <span class='ocrx_word' id='word_1_368' title='bbox 1936 4168 2110 4223; x_wconf 89' lang='grc' dir='ltr'>τοῦτο.</span> 
     </span>
    </p>
   </div>
   <div class='ocr_carea' id='block_1_46' title="bbox 540 4247 2110 4321">
    <p class='ocr_par' dir='ltr' id='par_1_46' title="bbox 540 4247 2110 4321">
     <span class='ocr_line' id='line_1_46' title="bbox 540 4247 2110 4321; baseline 0.002 -17"><span class='ocrx_word' id='word_1_369' title='bbox 540 4252 670 4304; x_wconf 83' lang='grc' dir='ltr'>Ὀτι</span> <span class='ocrx_word' id='word_1_370' title='bbox 694 4248 991 4315; x_wconf 81' lang='grc' dir='ltr'>ἐποίησας</span> <span class='ocrx_word' id='word_1_371' title='bbox 1012 4247 1129 4317; x_wconf 85' lang='grc' dir='ltr'>τὴν</span> <span class='ocrx_word' id='word_1_372' title='bbox 1148 4249 1354 4318; x_wconf 79' lang='grc' dir='ltr'>κρίσιν</span> <span class='ocrx_word' id='word_1_373' title='bbox 1375 4268 1495 4320; x_wconf 84' lang='grc' dir='ltr'>μου</span> <span class='ocrx_word' id='word_1_374' title='bbox 1525 4251 1620 4304; x_wconf 78' lang='grc' dir='ltr'>καὶ</span> <span class='ocrx_word' id='word_1_375' title='bbox 1642 4252 1757 4319; x_wconf 83' lang='grc' dir='ltr'>τὴν</span> <span class='ocrx_word' id='word_1_376' title='bbox 1777 4252 1958 4319; x_wconf 82' lang='grc' dir='ltr'>δίκην</span> <span class='ocrx_word' id='word_1_377' title='bbox 1970 4270 2110 4321; x_wconf 86' lang='grc' dir='ltr'>μου.</span> 
     </span>
    </p>
   </div>
   <div class='ocr_carea' id='block_1_47' title="bbox 542 4329 2116 4403">
    <p class='ocr_par' dir='ltr' id='par_1_47' title="bbox 542 4329 2116 4403">
     <span class='ocr_line' id='line_1_47' title="bbox 542 4329 2116 4403; baseline 0.005 -21"><span class='ocrx_word' id='word_1_378' title='bbox 542 4329 734 4392; x_wconf 70' lang='grc' dir='ltr'>’Ἄλλος</span> <span class='ocrx_word' id='word_1_379' title='bbox 753 4369 769 4394; x_wconf 92' lang='grc'>,</span> <span class='ocrx_word' id='word_1_380' title='bbox 816 4331 1271 4399; x_wconf 78' lang='grc' dir='ltr'>Ύπερεδίκασάς</span> <span class='ocrx_word' id='word_1_381' title='bbox 1299 4351 1419 4402; x_wconf 78' lang='grc' dir='ltr'>μου</span> <span class='ocrx_word' id='word_1_382' title='bbox 1445 4333 1492 4386; x_wconf 70' lang='grc' dir='ltr'>δ.</span> <span class='ocrx_word' id='word_1_383' title='bbox 1533 4332 1840 4401; x_wconf 81' lang='grc' dir='ltr'>Ἐκάθισας</span> <span class='ocrx_word' id='word_1_384' title='bbox 1861 4335 1960 4388; x_wconf 80' lang='grc' dir='ltr'>ἐπὶ</span> <span class='ocrx_word' id='word_1_385' title='bbox 1989 4337 2116 4403; x_wconf 81' lang='grc' dir='ltr'>θρό-</span> 
     </span>
    </p>
   </div>
   <div class='ocr_carea' id='block_1_48' title="bbox 540 4414 2109 4485">
    <p class='ocr_par' dir='ltr' id='par_1_48' title="bbox 540 4414 2109 4485">
     <span class='ocr_line' id='line_1_48' title="bbox 540 4414 2109 4485; baseline 0.003 -19"><span class='ocrx_word' id='word_1_386' title='bbox 540 4429 653 4467; x_wconf 81' lang='grc' dir='ltr'>νου</span> <span class='ocrx_word' id='word_1_387' title='bbox 693 4415 728 4467; x_wconf 84' lang='grc' dir='ltr'>ό</span> <span class='ocrx_word' id='word_1_388' title='bbox 755 4414 978 4480; x_wconf 82' lang='grc' dir='ltr'>κρίνων</span> <span class='ocrx_word' id='word_1_389' title='bbox 1008 4414 1420 4484; x_wconf 81' lang='grc' dir='ltr'>δικαιοσύνην.</span> <span class='ocrx_word' id='word_1_390' title='bbox 1464 4416 1857 4485; x_wconf 80' lang='grc' dir='ltr'>Ἐπετίμησας</span> <span class='ocrx_word' id='word_1_391' title='bbox 1885 4418 2109 4482; x_wconf 83' lang='grc' dir='ltr'>ἔθνεσι,</span> 
     </span>
    </p>
   </div>
   <div class='ocr_carea' id='block_1_49' title="bbox 542 4495 2113 4566">
    <p class='ocr_par' dir='ltr' id='par_1_49' title="bbox 542 4495 2113 4566">
     <span class='ocr_line' id='line_1_49' title="bbox 542 4495 2113 4566; baseline 0.004 -18"><span class='ocrx_word' id='word_1_392' title='bbox 542 4495 640 4549; x_wconf 75' lang='grc' dir='ltr'>καὶ</span> <span class='ocrx_word' id='word_1_393' title='bbox 660 4495 931 4550; x_wconf 78' lang='grc' dir='ltr'>ἀπώλετο</span> <span class='ocrx_word' id='word_1_394' title='bbox 985 4499 1018 4550; x_wconf 85' lang='lat' dir='ltr'>d</span> <span class='ocrx_word' id='word_1_395' title='bbox 1063 4498 1306 4565; x_wconf 76' lang='grc' dir='ltr'>ἀσεϐής.</span> <span class='ocrx_word' id='word_1_396' title='bbox 1342 4499 1535 4564; x_wconf 81' lang='grc' dir='ltr'>Ἀλλος</span> <span class='ocrx_word' id='word_1_397' title='bbox 1560 4539 1575 4566; x_wconf 94' lang='grc'>,</span> <span class='ocrx_word' id='word_1_398' title='bbox 1636 4500 1989 4566; x_wconf 80' lang='grc' dir='ltr'>Ἀπώλεσας.</span> <span class='ocrx_word' id='word_1_399' title='bbox 2042 4502 2113 4556; x_wconf 86' lang='grc' dir='ltr'><em>Τὸ</em></span> 
     </span>
    </p>
   </div>
   <div class='ocr_carea' id='block_1_50' title="bbox 542 4577 2109 4650">
    <p class='ocr_par' dir='ltr' id='par_1_50' title="bbox 542 4577 2109 4650">
     <span class='ocr_line' id='line_1_50' title="bbox 542 4577 2109 4650; baseline 0.004 -18"><span class='ocrx_word' id='word_1_400' title='bbox 542 4580 729 4647; x_wconf 78' lang='grc' dir='ltr'>ὄνομα</span> <span class='ocrx_word' id='word_1_401' title='bbox 748 4578 929 4632; x_wconf 82' lang='grc' dir='ltr'>αὑτοῦ</span> <span class='ocrx_word' id='word_1_402' title='bbox 955 4577 1284 4648; x_wconf 70' lang='grc' dir='ltr'>ἐξήλειψας</span> <span class='ocrx_word' id='word_1_403' title='bbox 1302 4584 1387 4649; x_wconf 81' lang='grc' dir='ltr'>εὶς</span> <span class='ocrx_word' id='word_1_404' title='bbox 1409 4581 1515 4636; x_wconf 86' lang='grc' dir='ltr'>τὸν</span> <span class='ocrx_word' id='word_1_405' title='bbox 1540 4582 1724 4638; x_wconf 73' lang='grc' dir='ltr'>αἰῶνα</span> <span class='ocrx_word' id='word_1_406' title='bbox 1752 4582 1858 4637; x_wconf 89' lang='grc' dir='ltr'>τοῦ</span> <span class='ocrx_word' id='word_1_407' title='bbox 1876 4582 2109 4650; x_wconf 70' lang='grc' dir='ltr'>αἰῶνος.</span> 
     </span>
    </p>
   </div>
   <div class='ocr_carea' id='block_1_51' title="bbox 542 4658 2113 4738">
    <p class='ocr_par' dir='ltr' id='par_1_51' title="bbox 542 4658 2113 4738">
     <span class='ocr_line' id='line_1_51' title="bbox 542 4658 2113 4738; baseline 0.004 -26"><span class='ocrx_word' id='word_1_408' title='bbox 542 4661 686 4729; x_wconf 79' lang='grc' dir='ltr'>Ὅρα</span> <span class='ocrx_word' id='word_1_409' title='bbox 717 4660 874 4713; x_wconf 87' lang='grc' dir='ltr'>πάλιν</span> <span class='ocrx_word' id='word_1_410' title='bbox 897 4658 996 4738; x_wconf 74' lang='grc' dir='ltr'>τὴν</span> <span class='ocrx_word' id='word_1_411' title='bbox 1017 4660 1330 4732; x_wconf 83' lang='grc' dir='ltr'>φιλοσοφίαν</span> <span class='ocrx_word' id='word_1_412' title='bbox 1355 4663 1449 4716; x_wconf 91' lang='grc' dir='ltr'>τοῦ</span> <span class='ocrx_word' id='word_1_413' title='bbox 1481 4664 1670 4738; x_wconf 83' lang='grc' dir='ltr'>ἀνδρὸς</span> <span class='ocrx_word' id='word_1_414' title='bbox 1691 4708 1707 4731; x_wconf 90' lang='grc'>,</span> <span class='ocrx_word' id='word_1_415' title='bbox 1739 4666 1856 4730; x_wconf 86' lang='grc' dir='ltr'>πῶς</span> <span class='ocrx_word' id='word_1_416' title='bbox 1881 4667 1981 4720; x_wconf 89' lang='grc' dir='ltr'>οὐκ</span> <span class='ocrx_word' id='word_1_417' title='bbox 2016 4668 2113 4719; x_wconf 83' lang='grc' dir='ltr'>αὐ-</span> 
     </span>
    </p>
   </div>
   <div class='ocr_carea' id='block_1_52' title="bbox 538 4728 2115 4821">
    <p class='ocr_par' dir='ltr' id='par_1_52' title="bbox 538 4728 2115 4821">
     <span class='ocr_line' id='line_1_52' title="bbox 538 4728 2115 4821; baseline 0.004 -25"><span class='ocrx_word' id='word_1_418' title='bbox 538 4728 632 4806; x_wconf 82' lang='grc' dir='ltr'>τος</span> <span class='ocrx_word' id='word_1_419' title='bbox 656 4742 917 4813; x_wconf 83' lang='grc' dir='ltr'>ἀμύνεται</span> <span class='ocrx_word' id='word_1_420' title='bbox 941 4728 1068 4805; x_wconf 56' lang='grc' dir='ltr'>τοὺς</span> <span class='ocrx_word' id='word_1_421' title='bbox 1099 4728 1326 4815; x_wconf 78' lang='grc' dir='ltr'>ἐχθροὺς</span> <span class='ocrx_word' id='word_1_422' title='bbox 1344 4785 1360 4812; x_wconf 93' lang='grc'>,</span> <span class='ocrx_word' id='word_1_423' title='bbox 1386 4745 1521 4799; x_wconf 90' lang='grc' dir='ltr'>ἀλλά</span> <span class='ocrx_word' id='word_1_424' title='bbox 1553 4728 1628 4816; x_wconf 65' lang='grc' dir='ltr'>τῷ</span> <span class='ocrx_word' id='word_1_425' title='bbox 1648 4728 1765 4818; x_wconf 83' lang='grc' dir='ltr'>Θεῷ</span> <span class='ocrx_word' id='word_1_426' title='bbox 1797 4728 2115 4821; x_wconf 78' lang='grc' dir='ltr'>παραχωρεῖ</span> 
     </span>
    </p>
   </div>
   <div class='ocr_carea' id='block_1_53' title="bbox 474 4826 2111 4903">
    <p class='ocr_par' dir='ltr' id='par_1_53' title="bbox 474 4826 2111 4903">
     <span class='ocr_line' id='line_1_53' title="bbox 474 4826 2111 4903; baseline 0.006 -26"><span class='ocrx_word' id='word_1_427' title='bbox 474 4870 482 4877; x_wconf 85' lang='grc'>.</span> <span class='ocrx_word' id='word_1_428' title='bbox 538 4827 641 4898; x_wconf 84' lang='grc' dir='ltr'>τῆς</span> <span class='ocrx_word' id='word_1_429' title='bbox 665 4826 820 4895; x_wconf 86' lang='grc' dir='ltr'>δίκης</span> <span class='ocrx_word' id='word_1_430' title='bbox 841 4865 855 4886; x_wconf 85' lang='grc'>.</span> <span class='ocrx_word' id='word_1_431' title='bbox 887 4826 950 4878; x_wconf 75' lang='grc' dir='ltr'>τὸ</span> <span class='ocrx_word' id='word_1_432' title='bbox 995 4826 1347 4881; x_wconf 84' lang='grc' dir='ltr'>ἀποστολικὸν</span> <span class='ocrx_word' id='word_1_433' title='bbox 1373 4829 1555 4900; x_wconf 83' lang='grc' dir='ltr'>τηρῶν</span> <span class='ocrx_word' id='word_1_434' title='bbox 1582 4832 1974 4903; x_wconf 85' lang='grc' dir='ltr'>παράγγελμα·</span> <span class='ocrx_word' id='word_1_435' title='bbox 2013 4832 2111 4900; x_wconf 84' lang='grc' dir='ltr'>Μὴ</span> 
     </span>
    </p>
   </div>
   <div class='ocr_carea' id='block_1_54' title="bbox 539 4908 2110 4983">
    <p class='ocr_par' dir='ltr' id='par_1_54' title="bbox 539 4908 2110 4983">
     <span class='ocr_line' id='line_1_54' title="bbox 539 4908 2110 4983; baseline 0.004 -20"><span class='ocrx_word' id='word_1_436' title='bbox 539 4909 793 4975; x_wconf 75' lang='grc' dir='ltr'>ἑαυτοὺς</span> <span class='ocrx_word' id='word_1_437' title='bbox 812 4908 1209 4975; x_wconf 76' lang='grc' dir='ltr'>ἐκδικοῦντες.</span> <span class='ocrx_word' id='word_1_438' title='bbox 1230 4910 1303 4963; x_wconf 86' lang='grc' dir='ltr'>υύ</span> <span class='ocrx_word' id='word_1_439' title='bbox 1331 4911 1487 4965; x_wconf 90' lang='grc' dir='ltr'>τοῦτο</span> <span class='ocrx_word' id='word_1_440' title='bbox 1515 4912 1571 4966; x_wconf 83' lang='grc' dir='ltr'>δὲ</span> <span class='ocrx_word' id='word_1_441' title='bbox 1599 4915 1757 4983; x_wconf 88' lang='grc' dir='ltr'>μόνον</span> <span class='ocrx_word' id='word_1_442' title='bbox 1790 4916 1936 4970; x_wconf 84' lang='grc' dir='ltr'>ἔστιν</span> <span class='ocrx_word' id='word_1_443' title='bbox 1964 4917 2110 4981; x_wconf 77' lang='grc' dir='ltr'>ἰδεῖν,</span> 
     </span>
    </p>
   </div>
   <div class='ocr_carea' id='block_1_55' title="bbox 538 4992 2115 5073">
    <p class='ocr_par' dir='ltr' id='par_1_55' title="bbox 538 4992 2115 5073">
     <span class='ocr_line' id='line_1_55' title="bbox 538 4992 2115 5073; baseline -0.004 -25"><span class='ocrx_word' id='word_1_444' title='bbox 538 4994 656 5048; x_wconf 89' lang='grc' dir='ltr'>ἀλλ’</span> <span class='ocrx_word' id='word_1_445' title='bbox 682 4994 764 5048; x_wconf 81' lang='grc' dir='ltr'>ὅτι</span> <span class='ocrx_word' id='word_1_446' title='bbox 794 4993 887 5047; x_wconf 76' lang='grc' dir='ltr'>καὶ</span> <span class='ocrx_word' id='word_1_447' title='bbox 912 4992 1113 5056; x_wconf 86' lang='grc' dir='ltr'>ἀδίκως</span> <span class='ocrx_word' id='word_1_448' title='bbox 1150 4992 1323 5047; x_wconf 90' lang='grc' dir='ltr'>ταῦτα</span> <span class='ocrx_word' id='word_1_449' title='bbox 1351 4993 1605 5063; x_wconf 86' lang='grc' dir='ltr'>ἔπασχεν.</span> <span class='ocrx_word' id='word_1_450' title='bbox 1636 4997 1697 5049; x_wconf 71' lang='lat' dir='ltr'>EE</span> <span class='ocrx_word' id='word_1_451' title='bbox 1748 4998 1822 5070; x_wconf 78' lang='grc' dir='ltr'>μὴ</span> <span class='ocrx_word' id='word_1_452' title='bbox 1854 5001 1961 5073; x_wconf 77' lang='grc' dir='ltr'>γὰρ</span> <span class='ocrx_word' id='word_1_453' title='bbox 2000 5001 2115 5054; x_wconf 79' lang='grc' dir='ltr'>ἀδί.</span> 
     </span>
    </p>
   </div>
   <div class='ocr_carea' id='block_1_56' title="bbox 539 5076 2114 5151">
    <p class='ocr_par' dir='ltr' id='par_1_56' title="bbox 539 5076 2114 5151">
     <span class='ocr_line' id='line_1_56' title="bbox 539 5076 2114 5151; baseline 0.004 -19"><span class='ocrx_word' id='word_1_454' title='bbox 539 5095 652 5142; x_wconf 88' lang='grc' dir='ltr'>κως</span> <span class='ocrx_word' id='word_1_455' title='bbox 691 5077 928 5148; x_wconf 89' lang='grc' dir='ltr'>ἔπασχεν</span> <span class='ocrx_word' id='word_1_456' title='bbox 955 5115 970 5142; x_wconf 97' lang='grc'>,</span> <span class='ocrx_word' id='word_1_457' title='bbox 1005 5076 1105 5130; x_wconf 89' lang='grc' dir='ltr'>οὐκ</span> <span class='ocrx_word' id='word_1_458' title='bbox 1133 5076 1199 5132; x_wconf 81' lang='grc' dir='ltr'>ἂν</span> <span class='ocrx_word' id='word_1_459' title='bbox 1220 5077 1248 5129; x_wconf 88' lang='grc' dir='ltr'>ό</span> <span class='ocrx_word' id='word_1_460' title='bbox 1277 5078 1409 5142; x_wconf 85' lang='grc' dir='ltr'>Θεὸς</span> <span class='ocrx_word' id='word_1_461' title='bbox 1447 5080 1760 5150; x_wconf 77' lang='grc' dir='ltr'>ἐπεξῆλθεν.</span> <span class='ocrx_word' id='word_1_462' title='bbox 1794 5083 2114 5151; x_wconf 81' lang='grc' dir='ltr'>Ἐκάθισας</span> 
     </span>
    </p>
   </div>
   <div class='ocr_carea' id='block_1_57' title="bbox 536 5160 2112 5238">
    <p class='ocr_par' dir='ltr' id='par_1_57' title="bbox 536 5160 2112 5238">
     <span class='ocr_line' id='line_1_57' title="bbox 536 5160 2112 5238; baseline 0.004 -21"><span class='ocrx_word' id='word_1_463' title='bbox 536 5162 636 5217; x_wconf 78' lang='grc' dir='ltr'>ἐπὶ</span> <span class='ocrx_word' id='word_1_464' title='bbox 664 5163 880 5231; x_wconf 82' lang='grc' dir='ltr'>θρόνου</span> <span class='ocrx_word' id='word_1_465' title='bbox 913 5164 946 5215; x_wconf 88' lang='grc' dir='ltr'>ό</span> <span class='ocrx_word' id='word_1_466' title='bbox 974 5161 1194 5229; x_wconf 84' lang='grc' dir='ltr'>κρίνων</span> <span class='ocrx_word' id='word_1_467' title='bbox 1220 5160 1631 5225; x_wconf 79' lang='grc' dir='ltr'>δικαιοσύνην.</span> <span class='ocrx_word' id='word_1_468' title='bbox 1674 5165 2112 5238; x_wconf 84' lang='grc' dir='ltr'>Ἀνθρωπινὼτε-</span> 
     </span>
    </p>
   </div>
   <div class='ocr_carea' id='block_1_58' title="bbox 540 5244 2110 5319">
    <p class='ocr_par' dir='ltr' id='par_1_58' title="bbox 540 5244 2110 5319">
     <span class='ocr_line' id='line_1_58' title="bbox 540 5244 2110 5319; baseline 0.004 -21"><span class='ocrx_word' id='word_1_469' title='bbox 540 5262 633 5315; x_wconf 87' lang='grc' dir='ltr'>ρον</span> <span class='ocrx_word' id='word_1_470' title='bbox 671 5245 1002 5316; x_wconf 86' lang='grc' dir='ltr'>φθέγγεται.</span> <span class='ocrx_word' id='word_1_471' title='bbox 1028 5244 1214 5314; x_wconf 89' lang='grc' dir='ltr'>θρόνον</span> <span class='ocrx_word' id='word_1_472' title='bbox 1245 5247 1338 5299; x_wconf 77' lang='grc' dir='ltr'>καὶ</span> <span class='ocrx_word' id='word_1_473' title='bbox 1376 5246 1643 5317; x_wconf 72' lang='grc' dir='ltr'>καθέδραν</span> <span class='ocrx_word' id='word_1_474' title='bbox 1684 5247 1872 5317; x_wconf 88' lang='grc' dir='ltr'>λέγων.</span> <span class='ocrx_word' id='word_1_475' title='bbox 1920 5251 1993 5304; x_wconf 87' lang='grc' dir='ltr'>Τὸ</span> <span class='ocrx_word' id='word_1_476' title='bbox 2033 5252 2110 5319; x_wconf 86' lang='grc' dir='ltr'>δὲ,</span> 
     </span>
    </p>
   </div>
   <div class='ocr_carea' id='block_1_59' title="bbox 547 5327 2114 5400">
    <p class='ocr_par' dir='ltr' id='par_1_59' title="bbox 547 5327 2114 5400">
     <span class='ocr_line' id='line_1_59' title="bbox 547 5327 2114 5400; baseline 0.004 -18"><span class='ocrx_word' id='word_1_477' title='bbox 547 5327 613 5382; x_wconf 85' lang='lat'>&#39;0</span> <span class='ocrx_word' id='word_1_478' title='bbox 640 5329 859 5396; x_wconf 81' lang='grc' dir='ltr'>κρίνων</span> <span class='ocrx_word' id='word_1_479' title='bbox 878 5327 1298 5396; x_wconf 82' lang='grc' dir='ltr'>δικαιοσύνην.</span> <span class='ocrx_word' id='word_1_480' title='bbox 1326 5328 1387 5381; x_wconf 85' lang='grc' dir='ltr'>τὸ</span> <span class='ocrx_word' id='word_1_481' title='bbox 1436 5329 1662 5400; x_wconf 84' lang='grc' dir='ltr'>σύνηθες</span> <span class='ocrx_word' id='word_1_482' title='bbox 1699 5331 1791 5384; x_wconf 91' lang='grc' dir='ltr'>τοῦ</span> <span class='ocrx_word' id='word_1_483' title='bbox 1820 5333 1952 5386; x_wconf 81' lang='grc' dir='ltr'>Θεοῦ</span> <span class='ocrx_word' id='word_1_484' title='bbox 1975 5375 1991 5400; x_wconf 91' lang='grc'>,</span> <span class='ocrx_word' id='word_1_485' title='bbox 2020 5336 2114 5388; x_wconf 74' lang='grc' dir='ltr'>καὶ</span> 
     </span>
    </p>
   </div>
   <div class='ocr_carea' id='block_1_60' title="bbox 537 5413 2113 5493">
    <p class='ocr_par' dir='ltr' id='par_1_60' title="bbox 537 5413 2113 5493">
     <span class='ocr_line' id='line_1_60' title="bbox 537 5413 2113 5493; baseline 0.006 -27"><span class='ocrx_word' id='word_1_486' title='bbox 537 5414 811 5484; x_wconf 82' lang='grc' dir='ltr'>ἐξαίρετον</span> <span class='ocrx_word' id='word_1_487' title='bbox 837 5413 1003 5469; x_wconf 89' lang='grc' dir='ltr'>αὐτοῦ</span> <span class='ocrx_word' id='word_1_488' title='bbox 1027 5414 1129 5484; x_wconf 86' lang='grc' dir='ltr'>τῆς</span> <span class='ocrx_word' id='word_1_489' title='bbox 1159 5415 1347 5480; x_wconf 87' lang='grc' dir='ltr'>οὐσίας</span> <span class='ocrx_word' id='word_1_490' title='bbox 1372 5417 1551 5488; x_wconf 85' lang='grc' dir='ltr'>φησίν.</span> <span class='ocrx_word' id='word_1_491' title='bbox 1587 5419 1706 5472; x_wconf 75' lang='grc' dir='ltr'>Ἐπὶ</span> <span class='ocrx_word' id='word_1_492' title='bbox 1741 5420 1838 5490; x_wconf 86' lang='grc' dir='ltr'>μὲν</span> <span class='ocrx_word' id='word_1_493' title='bbox 1868 5421 1976 5493; x_wconf 83' lang='grc' dir='ltr'>γὰρ</span> <span class='ocrx_word' id='word_1_494' title='bbox 2004 5422 2113 5476; x_wconf 87' lang='grc' dir='ltr'>τῶν</span> 
     </span>
    </p>
   </div>
   <div class='ocr_carea' id='block_1_61' title="bbox 537 5496 2114 5579">
    <p class='ocr_par' dir='ltr' id='par_1_61' title="bbox 537 5496 2114 5579">
     <span class='ocr_line' id='line_1_61' title="bbox 537 5496 2114 5579; baseline 0.006 -28"><span class='ocrx_word' id='word_1_495' title='bbox 537 5496 836 5568; x_wconf 85' lang='grc' dir='ltr'>ἀνθρώπων</span> <span class='ocrx_word' id='word_1_496' title='bbox 881 5502 1038 5553; x_wconf 91' lang='grc' dir='ltr'>τοῦτο</span> <span class='ocrx_word' id='word_1_497' title='bbox 1082 5500 1183 5554; x_wconf 89' lang='grc' dir='ltr'>οὐκ</span> <span class='ocrx_word' id='word_1_498' title='bbox 1238 5499 1383 5554; x_wconf 79' lang='grc' dir='ltr'>ἔστιν</span> <span class='ocrx_word' id='word_1_499' title='bbox 1420 5504 1612 5555; x_wconf 86' lang='grc' dir='ltr'>εἰπεῖν.</span> <span class='ocrx_word' id='word_1_500' title='bbox 1645 5505 1720 5556; x_wconf 86' lang='grc' dir='ltr'>υύ</span> <span class='ocrx_word' id='word_1_501' title='bbox 1757 5504 1863 5579; x_wconf 82' lang='lat'>7&amp;9</span> <span class='ocrx_word' id='word_1_502' title='bbox 1897 5507 2114 5571; x_wconf 86' lang='grc' dir='ltr'>πάντως</span> 
     </span>
    </p>
   </div>
   <div class='ocr_carea' id='block_1_62' title="bbox 537 5581 2113 5656">
    <p class='ocr_par' dir='ltr' id='par_1_62' title="bbox 537 5581 2113 5656">
     <span class='ocr_line' id='line_1_62' title="bbox 537 5581 2113 5656; baseline 0.007 -22"><span class='ocrx_word' id='word_1_503' title='bbox 537 5581 780 5652; x_wconf 89' lang='grc' dir='ltr'>κρίνουσι</span> <span class='ocrx_word' id='word_1_504' title='bbox 807 5581 1168 5655; x_wconf 75' lang='grc' dir='ltr'>δικαιοσύνην,</span> <span class='ocrx_word' id='word_1_505' title='bbox 1199 5584 1300 5639; x_wconf 86' lang='grc' dir='ltr'>κᾶν</span> <span class='ocrx_word' id='word_1_506' title='bbox 1332 5587 1591 5656; x_wconf 84' lang='grc' dir='ltr'>μυριάκις</span> <span class='ocrx_word' id='word_1_507' title='bbox 1617 5581 1720 5641; x_wconf 81' lang='grc' dir='ltr'>ὦσι</span> <span class='ocrx_word' id='word_1_508' title='bbox 1738 5588 1955 5654; x_wconf 88' lang='grc' dir='ltr'>δίκαιοι,</span> <span class='ocrx_word' id='word_1_509' title='bbox 1983 5593 2113 5645; x_wconf 85' lang='grc' dir='ltr'>ποτὲ</span> 
     </span>
    </p>
   </div>
   <div class='ocr_carea' id='block_1_63' title="bbox 540 5663 2109 5741">
    <p class='ocr_par' dir='ltr' id='par_1_63' title="bbox 540 5663 2109 5741">
     <span class='ocr_line' id='line_1_63' title="bbox 540 5663 2109 5741; baseline 0.009 -29"><span class='ocrx_word' id='word_1_510' title='bbox 540 5663 639 5734; x_wconf 73' lang='grc' dir='ltr'>μὲν</span> <span class='ocrx_word' id='word_1_511' title='bbox 669 5664 880 5736; x_wconf 82' lang='grc' dir='ltr'>ἀγνοίᾳ,</span> <span class='ocrx_word' id='word_1_512' title='bbox 916 5667 1045 5719; x_wconf 83' lang='grc' dir='ltr'>ποτὲ</span> <span class='ocrx_word' id='word_1_513' title='bbox 1065 5668 1121 5720; x_wconf 81' lang='grc' dir='ltr'>δὲ</span> <span class='ocrx_word' id='word_1_514' title='bbox 1150 5668 1391 5741; x_wconf 67' lang='grc' dir='ltr'>ῥᾳθυμίᾳ</span> <span class='ocrx_word' id='word_1_515' title='bbox 1422 5670 1743 5739; x_wconf 77' lang='grc' dir='ltr'>ἀγνοοῦντες</span> <span class='ocrx_word' id='word_1_516' title='bbox 1768 5673 1827 5727; x_wconf 87' lang='grc' dir='ltr'>τὸ</span> <span class='ocrx_word' id='word_1_517' title='bbox 1863 5674 2067 5728; x_wconf 83' lang='grc' dir='ltr'>δίκαιον</span> <span class='ocrx_word' id='word_1_518' title='bbox 2094 5691 2109 5706; x_wconf 90' lang='grc'>·</span> 
     </span>
    </p>
   </div>
   <div class='ocr_carea' id='block_1_64' title="bbox 537 5747 2110 5825">
    <p class='ocr_par' dir='ltr' id='par_1_64' title="bbox 537 5747 2110 5825">
     <span class='ocr_line' id='line_1_64' title="bbox 537 5747 2110 5825; baseline 0.008 -25"><span class='ocrx_word' id='word_1_519' title='bbox 537 5751 563 5800; x_wconf 81' lang='grc' dir='ltr'><strong>ὸ</strong></span> <span class='ocrx_word' id='word_1_520' title='bbox 593 5747 651 5801; x_wconf 77' lang='grc' dir='ltr'>δὲ</span> <span class='ocrx_word' id='word_1_521' title='bbox 684 5747 817 5811; x_wconf 83' lang='grc' dir='ltr'>Θεὸς</span> <span class='ocrx_word' id='word_1_522' title='bbox 840 5749 1042 5802; x_wconf 86' lang='grc' dir='ltr'>τούτων</span> <span class='ocrx_word' id='word_1_523' title='bbox 1071 5750 1325 5805; x_wconf 81' lang='grc' dir='ltr'>ἁπάντων</span> <span class='ocrx_word' id='word_1_524' title='bbox 1352 5754 1769 5825; x_wconf 77' lang='grc' dir='ltr'>ἀπηλλαγμένος</span> <span class='ocrx_word' id='word_1_525' title='bbox 1792 5798 1806 5821; x_wconf 92' lang='grc'>,</span> <span class='ocrx_word' id='word_1_526' title='bbox 1833 5759 1924 5813; x_wconf 73' lang='grc' dir='ltr'>καὶ</span> <span class='ocrx_word' id='word_1_527' title='bbox 1956 5759 2110 5823; x_wconf 74' lang='grc' dir='ltr'>εἰδὼς</span> 
     </span>
    </p>
   </div>
   <div class='ocr_carea' id='block_1_65' title="bbox 597 5880 1189 5937">
    <p class='ocr_par' dir='ltr' id='par_1_65' title="bbox 597 5880 1189 5937">
     <span class='ocr_line' id='line_1_65' title="bbox 597 5880 1189 5937; baseline 0.007 -11"><span class='ocrx_word' id='word_1_528' title='bbox 597 5882 622 5911; x_wconf 73' lang='grc'>⁸</span> <span class='ocrx_word' id='word_1_529' title='bbox 647 5880 784 5929; x_wconf 75' lang='lat' dir='ltr'>Cnlb.</span> <span class='ocrx_word' id='word_1_530' title='bbox 806 5881 916 5936; x_wconf 81' lang='grc' dir='ltr'>τοὺς</span> <span class='ocrx_word' id='word_1_531' title='bbox 941 5881 1189 5937; x_wconf 81' lang='grc' dir='ltr'>έναντιους.</span> 
     </span>
    </p>
   </div>
   <div class='ocr_carea' id='block_1_66' title="bbox 594 5941 2111 6017">
    <p class='ocr_par' dir='ltr' id='par_1_66' title="bbox 594 5941 2111 6017">
     <span class='ocr_line' id='line_1_66' title="bbox 594 5941 2111 6017; baseline 0.005 -23"><span class='ocrx_word' id='word_1_532' title='bbox 594 5941 759 6017; x_wconf 43' lang='lat' dir='ltr'>blla}:</span> <span class='ocrx_word' id='word_1_533' title='bbox 806 5944 970 6017; x_wconf 63' lang='grc' dir='ltr'>[ςειὶο.</span> <span class='ocrx_word' id='word_1_534' title='bbox 997 5944 1353 6017; x_wconf 50' lang='grc' dir='ltr'>ηὓπερεδίιετσάς</span> <span class='ocrx_word' id='word_1_535' title='bbox 1399 5965 1505 6009; x_wconf 74' lang='grc' dir='ltr'>μου,</span> <span class='ocrx_word' id='word_1_536' title='bbox 1553 5958 1625 5999; x_wconf 73' lang='lat' dir='ltr'>cs!</span> <span class='ocrx_word' id='word_1_537' title='bbox 1667 5952 1871 6012; x_wconf 65' lang='grc' dir='ltr'>Λιιιιίῐεο,</span> <span class='ocrx_word' id='word_1_538' title='bbox 1898 5969 2111 6017; x_wconf 65' lang='grc' dir='ltr'>δίηιῑςῐις</span> 
     </span>
    </p>
   </div>
   <div class='ocr_carea' id='block_1_67' title="bbox 538 6004 1291 6064">
    <p class='ocr_par' dir='ltr' id='par_1_67' title="bbox 538 6004 1291 6064">
     <span class='ocr_line' id='line_1_67' title="bbox 538 6004 1291 6064; baseline 0.001 -10"><span class='ocrx_word' id='word_1_539' title='bbox 538 6016 700 6054; x_wconf 63' lang='lat' dir='ltr'><strong>auum</strong></span> <span class='ocrx_word' id='word_1_540' title='bbox 726 6004 976 6060; x_wconf 75' lang='grc' dir='ltr'>ἀπώλεσας</span> <span class='ocrx_word' id='word_1_541' title='bbox 997 6005 1291 6064; x_wconf 73' lang='lat' dir='ltr'><strong>Symmachi.</strong></span> 
     </span>
    </p>
   </div>
   <div class='ocr_carea' id='block_1_68' title="bbox 1194 382 3028 450">
    <p class='ocr_par' dir='ltr' id='par_1_68' title="bbox 1194 382 3028 450">
     <span class='ocr_line' id='line_1_68' title="bbox 1194 382 3028 450; baseline 0.007 -12"><span class='ocrx_word' id='word_1_542' title='bbox 1194 383 1250 439; x_wconf 93' lang='lat' dir='ltr'>S.</span> <span class='ocrx_word' id='word_1_543' title='bbox 1284 383 1566 440; x_wconf 70' lang='grc' dir='ltr'>,ΙΟᾹΝΝὶδ</span> <span class='ocrx_word' id='word_1_544' title='bbox 1600 382 2089 439; x_wconf 75' lang='lat' dir='ltr'>CIIRYSOSTUMI</span> <span class='ocrx_word' id='word_1_545' title='bbox 2127 382 2441 441; x_wconf 69' lang='lat' dir='ltr'>ARCIIIEP.</span> <span class='ocrx_word' id='word_1_546' title='bbox 2483 388 3028 450; x_wconf 73' lang='lat' dir='ltr'>CONSTANTINOP.</span> 
     </span>
    </p>
   </div>
   <div class='ocr_carea' id='block_1_69' title="bbox 2207 501 3779 586">
    <p class='ocr_par' dir='ltr' id='par_1_69' title="bbox 2207 501 3779 586">
     <span class='ocr_line' id='line_1_69' title="bbox 2207 501 3779 586; baseline 0.015 -33"><span class='ocrx_word' id='word_1_547' title='bbox 2207 501 2300 554; x_wconf 83' lang='grc' dir='ltr'>καί</span> <span class='ocrx_word' id='word_1_548' title='bbox 2330 502 2646 574; x_wconf 79' lang='grc' dir='ltr'>βουλόμενος</span> <span class='ocrx_word' id='word_1_549' title='bbox 2688 503 2899 560; x_wconf 87' lang='grc' dir='ltr'>δικαίαν</span> <span class='ocrx_word' id='word_1_550' title='bbox 2944 507 3164 578; x_wconf 78' lang='grc' dir='ltr'>ἐκφέρει</span> <span class='ocrx_word' id='word_1_551' title='bbox 3193 509 3291 582; x_wconf 82' lang='grc' dir='ltr'>τὴν</span> <span class='ocrx_word' id='word_1_552' title='bbox 3318 511 3516 583; x_wconf 82' lang='grc' dir='ltr'>ψῆφον.</span> <span class='ocrx_word' id='word_1_553' title='bbox 3548 518 3623 571; x_wconf 79' lang='grc' dir='ltr'>Τὸ</span> <span class='ocrx_word' id='word_1_554' title='bbox 3661 515 3779 586; x_wconf 66' lang='grc' dir='ltr'>οὖν,</span> 
     </span>
    </p>
   </div>
   <div class='ocr_carea' id='block_1_70' title="bbox 2218 592 3783 674">
    <p class='ocr_par' dir='ltr' id='par_1_70' title="bbox 2218 592 3783 674">
     <span class='ocr_line' id='line_1_70' title="bbox 2218 592 3783 674; baseline 0.01 -31"><span class='ocrx_word' id='word_1_555' title='bbox 2218 592 2533 657; x_wconf 82' lang='grc' dir='ltr'>Ἐκάθισας</span> <span class='ocrx_word' id='word_1_556' title='bbox 2569 594 2667 647; x_wconf 77' lang='grc' dir='ltr'>ἐπὶ</span> <span class='ocrx_word' id='word_1_557' title='bbox 2696 596 2946 662; x_wconf 76' lang='grc' dir='ltr'>θρόνου.</span> <span class='ocrx_word' id='word_1_558' title='bbox 2979 596 3231 659; x_wconf 75' lang='grc' dir='ltr'>ὲδίκασάς</span> <span class='ocrx_word' id='word_1_559' title='bbox 3256 598 3422 663; x_wconf 78' lang='grc' dir='ltr'>ἐστιν,</span> <span class='ocrx_word' id='word_1_560' title='bbox 3459 601 3783 674; x_wconf 61' lang='grc' dir='ltr'>έπεξῆλθεςι</span> 
     </span>
    </p>
   </div>
   <div class='ocr_carea' id='block_1_71' title="bbox 2205 675 3792 747">
    <p class='ocr_par' dir='ltr' id='par_1_71' title="bbox 2205 675 3792 747">
     <span class='ocr_line' id='line_1_71' title="bbox 2205 675 3792 747; baseline 0.01 -21"><span class='ocrx_word' id='word_1_561' title='bbox 2205 675 2434 743; x_wconf 74' lang='grc' dir='ltr'>ἤμυνας.</span> <span class='ocrx_word' id='word_1_562' title='bbox 2478 679 2877 747; x_wconf 81' lang='grc' dir='ltr'>Ἐπετίμησας</span> <span class='ocrx_word' id='word_1_563' title='bbox 2911 679 3135 740; x_wconf 78' lang='grc' dir='ltr'>ἔθνεσι,</span> <span class='ocrx_word' id='word_1_564' title='bbox 3159 680 3257 734; x_wconf 78' lang='grc' dir='ltr'>καὶ</span> <span class='ocrx_word' id='word_1_565' title='bbox 3288 681 3560 740; x_wconf 78' lang='grc' dir='ltr'>ἀπώλετο</span> <span class='ocrx_word' id='word_1_566' title='bbox 3587 689 3622 741; x_wconf 85' lang='grc' dir='ltr'><em>ὁ</em></span> <span class='ocrx_word' id='word_1_567' title='bbox 3648 688 3792 743; x_wconf 83' lang='grc' dir='ltr'>ἀσε-</span> 
     </span>
    </p>
   </div>
   <div class='ocr_carea' id='block_1_72' title="bbox 2206 756 3789 840">
    <p class='ocr_par' dir='ltr' id='par_1_72' title="bbox 2206 756 3789 840">
     <span class='ocr_line' id='line_1_72' title="bbox 2206 756 3789 840; baseline 0.008 -30"><span class='ocrx_word' id='word_1_568' title='bbox 2206 756 2334 823; x_wconf 65' lang='grc' dir='ltr'>ϐής.</span> <span class='ocrx_word' id='word_1_569' title='bbox 2374 759 2535 830; x_wconf 82' lang='grc' dir='ltr'>Ὁρᾷς</span> <span class='ocrx_word' id='word_1_570' title='bbox 2564 762 2681 825; x_wconf 85' lang='grc' dir='ltr'>πῶς</span> <span class='ocrx_word' id='word_1_571' title='bbox 2716 763 2814 831; x_wconf 89' lang='grc' dir='ltr'>οὐχ</span> <span class='ocrx_word' id='word_1_572' title='bbox 2840 763 3017 816; x_wconf 86' lang='grc' dir='ltr'>ὅπλων</span> <span class='ocrx_word' id='word_1_573' title='bbox 3048 762 3197 834; x_wconf 88' lang='grc' dir='ltr'>αὐτῷ</span> <span class='ocrx_word' id='word_1_574' title='bbox 3232 762 3333 823; x_wconf 79' lang='grc' dir='ltr'>δεῖ,</span> <span class='ocrx_word' id='word_1_575' title='bbox 3376 766 3437 819; x_wconf 89' lang='grc' dir='ltr'>οὐ</span> <span class='ocrx_word' id='word_1_576' title='bbox 3482 768 3789 840; x_wconf 85' lang='grc' dir='ltr'>μαχαίρας,</span> 
     </span>
    </p>
   </div>
   <div class='ocr_carea' id='block_1_73' title="bbox 2206 842 3796 920">
    <p class='ocr_par' dir='ltr' id='par_1_73' title="bbox 2206 842 3796 920">
     <span class='ocr_line' id='line_1_73' title="bbox 2206 842 3796 920; baseline 0.009 -26"><span class='ocrx_word' id='word_1_577' title='bbox 2206 842 2265 895; x_wconf 91' lang='grc' dir='ltr'>οὐ</span> <span class='ocrx_word' id='word_1_578' title='bbox 2296 842 2464 908; x_wconf 82' lang='grc' dir='ltr'>τόξων</span> <span class='ocrx_word' id='word_1_579' title='bbox 2488 844 2583 896; x_wconf 78' lang='grc' dir='ltr'>καὶ</span> <span class='ocrx_word' id='word_1_580' title='bbox 2611 844 2806 914; x_wconf 84' lang='grc' dir='ltr'>βελῶν.</span> <span class='ocrx_word' id='word_1_581' title='bbox 2835 844 2949 899; x_wconf 93' lang='grc' dir='ltr'>ἀλλ’</span> <span class='ocrx_word' id='word_1_582' title='bbox 2984 845 3464 920; x_wconf 81' lang='grc' dir='ltr'>ἀνθρωπινώτερον</span> <span class='ocrx_word' id='word_1_583' title='bbox 3497 852 3679 906; x_wconf 78' lang='grc' dir='ltr'>ἐκεῖνα</span> <span class='ocrx_word' id='word_1_584' title='bbox 3708 855 3796 907; x_wconf 74' lang='grc' dir='ltr'>ετ-</span> 
     </span>
    </p>
   </div>
   <div class='ocr_carea' id='block_1_74' title="bbox 2210 932 3794 1006">
    <p class='ocr_par' dir='ltr' id='par_1_74' title="bbox 2210 932 3794 1006">
     <span class='ocr_line' id='line_1_74' title="bbox 2210 932 3794 1006; baseline 0.004 -23"><span class='ocrx_word' id='word_1_585' title='bbox 2210 948 2367 1000; x_wconf 81' lang='grc' dir='ltr'>ρηται</span> <span class='ocrx_word' id='word_1_586' title='bbox 2386 949 2398 961; x_wconf 88' lang='grc'>·</span> <span class='ocrx_word' id='word_1_587' title='bbox 2428 933 2589 1003; x_wconf 85' lang='grc' dir='ltr'>ἀρκεῖ</span> <span class='ocrx_word' id='word_1_588' title='bbox 2607 934 2715 1004; x_wconf 82' lang='grc' dir='ltr'>γὰρ</span> <span class='ocrx_word' id='word_1_589' title='bbox 2739 932 3060 1004; x_wconf 76' lang='grc' dir='ltr'>ἐπιτιμῆσαι</span> <span class='ocrx_word' id='word_1_590' title='bbox 3093 934 3172 1005; x_wconf 83' lang='grc' dir='ltr'>τῷ</span> <span class='ocrx_word' id='word_1_591' title='bbox 3191 934 3331 1006; x_wconf 81' lang='grc' dir='ltr'>Θεῷ,</span> <span class='ocrx_word' id='word_1_592' title='bbox 3366 937 3460 989; x_wconf 74' lang='grc' dir='ltr'>καὶ</span> <span class='ocrx_word' id='word_1_593' title='bbox 3488 936 3794 992; x_wconf 80' lang='grc' dir='ltr'>ἀπολέσθαι</span> 
     </span>
    </p>
   </div>
   <div class='ocr_carea' id='block_1_75' title="bbox 2206 1018 3793 1094">
    <p class='ocr_par' dir='ltr' id='par_1_75' title="bbox 2206 1018 3793 1094">
     <span class='ocr_line' id='line_1_75' title="bbox 2206 1018 3793 1094; baseline 0.003 -24"><span class='ocrx_word' id='word_1_594' title='bbox 2206 1018 2331 1081; x_wconf 79' lang='grc' dir='ltr'>τοὺς</span> <span class='ocrx_word' id='word_1_595' title='bbox 2364 1018 2685 1083; x_wconf 82' lang='grc' dir='ltr'>κολάζεσθαι</span> <span class='ocrx_word' id='word_1_596' title='bbox 2714 1021 3026 1088; x_wconf 80' lang='grc' dir='ltr'>μέλλοντας.</span> <span class='ocrx_word' id='word_1_597' title='bbox 3052 1022 3170 1074; x_wconf 83' lang='grc' dir='ltr'>Ἵνα</span> <span class='ocrx_word' id='word_1_598' title='bbox 3198 1022 3254 1074; x_wconf 82' lang='grc' dir='ltr'>δὲ</span> <span class='ocrx_word' id='word_1_599' title='bbox 3290 1022 3464 1094; x_wconf 85' lang='grc' dir='ltr'>μάθῃς</span> <span class='ocrx_word' id='word_1_600' title='bbox 3491 1023 3657 1077; x_wconf 88' lang='grc' dir='ltr'>αὐτοῦ</span> <span class='ocrx_word' id='word_1_601' title='bbox 3682 1025 3793 1092; x_wconf 85' lang='grc' dir='ltr'>τὴν</span> 
     </span>
    </p>
   </div>
   <div class='ocr_carea' id='block_1_76' title="bbox 2211 1102 3793 1174">
    <p class='ocr_par' dir='ltr' id='par_1_76' title="bbox 2211 1102 3793 1174">
     <span class='ocr_line' id='line_1_76' title="bbox 2211 1102 3793 1174; baseline 0.006 -21"><span class='ocrx_word' id='word_1_602' title='bbox 2211 1102 2397 1169; x_wconf 69' lang='grc' dir='ltr'>ἰσχὺν,</span> <span class='ocrx_word' id='word_1_603' title='bbox 2437 1102 2598 1156; x_wconf 89' lang='grc' dir='ltr'>ἀκουε</span> <span class='ocrx_word' id='word_1_604' title='bbox 2631 1105 2726 1158; x_wconf 70' lang='grc' dir='ltr'>καὶ</span> <span class='ocrx_word' id='word_1_605' title='bbox 2769 1105 2875 1158; x_wconf 89' lang='grc' dir='ltr'>τῶν</span> <span class='ocrx_word' id='word_1_606' title='bbox 2909 1103 3057 1173; x_wconf 77' lang='grc' dir='ltr'>ἑξῆς·</span> <span class='ocrx_word' id='word_1_607' title='bbox 3100 1105 3171 1159; x_wconf 83' lang='grc' dir='ltr'>Τὸ</span> <span class='ocrx_word' id='word_1_608' title='bbox 3217 1105 3404 1174; x_wconf 75' lang='grc' dir='ltr'>ὄνομα</span> <span class='ocrx_word' id='word_1_609' title='bbox 3447 1107 3648 1161; x_wconf 85' lang='grc' dir='ltr'>αὐτῶν</span> <span class='ocrx_word' id='word_1_610' title='bbox 3687 1108 3793 1171; x_wconf 75' lang='grc' dir='ltr'>ἐξ·</span> 
     </span>
    </p>
   </div>
   <div class='ocr_carea' id='block_1_77' title="bbox 2208 1185 3792 1254">
    <p class='ocr_par' dir='ltr' id='par_1_77' title="bbox 2208 1185 3792 1254">
     <span class='ocr_line' id='line_1_77' title="bbox 2208 1185 3792 1254; baseline 0.004 -17"><span class='ocrx_word' id='word_1_611' title='bbox 2208 1185 2466 1251; x_wconf 63' lang='grc' dir='ltr'>ήλειιείρας</span> <span class='ocrx_word' id='word_1_612' title='bbox 2490 1189 2576 1251; x_wconf 79' lang='grc' dir='ltr'>εἰς</span> <span class='ocrx_word' id='word_1_613' title='bbox 2592 1187 2699 1241; x_wconf 73' lang='grc' dir='ltr'>τὸν</span> <span class='ocrx_word' id='word_1_614' title='bbox 2716 1187 2922 1252; x_wconf 77' lang='grc' dir='ltr'>αἰῶνα,</span> <span class='ocrx_word' id='word_1_615' title='bbox 2944 1192 3040 1241; x_wconf 77' lang='grc' dir='ltr'>καὶ</span> <span class='ocrx_word' id='word_1_616' title='bbox 3066 1190 3155 1254; x_wconf 85' lang='grc' dir='ltr'>εὶς</span> <span class='ocrx_word' id='word_1_617' title='bbox 3179 1189 3287 1242; x_wconf 86' lang='grc' dir='ltr'>τὸν</span> <span class='ocrx_word' id='word_1_618' title='bbox 3315 1187 3501 1243; x_wconf 76' lang='grc' dir='ltr'>αἰῶνα</span> <span class='ocrx_word' id='word_1_619' title='bbox 3528 1191 3635 1244; x_wconf 84' lang='grc' dir='ltr'>τοῦ</span> <span class='ocrx_word' id='word_1_620' title='bbox 3650 1190 3792 1246; x_wconf 71' lang='lat' dir='ltr'>ald)-</span> 
     </span>
    </p>
   </div>
   <div class='ocr_carea' id='block_1_78' title="bbox 2207 1270 3795 1345">
    <p class='ocr_par' dir='ltr' id='par_1_78' title="bbox 2207 1270 3795 1345">
     <span class='ocr_line' id='line_1_78' title="bbox 2207 1270 3795 1345; baseline 0.006 -24"><span class='ocrx_word' id='word_1_621' title='bbox 2207 1287 2328 1334; x_wconf 90' lang='grc' dir='ltr'>νος.</span> <span class='ocrx_word' id='word_1_622' title='bbox 2354 1270 2687 1340; x_wconf 77' lang='grc' dir='ltr'>Προρρίζους</span> <span class='ocrx_word' id='word_1_623' title='bbox 2718 1271 3037 1338; x_wconf 82' lang='grc' dir='ltr'>ἀπώλεσας,</span> <span class='ocrx_word' id='word_1_624' title='bbox 3063 1273 3375 1337; x_wconf 87' lang='grc' dir='ltr'>ἀνέσπασας</span> <span class='ocrx_word' id='word_1_625' title='bbox 3395 1315 3410 1336; x_wconf 96' lang='grc'>,</span> <span class='ocrx_word' id='word_1_626' title='bbox 3441 1273 3613 1338; x_wconf 80' lang='grc' dir='ltr'>οὕτως</span> <span class='ocrx_word' id='word_1_627' title='bbox 3642 1276 3795 1345; x_wconf 81' lang='grc' dir='ltr'>ήφά-</span> 
     </span>
    </p>
   </div>
   <div class='ocr_carea' id='block_1_79' title="bbox 2209 1352 3796 1427">
    <p class='ocr_par' dir='ltr' id='par_1_79' title="bbox 2209 1352 3796 1427">
     <span class='ocr_line' id='line_1_79' title="bbox 2209 1352 3796 1427; baseline 0.006 -22"><span class='ocrx_word' id='word_1_628' title='bbox 2209 1369 2360 1416; x_wconf 90' lang='grc' dir='ltr'>νισας</span> <span class='ocrx_word' id='word_1_629' title='bbox 2377 1393 2392 1412; x_wconf 83' lang='grc'>,</span> <span class='ocrx_word' id='word_1_630' title='bbox 2425 1352 2537 1424; x_wconf 75' lang='grc'>[98]</span> <span class='ocrx_word' id='word_1_631' title='bbox 2564 1353 2639 1417; x_wconf 84' lang='grc' dir='ltr'>ὡς</span> <span class='ocrx_word' id='word_1_632' title='bbox 2662 1353 2756 1408; x_wconf 73' lang='grc' dir='ltr'>καὶ</span> <span class='ocrx_word' id='word_1_633' title='bbox 2785 1354 2881 1425; x_wconf 83' lang='grc' dir='ltr'>τὴν</span> <span class='ocrx_word' id='word_1_634' title='bbox 2910 1357 3126 1427; x_wconf 86' lang='grc' dir='ltr'>μνήμην</span> <span class='ocrx_word' id='word_1_635' title='bbox 3148 1355 3326 1409; x_wconf 89' lang='grc' dir='ltr'>αὐτῶν</span> <span class='ocrx_word' id='word_1_636' title='bbox 3352 1358 3796 1427; x_wconf 79' lang='grc' dir='ltr'>παραπολέσθαι.</span> 
     </span>
    </p>
   </div>
   <div class='ocr_carea' id='block_1_80' title="bbox 2216 1435 3793 1507">
    <p class='ocr_par' dir='ltr' id='par_1_80' title="bbox 2216 1435 3793 1507">
     <span class='ocr_line' id='line_1_80' title="bbox 2216 1435 3793 1507; baseline 0.003 -18"><span class='ocrx_word' id='word_1_637' title='bbox 2216 1435 2325 1489; x_wconf 84' lang='grc' dir='ltr'>Τοῦ</span> <span class='ocrx_word' id='word_1_638' title='bbox 2356 1436 2572 1503; x_wconf 71' lang='grc' dir='ltr'>ἐχθροῦ</span> <span class='ocrx_word' id='word_1_639' title='bbox 2602 1436 2885 1500; x_wconf 78' lang='grc' dir='ltr'>ἐξέλιπον</span> <span class='ocrx_word' id='word_1_640' title='bbox 2911 1441 2971 1491; x_wconf 84' lang='lat' dir='ltr'><em>al</em></span> <span class='ocrx_word' id='word_1_641' title='bbox 2993 1436 3280 1507; x_wconf 68' lang='grc' dir='ltr'>ρομφαῖαι</span> <span class='ocrx_word' id='word_1_642' title='bbox 3313 1441 3404 1504; x_wconf 84' lang='grc' dir='ltr'>εὶς</span> <span class='ocrx_word' id='word_1_643' title='bbox 3430 1439 3621 1506; x_wconf 86' lang='grc' dir='ltr'>τέλος.</span> <span class='ocrx_word' id='word_1_644' title='bbox 3653 1441 3793 1495; x_wconf 76' lang='grc' dir='ltr'>Ἀλ-</span> 
     </span>
    </p>
   </div>
   <div class='ocr_carea' id='block_1_81' title="bbox 2209 1518 3803 1593">
    <p class='ocr_par' dir='ltr' id='par_1_81' title="bbox 2209 1518 3803 1593">
     <span class='ocr_line' id='line_1_81' title="bbox 2209 1518 3803 1593; baseline 0.005 -23"><span class='ocrx_word' id='word_1_645' title='bbox 2209 1518 2299 1581; x_wconf 86' lang='grc' dir='ltr'>λος</span> <span class='ocrx_word' id='word_1_646' title='bbox 2322 1559 2336 1578; x_wconf 87' lang='grc'>,</span> <span class='ocrx_word' id='word_1_647' title='bbox 2378 1519 2452 1574; x_wconf 84' lang='grc' dir='ltr'>Τὰ</span> <span class='ocrx_word' id='word_1_648' title='bbox 2481 1519 2728 1588; x_wconf 76' lang='grc' dir='ltr'>ἐρείπια.</span> <span class='ocrx_word' id='word_1_649' title='bbox 2771 1519 2829 1574; x_wconf 88' lang='lat'>&#39;0</span> <span class='ocrx_word' id='word_1_650' title='bbox 2861 1519 2917 1574; x_wconf 79' lang='grc' dir='ltr'>δὲ</span> <span class='ocrx_word' id='word_1_651' title='bbox 2959 1520 3243 1593; x_wconf 85' lang='grc' dir='ltr'>Ἑϐραῖος,</span> <span class='ocrx_word' id='word_1_652' title='bbox 3279 1522 3509 1590; x_wconf 79' lang='grc' dir='ltr'>Ἆρσώθ.</span> <span class='ocrx_word' id='word_1_653' title='bbox 3555 1523 3661 1577; x_wconf 75' lang='grc' dir='ltr'>Καὶ</span> <span class='ocrx_word' id='word_1_654' title='bbox 3679 1525 3803 1578; x_wconf 82' lang='grc' dir='ltr'>πό-</span> 
     </span>
    </p>
   </div>
   <div class='ocr_carea' id='block_1_82' title="bbox 2208 1602 3799 1676">
    <p class='ocr_par' dir='ltr' id='par_1_82' title="bbox 2208 1602 3799 1676">
     <span class='ocr_line' id='line_1_82' title="bbox 2208 1602 3799 1676; baseline 0.003 -21"><span class='ocrx_word' id='word_1_655' title='bbox 2208 1604 2338 1667; x_wconf 87' lang='grc' dir='ltr'>λεις</span> <span class='ocrx_word' id='word_1_656' title='bbox 2382 1602 2673 1667; x_wconf 75' lang='grc' dir='ltr'>καθεῖλες.</span> <span class='ocrx_word' id='word_1_657' title='bbox 2725 1603 2791 1655; x_wconf 84' lang='grc' dir='ltr'>Τί</span> <span class='ocrx_word' id='word_1_658' title='bbox 2840 1603 2955 1658; x_wconf 77' lang='grc' dir='ltr'>ἔστι</span> <span class='ocrx_word' id='word_1_659' title='bbox 2988 1603 3181 1667; x_wconf 85' lang='grc' dir='ltr'>τοῦτο;</span> <span class='ocrx_word' id='word_1_660' title='bbox 3217 1603 3339 1658; x_wconf 83' lang='grc' dir='ltr'>Ὀτι</span> <span class='ocrx_word' id='word_1_661' title='bbox 3389 1603 3488 1667; x_wconf 80' lang='grc' dir='ltr'>τὰς</span> <span class='ocrx_word' id='word_1_662' title='bbox 3541 1604 3799 1676; x_wconf 77' lang='grc' dir='ltr'>μηχανὰς</span> 
     </span>
    </p>
   </div>
   <div class='ocr_carea' id='block_1_83' title="bbox 2211 1684 3797 1761">
    <p class='ocr_par' dir='ltr' id='par_1_83' title="bbox 2211 1684 3797 1761">
     <span class='ocr_line' id='line_1_83' title="bbox 2211 1684 3797 1761; baseline 0.003 -23"><span class='ocrx_word' id='word_1_663' title='bbox 2211 1684 2374 1738; x_wconf 84' lang='grc' dir='ltr'>αὐτοῦ</span> <span class='ocrx_word' id='word_1_664' title='bbox 2409 1686 2501 1739; x_wconf 72' lang='grc' dir='ltr'>καὶ</span> <span class='ocrx_word' id='word_1_665' title='bbox 2530 1685 2629 1749; x_wconf 87' lang='grc' dir='ltr'>τάς</span> <span class='ocrx_word' id='word_1_666' title='bbox 2662 1686 2857 1757; x_wconf 83' lang='grc' dir='ltr'>βουλὰς</span> <span class='ocrx_word' id='word_1_667' title='bbox 2888 1686 3170 1752; x_wconf 86' lang='grc' dir='ltr'>ἀναλώσας</span> <span class='ocrx_word' id='word_1_668' title='bbox 3190 1728 3205 1751; x_wconf 93' lang='grc'>,</span> <span class='ocrx_word' id='word_1_669' title='bbox 3236 1690 3420 1758; x_wconf 73' lang='grc' dir='ltr'>φησὶν,</span> <span class='ocrx_word' id='word_1_670' title='bbox 3449 1688 3652 1761; x_wconf 87' lang='grc' dir='ltr'>ἔρημον</span> <span class='ocrx_word' id='word_1_671' title='bbox 3683 1691 3797 1742; x_wconf 83' lang='grc' dir='ltr'>αὐ-</span> 
     </span>
    </p>
   </div>
   <div class='ocr_carea' id='block_1_84' title="bbox 2211 1770 3799 1846">
    <p class='ocr_par' dir='ltr' id='par_1_84' title="bbox 2211 1770 3799 1846">
     <span class='ocr_line' id='line_1_84' title="bbox 2211 1770 3799 1846; baseline 0.002 -23"><span class='ocrx_word' id='word_1_672' title='bbox 2211 1770 2300 1823; x_wconf 82' lang='grc' dir='ltr'>τὸν</span> <span class='ocrx_word' id='word_1_673' title='bbox 2321 1770 2429 1823; x_wconf 84' lang='grc' dir='ltr'>τῶν</span> <span class='ocrx_word' id='word_1_674' title='bbox 2449 1770 2662 1824; x_wconf 83' lang='grc' dir='ltr'>οἰκείων</span> <span class='ocrx_word' id='word_1_675' title='bbox 2688 1771 2868 1825; x_wconf 86' lang='grc' dir='ltr'>ὅπλων</span> <span class='ocrx_word' id='word_1_676' title='bbox 2892 1772 3173 1844; x_wconf 73' lang='grc' dir='ltr'>ἐποίησας.</span> <span class='ocrx_word' id='word_1_677' title='bbox 3193 1773 3445 1827; x_wconf 89' lang='grc' dir='ltr'>Τοιοῦτον</span> <span class='ocrx_word' id='word_1_678' title='bbox 3464 1773 3625 1845; x_wconf 85' lang='grc' dir='ltr'>γάρὴ</span> <span class='ocrx_word' id='word_1_679' title='bbox 3649 1774 3799 1846; x_wconf 81' lang='grc' dir='ltr'>ὀργὴ</span> 
     </span>
    </p>
   </div>
   <div class='ocr_carea' id='block_1_85' title="bbox 2210 1852 3800 1925">
    <p class='ocr_par' dir='ltr' id='par_1_85' title="bbox 2210 1852 3800 1925">
     <span class='ocr_line' id='line_1_85' title="bbox 2210 1852 3800 1925; baseline 0.003 -20"><span class='ocrx_word' id='word_1_680' title='bbox 2210 1852 2304 1906; x_wconf 87' lang='grc' dir='ltr'>τοῦ</span> <span class='ocrx_word' id='word_1_681' title='bbox 2348 1852 2518 1906; x_wconf 89' lang='grc' dir='ltr'>Θεοῦ·</span> <span class='ocrx_word' id='word_1_682' title='bbox 2548 1852 2726 1908; x_wconf 87' lang='grc' dir='ltr'>πάντα</span> <span class='ocrx_word' id='word_1_683' title='bbox 2771 1855 3022 1922; x_wconf 76' lang='grc' dir='ltr'>ἀφανίζει</span> <span class='ocrx_word' id='word_1_684' title='bbox 3065 1856 3160 1909; x_wconf 56' lang='grc' dir='ltr'>καὶ⁹</span> <span class='ocrx_word' id='word_1_685' title='bbox 3205 1854 3512 1910; x_wconf 81' lang='grc' dir='ltr'>ἀπόλλυσιν.</span> <span class='ocrx_word' id='word_1_686' title='bbox 3548 1858 3620 1909; x_wconf 81' lang='grc' dir='ltr'><strong>Ἠ</strong></span> <span class='ocrx_word' id='word_1_687' title='bbox 3652 1857 3800 1925; x_wconf 84' lang='grc' dir='ltr'>ὅπερ</span> 
     </span>
    </p>
   </div>
   <div class='ocr_carea' id='block_1_86' title="bbox 2211 1936 3799 2009">
    <p class='ocr_par' dir='ltr' id='par_1_86' title="bbox 2211 1936 3799 2009">
     <span class='ocr_line' id='line_1_86' title="bbox 2211 1936 3799 2009; baseline 0.001 -19"><span class='ocrx_word' id='word_1_688' title='bbox 2211 1936 2397 2007; x_wconf 73' lang='grc' dir='ltr'>ἕτερος</span> <span class='ocrx_word' id='word_1_689' title='bbox 2428 1936 2765 2009; x_wconf 80' lang='grc' dir='ltr'>ἑρμηνευτής</span> <span class='ocrx_word' id='word_1_690' title='bbox 2788 1937 3028 1992; x_wconf 85' lang='grc' dir='ltr'>διδάσκει</span> <span class='ocrx_word' id='word_1_691' title='bbox 3050 1977 3066 2001; x_wconf 95' lang='grc'>,</span> <span class='ocrx_word' id='word_1_692' title='bbox 3100 1939 3352 2008; x_wconf 82' lang='grc' dir='ltr'>Ἕρημα,</span> <span class='ocrx_word' id='word_1_693' title='bbox 3385 1939 3577 1993; x_wconf 85' lang='grc' dir='ltr'>είπών·</span> <span class='ocrx_word' id='word_1_694' title='bbox 3615 1940 3698 1994; x_wconf 80' lang='grc' dir='ltr'>ὅτι</span> <span class='ocrx_word' id='word_1_695' title='bbox 3730 1941 3799 1992; x_wconf 84' lang='grc' dir='ltr'>οὐ</span> 
     </span>
    </p>
   </div>
   <div class='ocr_carea' id='block_1_87' title="bbox 2211 2019 3801 2093">
    <p class='ocr_par' dir='ltr' id='par_1_87' title="bbox 2211 2019 3801 2093">
     <span class='ocr_line' id='line_1_87' title="bbox 2211 2019 3801 2093; baseline 0.003 -21"><span class='ocrx_word' id='word_1_696' title='bbox 2211 2019 2310 2084; x_wconf 87' lang='grc' dir='ltr'>τάς</span> <span class='ocrx_word' id='word_1_697' title='bbox 2337 2020 2520 2083; x_wconf 86' lang='grc' dir='ltr'>πόλεις</span> <span class='ocrx_word' id='word_1_698' title='bbox 2543 2020 2718 2073; x_wconf 90' lang='grc' dir='ltr'>αὐτῶν</span> <span class='ocrx_word' id='word_1_699' title='bbox 2747 2021 2924 2091; x_wconf 85' lang='grc' dir='ltr'>μόνον.</span> <span class='ocrx_word' id='word_1_700' title='bbox 2959 2020 3096 2075; x_wconf 87' lang='grc' dir='ltr'>ἀλλὰ</span> <span class='ocrx_word' id='word_1_701' title='bbox 3126 2021 3222 2075; x_wconf 81' lang='grc' dir='ltr'>καὶ</span> <span class='ocrx_word' id='word_1_702' title='bbox 3243 2023 3343 2086; x_wconf 83' lang='grc' dir='ltr'>τὰς</span> <span class='ocrx_word' id='word_1_703' title='bbox 3375 2023 3614 2093; x_wconf 76' lang='grc' dir='ltr'>ἐρήμους</span> <span class='ocrx_word' id='word_1_704' title='bbox 3643 2023 3801 2091; x_wconf 84' lang='grc' dir='ltr'>ήφά-</span> 
     </span>
    </p>
   </div>
   <div class='ocr_carea' id='block_1_88' title="bbox 2213 2103 3807 2177">
    <p class='ocr_par' dir='ltr' id='par_1_88' title="bbox 2213 2103 3807 2177">
     <span class='ocr_line' id='line_1_88' title="bbox 2213 2103 3807 2177; baseline 0.003 -22"><span class='ocrx_word' id='word_1_705' title='bbox 2213 2121 2396 2167; x_wconf 86' lang='grc' dir='ltr'>νισας,</span> <span class='ocrx_word' id='word_1_706' title='bbox 2430 2106 2526 2158; x_wconf 77' lang='grc' dir='ltr'>καὶ</span> <span class='ocrx_word' id='word_1_707' title='bbox 2564 2103 2745 2167; x_wconf 89' lang='grc' dir='ltr'>πόλεις</span> <span class='ocrx_word' id='word_1_708' title='bbox 2774 2104 3039 2169; x_wconf 83' lang='grc' dir='ltr'>καθεῖλες.</span> <span class='ocrx_word' id='word_1_709' title='bbox 3067 2105 3222 2160; x_wconf 77' lang='grc' dir='ltr'>Οὕτω</span> <span class='ocrx_word' id='word_1_710' title='bbox 3241 2105 3348 2177; x_wconf 86' lang='grc' dir='ltr'>γάρ</span> <span class='ocrx_word' id='word_1_711' title='bbox 3372 2105 3402 2158; x_wconf 89' lang='grc' dir='ltr'>ό</span> <span class='ocrx_word' id='word_1_712' title='bbox 3426 2106 3630 2169; x_wconf 88' lang='grc' dir='ltr'>δίκαιος</span> <span class='ocrx_word' id='word_1_713' title='bbox 3663 2107 3807 2161; x_wconf 76' lang='grc' dir='ltr'>ἑπο-</span> 
     </span>
    </p>
   </div>
   <div class='ocr_carea' id='block_1_89' title="bbox 2213 2187 3807 2259">
    <p class='ocr_par' dir='ltr' id='par_1_89' title="bbox 2213 2187 3807 2259">
     <span class='ocr_line' id='line_1_89' title="bbox 2213 2187 3807 2259; baseline 0.001 -19"><span class='ocrx_word' id='word_1_714' title='bbox 2213 2188 2367 2258; x_wconf 88' lang='grc' dir='ltr'>λέμει</span> <span class='ocrx_word' id='word_1_715' title='bbox 2393 2228 2409 2249; x_wconf 82' lang='grc'>,</span> <span class='ocrx_word' id='word_1_716' title='bbox 2448 2187 2594 2244; x_wconf 78' lang='grc' dir='ltr'>οὕτω</span> <span class='ocrx_word' id='word_1_717' title='bbox 2629 2188 2925 2243; x_wconf 87' lang='grc' dir='ltr'>κατέϐαλλε</span> <span class='ocrx_word' id='word_1_718' title='bbox 2968 2190 3092 2252; x_wconf 88' lang='grc' dir='ltr'>τούς</span> <span class='ocrx_word' id='word_1_719' title='bbox 3139 2189 3441 2253; x_wconf 80' lang='grc' dir='ltr'>ἐναντίους,</span> <span class='ocrx_word' id='word_1_720' title='bbox 3470 2190 3567 2259; x_wconf 88' lang='grc' dir='ltr'>οὐχ</span> <span class='ocrx_word' id='word_1_721' title='bbox 3606 2189 3807 2254; x_wconf 80' lang='grc' dir='ltr'>ὅπλοις</span> 
     </span>
    </p>
   </div>
   <div class='ocr_carea' id='block_1_90' title="bbox 2214 2271 3809 2344">
    <p class='ocr_par' dir='ltr' id='par_1_90' title="bbox 2214 2271 3809 2344">
     <span class='ocr_line' id='line_1_90' title="bbox 2214 2271 3809 2344; baseline 0.001 -19"><span class='ocrx_word' id='word_1_722' title='bbox 2214 2274 2305 2327; x_wconf 71' lang='grc' dir='ltr'>καὶ</span> <span class='ocrx_word' id='word_1_723' title='bbox 2324 2272 2513 2343; x_wconf 84' lang='grc' dir='ltr'>δόρασι</span> <span class='ocrx_word' id='word_1_724' title='bbox 2542 2271 2879 2343; x_wconf 82' lang='grc' dir='ltr'>κεχρημένος</span> <span class='ocrx_word' id='word_1_725' title='bbox 2897 2310 2914 2335; x_wconf 92' lang='grc'>,</span> <span class='ocrx_word' id='word_1_726' title='bbox 2936 2271 3071 2326; x_wconf 90' lang='grc' dir='ltr'>ἀλλά</span> <span class='ocrx_word' id='word_1_727' title='bbox 3100 2271 3199 2342; x_wconf 81' lang='grc' dir='ltr'>τὴν</span> <span class='ocrx_word' id='word_1_728' title='bbox 3227 2273 3381 2344; x_wconf 81' lang='grc' dir='ltr'>παρὰ</span> <span class='ocrx_word' id='word_1_729' title='bbox 3408 2272 3503 2326; x_wconf 89' lang='grc' dir='ltr'>τοῦ</span> <span class='ocrx_word' id='word_1_730' title='bbox 3532 2271 3666 2326; x_wconf 82' lang='grc' dir='ltr'>Θεοῦ</span> <span class='ocrx_word' id='word_1_731' title='bbox 3699 2274 3809 2343; x_wconf 77' lang='grc' dir='ltr'>ῥο-</span> 
     </span>
    </p>
   </div>
   <div class='ocr_carea' id='block_1_91' title="bbox 2215 2354 3808 2426">
    <p class='ocr_par' dir='ltr' id='par_1_91' title="bbox 2215 2354 3808 2426">
     <span class='ocr_line' id='line_1_91' title="bbox 2215 2354 3808 2426; baseline -0.001 -17"><span class='ocrx_word' id='word_1_732' title='bbox 2215 2355 2321 2424; x_wconf 76' lang='grc' dir='ltr'>πὴν</span> <span class='ocrx_word' id='word_1_733' title='bbox 2353 2355 2509 2425; x_wconf 85' lang='grc' dir='ltr'>ἔχων.</span> <span class='ocrx_word' id='word_1_734' title='bbox 2539 2355 2639 2408; x_wconf 84' lang='grc' dir='ltr'>Διά</span> <span class='ocrx_word' id='word_1_735' title='bbox 2688 2354 2847 2409; x_wconf 88' lang='grc' dir='ltr'>τοῦτο</span> <span class='ocrx_word' id='word_1_736' title='bbox 2877 2354 2972 2408; x_wconf 75' lang='grc' dir='ltr'>καὶ</span> <span class='ocrx_word' id='word_1_737' title='bbox 3015 2356 3044 2407; x_wconf 87' lang='grc' dir='ltr'>ό</span> <span class='ocrx_word' id='word_1_738' title='bbox 3078 2354 3311 2425; x_wconf 86' lang='grc' dir='ltr'>πόλεμος</span> <span class='ocrx_word' id='word_1_739' title='bbox 3341 2354 3491 2426; x_wconf 88' lang='grc' dir='ltr'>αὐτῷ</span> <span class='ocrx_word' id='word_1_740' title='bbox 3543 2354 3808 2424; x_wconf 70' lang='grc' dir='ltr'>λαμπρὸς</span> 
     </span>
    </p>
   </div>
   <div class='ocr_carea' id='block_1_92' title="bbox 2215 2436 3811 2509">
    <p class='ocr_par' dir='ltr' id='par_1_92' title="bbox 2215 2436 3811 2509">
     <span class='ocr_line' id='line_1_92' title="bbox 2215 2436 3811 2509; baseline 0 -18"><span class='ocrx_word' id='word_1_741' title='bbox 2215 2439 2309 2492; x_wconf 69' lang='grc' dir='ltr'>καὶ</span> <span class='ocrx_word' id='word_1_742' title='bbox 2333 2438 2634 2509; x_wconf 82' lang='grc' dir='ltr'>περιφανὴς</span> <span class='ocrx_word' id='word_1_743' title='bbox 2659 2479 2675 2503; x_wconf 93' lang='grc'>,</span> <span class='ocrx_word' id='word_1_744' title='bbox 2706 2438 2801 2491; x_wconf 64' lang='grc' dir='ltr'>καὶ</span> <span class='ocrx_word' id='word_1_745' title='bbox 2839 2437 2982 2492; x_wconf 84' lang='grc' dir='ltr'>κατά</span> <span class='ocrx_word' id='word_1_746' title='bbox 3012 2437 3210 2507; x_wconf 90' lang='grc' dir='ltr'>κράτος</span> <span class='ocrx_word' id='word_1_747' title='bbox 3245 2440 3277 2509; x_wconf 82' lang='grc' dir='ltr'>ὴ</span> <span class='ocrx_word' id='word_1_748' title='bbox 3315 2439 3462 2509; x_wconf 88' lang='grc' dir='ltr'>νίκη.</span> <span class='ocrx_word' id='word_1_749' title='bbox 3500 2436 3811 2493; x_wconf 76' lang='grc' dir='ltr'>Ἀπώλετο</span> 
     </span>
    </p>
   </div>
   <div class='ocr_carea' id='block_1_93' title="bbox 2215 2520 3815 2591">
    <p class='ocr_par' dir='ltr' id='par_1_93' title="bbox 2215 2520 3815 2591">
     <span class='ocr_line' id='line_1_93' title="bbox 2215 2520 3815 2591; baseline 0.003 -19"><span class='ocrx_word' id='word_1_750' title='bbox 2215 2520 2279 2573; x_wconf 79' lang='grc' dir='ltr'>τὸ</span> <span class='ocrx_word' id='word_1_751' title='bbox 2300 2522 2699 2588; x_wconf 84' lang='grc' dir='ltr'>μνημόσυνον</span> <span class='ocrx_word' id='word_1_752' title='bbox 2719 2521 2904 2575; x_wconf 71' lang='grc' dir='ltr'>αὐτοῦ</span> <span class='ocrx_word' id='word_1_753' title='bbox 2924 2522 3051 2589; x_wconf 79' lang='grc' dir='ltr'>μετ’</span> <span class='ocrx_word' id='word_1_754' title='bbox 3073 2521 3249 2591; x_wconf 75' lang='grc' dir='ltr'>ἤχου.</span> <span class='ocrx_word' id='word_1_755' title='bbox 3283 2521 3474 2585; x_wconf 81' lang='grc' dir='ltr'>’Λλλος</span> <span class='ocrx_word' id='word_1_756' title='bbox 3492 2560 3508 2583; x_wconf 86' lang='grc'>,</span> <span class='ocrx_word' id='word_1_757' title='bbox 3539 2521 3662 2577; x_wconf 84' lang='grc' dir='ltr'>Σὺν</span> <span class='ocrx_word' id='word_1_758' title='bbox 3687 2523 3815 2576; x_wconf 82' lang='grc' dir='ltr'>αὺ-</span> 
     </span>
    </p>
   </div>
   <div class='ocr_carea' id='block_1_94' title="bbox 2216 2603 3813 2676">
    <p class='ocr_par' dir='ltr' id='par_1_94' title="bbox 2216 2603 3813 2676">
     <span class='ocr_line' id='line_1_94' title="bbox 2216 2603 3813 2676; baseline 0.004 -19"><span class='ocrx_word' id='word_1_759' title='bbox 2216 2604 2358 2670; x_wconf 80' lang='grc' dir='ltr'>τοῖς.</span> <span class='ocrx_word' id='word_1_760' title='bbox 2405 2605 2466 2658; x_wconf 84' lang='grc' dir='ltr'>Ὀ</span> <span class='ocrx_word' id='word_1_761' title='bbox 2515 2604 2570 2658; x_wconf 77' lang='grc' dir='ltr'>δὲ</span> <span class='ocrx_word' id='word_1_762' title='bbox 2611 2604 2888 2676; x_wconf 77' lang='grc' dir='ltr'>Ἑϐραῖος,</span> <span class='ocrx_word' id='word_1_763' title='bbox 2925 2606 3032 2673; x_wconf 84' lang='grc' dir='ltr'>Ἕμ</span> <span class='ocrx_word' id='word_1_764' title='bbox 3066 2617 3113 2658; x_wconf 72' lang='grc' dir='ltr'>ε.</span> <span class='ocrx_word' id='word_1_765' title='bbox 3162 2606 3228 2659; x_wconf 83' lang='grc' dir='ltr'>τί</span> <span class='ocrx_word' id='word_1_766' title='bbox 3260 2608 3374 2659; x_wconf 81' lang='grc' dir='ltr'>ἐστι</span> <span class='ocrx_word' id='word_1_767' title='bbox 3398 2647 3411 2665; x_wconf 83' lang='lat'><strong>.</strong></span> <span class='ocrx_word' id='word_1_768' title='bbox 3445 2608 3581 2661; x_wconf 83' lang='grc' dir='ltr'>Μετ’</span> <span class='ocrx_word' id='word_1_769' title='bbox 3602 2603 3813 2674; x_wconf 63' lang='lat' dir='ltr'>ﬂxov;</span> 
     </span>
    </p>
   </div>
   <div class='ocr_carea' id='block_1_95' title="bbox 2221 2685 3816 2758">
    <p class='ocr_par' dir='ltr' id='par_1_95' title="bbox 2221 2685 3816 2758">
     <span class='ocr_line' id='line_1_95' title="bbox 2221 2685 3816 2758; baseline 0.002 -19"><span class='ocrx_word' id='word_1_770' title='bbox 2221 2688 2289 2739; x_wconf 85' lang='grc' dir='ltr'><strong>Ἢ</strong></span> <span class='ocrx_word' id='word_1_771' title='bbox 2323 2687 2420 2757; x_wconf 72' lang='grc' dir='ltr'>τὴν</span> <span class='ocrx_word' id='word_1_772' title='bbox 2452 2685 2823 2756; x_wconf 87' lang='grc' dir='ltr'>πανωλεθρίαν</span> <span class='ocrx_word' id='word_1_773' title='bbox 2858 2688 3022 2758; x_wconf 71' lang='grc' dir='ltr'>φησὶν</span> <span class='ocrx_word' id='word_1_774' title='bbox 3043 2726 3058 2749; x_wconf 91' lang='grc'>,</span> <span class='ocrx_word' id='word_1_775' title='bbox 3091 2686 3121 2757; x_wconf 81' lang='grc' dir='ltr'>ἢ</span> <span class='ocrx_word' id='word_1_776' title='bbox 3162 2686 3221 2741; x_wconf 80' lang='grc' dir='ltr'>τὸ</span> <span class='ocrx_word' id='word_1_777' title='bbox 3249 2687 3531 2756; x_wconf 88' lang='grc' dir='ltr'>διωλύγιον</span> <span class='ocrx_word' id='word_1_778' title='bbox 3562 2687 3670 2742; x_wconf 89' lang='grc' dir='ltr'>τῶν</span> <span class='ocrx_word' id='word_1_779' title='bbox 3698 2706 3816 2742; x_wconf 86' lang='grc' dir='ltr'>κα-</span> 
     </span>
    </p>
   </div>
   <div class='ocr_carea' id='block_1_96' title="bbox 2217 2769 3812 2842">
    <p class='ocr_par' dir='ltr' id='par_1_96' title="bbox 2217 2769 3812 2842">
     <span class='ocr_line' id='line_1_96' title="bbox 2217 2769 3812 2842; baseline 0.001 -20"><span class='ocrx_word' id='word_1_780' title='bbox 2217 2771 2348 2824; x_wconf 81' lang='grc' dir='ltr'>κῶν.</span> <span class='ocrx_word' id='word_1_781' title='bbox 2376 2770 2486 2822; x_wconf 75' lang='grc' dir='ltr'>Καὶ</span> <span class='ocrx_word' id='word_1_782' title='bbox 2516 2769 2673 2822; x_wconf 88' lang='grc' dir='ltr'>τοῦτο</span> <span class='ocrx_word' id='word_1_783' title='bbox 2705 2769 2763 2822; x_wconf 86' lang='grc' dir='ltr'>δὲ</span> <span class='ocrx_word' id='word_1_784' title='bbox 2793 2770 2892 2839; x_wconf 84' lang='grc' dir='ltr'>τῆς</span> <span class='ocrx_word' id='word_1_785' title='bbox 2924 2770 3016 2823; x_wconf 89' lang='grc' dir='ltr'>τοῦ</span> <span class='ocrx_word' id='word_1_786' title='bbox 3051 2769 3186 2823; x_wconf 88' lang='grc' dir='ltr'>Θεοῦ</span> <span class='ocrx_word' id='word_1_787' title='bbox 3228 2770 3554 2842; x_wconf 86' lang='grc' dir='ltr'>κηδεμονίας</span> <span class='ocrx_word' id='word_1_788' title='bbox 3577 2813 3590 2835; x_wconf 93' lang='grc'>,</span> <span class='ocrx_word' id='word_1_789' title='bbox 3622 2771 3684 2823; x_wconf 73' lang='grc' dir='ltr'>τὸ</span> <span class='ocrx_word' id='word_1_790' title='bbox 3721 2772 3812 2842; x_wconf 79' lang='grc' dir='ltr'>μὴ</span> 
     </span>
    </p>
   </div>
   <div class='ocr_carea' id='block_1_97' title="bbox 2217 2853 3816 2926">
    <p class='ocr_par' dir='ltr' id='par_1_97' title="bbox 2217 2853 3816 2926">
     <span class='ocr_line' id='line_1_97' title="bbox 2217 2853 3816 2926; baseline 0 -18"><span class='ocrx_word' id='word_1_791' title='bbox 2217 2854 2581 2917; x_wconf 83' lang='grc' dir='ltr'>λανθανόντως</span> <span class='ocrx_word' id='word_1_792' title='bbox 2602 2853 2776 2908; x_wconf 84' lang='grc' dir='ltr'>ταῦτα</span> <span class='ocrx_word' id='word_1_793' title='bbox 2805 2857 2997 2920; x_wconf 83' lang='grc' dir='ltr'>ποιεῖν,</span> <span class='ocrx_word' id='word_1_794' title='bbox 3017 2855 3104 2910; x_wconf 79' lang='grc' dir='ltr'>ἵνα</span> <span class='ocrx_word' id='word_1_795' title='bbox 3125 2857 3243 2921; x_wconf 80' lang='grc' dir='ltr'>ταῖς</span> <span class='ocrx_word' id='word_1_796' title='bbox 3267 2856 3467 2926; x_wconf 78' lang='grc' dir='ltr'>ἑτέρων</span> <span class='ocrx_word' id='word_1_797' title='bbox 3492 2858 3816 2926; x_wconf 83' lang='grc' dir='ltr'>συμφοραῖς</span> 
     </span>
    </p>
   </div>
   <div class='ocr_carea' id='block_1_98' title="bbox 2220 2933 3819 3010">
    <p class='ocr_par' dir='ltr' id='par_1_98' title="bbox 2220 2933 3819 3010">
     <span class='ocr_line' id='line_1_98' title="bbox 2220 2933 3819 3010; baseline 0 -18"><span class='ocrx_word' id='word_1_798' title='bbox 2220 2940 2313 2992; x_wconf 74' lang='grc' dir='ltr'>καὶ</span> <span class='ocrx_word' id='word_1_799' title='bbox 2340 2939 2516 3009; x_wconf 77' lang='grc' dir='ltr'>ἕτεροι</span> <span class='ocrx_word' id='word_1_800' title='bbox 2559 2940 2820 3006; x_wconf 84' lang='grc' dir='ltr'>γένωνται</span> <span class='ocrx_word' id='word_1_801' title='bbox 2852 2937 3109 3009; x_wconf 87' lang='grc' dir='ltr'>βελτίους.</span> <span class='ocrx_word' id='word_1_802' title='bbox 3140 2939 3214 2993; x_wconf 85' lang='grc' dir='ltr'>Τὸ</span> <span class='ocrx_word' id='word_1_803' title='bbox 3260 2938 3559 3010; x_wconf 73' lang='grc' dir='ltr'>περιφανὲς</span> <span class='ocrx_word' id='word_1_804' title='bbox 3586 2933 3678 2992; x_wconf 83' lang='grc' dir='ltr'>οὖν</span> <span class='ocrx_word' id='word_1_805' title='bbox 3703 2938 3819 3010; x_wconf 82' lang='grc' dir='ltr'>δη·-</span> 
     </span>
    </p>
   </div>
   <div class='ocr_carea' id='block_1_99' title="bbox 2218 3020 2752 3088">
    <p class='ocr_par' dir='ltr' id='par_1_99' title="bbox 2218 3020 2752 3088">
     <span class='ocr_line' id='line_1_99' title="bbox 2218 3020 2752 3088; baseline 0.002 -15"><span class='ocrx_word' id='word_1_806' title='bbox 2218 3021 2304 3074; x_wconf 84' lang='grc' dir='ltr'>λοῖ</span> <span class='ocrx_word' id='word_1_807' title='bbox 2333 3021 2431 3088; x_wconf 86' lang='grc' dir='ltr'>τῆς</span> <span class='ocrx_word' id='word_1_808' title='bbox 2458 3020 2752 3083; x_wconf 86' lang='grc' dir='ltr'>ἀπωλείας.</span> 
     </span>
    </p>
   </div>
   <div class='ocr_carea' id='block_1_100' title="bbox 2289 3102 3813 3172">
    <p class='ocr_par' dir='ltr' id='par_1_100' title="bbox 2289 3102 3813 3172">
     <span class='ocr_line' id='line_1_100' title="bbox 2289 3102 3813 3172; baseline 0.002 -18"><span class='ocrx_word' id='word_1_809' title='bbox 2289 3102 2331 3154; x_wconf 85' lang='grc' dir='ltr'>δ’</span> <span class='ocrx_word' id='word_1_810' title='bbox 2343 3145 2353 3155; x_wconf 95' lang='grc'>.</span> <span class='ocrx_word' id='word_1_811' title='bbox 2375 3102 2533 3155; x_wconf 82' lang='grc' dir='ltr'>Καὶό</span> <span class='ocrx_word' id='word_1_812' title='bbox 2551 3105 2764 3171; x_wconf 85' lang='grc' dir='ltr'>Κύριος</span> <span class='ocrx_word' id='word_1_813' title='bbox 2780 3105 2865 3169; x_wconf 79' lang='grc' dir='ltr'>εἷς</span> <span class='ocrx_word' id='word_1_814' title='bbox 2884 3103 2990 3157; x_wconf 81' lang='grc' dir='ltr'>τόν</span> <span class='ocrx_word' id='word_1_815' title='bbox 3002 3102 3186 3157; x_wconf 69' lang='grc' dir='ltr'>αἰῶνα</span> <span class='ocrx_word' id='word_1_816' title='bbox 3201 3104 3385 3172; x_wconf 78' lang='grc' dir='ltr'>μένει.</span> <span class='ocrx_word' id='word_1_817' title='bbox 3415 3103 3625 3167; x_wconf 74' lang='grc' dir='ltr'>ΙἌλλος,</span> <span class='ocrx_word' id='word_1_818' title='bbox 3644 3106 3813 3159; x_wconf 66' lang='lat' dir='ltr'>Kac?-</span> 
     </span>
    </p>
   </div>
   <div class='ocr_carea' id='block_1_101' title="bbox 2220 3184 3814 3257">
    <p class='ocr_par' dir='ltr' id='par_1_101' title="bbox 2220 3184 3814 3257">
     <span class='ocr_line' id='line_1_101' title="bbox 2220 3184 3814 3257; baseline 0 -19"><span class='ocrx_word' id='word_1_819' title='bbox 2220 3184 2453 3238; x_wconf 80' lang='grc' dir='ltr'>εδεῖται.</span> <span class='ocrx_word' id='word_1_820' title='bbox 2504 3185 2577 3238; x_wconf 82' lang='grc' dir='ltr'>Τὸ</span> <span class='ocrx_word' id='word_1_821' title='bbox 2602 3186 2708 3256; x_wconf 85' lang='grc' dir='ltr'>γὰρ</span> <span class='ocrx_word' id='word_1_822' title='bbox 2744 3185 3011 3257; x_wconf 83' lang='grc' dir='ltr'>καθῆσθαι</span> <span class='ocrx_word' id='word_1_823' title='bbox 3040 3186 3307 3256; x_wconf 84' lang='grc' dir='ltr'>πολλαχοῦ</span> <span class='ocrx_word' id='word_1_824' title='bbox 3333 3187 3425 3241; x_wconf 72' lang='grc' dir='ltr'>ἐπὶ</span> <span class='ocrx_word' id='word_1_825' title='bbox 3447 3188 3540 3239; x_wconf 89' lang='grc' dir='ltr'>τοῦ</span> <span class='ocrx_word' id='word_1_826' title='bbox 3571 3185 3814 3255; x_wconf 72' lang='grc' dir='ltr'>μονίμου</span> 
     </span>
    </p>
   </div>
   <div class='ocr_carea' id='block_1_102' title="bbox 2219 3266 3814 3340">
    <p class='ocr_par' dir='ltr' id='par_1_102' title="bbox 2219 3266 3814 3340">
     <span class='ocr_line' id='line_1_102' title="bbox 2219 3266 3814 3340; baseline 0.001 -19"><span class='ocrx_word' id='word_1_827' title='bbox 2219 3269 2318 3338; x_wconf 86' lang='grc' dir='ltr'>τῆς</span> <span class='ocrx_word' id='word_1_828' title='bbox 2346 3266 2530 3332; x_wconf 90' lang='grc' dir='ltr'>οὐσίας</span> <span class='ocrx_word' id='word_1_829' title='bbox 2552 3270 2724 3321; x_wconf 79' lang='grc' dir='ltr'>κεῖται</span> <span class='ocrx_word' id='word_1_830' title='bbox 2741 3285 2756 3298; x_wconf 91' lang='grc'>·</span> <span class='ocrx_word' id='word_1_831' title='bbox 2786 3269 2861 3331; x_wconf 83' lang='grc' dir='ltr'>ὡς</span> <span class='ocrx_word' id='word_1_832' title='bbox 2890 3271 2983 3322; x_wconf 71' lang='grc' dir='ltr'>καὶ</span> <span class='ocrx_word' id='word_1_833' title='bbox 3028 3270 3294 3340; x_wconf 84' lang='grc' dir='ltr'>Ἱερεμίας</span> <span class='ocrx_word' id='word_1_834' title='bbox 3321 3269 3470 3337; x_wconf 89' lang='grc' dir='ltr'>δηλοῖ</span> <span class='ocrx_word' id='word_1_835' title='bbox 3496 3269 3686 3336; x_wconf 88' lang='grc' dir='ltr'>λέγων,</span> <span class='ocrx_word' id='word_1_836' title='bbox 3713 3270 3814 3323; x_wconf 85' lang='grc' dir='ltr'>Σὺ</span> 
     </span>
    </p>
   </div>
   <div class='ocr_carea' id='block_1_103' title="bbox 2222 3350 3822 3422">
    <p class='ocr_par' dir='ltr' id='par_1_103' title="bbox 2222 3350 3822 3422">
     <span class='ocr_line' id='line_1_103' title="bbox 2222 3350 3822 3422; baseline 0.003 -19"><span class='ocrx_word' id='word_1_837' title='bbox 2222 3350 2557 3417; x_wconf 76' lang='grc' dir='ltr'>καθήμενος</span> <span class='ocrx_word' id='word_1_838' title='bbox 2585 3353 2673 3417; x_wconf 77' lang='grc' dir='ltr'>εἰς</span> <span class='ocrx_word' id='word_1_839' title='bbox 2694 3351 2805 3404; x_wconf 83' lang='grc' dir='ltr'>τὸν</span> <span class='ocrx_word' id='word_1_840' title='bbox 2834 3352 3036 3406; x_wconf 86' lang='grc' dir='ltr'>αἰῶνα.</span> <span class='ocrx_word' id='word_1_841' title='bbox 3075 3353 3183 3405; x_wconf 77' lang='grc' dir='ltr'>Καὶ</span> <span class='ocrx_word' id='word_1_842' title='bbox 3221 3354 3250 3404; x_wconf 86' lang='grc' dir='ltr'>ὁ</span> <span class='ocrx_word' id='word_1_843' title='bbox 3292 3353 3540 3422; x_wconf 79' lang='grc' dir='ltr'>Ἐϐραῖος</span> <span class='ocrx_word' id='word_1_844' title='bbox 3570 3352 3822 3407; x_wconf 74' lang='grc' dir='ltr'>ἐνταῦθα</span> 
     </span>
    </p>
   </div>
   <div class='ocr_carea' id='block_1_104' title="bbox 2233 3434 3821 3506">
    <p class='ocr_par' dir='ltr' id='par_1_104' title="bbox 2233 3434 3821 3506">
     <span class='ocr_line' id='line_1_104' title="bbox 2233 3434 3821 3506; baseline 0.002 -19"><span class='ocrx_word' id='word_1_845' title='bbox 2233 3434 2434 3502; x_wconf 79' lang='grc' dir='ltr'>Ἰησήϐ</span> <span class='ocrx_word' id='word_1_846' title='bbox 2458 3452 2610 3502; x_wconf 90' lang='grc' dir='ltr'>φησι.</span> <span class='ocrx_word' id='word_1_847' title='bbox 2642 3434 2889 3505; x_wconf 86' lang='grc' dir='ltr'>Συνεχῶς</span> <span class='ocrx_word' id='word_1_848' title='bbox 2925 3434 3080 3489; x_wconf 89' lang='grc' dir='ltr'>τοῦτο</span> <span class='ocrx_word' id='word_1_849' title='bbox 3110 3435 3256 3504; x_wconf 85' lang='grc' dir='ltr'>λέγει</span> <span class='ocrx_word' id='word_1_850' title='bbox 3303 3436 3333 3488; x_wconf 83' lang='grc' dir='ltr'><strong>ὁ</strong></span> <span class='ocrx_word' id='word_1_851' title='bbox 3372 3436 3656 3506; x_wconf 84' lang='grc' dir='ltr'>προφήτης</span> <span class='ocrx_word' id='word_1_852' title='bbox 3707 3436 3821 3490; x_wconf 70' lang='grc' dir='ltr'>ἐπὶ</span> 
     </span>
    </p>
   </div>
   <div class='ocr_carea' id='block_1_105' title="bbox 2221 3516 3819 3589">
    <p class='ocr_par' dir='ltr' id='par_1_105' title="bbox 2221 3516 3819 3589">
     <span class='ocr_line' id='line_1_105' title="bbox 2221 3516 3819 3589; baseline 0.002 -20"><span class='ocrx_word' id='word_1_853' title='bbox 2221 3518 2318 3585; x_wconf 85' lang='grc' dir='ltr'>τῆς</span> <span class='ocrx_word' id='word_1_854' title='bbox 2345 3516 2620 3581; x_wconf 89' lang='grc' dir='ltr'>ἀπωλείας</span> <span class='ocrx_word' id='word_1_855' title='bbox 2648 3516 2754 3570; x_wconf 85' lang='grc' dir='ltr'>τῶν</span> <span class='ocrx_word' id='word_1_856' title='bbox 2791 3516 3109 3589; x_wconf 85' lang='grc' dir='ltr'>ἀνθρώπων,</span> <span class='ocrx_word' id='word_1_857' title='bbox 3153 3518 3369 3582; x_wconf 84' lang='grc' dir='ltr'>δεικνὺς</span> <span class='ocrx_word' id='word_1_858' title='bbox 3388 3518 3552 3572; x_wconf 89' lang='grc' dir='ltr'>αὐτοῦ</span> <span class='ocrx_word' id='word_1_859' title='bbox 3583 3517 3644 3571; x_wconf 82' lang='grc' dir='ltr'>τὸ</span> <span class='ocrx_word' id='word_1_860' title='bbox 3670 3518 3819 3572; x_wconf 86' lang='grc' dir='ltr'>ἀτε-</span> 
     </span>
    </p>
   </div>
   <div class='ocr_carea' id='block_1_106' title="bbox 2221 3599 3820 3674">
    <p class='ocr_par' dir='ltr' id='par_1_106' title="bbox 2221 3599 3820 3674">
     <span class='ocr_line' id='line_1_106' title="bbox 2221 3599 3820 3674; baseline 0.001 -21"><span class='ocrx_word' id='word_1_861' title='bbox 2221 3600 2476 3671; x_wconf 88' lang='grc' dir='ltr'>λεύτητον</span> <span class='ocrx_word' id='word_1_862' title='bbox 2505 3602 2604 3670; x_wconf 82' lang='grc' dir='ltr'>τῆς</span> <span class='ocrx_word' id='word_1_863' title='bbox 2643 3599 2832 3663; x_wconf 89' lang='grc' dir='ltr'>οὐσίας</span> <span class='ocrx_word' id='word_1_864' title='bbox 2856 3640 2870 3658; x_wconf 87' lang='grc'>.</span> <span class='ocrx_word' id='word_1_865' title='bbox 2899 3600 2990 3655; x_wconf 74' lang='grc' dir='ltr'>καὶ</span> <span class='ocrx_word' id='word_1_866' title='bbox 3033 3602 3113 3654; x_wconf 85' lang='grc' dir='ltr'>ὅτι</span> <span class='ocrx_word' id='word_1_867' title='bbox 3144 3601 3206 3655; x_wconf 84' lang='grc' dir='ltr'>τὸ</span> <span class='ocrx_word' id='word_1_868' title='bbox 3236 3602 3335 3672; x_wconf 80' lang='grc' dir='ltr'>μὲν</span> <span class='ocrx_word' id='word_1_869' title='bbox 3362 3601 3471 3654; x_wconf 88' lang='grc' dir='ltr'>τῶν</span> <span class='ocrx_word' id='word_1_870' title='bbox 3497 3600 3820 3674; x_wconf 80' lang='grc' dir='ltr'>ἀνθρώπων</span> 
     </span>
    </p>
   </div>
   <div class='ocr_carea' id='block_1_107' title="bbox 2222 3682 3819 3754">
    <p class='ocr_par' dir='ltr' id='par_1_107' title="bbox 2222 3682 3819 3754">
     <span class='ocr_line' id='line_1_107' title="bbox 2222 3682 3819 3754; baseline 0.001 -18"><span class='ocrx_word' id='word_1_871' title='bbox 2222 3684 2377 3752; x_wconf 86' lang='grc' dir='ltr'>γένος</span> <span class='ocrx_word' id='word_1_872' title='bbox 2413 3682 2692 3752; x_wconf 77' lang='grc' dir='ltr'>ἐπίκηρον.</span> <span class='ocrx_word' id='word_1_873' title='bbox 2740 3684 2802 3735; x_wconf 86' lang='grc' dir='ltr'>Ἡ</span> <span class='ocrx_word' id='word_1_874' title='bbox 2834 3683 2891 3735; x_wconf 84' lang='grc' dir='ltr'>δὲ</span> <span class='ocrx_word' id='word_1_875' title='bbox 2922 3683 3130 3736; x_wconf 76' lang='grc' dir='ltr'>ἐκείνου</span> <span class='ocrx_word' id='word_1_876' title='bbox 3163 3684 3319 3738; x_wconf 90' lang='grc' dir='ltr'>οὐσία</span> <span class='ocrx_word' id='word_1_877' title='bbox 3349 3685 3444 3737; x_wconf 72' lang='grc' dir='ltr'>καὶ</span> <span class='ocrx_word' id='word_1_878' title='bbox 3477 3686 3510 3753; x_wconf 86' lang='grc' dir='ltr'>ἡ</span> <span class='ocrx_word' id='word_1_879' title='bbox 3553 3683 3819 3754; x_wconf 78' lang='grc' dir='ltr'>μεγαλω-</span> 
     </span>
    </p>
   </div>
   <div class='ocr_carea' id='block_1_108' title="bbox 2225 3762 3819 3838">
    <p class='ocr_par' dir='ltr' id='par_1_108' title="bbox 2225 3762 3819 3838">
     <span class='ocr_line' id='line_1_108' title="bbox 2225 3762 3819 3838; baseline 0.002 -20"><span class='ocrx_word' id='word_1_880' title='bbox 2225 3767 2355 3837; x_wconf 85' lang='grc' dir='ltr'>σύνη</span> <span class='ocrx_word' id='word_1_881' title='bbox 2387 3765 2758 3832; x_wconf 89' lang='grc' dir='ltr'>ἀτελεύτητος.</span> <span class='ocrx_word' id='word_1_882' title='bbox 2794 3762 2964 3819; x_wconf 90' lang='grc' dir='ltr'>Τοῦτο</span> <span class='ocrx_word' id='word_1_883' title='bbox 3000 3765 3057 3819; x_wconf 80' lang='grc' dir='ltr'>δὲ</span> <span class='ocrx_word' id='word_1_884' title='bbox 3087 3770 3231 3820; x_wconf 81' lang='grc' dir='ltr'>ποιεί</span> <span class='ocrx_word' id='word_1_885' title='bbox 3276 3767 3368 3821; x_wconf 75' lang='grc' dir='ltr'>τὸν</span> <span class='ocrx_word' id='word_1_886' title='bbox 3419 3765 3582 3833; x_wconf 85' lang='grc' dir='ltr'>φόϐον</span> <span class='ocrx_word' id='word_1_887' title='bbox 3623 3767 3819 3838; x_wconf 76' lang='grc' dir='ltr'>ἐπαρ-</span> 
     </span>
    </p>
   </div>
   <div class='ocr_carea' id='block_1_109' title="bbox 2223 3841 3821 3921">
    <p class='ocr_par' dir='ltr' id='par_1_109' title="bbox 2223 3841 3821 3921">
     <span class='ocr_line' id='line_1_109' title="bbox 2223 3841 3821 3921; baseline 0.002 -20"><span class='ocrx_word' id='word_1_888' title='bbox 2223 3849 2330 3902; x_wconf 84' lang='grc' dir='ltr'>τῶν</span> <span class='ocrx_word' id='word_1_889' title='bbox 2351 3889 2367 3908; x_wconf 81' lang='grc'>,</span> <span class='ocrx_word' id='word_1_890' title='bbox 2395 3848 2480 3901; x_wconf 83' lang='grc' dir='ltr'>ἵνα</span> <span class='ocrx_word' id='word_1_891' title='bbox 2512 3848 2848 3918; x_wconf 78' lang='grc' dir='ltr'>ἑκατέρωθεν</span> <span class='ocrx_word' id='word_1_892' title='bbox 2884 3841 3017 3901; x_wconf 82' lang='grc' dir='ltr'>ὦσιν</span> <span class='ocrx_word' id='word_1_893' title='bbox 3057 3848 3216 3903; x_wconf 77' lang='grc' dir='ltr'>αὐτὸν</span> <span class='ocrx_word' id='word_1_894' title='bbox 3248 3849 3564 3921; x_wconf 83' lang='grc' dir='ltr'>τρέμοντες,</span> <span class='ocrx_word' id='word_1_895' title='bbox 3594 3850 3687 3902; x_wconf 74' lang='grc' dir='ltr'>καὶ</span> <span class='ocrx_word' id='word_1_896' title='bbox 3711 3849 3821 3904; x_wconf 78' lang='grc' dir='ltr'>διὰ</span> 
     </span>
    </p>
   </div>
   <div class='ocr_carea' id='block_1_110' title="bbox 2221 3930 3819 4001">
    <p class='ocr_par' dir='ltr' id='par_1_110' title="bbox 2221 3930 3819 4001">
     <span class='ocr_line' id='line_1_110' title="bbox 2221 3930 3819 4001; baseline -0.002 -15"><span class='ocrx_word' id='word_1_897' title='bbox 2221 3932 2283 3986; x_wconf 82' lang='grc' dir='ltr'>τὸ</span> <span class='ocrx_word' id='word_1_898' title='bbox 2331 3930 2556 4000; x_wconf 90' lang='grc' dir='ltr'>μέγεθος</span> <span class='ocrx_word' id='word_1_899' title='bbox 2588 3930 2751 3985; x_wconf 84' lang='grc' dir='ltr'>αὐτοῦ</span> <span class='ocrx_word' id='word_1_900' title='bbox 2802 3932 2901 4001; x_wconf 81' lang='grc' dir='ltr'>τῆς</span> <span class='ocrx_word' id='word_1_901' title='bbox 2938 3930 3124 4000; x_wconf 79' lang='grc' dir='ltr'>δόξης,</span> <span class='ocrx_word' id='word_1_902' title='bbox 3158 3932 3252 3985; x_wconf 73' lang='grc' dir='ltr'>καὶ</span> <span class='ocrx_word' id='word_1_903' title='bbox 3281 3930 3370 3985; x_wconf 78' lang='grc' dir='ltr'>διὰ</span> <span class='ocrx_word' id='word_1_904' title='bbox 3395 3931 3455 3984; x_wconf 84' lang='grc' dir='ltr'>τὸ</span> <span class='ocrx_word' id='word_1_905' title='bbox 3484 3930 3668 3993; x_wconf 87' lang='grc' dir='ltr'>ἀτελὲς</span> <span class='ocrx_word' id='word_1_906' title='bbox 3698 3931 3819 3999; x_wconf 83' lang='grc' dir='ltr'>τῆς</span> 
     </span>
    </p>
   </div>
   <div class='ocr_carea' id='block_1_111' title="bbox 2222 4012 3821 4084">
    <p class='ocr_par' dir='ltr' id='par_1_111' title="bbox 2222 4012 3821 4084">
     <span class='ocr_line' id='line_1_111' title="bbox 2222 4012 3821 4084; baseline -0.001 -16"><span class='ocrx_word' id='word_1_907' title='bbox 2222 4015 2426 4078; x_wconf 78' lang='grc' dir='ltr'>οἰκείας</span> <span class='ocrx_word' id='word_1_908' title='bbox 2454 4013 2643 4077; x_wconf 86' lang='grc' dir='ltr'>οὐσίας</span> <span class='ocrx_word' id='word_1_909' title='bbox 2664 4052 2678 4074; x_wconf 95' lang='grc'>,</span> <span class='ocrx_word' id='word_1_910' title='bbox 2708 4013 2801 4066; x_wconf 75' lang='grc' dir='ltr'>καὶ</span> <span class='ocrx_word' id='word_1_911' title='bbox 2829 4014 2905 4076; x_wconf 87' lang='grc' dir='ltr'>ὡς</span> <span class='ocrx_word' id='word_1_912' title='bbox 2937 4013 3023 4067; x_wconf 70' lang='grc' dir='ltr'>ἀεὶ</span> <span class='ocrx_word' id='word_1_913' title='bbox 3053 4013 3303 4084; x_wconf 88' lang='grc' dir='ltr'>μένοντα,</span> <span class='ocrx_word' id='word_1_914' title='bbox 3339 4014 3433 4069; x_wconf 79' lang='grc' dir='ltr'>καὶ</span> <span class='ocrx_word' id='word_1_915' title='bbox 3459 4014 3535 4076; x_wconf 86' lang='grc' dir='ltr'>ὡς</span> <span class='ocrx_word' id='word_1_916' title='bbox 3559 4013 3647 4066; x_wconf 78' lang='grc' dir='ltr'>ἀεὶ</span> <span class='ocrx_word' id='word_1_917' title='bbox 3679 4012 3821 4082; x_wconf 79' lang='grc' dir='ltr'>μεθ’</span> 
     </span>
    </p>
   </div>
   <div class='ocr_carea' id='block_1_112' title="bbox 2224 4097 3818 4169">
    <p class='ocr_par' dir='ltr' id='par_1_112' title="bbox 2224 4097 3818 4169">
     <span class='ocr_line' id='line_1_112' title="bbox 2224 4097 3818 4169; baseline -0.001 -18"><span class='ocrx_word' id='word_1_918' title='bbox 2224 4098 2526 4169; x_wconf 77' lang='grc' dir='ltr'>ὑπερϐολῆς</span> <span class='ocrx_word' id='word_1_919' title='bbox 2554 4097 2869 4162; x_wconf 78' lang='grc' dir='ltr'>κολάζοντα.</span> <span class='ocrx_word' id='word_1_920' title='bbox 2899 4099 2962 4151; x_wconf 88' lang='grc' dir='ltr'>Εἰ</span> <span class='ocrx_word' id='word_1_921' title='bbox 2990 4098 3046 4151; x_wconf 78' lang='grc' dir='ltr'>δὲ</span> <span class='ocrx_word' id='word_1_922' title='bbox 3075 4100 3180 4169; x_wconf 89' lang='grc' dir='ltr'>χρή</span> <span class='ocrx_word' id='word_1_923' title='bbox 3210 4115 3265 4152; x_wconf 90' lang='grc' dir='ltr'>τι</span> <span class='ocrx_word' id='word_1_924' title='bbox 3296 4098 3389 4153; x_wconf 74' lang='grc' dir='ltr'>καὶ</span> <span class='ocrx_word' id='word_1_925' title='bbox 3418 4097 3558 4153; x_wconf 76' lang='grc' dir='ltr'>κατὰ</span> <span class='ocrx_word' id='word_1_926' title='bbox 3583 4097 3818 4165; x_wconf 86' lang='grc' dir='ltr'>ἀναγω-</span> 
     </span>
    </p>
   </div>
   <div class='ocr_carea' id='block_1_113' title="bbox 2222 4178 3822 4252">
    <p class='ocr_par' dir='ltr' id='par_1_113' title="bbox 2222 4178 3822 4252">
     <span class='ocr_line' id='line_1_113' title="bbox 2222 4178 3822 4252; baseline 0.001 -18"><span class='ocrx_word' id='word_1_927' title='bbox 2222 4181 2323 4252; x_wconf 90' lang='grc' dir='ltr'>γὴν</span> <span class='ocrx_word' id='word_1_928' title='bbox 2360 4183 2569 4245; x_wconf 82' lang='grc' dir='ltr'>εἰπεῖν,</span> <span class='ocrx_word' id='word_1_929' title='bbox 2601 4180 2662 4233; x_wconf 92' lang='grc' dir='ltr'>οὐ</span> <span class='ocrx_word' id='word_1_930' title='bbox 2697 4178 3082 4251; x_wconf 84' lang='grc' dir='ltr'>παραιτητέον.</span> <span class='ocrx_word' id='word_1_931' title='bbox 3118 4179 3199 4235; x_wconf 84' lang='grc' dir='ltr'>Τά</span> <span class='ocrx_word' id='word_1_932' title='bbox 3249 4180 3349 4250; x_wconf 81' lang='grc' dir='ltr'>μὲν</span> <span class='ocrx_word' id='word_1_933' title='bbox 3386 4181 3493 4251; x_wconf 89' lang='grc' dir='ltr'>γάρ</span> <span class='ocrx_word' id='word_1_934' title='bbox 3548 4180 3662 4233; x_wconf 88' lang='grc' dir='ltr'>ἔστι</span> <span class='ocrx_word' id='word_1_935' title='bbox 3707 4182 3822 4235; x_wconf 73' lang='grc' dir='ltr'>καὶ</span> 
     </span>
    </p>
   </div>
   <div class='ocr_carea' id='block_1_114' title="bbox 2223 4261 3811 4334">
    <p class='ocr_par' dir='ltr' id='par_1_114' title="bbox 2223 4261 3811 4334">
     <span class='ocr_line' id='line_1_114' title="bbox 2223 4261 3811 4334; baseline -0.001 -17"><span class='ocrx_word' id='word_1_936' title='bbox 2223 4262 2534 4334; x_wconf 87' lang='grc' dir='ltr'>θεωρῆσαι·</span> <span class='ocrx_word' id='word_1_937' title='bbox 2563 4262 2633 4316; x_wconf 87' lang='grc' dir='ltr'>τά</span> <span class='ocrx_word' id='word_1_938' title='bbox 2676 4262 2733 4315; x_wconf 80' lang='grc' dir='ltr'>δὲ</span> <span class='ocrx_word' id='word_1_939' title='bbox 2758 4261 2901 4317; x_wconf 75' lang='grc' dir='ltr'>οὕτω</span> <span class='ocrx_word' id='word_1_940' title='bbox 2924 4261 3004 4316; x_wconf 88' lang='grc' dir='ltr'>δεῖ</span> <span class='ocrx_word' id='word_1_941' title='bbox 3031 4265 3171 4316; x_wconf 88' lang='grc' dir='ltr'>νοεῖν</span> <span class='ocrx_word' id='word_1_942' title='bbox 3196 4302 3211 4324; x_wconf 89' lang='grc'>,</span> <span class='ocrx_word' id='word_1_943' title='bbox 3245 4263 3321 4326; x_wconf 85' lang='grc' dir='ltr'>ὡς</span> <span class='ocrx_word' id='word_1_944' title='bbox 3362 4263 3574 4333; x_wconf 72' lang='grc' dir='ltr'>εἴρηται</span> <span class='ocrx_word' id='word_1_945' title='bbox 3602 4261 3771 4332; x_wconf 88' lang='grc' dir='ltr'>μόνον</span> <span class='ocrx_word' id='word_1_946' title='bbox 3794 4282 3811 4293; x_wconf 92' lang='grc'>·</span> 
     </span>
    </p>
   </div>
   <div class='ocr_carea' id='block_1_115' title="bbox 2219 4344 3821 4415">
    <p class='ocr_par' dir='ltr' id='par_1_115' title="bbox 2219 4344 3821 4415">
     <span class='ocr_line' id='line_1_115' title="bbox 2219 4344 3821 4415; baseline 0 -16"><span class='ocrx_word' id='word_1_947' title='bbox 2219 4347 2296 4409; x_wconf 85' lang='grc' dir='ltr'>ὡς</span> <span class='ocrx_word' id='word_1_948' title='bbox 2321 4345 2401 4407; x_wconf 84' lang='grc' dir='ltr'>τὸ,</span> <span class='ocrx_word' id='word_1_949' title='bbox 2433 4346 2527 4398; x_wconf 83' lang='grc' dir='ltr'>Ἐν</span> <span class='ocrx_word' id='word_1_950' title='bbox 2553 4344 2712 4415; x_wconf 81' lang='grc' dir='ltr'>ἀρχῇ</span> <span class='ocrx_word' id='word_1_951' title='bbox 2735 4346 3025 4413; x_wconf 82' lang='grc' dir='ltr'>ἐποίησεν</span> <span class='ocrx_word' id='word_1_952' title='bbox 3047 4349 3080 4400; x_wconf 86' lang='grc' dir='ltr'>ό</span> <span class='ocrx_word' id='word_1_953' title='bbox 3101 4345 3245 4412; x_wconf 85' lang='grc' dir='ltr'>Θεὸς</span> <span class='ocrx_word' id='word_1_954' title='bbox 3281 4344 3388 4399; x_wconf 84' lang='grc' dir='ltr'>τὸν</span> <span class='ocrx_word' id='word_1_955' title='bbox 3416 4345 3676 4415; x_wconf 81' lang='grc' dir='ltr'>οὐρανὸν</span> <span class='ocrx_word' id='word_1_956' title='bbox 3701 4345 3821 4400; x_wconf 75' lang='grc' dir='ltr'>και</span> 
     </span>
    </p>
   </div>
   <div class='ocr_carea' id='block_1_116' title="bbox 2221 4427 3812 4499">
    <p class='ocr_par' dir='ltr' id='par_1_116' title="bbox 2221 4427 3812 4499">
     <span class='ocr_line' id='line_1_116' title="bbox 2221 4427 3812 4499; baseline 0 -16"><span class='ocrx_word' id='word_1_957' title='bbox 2221 4428 2336 4495; x_wconf 83' lang='grc' dir='ltr'>τὴν</span> <span class='ocrx_word' id='word_1_958' title='bbox 2383 4427 2538 4499; x_wconf 76' lang='grc' dir='ltr'>γῆν·</span> <span class='ocrx_word' id='word_1_959' title='bbox 2582 4429 2651 4482; x_wconf 87' lang='grc' dir='ltr'>τά</span> <span class='ocrx_word' id='word_1_960' title='bbox 2695 4429 2750 4482; x_wconf 79' lang='grc' dir='ltr'>δὲ</span> <span class='ocrx_word' id='word_1_961' title='bbox 2807 4430 3133 4491; x_wconf 86' lang='grc' dir='ltr'>ἀπεναντίας</span> <span class='ocrx_word' id='word_1_962' title='bbox 3173 4431 3291 4493; x_wconf 89' lang='grc' dir='ltr'>ταῖς</span> <span class='ocrx_word' id='word_1_963' title='bbox 3326 4429 3566 4497; x_wconf 81' lang='grc' dir='ltr'>λέξεσιν·</span> <span class='ocrx_word' id='word_1_964' title='bbox 3607 4429 3682 4493; x_wconf 85' lang='grc' dir='ltr'>ὼς</span> <span class='ocrx_word' id='word_1_965' title='bbox 3718 4430 3812 4495; x_wconf 81' lang='grc' dir='ltr'>τὸ,</span> 
     </span>
    </p>
   </div>
   <div class='ocr_carea' id='block_1_117' title="bbox 2225 4510 3817 4581">
    <p class='ocr_par' dir='ltr' id='par_1_117' title="bbox 2225 4510 3817 4581">
     <span class='ocr_line' id='line_1_117' title="bbox 2225 4510 3817 4581; baseline -0.001 -15"><span class='ocrx_word' id='word_1_966' title='bbox 2225 4514 2492 4581; x_wconf 66' lang='grc' dir='ltr'>Ἔλαφος</span> <span class='ocrx_word' id='word_1_967' title='bbox 2531 4511 2735 4580; x_wconf 66' lang='grc' dir='ltr'>φιλίας</span> <span class='ocrx_word' id='word_1_968' title='bbox 2763 4551 2777 4572; x_wconf 88' lang='grc'>,</span> <span class='ocrx_word' id='word_1_969' title='bbox 2823 4510 2921 4565; x_wconf 78' lang='grc' dir='ltr'>καὶ</span> <span class='ocrx_word' id='word_1_970' title='bbox 2954 4510 3156 4578; x_wconf 83' lang='grc' dir='ltr'>πῶλος</span> <span class='ocrx_word' id='word_1_971' title='bbox 3187 4510 3316 4565; x_wconf 88' lang='grc' dir='ltr'>σῶν</span> <span class='ocrx_word' id='word_1_972' title='bbox 3348 4514 3635 4581; x_wconf 82' lang='grc' dir='ltr'>χαρίτων,</span> <span class='ocrx_word' id='word_1_973' title='bbox 3675 4513 3817 4579; x_wconf 76' lang='grc' dir='ltr'>ὀμι-</span> 
     </span>
    </p>
   </div>
   <div class='ocr_carea' id='block_1_118' title="bbox 2220 4592 3816 4662">
    <p class='ocr_par' dir='ltr' id='par_1_118' title="bbox 2220 4592 3816 4662">
     <span class='ocr_line' id='line_1_118' title="bbox 2220 4592 3816 4662; baseline -0.001 -14"><span class='ocrx_word' id='word_1_974' title='bbox 2220 4593 2395 4648; x_wconf 82' lang='grc' dir='ltr'>λείτω</span> <span class='ocrx_word' id='word_1_975' title='bbox 2413 4608 2533 4647; x_wconf 88' lang='grc' dir='ltr'>σοι.</span> <span class='ocrx_word' id='word_1_976' title='bbox 2548 4594 2656 4646; x_wconf 74' lang='grc' dir='ltr'>Καὶ</span> <span class='ocrx_word' id='word_1_977' title='bbox 2674 4592 2834 4647; x_wconf 87' lang='grc' dir='ltr'>πάλιν</span> <span class='ocrx_word' id='word_1_978' title='bbox 2850 4609 2864 4621; x_wconf 94' lang='grc'>·</span> <span class='ocrx_word' id='word_1_979' title='bbox 2894 4595 3093 4648; x_wconf 84' lang='grc' dir='ltr'>Ἔστω</span> <span class='ocrx_word' id='word_1_980' title='bbox 3120 4607 3219 4647; x_wconf 77' lang='grc' dir='ltr'>σοι</span> <span class='ocrx_word' id='word_1_981' title='bbox 3240 4597 3405 4662; x_wconf 79' lang='grc' dir='ltr'>μόνῳ</span> <span class='ocrx_word' id='word_1_982' title='bbox 3430 4593 3816 4662; x_wconf 82' lang='grc' dir='ltr'>ὑπάρχοντα,</span> 
     </span>
    </p>
   </div>
   <div class='ocr_carea' id='block_1_119' title="bbox 2221 4674 3813 4745">
    <p class='ocr_par' dir='ltr' id='par_1_119' title="bbox 2221 4674 3813 4745">
     <span class='ocr_line' id='line_1_119' title="bbox 2221 4674 3813 4745; baseline -0.001 -17"><span class='ocrx_word' id='word_1_983' title='bbox 2221 4675 2319 4728; x_wconf 80' lang='grc' dir='ltr'>καί</span> <span class='ocrx_word' id='word_1_984' title='bbox 2360 4674 2573 4744; x_wconf 80' lang='grc' dir='ltr'>μηδεὶς</span> <span class='ocrx_word' id='word_1_985' title='bbox 2605 4675 2922 4742; x_wconf 85' lang='grc' dir='ltr'>ἀλλότριος</span> <span class='ocrx_word' id='word_1_986' title='bbox 2972 4676 3319 4745; x_wconf 80' lang='grc' dir='ltr'>μετασχέτω</span> <span class='ocrx_word' id='word_1_987' title='bbox 3372 4677 3494 4731; x_wconf 88' lang='grc' dir='ltr'>σοί.</span> <span class='ocrx_word' id='word_1_988' title='bbox 3540 4675 3602 4730; x_wconf 86' lang='grc' dir='ltr'><strong><em>Ἠ</em></strong></span> <span class='ocrx_word' id='word_1_989' title='bbox 3636 4675 3813 4744; x_wconf 75' lang='grc' dir='ltr'>πηγή</span> 
     </span>
    </p>
   </div>
   <div class='ocr_carea' id='block_1_120' title="bbox 2222 4752 3817 4829">
    <p class='ocr_par' dir='ltr' id='par_1_120' title="bbox 2222 4752 3817 4829">
     <span class='ocr_line' id='line_1_120' title="bbox 2222 4752 3817 4829; baseline 0.001 -18"><span class='ocrx_word' id='word_1_990' title='bbox 2222 4773 2339 4811; x_wconf 86' lang='grc' dir='ltr'>σου</span> <span class='ocrx_word' id='word_1_991' title='bbox 2372 4752 2477 4812; x_wconf 86' lang='grc' dir='ltr'>τοῦ</span> <span class='ocrx_word' id='word_1_992' title='bbox 2504 4757 2722 4823; x_wconf 81' lang='grc' dir='ltr'>ὕδατός</span> <span class='ocrx_word' id='word_1_993' title='bbox 2753 4771 2853 4811; x_wconf 92' lang='grc' dir='ltr'>σοι</span> <span class='ocrx_word' id='word_1_994' title='bbox 2877 4757 3034 4812; x_wconf 78' lang='grc' dir='ltr'>ἔστω</span> <span class='ocrx_word' id='word_1_995' title='bbox 3065 4758 3250 4826; x_wconf 85' lang='grc' dir='ltr'>μόνῳ.</span> <span class='ocrx_word' id='word_1_996' title='bbox 3279 4758 3452 4811; x_wconf 87' lang='grc' dir='ltr'>Τοῦτο</span> <span class='ocrx_word' id='word_1_997' title='bbox 3473 4758 3581 4829; x_wconf 87' lang='lat'>7&amp;9</span> <span class='ocrx_word' id='word_1_998' title='bbox 3604 4797 3619 4820; x_wconf 87' lang='lat'><strong>,</strong></span> <span class='ocrx_word' id='word_1_999' title='bbox 3641 4757 3708 4811; x_wconf 79' lang='grc' dir='ltr'>ἃν</span> <span class='ocrx_word' id='word_1_1000' title='bbox 3742 4759 3817 4812; x_wconf 80' lang='grc' dir='ltr'>τὸ</span> 
     </span>
    </p>
   </div>
   <div class='ocr_carea' id='block_1_121' title="bbox 2223 4837 3818 4911">
    <p class='ocr_par' dir='ltr' id='par_1_121' title="bbox 2223 4837 3818 4911">
     <span class='ocr_line' id='line_1_121' title="bbox 2223 4837 3818 4911; baseline 0.003 -5"><span class='ocrx_word' id='word_1_1001' title='bbox 2223 4840 2471 4910; x_wconf 86' lang='grc' dir='ltr'>κείμενον</span> <span class='ocrx_word' id='word_1_1002' title='bbox 2498 4840 2730 4910; x_wconf 78' lang='grc' dir='ltr'>νοήσῃς,</span> <span class='ocrx_word' id='word_1_1003' title='bbox 2759 4840 2853 4892; x_wconf 67' lang='grc' dir='ltr'>καὶ</span> <span class='ocrx_word' id='word_1_1004' title='bbox 2888 4840 2960 4911; x_wconf 79' lang='grc' dir='ltr'>μὴ</span> <span class='ocrx_word' id='word_1_1005' title='bbox 2989 4838 3165 4911; x_wconf 73' lang='grc' dir='ltr'>φύγῃς</span> <span class='ocrx_word' id='word_1_1006' title='bbox 3196 4841 3293 4910; x_wconf 77' lang='grc' dir='ltr'>μὲν</span> <span class='ocrx_word' id='word_1_1007' title='bbox 3316 4841 3378 4895; x_wconf 76' lang='grc' dir='ltr'>τὸ</span> <span class='ocrx_word' id='word_1_1008' title='bbox 3402 4841 3571 4911; x_wconf 69' lang='grc' dir='ltr'>ῥῆμα,</span> <span class='ocrx_word' id='word_1_1009' title='bbox 3598 4837 3818 4911; x_wconf 70' lang='grc' dir='ltr'>διώκῃς</span> 
     </span>
    </p>
   </div>
   <div class='ocr_carea' id='block_1_122' title="bbox 2221 4922 3813 4994">
    <p class='ocr_par' dir='ltr' id='par_1_122' title="bbox 2221 4922 3813 4994">
     <span class='ocr_line' id='line_1_122' title="bbox 2221 4922 3813 4994; baseline 0 -18"><span class='ocrx_word' id='word_1_1010' title='bbox 2221 4923 2278 4976; x_wconf 85' lang='grc' dir='ltr'>δὲ</span> <span class='ocrx_word' id='word_1_1011' title='bbox 2307 4923 2369 4976; x_wconf 76' lang='grc' dir='ltr'>τὸ</span> <span class='ocrx_word' id='word_1_1012' title='bbox 2397 4923 2575 4992; x_wconf 87' lang='grc' dir='ltr'>νόημα</span> <span class='ocrx_word' id='word_1_1013' title='bbox 2598 4963 2613 4987; x_wconf 92' lang='grc'>,</span> <span class='ocrx_word' id='word_1_1014' title='bbox 2651 4923 2745 4975; x_wconf 76' lang='grc' dir='ltr'>καὶ</span> <span class='ocrx_word' id='word_1_1015' title='bbox 2772 4922 2973 4992; x_wconf 88' lang='grc' dir='ltr'>πολλῆς</span> <span class='ocrx_word' id='word_1_1016' title='bbox 2994 4923 3385 4994; x_wconf 88' lang='grc' dir='ltr'>ἀπανθρωπίας</span> <span class='ocrx_word' id='word_1_1017' title='bbox 3414 4924 3552 4989; x_wconf 79' lang='grc' dir='ltr'>ἐστὶ,</span> <span class='ocrx_word' id='word_1_1018' title='bbox 3576 4923 3637 4976; x_wconf 78' lang='grc' dir='ltr'>τὸ</span> <span class='ocrx_word' id='word_1_1019' title='bbox 3666 4924 3813 4993; x_wconf 82' lang='grc' dir='ltr'>μηδὲ</span> 
     </span>
    </p>
   </div>
   <div class='ocr_carea' id='block_1_123' title="bbox 2223 5005 3815 5079">
    <p class='ocr_par' dir='ltr' id='par_1_123' title="bbox 2223 5005 3815 5079">
     <span class='ocr_line' id='line_1_123' title="bbox 2223 5005 3815 5079; baseline -0.001 -18"><span class='ocrx_word' id='word_1_1020' title='bbox 2223 5007 2413 5070; x_wconf 85' lang='grc' dir='ltr'>ῦδατός</span> <span class='ocrx_word' id='word_1_1021' title='bbox 2437 5024 2542 5059; x_wconf 90' lang='grc' dir='ltr'>τινι</span> <span class='ocrx_word' id='word_1_1022' title='bbox 2579 5005 2930 5076; x_wconf 89' lang='grc' dir='ltr'>μεταδοῦναι·</span> <span class='ocrx_word' id='word_1_1023' title='bbox 2962 5006 3077 5060; x_wconf 88' lang='grc' dir='ltr'>ἀλλ’</span> <span class='ocrx_word' id='word_1_1024' title='bbox 3111 5005 3346 5061; x_wconf 75' lang='grc' dir='ltr'>ἐνταῦθα</span> <span class='ocrx_word' id='word_1_1025' title='bbox 3376 5007 3505 5079; x_wconf 80' lang='grc' dir='ltr'>περὶ</span> <span class='ocrx_word' id='word_1_1026' title='bbox 3542 5005 3815 5075; x_wconf 76' lang='grc' dir='ltr'>γυναικὸς</span> 
     </span>
    </p>
   </div>
   <div class='ocr_carea' id='block_1_124' title="bbox 2222 5087 3809 5161">
    <p class='ocr_par' dir='ltr' id='par_1_124' title="bbox 2222 5087 3809 5161">
     <span class='ocr_line' id='line_1_124' title="bbox 2222 5087 3809 5161; baseline 0.001 -20"><span class='ocrx_word' id='word_1_1027' title='bbox 2222 5091 2250 5142; x_wconf 87' lang='grc' dir='ltr'><strong>ὁ</strong></span> <span class='ocrx_word' id='word_1_1028' title='bbox 2293 5087 2476 5156; x_wconf 90' lang='grc' dir='ltr'>λόγος,</span> <span class='ocrx_word' id='word_1_1029' title='bbox 2528 5087 2668 5140; x_wconf 82' lang='grc' dir='ltr'>ὥστε</span> <span class='ocrx_word' id='word_1_1030' title='bbox 2700 5088 2871 5158; x_wconf 82' lang='grc' dir='ltr'>αὐτῆς</span> <span class='ocrx_word' id='word_1_1031' title='bbox 2900 5088 3194 5143; x_wconf 88' lang='grc' dir='ltr'>ἀπολαύειν</span> <span class='ocrx_word' id='word_1_1032' title='bbox 3238 5090 3377 5159; x_wconf 88' lang='grc' dir='ltr'>μετά</span> <span class='ocrx_word' id='word_1_1033' title='bbox 3424 5088 3809 5161; x_wconf 76' lang='grc' dir='ltr'>σωφροσύνης,</span> 
     </span>
    </p>
   </div>
   <div class='ocr_carea' id='block_1_125' title="bbox 2222 5170 3815 5244">
    <p class='ocr_par' dir='ltr' id='par_1_125' title="bbox 2222 5170 3815 5244">
     <span class='ocr_line' id='line_1_125' title="bbox 2222 5170 3815 5244; baseline 0.002 -21"><span class='ocrx_word' id='word_1_1034' title='bbox 2222 5171 2404 5241; x_wconf 82' lang='grc' dir='ltr'>πηγὴν</span> <span class='ocrx_word' id='word_1_1035' title='bbox 2432 5170 2610 5223; x_wconf 85' lang='grc' dir='ltr'>καλῶν</span> <span class='ocrx_word' id='word_1_1036' title='bbox 2642 5171 2835 5241; x_wconf 84' lang='grc' dir='ltr'>αὐτὴν,</span> <span class='ocrx_word' id='word_1_1037' title='bbox 2860 5172 2952 5225; x_wconf 78' lang='grc' dir='ltr'>καὶ</span> <span class='ocrx_word' id='word_1_1038' title='bbox 2983 5172 3202 5240; x_wconf 87' lang='grc' dir='ltr'>ἔλαφον,</span> <span class='ocrx_word' id='word_1_1039' title='bbox 3229 5170 3319 5226; x_wconf 82' lang='grc' dir='ltr'>διά</span> <span class='ocrx_word' id='word_1_1040' title='bbox 3340 5171 3401 5226; x_wconf 86' lang='grc' dir='ltr'>τὸ</span> <span class='ocrx_word' id='word_1_1041' title='bbox 3427 5172 3668 5244; x_wconf 80' lang='grc' dir='ltr'>καθαρὸν</span> <span class='ocrx_word' id='word_1_1042' title='bbox 3697 5173 3815 5243; x_wconf 84' lang='grc' dir='ltr'>τῆς</span> 
     </span>
    </p>
   </div>
   <div class='ocr_carea' id='block_1_126' title="bbox 2221 5253 3815 5326">
    <p class='ocr_par' dir='ltr' id='par_1_126' title="bbox 2221 5253 3815 5326">
     <span class='ocr_line' id='line_1_126' title="bbox 2221 5253 3815 5326; baseline 0 -18"><span class='ocrx_word' id='word_1_1043' title='bbox 2221 5255 2313 5308; x_wconf 89' lang='grc' dir='ltr'>τοῦ</span> <span class='ocrx_word' id='word_1_1044' title='bbox 2338 5254 2517 5324; x_wconf 86' lang='grc' dir='ltr'>γάμου</span> <span class='ocrx_word' id='word_1_1045' title='bbox 2549 5253 2853 5317; x_wconf 84' lang='grc' dir='ltr'>συνουσίας.</span> <span class='ocrx_word' id='word_1_1046' title='bbox 2878 5255 2987 5308; x_wconf 73' lang='grc' dir='ltr'>Καὶ</span> <span class='ocrx_word' id='word_1_1047' title='bbox 3012 5254 3247 5309; x_wconf 73' lang='grc' dir='ltr'>ἐνταῦθα</span> <span class='ocrx_word' id='word_1_1048' title='bbox 3278 5255 3377 5326; x_wconf 78' lang='grc' dir='ltr'>μὲν</span> <span class='ocrx_word' id='word_1_1049' title='bbox 3399 5255 3572 5320; x_wconf 81' lang='grc' dir='ltr'>οὓτως</span> <span class='ocrx_word' id='word_1_1050' title='bbox 3597 5274 3611 5287; x_wconf 81' lang='lat'><strong><em>-</em></strong></span> <span class='ocrx_word' id='word_1_1051' title='bbox 3638 5255 3815 5314; x_wconf 85' lang='grc' dir='ltr'>ἀλλα-</span> 
     </span>
    </p>
   </div>
   <div class='ocr_carea' id='block_1_127' title="bbox 2287 5386 3817 5452">
    <p class='ocr_par' dir='ltr' id='par_1_127' title="bbox 2287 5386 3817 5452">
     <span class='ocr_line' id='line_1_127' title="bbox 2287 5386 3817 5452; baseline 0.001 -16"><span class='ocrx_word' id='word_1_1052' title='bbox 2287 5394 2309 5422; x_wconf 76' lang='grc' dir='ltr'><strong><em>ο</em></strong></span> <span class='ocrx_word' id='word_1_1053' title='bbox 2337 5390 2451 5452; x_wconf 77' lang='grc' dir='ltr'>Ἤρ..</span> <span class='ocrx_word' id='word_1_1054' title='bbox 2477 5401 2604 5448; x_wconf 59' lang='lat' dir='ltr'>man</span> <span class='ocrx_word' id='word_1_1055' title='bbox 2630 5389 2897 5452; x_wconf 81' lang='lat' dir='ltr'><strong>legendum</strong></span> <span class='ocrx_word' id='word_1_1056' title='bbox 2923 5389 3051 5437; x_wconf 88' lang='lat' dir='ltr'><strong>haud</strong></span> <span class='ocrx_word' id='word_1_1057' title='bbox 3069 5388 3217 5437; x_wconf 87' lang='lat' dir='ltr'><strong>dubie</strong></span> <span class='ocrx_word' id='word_1_1058' title='bbox 3240 5388 3386 5451; x_wconf 73' lang='grc' dir='ltr'>ἔμμα,</span> <span class='ocrx_word' id='word_1_1059' title='bbox 3412 5388 3535 5437; x_wconf 77' lang='lat' dir='ltr'><strong>utin</strong></span> <span class='ocrx_word' id='word_1_1060' title='bbox 3559 5386 3817 5449; x_wconf 77' lang='lat' dir='ltr'>Hexaplis</span> 
     </span>
    </p>
   </div>
   <div class='ocr_carea' id='block_1_128' title="bbox 2223 5457 3812 5521">
    <p class='ocr_par' dir='ltr' id='par_1_128' title="bbox 2223 5457 3812 5521">
     <span class='ocr_line' id='line_1_128' title="bbox 2223 5457 3812 5521; baseline -0.001 -10"><span class='ocrx_word' id='word_1_1061' title='bbox 2223 5460 2421 5511; x_wconf 73' lang='lat' dir='ltr'>nostris.</span> <span class='ocrx_word' id='word_1_1062' title='bbox 2468 5462 2654 5509; x_wconf 45' lang='grc' dir='ltr'>εει-ΗΑ</span> <span class='ocrx_word' id='word_1_1063' title='bbox 2689 5475 2705 5506; x_wconf 81' lang='grc' dir='ltr'>ι</span> <span class='ocrx_word' id='word_1_1064' title='bbox 2733 5459 3008 5521; x_wconf 69' lang='grc' dir='ltr'>Διωλύγιον·</span> <span class='ocrx_word' id='word_1_1065' title='bbox 3049 5457 3199 5521; x_wconf 79' lang='grc' dir='ltr'>ἠχοῦν</span> <span class='ocrx_word' id='word_1_1066' title='bbox 3247 5459 3324 5507; x_wconf 80' lang='grc' dir='ltr'>ἐπὶ</span> <span class='ocrx_word' id='word_1_1067' title='bbox 3377 5458 3520 5519; x_wconf 81' lang='grc' dir='ltr'>πολὺ,</span> <span class='ocrx_word' id='word_1_1068' title='bbox 3558 5459 3680 5521; x_wconf 77' lang='grc' dir='ltr'>μέγα</span> <span class='ocrx_word' id='word_1_1069' title='bbox 3718 5464 3812 5509; x_wconf 71' lang='grc' dir='ltr'>καὶ</span> 
     </span>
    </p>
   </div>
   <div class='ocr_carea' id='block_1_129' title="bbox 2223 5520 3812 5586">
    <p class='ocr_par' dir='ltr' id='par_1_129' title="bbox 2223 5520 3812 5586">
     <span class='ocr_line' id='line_1_129' title="bbox 2223 5520 3812 5586; baseline 0 -15"><span class='ocrx_word' id='word_1_1070' title='bbox 2223 5523 2427 5586; x_wconf 86' lang='grc' dir='ltr'>σφοδρὸν</span> <span class='ocrx_word' id='word_1_1071' title='bbox 2450 5522 2797 5586; x_wconf 78' lang='grc' dir='ltr'>διατεταμένον.</span> <span class='ocrx_word' id='word_1_1072' title='bbox 2824 5520 3038 5586; x_wconf 68' lang='lat' dir='ltr'>Hesych.</span> <span class='ocrx_word' id='word_1_1073' title='bbox 3057 5520 3145 5586; x_wconf 84' lang='lat' dir='ltr'><strong>_Cui</strong></span> <span class='ocrx_word' id='word_1_1074' title='bbox 3183 5522 3523 5586; x_wconf 47' lang='lat' dir='ltr'>asggngiunlur</span> <span class='ocrx_word' id='word_1_1075' title='bbox 3544 5520 3693 5586; x_wconf 60' lang='lat' dir='ltr'>(fliam</span> <span class='ocrx_word' id='word_1_1076' title='bbox 3716 5524 3812 5572; x_wconf 80' lang='lat' dir='ltr'><strong>alii</strong></span> 
     </span>
    </p>
   </div>
   <div class='ocr_carea' id='block_1_130' title="bbox 2221 5580 3655 5644">
    <p class='ocr_par' dir='ltr' id='par_1_130' title="bbox 2221 5580 3655 5644">
     <span class='ocr_line' id='line_1_130' title="bbox 2221 5580 3655 5644; baseline -0.003 -12"><span class='ocrx_word' id='word_1_1077' title='bbox 2221 5580 2541 5643; x_wconf 62' lang='lat' dir='ltr'>giam&#39;malici.</span> <span class='ocrx_word' id='word_1_1078' title='bbox 2564 5580 2903 5644; x_wconf 67' lang='lat' dir='ltr'>Etymologus,</span> <span class='ocrx_word' id='word_1_1079' title='bbox 2926 5582 3257 5644; x_wconf 78' lang='grc' dir='ltr'>διωλύγιον,τὸ</span> <span class='ocrx_word' id='word_1_1080' title='bbox 3272 5580 3655 5644; x_wconf 55' lang='lat' dir='ltr'>maxumum</span> 
     </span>
    </p>
   </div>
   <div class='ocr_carea' id='block_1_131' title="bbox 2223 5642 3813 5704">
    <p class='ocr_par' dir='ltr' id='par_1_131' title="bbox 2223 5642 3813 5704">
     <span class='ocr_line' id='line_1_131' title="bbox 2223 5642 3813 5704; baseline -0.003 -11"><span class='ocrx_word' id='word_1_1081' title='bbox 2223 5642 2388 5704; x_wconf 62' lang='lat' dir='ltr'>hliler,</span> <span class='ocrx_word' id='word_1_1082' title='bbox 2427 5642 2880 5692; x_wconf 34' lang='lat' dir='ltr'>secutus’nimirum</span> <span class='ocrx_word' id='word_1_1083' title='bbox 2907 5642 3313 5704; x_wconf 67' lang='lat' dir='ltr'>signiﬁcationem</span> <span class='ocrx_word' id='word_1_1084' title='bbox 3349 5643 3488 5692; x_wconf 81' lang='lat' dir='ltr'>verbi</span> <span class='ocrx_word' id='word_1_1085' title='bbox 3521 5642 3753 5704; x_wconf 71' lang='grc' dir='ltr'>ῥλολύζω.</span> <span class='ocrx_word' id='word_1_1086' title='bbox 3780 5664 3813 5689; x_wconf 77' lang='grc' dir='ltr'>ι.</span> 
     </span>
    </p>
   </div>
   <div class='ocr_carea' id='block_1_132' title="bbox 2223 5701 3816 5767">
    <p class='ocr_par' dir='ltr' id='par_1_132' title="bbox 2223 5701 3816 5767">
     <span class='ocr_line' id='line_1_132' title="bbox 2223 5701 3816 5767; baseline 0.001 -14"><span class='ocrx_word' id='word_1_1087' title='bbox 2223 5709 2303 5755; x_wconf 78' lang='lat' dir='ltr'>Sic</span> <span class='ocrx_word' id='word_1_1088' title='bbox 2327 5701 2474 5767; x_wconf 72' lang='lat' dir='ltr'>pdrro</span> <span class='ocrx_word' id='word_1_1089' title='bbox 2512 5708 2661 5753; x_wconf 76' lang='lat' dir='ltr'>vertit</span> <span class='ocrx_word' id='word_1_1090' title='bbox 2699 5701 3268 5765; x_wconf 47' lang='lat' dir='ltr'>interpres—Henetus:</span> <span class='ocrx_word' id='word_1_1091' title='bbox 3314 5705 3371 5752; x_wconf 86' lang='grc' dir='ltr'>τὸ</span> <span class='ocrx_word' id='word_1_1092' title='bbox 3403 5701 3652 5767; x_wconf 62' lang='grc' dir='ltr'>διωλύγιον</span> <span class='ocrx_word' id='word_1_1093' title='bbox 3702 5708 3816 5755; x_wconf 80' lang='grc' dir='ltr'>τῶν</span> 
     </span>
    </p>
   </div>
   <div class='ocr_carea' id='block_1_133' title="bbox 2222 5765 3816 5827">
    <p class='ocr_par' dir='ltr' id='par_1_133' title="bbox 2222 5765 3816 5827">
     <span class='ocr_line' id='line_1_133' title="bbox 2222 5765 3816 5827; baseline 0 -10"><span class='ocrx_word' id='word_1_1094' title='bbox 2222 5765 2404 5824; x_wconf 75' lang='grc' dir='ltr'>κακῶν,</span> <span class='ocrx_word' id='word_1_1095' title='bbox 2425 5767 2665 5815; x_wconf 81' lang='lat' dir='ltr'>malorum</span> <span class='ocrx_word' id='word_1_1096' title='bbox 2687 5778 2959 5824; x_wconf 67' lang='lat' dir='ltr'>narrarem,</span> <span class='ocrx_word' id='word_1_1097' title='bbox 2980 5780 3090 5827; x_wconf 67' lang='lat' dir='ltr'>quae</span> <span class='ocrx_word' id='word_1_1098' title='bbox 3108 5778 3226 5815; x_wconf 86' lang='lat' dir='ltr'>sane</span> <span class='ocrx_word' id='word_1_1099' title='bbox 3247 5779 3446 5815; x_wconf 86' lang='lat' dir='ltr'>sensum</span> <span class='ocrx_word' id='word_1_1100' title='bbox 3467 5765 3816 5827; x_wconf 65' lang='lat' dir='ltr'>Chrysosmmi</span> 
     </span>
    </p>
   </div>
   <div class='ocr_carea' id='block_1_134' title="bbox 2226 5824 3814 5890">
    <p class='ocr_par' dir='ltr' id='par_1_134' title="bbox 2226 5824 3814 5890">
     <span class='ocr_line' id='line_1_134' title="bbox 2226 5824 3814 5890; baseline 0.001 -13"><span class='ocrx_word' id='word_1_1101' title='bbox 2226 5844 2318 5877; x_wconf 77' lang='lat' dir='ltr'>non</span> <span class='ocrx_word' id='word_1_1102' title='bbox 2348 5829 2566 5890; x_wconf 57' lang='lat' dir='ltr'>perfecte</span> <span class='ocrx_word' id='word_1_1103' title='bbox 2593 5830 2893 5889; x_wconf 77' lang='lat' dir='ltr'>exprimunt.</span> <span class='ocrx_word' id='word_1_1104' title='bbox 2935 5824 3054 5876; x_wconf 39' lang='lat' dir='ltr'><strong>Na‘m</strong></span> <span class='ocrx_word' id='word_1_1105' title='bbox 3079 5828 3292 5890; x_wconf 74' lang='lat' dir='ltr'>explicat</span> <span class='ocrx_word' id='word_1_1106' title='bbox 3329 5828 3422 5877; x_wconf 82' lang='lat' dir='ltr'><strong>ille</strong></span> <span class='ocrx_word' id='word_1_1107' title='bbox 3443 5824 3561 5888; x_wconf 89' lang='lat' dir='ltr'><strong>quid</strong></span> <span class='ocrx_word' id='word_1_1108' title='bbox 3585 5828 3652 5876; x_wconf 71' lang='grc' dir='ltr'>είί</span> <span class='ocrx_word' id='word_1_1109' title='bbox 3675 5825 3814 5879; x_wconf 76' lang='lat' dir='ltr'><strong>illud</strong></span> 
     </span>
    </p>
   </div>
   <div class='ocr_carea' id='block_1_135' title="bbox 2220 5888 3818 5951">
    <p class='ocr_par' dir='ltr' id='par_1_135' title="bbox 2220 5888 3818 5951">
     <span class='ocr_line' id='line_1_135' title="bbox 2220 5888 3818 5951; baseline 0.001 -13"><span class='ocrx_word' id='word_1_1110' title='bbox 2220 5888 2541 5945; x_wconf 44' lang='lat' dir='ltr'>cum&#39;souim,</span> <span class='ocrx_word' id='word_1_1111' title='bbox 2594 5888 2801 5951; x_wconf 39' lang='lat' dir='ltr'>uL’Iucc</span> <span class='ocrx_word' id='word_1_1112' title='bbox 2832 5890 3031 5951; x_wconf 19' lang='lat' dir='ltr'>Aclarjus</span> <span class='ocrx_word' id='word_1_1113' title='bbox 3074 5888 3197 5951; x_wconf 43' lang='lat' dir='ltr'>est’;</span> <span class='ocrx_word' id='word_1_1114' title='bbox 3245 5903 3405 5951; x_wconf 63' lang='lat' dir='ltr'><strong>quam</strong></span> <span class='ocrx_word' id='word_1_1115' title='bbox 3446 5890 3593 5947; x_wconf 79' lang='lat' dir='ltr'>longe</span> <span class='ocrx_word' id='word_1_1116' title='bbox 3638 5893 3818 5949; x_wconf 74' lang='lat' dir='ltr'><strong>aplius</strong></span> 
     </span>
    </p>
   </div>
   <div class='ocr_carea' id='block_1_136' title="bbox 2222 5944 3817 6009">
    <p class='ocr_par' dir='ltr' id='par_1_136' title="bbox 2222 5944 3817 6009">
     <span class='ocr_line' id='line_1_136' title="bbox 2222 5944 3817 6009; baseline 0.003 -10"><span class='ocrx_word' id='word_1_1117' title='bbox 2222 5961 2398 6003; x_wconf 67' lang='lat' dir='ltr'>vortas.</span> <span class='ocrx_word' id='word_1_1118' title='bbox 2443 5951 2675 5999; x_wconf 70' lang='lat' dir='ltr'>ululatum</span> <span class='ocrx_word' id='word_1_1119' title='bbox 2721 5950 2778 5997; x_wconf 85' lang='lat' dir='ltr'>ob</span> <span class='ocrx_word' id='word_1_1120' title='bbox 2826 5948 3041 6002; x_wconf 75' lang='lat' dir='ltr'>immissa</span> <span class='ocrx_word' id='word_1_1121' title='bbox 3103 5944 3445 5999; x_wconf 65' lang='lat' dir='ltr'>umla.&#39;I‘aulo</span> <span class='ocrx_word' id='word_1_1122' title='bbox 3494 5944 3604 6009; x_wconf 69' lang='grc' dir='ltr'>νόει</span> <span class='ocrx_word' id='word_1_1123' title='bbox 3652 5944 3817 6009; x_wconf 58' lang='grc' dir='ltr'>ίῆσήῧ</span> 
     </span>
    </p>
   </div>
   <div class='ocr_carea' id='block_1_137' title="bbox 2221 6013 2917 6070">
    <p class='ocr_par' dir='ltr' id='par_1_137' title="bbox 2221 6013 2917 6070">
     <span class='ocr_line' id='line_1_137' title="bbox 2221 6013 2917 6070; baseline 0 -9"><span class='ocrx_word' id='word_1_1124' title='bbox 2221 6013 2471 6063; x_wconf 71' lang='lat' dir='ltr'>Hebraicis</span> <span class='ocrx_word' id='word_1_1125' title='bbox 2494 6014 2670 6062; x_wconf 75' lang='lat' dir='ltr'>lillcris</span> <span class='ocrx_word' id='word_1_1126' title='bbox 2693 6019 2759 6060; x_wconf 63' lang='grc' dir='ltr'>ρςῐ</span> <span class='ocrx_word' id='word_1_1127' title='bbox 2790 6022 2917 6070; x_wconf 61' lang='lat'>3:39.</span> 
     </span>
    </p>
   </div>
  </div>
