  <div class='ocr_page' id='page_1' title='image "/cluster/home/n/w/nwhite01/storage/ocr_20150623/55/mdp.39015028539511/118.png"; bbox 0 0 4084 6278; ppageno 0'>
   <div class='ocr_carea' id='block_1_1' title="bbox 279 389 1847 452">
    <p class='ocr_par' dir='ltr' id='par_1_1' title="bbox 279 389 1847 448">
     <span class='ocr_line' id='line_1_1' title="bbox 279 389 1847 448; baseline 0.001 -2"><span class='ocrx_word' id='word_1_1' title='bbox 279 392 357 446; x_wconf 64' lang='grc' dir='ltr'><strong>π</strong></span> <span class='ocrx_word' id='word_1_2' title='bbox 1430 389 1784 448; x_wconf 74' lang='lat' dir='ltr'><strong>EXPOSITIO</strong></span> <span class='ocrx_word' id='word_1_3' title='bbox 1823 393 1847 448; x_wconf 63' lang='lat' dir='ltr'><strong>IL</strong></span> 
     </span>
    </p>
   </div>
   <div class='ocr_carea' id='block_1_2' title="bbox 1953 389 2370 452">
    <p class='ocr_par' dir='ltr' id='par_1_2' title="bbox 1953 392 2370 452">
     <span class='ocr_line' id='line_1_2' title="bbox 1953 392 2370 452; baseline 0.007 -3"><span class='ocrx_word' id='word_1_4' title='bbox 1953 392 2242 450; x_wconf 66' lang='lat' dir='ltr'><strong>’SALMUM</strong></span> <span class='ocrx_word' id='word_1_5' title='bbox 2283 397 2370 452; x_wconf 73' lang='lat' dir='ltr'><strong>IX.</strong></span> 
     </span>
    </p>
   </div>
   <div class='ocr_carea' id='block_1_3' title="bbox 246 502 1834 575">
    <p class='ocr_par' dir='ltr' id='par_1_3' title="bbox 246 502 1834 575">
     <span class='ocr_line' id='line_1_3' title="bbox 246 502 1834 575; baseline -0.001 -18"><span class='ocrx_word' id='word_1_6' title='bbox 246 506 383 575; x_wconf 78' lang='lat' dir='ltr'><strong>facie</strong></span> <span class='ocrx_word' id='word_1_7' title='bbox 410 514 518 557; x_wconf 85' lang='lat' dir='ltr'><strong>tua.</strong></span> <span class='ocrx_word' id='word_1_8' title='bbox 561 502 657 559; x_wconf 86' lang='lat' dir='ltr'><strong>llic</strong></span> <span class='ocrx_word' id='word_1_9' title='bbox 683 516 892 572; x_wconf 89' lang='lat' dir='ltr'><strong>quoque</strong></span> <span class='ocrx_word' id='word_1_10' title='bbox 919 510 999 555; x_wconf 89' lang='lat' dir='ltr'><strong>est</strong></span> <span class='ocrx_word' id='word_1_11' title='bbox 1024 516 1139 556; x_wconf 92' lang='lat' dir='ltr'><strong>mos</strong></span> <span class='ocrx_word' id='word_1_12' title='bbox 1166 503 1413 568; x_wconf 75' lang='lat' dir='ltr'><strong>amantis,</strong></span> <span class='ocrx_word' id='word_1_13' title='bbox 1458 511 1710 571; x_wconf 86' lang='lat' dir='ltr'><strong>perpetuo</strong></span> <span class='ocrx_word' id='word_1_14' title='bbox 1756 502 1834 557; x_wconf 88' lang='lat' dir='ltr'><strong>di-</strong></span> 
     </span>
    </p>
   </div>
   <div class='ocr_carea' id='block_1_4' title="bbox 245 591 1840 660">
    <p class='ocr_par' dir='ltr' id='par_1_4' title="bbox 245 591 1840 660">
     <span class='ocr_line' id='line_1_4' title="bbox 245 591 1840 660; baseline -0.001 -12"><span class='ocrx_word' id='word_1_15' title='bbox 245 611 377 649; x_wconf 85' lang='lat' dir='ltr'><strong>cere</strong></span> <span class='ocrx_word' id='word_1_16' title='bbox 404 593 684 656; x_wconf 83' lang='lat' dir='ltr'><strong>beneﬁcia,</strong></span> <span class='ocrx_word' id='word_1_17' title='bbox 733 602 789 646; x_wconf 91' lang='lat' dir='ltr'><strong>et</strong></span> <span class='ocrx_word' id='word_1_18' title='bbox 827 593 878 645; x_wconf 90' lang='lat' dir='ltr'><strong>in</strong></span> <span class='ocrx_word' id='word_1_19' title='bbox 905 592 970 645; x_wconf 90' lang='lat' dir='ltr'><strong>iis</strong></span> <span class='ocrx_word' id='word_1_20' title='bbox 1015 591 1115 645; x_wconf 89' lang='lat' dir='ltr'><strong>sibi</strong></span> <span class='ocrx_word' id='word_1_21' title='bbox 1163 591 1407 660; x_wconf 78' lang='lat' dir='ltr'><strong>placere:</strong></span> <span class='ocrx_word' id='word_1_22' title='bbox 1443 592 1544 645; x_wconf 91' lang='lat' dir='ltr'><strong>hoc</strong></span> <span class='ocrx_word' id='word_1_23' title='bbox 1586 594 1726 646; x_wconf 89' lang='lat' dir='ltr'><strong>enim</strong></span> <span class='ocrx_word' id='word_1_24' title='bbox 1774 592 1840 647; x_wconf 89' lang='lat' dir='ltr'><strong>ab</strong></span> 
     </span>
    </p>
   </div>
   <div class='ocr_carea' id='block_1_5' title="bbox 246 684 1837 757">
    <p class='ocr_par' dir='ltr' id='par_1_5' title="bbox 246 684 1837 757">
     <span class='ocr_line' id='line_1_5' title="bbox 246 684 1837 757; baseline -0.004 -16"><span class='ocrx_word' id='word_1_25' title='bbox 246 702 437 741; x_wconf 87' lang='lat' dir='ltr'><strong>amore</strong></span> <span class='ocrx_word' id='word_1_26' title='bbox 465 684 841 757; x_wconf 92' lang='lat' dir='ltr'><strong>proliciscitur,</strong></span> <span class='ocrx_word' id='word_1_27' title='bbox 875 692 930 737; x_wconf 90' lang='lat' dir='ltr'><strong>et</strong></span> <span class='ocrx_word' id='word_1_28' title='bbox 955 684 1126 751; x_wconf 91' lang='lat' dir='ltr'><strong>ipsum</strong></span> <span class='ocrx_word' id='word_1_29' title='bbox 1159 699 1343 737; x_wconf 86' lang='lat' dir='ltr'><strong>rursus</strong></span> <span class='ocrx_word' id='word_1_30' title='bbox 1383 699 1618 737; x_wconf 87' lang='lat' dir='ltr'><strong>amorem</strong></span> <span class='ocrx_word' id='word_1_31' title='bbox 1646 699 1837 737; x_wconf 81' lang='lat' dir='ltr'><strong>accen—</strong></span> 
     </span>
    </p>
   </div>
   <div class='ocr_carea' id='block_1_6' title="bbox 248 777 1840 845">
    <p class='ocr_par' dir='ltr' id='par_1_6' title="bbox 248 777 1840 845">
     <span class='ocr_line' id='line_1_6' title="bbox 248 777 1840 845; baseline -0.003 -10"><span class='ocrx_word' id='word_1_32' title='bbox 248 782 351 835; x_wconf 89' lang='lat' dir='ltr'><strong>dit.</strong></span> <span class='ocrx_word' id='word_1_33' title='bbox 379 780 497 834; x_wconf 80' lang='lat' dir='ltr'><strong>Non</strong></span> <span class='ocrx_word' id='word_1_34' title='bbox 530 778 792 833; x_wconf 87' lang='lat' dir='ltr'><strong>aberrarit</strong></span> <span class='ocrx_word' id='word_1_35' title='bbox 819 786 994 831; x_wconf 90' lang='lat' dir='ltr'><strong>autem</strong></span> <span class='ocrx_word' id='word_1_36' title='bbox 1024 777 1305 845; x_wconf 79' lang='lat' dir='ltr'><strong>quiSpiam,</strong></span> <span class='ocrx_word' id='word_1_37' title='bbox 1337 777 1380 829; x_wconf 92' lang='lat' dir='ltr'><strong>si</strong></span> <span class='ocrx_word' id='word_1_38' title='bbox 1404 777 1731 831; x_wconf 84' lang='lat' dir='ltr'><strong>dixeritemn</strong></span> <span class='ocrx_word' id='word_1_39' title='bbox 1755 778 1840 830; x_wconf 88' lang='lat' dir='ltr'><strong>hic</strong></span> 
     </span>
    </p>
   </div>
   <div class='ocr_carea' id='block_1_7' title="bbox 249 867 1835 937">
    <p class='ocr_par' dir='ltr' id='par_1_7' title="bbox 249 867 1835 937">
     <span class='ocr_line' id='line_1_7' title="bbox 249 867 1835 937; baseline -0.006 -9"><span class='ocrx_word' id='word_1_40' title='bbox 249 875 413 929; x_wconf 88' lang='lat' dir='ltr'><strong>etiam</strong></span> <span class='ocrx_word' id='word_1_41' title='bbox 443 872 623 927; x_wconf 79' lang='lat' dir='ltr'><strong>dicere</strong></span> <span class='ocrx_word' id='word_1_42' title='bbox 654 869 918 933; x_wconf 88' lang='lat' dir='ltr'><strong>inimicos,</strong></span> <span class='ocrx_word' id='word_1_43' title='bbox 940 868 1029 937; x_wconf 88' lang='lat' dir='ltr'><strong>qni</strong></span> <span class='ocrx_word' id='word_1_44' title='bbox 1060 878 1238 921; x_wconf 91' lang='lat' dir='ltr'><strong>mente</strong></span> <span class='ocrx_word' id='word_1_45' title='bbox 1263 868 1435 921; x_wconf 79' lang='lat' dir='ltr'><strong>Solum</strong></span> <span class='ocrx_word' id='word_1_46' title='bbox 1461 867 1835 937; x_wconf 70' lang='lat' dir='ltr'><strong>percipiuntur.</strong></span> 
     </span>
    </p>
   </div>
   <div class='ocr_carea' id='block_1_8' title="bbox 249 957 1836 1033">
    <p class='ocr_par' dir='ltr' id='par_1_8' title="bbox 249 957 1836 1033">
     <span class='ocr_line' id='line_1_8' title="bbox 249 957 1836 1033; baseline -0.005 -15"><span class='ocrx_word' id='word_1_47' title='bbox 249 964 384 1018; x_wconf 72' lang='lat' dir='ltr'><strong>Nam</strong></span> <span class='ocrx_word' id='word_1_48' title='bbox 402 963 437 1017; x_wconf 89' lang='lat' dir='ltr'><strong>ii</strong></span> <span class='ocrx_word' id='word_1_49' title='bbox 455 976 665 1033; x_wconf 89' lang='lat' dir='ltr'><strong>quoque</strong></span> <span class='ocrx_word' id='word_1_50' title='bbox 684 968 1015 1020; x_wconf 75' lang='lat' dir='ltr'><strong>avertuotur,</strong></span> <span class='ocrx_word' id='word_1_51' title='bbox 1038 957 1249 1027; x_wconf 79' lang='lat' dir='ltr'><strong>quando</strong></span> <span class='ocrx_word' id='word_1_52' title='bbox 1268 973 1582 1027; x_wconf 83' lang='lat' dir='ltr'><strong>generosam</strong></span> <span class='ocrx_word' id='word_1_53' title='bbox 1608 959 1836 1010; x_wconf 79' lang='lat' dir='ltr'><strong>animum</strong></span> 
     </span>
    </p>
   </div>
   <div class='ocr_carea' id='block_1_9' title="bbox 253 1048 1839 1118">
    <p class='ocr_par' dir='ltr' id='par_1_9' title="bbox 253 1048 1839 1118">
     <span class='ocr_line' id='line_1_9' title="bbox 253 1048 1839 1118; baseline -0.008 -9"><span class='ocrx_word' id='word_1_54' title='bbox 253 1054 575 1110; x_wconf 72' lang='lat' dir='ltr'><strong>invenerint.</strong></span> <span class='ocrx_word' id='word_1_55' title='bbox 607 1049 1064 1118; x_wconf 85' lang='lat' dir='ltr'><strong>Quemadmodmn</strong></span> <span class='ocrx_word' id='word_1_56' title='bbox 1111 1049 1253 1102; x_wconf 89' lang='lat' dir='ltr'><strong>enim</strong></span> <span class='ocrx_word' id='word_1_57' title='bbox 1297 1049 1448 1103; x_wconf 87' lang='lat' dir='ltr'><strong>hasta</strong></span> <span class='ocrx_word' id='word_1_58' title='bbox 1483 1064 1601 1118; x_wconf 81' lang='lat' dir='ltr'><strong>quae</strong></span> <span class='ocrx_word' id='word_1_59' title='bbox 1641 1048 1691 1101; x_wconf 91' lang='lat' dir='ltr'><strong>in</strong></span> <span class='ocrx_word' id='word_1_60' title='bbox 1730 1058 1839 1117; x_wconf 53' lang='grc' dir='ltr'><strong>(κγ.</strong></span> 
     </span>
    </p>
   </div>
   <div class='ocr_carea' id='block_1_10' title="bbox 251 1141 1841 1217">
    <p class='ocr_par' dir='ltr' id='par_1_10' title="bbox 251 1141 1841 1217">
     <span class='ocr_line' id='line_1_10' title="bbox 251 1141 1841 1217; baseline -0.005 -16"><span class='ocrx_word' id='word_1_61' title='bbox 251 1162 411 1217; x_wconf 88' lang='lat' dir='ltr'><strong>peum</strong></span> <span class='ocrx_word' id='word_1_62' title='bbox 429 1145 639 1210; x_wconf 88' lang='lat' dir='ltr'><strong>incidit,</strong></span> <span class='ocrx_word' id='word_1_63' title='bbox 670 1145 715 1198; x_wconf 95' lang='lat' dir='ltr'><strong>si</strong></span> <span class='ocrx_word' id='word_1_64' title='bbox 738 1142 913 1197; x_wconf 85' lang='lat' dir='ltr'><strong>mollis</strong></span> <span class='ocrx_word' id='word_1_65' title='bbox 940 1141 1151 1212; x_wconf 84' lang='lat' dir='ltr'><strong>quidem</strong></span> <span class='ocrx_word' id='word_1_66' title='bbox 1177 1142 1264 1207; x_wconf 87' lang='lat' dir='ltr'><strong>sit,</strong></span> <span class='ocrx_word' id='word_1_67' title='bbox 1290 1157 1413 1195; x_wconf 89' lang='lat' dir='ltr'><strong>eum</strong></span> <span class='ocrx_word' id='word_1_68' title='bbox 1434 1141 1714 1206; x_wconf 76' lang='lat' dir='ltr'><strong>exscindi&#39;t,</strong></span> <span class='ocrx_word' id='word_1_69' title='bbox 1745 1142 1841 1194; x_wconf 88' lang='lat' dir='ltr'><strong>du-</strong></span> 
     </span>
    </p>
   </div>
   <div class='ocr_carea' id='block_1_11' title="bbox 242 1230 1834 1304">
    <p class='ocr_par' dir='ltr' id='par_1_11' title="bbox 242 1230 1834 1304">
     <span class='ocr_line' id='line_1_11' title="bbox 242 1230 1834 1304; baseline -0.005 -11"><span class='ocrx_word' id='word_1_70' title='bbox 242 1254 311 1293; x_wconf 84' lang='lat' dir='ltr'><strong>ro</strong></span> <span class='ocrx_word' id='word_1_71' title='bbox 337 1248 518 1292; x_wconf 89' lang='lat' dir='ltr'><strong>autem</strong></span> <span class='ocrx_word' id='word_1_72' title='bbox 549 1245 604 1290; x_wconf 87' lang='lat' dir='ltr'><strong>et</strong></span> <span class='ocrx_word' id='word_1_73' title='bbox 628 1233 940 1304; x_wconf 81' lang='lat' dir='ltr'><strong>repugnanti</strong></span> <span class='ocrx_word' id='word_1_74' title='bbox 978 1232 1110 1286; x_wconf 86' lang='lat' dir='ltr'><strong>nihil</strong></span> <span class='ocrx_word' id='word_1_75' title='bbox 1136 1231 1276 1296; x_wconf 80' lang='lat' dir='ltr'><strong>facit,</strong></span> <span class='ocrx_word' id='word_1_76' title='bbox 1310 1231 1404 1285; x_wconf 88' lang='lat' dir='ltr'><strong>sed</strong></span> <span class='ocrx_word' id='word_1_77' title='bbox 1449 1230 1644 1285; x_wconf 63' lang='lat' dir='ltr'><strong>reﬂexa</strong></span> <span class='ocrx_word' id='word_1_78' title='bbox 1684 1248 1729 1284; x_wconf 52' lang='lat' dir='ltr'><strong>at</strong></span> <span class='ocrx_word' id='word_1_79' title='bbox 1752 1233 1799 1285; x_wconf 92' lang='lat' dir='ltr'><strong>ie</strong></span> <span class='ocrx_word' id='word_1_80' title='bbox 1820 1273 1834 1295; x_wconf 92' lang='lat'><strong>,</strong></span> 
     </span>
    </p>
   </div>
   <div class='ocr_carea' id='block_1_12' title="bbox 247 1324 1837 1386">
    <p class='ocr_par' dir='ltr' id='par_1_12' title="bbox 247 1324 1837 1386">
     <span class='ocr_line' id='line_1_12' title="bbox 247 1324 1837 1386; baseline -0.004 -3"><span class='ocrx_word' id='word_1_81' title='bbox 247 1346 389 1386; x_wconf 82' lang='lat' dir='ltr'><strong>vana</strong></span> <span class='ocrx_word' id='word_1_82' title='bbox 414 1339 472 1384; x_wconf 92' lang='lat' dir='ltr'><strong>et</strong></span> <span class='ocrx_word' id='word_1_83' title='bbox 500 1329 700 1383; x_wconf 83' lang='lat' dir='ltr'><strong>inutilis</strong></span> <span class='ocrx_word' id='word_1_84' title='bbox 721 1326 917 1382; x_wconf 81' lang='lat' dir='ltr'><strong>excidit</strong></span> <span class='ocrx_word' id='word_1_85' title='bbox 947 1343 959 1378; x_wconf 77' lang='grc' dir='ltr'>ε</span> <span class='ocrx_word' id='word_1_86' title='bbox 990 1326 1060 1380; x_wconf 87' lang='lat' dir='ltr'><strong>ita</strong></span> <span class='ocrx_word' id='word_1_87' title='bbox 1087 1325 1247 1379; x_wconf 88' lang='lat' dir='ltr'><strong>etiam</strong></span> <span class='ocrx_word' id='word_1_88' title='bbox 1288 1325 1532 1377; x_wconf 87' lang='lat' dir='ltr'><strong>usuvenit</strong></span> <span class='ocrx_word' id='word_1_89' title='bbox 1562 1324 1612 1376; x_wconf 90' lang='lat' dir='ltr'><strong>in</strong></span> <span class='ocrx_word' id='word_1_90' title='bbox 1640 1325 1837 1377; x_wconf 79' lang='lat' dir='ltr'><strong>anima.</strong></span> 
     </span>
    </p>
   </div>
   <div class='ocr_carea' id='block_1_13' title="bbox 247 1415 1840 1490">
    <p class='ocr_par' dir='ltr' id='par_1_13' title="bbox 247 1415 1840 1490">
     <span class='ocr_line' id='line_1_13' title="bbox 247 1415 1840 1490; baseline -0.008 -13"><span class='ocrx_word' id='word_1_91' title='bbox 247 1422 308 1477; x_wconf 86' lang='lat' dir='ltr'><strong>Si</strong></span> <span class='ocrx_word' id='word_1_92' title='bbox 335 1420 556 1476; x_wconf 89' lang='lat' dir='ltr'><strong>mollem</strong></span> <span class='ocrx_word' id='word_1_93' title='bbox 588 1419 729 1473; x_wconf 88' lang='lat' dir='ltr'><strong>enim</strong></span> <span class='ocrx_word' id='word_1_94' title='bbox 760 1428 813 1473; x_wconf 91' lang='lat' dir='ltr'><strong>et</strong></span> <span class='ocrx_word' id='word_1_95' title='bbox 836 1416 1117 1471; x_wconf 81' lang='lat' dir='ltr'><strong>delicatam</strong></span> <span class='ocrx_word' id='word_1_96' title='bbox 1147 1415 1445 1469; x_wconf 87' lang='lat' dir='ltr'><strong>invenerint</strong></span> <span class='ocrx_word' id='word_1_97' title='bbox 1463 1416 1565 1468; x_wconf 92' lang='lat' dir='ltr'><strong>tela</strong></span> <span class='ocrx_word' id='word_1_98' title='bbox 1586 1415 1840 1490; x_wconf 65' lang='lat' dir='ltr'><strong>gummit~</strong></span> 
     </span>
    </p>
   </div>
   <div class='ocr_carea' id='block_1_14' title="bbox 247 1505 1839 1577">
    <p class='ocr_par' dir='ltr' id='par_1_14' title="bbox 247 1505 1839 1577">
     <span class='ocr_line' id='line_1_14' title="bbox 247 1505 1839 1577; baseline -0.007 -11"><span class='ocrx_word' id='word_1_99' title='bbox 247 1521 440 1566; x_wconf 89' lang='lat' dir='ltr'><strong>tuntur</strong></span> <span class='ocrx_word' id='word_1_100' title='bbox 464 1526 495 1563; x_wconf 91' lang='lat' dir='ltr'><strong>a</strong></span> <span class='ocrx_word' id='word_1_101' title='bbox 515 1511 746 1570; x_wconf 86' lang='lat' dir='ltr'><strong>diabolo,</strong></span> <span class='ocrx_word' id='word_1_102' title='bbox 773 1508 825 1561; x_wconf 90' lang='lat' dir='ltr'><strong>in</strong></span> <span class='ocrx_word' id='word_1_103' title='bbox 847 1506 1164 1577; x_wconf 83' lang='lat' dir='ltr'><strong>profundum</strong></span> <span class='ocrx_word' id='word_1_104' title='bbox 1188 1505 1482 1576; x_wconf 89' lang='lat' dir='ltr'><strong>pervadunt</strong></span> <span class='ocrx_word' id='word_1_105' title='bbox 1514 1524 1526 1557; x_wconf 88' lang='lat'><strong>:</strong></span> <span class='ocrx_word' id='word_1_106' title='bbox 1558 1506 1638 1558; x_wconf 91' lang='lat' dir='ltr'><strong>sin</strong></span> <span class='ocrx_word' id='word_1_107' title='bbox 1663 1513 1839 1558; x_wconf 88' lang='lat' dir='ltr'><strong>autem</strong></span> 
     </span>
    </p>
   </div>
   <div class='ocr_carea' id='block_1_15' title="bbox 245 1596 1836 1666">
    <p class='ocr_par' dir='ltr' id='par_1_15' title="bbox 245 1596 1836 1666">
     <span class='ocr_line' id='line_1_15' title="bbox 245 1596 1836 1666; baseline -0.006 -10"><span class='ocrx_word' id='word_1_108' title='bbox 245 1604 446 1656; x_wconf 87' lang='lat' dir='ltr'><strong>duram</strong></span> <span class='ocrx_word' id='word_1_109' title='bbox 474 1611 529 1654; x_wconf 92' lang='lat' dir='ltr'><strong>et</strong></span> <span class='ocrx_word' id='word_1_110' title='bbox 555 1599 889 1664; x_wconf 85' lang='lat' dir='ltr'><strong>validiorem,</strong></span> <span class='ocrx_word' id='word_1_111' title='bbox 921 1607 975 1652; x_wconf 90' lang='lat' dir='ltr'><strong>et</strong></span> <span class='ocrx_word' id='word_1_112' title='bbox 1003 1597 1118 1666; x_wconf 89' lang='lat' dir='ltr'><strong>ipse</strong></span> <span class='ocrx_word' id='word_1_113' title='bbox 1142 1596 1252 1649; x_wconf 89' lang='lat' dir='ltr'><strong>abit</strong></span> <span class='ocrx_word' id='word_1_114' title='bbox 1282 1611 1339 1649; x_wconf 91' lang='lat' dir='ltr'><strong>re</strong></span> <span class='ocrx_word' id='word_1_115' title='bbox 1361 1596 1575 1660; x_wconf 81' lang='lat' dir='ltr'><strong>infecta,</strong></span> <span class='ocrx_word' id='word_1_116' title='bbox 1609 1607 1659 1647; x_wconf 90' lang='lat' dir='ltr'><strong>et</strong></span> <span class='ocrx_word' id='word_1_117' title='bbox 1683 1598 1728 1647; x_wconf 86' lang='lat' dir='ltr'><strong>ei</strong></span> <span class='ocrx_word' id='word_1_118' title='bbox 1765 1598 1836 1647; x_wconf 90' lang='lat' dir='ltr'><strong>ni-</strong></span> 
     </span>
    </p>
   </div>
   <div class='ocr_carea' id='block_1_16' title="bbox 247 1688 1841 1760">
    <p class='ocr_par' dir='ltr' id='par_1_16' title="bbox 247 1688 1841 1760">
     <span class='ocr_line' id='line_1_16' title="bbox 247 1688 1841 1760; baseline -0.007 -11"><span class='ocrx_word' id='word_1_119' title='bbox 247 1695 326 1749; x_wconf 87' lang='lat' dir='ltr'><strong>hil</strong></span> <span class='ocrx_word' id='word_1_120' title='bbox 355 1694 483 1748; x_wconf 87' lang='lat' dir='ltr'><strong>mali</strong></span> <span class='ocrx_word' id='word_1_121' title='bbox 513 1693 654 1757; x_wconf 77' lang='lat' dir='ltr'><strong>facit,</strong></span> <span class='ocrx_word' id='word_1_122' title='bbox 682 1691 913 1760; x_wconf 90' lang='lat' dir='ltr'><strong>duoque,</strong></span> <span class='ocrx_word' id='word_1_123' title='bbox 965 1692 1073 1743; x_wconf 90' lang='lat' dir='ltr'><strong>imo</strong></span> <span class='ocrx_word' id='word_1_124' title='bbox 1097 1704 1221 1743; x_wconf 85' lang='lat' dir='ltr'><strong>vero</strong></span> <span class='ocrx_word' id='word_1_125' title='bbox 1252 1689 1349 1741; x_wconf 89' lang='lat' dir='ltr'><strong>tria</strong></span> <span class='ocrx_word' id='word_1_126' title='bbox 1375 1703 1440 1741; x_wconf 81' lang='lat' dir='ltr'><strong>ex</strong></span> <span class='ocrx_word' id='word_1_127' title='bbox 1469 1703 1533 1742; x_wconf 67' lang='grc' dir='ltr'><strong>ρο</strong></span> <span class='ocrx_word' id='word_1_128' title='bbox 1562 1688 1841 1755; x_wconf 87' lang='lat' dir='ltr'><strong>capiuntur</strong></span> 
     </span>
    </p>
   </div>
   <div class='ocr_carea' id='block_1_17' title="bbox 245 1779 1837 1851">
    <p class='ocr_par' dir='ltr' id='par_1_17' title="bbox 245 1779 1837 1851">
     <span class='ocr_line' id='line_1_17' title="bbox 245 1779 1837 1851; baseline -0.006 -10"><span class='ocrx_word' id='word_1_129' title='bbox 245 1786 536 1841; x_wconf 85' lang='lat' dir='ltr'><strong>commoda</strong></span> <span class='ocrx_word' id='word_1_130' title='bbox 579 1802 592 1837; x_wconf 90' lang='lat'>:</span> <span class='ocrx_word' id='word_1_131' title='bbox 637 1799 759 1837; x_wconf 84' lang='lat' dir='ltr'><strong>nam</strong></span> <span class='ocrx_word' id='word_1_132' title='bbox 787 1786 954 1851; x_wconf 84' lang='lat' dir='ltr'><strong>ipsam</strong></span> <span class='ocrx_word' id='word_1_133' title='bbox 982 1780 1113 1834; x_wconf 88' lang='lat' dir='ltr'><strong>nihil</strong></span> <span class='ocrx_word' id='word_1_134' title='bbox 1152 1780 1294 1834; x_wconf 69' lang='lat' dir='ltr'><strong>laedit</strong></span> <span class='ocrx_word' id='word_1_135' title='bbox 1314 1821 1329 1846; x_wconf 88' lang='lat'><strong>,</strong></span> <span class='ocrx_word' id='word_1_136' title='bbox 1360 1780 1452 1833; x_wconf 84' lang='lat' dir='ltr'><strong>sed</strong></span> <span class='ocrx_word' id='word_1_137' title='bbox 1480 1779 1653 1832; x_wconf 82' lang='lat' dir='ltr'><strong>reddit</strong></span> <span class='ocrx_word' id='word_1_138' title='bbox 1680 1788 1837 1833; x_wconf 82' lang='lat' dir='ltr'><strong>etiam</strong></span> 
     </span>
    </p>
   </div>
   <div class='ocr_carea' id='block_1_18' title="bbox 247 1871 1841 1945">
    <p class='ocr_par' dir='ltr' id='par_1_18' title="bbox 247 1871 1841 1945">
     <span class='ocr_line' id='line_1_18' title="bbox 247 1871 1841 1945; baseline -0.006 -11"><span class='ocrx_word' id='word_1_139' title='bbox 247 1880 555 1944; x_wconf 80' lang='lat' dir='ltr'><strong>fortiorem,</strong></span> <span class='ocrx_word' id='word_1_140' title='bbox 583 1888 638 1931; x_wconf 89' lang='lat' dir='ltr'><strong>et</strong></span> <span class='ocrx_word' id='word_1_141' title='bbox 675 1877 789 1945; x_wconf 83' lang='lat' dir='ltr'><strong>ipse</strong></span> <span class='ocrx_word' id='word_1_142' title='bbox 811 1890 879 1930; x_wconf 77' lang='lat' dir='ltr'><strong>ex</strong></span> <span class='ocrx_word' id='word_1_143' title='bbox 902 1890 968 1929; x_wconf 91' lang='lat' dir='ltr'><strong>eo</strong></span> <span class='ocrx_word' id='word_1_144' title='bbox 995 1872 1306 1927; x_wconf 87' lang='lat' dir='ltr'><strong>imbecillior</strong></span> <span class='ocrx_word' id='word_1_145' title='bbox 1329 1871 1527 1927; x_wconf 82' lang='lat' dir='ltr'><strong>evadit.</strong></span> <span class='ocrx_word' id='word_1_146' title='bbox 1555 1871 1841 1926; x_wconf 79' lang='lat' dir='ltr'><strong>Considera</strong></span> 
     </span>
    </p>
   </div>
   <div class='ocr_carea' id='block_1_19' title="bbox 246 1948 1838 2038">
    <p class='ocr_par' dir='ltr' id='par_1_19' title="bbox 246 1948 1838 2038">
     <span class='ocr_line' id='line_1_19' title="bbox 246 1948 1838 2038; baseline -0.009 -13"><span class='ocrx_word' id='word_1_147' title='bbox 246 1983 436 2026; x_wconf 87' lang='lat' dir='ltr'><strong>autem</strong></span> <span class='ocrx_word' id='word_1_148' title='bbox 454 1966 722 2038; x_wconf 86' lang='lat' dir='ltr'><strong>quomodo</strong></span> <span class='ocrx_word' id='word_1_149' title='bbox 744 1965 834 2019; x_wconf 82' lang='lat' dir='ltr'><strong>Dei</strong></span> <span class='ocrx_word' id='word_1_150' title='bbox 857 1948 1102 2018; x_wconf 72' lang='lat' dir='ltr'><strong>virtutem</strong></span> <span class='ocrx_word' id='word_1_151' title='bbox 1124 1961 1391 2031; x_wconf 70' lang='lat' dir='ltr'><strong>pratdical.</strong></span> <span class='ocrx_word' id='word_1_152' title='bbox 1417 1961 1838 2028; x_wconf 79' lang='lat' dir='ltr'><strong>lnﬁrmabuntur,</strong></span> 
     </span>
    </p>
   </div>
   <div class='ocr_carea' id='block_1_20' title="bbox 249 2051 1836 2131">
    <p class='ocr_par' dir='ltr' id='par_1_20' title="bbox 249 2051 1836 2131">
     <span class='ocr_line' id='line_1_20' title="bbox 249 2051 1836 2131; baseline -0.008 -16"><span class='ocrx_word' id='word_1_153' title='bbox 249 2063 448 2131; x_wconf 86' lang='lat' dir='ltr'><strong>inquit,</strong></span> <span class='ocrx_word' id='word_1_154' title='bbox 476 2069 522 2114; x_wconf 86' lang='lat' dir='ltr'><strong>et</strong></span> <span class='ocrx_word' id='word_1_155' title='bbox 538 2058 766 2128; x_wconf 86' lang='lat' dir='ltr'><strong>peribunt</strong></span> <span class='ocrx_word' id='word_1_156' title='bbox 782 2073 813 2107; x_wconf 90' lang='lat' dir='ltr'><strong>a</strong></span> <span class='ocrx_word' id='word_1_157' title='bbox 832 2055 961 2124; x_wconf 79' lang='lat' dir='ltr'><strong>[acie</strong></span> <span class='ocrx_word' id='word_1_158' title='bbox 976 2063 1080 2106; x_wconf 82' lang='lat' dir='ltr'><strong>tua.</strong></span> <span class='ocrx_word' id='word_1_159' title='bbox 1103 2053 1300 2106; x_wconf 75' lang='lat' dir='ltr'><strong>llursus</strong></span> <span class='ocrx_word' id='word_1_160' title='bbox 1315 2067 1433 2105; x_wconf 93' lang='lat' dir='ltr'><strong>cum</strong></span> <span class='ocrx_word' id='word_1_161' title='bbox 1452 2051 1603 2104; x_wconf 85' lang='lat' dir='ltr'><strong>audis</strong></span> <span class='ocrx_word' id='word_1_162' title='bbox 1619 2051 1803 2103; x_wconf 76' lang='lat' dir='ltr'><strong>faciem</strong></span> <span class='ocrx_word' id='word_1_163' title='bbox 1820 2091 1836 2116; x_wconf 86' lang='lat'><strong>,</strong></span> 
     </span>
    </p>
   </div>
   <div class='ocr_carea' id='block_1_21' title="bbox 248 2142 1840 2222">
    <p class='ocr_par' dir='ltr' id='par_1_21' title="bbox 248 2142 1840 2222">
     <span class='ocr_line' id='line_1_21' title="bbox 248 2142 1840 2222; baseline -0.008 -13"><span class='ocrx_word' id='word_1_164' title='bbox 248 2155 389 2209; x_wconf 88' lang='lat' dir='ltr'><strong>nihil</strong></span> <span class='ocrx_word' id='word_1_165' title='bbox 407 2151 694 2222; x_wconf 83' lang='lat' dir='ltr'><strong>suSpiceris</strong></span> <span class='ocrx_word' id='word_1_166' title='bbox 707 2163 1040 2219; x_wconf 86' lang='lat' dir='ltr'><strong>corporeum.</strong></span> <span class='ocrx_word' id='word_1_167' title='bbox 1062 2146 1156 2200; x_wconf 91' lang='lat' dir='ltr'><strong>llic</strong></span> <span class='ocrx_word' id='word_1_168' title='bbox 1169 2147 1309 2199; x_wconf 88' lang='lat' dir='ltr'><strong>enim</strong></span> <span class='ocrx_word' id='word_1_169' title='bbox 1329 2144 1690 2213; x_wconf 84' lang='lat' dir='ltr'><strong>Operationem</strong></span> <span class='ocrx_word' id='word_1_170' title='bbox 1704 2142 1840 2211; x_wconf 87' lang='lat' dir='ltr'><strong>ejus,</strong></span> 
     </span>
    </p>
   </div>
   <div class='ocr_carea' id='block_1_22' title="bbox 246 2234 1843 2310">
    <p class='ocr_par' dir='ltr' id='par_1_22' title="bbox 246 2234 1843 2310">
     <span class='ocr_line' id='line_1_22' title="bbox 246 2234 1843 2310; baseline -0.008 -9"><span class='ocrx_word' id='word_1_171' title='bbox 246 2245 568 2310; x_wconf 76' lang='lat' dir='ltr'><strong>adventum,</strong></span> <span class='ocrx_word' id='word_1_172' title='bbox 598 2249 652 2297; x_wconf 90' lang='lat' dir='ltr'><strong>et</strong></span> <span class='ocrx_word' id='word_1_173' title='bbox 674 2241 788 2310; x_wconf 86' lang='lat' dir='ltr'><strong>ejus</strong></span> <span class='ocrx_word' id='word_1_174' title='bbox 814 2239 996 2294; x_wconf 87' lang='lat' dir='ltr'><strong>virium</strong></span> <span class='ocrx_word' id='word_1_175' title='bbox 1043 2236 1342 2292; x_wconf 86' lang='lat' dir='ltr'><strong>facilitatem</strong></span> <span class='ocrx_word' id='word_1_176' title='bbox 1374 2234 1635 2305; x_wconf 84' lang='lat' dir='ltr'><strong>signiﬁcat</strong></span> <span class='ocrx_word' id='word_1_177' title='bbox 1667 2252 1678 2286; x_wconf 94' lang='lat'>:</span> <span class='ocrx_word' id='word_1_178' title='bbox 1708 2234 1843 2289; x_wconf 79' lang='lat' dir='ltr'><strong>sicut</strong></span> 
     </span>
    </p>
   </div>
   <div class='ocr_carea' id='block_1_23' title="bbox 247 2329 1844 2401">
    <p class='ocr_par' dir='ltr' id='par_1_23' title="bbox 247 2329 1844 2401">
     <span class='ocr_line' id='line_1_23' title="bbox 247 2329 1844 2401; baseline -0.008 -10"><span class='ocrx_word' id='word_1_179' title='bbox 247 2337 383 2391; x_wconf 91' lang='lat' dir='ltr'><strong>alibi</strong></span> <span class='ocrx_word' id='word_1_180' title='bbox 408 2337 580 2390; x_wconf 86' lang='lat' dir='ltr'><strong>dicit:</strong></span> <span class='ocrx_word' id='word_1_181' title='bbox 615 2332 714 2399; x_wconf 82' lang='lat' dir='ltr'><strong>Qui</strong></span> <span class='ocrx_word' id='word_1_182' title='bbox 755 2332 951 2401; x_wconf 79' lang='lat' dir='ltr'><strong>respicit</strong></span> <span class='ocrx_word' id='word_1_183' title='bbox 989 2340 1217 2383; x_wconf 84' lang='lat' dir='ltr'><strong>terram:</strong></span> <span class='ocrx_word' id='word_1_184' title='bbox 1245 2341 1290 2381; x_wconf 90' lang='lat' dir='ltr'><strong>et</strong></span> <span class='ocrx_word' id='word_1_185' title='bbox 1320 2329 1440 2399; x_wconf 78' lang='lat' dir='ltr'><strong>facit</strong></span> <span class='ocrx_word' id='word_1_186' title='bbox 1487 2344 1596 2381; x_wconf 87' lang='lat' dir='ltr'><strong>eum</strong></span> <span class='ocrx_word' id='word_1_187' title='bbox 1637 2337 1844 2380; x_wconf 81' lang='lat' dir='ltr'><strong>tremere</strong></span> 
     </span>
    </p>
   </div>
   <div class='ocr_carea' id='block_1_24' title="bbox 253 2417 1842 2499">
    <p class='ocr_par' dir='ltr' id='par_1_24' title="bbox 253 2417 1842 2499">
     <span class='ocr_line' id='line_1_24' title="bbox 253 2417 1842 2499; baseline -0.006 -18"><span class='ocrx_word' id='word_1_188' title='bbox 253 2427 443 2499; x_wconf 82' lang='lat' dir='ltr'><strong>(Psal.</strong></span> <span class='ocrx_word' id='word_1_189' title='bbox 466 2425 581 2480; x_wconf 72' lang='lat'><strong>105.</strong></span> <span class='ocrx_word' id='word_1_190' title='bbox 609 2423 690 2494; x_wconf 74' lang='grc'><strong>2),</strong></span> <span class='ocrx_word' id='word_1_191' title='bbox 718 2425 790 2477; x_wconf 82' lang='lat' dir='ltr'><strong>ita</strong></span> <span class='ocrx_word' id='word_1_192' title='bbox 816 2424 899 2475; x_wconf 90' lang='lat' dir='ltr'><strong>hic</strong></span> <span class='ocrx_word' id='word_1_193' title='bbox 939 2422 1095 2475; x_wconf 90' lang='lat' dir='ltr'><strong>etiam</strong></span> <span class='ocrx_word' id='word_1_194' title='bbox 1125 2420 1262 2473; x_wconf 89' lang='lat' dir='ltr'><strong>idem</strong></span> <span class='ocrx_word' id='word_1_195' title='bbox 1289 2419 1434 2472; x_wconf 84' lang='lat' dir='ltr'><strong>dicit.</strong></span> <span class='ocrx_word' id='word_1_196' title='bbox 1469 2417 1676 2472; x_wconf 76' lang='lat' dir='ltr'><strong>Sufﬁcit</strong></span> <span class='ocrx_word' id='word_1_197' title='bbox 1699 2420 1842 2472; x_wconf 84' lang='lat' dir='ltr'><strong>enim</strong></span> 
     </span>
    </p>
   </div>
   <div class='ocr_carea' id='block_1_25' title="bbox 255 2510 1841 2583">
    <p class='ocr_par' dir='ltr' id='par_1_25' title="bbox 255 2510 1841 2583">
     <span class='ocr_line' id='line_1_25' title="bbox 255 2510 1841 2583; baseline -0.007 -10"><span class='ocrx_word' id='word_1_198' title='bbox 255 2520 416 2573; x_wconf 79' lang='lat' dir='ltr'><strong>solus</strong></span> <span class='ocrx_word' id='word_1_199' title='bbox 443 2517 662 2571; x_wconf 91' lang='lat' dir='ltr'><strong>obtutus</strong></span> <span class='ocrx_word' id='word_1_200' title='bbox 708 2513 774 2567; x_wconf 90' lang='lat' dir='ltr'><strong>ad</strong></span> <span class='ocrx_word' id='word_1_201' title='bbox 800 2511 1100 2583; x_wconf 87' lang='lat' dir='ltr'><strong>perdendos</strong></span> <span class='ocrx_word' id='word_1_202' title='bbox 1120 2511 1408 2579; x_wconf 87' lang='lat' dir='ltr'><strong>improbos.</strong></span> <span class='ocrx_word' id='word_1_203' title='bbox 1436 2510 1493 2564; x_wconf 91' lang='lat' dir='ltr'><strong>Si</strong></span> <span class='ocrx_word' id='word_1_204' title='bbox 1536 2511 1675 2563; x_wconf 90' lang='lat' dir='ltr'><strong>enim</strong></span> <span class='ocrx_word' id='word_1_205' title='bbox 1716 2526 1841 2563; x_wconf 86' lang='lat' dir='ltr'><strong>san-</strong></span> 
     </span>
    </p>
   </div>
   <div class='ocr_carea' id='block_1_26' title="bbox 249 2599 1844 2677">
    <p class='ocr_par' dir='ltr' id='par_1_26' title="bbox 249 2599 1844 2677">
     <span class='ocr_line' id='line_1_26' title="bbox 249 2599 1844 2677; baseline -0.008 -14"><span class='ocrx_word' id='word_1_206' title='bbox 249 2620 471 2665; x_wconf 87' lang='lat' dir='ltr'><strong>ctorum</strong></span> <span class='ocrx_word' id='word_1_207' title='bbox 510 2606 789 2677; x_wconf 75' lang='lat' dir='ltr'><strong>pra-sentin</strong></span> <span class='ocrx_word' id='word_1_208' title='bbox 837 2603 962 2657; x_wconf 80' lang='lat' dir='ltr'><strong>facit</strong></span> <span class='ocrx_word' id='word_1_209' title='bbox 1000 2601 1138 2657; x_wconf 89' lang='lat' dir='ltr'><strong>vires</strong></span> <span class='ocrx_word' id='word_1_210' title='bbox 1182 2602 1481 2655; x_wconf 72' lang='lat' dir='ltr'><strong>daemonum</strong></span> <span class='ocrx_word' id='word_1_211' title='bbox 1526 2599 1844 2664; x_wconf 85' lang='lat' dir='ltr'><strong>imbecillas,</strong></span> 
     </span>
    </p>
   </div>
   <div class='ocr_carea' id='block_1_27' title="bbox 252 2695 1843 2772">
    <p class='ocr_par' dir='ltr' id='par_1_27' title="bbox 252 2695 1843 2772">
     <span class='ocr_line' id='line_1_27' title="bbox 252 2695 1843 2772; baseline -0.008 -13"><span class='ocrx_word' id='word_1_212' title='bbox 252 2706 430 2760; x_wconf 88' lang='lat' dir='ltr'><strong>multo</strong></span> <span class='ocrx_word' id='word_1_213' title='bbox 458 2701 626 2772; x_wconf 86' lang='lat' dir='ltr'><strong>magis</strong></span> <span class='ocrx_word' id='word_1_214' title='bbox 654 2700 767 2753; x_wconf 82' lang='lat' dir='ltr'><strong>Dei.</strong></span> <span class='ocrx_word' id='word_1_215' title='bbox 798 2698 856 2753; x_wconf 90' lang='lat' dir='ltr'><strong>Si</strong></span> <span class='ocrx_word' id='word_1_216' title='bbox 881 2698 996 2767; x_wconf 83' lang='lat' dir='ltr'><strong>ejus</strong></span> <span class='ocrx_word' id='word_1_217' title='bbox 1024 2695 1195 2766; x_wconf 81' lang='lat' dir='ltr'><strong>fulgur</strong></span> <span class='ocrx_word' id='word_1_218' title='bbox 1222 2708 1482 2764; x_wconf 87' lang='lat' dir='ltr'><strong>apparens</strong></span> <span class='ocrx_word' id='word_1_219' title='bbox 1519 2708 1705 2747; x_wconf 78' lang='lat' dir='ltr'><strong>manes</strong></span> <span class='ocrx_word' id='word_1_220' title='bbox 1734 2702 1843 2747; x_wconf 89' lang='lat' dir='ltr'><strong>ter-</strong></span> 
     </span>
    </p>
   </div>
   <div class='ocr_carea' id='block_1_28' title="bbox 252 2785 1840 2858">
    <p class='ocr_par' dir='ltr' id='par_1_28' title="bbox 252 2785 1840 2858">
     <span class='ocr_line' id='line_1_28' title="bbox 252 2785 1840 2858; baseline -0.01 -4"><span class='ocrx_word' id='word_1_221' title='bbox 252 2814 385 2854; x_wconf 87' lang='lat' dir='ltr'><strong>rore</strong></span> <span class='ocrx_word' id='word_1_222' title='bbox 403 2795 590 2858; x_wconf 83' lang='lat' dir='ltr'><strong>al‘licit,</strong></span> <span class='ocrx_word' id='word_1_223' title='bbox 614 2791 891 2847; x_wconf 83' lang='lat' dir='ltr'><strong>considera</strong></span> <span class='ocrx_word' id='word_1_224' title='bbox 916 2790 1059 2843; x_wconf 87' lang='lat' dir='ltr'><strong>illam</strong></span> <span class='ocrx_word' id='word_1_225' title='bbox 1082 2788 1369 2857; x_wconf 88' lang='lat' dir='ltr'><strong>potentiam</strong></span> <span class='ocrx_word' id='word_1_226' title='bbox 1390 2785 1457 2839; x_wconf 89' lang='lat' dir='ltr'><strong>ab</strong></span> <span class='ocrx_word' id='word_1_227' title='bbox 1480 2785 1692 2838; x_wconf 86' lang='lat' dir='ltr'><strong>interitu</strong></span> <span class='ocrx_word' id='word_1_228' title='bbox 1713 2785 1840 2838; x_wconf 69' lang='lat' dir='ltr'><strong>alic~</strong></span> 
     </span>
    </p>
   </div>
   <div class='ocr_carea' id='block_1_29' title="bbox 254 2876 1843 2956">
    <p class='ocr_par' dir='ltr' id='par_1_29' title="bbox 254 2876 1843 2956">
     <span class='ocr_line' id='line_1_29' title="bbox 254 2876 1843 2956; baseline -0.009 -13"><span class='ocrx_word' id='word_1_229' title='bbox 254 2904 425 2953; x_wconf 81' lang='lat' dir='ltr'><strong>natu,</strong></span> <span class='ocrx_word' id='word_1_230' title='bbox 468 2883 734 2956; x_wconf 86' lang='lat' dir='ltr'><strong>quomodo</strong></span> <span class='ocrx_word' id='word_1_231' title='bbox 781 2890 982 2945; x_wconf 86' lang='lat' dir='ltr'><strong>terret,</strong></span> <span class='ocrx_word' id='word_1_232' title='bbox 1030 2878 1295 2948; x_wconf 88' lang='lat' dir='ltr'><strong>quomodo</strong></span> <span class='ocrx_word' id='word_1_233' title='bbox 1341 2877 1515 2947; x_wconf 88' lang='lat' dir='ltr'><strong>perdit</strong></span> <span class='ocrx_word' id='word_1_234' title='bbox 1553 2876 1843 2943; x_wconf 88' lang='lat' dir='ltr'><strong>irnprohos.</strong></span> 
     </span>
    </p>
   </div>
   <div class='ocr_carea' id='block_1_30' title="bbox 259 2967 1845 3050">
    <p class='ocr_par' dir='ltr' id='par_1_30' title="bbox 259 2967 1845 3050">
     <span class='ocr_line' id='line_1_30' title="bbox 259 2967 1845 3050; baseline -0.011 -13"><span class='ocrx_word' id='word_1_235' title='bbox 259 2981 458 3038; x_wconf 83' lang='lat' dir='ltr'><strong>Vidisti</strong></span> <span class='ocrx_word' id='word_1_236' title='bbox 486 2994 654 3050; x_wconf 84' lang='lat' dir='ltr'><strong>genus</strong></span> <span class='ocrx_word' id='word_1_237' title='bbox 699 2973 1065 3044; x_wconf 80' lang='lat' dir='ltr'><strong>hymnorum?</strong></span> <span class='ocrx_word' id='word_1_238' title='bbox 1109 2971 1283 3025; x_wconf 82' lang='lat' dir='ltr'><strong>vidisti</strong></span> <span class='ocrx_word' id='word_1_239' title='bbox 1327 2969 1539 3023; x_wconf 90' lang='lat' dir='ltr'><strong>modum</strong></span> <span class='ocrx_word' id='word_1_240' title='bbox 1580 2967 1845 3038; x_wconf 84' lang='lat' dir='ltr'><strong>gloriﬁca-</strong></span> 
     </span>
    </p>
   </div>
   <div class='ocr_carea' id='block_1_31' title="bbox 258 3061 1845 3140">
    <p class='ocr_par' dir='ltr' id='par_1_31' title="bbox 258 3061 1845 3140">
     <span class='ocr_line' id='line_1_31' title="bbox 258 3061 1845 3140; baseline -0.01 -12"><span class='ocrx_word' id='word_1_241' title='bbox 258 3074 447 3139; x_wconf 86' lang='lat' dir='ltr'><strong>tionis,</strong></span> <span class='ocrx_word' id='word_1_242' title='bbox 471 3081 522 3126; x_wconf 88' lang='lat' dir='ltr'><strong>et</strong></span> <span class='ocrx_word' id='word_1_243' title='bbox 554 3068 821 3140; x_wconf 90' lang='lat' dir='ltr'><strong>quomodo</strong></span> <span class='ocrx_word' id='word_1_244' title='bbox 851 3066 966 3137; x_wconf 90' lang='lat' dir='ltr'><strong>ejus</strong></span> <span class='ocrx_word' id='word_1_245' title='bbox 1005 3072 1184 3118; x_wconf 86' lang='lat' dir='ltr'><strong>narrat</strong></span> <span class='ocrx_word' id='word_1_246' title='bbox 1228 3062 1546 3132; x_wconf 78' lang='lat' dir='ltr'><strong>potentiam?</strong></span> <span class='ocrx_word' id='word_1_247' title='bbox 1579 3061 1693 3115; x_wconf 74' lang='lat' dir='ltr'><strong>Non</strong></span> <span class='ocrx_word' id='word_1_248' title='bbox 1722 3075 1845 3128; x_wconf 88' lang='lat' dir='ltr'><strong>par-</strong></span> 
     </span>
    </p>
   </div>
   <div class='ocr_carea' id='block_1_32' title="bbox 254 3152 1847 3225">
    <p class='ocr_par' dir='ltr' id='par_1_32' title="bbox 254 3152 1847 3225">
     <span class='ocr_line' id='line_1_32' title="bbox 254 3152 1847 3225; baseline -0.011 -4"><span class='ocrx_word' id='word_1_249' title='bbox 254 3182 389 3221; x_wconf 81' lang='lat' dir='ltr'><strong>vum</strong></span> <span class='ocrx_word' id='word_1_250' title='bbox 420 3173 600 3218; x_wconf 91' lang='lat' dir='ltr'><strong>autem</strong></span> <span class='ocrx_word' id='word_1_251' title='bbox 648 3162 769 3214; x_wconf 92' lang='lat' dir='ltr'><strong>hinc</strong></span> <span class='ocrx_word' id='word_1_252' title='bbox 799 3160 954 3213; x_wconf 88' lang='lat' dir='ltr'><strong>docet</strong></span> <span class='ocrx_word' id='word_1_253' title='bbox 993 3156 1181 3224; x_wconf 83' lang='lat' dir='ltr'><strong>dogma</strong></span> <span class='ocrx_word' id='word_1_254' title='bbox 1226 3152 1593 3225; x_wconf 75' lang='lat' dir='ltr'><strong>pliilosnphim,</strong></span> <span class='ocrx_word' id='word_1_255' title='bbox 1622 3167 1740 3205; x_wconf 91' lang='lat' dir='ltr'><strong>cum</strong></span> <span class='ocrx_word' id='word_1_256' title='bbox 1769 3152 1847 3204; x_wconf 88' lang='lat' dir='ltr'><strong>di-</strong></span> 
     </span>
    </p>
   </div>
   <div class='ocr_carea' id='block_1_33' title="bbox 258 3246 1849 3322">
    <p class='ocr_par' dir='ltr' id='par_1_33' title="bbox 258 3246 1849 3322">
     <span class='ocr_line' id='line_1_33' title="bbox 258 3246 1849 3322; baseline -0.011 -8"><span class='ocrx_word' id='word_1_257' title='bbox 258 3264 362 3322; x_wconf 79' lang='lat' dir='ltr'><strong>xit,</strong></span> <span class='ocrx_word' id='word_1_258' title='bbox 390 3256 625 3311; x_wconf 85' lang='lat' dir='ltr'><strong>Psallam</strong></span> <span class='ocrx_word' id='word_1_259' title='bbox 644 3253 835 3307; x_wconf 82' lang='lat' dir='ltr'><strong>nomini</strong></span> <span class='ocrx_word' id='word_1_260' title='bbox 862 3262 968 3315; x_wconf 90' lang='lat' dir='ltr'><strong>tuo,</strong></span> <span class='ocrx_word' id='word_1_261' title='bbox 997 3249 1268 3302; x_wconf 79' lang='lat' dir='ltr'><strong>Altissime.</strong></span> <span class='ocrx_word' id='word_1_262' title='bbox 1299 3246 1424 3300; x_wconf 73' lang='lat' dir='ltr'><strong>C..m</strong></span> <span class='ocrx_word' id='word_1_263' title='bbox 1448 3260 1712 3299; x_wconf 87' lang='lat' dir='ltr'><strong>conversus</strong></span> <span class='ocrx_word' id='word_1_264' title='bbox 1739 3248 1849 3314; x_wconf 77' lang='lat' dir='ltr'><strong>[ue-</strong></span> 
     </span>
    </p>
   </div>
   <div class='ocr_carea' id='block_1_34' title="bbox 258 3335 1847 3407">
    <p class='ocr_par' dir='ltr' id='par_1_34' title="bbox 258 3335 1847 3407">
     <span class='ocr_line' id='line_1_34' title="bbox 258 3335 1847 3407; baseline -0.01 -3"><span class='ocrx_word' id='word_1_265' title='bbox 258 3354 323 3404; x_wconf 87' lang='lat' dir='ltr'><strong>n&#39;t</strong></span> <span class='ocrx_word' id='word_1_266' title='bbox 354 3349 589 3403; x_wconf 87' lang='lat' dir='ltr'><strong>inimicus</strong></span> <span class='ocrx_word' id='word_1_267' title='bbox 608 3362 746 3400; x_wconf 89' lang='lat' dir='ltr'><strong>meus</strong></span> <span class='ocrx_word' id='word_1_268' title='bbox 766 3355 1057 3398; x_wconf 81' lang='lat' dir='ltr'><strong>retrorsum.</strong></span> <span class='ocrx_word' id='word_1_269' title='bbox 1090 3340 1237 3407; x_wconf 81' lang='lat' dir='ltr'><strong>Quod</strong></span> <span class='ocrx_word' id='word_1_270' title='bbox 1270 3354 1395 3392; x_wconf 89' lang='lat' dir='ltr'><strong>vero</strong></span> <span class='ocrx_word' id='word_1_271' title='bbox 1428 3339 1528 3390; x_wconf 70' lang='lat' dir='ltr'><strong>huc</strong></span> <span class='ocrx_word' id='word_1_272' title='bbox 1555 3337 1671 3390; x_wconf 84' lang='lat' dir='ltr'><strong>est?</strong></span> <span class='ocrx_word' id='word_1_273' title='bbox 1697 3335 1847 3402; x_wconf 77' lang='lat' dir='ltr'><strong>Quod</strong></span> 
     </span>
    </p>
   </div>
   <div class='ocr_carea' id='block_1_35' title="bbox 260 3429 1848 3498">
    <p class='ocr_par' dir='ltr' id='par_1_35' title="bbox 260 3429 1848 3498">
     <span class='ocr_line' id='line_1_35' title="bbox 260 3429 1848 3498; baseline -0.013 -1"><span class='ocrx_word' id='word_1_274' title='bbox 260 3459 373 3498; x_wconf 89' lang='lat' dir='ltr'><strong>non</strong></span> <span class='ocrx_word' id='word_1_275' title='bbox 413 3440 589 3495; x_wconf 90' lang='lat' dir='ltr'><strong>solum</strong></span> <span class='ocrx_word' id='word_1_276' title='bbox 617 3438 673 3490; x_wconf 90' lang='lat' dir='ltr'><strong>in</strong></span> <span class='ocrx_word' id='word_1_277' title='bbox 698 3433 1089 3496; x_wconf 85' lang='lat' dir='ltr'><strong>alllictionihus,</strong></span> <span class='ocrx_word' id='word_1_278' title='bbox 1118 3430 1210 3485; x_wconf 89' lang='lat' dir='ltr'><strong>sed</strong></span> <span class='ocrx_word' id='word_1_279' title='bbox 1236 3431 1395 3483; x_wconf 88' lang='lat' dir='ltr'><strong>etiam</strong></span> <span class='ocrx_word' id='word_1_280' title='bbox 1422 3429 1473 3481; x_wconf 89' lang='lat' dir='ltr'><strong>in</strong></span> <span class='ocrx_word' id='word_1_281' title='bbox 1505 3429 1661 3480; x_wconf 78' lang='lat' dir='ltr'><strong>rebus</strong></span> <span class='ocrx_word' id='word_1_282' title='bbox 1702 3438 1848 3479; x_wconf 81' lang='lat' dir='ltr'><strong>tran-</strong></span> 
     </span>
    </p>
   </div>
   <div class='ocr_carea' id='block_1_36' title="bbox 258 3515 1849 3601">
    <p class='ocr_par' dir='ltr' id='par_1_36' title="bbox 258 3515 1849 3601">
     <span class='ocr_line' id='line_1_36' title="bbox 258 3515 1849 3601; baseline -0.009 -18"><span class='ocrx_word' id='word_1_283' title='bbox 258 3530 444 3601; x_wconf 80' lang='lat' dir='ltr'><strong>quillis</strong></span> <span class='ocrx_word' id='word_1_284' title='bbox 471 3544 532 3584; x_wconf 88' lang='lat' dir='ltr'><strong>se</strong></span> <span class='ocrx_word' id='word_1_285' title='bbox 557 3526 827 3580; x_wconf 79' lang='lat' dir='ltr'><strong>moderate</strong></span> <span class='ocrx_word' id='word_1_286' title='bbox 867 3521 1049 3592; x_wconf 82' lang='lat' dir='ltr'><strong>gessit.</strong></span> <span class='ocrx_word' id='word_1_287' title='bbox 1080 3519 1225 3573; x_wconf 85' lang='lat' dir='ltr'><strong>Multi</strong></span> <span class='ocrx_word' id='word_1_288' title='bbox 1262 3519 1402 3573; x_wconf 88' lang='lat' dir='ltr'><strong>enim</strong></span> <span class='ocrx_word' id='word_1_289' title='bbox 1428 3517 1582 3570; x_wconf 80' lang='lat' dir='ltr'><strong>malis</strong></span> <span class='ocrx_word' id='word_1_290' title='bbox 1620 3515 1849 3569; x_wconf 85' lang='lat' dir='ltr'><strong>humiles</strong></span> 
     </span>
    </p>
   </div>
   <div class='ocr_carea' id='block_1_37' title="bbox 259 3605 1849 3687">
    <p class='ocr_par' dir='ltr' id='par_1_37' title="bbox 259 3605 1849 3687">
     <span class='ocr_line' id='line_1_37' title="bbox 259 3605 1849 3687; baseline -0.012 -9"><span class='ocrx_word' id='word_1_291' title='bbox 259 3621 464 3687; x_wconf 85' lang='lat' dir='ltr'><strong>ctl&#39;ecti,</strong></span> <span class='ocrx_word' id='word_1_292' title='bbox 495 3617 786 3674; x_wconf 85' lang='lat' dir='ltr'><strong>redduntur</strong></span> <span class='ocrx_word' id='word_1_293' title='bbox 832 3614 1078 3668; x_wconf 88' lang='lat' dir='ltr'><strong>meliores</strong></span> <span class='ocrx_word' id='word_1_294' title='bbox 1111 3629 1123 3664; x_wconf 90' lang='lat'><strong>:</strong></span> <span class='ocrx_word' id='word_1_295' title='bbox 1156 3611 1308 3665; x_wconf 90' lang='lat' dir='ltr'><strong>bonis</strong></span> <span class='ocrx_word' id='word_1_296' title='bbox 1349 3618 1548 3674; x_wconf 87' lang='lat' dir='ltr'><strong>autem,</strong></span> <span class='ocrx_word' id='word_1_297' title='bbox 1576 3605 1849 3662; x_wconf 89' lang='lat' dir='ltr'><strong>socordio-</strong></span> 
     </span>
    </p>
   </div>
   <div class='ocr_carea' id='block_1_38' title="bbox 270 3698 1846 3781">
    <p class='ocr_par' dir='ltr' id='par_1_38' title="bbox 270 3698 1846 3781">
     <span class='ocr_line' id='line_1_38' title="bbox 270 3698 1846 3781; baseline -0.012 -12"><span class='ocrx_word' id='word_1_298' title='bbox 270 3730 363 3769; x_wconf 89' lang='lat' dir='ltr'><strong>res</strong></span> <span class='ocrx_word' id='word_1_299' title='bbox 386 3724 442 3767; x_wconf 88' lang='lat' dir='ltr'><strong>et</strong></span> <span class='ocrx_word' id='word_1_300' title='bbox 458 3710 757 3781; x_wconf 75' lang='lat' dir='ltr'><strong>ignaviores</strong></span> <span class='ocrx_word' id='word_1_301' title='bbox 779 3724 793 3759; x_wconf 90' lang='lat'><strong>:</strong></span> <span class='ocrx_word' id='word_1_302' title='bbox 815 3706 956 3776; x_wconf 87' lang='lat' dir='ltr'><strong>quod</strong></span> <span class='ocrx_word' id='word_1_303' title='bbox 985 3703 1195 3774; x_wconf 87' lang='lat' dir='ltr'><strong>quidem</strong></span> <span class='ocrx_word' id='word_1_304' title='bbox 1227 3701 1359 3754; x_wconf 80' lang='lat' dir='ltr'><strong>infra</strong></span> <span class='ocrx_word' id='word_1_305' title='bbox 1379 3700 1505 3753; x_wconf 88' lang='lat' dir='ltr'><strong>dicit</strong></span> <span class='ocrx_word' id='word_1_306' title='bbox 1524 3701 1590 3754; x_wconf 86' lang='lat' dir='ltr'><strong>de</strong></span> <span class='ocrx_word' id='word_1_307' title='bbox 1609 3698 1806 3753; x_wconf 72' lang='lat' dir='ltr'><strong>Judicis</strong></span> <span class='ocrx_word' id='word_1_308' title='bbox 1831 3712 1846 3750; x_wconf 81' lang='lat' dir='ltr'><strong><em>z</em></strong></span> 
     </span>
    </p>
   </div>
   <div class='ocr_carea' id='block_1_39' title="bbox 267 3786 1847 3872">
    <p class='ocr_par' dir='ltr' id='par_1_39' title="bbox 267 3786 1847 3872">
     <span class='ocr_line' id='line_1_39' title="bbox 267 3786 1847 3872; baseline -0.011 -15"><span class='ocrx_word' id='word_1_309' title='bbox 267 3802 494 3872; x_wconf 79' lang='lat' dir='ltr'><strong>Quando</strong></span> <span class='ocrx_word' id='word_1_310' title='bbox 523 3799 777 3853; x_wconf 85' lang='lat' dir='ltr'><strong>occidebat</strong></span> <span class='ocrx_word' id='word_1_311' title='bbox 811 3797 970 3866; x_wconf 84' lang='lat' dir='ltr'><strong>ipsos,</strong></span> <span class='ocrx_word' id='word_1_312' title='bbox 998 3804 1112 3846; x_wconf 87' lang='lat' dir='ltr'><strong>tunc</strong></span> <span class='ocrx_word' id='word_1_313' title='bbox 1153 3790 1437 3861; x_wconf 74' lang='lat' dir='ltr'><strong>quterebant</strong></span> <span class='ocrx_word' id='word_1_314' title='bbox 1481 3790 1647 3860; x_wconf 72' lang='lat' dir='ltr'><strong>ipsum</strong></span> <span class='ocrx_word' id='word_1_315' title='bbox 1676 3786 1847 3858; x_wconf 84' lang='lat' dir='ltr'><strong>(Psul.</strong></span> 
     </span>
    </p>
   </div>
   <div class='ocr_carea' id='block_1_40' title="bbox 264 3882 1847 3965">
    <p class='ocr_par' dir='ltr' id='par_1_40' title="bbox 264 3882 1847 3965">
     <span class='ocr_line' id='line_1_40' title="bbox 264 3882 1847 3965; baseline -0.013 -11"><span class='ocrx_word' id='word_1_316' title='bbox 264 3900 361 3954; x_wconf 83' lang='lat'><strong>77.</strong></span> <span class='ocrx_word' id='word_1_317' title='bbox 380 3897 497 3965; x_wconf 66' lang='grc'><strong>54).</strong></span> <span class='ocrx_word' id='word_1_318' title='bbox 513 3893 618 3949; x_wconf 87' lang='lat' dir='ltr'><strong>Sed</strong></span> <span class='ocrx_word' id='word_1_319' title='bbox 640 3906 747 3946; x_wconf 89' lang='lat' dir='ltr'><strong>non</strong></span> <span class='ocrx_word' id='word_1_320' title='bbox 767 3900 850 3945; x_wconf 87' lang='lat' dir='ltr'><strong>est</strong></span> <span class='ocrx_word' id='word_1_321' title='bbox 870 3890 955 3942; x_wconf 92' lang='lat' dir='ltr'><strong>hic</strong></span> <span class='ocrx_word' id='word_1_322' title='bbox 971 3886 1229 3957; x_wconf 86' lang='lat' dir='ltr'><strong>ejusmodi</strong></span> <span class='ocrx_word' id='word_1_323' title='bbox 1251 3903 1265 3949; x_wconf 54' lang='grc' dir='ltr'>ε</span> <span class='ocrx_word' id='word_1_324' title='bbox 1291 3885 1395 3936; x_wconf 91' lang='lat' dir='ltr'><strong>imo</strong></span> <span class='ocrx_word' id='word_1_325' title='bbox 1421 3886 1579 3937; x_wconf 90' lang='lat' dir='ltr'><strong>etiam</strong></span> <span class='ocrx_word' id='word_1_326' title='bbox 1604 3882 1657 3933; x_wconf 93' lang='lat' dir='ltr'><strong>in</strong></span> <span class='ocrx_word' id='word_1_327' title='bbox 1687 3882 1847 3935; x_wconf 83' lang='lat' dir='ltr'><strong>rebus</strong></span> 
     </span>
    </p>
   </div>
   <div class='ocr_carea' id='block_1_41' title="bbox 260 3974 1850 4048">
    <p class='ocr_par' dir='ltr' id='par_1_41' title="bbox 260 3974 1850 4048">
     <span class='ocr_line' id='line_1_41' title="bbox 260 3974 1850 4048; baseline -0.013 -1"><span class='ocrx_word' id='word_1_328' title='bbox 260 3989 519 4048; x_wconf 83' lang='lat' dir='ltr'><strong>secundis</strong></span> <span class='ocrx_word' id='word_1_329' title='bbox 566 3988 866 4040; x_wconf 89' lang='lat' dir='ltr'><strong>moderatus</strong></span> <span class='ocrx_word' id='word_1_330' title='bbox 904 3992 1018 4044; x_wconf 92' lang='lat' dir='ltr'><strong>est,</strong></span> <span class='ocrx_word' id='word_1_331' title='bbox 1046 3990 1100 4034; x_wconf 92' lang='lat' dir='ltr'><strong>et</strong></span> <span class='ocrx_word' id='word_1_332' title='bbox 1128 3978 1370 4047; x_wconf 78' lang='lat' dir='ltr'><strong>vigilans.</strong></span> <span class='ocrx_word' id='word_1_333' title='bbox 1414 3974 1529 4030; x_wconf 83' lang='lat' dir='ltr'><strong>Non</strong></span> <span class='ocrx_word' id='word_1_334' title='bbox 1568 3984 1649 4028; x_wconf 90' lang='lat' dir='ltr'><strong>est</strong></span> <span class='ocrx_word' id='word_1_335' title='bbox 1673 3982 1850 4027; x_wconf 89' lang='lat' dir='ltr'><strong>autem</strong></span> 
     </span>
    </p>
   </div>
   <div class='ocr_carea' id='block_1_42' title="bbox 263 4066 1851 4151">
    <p class='ocr_par' dir='ltr' id='par_1_42' title="bbox 263 4066 1851 4151">
     <span class='ocr_line' id='line_1_42' title="bbox 263 4066 1851 4151; baseline -0.013 -12"><span class='ocrx_word' id='word_1_336' title='bbox 263 4085 373 4139; x_wconf 86' lang='lat' dir='ltr'><strong>hoc</strong></span> <span class='ocrx_word' id='word_1_337' title='bbox 399 4095 586 4151; x_wconf 84' lang='lat' dir='ltr'><strong>parum</strong></span> <span class='ocrx_word' id='word_1_338' title='bbox 613 4079 678 4131; x_wconf 86' lang='lat' dir='ltr'><strong>ad</strong></span> <span class='ocrx_word' id='word_1_339' title='bbox 708 4074 1113 4146; x_wconf 76' lang='lat' dir='ltr'><strong>philos0pltia1n.</strong></span> <span class='ocrx_word' id='word_1_340' title='bbox 1137 4072 1189 4126; x_wconf 75' lang='grc' dir='ltr'><strong>ὅ.</strong></span> <span class='ocrx_word' id='word_1_341' title='bbox 1223 4071 1472 4138; x_wconf 84' lang='lat' dir='ltr'><strong>Quoniam</strong></span> <span class='ocrx_word' id='word_1_342' title='bbox 1518 4068 1677 4140; x_wconf 72' lang='lat' dir='ltr'><strong>fecisti</strong></span> <span class='ocrx_word' id='word_1_343' title='bbox 1703 4066 1851 4136; x_wconf 79' lang='lat' dir='ltr'><strong>judi-</strong></span> 
     </span>
    </p>
   </div>
   <div class='ocr_carea' id='block_1_43' title="bbox 263 4162 1855 4236">
    <p class='ocr_par' dir='ltr' id='par_1_43' title="bbox 263 4162 1855 4236">
     <span class='ocr_line' id='line_1_43' title="bbox 263 4162 1855 4236; baseline -0.011 -6"><span class='ocrx_word' id='word_1_344' title='bbox 263 4178 403 4230; x_wconf 81' lang='lat' dir='ltr'><strong>cium</strong></span> <span class='ocrx_word' id='word_1_345' title='bbox 444 4189 626 4236; x_wconf 84' lang='lat' dir='ltr'><strong>meum,</strong></span> <span class='ocrx_word' id='word_1_346' title='bbox 656 4182 701 4224; x_wconf 85' lang='lat' dir='ltr'><strong>et</strong></span> <span class='ocrx_word' id='word_1_347' title='bbox 729 4185 933 4223; x_wconf 86' lang='lat' dir='ltr'><strong>causam</strong></span> <span class='ocrx_word' id='word_1_348' title='bbox 962 4183 1144 4220; x_wconf 87' lang='lat' dir='ltr'><strong>meam.</strong></span> <span class='ocrx_word' id='word_1_349' title='bbox 1170 4166 1341 4230; x_wconf 80' lang='lat' dir='ltr'><strong>Alius,</strong></span> <span class='ocrx_word' id='word_1_350' title='bbox 1362 4162 1613 4215; x_wconf 87' lang='lat' dir='ltr'><strong>Judicasti</strong></span> <span class='ocrx_word' id='word_1_351' title='bbox 1657 4176 1747 4230; x_wconf 86' lang='lat' dir='ltr'><strong>pro</strong></span> <span class='ocrx_word' id='word_1_352' title='bbox 1777 4176 1855 4213; x_wconf 85' lang='lat' dir='ltr'><strong>me</strong></span> 
     </span>
    </p>
   </div>
   <div class='ocr_carea' id='block_1_44' title="bbox 266 4249 1853 4342">
    <p class='ocr_par' dir='ltr' id='par_1_44' title="bbox 266 4249 1853 4342">
     <span class='ocr_line' id='line_1_44' title="bbox 266 4249 1853 4342; baseline -0.013 -18"><span class='ocrx_word' id='word_1_353' title='bbox 266 4269 368 4342; x_wconf 83' lang='grc' dir='ltr'><strong>(α).</strong></span> <span class='ocrx_word' id='word_1_354' title='bbox 398 4267 591 4322; x_wconf 83' lang='lat' dir='ltr'><strong>Sedisti</strong></span> <span class='ocrx_word' id='word_1_355' title='bbox 617 4281 766 4334; x_wconf 82' lang='lat' dir='ltr'><strong>super</strong></span> <span class='ocrx_word' id='word_1_356' title='bbox 793 4263 1028 4315; x_wconf 79' lang='lat' dir='ltr'><strong>thronum</strong></span> <span class='ocrx_word' id='word_1_357' title='bbox 1051 4259 1136 4327; x_wconf 85' lang='lat' dir='ltr'><strong>qui</strong></span> <span class='ocrx_word' id='word_1_358' title='bbox 1154 4257 1358 4327; x_wconf 85' lang='lat' dir='ltr'><strong>judicas</strong></span> <span class='ocrx_word' id='word_1_359' title='bbox 1386 4254 1645 4319; x_wconf 82' lang='lat' dir='ltr'><strong>iustitiam.</strong></span> <span class='ocrx_word' id='word_1_360' title='bbox 1675 4257 1723 4306; x_wconf 75' lang='lat' dir='ltr'><strong>ti.</strong></span> <span class='ocrx_word' id='word_1_361' title='bbox 1758 4249 1853 4342; x_wconf 87' lang='lat' dir='ltr'><strong>n-</strong></span> 
     </span>
    </p>
   </div>
   <div class='ocr_carea' id='block_1_45' title="bbox 265 4341 1851 4429">
    <p class='ocr_par' dir='ltr' id='par_1_45' title="bbox 265 4341 1851 4429">
     <span class='ocr_line' id='line_1_45' title="bbox 265 4341 1851 4429; baseline -0.012 -15"><span class='ocrx_word' id='word_1_362' title='bbox 265 4358 487 4429; x_wconf 78' lang='lat' dir='ltr'><strong>crepasti</strong></span> <span class='ocrx_word' id='word_1_363' title='bbox 514 4370 704 4427; x_wconf 78' lang='lat' dir='ltr'><strong>gentes,</strong></span> <span class='ocrx_word' id='word_1_364' title='bbox 729 4363 777 4408; x_wconf 88' lang='lat' dir='ltr'><strong>et</strong></span> <span class='ocrx_word' id='word_1_365' title='bbox 793 4352 937 4425; x_wconf 81' lang='lat' dir='ltr'><strong>periit</strong></span> <span class='ocrx_word' id='word_1_366' title='bbox 962 4351 1168 4415; x_wconf 85' lang='lat' dir='ltr'><strong>impius.</strong></span> <span class='ocrx_word' id='word_1_367' title='bbox 1197 4349 1344 4402; x_wconf 86' lang='lat' dir='ltr'><strong>Alius</strong></span> <span class='ocrx_word' id='word_1_368' title='bbox 1375 4364 1387 4400; x_wconf 94' lang='lat'>:</span> <span class='ocrx_word' id='word_1_369' title='bbox 1412 4345 1706 4399; x_wconf 75' lang='lat' dir='ltr'><strong>Perdidisti.</strong></span> <span class='ocrx_word' id='word_1_370' title='bbox 1736 4341 1851 4395; x_wconf 57' lang='grc' dir='ltr'><strong>3νό-</strong></span> 
     </span>
    </p>
   </div>
   <div class='ocr_carea' id='block_1_46' title="bbox 270 4432 1856 4519">
    <p class='ocr_par' dir='ltr' id='par_1_46' title="bbox 270 4432 1856 4519">
     <span class='ocr_line' id='line_1_46' title="bbox 270 4432 1856 4519; baseline -0.013 -12"><span class='ocrx_word' id='word_1_371' title='bbox 270 4469 385 4507; x_wconf 79' lang='lat' dir='ltr'><strong>nten</strong></span> <span class='ocrx_word' id='word_1_372' title='bbox 410 4451 522 4519; x_wconf 85' lang='lat' dir='ltr'><strong>ejus</strong></span> <span class='ocrx_word' id='word_1_373' title='bbox 547 4446 724 4499; x_wconf 79' lang='lat' dir='ltr'><strong>delcsti</strong></span> <span class='ocrx_word' id='word_1_374' title='bbox 744 4446 796 4497; x_wconf 89' lang='lat' dir='ltr'><strong>in</strong></span> <span class='ocrx_word' id='word_1_375' title='bbox 816 4453 1079 4508; x_wconf 66' lang='lat' dir='ltr'><strong>aeternum,</strong></span> <span class='ocrx_word' id='word_1_376' title='bbox 1100 4449 1145 4493; x_wconf 87' lang='lat' dir='ltr'><strong>et</strong></span> <span class='ocrx_word' id='word_1_377' title='bbox 1172 4440 1224 4492; x_wconf 89' lang='lat' dir='ltr'><strong>in</strong></span> <span class='ocrx_word' id='word_1_378' title='bbox 1246 4438 1484 4492; x_wconf 67' lang='lat' dir='ltr'><strong>saeculum</strong></span> <span class='ocrx_word' id='word_1_379' title='bbox 1509 4434 1701 4490; x_wconf 78' lang='lat' dir='ltr'><strong>stvculi.</strong></span> <span class='ocrx_word' id='word_1_380' title='bbox 1725 4432 1856 4487; x_wconf 87' lang='lat' dir='ltr'><strong>Vide</strong></span> 
     </span>
    </p>
   </div>
   <div class='ocr_carea' id='block_1_47' title="bbox 270 4526 1854 4607">
    <p class='ocr_par' dir='ltr' id='par_1_47' title="bbox 270 4526 1854 4607">
     <span class='ocr_line' id='line_1_47' title="bbox 270 4526 1854 4607; baseline -0.015 -7"><span class='ocrx_word' id='word_1_381' title='bbox 270 4559 459 4600; x_wconf 79' lang='lat' dir='ltr'><strong>rursus</strong></span> <span class='ocrx_word' id='word_1_382' title='bbox 500 4540 598 4595; x_wconf 83' lang='lat' dir='ltr'><strong>viri</strong></span> <span class='ocrx_word' id='word_1_383' title='bbox 633 4534 1040 4607; x_wconf 86' lang='lat' dir='ltr'><strong>philosophiam,</strong></span> <span class='ocrx_word' id='word_1_384' title='bbox 1067 4530 1334 4602; x_wconf 92' lang='lat' dir='ltr'><strong>quomodo</strong></span> <span class='ocrx_word' id='word_1_385' title='bbox 1363 4543 1468 4582; x_wconf 89' lang='lat' dir='ltr'><strong>non</strong></span> <span class='ocrx_word' id='word_1_386' title='bbox 1498 4527 1611 4596; x_wconf 88' lang='lat' dir='ltr'><strong>ipse</strong></span> <span class='ocrx_word' id='word_1_387' title='bbox 1642 4526 1854 4579; x_wconf 74' lang='lat' dir='ltr'><strong>ulcisci-</strong></span> 
     </span>
    </p>
   </div>
   <div class='ocr_carea' id='block_1_48' title="bbox 274 4621 1855 4695">
    <p class='ocr_par' dir='ltr' id='par_1_48' title="bbox 274 4621 1855 4695">
     <span class='ocr_line' id='line_1_48' title="bbox 274 4621 1855 4695; baseline -0.013 -5"><span class='ocrx_word' id='word_1_388' title='bbox 274 4649 358 4692; x_wconf 90' lang='lat' dir='ltr'><strong>tur</strong></span> <span class='ocrx_word' id='word_1_389' title='bbox 376 4632 643 4695; x_wconf 80' lang='lat' dir='ltr'><strong>inimicos,</strong></span> <span class='ocrx_word' id='word_1_390' title='bbox 665 4628 759 4681; x_wconf 90' lang='lat' dir='ltr'><strong>sed</strong></span> <span class='ocrx_word' id='word_1_391' title='bbox 786 4627 896 4681; x_wconf 88' lang='lat' dir='ltr'><strong>Deo</strong></span> <span class='ocrx_word' id='word_1_392' title='bbox 908 4623 1153 4681; x_wconf 76' lang='lat' dir='ltr'><strong>Concedit.</strong></span> <span class='ocrx_word' id='word_1_393' title='bbox 1171 4621 1451 4691; x_wconf 89' lang='lat' dir='ltr'><strong>judicium,</strong></span> <span class='ocrx_word' id='word_1_394' title='bbox 1468 4633 1689 4672; x_wconf 89' lang='lat' dir='ltr'><strong>servans</strong></span> <span class='ocrx_word' id='word_1_395' title='bbox 1720 4632 1855 4685; x_wconf 79' lang='lat' dir='ltr'><strong>pra:-</strong></span> 
     </span>
    </p>
   </div>
   <div class='ocr_carea' id='block_1_49' title="bbox 273 4708 1853 4796">
    <p class='ocr_par' dir='ltr' id='par_1_49' title="bbox 273 4708 1853 4796">
     <span class='ocr_line' id='line_1_49' title="bbox 273 4708 1853 4796; baseline -0.015 -15"><span class='ocrx_word' id='word_1_396' title='bbox 273 4737 485 4796; x_wconf 83' lang='lat' dir='ltr'><strong>ccptunt</strong></span> <span class='ocrx_word' id='word_1_397' title='bbox 525 4720 899 4793; x_wconf 79' lang='lat' dir='ltr'><strong>apostolicum,</strong></span> <span class='ocrx_word' id='word_1_398' title='bbox 930 4714 1050 4769; x_wconf 90' lang='lat' dir='ltr'><strong>Non</strong></span> <span class='ocrx_word' id='word_1_399' title='bbox 1095 4730 1178 4767; x_wconf 85' lang='lat' dir='ltr'><strong>vos</strong></span> <span class='ocrx_word' id='word_1_400' title='bbox 1207 4713 1341 4783; x_wconf 83' lang='lat' dir='ltr'><strong>ipsos</strong></span> <span class='ocrx_word' id='word_1_401' title='bbox 1369 4711 1654 4764; x_wconf 79' lang='lat' dir='ltr'><strong>ulciscentes</strong></span> <span class='ocrx_word' id='word_1_402' title='bbox 1675 4708 1853 4778; x_wconf 83' lang='lat' dir='ltr'><strong>(Rom.</strong></span> 
     </span>
    </p>
   </div>
   <div class='ocr_carea' id='block_1_50' title="bbox 279 4798 1857 4886">
    <p class='ocr_par' dir='ltr' id='par_1_50' title="bbox 279 4798 1857 4886">
     <span class='ocr_line' id='line_1_50' title="bbox 279 4798 1857 4886; baseline -0.013 -12"><span class='ocrx_word' id='word_1_403' title='bbox 279 4821 362 4875; x_wconf 72' lang='lat' dir='ltr'><strong>l2.</strong></span> <span class='ocrx_word' id='word_1_404' title='bbox 401 4815 637 4886; x_wconf 82' lang='lat' dir='ltr'><strong>l9).Nou</strong></span> <span class='ocrx_word' id='word_1_405' title='bbox 668 4813 770 4866; x_wconf 87' lang='lat' dir='ltr'><strong>hoc</strong></span> <span class='ocrx_word' id='word_1_406' title='bbox 795 4818 973 4864; x_wconf 86' lang='lat' dir='ltr'><strong>autem</strong></span> <span class='ocrx_word' id='word_1_407' title='bbox 1000 4806 1171 4860; x_wconf 87' lang='lat' dir='ltr'><strong>soltun</strong></span> <span class='ocrx_word' id='word_1_408' title='bbox 1198 4803 1377 4858; x_wconf 87' lang='lat' dir='ltr'><strong>videre</strong></span> <span class='ocrx_word' id='word_1_409' title='bbox 1418 4816 1728 4870; x_wconf 86' lang='lat' dir='ltr'><strong>possumus;</strong></span> <span class='ocrx_word' id='word_1_410' title='bbox 1760 4798 1857 4853; x_wconf 82' lang='lat' dir='ltr'><strong>sed</strong></span> 
     </span>
    </p>
   </div>
   <div class='ocr_carea' id='block_1_51' title="bbox 277 4891 1860 4983">
    <p class='ocr_par' dir='ltr' id='par_1_51' title="bbox 277 4891 1860 4983">
     <span class='ocr_line' id='line_1_51' title="bbox 277 4891 1860 4983; baseline -0.013 -17"><span class='ocrx_word' id='word_1_411' title='bbox 277 4911 419 4983; x_wconf 58' lang='lat' dir='ltr'><strong>quod</strong></span> <span class='ocrx_word' id='word_1_412' title='bbox 447 4911 565 4964; x_wconf 68' lang='lat' dir='ltr'><strong>lucc</strong></span> <span class='ocrx_word' id='word_1_413' title='bbox 587 4907 747 4961; x_wconf 84' lang='lat' dir='ltr'><strong>etiam</strong></span> <span class='ocrx_word' id='word_1_414' title='bbox 786 4903 981 4973; x_wconf 85' lang='lat' dir='ltr'><strong>injuste</strong></span> <span class='ocrx_word' id='word_1_415' title='bbox 1026 4913 1209 4970; x_wconf 89' lang='lat' dir='ltr'><strong>passus</strong></span> <span class='ocrx_word' id='word_1_416' title='bbox 1229 4898 1316 4950; x_wconf 89' lang='lat' dir='ltr'><strong>sit.</strong></span> <span class='ocrx_word' id='word_1_417' title='bbox 1340 4894 1450 4948; x_wconf 82' lang='lat' dir='ltr'><strong>Nisi</strong></span> <span class='ocrx_word' id='word_1_418' title='bbox 1477 4892 1618 4947; x_wconf 90' lang='lat' dir='ltr'><strong>enim</strong></span> <span class='ocrx_word' id='word_1_419' title='bbox 1663 4891 1860 4961; x_wconf 83' lang='lat' dir='ltr'><strong>injuste</strong></span> 
     </span>
    </p>
   </div>
   <div class='ocr_carea' id='block_1_52' title="bbox 278 4985 1862 5073">
    <p class='ocr_par' dir='ltr' id='par_1_52' title="bbox 278 4985 1862 5073">
     <span class='ocr_line' id='line_1_52' title="bbox 278 4985 1862 5073; baseline -0.015 -12"><span class='ocrx_word' id='word_1_420' title='bbox 278 5015 421 5061; x_wconf 69' lang='lat' dir='ltr'><strong>esset</strong></span> <span class='ocrx_word' id='word_1_421' title='bbox 452 5016 661 5073; x_wconf 85' lang='lat' dir='ltr'><strong>passus,</strong></span> <span class='ocrx_word' id='word_1_422' title='bbox 693 5013 757 5052; x_wconf 90' lang='lat' dir='ltr'><strong>ea</strong></span> <span class='ocrx_word' id='word_1_423' title='bbox 790 4998 928 5051; x_wconf 88' lang='lat' dir='ltr'><strong>Deus</strong></span> <span class='ocrx_word' id='word_1_424' title='bbox 966 5009 1071 5048; x_wconf 90' lang='lat' dir='ltr'><strong>non</strong></span> <span class='ocrx_word' id='word_1_425' title='bbox 1094 4999 1241 5047; x_wconf 84' lang='lat' dir='ltr'><strong>esset</strong></span> <span class='ocrx_word' id='word_1_426' title='bbox 1287 4990 1448 5043; x_wconf 91' lang='lat' dir='ltr'><strong>ultus.</strong></span> <span class='ocrx_word' id='word_1_427' title='bbox 1477 4985 1668 5040; x_wconf 85' lang='lat' dir='ltr'><strong>Sedisli</strong></span> <span class='ocrx_word' id='word_1_428' title='bbox 1712 5001 1862 5052; x_wconf 73' lang='lat' dir='ltr'><strong>super</strong></span> 
     </span>
    </p>
   </div>
   <div class='ocr_carea' id='block_1_53' title="bbox 280 5079 1860 5165">
    <p class='ocr_par' dir='ltr' id='par_1_53' title="bbox 280 5079 1860 5165">
     <span class='ocr_line' id='line_1_53' title="bbox 280 5079 1860 5165; baseline -0.016 -12"><span class='ocrx_word' id='word_1_429' title='bbox 280 5102 516 5153; x_wconf 80' lang='lat' dir='ltr'><strong>thronum</strong></span> <span class='ocrx_word' id='word_1_430' title='bbox 538 5095 622 5165; x_wconf 81' lang='lat' dir='ltr'><strong>qui</strong></span> <span class='ocrx_word' id='word_1_431' title='bbox 638 5091 846 5165; x_wconf 79' lang='lat' dir='ltr'><strong>judicas</strong></span> <span class='ocrx_word' id='word_1_432' title='bbox 872 5087 1143 5155; x_wconf 82' lang='lat' dir='ltr'><strong>iustitiam.</strong></span> <span class='ocrx_word' id='word_1_433' title='bbox 1167 5083 1411 5138; x_wconf 82' lang='lat' dir='ltr'><strong>Humano</strong></span> <span class='ocrx_word' id='word_1_434' title='bbox 1434 5094 1583 5133; x_wconf 89' lang='lat' dir='ltr'><strong>more</strong></span> <span class='ocrx_word' id='word_1_435' title='bbox 1610 5079 1860 5146; x_wconf 72' lang='lat' dir='ltr'><strong>loquLtur,</strong></span> 
     </span>
    </p>
   </div>
   <div class='ocr_carea' id='block_1_54' title="bbox 280 5170 1864 5248">
    <p class='ocr_par' dir='ltr' id='par_1_54' title="bbox 280 5170 1864 5248">
     <span class='ocr_line' id='line_1_54' title="bbox 280 5170 1864 5248; baseline -0.018 0"><span class='ocrx_word' id='word_1_436' title='bbox 280 5196 466 5248; x_wconf 77' lang='lat' dir='ltr'><strong>dicens</strong></span> <span class='ocrx_word' id='word_1_437' title='bbox 490 5190 740 5245; x_wconf 87' lang='lat' dir='ltr'><strong>thronum</strong></span> <span class='ocrx_word' id='word_1_438' title='bbox 768 5195 822 5240; x_wconf 91' lang='lat' dir='ltr'><strong>et</strong></span> <span class='ocrx_word' id='word_1_439' title='bbox 850 5180 1178 5238; x_wconf 85' lang='lat' dir='ltr'><strong>cathedram.</strong></span> <span class='ocrx_word' id='word_1_440' title='bbox 1210 5174 1340 5231; x_wconf 89' lang='lat' dir='ltr'><strong>Illud</strong></span> <span class='ocrx_word' id='word_1_441' title='bbox 1362 5186 1561 5237; x_wconf 87' lang='lat' dir='ltr'><strong>autem,</strong></span> <span class='ocrx_word' id='word_1_442' title='bbox 1594 5170 1691 5235; x_wconf 74' lang='lat' dir='ltr'><strong>Qui</strong></span> <span class='ocrx_word' id='word_1_443' title='bbox 1719 5170 1864 5238; x_wconf 81' lang='lat' dir='ltr'><strong>judi-</strong></span> 
     </span>
    </p>
   </div>
   <div class='ocr_carea' id='block_1_55' title="bbox 283 5268 1867 5355">
    <p class='ocr_par' dir='ltr' id='par_1_55' title="bbox 283 5268 1867 5355">
     <span class='ocr_line' id='line_1_55' title="bbox 283 5268 1867 5355; baseline -0.016 -17"><span class='ocrx_word' id='word_1_444' title='bbox 283 5302 367 5339; x_wconf 84' lang='lat' dir='ltr'><strong>cas</strong></span> <span class='ocrx_word' id='word_1_445' title='bbox 386 5282 658 5355; x_wconf 77' lang='lat' dir='ltr'><strong>justitiam,</strong></span> <span class='ocrx_word' id='word_1_446' title='bbox 686 5276 737 5331; x_wconf 90' lang='lat' dir='ltr'><strong>id</strong></span> <span class='ocrx_word' id='word_1_447' title='bbox 770 5273 897 5329; x_wconf 87' lang='lat' dir='ltr'><strong>dicit</strong></span> <span class='ocrx_word' id='word_1_448' title='bbox 918 5270 1060 5342; x_wconf 88' lang='lat' dir='ltr'><strong>quod</strong></span> <span class='ocrx_word' id='word_1_449' title='bbox 1094 5277 1178 5323; x_wconf 88' lang='lat' dir='ltr'><strong>est</strong></span> <span class='ocrx_word' id='word_1_450' title='bbox 1206 5268 1313 5321; x_wconf 89' lang='lat' dir='ltr'><strong>Deo</strong></span> <span class='ocrx_word' id='word_1_451' title='bbox 1341 5275 1674 5355; x_wconf 79' lang='lat' dir='ltr'><strong>consuetum,</strong></span> <span class='ocrx_word' id='word_1_452' title='bbox 1704 5271 1757 5314; x_wconf 89' lang='lat' dir='ltr'><strong>et</strong></span> <span class='ocrx_word' id='word_1_453' title='bbox 1784 5268 1867 5313; x_wconf 89' lang='lat' dir='ltr'><strong>est</strong></span> 
     </span>
    </p>
   </div>
   <div class='ocr_carea' id='block_1_56' title="bbox 285 5352 1865 5447">
    <p class='ocr_par' dir='ltr' id='par_1_56' title="bbox 285 5352 1865 5447">
     <span class='ocr_line' id='line_1_56' title="bbox 285 5352 1865 5447; baseline -0.018 -14"><span class='ocrx_word' id='word_1_454' title='bbox 285 5352 400 5447; x_wconf 76' lang='lat' dir='ltr'><strong>ejus</strong></span> <span class='ocrx_word' id='word_1_455' title='bbox 444 5370 756 5429; x_wconf 64' lang='lat' dir='ltr'><strong>substantiae</strong></span> <span class='ocrx_word' id='word_1_456' title='bbox 803 5365 1145 5435; x_wconf 68' lang='lat' dir='ltr'><strong>prtecipuum.</strong></span> <span class='ocrx_word' id='word_1_457' title='bbox 1176 5360 1235 5413; x_wconf 88' lang='lat' dir='ltr'><strong>In</strong></span> <span class='ocrx_word' id='word_1_458' title='bbox 1256 5355 1563 5412; x_wconf 86' lang='lat' dir='ltr'><strong>hominibus</strong></span> <span class='ocrx_word' id='word_1_459' title='bbox 1591 5352 1732 5447; x_wconf 88' lang='lat' dir='ltr'><strong>enim</strong></span> <span class='ocrx_word' id='word_1_460' title='bbox 1760 5366 1865 5447; x_wconf 77' lang='lat' dir='ltr'><strong>non</strong></span> 
     </span>
    </p>
   </div>
   <div class='ocr_carea' id='block_1_57' title="bbox 288 5443 1866 5525">
    <p class='ocr_par' dir='ltr' id='par_1_57' title="bbox 288 5443 1866 5525">
     <span class='ocr_line' id='line_1_57' title="bbox 288 5443 1866 5525; baseline -0.019 -1"><span class='ocrx_word' id='word_1_461' title='bbox 288 5443 410 5524; x_wconf 81' lang='lat' dir='ltr'><strong>licet</strong></span> <span class='ocrx_word' id='word_1_462' title='bbox 430 5467 534 5521; x_wconf 90' lang='lat' dir='ltr'><strong>hoc</strong></span> <span class='ocrx_word' id='word_1_463' title='bbox 553 5465 749 5518; x_wconf 88' lang='lat' dir='ltr'><strong>dicere.</strong></span> <span class='ocrx_word' id='word_1_464' title='bbox 776 5457 890 5513; x_wconf 85' lang='lat' dir='ltr'><strong>Non</strong></span> <span class='ocrx_word' id='word_1_465' title='bbox 910 5454 1148 5525; x_wconf 87' lang='lat' dir='ltr'><strong>judicant</strong></span> <span class='ocrx_word' id='word_1_466' title='bbox 1166 5450 1309 5505; x_wconf 89' lang='lat' dir='ltr'><strong>enim</strong></span> <span class='ocrx_word' id='word_1_467' title='bbox 1327 5447 1605 5518; x_wconf 86' lang='lat' dir='ltr'><strong>justitiam,</strong></span> <span class='ocrx_word' id='word_1_468' title='bbox 1625 5446 1723 5498; x_wconf 90' lang='lat' dir='ltr'><strong>etsi</strong></span> <span class='ocrx_word' id='word_1_469' title='bbox 1747 5443 1866 5497; x_wconf 88' lang='lat' dir='ltr'><strong>mil-</strong></span> 
     </span>
    </p>
   </div>
   <div class='ocr_carea' id='block_1_58' title="bbox 289 5534 1866 5630">
    <p class='ocr_par' dir='ltr' id='par_1_58' title="bbox 289 5534 1866 5630">
     <span class='ocr_line' id='line_1_58' title="bbox 289 5534 1866 5630; baseline -0.018 -14"><span class='ocrx_word' id='word_1_470' title='bbox 289 5561 383 5615; x_wconf 82' lang='lat' dir='ltr'><strong>lies</strong></span> <span class='ocrx_word' id='word_1_471' title='bbox 398 5557 528 5630; x_wconf 81' lang='lat' dir='ltr'><strong>justi</strong></span> <span class='ocrx_word' id='word_1_472' title='bbox 546 5555 673 5619; x_wconf 84' lang='lat' dir='ltr'><strong>sint,</strong></span> <span class='ocrx_word' id='word_1_473' title='bbox 703 5548 873 5619; x_wconf 86' lang='lat' dir='ltr'><strong>utqui</strong></span> <span class='ocrx_word' id='word_1_474' title='bbox 904 5541 1184 5616; x_wconf 89' lang='lat' dir='ltr'><strong>aliquando</strong></span> <span class='ocrx_word' id='word_1_475' title='bbox 1205 5550 1421 5612; x_wconf 85' lang='lat' dir='ltr'><strong>propter</strong></span> <span class='ocrx_word' id='word_1_476' title='bbox 1453 5537 1742 5602; x_wconf 87' lang='lat' dir='ltr'><strong>inscitiam,</strong></span> <span class='ocrx_word' id='word_1_477' title='bbox 1764 5534 1866 5588; x_wconf 85' lang='lat' dir='ltr'><strong>ali-</strong></span> 
     </span>
    </p>
   </div>
   <div class='ocr_carea' id='block_1_59' title="bbox 353 5727 1874 5851">
    <p class='ocr_par' dir='ltr' id='par_1_59' title="bbox 353 5727 1874 5851">
     <span class='ocr_line' id='line_1_59' title="bbox 353 5727 1874 5851; baseline -0.015 -53"><span class='ocrx_word' id='word_1_478' title='bbox 353 5757 423 5807; x_wconf 79' lang='grc' dir='ltr'><strong>(η)</strong></span> <span class='ocrx_word' id='word_1_479' title='bbox 452 5754 568 5797; x_wconf 65' lang='grc' dir='ltr'><strong>ηενρ</strong></span> <span class='ocrx_word' id='word_1_480' title='bbox 602 5741 776 5800; x_wconf 80' lang='lat' dir='ltr'><strong>lectio,</strong></span> <span class='ocrx_word' id='word_1_481' title='bbox 814 5735 1061 5788; x_wconf 79' lang='lat' dir='ltr'><strong>Jutlicasti</strong></span> <span class='ocrx_word' id='word_1_482' title='bbox 1104 5749 1194 5798; x_wconf 88' lang='lat' dir='ltr'><strong>pro</strong></span> <span class='ocrx_word' id='word_1_483' title='bbox 1221 5747 1295 5784; x_wconf 85' lang='lat' dir='ltr'><strong>me</strong></span> <span class='ocrx_word' id='word_1_484' title='bbox 1341 5729 1706 5805; x_wconf 51' lang='grc' dir='ltr'><strong>(βπερρδίκασᾴς</strong></span> <span class='ocrx_word' id='word_1_485' title='bbox 1739 5727 1874 5851; x_wconf 45' lang='grc' dir='ltr'><strong>μου),</strong></span> 
     </span>
     <span class='ocr_line' id='line_1_60' title="bbox 353 5793 1874 5851; baseline -0.01 0"><span class='ocrx_word' id='word_1_486' title='bbox 353 5822 381 5851; x_wconf 63' lang='grc' dir='ltr'>ιι</span> <span class='ocrx_word' id='word_1_487' title='bbox 418 5807 642 5851; x_wconf 66' lang='lat' dir='ltr'><strong>Amtilm-</strong></span> <span class='ocrx_word' id='word_1_488' title='bbox 690 5815 910 5851; x_wconf 74' lang='lat' dir='ltr'><strong>sequens</strong></span> <span class='ocrx_word' id='word_1_489' title='bbox 951 5806 1157 5851; x_wconf 83' lang='lat' dir='ltr'><strong>autem.</strong></span> <span class='ocrx_word' id='word_1_490' title='bbox 1205 5795 1483 5847; x_wconf 76' lang='lat' dir='ltr'><strong>Perdidisti</strong></span> <span class='ocrx_word' id='word_1_491' title='bbox 1541 5793 1824 5851; x_wconf 74' lang='grc' dir='ltr'><strong>(ἀπωλεσαις</strong></span> <span class='ocrx_word' id='word_1_492' title='bbox 1864 5824 1874 5847; x_wconf 87' lang='grc'><em>,</em></span> 
     </span>
    </p>
   </div>
   <div class='ocr_carea' id='block_1_60' title="bbox 299 5793 1877 5872">
    <p class='ocr_par' dir='ltr' id='par_1_60' title="bbox 299 5793 1877 5872">
     <span class='ocr_line' id='line_1_61' title="bbox 299 5793 1877 5872; baseline -0.013 -14"><span class='ocrx_word' id='word_1_493' title='bbox 299 5793 642 5872; x_wconf 26' lang='lat' dir='ltr'><strong>,estilt-quilai,</strong></span> <span class='ocrx_word' id='word_1_494' title='bbox 690 5793 910 5865; x_wconf 75' lang='lat' dir='ltr'><strong>sequens</strong></span> <span class='ocrx_word' id='word_1_495' title='bbox 951 5793 1157 5859; x_wconf 81' lang='lat' dir='ltr'><strong>autem,</strong></span> <span class='ocrx_word' id='word_1_496' title='bbox 1205 5793 1484 5847; x_wconf 80' lang='lat' dir='ltr'><strong>Perdidisti</strong></span> <span class='ocrx_word' id='word_1_497' title='bbox 1541 5793 1877 5855; x_wconf 71' lang='grc' dir='ltr'><strong>(ἀπώλεσας),</strong></span> 
     </span>
    </p>
   </div>
   <div class='ocr_carea' id='block_1_61' title="bbox 295 5868 588 5936">
    <p class='ocr_par' dir='ltr' id='par_1_61' title="bbox 295 5868 588 5936">
     <span class='ocr_line' id='line_1_62' title="bbox 295 5868 588 5936; baseline -0.017 -12"><span class='ocrx_word' id='word_1_498' title='bbox 295 5868 588 5936; x_wconf 62' lang='lat' dir='ltr'><strong>Symmachi.</strong></span> 
     </span>
    </p>
   </div>
   <div class='ocr_carea' id='block_1_62' title="bbox 3424 423 3523 477">
    <p class='ocr_par' dir='ltr' id='par_1_62' title="bbox 3424 423 3523 477">
     <span class='ocr_line' id='line_1_63' title="bbox 3424 423 3523 477; baseline 0 -1"><span class='ocrx_word' id='word_1_499' title='bbox 3424 423 3523 477; x_wconf 67' lang='lat'><strong>{‘26</strong></span> 
     </span>
    </p>
   </div>
   <div class='ocr_carea' id='block_1_63' title="bbox 1947 506 3517 597">
    <p class='ocr_par' dir='ltr' id='par_1_63' title="bbox 1947 506 3517 597">
     <span class='ocr_line' id='line_1_64' title="bbox 1947 506 3517 597; baseline 0.02 -41"><span class='ocrx_word' id='word_1_500' title='bbox 1947 506 2156 574; x_wconf 90' lang='lat' dir='ltr'><strong>quando</strong></span> <span class='ocrx_word' id='word_1_501' title='bbox 2184 519 2399 577; x_wconf 88' lang='lat' dir='ltr'><strong>propter</strong></span> <span class='ocrx_word' id='word_1_502' title='bbox 2419 512 2735 580; x_wconf 87' lang='lat' dir='ltr'><strong>socordiam,</strong></span> <span class='ocrx_word' id='word_1_503' title='bbox 2756 518 2895 587; x_wconf 85' lang='lat' dir='ltr'><strong>quod</strong></span> <span class='ocrx_word' id='word_1_504' title='bbox 2923 519 3118 587; x_wconf 87' lang='lat' dir='ltr'><strong>justum</strong></span> <span class='ocrx_word' id='word_1_505' title='bbox 3139 535 3221 579; x_wconf 87' lang='lat' dir='ltr'><strong>est</strong></span> <span class='ocrx_word' id='word_1_506' title='bbox 3242 527 3482 597; x_wconf 86' lang='lat' dir='ltr'><strong>ignorent</strong></span> <span class='ocrx_word' id='word_1_507' title='bbox 3504 555 3517 585; x_wconf 84' lang='lat'>;</span> 
     </span>
    </p>
   </div>
   <div class='ocr_carea' id='block_1_64' title="bbox 1947 598 3521 679">
    <p class='ocr_par' dir='ltr' id='par_1_64' title="bbox 1947 598 3521 679">
     <span class='ocr_line' id='line_1_65' title="bbox 1947 598 3521 679; baseline 0.013 -29"><span class='ocrx_word' id='word_1_508' title='bbox 1947 598 2085 652; x_wconf 78' lang='lat' dir='ltr'><strong>lleus</strong></span> <span class='ocrx_word' id='word_1_509' title='bbox 2107 616 2232 653; x_wconf 89' lang='lat' dir='ltr'><strong>vero</strong></span> <span class='ocrx_word' id='word_1_510' title='bbox 2252 603 2338 669; x_wconf 86' lang='lat' dir='ltr'><strong>qui</strong></span> <span class='ocrx_word' id='word_1_511' title='bbox 2359 603 2427 657; x_wconf 90' lang='lat' dir='ltr'><strong>ab</strong></span> <span class='ocrx_word' id='word_1_512' title='bbox 2449 603 2532 659; x_wconf 93' lang='lat' dir='ltr'><strong>his</strong></span> <span class='ocrx_word' id='word_1_513' title='bbox 2549 607 2795 663; x_wconf 84' lang='lat' dir='ltr'><strong>omnibus</strong></span> <span class='ocrx_word' id='word_1_514' title='bbox 2819 611 2952 665; x_wconf 79' lang='lat' dir='ltr'><strong>liber</strong></span> <span class='ocrx_word' id='word_1_515' title='bbox 2972 624 3075 677; x_wconf 90' lang='lat' dir='ltr'><strong>est,</strong></span> <span class='ocrx_word' id='word_1_516' title='bbox 3097 627 3150 670; x_wconf 89' lang='lat' dir='ltr'><strong>et</strong></span> <span class='ocrx_word' id='word_1_517' title='bbox 3166 621 3339 674; x_wconf 84' lang='lat' dir='ltr'><strong>sciens</strong></span> <span class='ocrx_word' id='word_1_518' title='bbox 3353 635 3408 677; x_wconf 87' lang='lat' dir='ltr'><strong>et</strong></span> <span class='ocrx_word' id='word_1_519' title='bbox 3429 640 3521 679; x_wconf 80' lang='lat' dir='ltr'><strong>vo.</strong></span> 
     </span>
    </p>
   </div>
   <div class='ocr_carea' id='block_1_65' title="bbox 1945 688 3522 784">
    <p class='ocr_par' dir='ltr' id='par_1_65' title="bbox 1945 688 3522 784">
     <span class='ocr_line' id='line_1_66' title="bbox 1945 688 3522 784; baseline 0.018 -44"><span class='ocrx_word' id='word_1_520' title='bbox 1945 688 2058 784; x_wconf 80' lang='lat' dir='ltr'><strong>lens</strong></span> <span class='ocrx_word' id='word_1_521' title='bbox 2083 689 2278 784; x_wconf 89' lang='lat' dir='ltr'><strong>justam</strong></span> <span class='ocrx_word' id='word_1_522' title='bbox 2312 692 2410 746; x_wconf 82' lang='lat' dir='ltr'><strong>l‘ert</strong></span> <span class='ocrx_word' id='word_1_523' title='bbox 2434 699 2774 752; x_wconf 88' lang='lat' dir='ltr'><strong>sententiam.</strong></span> <span class='ocrx_word' id='word_1_524' title='bbox 2801 700 2933 756; x_wconf 86' lang='lat' dir='ltr'><strong>Illud</strong></span> <span class='ocrx_word' id='word_1_525' title='bbox 2969 721 3115 774; x_wconf 87' lang='lat' dir='ltr'><strong>ergo,</strong></span> <span class='ocrx_word' id='word_1_526' title='bbox 3148 709 3337 764; x_wconf 76' lang='lat' dir='ltr'><strong>Sedisti</strong></span> <span class='ocrx_word' id='word_1_527' title='bbox 3371 731 3522 784; x_wconf 77' lang='lat' dir='ltr'><strong>super</strong></span> 
     </span>
    </p>
   </div>
   <div class='ocr_carea' id='block_1_66' title="bbox 1946 781 3519 865">
    <p class='ocr_par' dir='ltr' id='par_1_66' title="bbox 1946 781 3519 865">
     <span class='ocr_line' id='line_1_67' title="bbox 1946 781 3519 865; baseline 0.018 -34"><span class='ocrx_word' id='word_1_528' title='bbox 1946 781 2201 846; x_wconf 80' lang='lat' dir='ltr'><strong>thronum,</strong></span> <span class='ocrx_word' id='word_1_529' title='bbox 2226 783 2777 857; x_wconf 82' lang='lat' dir='ltr'><strong>judicasti,signilieat,</strong></span> <span class='ocrx_word' id='word_1_530' title='bbox 2809 807 3159 864; x_wconf 82' lang='lat' dir='ltr'><strong>persequutus</strong></span> <span class='ocrx_word' id='word_1_531' title='bbox 3180 815 3259 865; x_wconf 82' lang='lat' dir='ltr'><strong>es,</strong></span> <span class='ocrx_word' id='word_1_532' title='bbox 3283 781 3519 860; x_wconf 33' lang='lat' dir='ltr'><strong>ultus-es.</strong></span> 
     </span>
    </p>
   </div>
   <div class='ocr_carea' id='block_1_67' title="bbox 1944 867 3519 956">
    <p class='ocr_par' dir='ltr' id='par_1_67' title="bbox 1944 867 3519 956">
     <span class='ocr_line' id='line_1_68' title="bbox 1944 867 3519 956; baseline 0.018 -37"><span class='ocrx_word' id='word_1_533' title='bbox 1944 867 2226 939; x_wconf 80' lang='lat' dir='ltr'><strong>lncrepasti</strong></span> <span class='ocrx_word' id='word_1_534' title='bbox 2266 882 2455 941; x_wconf 84' lang='lat' dir='ltr'><strong>gentes,</strong></span> <span class='ocrx_word' id='word_1_535' title='bbox 2481 887 2527 928; x_wconf 88' lang='lat' dir='ltr'><strong>et</strong></span> <span class='ocrx_word' id='word_1_536' title='bbox 2556 879 2703 945; x_wconf 75' lang='lat' dir='ltr'><strong>periit</strong></span> <span class='ocrx_word' id='word_1_537' title='bbox 2731 880 2933 950; x_wconf 86' lang='lat' dir='ltr'><strong>impius.</strong></span> <span class='ocrx_word' id='word_1_538' title='bbox 2962 884 3117 939; x_wconf 83' lang='lat' dir='ltr'><strong>Vides</strong></span> <span class='ocrx_word' id='word_1_539' title='bbox 3138 892 3404 956; x_wconf 83' lang='lat' dir='ltr'><strong>quomodo</strong></span> <span class='ocrx_word' id='word_1_540' title='bbox 3427 909 3519 947; x_wconf 81' lang='lat' dir='ltr'><strong>ar-</strong></span> 
     </span>
    </p>
   </div>
   <div class='ocr_carea' id='block_1_68' title="bbox 1945 960 3517 1051">
    <p class='ocr_par' dir='ltr' id='par_1_68' title="bbox 1945 960 3517 1051">
     <span class='ocr_line' id='line_1_69' title="bbox 1945 960 3517 1051; baseline 0.018 -41"><span class='ocrx_word' id='word_1_541' title='bbox 1945 960 2043 1011; x_wconf 86' lang='lat' dir='ltr'><strong>mis</strong></span> <span class='ocrx_word' id='word_1_542' title='bbox 2064 961 2169 1015; x_wconf 88' lang='lat' dir='ltr'><strong>Deo</strong></span> <span class='ocrx_word' id='word_1_543' title='bbox 2191 978 2295 1016; x_wconf 91' lang='lat' dir='ltr'><strong>non</strong></span> <span class='ocrx_word' id='word_1_544' title='bbox 2318 978 2450 1032; x_wconf 89' lang='lat' dir='ltr'><strong>opus</strong></span> <span class='ocrx_word' id='word_1_545' title='bbox 2469 975 2568 1031; x_wconf 80' lang='lat' dir='ltr'><strong>est,</strong></span> <span class='ocrx_word' id='word_1_546' title='bbox 2589 983 2690 1021; x_wconf 90' lang='lat' dir='ltr'><strong>non</strong></span> <span class='ocrx_word' id='word_1_547' title='bbox 2710 970 2907 1039; x_wconf 82' lang='lat' dir='ltr'><strong>gladio,</strong></span> <span class='ocrx_word' id='word_1_548' title='bbox 2928 989 3029 1028; x_wconf 85' lang='lat' dir='ltr'><strong>non</strong></span> <span class='ocrx_word' id='word_1_549' title='bbox 3052 992 3199 1044; x_wconf 90' lang='lat' dir='ltr'><strong>arcu,</strong></span> <span class='ocrx_word' id='word_1_550' title='bbox 3226 996 3330 1034; x_wconf 88' lang='lat' dir='ltr'><strong>non</strong></span> <span class='ocrx_word' id='word_1_551' title='bbox 3357 985 3517 1051; x_wconf 84' lang='lat' dir='ltr'><strong>sagit-</strong></span> 
     </span>
    </p>
   </div>
   <div class='ocr_carea' id='block_1_69' title="bbox 1947 1048 3524 1128">
    <p class='ocr_par' dir='ltr' id='par_1_69' title="bbox 1947 1048 3524 1128">
     <span class='ocr_line' id='line_1_70' title="bbox 1947 1048 3524 1128; baseline 0.015 -25"><span class='ocrx_word' id='word_1_552' title='bbox 1947 1048 2034 1112; x_wconf 90' lang='lat' dir='ltr'><strong>tis,</strong></span> <span class='ocrx_word' id='word_1_553' title='bbox 2051 1050 2143 1103; x_wconf 92' lang='lat' dir='ltr'><strong>scd</strong></span> <span class='ocrx_word' id='word_1_554' title='bbox 2175 1051 2259 1104; x_wconf 89' lang='lat' dir='ltr'><strong>illa</strong></span> <span class='ocrx_word' id='word_1_555' title='bbox 2284 1051 2516 1109; x_wconf 88' lang='lat' dir='ltr'><strong>humano</strong></span> <span class='ocrx_word' id='word_1_556' title='bbox 2545 1072 2692 1112; x_wconf 86' lang='lat' dir='ltr'><strong>more</strong></span> <span class='ocrx_word' id='word_1_557' title='bbox 2708 1059 2847 1114; x_wconf 88' lang='lat' dir='ltr'><strong>dicta</strong></span> <span class='ocrx_word' id='word_1_558' title='bbox 2864 1074 3019 1117; x_wconf 89' lang='lat' dir='ltr'><strong>sunt:</strong></span> <span class='ocrx_word' id='word_1_559' title='bbox 3042 1066 3150 1120; x_wconf 84' lang='lat' dir='ltr'><strong>Deo</strong></span> <span class='ocrx_word' id='word_1_560' title='bbox 3172 1069 3310 1122; x_wconf 91' lang='lat' dir='ltr'><strong>enim</strong></span> <span class='ocrx_word' id='word_1_561' title='bbox 3328 1048 3524 1128; x_wconf 80' lang='lat' dir='ltr'><strong>sul&#39;lieit</strong></span> 
     </span>
    </p>
   </div>
   <div class='ocr_carea' id='block_1_70' title="bbox 1946 1140 3518 1220">
    <p class='ocr_par' dir='ltr' id='par_1_70' title="bbox 1946 1140 3518 1220">
     <span class='ocr_line' id='line_1_71' title="bbox 1946 1140 3518 1220; baseline 0.018 -29"><span class='ocrx_word' id='word_1_562' title='bbox 1946 1140 2220 1210; x_wconf 86' lang='lat' dir='ltr'><strong>increpare</strong></span> <span class='ocrx_word' id='word_1_563' title='bbox 2241 1154 2293 1197; x_wconf 90' lang='lat' dir='ltr'><strong>et</strong></span> <span class='ocrx_word' id='word_1_564' title='bbox 2321 1146 2541 1213; x_wconf 87' lang='lat' dir='ltr'><strong>perdere</strong></span> <span class='ocrx_word' id='word_1_565' title='bbox 2570 1164 2662 1204; x_wconf 89' lang='lat' dir='ltr'><strong>eos</strong></span> <span class='ocrx_word' id='word_1_566' title='bbox 2677 1152 2767 1220; x_wconf 89' lang='lat' dir='ltr'><strong>qui</strong></span> <span class='ocrx_word' id='word_1_567' title='bbox 2788 1154 3036 1220; x_wconf 86' lang='lat' dir='ltr'><strong>puniendi</strong></span> <span class='ocrx_word' id='word_1_568' title='bbox 3075 1169 3217 1213; x_wconf 86' lang='lat' dir='ltr'><strong>sum.</strong></span> <span class='ocrx_word' id='word_1_569' title='bbox 3246 1162 3314 1218; x_wconf 91' lang='lat' dir='ltr'><strong>Ut</strong></span> <span class='ocrx_word' id='word_1_570' title='bbox 3342 1176 3518 1219; x_wconf 82' lang='lat' dir='ltr'><strong>autem</strong></span> 
     </span>
    </p>
   </div>
   <div class='ocr_carea' id='block_1_71' title="bbox 1944 1231 3515 1324">
    <p class='ocr_par' dir='ltr' id='par_1_71' title="bbox 1944 1231 3515 1324">
     <span class='ocr_line' id='line_1_72' title="bbox 1944 1231 3515 1324; baseline 0.018 -41"><span class='ocrx_word' id='word_1_571' title='bbox 1944 1231 2058 1324; x_wconf 75' lang='lat' dir='ltr'><strong>ejus</strong></span> <span class='ocrx_word' id='word_1_572' title='bbox 2083 1234 2370 1302; x_wconf 83' lang='lat' dir='ltr'><strong>potentiam</strong></span> <span class='ocrx_word' id='word_1_573' title='bbox 2404 1237 2683 1306; x_wconf 60' lang='lat' dir='ltr'><strong>intelligas,</strong></span> <span class='ocrx_word' id='word_1_574' title='bbox 2718 1245 2837 1297; x_wconf 76' lang='lat' dir='ltr'><strong>audi</strong></span> <span class='ocrx_word' id='word_1_575' title='bbox 2864 1247 3023 1301; x_wconf 86' lang='lat' dir='ltr'><strong>etiam</strong></span> <span class='ocrx_word' id='word_1_576' title='bbox 3044 1265 3163 1319; x_wconf 72' lang='lat' dir='ltr'><strong>qua:</strong></span> <span class='ocrx_word' id='word_1_577' title='bbox 3204 1270 3515 1324; x_wconf 82' lang='lat' dir='ltr'><strong>sequuntur.</strong></span> 
     </span>
    </p>
   </div>
   <div class='ocr_carea' id='block_1_72' title="bbox 1948 1318 3514 1402">
    <p class='ocr_par' dir='ltr' id='par_1_72' title="bbox 1948 1318 3514 1402">
     <span class='ocr_line' id='line_1_73' title="bbox 1948 1318 3514 1402; baseline 0.02 -32"><span class='ocrx_word' id='word_1_578' title='bbox 1948 1318 2148 1373; x_wconf 82' lang='lat' dir='ltr'><strong>Nomen</strong></span> <span class='ocrx_word' id='word_1_579' title='bbox 2174 1339 2345 1375; x_wconf 87' lang='lat' dir='ltr'><strong>eorum</strong></span> <span class='ocrx_word' id='word_1_580' title='bbox 2365 1325 2542 1379; x_wconf 76' lang='lat' dir='ltr'><strong>delesti</strong></span> <span class='ocrx_word' id='word_1_581' title='bbox 2557 1329 2607 1381; x_wconf 89' lang='lat' dir='ltr'><strong>in</strong></span> <span class='ocrx_word' id='word_1_582' title='bbox 2626 1339 2887 1398; x_wconf 69' lang='lat' dir='ltr'><strong>.eternunt,</strong></span> <span class='ocrx_word' id='word_1_583' title='bbox 2914 1345 2960 1387; x_wconf 81' lang='lat' dir='ltr'><strong>et</strong></span> <span class='ocrx_word' id='word_1_584' title='bbox 2989 1337 3042 1390; x_wconf 88' lang='lat' dir='ltr'><strong>in</strong></span> <span class='ocrx_word' id='word_1_585' title='bbox 3058 1318 3297 1396; x_wconf 72' lang='lat' dir='ltr'><strong>swcutuni</strong></span> <span class='ocrx_word' id='word_1_586' title='bbox 3319 1348 3514 1402; x_wconf 74' lang='lat' dir='ltr'><strong>satculi.</strong></span> 
     </span>
    </p>
   </div>
   <div class='ocr_carea' id='block_1_73' title="bbox 1911 1409 3519 1501">
    <p class='ocr_par' dir='ltr' id='par_1_73' title="bbox 1911 1409 3519 1501">
     <span class='ocr_line' id='line_1_74' title="bbox 1911 1409 3519 1501; baseline 0.019 -39"><span class='ocrx_word' id='word_1_587' title='bbox 1911 1423 1918 1429; x_wconf 86' lang='lat'>&#39;</span> <span class='ocrx_word' id='word_1_588' title='bbox 1947 1409 2218 1466; x_wconf 83' lang='lat' dir='ltr'><strong>Radicitus</strong></span> <span class='ocrx_word' id='word_1_589' title='bbox 2259 1416 2556 1483; x_wconf 89' lang='lat' dir='ltr'><strong>perdidisti,</strong></span> <span class='ocrx_word' id='word_1_590' title='bbox 2596 1423 2924 1490; x_wconf 86' lang='lat' dir='ltr'><strong>convulsisti,</strong></span> <span class='ocrx_word' id='word_1_591' title='bbox 2951 1428 3021 1481; x_wconf 65' lang='lat' dir='ltr'><strong>ita</strong></span> <span class='ocrx_word' id='word_1_592' title='bbox 3048 1430 3312 1501; x_wconf 87' lang='lat' dir='ltr'><strong>delevisti,</strong></span> <span class='ocrx_word' id='word_1_593' title='bbox 3342 1449 3397 1490; x_wconf 90' lang='lat' dir='ltr'><strong>ut</strong></span> <span class='ocrx_word' id='word_1_594' title='bbox 3423 1455 3519 1491; x_wconf 84' lang='lat' dir='ltr'><strong>co-</strong></span> 
     </span>
    </p>
   </div>
   <div class='ocr_carea' id='block_1_74' title="bbox 1946 1507 3521 1600">
    <p class='ocr_par' dir='ltr' id='par_1_74' title="bbox 1946 1507 3521 1600">
     <span class='ocr_line' id='line_1_75' title="bbox 1946 1507 3521 1600; baseline 0.02 -47"><span class='ocrx_word' id='word_1_595' title='bbox 1946 1518 2060 1555; x_wconf 87' lang='lat' dir='ltr'><strong>rmu</strong></span> <span class='ocrx_word' id='word_1_596' title='bbox 2107 1507 2268 1560; x_wconf 83' lang='lat' dir='ltr'><strong>etiam</strong></span> <span class='ocrx_word' id='word_1_597' title='bbox 2316 1512 2529 1577; x_wconf 87' lang='lat' dir='ltr'><strong>perierit</strong></span> <span class='ocrx_word' id='word_1_598' title='bbox 2567 1519 2939 1573; x_wconf 83' lang='lat' dir='ltr'><strong>memoria...7.</strong></span> <span class='ocrx_word' id='word_1_599' title='bbox 2988 1521 3190 1578; x_wconf 79' lang='lat' dir='ltr'><strong>Inimici</strong></span> <span class='ocrx_word' id='word_1_600' title='bbox 3237 1529 3521 1600; x_wconf 77' lang='lat' dir='ltr'><strong>defecerunt</strong></span> 
     </span>
    </p>
   </div>
   <div class='ocr_carea' id='block_1_75' title="bbox 1945 1595 3519 1684">
    <p class='ocr_par' dir='ltr' id='par_1_75' title="bbox 1945 1595 3519 1684">
     <span class='ocr_line' id='line_1_76' title="bbox 1945 1595 3519 1684; baseline 0.022 -43"><span class='ocrx_word' id='word_1_601' title='bbox 1945 1595 2148 1684; x_wconf 67' lang='lat' dir='ltr'><strong>frontem</strong></span> <span class='ocrx_word' id='word_1_602' title='bbox 2165 1596 2216 1649; x_wconf 90' lang='lat' dir='ltr'><strong>in</strong></span> <span class='ocrx_word' id='word_1_603' title='bbox 2232 1599 2402 1664; x_wconf 80' lang='lat' dir='ltr'><strong>ﬁnem.</strong></span> <span class='ocrx_word' id='word_1_604' title='bbox 2418 1601 2587 1669; x_wconf 88' lang='lat' dir='ltr'><strong>Alius,</strong></span> <span class='ocrx_word' id='word_1_605' title='bbox 2611 1605 2814 1660; x_wconf 64' lang='lat' dir='ltr'><strong>Ruinat.</strong></span> <span class='ocrx_word' id='word_1_606' title='bbox 2838 1609 3093 1669; x_wconf 70' lang='lat' dir='ltr'><strong>Hebraeus</strong></span> <span class='ocrx_word' id='word_1_607' title='bbox 3109 1595 3309 1684; x_wconf 67' lang='lat' dir='ltr'><strong>autem,</strong></span> <span class='ocrx_word' id='word_1_608' title='bbox 3330 1622 3519 1675; x_wconf 82' lang='lat' dir='ltr'><strong>Arbotlt</strong></span> 
     </span>
    </p>
   </div>
   <div class='ocr_carea' id='block_1_76' title="bbox 1945 1683 3513 1778">
    <p class='ocr_par' dir='ltr' id='par_1_76' title="bbox 1945 1683 3513 1778">
     <span class='ocr_line' id='line_1_77' title="bbox 1945 1683 3513 1778; baseline 0.022 -44"><span class='ocrx_word' id='word_1_609' title='bbox 1945 1683 2044 1778; x_wconf 83' lang='lat' dir='ltr'><strong>(a).</strong></span> <span class='ocrx_word' id='word_1_610' title='bbox 2079 1685 2141 1778; x_wconf 60' lang='lat' dir='ltr'><strong>lit</strong></span> <span class='ocrx_word' id='word_1_611' title='bbox 2177 1688 2396 1746; x_wconf 81' lang='lat' dir='ltr'><strong>civitates</strong></span> <span class='ocrx_word' id='word_1_612' title='bbox 2418 1694 2727 1751; x_wconf 67' lang='lat' dir='ltr'><strong>destruxisti.</strong></span> <span class='ocrx_word' id='word_1_613' title='bbox 2771 1700 2906 1765; x_wconf 81' lang='lat' dir='ltr'><strong>Quid</strong></span> <span class='ocrx_word' id='word_1_614' title='bbox 2939 1703 3040 1759; x_wconf 88' lang='lat' dir='ltr'><strong>hoc</strong></span> <span class='ocrx_word' id='word_1_615' title='bbox 3066 1708 3186 1762; x_wconf 86' lang='lat' dir='ltr'><strong>est?</strong></span> <span class='ocrx_word' id='word_1_616' title='bbox 3226 1683 3513 1778; x_wconf 85' lang='lat' dir='ltr'><strong>Machinis,</strong></span> 
     </span>
    </p>
   </div>
   <div class='ocr_carea' id='block_1_77' title="bbox 1944 1775 3520 1868">
    <p class='ocr_par' dir='ltr' id='par_1_77' title="bbox 1944 1775 3520 1868">
     <span class='ocr_line' id='line_1_78' title="bbox 1944 1775 3520 1868; baseline 0.021 -41"><span class='ocrx_word' id='word_1_617' title='bbox 1944 1775 2133 1868; x_wconf 86' lang='lat' dir='ltr'><strong>inquit,</strong></span> <span class='ocrx_word' id='word_1_618' title='bbox 2161 1787 2217 1833; x_wconf 89' lang='lat' dir='ltr'><strong>et</strong></span> <span class='ocrx_word' id='word_1_619' title='bbox 2256 1784 2495 1838; x_wconf 89' lang='lat' dir='ltr'><strong>consiliis</strong></span> <span class='ocrx_word' id='word_1_620' title='bbox 2539 1791 2885 1859; x_wconf 85' lang='lat' dir='ltr'><strong>consumptis,</strong></span> <span class='ocrx_word' id='word_1_621' title='bbox 2927 1810 3047 1848; x_wconf 88' lang='lat' dir='ltr'><strong>eum</strong></span> <span class='ocrx_word' id='word_1_622' title='bbox 3096 1802 3325 1868; x_wconf 87' lang='lat' dir='ltr'><strong>propriis</strong></span> <span class='ocrx_word' id='word_1_623' title='bbox 3357 1775 3520 1860; x_wconf 79' lang='lat' dir='ltr'><strong>armis</strong></span> 
     </span>
    </p>
   </div>
   <div class='ocr_carea' id='block_1_78' title="bbox 1944 1866 3519 1962">
    <p class='ocr_par' dir='ltr' id='par_1_78' title="bbox 1944 1866 3519 1962">
     <span class='ocr_line' id='line_1_79' title="bbox 1944 1866 3519 1962; baseline 0.018 -41"><span class='ocrx_word' id='word_1_624' title='bbox 1944 1866 2248 1925; x_wconf 89' lang='lat' dir='ltr'><strong>destituisti.</strong></span> <span class='ocrx_word' id='word_1_625' title='bbox 2274 1872 2417 1929; x_wconf 88' lang='lat' dir='ltr'><strong>Talis</strong></span> <span class='ocrx_word' id='word_1_626' title='bbox 2441 1886 2522 1930; x_wconf 89' lang='lat' dir='ltr'><strong>est</strong></span> <span class='ocrx_word' id='word_1_627' title='bbox 2547 1879 2689 1934; x_wconf 89' lang='lat' dir='ltr'><strong>enim</strong></span> <span class='ocrx_word' id='word_1_628' title='bbox 2713 1882 2788 1936; x_wconf 91' lang='lat' dir='ltr'><strong>ira</strong></span> <span class='ocrx_word' id='word_1_629' title='bbox 2816 1885 2942 1940; x_wconf 85' lang='lat' dir='ltr'><strong>Dei:</strong></span> <span class='ocrx_word' id='word_1_630' title='bbox 2965 1890 3139 1941; x_wconf 84' lang='lat' dir='ltr'><strong>oinnia</strong></span> <span class='ocrx_word' id='word_1_631' title='bbox 3157 1866 3298 1945; x_wconf 76' lang='lat' dir='ltr'><strong>delet</strong></span> <span class='ocrx_word' id='word_1_632' title='bbox 3318 1903 3374 1946; x_wconf 91' lang='lat' dir='ltr'><strong>et</strong></span> <span class='ocrx_word' id='word_1_633' title='bbox 3398 1909 3519 1962; x_wconf 89' lang='lat' dir='ltr'><strong>per-</strong></span> 
     </span>
    </p>
   </div>
   <div class='ocr_carea' id='block_1_79' title="bbox 1945 1960 3519 2051">
    <p class='ocr_par' dir='ltr' id='par_1_79' title="bbox 1945 1960 3519 2051">
     <span class='ocr_line' id='line_1_80' title="bbox 1945 1960 3519 2051; baseline 0.017 -40"><span class='ocrx_word' id='word_1_634' title='bbox 1945 1961 2041 2051; x_wconf 88' lang='lat' dir='ltr'><strong>dit.</strong></span> <span class='ocrx_word' id='word_1_635' title='bbox 2077 1960 2168 2016; x_wconf 89' lang='lat' dir='ltr'><strong>Vel</strong></span> <span class='ocrx_word' id='word_1_636' title='bbox 2193 1970 2330 2032; x_wconf 86' lang='lat' dir='ltr'><strong>quod</strong></span> <span class='ocrx_word' id='word_1_637' title='bbox 2360 1967 2497 2023; x_wconf 91' lang='lat' dir='ltr'><strong>alius</strong></span> <span class='ocrx_word' id='word_1_638' title='bbox 2524 1970 2680 2025; x_wconf 90' lang='lat' dir='ltr'><strong>docet</strong></span> <span class='ocrx_word' id='word_1_639' title='bbox 2724 1974 3012 2043; x_wconf 87' lang='lat' dir='ltr'><strong>interpres,</strong></span> <span class='ocrx_word' id='word_1_640' title='bbox 3042 1979 3245 2046; x_wconf 88' lang='lat' dir='ltr'><strong>dicens,</strong></span> <span class='ocrx_word' id='word_1_641' title='bbox 3274 1960 3519 2051; x_wconf 72' lang='lat' dir='ltr'><strong>Deserta,-</strong></span> 
     </span>
    </p>
   </div>
   <div class='ocr_carea' id='block_1_80' title="bbox 1946 2049 3520 2136">
    <p class='ocr_par' dir='ltr' id='par_1_80' title="bbox 1946 2049 3520 2136">
     <span class='ocr_line' id='line_1_81' title="bbox 1946 2049 3520 2136; baseline 0.02 -33"><span class='ocrx_word' id='word_1_642' title='bbox 1946 2049 1998 2104; x_wconf 91' lang='lat' dir='ltr'><strong>id</strong></span> <span class='ocrx_word' id='word_1_643' title='bbox 2029 2064 2129 2118; x_wconf 88' lang='lat' dir='ltr'><strong>est,</strong></span> <span class='ocrx_word' id='word_1_644' title='bbox 2158 2054 2270 2110; x_wconf 83' lang='lat' dir='ltr'><strong>Non</strong></span> <span class='ocrx_word' id='word_1_645' title='bbox 2303 2058 2472 2113; x_wconf 88' lang='lat' dir='ltr'><strong>solum</strong></span> <span class='ocrx_word' id='word_1_646' title='bbox 2498 2077 2680 2117; x_wconf 91' lang='lat' dir='ltr'><strong>eorum</strong></span> <span class='ocrx_word' id='word_1_647' title='bbox 2711 2067 2976 2136; x_wconf 86' lang='lat' dir='ltr'><strong>civitates,</strong></span> <span class='ocrx_word' id='word_1_648' title='bbox 3001 2071 3095 2126; x_wconf 84' lang='lat' dir='ltr'><strong>sed</strong></span> <span class='ocrx_word' id='word_1_649' title='bbox 3124 2074 3282 2128; x_wconf 88' lang='lat' dir='ltr'><strong>etiam</strong></span> <span class='ocrx_word' id='word_1_650' title='bbox 3307 2049 3520 2133; x_wconf 80' lang='lat' dir='ltr'><strong>deserta</strong></span> 
     </span>
    </p>
   </div>
   <div class='ocr_carea' id='block_1_81' title="bbox 1945 2143 3518 2234">
    <p class='ocr_par' dir='ltr' id='par_1_81' title="bbox 1945 2143 3518 2234">
     <span class='ocr_line' id='line_1_82' title="bbox 1945 2143 3518 2234; baseline 0.017 -37"><span class='ocrx_word' id='word_1_651' title='bbox 1945 2143 2208 2213; x_wconf 89' lang='lat' dir='ltr'><strong>delevisti,</strong></span> <span class='ocrx_word' id='word_1_652' title='bbox 2238 2159 2294 2203; x_wconf 89' lang='lat' dir='ltr'><strong>et</strong></span> <span class='ocrx_word' id='word_1_653' title='bbox 2334 2152 2491 2207; x_wconf 88' lang='lat' dir='ltr'><strong>urbes</strong></span> <span class='ocrx_word' id='word_1_654' title='bbox 2534 2155 2760 2211; x_wconf 90' lang='lat' dir='ltr'><strong>diruisti.</strong></span> <span class='ocrx_word' id='word_1_655' title='bbox 2794 2159 2869 2213; x_wconf 73' lang='grc' dir='ltr'>ιω</span> <span class='ocrx_word' id='word_1_656' title='bbox 2915 2164 3057 2217; x_wconf 88' lang='lat' dir='ltr'><strong>enim</strong></span> <span class='ocrx_word' id='word_1_657' title='bbox 3100 2165 3275 2234; x_wconf 88' lang='lat' dir='ltr'><strong>justus</strong></span> <span class='ocrx_word' id='word_1_658' title='bbox 3323 2168 3518 2224; x_wconf 87' lang='lat' dir='ltr'><strong>bellum</strong></span> 
     </span>
    </p>
   </div>
   <div class='ocr_carea' id='block_1_82' title="bbox 1945 2239 3522 2322">
    <p class='ocr_par' dir='ltr' id='par_1_82' title="bbox 1945 2239 3522 2322">
     <span class='ocr_line' id='line_1_83' title="bbox 1945 2239 3522 2322; baseline 0.016 -32"><span class='ocrx_word' id='word_1_659' title='bbox 1945 2239 2196 2306; x_wconf 78' lang='lat' dir='ltr'><strong>gerebat,</strong></span> <span class='ocrx_word' id='word_1_660' title='bbox 2246 2242 2314 2295; x_wconf 88' lang='lat' dir='ltr'><strong>ita</strong></span> <span class='ocrx_word' id='word_1_661' title='bbox 2365 2245 2697 2303; x_wconf 65' lang='lat' dir='ltr'><strong>adversarios</strong></span> <span class='ocrx_word' id='word_1_662' title='bbox 2754 2255 3124 2320; x_wconf 87' lang='lat' dir='ltr'><strong>prosteruebat</strong></span> <span class='ocrx_word' id='word_1_663' title='bbox 3147 2297 3163 2322; x_wconf 92' lang='lat'><strong>,</strong></span> <span class='ocrx_word' id='word_1_664' title='bbox 3215 2272 3320 2315; x_wconf 82' lang='lat' dir='ltr'><strong>non</strong></span> <span class='ocrx_word' id='word_1_665' title='bbox 3368 2269 3522 2315; x_wconf 88' lang='lat' dir='ltr'><strong>utens</strong></span> 
     </span>
    </p>
   </div>
   <div class='ocr_carea' id='block_1_83' title="bbox 1946 2330 3521 2423">
    <p class='ocr_par' dir='ltr' id='par_1_83' title="bbox 1946 2330 3521 2423">
     <span class='ocr_line' id='line_1_84' title="bbox 1946 2330 3521 2423; baseline 0.017 -40"><span class='ocrx_word' id='word_1_666' title='bbox 1946 2330 2107 2423; x_wconf 88' lang='lat' dir='ltr'><strong>armis</strong></span> <span class='ocrx_word' id='word_1_667' title='bbox 2136 2343 2190 2387; x_wconf 87' lang='lat' dir='ltr'><strong>et</strong></span> <span class='ocrx_word' id='word_1_668' title='bbox 2218 2335 2401 2401; x_wconf 79' lang='lat' dir='ltr'><strong>hastis,</strong></span> <span class='ocrx_word' id='word_1_669' title='bbox 2445 2338 2538 2391; x_wconf 87' lang='lat' dir='ltr'><strong>sed</strong></span> <span class='ocrx_word' id='word_1_670' title='bbox 2589 2341 2678 2396; x_wconf 84' lang='lat' dir='ltr'><strong>Dei</strong></span> <span class='ocrx_word' id='word_1_671' title='bbox 2723 2343 2944 2399; x_wconf 81' lang='lat' dir='ltr'><strong>auxilio.</strong></span> <span class='ocrx_word' id='word_1_672' title='bbox 2994 2346 3285 2418; x_wconf 75' lang='lat' dir='ltr'><strong>Propterea</strong></span> <span class='ocrx_word' id='word_1_673' title='bbox 3309 2354 3357 2407; x_wconf 90' lang='lat' dir='ltr'><strong>ei</strong></span> <span class='ocrx_word' id='word_1_674' title='bbox 3386 2369 3521 2423; x_wconf 83' lang='lat' dir='ltr'><strong>quo-</strong></span> 
     </span>
    </p>
   </div>
   <div class='ocr_carea' id='block_1_84' title="bbox 1946 2422 3528 2511">
    <p class='ocr_par' dir='ltr' id='par_1_84' title="bbox 1946 2422 3528 2511">
     <span class='ocr_line' id='line_1_85' title="bbox 1946 2422 3528 2511; baseline 0.018 -40"><span class='ocrx_word' id='word_1_675' title='bbox 1946 2435 2050 2487; x_wconf 88' lang='lat' dir='ltr'><strong>que</strong></span> <span class='ocrx_word' id='word_1_676' title='bbox 2094 2422 2288 2476; x_wconf 72' lang='lat' dir='ltr'><strong>bellum</strong></span> <span class='ocrx_word' id='word_1_677' title='bbox 2318 2434 2401 2479; x_wconf 87' lang='lat' dir='ltr'><strong>est</strong></span> <span class='ocrx_word' id='word_1_678' title='bbox 2448 2444 2537 2494; x_wconf 81' lang='lat' dir='ltr'><strong>pra</strong></span> <span class='ocrx_word' id='word_1_679' title='bbox 2555 2430 2756 2485; x_wconf 85' lang='lat' dir='ltr'><strong>clarum</strong></span> <span class='ocrx_word' id='word_1_680' title='bbox 2780 2445 2829 2487; x_wconf 89' lang='lat' dir='ltr'><strong>et</strong></span> <span class='ocrx_word' id='word_1_681' title='bbox 2858 2434 3084 2506; x_wconf 84' lang='lat' dir='ltr'><strong>insigne,</strong></span> <span class='ocrx_word' id='word_1_682' title='bbox 3111 2447 3166 2493; x_wconf 85' lang='lat' dir='ltr'><strong>et</strong></span> <span class='ocrx_word' id='word_1_683' title='bbox 3193 2440 3245 2494; x_wconf 91' lang='lat' dir='ltr'><strong>vi</strong></span> <span class='ocrx_word' id='word_1_684' title='bbox 3273 2422 3419 2511; x_wconf 76' lang='lat' dir='ltr'><strong>parta</strong></span> <span class='ocrx_word' id='word_1_685' title='bbox 3441 2453 3528 2499; x_wconf 83' lang='lat' dir='ltr'><strong>est</strong></span> 
     </span>
    </p>
   </div>
   <div class='ocr_carea' id='block_1_85' title="bbox 1947 2517 3524 2600">
    <p class='ocr_par' dir='ltr' id='par_1_85' title="bbox 1947 2517 3524 2600">
     <span class='ocr_line' id='line_1_86' title="bbox 1947 2517 3524 2600; baseline 0.014 -33"><span class='ocrx_word' id='word_1_686' title='bbox 1947 2517 2186 2571; x_wconf 87' lang='lat' dir='ltr'><strong>victoria.</strong></span> <span class='ocrx_word' id='word_1_687' title='bbox 2228 2517 2380 2572; x_wconf 78' lang='lat' dir='ltr'><strong>Periit</strong></span> <span class='ocrx_word' id='word_1_688' title='bbox 2409 2537 2581 2574; x_wconf 86' lang='lat' dir='ltr'><strong>eorum</strong></span> <span class='ocrx_word' id='word_1_689' title='bbox 2612 2528 2850 2580; x_wconf 82' lang='lat' dir='ltr'><strong>memoria</strong></span> <span class='ocrx_word' id='word_1_690' title='bbox 2867 2544 2983 2582; x_wconf 79' lang='lat' dir='ltr'><strong>cum</strong></span> <span class='ocrx_word' id='word_1_691' title='bbox 3003 2532 3187 2585; x_wconf 84' lang='lat' dir='ltr'><strong>sonitu.</strong></span> <span class='ocrx_word' id='word_1_692' title='bbox 3212 2534 3380 2600; x_wconf 81' lang='lat' dir='ltr'><strong>Alius,</strong></span> <span class='ocrx_word' id='word_1_693' title='bbox 3396 2535 3524 2591; x_wconf 83' lang='lat' dir='ltr'><strong>Cum</strong></span> 
     </span>
    </p>
   </div>
   <div class='ocr_carea' id='block_1_86' title="bbox 1945 2607 3528 2686">
    <p class='ocr_par' dir='ltr' id='par_1_86' title="bbox 1945 2607 3528 2686">
     <span class='ocr_line' id='line_1_87' title="bbox 1945 2607 3528 2686; baseline 0.014 -28"><span class='ocrx_word' id='word_1_694' title='bbox 1945 2607 2091 2672; x_wconf 82' lang='lat' dir='ltr'><strong>ipsis.</strong></span> <span class='ocrx_word' id='word_1_695' title='bbox 2143 2608 2397 2665; x_wconf 70' lang='lat' dir='ltr'><strong>llcbneus</strong></span> <span class='ocrx_word' id='word_1_696' title='bbox 2439 2624 2636 2679; x_wconf 80' lang='lat' dir='ltr'><strong>autem,</strong></span> <span class='ocrx_word' id='word_1_697' title='bbox 2667 2615 2783 2670; x_wconf 82' lang='lat' dir='ltr'><strong>Em.</strong></span> <span class='ocrx_word' id='word_1_698' title='bbox 2831 2618 2967 2684; x_wconf 85' lang='lat' dir='ltr'><strong>Quid</strong></span> <span class='ocrx_word' id='word_1_699' title='bbox 3010 2631 3111 2686; x_wconf 90' lang='lat' dir='ltr'><strong>est,</strong></span> <span class='ocrx_word' id='word_1_700' title='bbox 3152 2621 3279 2679; x_wconf 84' lang='lat' dir='ltr'><strong>Cum</strong></span> <span class='ocrx_word' id='word_1_701' title='bbox 3320 2627 3528 2680; x_wconf 75' lang='lat' dir='ltr'><strong>sonitu?</strong></span> 
     </span>
    </p>
   </div>
   <div class='ocr_carea' id='block_1_87' title="bbox 1953 2697 3523 2770">
    <p class='ocr_par' dir='ltr' id='par_1_87' title="bbox 1953 2697 3523 2770">
     <span class='ocr_line' id='line_1_88' title="bbox 1953 2697 3523 2770; baseline 0.013 -20"><span class='ocrx_word' id='word_1_702' title='bbox 1953 2697 2047 2751; x_wconf 91' lang='lat' dir='ltr'><strong>Vel</strong></span> <span class='ocrx_word' id='word_1_703' title='bbox 2088 2698 2216 2752; x_wconf 72' lang='lat' dir='ltr'><strong>dicit</strong></span> <span class='ocrx_word' id='word_1_704' title='bbox 2267 2700 2703 2768; x_wconf 82' lang='lat' dir='ltr'><strong>internecionem,</strong></span> <span class='ocrx_word' id='word_1_705' title='bbox 2742 2708 2828 2761; x_wconf 84' lang='lat' dir='ltr'><strong>vel</strong></span> <span class='ocrx_word' id='word_1_706' title='bbox 2871 2709 3123 2765; x_wconf 86' lang='lat' dir='ltr'><strong>ululatum</strong></span> <span class='ocrx_word' id='word_1_707' title='bbox 3168 2713 3242 2766; x_wconf 81' lang='lat' dir='ltr'><strong>ob</strong></span> <span class='ocrx_word' id='word_1_708' title='bbox 3288 2715 3523 2770; x_wconf 84' lang='lat' dir='ltr'><strong>immissa</strong></span> 
     </span>
    </p>
   </div>
   <div class='ocr_carea' id='block_1_88' title="bbox 1950 2789 3528 2872">
    <p class='ocr_par' dir='ltr' id='par_1_88' title="bbox 1950 2789 3528 2872">
     <span class='ocr_line' id='line_1_89' title="bbox 1950 2789 3528 2872; baseline 0.013 -32"><span class='ocrx_word' id='word_1_709' title='bbox 1950 2789 2106 2842; x_wconf 90' lang='lat' dir='ltr'><strong>mala.</strong></span> <span class='ocrx_word' id='word_1_710' title='bbox 2153 2790 2265 2845; x_wconf 88' lang='lat' dir='ltr'><strong>lloc</strong></span> <span class='ocrx_word' id='word_1_711' title='bbox 2302 2803 2384 2847; x_wconf 82' lang='lat' dir='ltr'><strong>est</strong></span> <span class='ocrx_word' id='word_1_712' title='bbox 2430 2797 2589 2848; x_wconf 65' lang='lat' dir='ltr'><strong>etlam</strong></span> <span class='ocrx_word' id='word_1_713' title='bbox 2618 2797 2709 2850; x_wconf 88' lang='lat' dir='ltr'><strong>Dei</strong></span> <span class='ocrx_word' id='word_1_714' title='bbox 2754 2800 3116 2866; x_wconf 73' lang='lat' dir='ltr'><strong>providentiae,</strong></span> <span class='ocrx_word' id='word_1_715' title='bbox 3146 2805 3286 2872; x_wconf 73' lang='lat' dir='ltr'><strong>mind</strong></span> <span class='ocrx_word' id='word_1_716' title='bbox 3315 2821 3419 2863; x_wconf 88' lang='lat' dir='ltr'><strong>non</strong></span> <span class='ocrx_word' id='word_1_717' title='bbox 3449 2811 3528 2861; x_wconf 82' lang='lat' dir='ltr'><strong>la-</strong></span> 
     </span>
    </p>
   </div>
   <div class='ocr_carea' id='block_1_89' title="bbox 1949 2880 3524 2951">
    <p class='ocr_par' dir='ltr' id='par_1_89' title="bbox 1949 2880 3524 2951">
     <span class='ocr_line' id='line_1_90' title="bbox 1949 2880 3524 2951; baseline 0.011 -17"><span class='ocrx_word' id='word_1_718' title='bbox 1949 2880 2182 2936; x_wconf 88' lang='lat' dir='ltr'><strong>ciathoc</strong></span> <span class='ocrx_word' id='word_1_719' title='bbox 2231 2884 2472 2947; x_wconf 86' lang='lat' dir='ltr'><strong>latenter,</strong></span> <span class='ocrx_word' id='word_1_720' title='bbox 2503 2895 2559 2939; x_wconf 90' lang='lat' dir='ltr'><strong>ut</strong></span> <span class='ocrx_word' id='word_1_721' title='bbox 2585 2887 2808 2942; x_wconf 82' lang='lat' dir='ltr'><strong>aliorum</strong></span> <span class='ocrx_word' id='word_1_722' title='bbox 2855 2892 3243 2948; x_wconf 74' lang='lat' dir='ltr'><strong>calanntatibus</strong></span> <span class='ocrx_word' id='word_1_723' title='bbox 3270 2896 3357 2949; x_wconf 85' lang='lat' dir='ltr'><strong>alii</strong></span> <span class='ocrx_word' id='word_1_724' title='bbox 3400 2897 3524 2951; x_wconf 87' lang='lat' dir='ltr'><strong>red-</strong></span> 
     </span>
    </p>
   </div>
   <div class='ocr_carea' id='block_1_90' title="bbox 1949 2969 3525 3047">
    <p class='ocr_par' dir='ltr' id='par_1_90' title="bbox 1949 2969 3525 3047">
     <span class='ocr_line' id='line_1_91' title="bbox 1949 2969 3525 3047; baseline 0.011 -24"><span class='ocrx_word' id='word_1_725' title='bbox 1949 2969 2142 3024; x_wconf 84' lang='lat' dir='ltr'><strong>dantur</strong></span> <span class='ocrx_word' id='word_1_726' title='bbox 2167 2973 2435 3030; x_wconf 89' lang='lat' dir='ltr'><strong>meliores.</strong></span> <span class='ocrx_word' id='word_1_727' title='bbox 2473 2976 2743 3045; x_wconf 77' lang='lat' dir='ltr'><strong>Signilicat</strong></span> <span class='ocrx_word' id='word_1_728' title='bbox 2767 2993 2894 3047; x_wconf 83' lang='lat' dir='ltr'><strong>ergo</strong></span> <span class='ocrx_word' id='word_1_729' title='bbox 2920 2980 3256 3036; x_wconf 83' lang='lat' dir='ltr'><strong>manifestum</strong></span> <span class='ocrx_word' id='word_1_730' title='bbox 3281 2985 3525 3040; x_wconf 77' lang='lat' dir='ltr'><strong>exitium.</strong></span> 
     </span>
    </p>
   </div>
   <div class='ocr_carea' id='block_1_91' title="bbox 2022 3063 3523 3146">
    <p class='ocr_par' dir='ltr' id='par_1_91' title="bbox 2022 3063 3523 3146">
     <span class='ocr_line' id='line_1_92' title="bbox 2022 3063 3523 3146; baseline 0.011 -27"><span class='ocrx_word' id='word_1_731' title='bbox 2022 3065 2075 3119; x_wconf 74' lang='grc'><strong>4.</strong></span> <span class='ocrx_word' id='word_1_732' title='bbox 2117 3063 2183 3118; x_wconf 84' lang='lat' dir='ltr'><strong>Et</strong></span> <span class='ocrx_word' id='word_1_733' title='bbox 2218 3063 2465 3122; x_wconf 80' lang='lat' dir='ltr'><strong>Dominus</strong></span> <span class='ocrx_word' id='word_1_734' title='bbox 2508 3071 2559 3122; x_wconf 87' lang='lat' dir='ltr'><strong>in</strong></span> <span class='ocrx_word' id='word_1_735' title='bbox 2591 3081 2832 3123; x_wconf 80' lang='lat' dir='ltr'><strong>wtcrnum</strong></span> <span class='ocrx_word' id='word_1_736' title='bbox 2859 3085 3116 3141; x_wconf 81' lang='lat' dir='ltr'><strong>permanet</strong></span> <span class='ocrx_word' id='word_1_737' title='bbox 3141 3075 3213 3145; x_wconf 88' lang='grc' dir='ltr'><strong>(υ.</strong></span> <span class='ocrx_word' id='word_1_738' title='bbox 3243 3077 3322 3146; x_wconf 88' lang='grc'><strong>8).</strong></span> <span class='ocrx_word' id='word_1_739' title='bbox 3351 3079 3523 3145; x_wconf 79' lang='lat' dir='ltr'><strong>Alius,</strong></span> 
     </span>
    </p>
   </div>
   <div class='ocr_carea' id='block_1_92' title="bbox 1953 3154 3526 3234">
    <p class='ocr_par' dir='ltr' id='par_1_92' title="bbox 1953 3154 3526 3234">
     <span class='ocr_line' id='line_1_93' title="bbox 1953 3154 3526 3234; baseline 0.011 -26"><span class='ocrx_word' id='word_1_740' title='bbox 1953 3154 2177 3210; x_wconf 82' lang='lat' dir='ltr'><strong>Sedebit.</strong></span> <span class='ocrx_word' id='word_1_741' title='bbox 2222 3157 2420 3215; x_wconf 89' lang='lat' dir='ltr'><strong>Sedere</strong></span> <span class='ocrx_word' id='word_1_742' title='bbox 2472 3161 2614 3214; x_wconf 91' lang='lat' dir='ltr'><strong>enim</strong></span> <span class='ocrx_word' id='word_1_743' title='bbox 2670 3175 2812 3231; x_wconf 79' lang='lat' dir='ltr'><strong>sa-pe</strong></span> <span class='ocrx_word' id='word_1_744' title='bbox 2858 3164 3072 3232; x_wconf 79' lang='lat' dir='ltr'><strong>punitur</strong></span> <span class='ocrx_word' id='word_1_745' title='bbox 3112 3180 3206 3234; x_wconf 88' lang='lat' dir='ltr'><strong>pro</strong></span> <span class='ocrx_word' id='word_1_746' title='bbox 3250 3169 3425 3223; x_wconf 85' lang='lat' dir='ltr'><strong>stabili</strong></span> <span class='ocrx_word' id='word_1_747' title='bbox 3473 3179 3526 3225; x_wconf 89' lang='lat' dir='ltr'><strong>et</strong></span> 
     </span>
    </p>
   </div>
   <div class='ocr_carea' id='block_1_93' title="bbox 1954 3252 3528 3329">
    <p class='ocr_par' dir='ltr' id='par_1_93' title="bbox 1954 3252 3528 3329">
     <span class='ocr_line' id='line_1_94' title="bbox 1954 3252 3528 3329; baseline 0.008 -26"><span class='ocrx_word' id='word_1_748' title='bbox 1954 3260 2300 3317; x_wconf 88' lang='lat' dir='ltr'><strong>permanente</strong></span> <span class='ocrx_word' id='word_1_749' title='bbox 2329 3252 2662 3319; x_wconf 85' lang='lat' dir='ltr'><strong>substantia;</strong></span> <span class='ocrx_word' id='word_1_750' title='bbox 2696 3264 2751 3308; x_wconf 91' lang='lat' dir='ltr'><strong>ut</strong></span> <span class='ocrx_word' id='word_1_751' title='bbox 2791 3255 3024 3309; x_wconf 77' lang='lat' dir='ltr'><strong>declarat</strong></span> <span class='ocrx_word' id='word_1_752' title='bbox 3060 3259 3219 3312; x_wconf 87' lang='lat' dir='ltr'><strong>etiam</strong></span> <span class='ocrx_word' id='word_1_753' title='bbox 3245 3259 3528 3329; x_wconf 79' lang='lat' dir='ltr'><strong>Jeremias,</strong></span> 
     </span>
    </p>
   </div>
   <div class='ocr_carea' id='block_1_94' title="bbox 1953 3342 3530 3423">
    <p class='ocr_par' dir='ltr' id='par_1_94' title="bbox 1953 3342 3530 3423">
     <span class='ocr_line' id='line_1_95' title="bbox 1953 3342 3530 3423; baseline 0.009 -28"><span class='ocrx_word' id='word_1_754' title='bbox 1953 3342 2135 3398; x_wconf 90' lang='lat' dir='ltr'><strong>dicens</strong></span> <span class='ocrx_word' id='word_1_755' title='bbox 2168 3361 2181 3397; x_wconf 91' lang='lat'>:</span> <span class='ocrx_word' id='word_1_756' title='bbox 2225 3342 2305 3397; x_wconf 89' lang='lat' dir='ltr'><strong>Tu</strong></span> <span class='ocrx_word' id='word_1_757' title='bbox 2343 3344 2483 3399; x_wconf 80' lang='lat' dir='ltr'><strong>sedes</strong></span> <span class='ocrx_word' id='word_1_758' title='bbox 2512 3347 2562 3398; x_wconf 89' lang='lat' dir='ltr'><strong>in</strong></span> <span class='ocrx_word' id='word_1_759' title='bbox 2594 3349 2836 3401; x_wconf 82' lang='lat' dir='ltr'><strong>stcculum</strong></span> <span class='ocrx_word' id='word_1_760' title='bbox 2859 3347 3087 3421; x_wconf 64' lang='grc' dir='ltr'><strong>(Βαιτιεὴ</strong></span> <span class='ocrx_word' id='word_1_761' title='bbox 3139 3352 3195 3405; x_wconf 81' lang='grc'><strong>5.</strong></span> <span class='ocrx_word' id='word_1_762' title='bbox 3229 3353 3308 3423; x_wconf 79' lang='grc'><strong>5).</strong></span> <span class='ocrx_word' id='word_1_763' title='bbox 3338 3354 3402 3407; x_wconf 79' lang='lat' dir='ltr'><strong>Et</strong></span> <span class='ocrx_word' id='word_1_764' title='bbox 3429 3354 3530 3409; x_wconf 88' lang='lat' dir='ltr'><strong>lle-</strong></span> 
     </span>
    </p>
   </div>
   <div class='ocr_carea' id='block_1_95' title="bbox 1954 3434 3528 3507">
    <p class='ocr_par' dir='ltr' id='par_1_95' title="bbox 1954 3434 3528 3507">
     <span class='ocr_line' id='line_1_96' title="bbox 1954 3434 3528 3507; baseline 0.008 -19"><span class='ocrx_word' id='word_1_765' title='bbox 1954 3435 2128 3488; x_wconf 73' lang='lat' dir='ltr'><strong>hrazus</strong></span> <span class='ocrx_word' id='word_1_766' title='bbox 2153 3435 2236 3489; x_wconf 90' lang='lat' dir='ltr'><strong>hie</strong></span> <span class='ocrx_word' id='word_1_767' title='bbox 2262 3434 2431 3491; x_wconf 81' lang='lat' dir='ltr'><strong>Jcseb.</strong></span> <span class='ocrx_word' id='word_1_768' title='bbox 2464 3438 2728 3507; x_wconf 82' lang='lat' dir='ltr'><strong>Propheta</strong></span> <span class='ocrx_word' id='word_1_769' title='bbox 2750 3441 2851 3494; x_wconf 83' lang='lat' dir='ltr'><strong>hoc</strong></span> <span class='ocrx_word' id='word_1_770' title='bbox 2870 3440 3000 3495; x_wconf 89' lang='lat' dir='ltr'><strong>dicit</strong></span> <span class='ocrx_word' id='word_1_771' title='bbox 3026 3443 3239 3498; x_wconf 79' lang='lat' dir='ltr'><strong>assidue</strong></span> <span class='ocrx_word' id='word_1_772' title='bbox 3266 3446 3318 3498; x_wconf 82' lang='lat' dir='ltr'><strong>in</strong></span> <span class='ocrx_word' id='word_1_773' title='bbox 3352 3445 3528 3500; x_wconf 84' lang='lat' dir='ltr'><strong>homi-</strong></span> 
     </span>
    </p>
   </div>
   <div class='ocr_carea' id='block_1_96' title="bbox 1954 3532 3531 3606">
    <p class='ocr_par' dir='ltr' id='par_1_96' title="bbox 1954 3532 3531 3606">
     <span class='ocr_line' id='line_1_97' title="bbox 1954 3532 3531 3606; baseline 0.006 -24"><span class='ocrx_word' id='word_1_774' title='bbox 1954 3546 2077 3583; x_wconf 88' lang='lat' dir='ltr'><strong>num</strong></span> <span class='ocrx_word' id='word_1_775' title='bbox 2127 3532 2361 3596; x_wconf 87' lang='lat' dir='ltr'><strong>interitu,</strong></span> <span class='ocrx_word' id='word_1_776' title='bbox 2395 3532 2680 3586; x_wconf 88' lang='lat' dir='ltr'><strong>ostendens</strong></span> <span class='ocrx_word' id='word_1_777' title='bbox 2707 3533 3097 3588; x_wconf 82' lang='lat' dir='ltr'><strong>interminatam</strong></span> <span class='ocrx_word' id='word_1_778' title='bbox 3123 3536 3239 3606; x_wconf 90' lang='lat' dir='ltr'><strong>ejus</strong></span> <span class='ocrx_word' id='word_1_779' title='bbox 3267 3552 3385 3592; x_wconf 90' lang='lat' dir='ltr'><strong>esse</strong></span> <span class='ocrx_word' id='word_1_780' title='bbox 3405 3539 3531 3593; x_wconf 85' lang='lat' dir='ltr'><strong>sub-</strong></span> 
     </span>
    </p>
   </div>
   <div class='ocr_carea' id='block_1_97' title="bbox 1956 3621 3532 3695">
    <p class='ocr_par' dir='ltr' id='par_1_97' title="bbox 1956 3621 3532 3695">
     <span class='ocr_line' id='line_1_98' title="bbox 1956 3621 3532 3695; baseline 0.006 -22"><span class='ocrx_word' id='word_1_781' title='bbox 1956 3621 2224 3688; x_wconf 90' lang='lat' dir='ltr'><strong>stantiam,</strong></span> <span class='ocrx_word' id='word_1_782' title='bbox 2253 3631 2307 3676; x_wconf 87' lang='lat' dir='ltr'><strong>et</strong></span> <span class='ocrx_word' id='word_1_783' title='bbox 2333 3621 2605 3676; x_wconf 88' lang='lat' dir='ltr'><strong>hominum</strong></span> <span class='ocrx_word' id='word_1_784' title='bbox 2631 3623 2843 3692; x_wconf 85' lang='lat' dir='ltr'><strong>quidem</strong></span> <span class='ocrx_word' id='word_1_785' title='bbox 2870 3640 3035 3695; x_wconf 89' lang='lat' dir='ltr'><strong>genus</strong></span> <span class='ocrx_word' id='word_1_786' title='bbox 3054 3640 3175 3681; x_wconf 88' lang='lat' dir='ltr'><strong>esse</strong></span> <span class='ocrx_word' id='word_1_787' title='bbox 3198 3627 3453 3681; x_wconf 86' lang='lat' dir='ltr'><strong>eaducum</strong></span> <span class='ocrx_word' id='word_1_788' title='bbox 3478 3637 3532 3682; x_wconf 87' lang='lat' dir='ltr'><strong>et</strong></span> 
     </span>
    </p>
   </div>
   <div class='ocr_carea' id='block_1_98' title="bbox 1955 3712 3530 3786">
    <p class='ocr_par' dir='ltr' id='par_1_98' title="bbox 1955 3712 3530 3786">
     <span class='ocr_line' id='line_1_99' title="bbox 1955 3712 3530 3786; baseline 0.004 -22"><span class='ocrx_word' id='word_1_789' title='bbox 1955 3722 2382 3767; x_wconf 88' lang='lat' dir='ltr'><strong>momentaneum</strong></span> <span class='ocrx_word' id='word_1_790' title='bbox 2408 3731 2420 3764; x_wconf 94' lang='lat'><strong>:</strong></span> <span class='ocrx_word' id='word_1_791' title='bbox 2442 3712 2579 3767; x_wconf 88' lang='lat' dir='ltr'><strong>illius</strong></span> <span class='ocrx_word' id='word_1_792' title='bbox 2599 3723 2777 3775; x_wconf 86' lang='lat' dir='ltr'><strong>autem</strong></span> <span class='ocrx_word' id='word_1_793' title='bbox 2802 3714 3094 3769; x_wconf 84' lang='lat' dir='ltr'><strong>substantia</strong></span> <span class='ocrx_word' id='word_1_794' title='bbox 3114 3724 3168 3771; x_wconf 88' lang='lat' dir='ltr'><strong>et</strong></span> <span class='ocrx_word' id='word_1_795' title='bbox 3189 3717 3530 3786; x_wconf 82' lang='lat' dir='ltr'><strong>magniﬁcen-</strong></span> 
     </span>
    </p>
   </div>
   <div class='ocr_carea' id='block_1_99' title="bbox 1958 3804 3527 3874">
    <p class='ocr_par' dir='ltr' id='par_1_99' title="bbox 1958 3804 3527 3874">
     <span class='ocr_line' id='line_1_100' title="bbox 1958 3804 3527 3874; baseline 0.003 -18"><span class='ocrx_word' id='word_1_796' title='bbox 1958 3804 2025 3857; x_wconf 90' lang='lat' dir='ltr'><strong>tia</strong></span> <span class='ocrx_word' id='word_1_797' title='bbox 2054 3805 2211 3857; x_wconf 87' lang='lat' dir='ltr'><strong>linem</strong></span> <span class='ocrx_word' id='word_1_798' title='bbox 2235 3820 2523 3874; x_wconf 89' lang='lat' dir='ltr'><strong>numquam</strong></span> <span class='ocrx_word' id='word_1_799' title='bbox 2552 3805 2762 3873; x_wconf 82' lang='lat' dir='ltr'><strong>accipit.</strong></span> <span class='ocrx_word' id='word_1_800' title='bbox 2788 3805 2898 3862; x_wconf 84' lang='lat' dir='ltr'><strong>Hoc</strong></span> <span class='ocrx_word' id='word_1_801' title='bbox 2921 3816 3099 3860; x_wconf 85' lang='lat' dir='ltr'><strong>autem</strong></span> <span class='ocrx_word' id='word_1_802' title='bbox 3128 3806 3257 3861; x_wconf 72' lang='lat' dir='ltr'><strong>facit</strong></span> <span class='ocrx_word' id='word_1_803' title='bbox 3281 3807 3527 3861; x_wconf 87' lang='lat' dir='ltr'><strong>timorem</strong></span> 
     </span>
    </p>
   </div>
   <div class='ocr_carea' id='block_1_100' title="bbox 1953 3897 3533 3970">
    <p class='ocr_par' dir='ltr' id='par_1_100' title="bbox 1953 3897 3533 3970">
     <span class='ocr_line' id='line_1_101' title="bbox 1953 3897 3533 3970; baseline 0.004 -21"><span class='ocrx_word' id='word_1_804' title='bbox 1953 3897 2235 3962; x_wconf 84' lang='lat' dir='ltr'><strong>incutiens,</strong></span> <span class='ocrx_word' id='word_1_805' title='bbox 2262 3908 2319 3951; x_wconf 91' lang='lat' dir='ltr'><strong>ut</strong></span> <span class='ocrx_word' id='word_1_806' title='bbox 2339 3897 2543 3952; x_wconf 81' lang='lat' dir='ltr'><strong>duabus</strong></span> <span class='ocrx_word' id='word_1_807' title='bbox 2564 3898 2816 3953; x_wconf 88' lang='lat' dir='ltr'><strong>decausis</strong></span> <span class='ocrx_word' id='word_1_808' title='bbox 2838 3914 2961 3954; x_wconf 89' lang='lat' dir='ltr'><strong>eum</strong></span> <span class='ocrx_word' id='word_1_809' title='bbox 2987 3900 3227 3965; x_wconf 82' lang='lat' dir='ltr'><strong>timeant,</strong></span> <span class='ocrx_word' id='word_1_810' title='bbox 3240 3911 3295 3955; x_wconf 85' lang='lat' dir='ltr'><strong>et</strong></span> <span class='ocrx_word' id='word_1_811' title='bbox 3314 3910 3533 3970; x_wconf 86' lang='lat' dir='ltr'><strong>propter</strong></span> 
     </span>
    </p>
   </div>
   <div class='ocr_carea' id='block_1_101' title="bbox 1958 3988 3535 4060">
    <p class='ocr_par' dir='ltr' id='par_1_101' title="bbox 1958 3988 3535 4060">
     <span class='ocr_line' id='line_1_102' title="bbox 1958 3988 3535 4060; baseline 0.004 -20"><span class='ocrx_word' id='word_1_812' title='bbox 1958 3988 2369 4056; x_wconf 84' lang='lat' dir='ltr'><strong>magnitudinem</strong></span> <span class='ocrx_word' id='word_1_813' title='bbox 2413 3988 2633 4058; x_wconf 74' lang='lat' dir='ltr'><strong>gloriae,</strong></span> <span class='ocrx_word' id='word_1_814' title='bbox 2667 3998 2721 4042; x_wconf 87' lang='lat' dir='ltr'><strong>ct</strong></span> <span class='ocrx_word' id='word_1_815' title='bbox 2765 3998 2982 4058; x_wconf 83' lang='lat' dir='ltr'><strong>propter</strong></span> <span class='ocrx_word' id='word_1_816' title='bbox 3011 3989 3266 4045; x_wconf 84' lang='lat' dir='ltr'><strong>vilitatem</strong></span> <span class='ocrx_word' id='word_1_817' title='bbox 3307 3993 3535 4060; x_wconf 71' lang='lat' dir='ltr'><strong>proprias</strong></span> 
     </span>
    </p>
   </div>
   <div class='ocr_carea' id='block_1_102' title="bbox 1956 4078 3539 4148">
    <p class='ocr_par' dir='ltr' id='par_1_102' title="bbox 1956 4078 3539 4148">
     <span class='ocr_line' id='line_1_103' title="bbox 1956 4078 3539 4148; baseline 0.001 -17"><span class='ocrx_word' id='word_1_818' title='bbox 1956 4078 2285 4140; x_wconf 58' lang='lat' dir='ltr'><strong>substantias,</strong></span> <span class='ocrx_word' id='word_1_819' title='bbox 2315 4086 2372 4132; x_wconf 90' lang='lat' dir='ltr'><strong>et</strong></span> <span class='ocrx_word' id='word_1_820' title='bbox 2399 4085 2455 4132; x_wconf 88' lang='lat' dir='ltr'><strong>ut</strong></span> <span class='ocrx_word' id='word_1_821' title='bbox 2481 4093 2694 4146; x_wconf 77' lang='lat' dir='ltr'><strong>seraper</strong></span> <span class='ocrx_word' id='word_1_822' title='bbox 2721 4087 3048 4145; x_wconf 80' lang='lat' dir='ltr'><strong>manentem,</strong></span> <span class='ocrx_word' id='word_1_823' title='bbox 3074 4087 3233 4148; x_wconf 87' lang='lat' dir='ltr'><strong>atque</strong></span> <span class='ocrx_word' id='word_1_824' title='bbox 3251 4089 3312 4133; x_wconf 90' lang='lat' dir='ltr'><strong>ut</strong></span> <span class='ocrx_word' id='word_1_825' title='bbox 3337 4080 3539 4134; x_wconf 84' lang='lat' dir='ltr'><strong>miran-</strong></span> 
     </span>
    </p>
   </div>
   <div class='ocr_carea' id='block_1_103' title="bbox 1957 4168 3537 4240">
    <p class='ocr_par' dir='ltr' id='par_1_103' title="bbox 1957 4168 3537 4240">
     <span class='ocr_line' id='line_1_104' title="bbox 1957 4168 3537 4240; baseline 0.002 -17"><span class='ocrx_word' id='word_1_826' title='bbox 1957 4168 2083 4223; x_wconf 90' lang='lat' dir='ltr'><strong>dum</strong></span> <span class='ocrx_word' id='word_1_827' title='bbox 2127 4170 2178 4222; x_wconf 91' lang='lat' dir='ltr'><strong>in</strong></span> <span class='ocrx_word' id='word_1_828' title='bbox 2212 4169 2428 4223; x_wconf 88' lang='lat' dir='ltr'><strong>modum</strong></span> <span class='ocrx_word' id='word_1_829' title='bbox 2476 4170 2801 4239; x_wconf 86' lang='lat' dir='ltr'><strong>punientem.</strong></span> <span class='ocrx_word' id='word_1_830' title='bbox 2851 4168 3003 4235; x_wconf 87' lang='lat' dir='ltr'><strong>Quod</strong></span> <span class='ocrx_word' id='word_1_831' title='bbox 3054 4172 3097 4224; x_wconf 89' lang='lat' dir='ltr'><strong>si</strong></span> <span class='ocrx_word' id='word_1_832' title='bbox 3133 4170 3330 4240; x_wconf 87' lang='lat' dir='ltr'><strong>aliquid</strong></span> <span class='ocrx_word' id='word_1_833' title='bbox 3373 4171 3537 4226; x_wconf 82' lang='lat' dir='ltr'><strong>etiam</strong></span> 
     </span>
    </p>
   </div>
   <div class='ocr_carea' id='block_1_104' title="bbox 1958 4261 3539 4333">
    <p class='ocr_par' dir='ltr' id='par_1_104' title="bbox 1958 4261 3539 4333">
     <span class='ocr_line' id='line_1_105' title="bbox 1958 4261 3539 4333; baseline 0.001 -16"><span class='ocrx_word' id='word_1_834' title='bbox 1958 4272 2165 4333; x_wconf 72' lang='lat' dir='ltr'><strong>Oportet</strong></span> <span class='ocrx_word' id='word_1_835' title='bbox 2186 4262 2365 4317; x_wconf 88' lang='lat' dir='ltr'><strong>dicere</strong></span> <span class='ocrx_word' id='word_1_836' title='bbox 2380 4261 2690 4331; x_wconf 81' lang='lat' dir='ltr'><strong>anagogicc,</strong></span> <span class='ocrx_word' id='word_1_837' title='bbox 2714 4261 2767 4315; x_wconf 92' lang='lat' dir='ltr'><strong>id</strong></span> <span class='ocrx_word' id='word_1_838' title='bbox 2788 4275 2893 4316; x_wconf 89' lang='lat' dir='ltr'><strong>non</strong></span> <span class='ocrx_word' id='word_1_839' title='bbox 2920 4271 3003 4317; x_wconf 91' lang='lat' dir='ltr'><strong>est</strong></span> <span class='ocrx_word' id='word_1_840' title='bbox 3030 4262 3399 4317; x_wconf 82' lang='lat' dir='ltr'><strong>recusandum.</strong></span> <span class='ocrx_word' id='word_1_841' title='bbox 3421 4264 3539 4319; x_wconf 78' lang='lat' dir='ltr'><strong>Alia</strong></span> 
     </span>
    </p>
   </div>
   <div class='ocr_carea' id='block_1_105' title="bbox 1960 4354 3543 4426">
    <p class='ocr_par' dir='ltr' id='par_1_105' title="bbox 1960 4354 3543 4426">
     <span class='ocr_line' id='line_1_106' title="bbox 1960 4354 3543 4426; baseline 0.001 -15"><span class='ocrx_word' id='word_1_842' title='bbox 1960 4357 2102 4411; x_wconf 91' lang='lat' dir='ltr'><strong>enim</strong></span> <span class='ocrx_word' id='word_1_843' title='bbox 2130 4370 2415 4426; x_wconf 85' lang='lat' dir='ltr'><strong>possumus</strong></span> <span class='ocrx_word' id='word_1_844' title='bbox 2435 4355 2594 4409; x_wconf 88' lang='lat' dir='ltr'><strong>etiam</strong></span> <span class='ocrx_word' id='word_1_845' title='bbox 2619 4354 2968 4423; x_wconf 86' lang='lat' dir='ltr'><strong>contemplari</strong></span> <span class='ocrx_word' id='word_1_846' title='bbox 3001 4373 3014 4409; x_wconf 88' lang='lat'><strong>:</strong></span> <span class='ocrx_word' id='word_1_847' title='bbox 3046 4355 3148 4410; x_wconf 88' lang='lat' dir='ltr'><strong>alia</strong></span> <span class='ocrx_word' id='word_1_848' title='bbox 3176 4371 3304 4412; x_wconf 89' lang='lat' dir='ltr'><strong>vero</strong></span> <span class='ocrx_word' id='word_1_849' title='bbox 3331 4358 3400 4412; x_wconf 85' lang='lat' dir='ltr'><strong>ita</strong></span> <span class='ocrx_word' id='word_1_850' title='bbox 3417 4366 3543 4413; x_wconf 85' lang='lat' dir='ltr'><strong>sunt</strong></span> 
     </span>
    </p>
   </div>
   <div class='ocr_carea' id='block_1_106' title="bbox 1961 4446 3541 4517">
    <p class='ocr_par' dir='ltr' id='par_1_106' title="bbox 1961 4446 3541 4517">
     <span class='ocr_line' id='line_1_107' title="bbox 1961 4446 3541 4517; baseline 0 -15"><span class='ocrx_word' id='word_1_851' title='bbox 1961 4448 2132 4502; x_wconf 88' lang='lat' dir='ltr'><strong>solum</strong></span> <span class='ocrx_word' id='word_1_852' title='bbox 2162 4448 2504 4517; x_wconf 84' lang='lat' dir='ltr'><strong>intelligenda</strong></span> <span class='ocrx_word' id='word_1_853' title='bbox 2564 4448 2702 4502; x_wconf 84' lang='lat' dir='ltr'><strong>sicut</strong></span> <span class='ocrx_word' id='word_1_854' title='bbox 2723 4446 2866 4501; x_wconf 86' lang='lat' dir='ltr'><strong>dicta</strong></span> <span class='ocrx_word' id='word_1_855' title='bbox 2900 4457 3025 4502; x_wconf 80' lang='lat' dir='ltr'><strong>sunt</strong></span> <span class='ocrx_word' id='word_1_856' title='bbox 3050 4463 3066 4513; x_wconf 91' lang='lat'><strong>;</strong></span> <span class='ocrx_word' id='word_1_857' title='bbox 3096 4448 3541 4517; x_wconf 84' lang='lat' dir='ltr'><strong>quemadmodum</strong></span> 
     </span>
    </p>
   </div>
   <div class='ocr_carea' id='block_1_107' title="bbox 1962 4538 3543 4613">
    <p class='ocr_par' dir='ltr' id='par_1_107' title="bbox 1962 4538 3543 4613">
     <span class='ocr_line' id='line_1_108' title="bbox 1962 4538 3543 4613; baseline 0.001 -18"><span class='ocrx_word' id='word_1_858' title='bbox 1962 4541 2089 4595; x_wconf 89' lang='lat' dir='ltr'><strong>illud</strong></span> <span class='ocrx_word' id='word_1_859' title='bbox 2132 4559 2146 4596; x_wconf 89' lang='lat'><strong>:</strong></span> <span class='ocrx_word' id='word_1_860' title='bbox 2179 4540 2323 4595; x_wconf 88' lang='lat' dir='ltr'><strong>Fecit</strong></span> <span class='ocrx_word' id='word_1_861' title='bbox 2365 4540 2506 4595; x_wconf 86' lang='lat' dir='ltr'><strong>Deus</strong></span> <span class='ocrx_word' id='word_1_862' title='bbox 2536 4542 2717 4595; x_wconf 75' lang='lat' dir='ltr'><strong>cretum</strong></span> <span class='ocrx_word' id='word_1_863' title='bbox 2763 4550 2812 4596; x_wconf 87' lang='lat' dir='ltr'><strong>et</strong></span> <span class='ocrx_word' id='word_1_864' title='bbox 2839 4551 3023 4595; x_wconf 87' lang='lat' dir='ltr'><strong>terram</strong></span> <span class='ocrx_word' id='word_1_865' title='bbox 3054 4539 3206 4612; x_wconf 83' lang='lat' dir='ltr'><strong>(Gen.</strong></span> <span class='ocrx_word' id='word_1_866' title='bbox 3238 4543 3289 4597; x_wconf 79' lang='grc'><strong>1.</strong></span> <span class='ocrx_word' id='word_1_867' title='bbox 3325 4538 3401 4613; x_wconf 78' lang='grc'><strong>1);</strong></span> <span class='ocrx_word' id='word_1_868' title='bbox 3440 4543 3543 4596; x_wconf 85' lang='lat' dir='ltr'><strong>alia</strong></span> 
     </span>
    </p>
   </div>
   <div class='ocr_carea' id='block_1_108' title="bbox 1959 4631 3541 4702">
    <p class='ocr_par' dir='ltr' id='par_1_108' title="bbox 1959 4631 3541 4702">
     <span class='ocr_line' id='line_1_109' title="bbox 1959 4631 3541 4702; baseline -0.001 -17"><span class='ocrx_word' id='word_1_869' title='bbox 1959 4646 2091 4687; x_wconf 84' lang='lat' dir='ltr'><strong>vero</strong></span> <span class='ocrx_word' id='word_1_870' title='bbox 2124 4632 2277 4685; x_wconf 86' lang='lat' dir='ltr'><strong>aliter</strong></span> <span class='ocrx_word' id='word_1_871' title='bbox 2304 4647 2461 4701; x_wconf 88' lang='lat' dir='ltr'><strong>quam</strong></span> <span class='ocrx_word' id='word_1_872' title='bbox 2507 4632 2736 4687; x_wconf 84' lang='lat' dir='ltr'><strong>habeant</strong></span> <span class='ocrx_word' id='word_1_873' title='bbox 2783 4631 3078 4697; x_wconf 84' lang='lat' dir='ltr'><strong>dictiones,</strong></span> <span class='ocrx_word' id='word_1_874' title='bbox 3129 4631 3279 4686; x_wconf 83' lang='lat' dir='ltr'><strong>verbi</strong></span> <span class='ocrx_word' id='word_1_875' title='bbox 3330 4632 3541 4702; x_wconf 84' lang='lat' dir='ltr'><strong>gratia:</strong></span> 
     </span>
    </p>
   </div>
   <div class='ocr_carea' id='block_1_109' title="bbox 1963 4724 3543 4795">
    <p class='ocr_par' dir='ltr' id='par_1_109' title="bbox 1963 4724 3543 4795">
     <span class='ocr_line' id='line_1_110' title="bbox 1963 4724 3543 4795; baseline -0.001 -16"><span class='ocrx_word' id='word_1_876' title='bbox 1963 4724 2120 4779; x_wconf 81' lang='lat' dir='ltr'><strong>Cerva</strong></span> <span class='ocrx_word' id='word_1_877' title='bbox 2156 4725 2407 4789; x_wconf 65' lang='lat' dir='ltr'><strong>amicitia,</strong></span> <span class='ocrx_word' id='word_1_878' title='bbox 2440 4734 2488 4777; x_wconf 87' lang='lat' dir='ltr'><strong>et</strong></span> <span class='ocrx_word' id='word_1_879' title='bbox 2526 4725 2767 4779; x_wconf 81' lang='lat' dir='ltr'><strong>hinnulus</strong></span> <span class='ocrx_word' id='word_1_880' title='bbox 2809 4725 3089 4795; x_wconf 80' lang='lat' dir='ltr'><strong>gratiarum</strong></span> <span class='ocrx_word' id='word_1_881' title='bbox 3119 4733 3342 4791; x_wconf 77' lang='lat' dir='ltr'><strong>tuarum,</strong></span> <span class='ocrx_word' id='word_1_882' title='bbox 3382 4734 3543 4779; x_wconf 84' lang='lat' dir='ltr'><strong>tecum</strong></span> 
     </span>
    </p>
   </div>
   <div class='ocr_carea' id='block_1_110' title="bbox 1964 4814 3548 4887">
    <p class='ocr_par' dir='ltr' id='par_1_110' title="bbox 1964 4814 3548 4887">
     <span class='ocr_line' id='line_1_111' title="bbox 1964 4814 3548 4887; baseline 0 -19"><span class='ocrx_word' id='word_1_883' title='bbox 1964 4816 2141 4871; x_wconf 76' lang='lat' dir='ltr'><strong>habent</strong></span> <span class='ocrx_word' id='word_1_884' title='bbox 2184 4816 2590 4870; x_wconf 85' lang='lat' dir='ltr'><strong>consuetudinem</strong></span> <span class='ocrx_word' id='word_1_885' title='bbox 2633 4814 2814 4887; x_wconf 75' lang='lat' dir='ltr'><strong>(Prov.</strong></span> <span class='ocrx_word' id='word_1_886' title='bbox 2838 4816 2893 4871; x_wconf 83' lang='lat'><strong>5.</strong></span> <span class='ocrx_word' id='word_1_887' title='bbox 2924 4816 3034 4882; x_wconf 81' lang='lat' dir='ltr'><strong>l9).</strong></span> <span class='ocrx_word' id='word_1_888' title='bbox 3065 4815 3131 4869; x_wconf 89' lang='lat' dir='ltr'><strong>Et</strong></span> <span class='ocrx_word' id='word_1_889' title='bbox 3166 4830 3355 4870; x_wconf 82' lang='lat' dir='ltr'><strong>rursus</strong></span> <span class='ocrx_word' id='word_1_890' title='bbox 3381 4833 3398 4870; x_wconf 86' lang='lat'><strong>:</strong></span> <span class='ocrx_word' id='word_1_891' title='bbox 3430 4814 3548 4870; x_wconf 85' lang='lat' dir='ltr'><strong>Sint</strong></span> 
     </span>
    </p>
   </div>
   <div class='ocr_carea' id='block_1_111' title="bbox 1966 4907 3549 4977">
    <p class='ocr_par' dir='ltr' id='par_1_111' title="bbox 1966 4907 3549 4977">
     <span class='ocr_line' id='line_1_112' title="bbox 1966 4907 3549 4977; baseline 0 -16"><span class='ocrx_word' id='word_1_892' title='bbox 1966 4909 2053 4961; x_wconf 86' lang='lat' dir='ltr'><strong>tibi</strong></span> <span class='ocrx_word' id='word_1_893' title='bbox 2093 4907 2189 4961; x_wconf 85' lang='lat' dir='ltr'><strong>soli</strong></span> <span class='ocrx_word' id='word_1_894' title='bbox 2222 4924 2334 4977; x_wconf 78' lang='lat' dir='ltr'><strong>qua:</strong></span> <span class='ocrx_word' id='word_1_895' title='bbox 2374 4909 2523 4961; x_wconf 84' lang='lat' dir='ltr'><strong>habes</strong></span> <span class='ocrx_word' id='word_1_896' title='bbox 2544 4948 2559 4973; x_wconf 94' lang='lat'><strong>,</strong></span> <span class='ocrx_word' id='word_1_897' title='bbox 2589 4917 2634 4961; x_wconf 90' lang='lat' dir='ltr'><strong>et</strong></span> <span class='ocrx_word' id='word_1_898' title='bbox 2678 4923 2824 4961; x_wconf 80' lang='lat' dir='ltr'><strong>nemo</strong></span> <span class='ocrx_word' id='word_1_899' title='bbox 2850 4909 3046 4961; x_wconf 75' lang='lat' dir='ltr'><strong>alienus</strong></span> <span class='ocrx_word' id='word_1_900' title='bbox 3077 4908 3142 4961; x_wconf 85' lang='lat' dir='ltr'><strong>sit</strong></span> <span class='ocrx_word' id='word_1_901' title='bbox 3184 4907 3272 4961; x_wconf 86' lang='lat' dir='ltr'><strong>tibi</strong></span> <span class='ocrx_word' id='word_1_902' title='bbox 3302 4908 3549 4976; x_wconf 82' lang='lat' dir='ltr'><strong>particeps</strong></span> 
     </span>
    </p>
   </div>
   <div class='ocr_carea' id='block_1_112' title="bbox 1967 4996 3546 5072">
    <p class='ocr_par' dir='ltr' id='par_1_112' title="bbox 1967 4996 3546 5072">
     <span class='ocr_line' id='line_1_113' title="bbox 1967 4996 3546 5072; baseline -0.003 -18"><span class='ocrx_word' id='word_1_903' title='bbox 1967 5001 2129 5071; x_wconf 87' lang='lat' dir='ltr'><strong>(Ibid.</strong></span> <span class='ocrx_word' id='word_1_904' title='bbox 2161 5017 2206 5054; x_wconf 84' lang='grc' dir='ltr'><strong>υ.</strong></span> <span class='ocrx_word' id='word_1_905' title='bbox 2242 5001 2349 5072; x_wconf 82' lang='lat' dir='ltr'><strong>l7).</strong></span> <span class='ocrx_word' id='word_1_906' title='bbox 2384 5001 2448 5054; x_wconf 86' lang='lat' dir='ltr'><strong>Et</strong></span> <span class='ocrx_word' id='word_1_907' title='bbox 2474 5016 2698 5054; x_wconf 87' lang='lat' dir='ltr'><strong>rursus:</strong></span> <span class='ocrx_word' id='word_1_908' title='bbox 2730 5000 2872 5053; x_wconf 76' lang='lat' dir='ltr'><strong>Fons</strong></span> <span class='ocrx_word' id='word_1_909' title='bbox 2893 5015 3037 5068; x_wconf 65' lang='lat' dir='ltr'><strong>aqua</strong></span> <span class='ocrx_word' id='word_1_910' title='bbox 3060 5000 3123 5052; x_wconf 87' lang='lat' dir='ltr'><strong>sit</strong></span> <span class='ocrx_word' id='word_1_911' title='bbox 3152 4999 3241 5052; x_wconf 84' lang='lat' dir='ltr'><strong>tibi</strong></span> <span class='ocrx_word' id='word_1_912' title='bbox 3265 4998 3363 5052; x_wconf 83' lang='lat' dir='ltr'><strong>soli</strong></span> <span class='ocrx_word' id='word_1_913' title='bbox 3386 4996 3546 5067; x_wconf 83' lang='lat' dir='ltr'><strong>(Ibid.</strong></span> 
     </span>
    </p>
   </div>
   <div class='ocr_carea' id='block_1_113' title="bbox 1966 5089 3548 5162">
    <p class='ocr_par' dir='ltr' id='par_1_113' title="bbox 1966 5089 3548 5162">
     <span class='ocr_line' id='line_1_114' title="bbox 1966 5089 3548 5162; baseline -0.004 -14"><span class='ocrx_word' id='word_1_914' title='bbox 1966 5111 2012 5149; x_wconf 79' lang='grc' dir='ltr'><strong>ν.</strong></span> <span class='ocrx_word' id='word_1_915' title='bbox 2049 5097 2160 5162; x_wconf 79' lang='grc'><strong>18).</strong></span> <span class='ocrx_word' id='word_1_916' title='bbox 2187 5093 2298 5148; x_wconf 80' lang='lat' dir='ltr'><strong>Hoc</strong></span> <span class='ocrx_word' id='word_1_917' title='bbox 2327 5093 2489 5156; x_wconf 84' lang='lat' dir='ltr'><strong>enim,</strong></span> <span class='ocrx_word' id='word_1_918' title='bbox 2510 5092 2556 5148; x_wconf 85' lang='lat' dir='ltr'><strong>si</strong></span> <span class='ocrx_word' id='word_1_919' title='bbox 2583 5090 2893 5162; x_wconf 79' lang='lat' dir='ltr'><strong>respexeris</strong></span> <span class='ocrx_word' id='word_1_920' title='bbox 2925 5090 2977 5144; x_wconf 91' lang='lat' dir='ltr'><strong>id</strong></span> <span class='ocrx_word' id='word_1_921' title='bbox 3002 5089 3144 5159; x_wconf 89' lang='lat' dir='ltr'><strong>quod</strong></span> <span class='ocrx_word' id='word_1_922' title='bbox 3164 5090 3425 5157; x_wconf 86' lang='lat' dir='ltr'><strong>scriptum</strong></span> <span class='ocrx_word' id='word_1_923' title='bbox 3444 5098 3548 5155; x_wconf 90' lang='lat' dir='ltr'><strong>est,</strong></span> 
     </span>
    </p>
   </div>
   <div class='ocr_carea' id='block_1_114' title="bbox 1969 5178 3553 5248">
    <p class='ocr_par' dir='ltr' id='par_1_114' title="bbox 1969 5178 3553 5248">
     <span class='ocr_line' id='line_1_115' title="bbox 1969 5178 3553 5248; baseline -0.006 -7"><span class='ocrx_word' id='word_1_924' title='bbox 1969 5201 2069 5241; x_wconf 87' lang='lat' dir='ltr'><strong>uec</strong></span> <span class='ocrx_word' id='word_1_925' title='bbox 2096 5201 2125 5238; x_wconf 88' lang='lat' dir='ltr'><strong>a</strong></span> <span class='ocrx_word' id='word_1_926' title='bbox 2171 5183 2347 5238; x_wconf 83' lang='lat' dir='ltr'><strong>verbis</strong></span> <span class='ocrx_word' id='word_1_927' title='bbox 2389 5182 2663 5248; x_wconf 89' lang='lat' dir='ltr'><strong>declines,</strong></span> <span class='ocrx_word' id='word_1_928' title='bbox 2706 5192 2764 5237; x_wconf 87' lang='lat' dir='ltr'><strong>ut</strong></span> <span class='ocrx_word' id='word_1_929' title='bbox 2791 5194 3009 5237; x_wconf 80' lang='lat' dir='ltr'><strong>sensum</strong></span> <span class='ocrx_word' id='word_1_930' title='bbox 3041 5178 3378 5248; x_wconf 83' lang='lat' dir='ltr'><strong>persequaris</strong></span> <span class='ocrx_word' id='word_1_931' title='bbox 3404 5218 3419 5242; x_wconf 91' lang='lat'><strong>,</strong></span> <span class='ocrx_word' id='word_1_932' title='bbox 3450 5178 3553 5232; x_wconf 88' lang='lat' dir='ltr'><strong>erit</strong></span> 
     </span>
    </p>
   </div>
   <div class='ocr_carea' id='block_1_115' title="bbox 1971 5272 3550 5346">
    <p class='ocr_par' dir='ltr' id='par_1_115' title="bbox 1971 5272 3550 5346">
     <span class='ocr_line' id='line_1_116' title="bbox 1971 5272 3550 5346; baseline -0.008 -10"><span class='ocrx_word' id='word_1_933' title='bbox 1971 5284 2123 5337; x_wconf 79' lang='lat' dir='ltr'><strong>valde</strong></span> <span class='ocrx_word' id='word_1_934' title='bbox 2150 5282 2519 5345; x_wconf 82' lang='lat' dir='ltr'><strong>inhumanum,</strong></span> <span class='ocrx_word' id='word_1_935' title='bbox 2561 5288 2618 5332; x_wconf 85' lang='lat' dir='ltr'><strong>ut</strong></span> <span class='ocrx_word' id='word_1_936' title='bbox 2641 5291 2712 5332; x_wconf 89' lang='lat' dir='ltr'><strong>ne</strong></span> <span class='ocrx_word' id='word_1_937' title='bbox 2748 5290 2941 5346; x_wconf 83' lang='lat' dir='ltr'><strong>aquam</strong></span> <span class='ocrx_word' id='word_1_938' title='bbox 2980 5273 3193 5343; x_wconf 87' lang='lat' dir='ltr'><strong>quidem</strong></span> <span class='ocrx_word' id='word_1_939' title='bbox 3222 5272 3313 5325; x_wconf 83' lang='lat' dir='ltr'><strong>ulli</strong></span> <span class='ocrx_word' id='word_1_940' title='bbox 3353 5272 3550 5340; x_wconf 84' lang='lat' dir='ltr'><strong>imper-</strong></span> 
     </span>
    </p>
   </div>
   <div class='ocr_carea' id='block_1_116' title="bbox 1973 5363 3554 5444">
    <p class='ocr_par' dir='ltr' id='par_1_116' title="bbox 1973 5363 3554 5444">
     <span class='ocr_line' id='line_1_117' title="bbox 1973 5363 3554 5444; baseline -0.008 -13"><span class='ocrx_word' id='word_1_941' title='bbox 1973 5378 2070 5431; x_wconf 86' lang='lat' dir='ltr'><strong>tias</strong></span> <span class='ocrx_word' id='word_1_942' title='bbox 2096 5394 2109 5431; x_wconf 91' lang='lat'>:</span> <span class='ocrx_word' id='word_1_943' title='bbox 2138 5375 2232 5430; x_wconf 84' lang='lat' dir='ltr'><strong>sed</strong></span> <span class='ocrx_word' id='word_1_944' title='bbox 2256 5375 2343 5429; x_wconf 89' lang='lat' dir='ltr'><strong>hic</strong></span> <span class='ocrx_word' id='word_1_945' title='bbox 2359 5372 2576 5444; x_wconf 84' lang='lat' dir='ltr'><strong>quidem</strong></span> <span class='ocrx_word' id='word_1_946' title='bbox 2599 5369 2832 5439; x_wconf 88' lang='lat' dir='ltr'><strong>loquitur</strong></span> <span class='ocrx_word' id='word_1_947' title='bbox 2855 5367 2924 5422; x_wconf 90' lang='lat' dir='ltr'><strong>de</strong></span> <span class='ocrx_word' id='word_1_948' title='bbox 2951 5379 3137 5432; x_wconf 76' lang='lat' dir='ltr'><strong>uxore,</strong></span> <span class='ocrx_word' id='word_1_949' title='bbox 3165 5373 3295 5418; x_wconf 84' lang='lat' dir='ltr'><strong>utea</strong></span> <span class='ocrx_word' id='word_1_950' title='bbox 3319 5363 3554 5418; x_wconf 77' lang='lat' dir='ltr'><strong>fruamur</strong></span> 
     </span>
    </p>
   </div>
   <div class='ocr_carea' id='block_1_117' title="bbox 1971 5462 3551 5537">
    <p class='ocr_par' dir='ltr' id='par_1_117' title="bbox 1971 5462 3551 5537">
     <span class='ocr_line' id='line_1_118' title="bbox 1971 5462 3551 5537; baseline -0.011 -12"><span class='ocrx_word' id='word_1_951' title='bbox 1971 5487 2094 5525; x_wconf 88' lang='lat' dir='ltr'><strong>cum</strong></span> <span class='ocrx_word' id='word_1_952' title='bbox 2139 5464 2509 5537; x_wconf 75' lang='lat' dir='ltr'><strong>temperantia,</strong></span> <span class='ocrx_word' id='word_1_953' title='bbox 2558 5462 2758 5517; x_wconf 84' lang='lat' dir='ltr'><strong>fontem</strong></span> <span class='ocrx_word' id='word_1_954' title='bbox 2804 5473 3001 5514; x_wconf 81' lang='lat' dir='ltr'><strong>vocans</strong></span> <span class='ocrx_word' id='word_1_955' title='bbox 3046 5471 3188 5523; x_wconf 85' lang='lat' dir='ltr'><strong>eam,</strong></span> <span class='ocrx_word' id='word_1_956' title='bbox 3221 5465 3274 5511; x_wconf 90' lang='lat' dir='ltr'><strong>et</strong></span> <span class='ocrx_word' id='word_1_957' title='bbox 3315 5469 3551 5521; x_wconf 82' lang='lat' dir='ltr'><strong>cervam,</strong></span> 
     </span>
    </p>
   </div>
   <div class='ocr_carea' id='block_1_118' title="bbox 1975 5545 3551 5633">
    <p class='ocr_par' dir='ltr' id='par_1_118' title="bbox 1975 5545 3551 5633">
     <span class='ocr_line' id='line_1_119' title="bbox 1975 5545 3551 5633; baseline -0.011 -16"><span class='ocrx_word' id='word_1_958' title='bbox 1975 5571 2190 5633; x_wconf 77' lang='lat' dir='ltr'><strong>propter</strong></span> <span class='ocrx_word' id='word_1_959' title='bbox 2211 5558 2491 5630; x_wconf 82' lang='lat' dir='ltr'><strong>puritatem</strong></span> <span class='ocrx_word' id='word_1_960' title='bbox 2517 5567 2838 5622; x_wconf 85' lang='lat' dir='ltr'><strong>congressus</strong></span> <span class='ocrx_word' id='word_1_961' title='bbox 2866 5549 3181 5620; x_wconf 82' lang='lat' dir='ltr'><strong>eonjugalis.</strong></span> <span class='ocrx_word' id='word_1_962' title='bbox 3214 5548 3282 5603; x_wconf 83' lang='lat' dir='ltr'><strong>Et</strong></span> <span class='ocrx_word' id='word_1_963' title='bbox 3307 5546 3394 5602; x_wconf 82' lang='lat' dir='ltr'><strong>hic</strong></span> <span class='ocrx_word' id='word_1_964' title='bbox 3425 5545 3551 5617; x_wconf 78' lang='lat' dir='ltr'><strong>qui—</strong></span> 
     </span>
    </p>
   </div>
   <div class='ocr_carea' id='block_1_119' title="bbox 1977 5639 3555 5712">
    <p class='ocr_par' dir='ltr' id='par_1_119' title="bbox 1977 5639 3555 5712">
     <span class='ocr_line' id='line_1_120' title="bbox 1977 5639 3555 5712; baseline -0.013 -2"><span class='ocrx_word' id='word_1_965' title='bbox 1977 5655 2095 5709; x_wconf 84' lang='lat' dir='ltr'><strong>dem</strong></span> <span class='ocrx_word' id='word_1_966' title='bbox 2118 5653 2224 5707; x_wconf 85' lang='lat' dir='ltr'><strong>hoc</strong></span> <span class='ocrx_word' id='word_1_967' title='bbox 2252 5648 2410 5703; x_wconf 89' lang='lat' dir='ltr'><strong>modo</strong></span> <span class='ocrx_word' id='word_1_968' title='bbox 2434 5664 2447 5698; x_wconf 91' lang='lat'><strong>:</strong></span> <span class='ocrx_word' id='word_1_969' title='bbox 2477 5644 2668 5699; x_wconf 83' lang='lat' dir='ltr'><strong>alicubi</strong></span> <span class='ocrx_word' id='word_1_970' title='bbox 2694 5656 2823 5696; x_wconf 77' lang='lat' dir='ltr'><strong>vero</strong></span> <span class='ocrx_word' id='word_1_971' title='bbox 2847 5649 2900 5696; x_wconf 91' lang='lat' dir='ltr'><strong>et</strong></span> <span class='ocrx_word' id='word_1_972' title='bbox 2915 5639 3056 5710; x_wconf 85' lang='lat' dir='ltr'><strong>quod</strong></span> <span class='ocrx_word' id='word_1_973' title='bbox 3078 5640 3335 5712; x_wconf 83' lang='lat' dir='ltr'><strong>scriptum</strong></span> <span class='ocrx_word' id='word_1_974' title='bbox 3357 5645 3441 5693; x_wconf 84' lang='lat' dir='ltr'><strong>est</strong></span> <span class='ocrx_word' id='word_1_975' title='bbox 3467 5648 3555 5689; x_wconf 80' lang='lat' dir='ltr'><strong>ac—</strong></span> 
     </span>
    </p>
   </div>
   <div class='ocr_carea' id='block_1_120' title="bbox 2056 5827 2939 5903">
    <p class='ocr_par' dir='ltr' id='par_1_120' title="bbox 2056 5827 2939 5903">
     <span class='ocr_line' id='line_1_121' title="bbox 2056 5827 2939 5903; baseline -0.008 -21"><span class='ocrx_word' id='word_1_976' title='bbox 2056 5830 2131 5903; x_wconf 79' lang='lat' dir='ltr'><strong>(tt)</strong></span> <span class='ocrx_word' id='word_1_977' title='bbox 2168 5835 2355 5895; x_wconf 65' lang='grc' dir='ltr'><strong>ΠὩἺῖ,</strong></span> <span class='ocrx_word' id='word_1_978' title='bbox 2382 5835 2587 5895; x_wconf 72' lang='lat' dir='ltr'><strong>deserta.</strong></span> <span class='ocrx_word' id='word_1_979' title='bbox 2611 5832 2725 5880; x_wconf 76' lang='lat' dir='ltr'><strong>uina</strong></span> <span class='ocrx_word' id='word_1_980' title='bbox 2748 5827 2939 5877; x_wconf 74' lang='lat' dir='ltr'><strong>Arabia.</strong></span> 
     </span>
    </p>
   </div>
  </div>
