4084 6278
502 380 523 432 ί
536 379 601 430 27

500 489 803 560 cipicndum
838 496 940 553 est,
985 496 1039 543 et
1080 486 1221 558 quod
1249 501 1313 539 ex
1338 501 1404 541 eo
1424 483 1791 554 signiﬁcatur;
1825 492 1881 537 ut
1903 492 1984 536 est
2011 483 2075 537 il.

505 581 633 636 Iud:
670 580 815 635 Sicut
855 587 1136 633 sementem
1178 576 1414 630 exultavit
1463 574 1628 627 Moses
1659 573 1836 642 (Joan.
1879 573 1933 626 '5.
1969 570 2078 633 14).

506 672 840 729 Credendum
869 680 954 727 est
971 671 1113 725 enim
1133 711 1147 734 ,
1180 669 1280 724 hoc
1311 671 1503 721 factum
1531 682 1649 721 esse
1675 665 1751 735 (ut
1780 680 1961 718 revera
2002 663 2082 716 fa-

507 776 650 820 ctum
682 765 784 835 εει)
812 765 1075 832 simulque
1103 762 1243 832 quod
1289 777 1354 815 (ιο
1402 760 1747 829 significatur,
1784 758 1834 810 in
1865 758 2081 826 ligurum

503 858 723 912 Christi.
754 857 824 911 Ita
855 857 940 911 hic
965 858 1122 911 etiam
1154 871 1258 908 non
1285 855 1544 908 aberrarit
1573 851 1858 919 quispiam,
1890 850 1934 903 si
1966 864 2085 918 qua:

506 952 643 1004 dicta
685 958 831 1015 sunt,
868 948 1130 1015 acceperit
1168 947 1236 1002 de
1275 947 1339 999 iis
1374 961 1493 1013 qua:
1530 943 1728 998 .Iudaeis
1766 947 2082 1005 evisnerimt,

510 1040 624 1094 haec
667 1055 856 1108 nempe
887 1057 898 1089 :
930 1038 1119 1093 Sediin
1143 1053 1292 1103 super
1322 1036 1559 1087 thronum
1587 1034 1672 1103 qui
1693 1033 1897 1103 judicas
1933 1030 2089 1101 justi-

511 1131 652 1183 tiam.
691 1130 974 1199 lncrepasti
1001 1139 1208 1199 gentes;
1243 1137 1289 1181 et
1320 1127 1469 1196 periit
1494 1126 1679 1195 impius
1710 1143 1729 1189 ;
1761 1141 1941 1177 nomen
1976 1124 2088 1195 ejus

509 1222 686 1275 delcsti
712 1223 763 1275 in
788 1222 1027 1275 swcalam
1047 1262 1063 1286 ,
1090 1229 1136 1272 et
1163 1221 1213 1272 in
1244 1217 1485 1272 sarculum
1508 1216 1699 1270 saeculi.
1725 1214 1926 1267 Inimici
1952 1214 2091 1283 defe-

512 1324 685 1370 cerunt
724 1313 932 1383 frameae
975 1313 1027 1366 in
1056 1312 1239 1379 ﬁnem,
1275 1319 1322 1362 et
1350 1309 1572 1362 civitates
1608 1322 1777 1361 eorum
1804 1304 2086 1358 detraxisti.

515 1405 671 1459 Periit
716 1404 959 1456 memoria
1003 1418 1177 1456 eorum
1216 1416 1331 1453 cum
1384 1399 1571 1451 sonitu.
1619 1396 1905 1449 Calatnitas
1948 1394 2088 1447 enim

511 1511 696 1551 eorum
726 1495 811 1563 qui
854 1494 1121 1546 Christum
1147 1490 1530 1546 cruciﬁxerunt
1549 1528 1562 1551 ,
1592 1498 1673 1541 est
1697 1488 1944 1541 omnibus
1976 1503 2092 1538 ina-

512 1585 699 1639 nifesta
728 1602 742 1650 ;
796 1592 849 1638 et
894 1584 1135 1637 civitates
1180 1597 1365 1637 eorum
1392 1589 1514 1633 sunt
1543 1579 1733 1632 dirutte
1768 1620 1783 1643 ,
1813 1586 1866 1631 et
1897 1577 2095 1631 diaboli

516 1677 774 1733 machina:
818 1676 1130 1730 defecerunt
1154 1717 1167 1733 ,
1198 1689 1318 1727 cum
1349 1672 1543 1731 Christi
1570 1686 1694 1725 cura
1723 1685 1785 1723 ac
1812 1668 2095 1739 providen-

514 1771 585 1825 tia
609 1771 786 1825 omnia
806 1768 1119 1838 susceperit.
1138 1764 1242 1820 Sed
1267 1765 1379 1817 hmc
1409 1764 1772 1833 relinquentes
1798 1759 2093 1828 adaptanda

514 1862 788 1925 studiosis,
836 1877 898 1914 ca
945 1876 1062 1926 qua}
1108 1866 1231 1911 sunt
1282 1856 1551 1925 proposita
1593 1866 1990 1923 persequamur.
2036 1849 2093 1903 8.

517 1954 728 2008 Paravit
770 1954 819 2006 in
843 1952 1041 2024 judicio
1071 1952 1304 2003 thronum
1344 1965 1508 2001 suum.
1543 1947 1710 2011 Alius,
1736 1944 1989 2001 Stabilivit
2030 1943 2097 1996 ad

508 2045 778 2113 judicium.
816 2044 869 2096 9.
902 2040 967 2093 Et
998 2042 1106 2110 ipse
1126 2040 1378 2110 jndicabit
1404 2040 1571 2090 orbem
1600 2048 1748 2090 terra:
1781 2037 1833 2089 in
1878 2036 2094 2100 ius'itia,

508 2135 758 2207 jndicabit
790 2133 1004 2203 populos
1033 2134 1083 2184 in
1112 2132 1363 2201 a’quitatc.
1400 2129 1586 2184 Vidisti
1612 2126 1880 2197 quomodo
1909 2125 2093 2196 paula-

521 2228 612 2281 tim
641 2226 833 2281 atlollit
870 2224 1209 2279 orationem?
1250 2222 1510 2289 Quoniam
1538 2221 1677 2273 enim
1709 2219 1882 2273 throni
1906 2218 2095 2271 memi-

518 2319 617 2385 nit,
666 2317 895 2372 ostendit
934 2315 1109 2370 throni
1158 2323 1422 2377 naturain,
1453 2328 1555 2366 non
1595 2328 1662 2366 ex
1687 2310 1861 2380 lignis,
1891 2325 1988 2364 nec
2032 2324 2097 2362 ex

518 2408 690 2477 aliqua
718 2407 937 2462 materia
961 2406 1331 2474 compositam,
1356 2404 1448 2457 sed
1477 2418 1542 2457 ex
1567 2402 1789 2471 justitia.
1819 2400 1872 2454 In
1893 2400 2097 2469 juStitia

521 2498 686 2561 enim,
717 2496 906 2566 inquit,
951 2496 1244 2549 collocatus
1266 2503 1367 2546 est.
1395 2492 1654 2545 Jndicabit
1678 2490 1847 2544 orbem
1876 2499 2021 2544 terra:
2046 2490 2099 2543 in

518 2590 732 2660 iustitia.
777 2589 843 2643 Et
880 2588 1180 2659 praesentia,
1207 2595 1260 2641 et
1285 2603 1402 2656 qum
1443 2585 1613 2640 futura
1659 2598 1803 2649 sunt,
1837 2584 2096 2653 priedicit.

527 2680 788 2737 Generale
809 2680 950 2734 enim
972 2680 1227 2750 judicium
1261 2679 1366 2733 illic
1394 2689 1476 2733 est
1503 2686 1832 2733 reservatum
1871 2693 1884 2728 :
1916 2677 2099 2746 singu-

518 2772 631 2826 lare
659 2780 837 2827 autem
863 2772 1020 2826 etiam
1050 2771 1171 2835 hic;
1202 2771 1364 2825 multa
1388 2770 1581 2839 quippe
1602 2770 1761 2823 etiam
1791 2782 1933 2821 nunc
1952 2767 2095 2834 facit,

523 2879 590 2919 ne
615 2863 790 2918 stolidi
817 2862 1187 2917 existimarent
1209 2877 1270 2914 ea
1292 2878 1409 2930 qua:
1437 2869 1561 2914 sunt
1583 2876 1686 2912 non
1717 2860 1826 2929 regi
1854 2858 1948 2912 Dei
1973 2874 2100 2926 pro-

517 2953 771 3008 videntia.
806 2952 954 3021 Quod
986 2953 1028 3005 si
1062 2966 1166 3005 non
1200 2950 1285 3006 hic
1326 2965 1514 3004 omnes
1555 2964 1782 3005 coronas
1811 2948 2097 3016 accipiunt,

521 3060 589 3099 ne
616 3044 846 3098 mireris.
892 3041 1101 3095 Paravit
1125 3042 1257 3094 enim
1289 3038 1421 3093 diém
1446 3082 1464 3108 ,
1487 3041 1537 3093 in
1564 3057 1661 3111 quo
1682 3050 1753 3094 est
1776 3041 2100 3111 judicaturus

521 3136 690 3189 orbem
727 3144 872 3189 terra:
902 3133 1036 3204 (Act.
1070 3133 1153 3186 17.
1183 3131 1298 3203 51);
1344 3132 1395 3185 in
1447 3132 1726 3201 pra-sentin
1774 3141 1949 3185 autem
1994 3143 2103 3186 sta-

518 3228 701 3292 dium,
734 3228 925 3293 luctas,
952 3234 1005 3280 ct
1028 3223 1338 3280 certamina.
1369 3225 1658 3293 Promerea
1689 3240 1794 3279 non
1839 3226 2101 3295 rccipiunt

521 3319 607 3374 hic
634 3333 820 3374 omnes
866 3333 963 3387 pro
1008 3316 1235 3382 meritis,
1284 3315 1377 3370 sed
1405 3314 1490 3379 iis,
1523 3319 1609 3382 qui
1637 3330 1696 3369 se
1738 3325 1882 3370 recte
1912 3325 2102 3385 gerunt

521 3409 661 3462 dona
689 3416 813 3462 sunt
835 3407 941 3461 illic
971 3407 1201 3475 repOsita
1226 3448 1240 3470 ,
1275 3404 1436 3471 etiis,
1471 3406 1556 3474 qui
1583 3419 1759 3469 secus,
1793 3406 2051 3474 supplicia
2083 3423 2097 3459 :

524 3498 611 3552 hic
657 3508 834 3551 autem
881 3508 963 3551 est
996 3497 1204 3562 lenitas,
1246 3506 1300 3551 et
1331 3496 1602 3565 patientia,
1632 3506 1689 3550 ιιι
1719 3512 1812 3565 per
1842 3496 2103 3566 poeniten-

524 3592 651 3645 tiam
680 3589 1047 3659 ahstcrganms
1073 3598 1285 3657 peccata
1318 3606 1331 3641 :
1361 3588 1455 3642 sed
1500 3588 1604 3642 illic
1647 3604 1750 3642 non
1784 3589 1874 3642 ita.
1921 3589 2102 3642 llomi-

523 3681 641 3736 cida
670 3681 811 3736 enim
833 3723 848 3745 ,
880 3680 1131 3749 quamdiu
1171 3690 1254 3734 est
1285 3680 1335 3732 in
1373 3680 1477 3741 via,
1511 3687 1689 3750 potest
1713 3682 1925 3743 mutari,
1955 3692 2007 3735 et
2035 3683 2101 3733 li-

523 3773 697 3827 berari
724 3771 981 3842 supplicio
1005 3788 1019 3824 :
1059 3770 1152 3826 sed
1176 3781 1453 3841 postquam
1480 3771 1741 3826 deductus
1764 3782 1846 3826 est
1868 3771 1934 3826 ad
1963 3774 2104 3828 acci-

525 3864 769 3935 piendam
796 3864 990 3935 judicis
1025 3864 1364 3929 sententiam,
1393 3866 1830 3936 restatdeinceps
1851 3868 2016 3933 ensis,
2048 3877 2105 3923 et

523 3959 678 4013 lictor
703 3999 718 4024 ,
750 3967 806 4012 et
846 3956 1178 4012 barathrum.
1204 3956 1279 4011 Ita
1306 3958 1468 4012 etiam
1498 3957 1599 4012 hic.
1630 3958 1893 4025 Quamdiu
1939 3958 2103 4015 fueri-

524 4063 643 4103 mus
666 4047 880 4118 quidem
927 4048 980 4101 in
1019 4047 1127 4103 vita
1170 4047 1440 4117 praesenti,
1480 4062 1766 4118 possumus
1792 4052 1958 4105 vitare
1979 4066 2106 4122 sup-

522 4138 760 4209 plicium,
802 4139 847 4192 si
884 4148 1152 4193 mutemur
1180 4155 1196 4195 ;
1224 4148 1503 4209 postquam
1529 4148 1707 4195 autem
1741 4140 1867 4196 illuc
1894 4142 2103 4197 disces-

522 4231 770 4298 serimus,
788 4228 978 4285 frustra
992 4229 1401 4302 lacrymabimur
1421 4248 1434 4286 :
1457 4229 1664 4285 Paravit
1683 4232 1824 4286 enim
1842 4233 1894 4286 in
1905 4234 2105 4303 judicio

528 4322 766 4376 thronum
801 4338 968 4375 suum.
1016 4322 1073 4378 Si
1118 4321 1238 4393 quis
1278 4330 1456 4377 autem
1496 4323 1655 4377 etiam
1688 4324 1836 4391 illud,
1873 4323 2102 4391 Paravit,

525 4411 792 4481 acceperit
834 4421 891 4466 ut
929 4411 1130 4467 dictum
1168 4419 1272 4479 est,
1306 4429 1411 4468 non
1442 4414 1726 4484 peccabit:
1755 4416 1933 4469 omnia
1959 4416 2102 4471 enim

525 4513 648 4558 sunt
694 4512 898 4573 parata,
934 4510 991 4558 et
1037 4488 1313 4573 supplicia,
1359 4518 1414 4559 et
1450 4520 1683 4569 coronze,
1721 4515 1774 4561 et
1818 4507 2102 4562 sententia.

523 4593 641 4648 Non
682 4603 765 4649 est
805 4594 1093 4659 cunctatio,
1140 4609 1240 4650 nec
1277 4603 1508 4665 tempus,
1557 4614 1657 4653 nec
1701 4599 1919 4655 tarditas
1964 4601 2106 4671 apud

527 4686 692 4741 Deum
722 4702 736 4737 :
763 4684 1188 4754 quandoquidem
1214 4687 1301 4757 qui
1325 4687 1506 4742 vivunt
1530 4705 1634 4743 non
1660 4693 1991 4760 prmvenient
2013 4708 2107 4749 eos

525 4777 616 4846 qui
652 4775 1004 4842 dormierunt,
1051 4779 1500 4847 quemadmodum
1552 4781 1680 4836 dicit
1711 4782 1904 4838 Paulus
1944 4802 1957 4838 :
1993 4785 2105 4841 Nos

523 4869 612 4942 qui
632 4869 869 4931 vivimus,
920 4869 1006 4938 qui
1040 4869 1221 4938 reliqui
1251 4886 1425 4924 sumas
1472 4872 1527 4925 in
1563 4873 1833 4929 adventum
1873 4875 2103 4944 Domini,

533 4977 635 5015 non
662 4959 1022 5031 pra'veniemus
1042 4976 1127 5014 eos
1150 4961 1236 5028 qui
1255 4960 1584 5015 dormierunt.
1607 4961 1866 5019 Judicabit
1891 4970 2107 5039 populos

523 5053 577 5108 in
602 5053 835 5122 (equitate
872 5052 950 5123 (1.
983 5051 1156 5107 Thess.
1200 5052 1256 5107 4.
1298 5052 1410 5126 16).
1443 5053 1579 5109 Vide
1615 5056 1933 5125 sapientiam
1982 5075 2105 5129 pro-

529 5143 722 5213 phetae,
766 5142 1037 5213 quomodo
1081 5142 1211 5197 dicit
1253 5145 1553 5213 prementia,
1600 5147 1868 5215 quomodo
1907 5148 2103 5205 futura.

527 5238 812 5293 Praesentia
842 5255 857 5292 :
885 5236 1171 5307 Increpain
1181 5248 1370 5308 gentes,
1402 5247 1448 5293 et
1474 5241 1621 5309 periit
1647 5241 1832 5310 impius
1855 5256 1877 5305 ;
1908 5242 2100 5313 futura,

528 5328 739 5384 Paravit
767 5330 819 5384 in
839 5329 1038 5402 judicio
1059 5328 1296 5383 thronum
1323 5347 1491 5385 suum.
1521 5331 1588 5386 Et
1616 5332 1724 5404 ipse
1736 5334 1989 5404 judicabit
2014 5354 2103 5392 or-

528 5423 637 5476 bem
658 5431 805 5477 teme
828 5424 881 5476 in
895 5424 1114 5492 justitia.
1134 5423 1248 5478 Hoc
1272 5432 1448 5478 autem
1473 5424 1595 5480 facit
1620 5467 1635 5492 ,
1664 5437 1723 5481 ut
1745 5428 1835 5498 qui
1867 5429 1967 5483 illis
1996 5445 2100 5485 non

524 5512 752 5569 credunt
781 5527 849 5568 ex
883 5515 1236 5584 praesentibus
1262 5526 1571 5585 argumenta
1607 5518 1887 5588 accipiant.
1918 5520 2006 5576 10.
2036 5520 2103 5576 Et

526 5607 692 5675 factus
732 5609 805 5656 est
843 5599 1093 5659 Dominus
1125 5606 1375 5677 refugium
1410 5609 1639 5677 pauperi.
1684 5608 1857 5673 Alius,
1893 5608 2099 5676 Attrita,

522 5697 697 5759 Alius.
751 5696 1024 5771 Confracta
1054 5700 1089 5756 ί.
1137 5699 1307 5757 Vocat
1346 5701 1558 5758 assidue
1597 5703 1831 5775 seipsum
1876 5713 1932 5760 et
1981 5720 2102 5776 pau-

596 5824 610 5854 ι
656 5796 762 5892 Th
798 5817 1014 5882 Aquila,
1064 5820 1336 5884 ἐπιτρίιτῳ.
1384 5822 1742 5885 Symmachus.
1788 5823 2108 5888 τεθλασμένῳ.

1240 371 1297 428 S.
1335 368 1614 427 JOANNIS
1649 366 2125 424 CHRYSOSTOMI
2162 365 2475 423 ARCIIIEP.
2517 365 3048 424 CONSTANTINOP.

3677 373 3784 432 728

2189 496 2372 550 pereat
2400 490 2456 534 et
2494 480 2818 545 mendicum,
2859 482 2985 538 licet
3023 480 3223 553 regiam
3250 492 3475 539 teneret.
3511 483 3583 538 Ita
3610 486 3782 542 etiam

2189 573 2351 626 alibi:
2374 572 2482 643 Ego
2499 582 2662 626 autem
2683 573 2940 628 mendicus
2960 590 3071 627 sunt
3094 582 3139 627 et
3159 573 3533 645 panper(Psal.
3555 576 3643 634 59.
3665 577 3787 650 18).

2190 663 2403 717 Sciebat
2446 665 2586 719 enim
2613 707 2629 730 ,
2659 674 2714 720 et
2737 667 2880 721 clare
2920 666 3123 722 sciebat
3142 709 3155 731 ,
3182 669 3361 723 omnia
3391 670 3622 725 humana
3655 687 3785 727 esse

2192 755 2379 808 umbra
2406 755 2755 810 imbecilliora
2773 798 2787 824 ,
2821 766 2874 811 et
2899 757 3030 812 nihil
3061 773 3181 814 esse
3207 761 3361 817 nobis
3382 758 3580 818 virtute
3605 765 3788 834 magis

2192 848 2461 916 proprium
2493 888 2507 909 ,
2548 848 2753 915 reliqua
2791 857 2968 903 autem
3016 852 3193 904 omnia
3238 866 3358 907 esse
3398 854 3589 908 similia
3635 854 3788 910 loliis

2192 939 2523 992 extrinsecus
2573 939 2854 1008 appositis.
2905 939 3057 1008 Quod
3109 941 3251 996 enim
3301 943 3471 999 virtus
3512 945 3580 999 sit
3623 948 3788 1001 nobis

2194 1029 2425 1099 propria,
2470 1044 2537 1082 ex
2586 1029 2687 1085 hoc
2714 1030 2917 1085 clarum
2961 1041 3062 1086 est.
3094 1031 3441 1104 Quocumque
3489 1038 3782 1093 recesseri-

2194 1136 2332 1186 mus,
2354 1136 2469 1174 eam
2496 1120 2918 1177 circumferimus
2942 1140 2956 1176 :
2984 1122 3071 1176 illa
3099 1132 3276 1178 autem
3307 1140 3411 1180 non
3436 1126 3633 1182 itidem.
3666 1127 3793 1183 lloc

2194 1221 2277 1266 est
2303 1227 2430 1282 ergo
2472 1213 2628 1267 nobis
2663 1213 2831 1283 magis
2859 1215 3129 1284 proprium
3160 1257 3174 1279 ,
3201 1216 3306 1272 alia
3332 1225 3508 1273 autem
3535 1230 3658 1274 sunt
3690 1236 3789 1276 re-

2196 1304 2441 1358 motiora.
2468 1303 2922 1369 Quemadmodum
2950 1321 3079 1376 ergo
3106 1322 3229 1362 eum
3250 1307 3478 1363 dicimus
3502 1311 3782 1380 proprium

2197 1396 2287 1465 qui
2336 1405 2421 1450 est
2460 1397 2612 1451 nobis
2644 1397 2991 1468 propinquior
3021 1416 3034 1451 :
3078 1400 3146 1452 ita
3177 1400 3336 1454 etiam
3374 1400 3512 1457 hanc
3543 1404 3793 1472 pecuniis

2198 1488 2423 1542 dicimus
2452 1488 2618 1558 magis
2646 1490 2912 1561 prepriam
2947 1531 2966 1558 ,
2996 1492 3249 1562 quoniam
3282 1494 3437 1549 nobis
3458 1508 3670 1564 semper
3699 1505 3791 1551 est

2200 1580 2562 1649 prOpinquior.

2269 1670 2321 1723 5.
2353 1669 2644 1724 Considera
2674 1679 2854 1725 autem
2882 1671 3010 1725 mihi
3043 1672 3159 1741 ejus
3188 1683 3393 1742 gratum
3422 1685 3477 1730 et
3505 1676 3792 1746 sapientiae

2200 1759 2495 1813 studiosum
2540 1761 2797 1815 animum.
2839 1761 2973 1816 Cum
3016 1764 3156 1817 enim
3188 1765 3409 1820 haberet
3436 1775 3490 1820 et
3517 1750 3702 1836 equos,
3731 1778 3795 1822 et

2201 1860 2391 1916 castra,
2422 1860 2475 1906 et
2503 1852 2607 1906 alia
2655 1853 2931 1908 innumera
2949 1896 2963 1918 ,
2992 1855 3098 1909 illis
3122 1857 3370 1910 omnibus
3398 1858 3574 1911 missis
3598 1874 3788 1927 super-

2203 1958 2325 1996 num
2369 1945 2596 1998 accersit
2638 1945 2917 2009 auxilium,
2950 1956 3003 1999 et
3050 1962 3203 2001 suam
3231 1947 3280 2002 ei
3308 1948 3531 2003 salutem
3567 1947 3674 2004 fert
3701 1964 3794 2003 ac-

2201 2043 2429 2104 ceptam.
2469 2034 2587 2090 Non
2618 2036 2760 2090 enim
2788 2038 2920 2090 dixit
2948 2053 2961 2092 :
3009 2037 3245 2093 Fuerunt
3275 2039 3401 2092 mihi
3442 2050 3614 2094 castra
3643 2039 3794 2094 relu-

2203 2126 2343 2193 gium
2373 2140 2570 2190 meum,
2602 2141 2701 2181 nec
2733 2128 2951 2197 pecunia
2981 2169 2994 2191 ,
3028 2144 3127 2184 nec
3152 2131 3288 2183 muri
3313 2146 3329 2184 :
3361 2129 3478 2197 sed,
3506 2129 3697 2184 Factus
3714 2141 3796 2184 est

2202 2214 2453 2270 Dominus
2477 2218 2728 2288 refugium
2744 2220 2983 2288 pauperi.
3014 2218 3130 2288 Ipse
3154 2234 3239 2275 me
3266 2220 3316 2274 in
3349 2229 3462 2275 tuto
3480 2220 3794 2276 collocavit:

2204 2307 2333 2362 nihil
2359 2309 2501 2363 enim
2542 2309 2773 2365 conferri
2815 2319 2992 2380 potest
3018 2327 3138 2366 cum
3183 2312 3283 2366 hoc
3310 2311 3529 2382 refugio,
3559 2313 3699 2382 quod
3732 2324 3796 2369 et

2203 2397 2269 2452 ad
2293 2394 2558 2453 facilitatis
2579 2409 2631 2453 et
2654 2400 2952 2454 securitatis
2979 2402 3234 2456 rationem
3257 2402 3463 2457 attinet.
3489 2402 3621 2456 Aliis
3641 2404 3791 2458 enim

2203 2489 2422 2561 refugiis
2467 2499 2690 2559 possunt
2731 2490 2907 2546 afferri
2952 2493 3176 2558 insidite,
3238 2509 3337 2549 nec
3380 2505 3598 2565 possunt
3625 2509 3688 2549 ea
3737 2497 3798 2550 in

2204 2592 2451 2652 promptu
2498 2583 2756 2648 inveniri,
2804 2583 2899 2638 sed
2926 2592 2981 2639 et
3009 2593 3269 2654 tempore,
3304 2596 3358 2641 et
3395 2587 3512 2641 loco
3534 2597 3589 2641 et
3626 2586 3796 2640 innu-

2205 2673 2545 2729 merabilibus
2572 2683 2824 2728 arcentur
2846 2675 3261 2731 circumstantiis
3304 2694 3319 2732 :
3355 2677 3456 2733 hoc
3498 2688 3675 2732 autem
3705 2687 3796 2733 ut-

2207 2775 2328 2833 pote
2364 2766 2507 2834 quod
2555 2781 2719 2835 prope
2757 2768 2855 2833 sit,
2886 2768 3153 2834 invenies,
3182 2769 3229 2824 si
3259 2769 3309 2824 id
3347 2771 3631 2841 diligenter
3651 2787 3803 2842 qua:-

2208 2856 2382 2911 sieris.
2425 2856 2500 2911 Te
2536 2859 2676 2912 enim
2705 2859 2874 2911 adhuc
2916 2860 3146 2930 loquente
3189 2860 3356 2914 dicam
3388 2876 3406 2914 :
3436 2861 3566 2915 Ecce
3608 2862 3798 2916 adsum

2208 2946 2359 3021 (Isai.
2384 2948 2472 3004 58.
2501 2948 2581 3020 9).
2615 2949 2701 3015 Et,
2733 2949 2870 3003 Deus
2891 2951 3303 3021 appmpinquans
3331 2967 3421 3022 ego
3444 2969 3576 3018 sum,
3604 2961 3650 3006 et
3688 2969 3797 3007 non

2206 3040 2342 3096 Deus
2362 3042 2540 3112 procul
2580 3040 2709 3114 (Jer.
2735 3041 2823 3097 25.
2851 3042 2963 3112 23).
3002 3043 3111 3098 Nec
3159 3060 3318 3099 cursu
3349 3060 3497 3115 ergo,
3526 3060 3627 3100 nec
3670 3061 3798 3115 per-

2207 3133 2539 3201 egrinatione
2568 3133 2721 3190 nobis
2747 3149 2881 3203 Opus
2903 3145 3004 3203 est,
3024 3135 3116 3191 sed
3142 3137 3225 3191 vel
3253 3136 3396 3192 duini
3418 3137 3664 3193 sedentes
3693 3138 3799 3195 hoc

2210 3239 2487 3293 possumus
2516 3241 2746 3281 evocare
2770 3227 3047 3282 auxilium.
3080 3228 3150 3283 Et
3171 3229 3455 3300 aliquando
3482 3231 3695 3300 quidem
3719 3232 3797 3295 li-

2207 3315 2358 3369 berat
2389 3331 2419 3369 a
2464 3317 2711 3385 periculis
2744 3334 2757 3369 :
2786 3318 3071 3387 aliquando
3111 3330 3286 3374 autem
3324 3336 3418 3375 eos
3444 3322 3588 3390 ipsos
3613 3323 3799 3379 reddit

2208 3409 2515 3477 prmclaros,
2541 3420 2595 3464 et
2622 3411 2945 3479 potentiores
2969 3411 3320 3479 adversariis;
3350 3425 3402 3470 et
3429 3424 3713 3487 utrumque
3740 3419 3795 3471 iu

2209 3507 2447 3567 tempore
2461 3501 2816 3555 convenienti.
2835 3501 3058 3570 Quando
3084 3504 3227 3559 enim
3253 3519 3311 3560 se
3339 3506 3578 3562 modeste
3598 3519 3798 3578 gerunt

2207 3593 2293 3660 qui
2323 3591 2374 3645 id
2397 3601 2753 3662 assequuntur
2775 3635 2791 3660 ,
2823 3592 2916 3648 dat
2955 3602 3259 3666 utrumque.
3303 3596 3396 3652 Sin
3435 3608 3611 3653 autem
3646 3599 3695 3653 in
3723 3614 3797 3655 eo

2208 3696 2313 3735 non
2340 3698 2398 3736 se
2429 3694 2572 3738 recte
2599 3684 2891 3752 gesserint,
2916 3685 3054 3740 intra
3080 3702 3241 3740 unum
3265 3676 3527 3754 subsistit,
3561 3704 3629 3744 ne
3653 3690 3795 3746 alto-

2207 3773 2320 3827 rius
2365 3773 2727 3829 additamento
2780 3776 2938 3832 nimis
2976 3776 3105 3831 ﬁant
3140 3791 3470 3849 arrogantes.
3497 3779 3568 3835 Ut
3608 3791 3793 3836 autem

2209 3864 2348 3919 scias
2374 3865 2426 3919 id
2452 3880 2595 3935 saipe
2622 3865 2675 3919 in
2706 3880 2864 3921 causa
2890 3882 3010 3923 esse
3037 3877 3093 3922 ut
3119 3868 3171 3922 in
3199 3868 3533 3925 insolentiam
3559 3870 3795 3927 elleran-

2210 3964 2295 4011 tur
2316 3954 2583 4020 homines,
2608 3956 2867 4013 Ezechias
2891 3973 2952 4013 ea
2979 3957 3048 4014 de
3071 3973 3230 4015 causa
3252 3961 3423 4016 elatus
3449 3950 3571 4028 est;
3601 3963 3695 4017 sed
3723 3978 3796 4019 nc

2208 4046 2286 4101 sic
2327 4046 2540 4116 quidem
2586 4062 2707 4100 eum
2751 4048 3092 4116 contempsit,
3131 4049 3249 4115 sed,
3277 4052 3525 4121 quoniam
3553 4052 3794 4109 victoria:

2209 4149 2490 4190 successus
2517 4145 2749 4190 mentem
2776 4138 2892 4205 ejus
2917 4139 3185 4194 extulerat
3213 4180 3229 4206 ,
3259 4140 3478 4196 immisit
3505 4142 3794 4198 inﬁrmita-

2210 4236 2317 4282 tem
2344 4268 2357 4293 ,
2388 4243 2506 4297 quae
2535 4244 2655 4282 eum
2691 4230 2983 4299 corrigeret
3014 4229 3185 4299 (lsai.
3233 4232 3322 4288 59.
3367 4233 3402 4287 2
3424 4233 3467 4304 ).
3497 4234 3715 4305 Adjutor
3739 4236 3796 4289 in

2209 4319 2686 4390 opportunitatibus,
2716 4319 2768 4374 in
2794 4322 3132 4377 tribulatione.
3160 4324 3297 4391 Quid
3324 4333 3425 4391 est,
3452 4323 3520 4379 In
3539 4335 3792 4396 opportu-

2210 4410 2447 4464 nitatibus
2470 4410 2496 4463 .9
2543 4410 2596 4465 In
2637 4420 2909 4481 tempore,
2939 4412 3141 4482 inquit,
3169 4427 3488 4484 opportuno.
3519 4416 3797 4486 Duplicem

2211 4503 2340 4559 dicit
2368 4507 2842 4574 opportunitatem,
2869 4505 3009 4574 quod
3033 4515 3088 4561 et
3116 4506 3252 4561 ferat
3276 4507 3553 4575 auxilium,
3572 4517 3629 4563 et
3648 4510 3799 4579 quod

2210 4593 2266 4648 in
2297 4601 2557 4663 tempore.
2588 4593 3054 4664 Opportunitatem
3087 4596 3228 4650 enim
3274 4596 3360 4651 hic
3389 4598 3516 4652 dicit
3554 4598 3793 4655 afﬂictio-

2211 4699 2355 4739 nem.
2395 4684 2508 4752 Qua
2560 4684 2629 4741 de
2655 4686 2760 4740 re?
2790 4685 2940 4753 Quod
2970 4691 3039 4740 sit
3067 4696 3239 4743 mater
3265 4687 3637 4759 philosophias,
3681 4701 3737 4746 et
3760 4708 3794 4746 ιι

2208 4784 2381 4830 morte
2408 4776 2651 4831 liberabit
2698 4776 2965 4831 hominem
2994 4779 3038 4846 ί,
3065 4792 3130 4834 ac
3156 4779 3394 4834 divinum
3440 4782 3670 4836 maxime
3714 4794 3798 4836 at.

2213 4868 2386 4922 trahat
2413 4868 2686 4923 auxilium.
2715 4867 2865 4923 Tunc
2891 4869 3096 4924 sublata
3122 4880 3205 4924 est
3230 4871 3499 4939 socordia,
3531 4880 3587 4927 et
3614 4872 3797 4929 disso-

2210 4957 2373 5024 lutio;
2408 4968 2537 5012 tunc
2580 4960 3057 5029 supplicationibus
3086 4976 3338 5035 vacamus
3367 4964 3694 5035 diligentius.
3730 4967 3797 5021 Et

2210 5050 2347 5103 sicut
2376 5050 2563 5121 Ityems
2598 5060 2680 5104 est
2709 5059 2916 5120 tempus
2957 5034 3316 5121 opportunum
3353 5055 3419 5110 ad
3465 5034 3623 5112 tet-rte
3661 5060 3796 5128 agri—

2210 5141 2471 5196 culturam
2516 5159 2530 5195 :
2562 5141 2632 5195 ita
2666 5142 2827 5196 etiam
2857 5142 3074 5199 afﬂictio
3111 5145 3178 5200 ad
3206 5162 3388 5203 curam
3417 5149 3632 5225 animat.
3666 5150 3794 5220 Ejus

2210 5235 2353 5289 enim
2383 5247 2595 5304 semper
2620 5250 2754 5304 opus
2783 5234 3075 5292 habeamus
3119 5241 3342 5308 auxilio,
3374 5242 3473 5296 etsi
3503 5244 3611 5297 sint
3639 5244 3792 5299 nobis

2209 5340 2298 5381 res
2312 5325 2596 5382 secunda:
2629 5335 2752 5383 tunc
2770 5337 2947 5383 autem
2976 5332 3207 5386 maxime
3231 5334 3491 5391 sentimus
3514 5337 3790 5400 auxilium,

2209 5419 2421 5489 quando
2438 5436 2713 5475 versamur
2738 5421 2789 5477 in
2815 5422 3214 5480 alilictionibus.
3240 5425 3483 5497 Adjutor.
3514 5427 3610 5483 llic
3629 5429 3794 5484 etiam

2209 5510 2409 5581 aliquid
2447 5512 2588 5567 aliud
2628 5512 2981 5583 signiﬁcavit;
3005 5530 3199 5586 nempe
3238 5517 3382 5588 quod
3412 5528 3660 5589 oporteat
3685 5535 3787 5576 nos

2206 5632 2413 5706 gemina
2436 5637 2767 5706 interpretum
2790 5653 2855 5706 ex_
2872 5655 2971 5691 uno
2991 5640 3171 5693 Codice
3190 5641 3348 5706 Regio
3364 5645 3573 5694 mutuati
3595 5658 3788 5694 sumus.

2205 5695 2333 5746 Vide
2359 5695 2408 5745 in
2438 5695 2677 5762 llcxa'plis
2700 5701 2900 5751 nostris.

2274 5765 2289 5796 ι
2326 5766 2461 5836 Illud,
2479 5772 2532 5836 et
2553 5779 2585 5815 a
2606 5773 2755 5836 morte
2777 5766 2997 5836 liberabit
3018 5768 3274 5835 Itomntem,
3298 5773 3349 5825 in
3371 5785 3470 5824 uno
3511 5770 3647 5825 Oolb.
3673 5771 3796 5836 lem.

2211 5833 2305 5878 tur.
2330 5827 2420 5877 sed
2442 5828 2521 5879 hic
2541 5830 2777 5894 quadrare
2800 5830 3010 5884 videtur.
3262 5827 3269 5835 ⁷
3501 5862 3505 5866 ι
