4084 6278
634 312 731 366 129

633 424 793 481 εἶναι.
834 427 896 480 '0
919 425 1028 497 γὰρ
1053 423 1258 495 βοηθῶν
1281 422 1358 494 τῷ
1384 418 1731 493 ἐργαζομένῳ
1762 419 1960 489 βοηθεῖ.
1990 419 2063 470 Οὐ
2089 418 2170 470 τοί

636 534 732 572 νυν
776 519 924 588 ἡμᾶς
976 517 1421 570 ἀναπεπτωκέναι
1455 514 1555 580 δεῖ,
1599 513 1734 567 ἀλλά
1776 513 1870 565 καὶ
1923 508 2201 580 ἱκετηρίαν

637 607 930 677 εἰσφέρειν,
974 606 1070 660 καὶ
1119 602 1507 674 ἐλεημοσύνας,
1565 602 1656 654 καὶ
1699 600 1766 652 τά
1819 599 1946 670 παρ’
1993 595 2202 649 ἐαυτῶν

636 700 869 755 ἅπαντα.
909 699 1062 753 Ἐπεὶ
1087 699 1181 753 καὶ
1206 697 1486 768 σύμμαχοι
1514 699 1624 760 τοῖς
1658 693 1950 765 πολεμοῦσι
1981 688 2202 760 βοηθοῦ-

639 811 744 858 σιν,
776 792 897 862 οὐχὶ
932 794 1044 856 τοῖς
1069 790 1488 845 ἀναπεπτωκόσι
1511 791 1604 842 καὶ
1632 788 1910 859 ἀργοῦσιν.
1939 786 2002 838 El
2024 784 2202 837 τοίνυν

637 882 817 952 βούλει
847 884 945 953 τῆς
966 884 1058 936 τοῦ
1081 881 1216 936 Θεοῦ
1246 882 1560 952 συμμαχίας
1590 879 1903 933 ἀπολαύειν.
1937 878 2202 948 μηδέποτε

638 973 706 1027 τὰ
729 972 878 1043 παρά
904 973 1127 1027 σεαυτοῦ
1155 973 1382 1044 προδῷς.
1406 971 1561 1024 Οὕτω
1583 971 1677 1024 καὶ
1703 973 1731 1024 6
1761 969 1881 1023 Ἰὼϐ
1908 968 2201 1039 ἐϐοηθεῖτο,

639 1064 807 1129 ἐστὼς
837 1066 930 1119 καὶ
983 1064 1427 1135 παγκρατιάζων.
1472 1063 1625 1117 Οὕτω
1674 1063 1767 1116 καὶ
1813 1062 1862 1114 οἱ
1897 1059 2201 1123 ἀπόστολοι,

639 1158 849 1227 ἐνεργοὶ
875 1158 1045 1221 ὄντες.
1075 1157 1183 1211 Kal
1229 1155 1655 1210 ἐλπισάτωσαν
1699 1155 1797 1207 ἐπὶ
1828 1153 1903 1206 σὲ
1939 1156 1992 1207 οἱ
2035 1155 2204 1222 γινώ-

639 1263 892 1313 σκοντες
919 1248 983 1300 τὸ
1012 1245 1196 1316 ὄνομά
1233 1261 1371 1300 σου.
1405 1246 1612 1310 ’Λλλος,
1649 1246 1755 1299 Kal
1806 1245 2206 1309 πεποιθήσει)-

640 1353 762 1391 σιν.
790 1338 1035 1407 Συνεχῶς
1056 1339 1211 1391 τοῦτο
1239 1340 1383 1391 ποιεῖ
1408 1340 1435 1391 ὁ
1458 1339 1766 1408 Προφήτης,
1800 1337 1908 1389 ἀπὸ
1935 1336 2099 1406 εὐχῆς
2127 1337 2207 1399 είς

641 1431 958 1499 παραίνεσιν
995 1431 1210 1501 τρέπων
1242 1431 1331 1483 τὸν
1373 1429 1546 1497 λόγον,
1582 1430 1756 1493 κοινὸς
1787 1429 2098 1492 διδάσκαλος
2131 1429 2206 1482 ῶν

638 1521 737 1592 τῆς
769 1523 1113 1594 οἰκουμένης,
1150 1525 1357 1577 καὶτὸν
1380 1524 1651 1594 θησαυρὸν
1685 1525 1763 1585 εἰς
1796 1523 1857 1575 τὸ
1892 1521 2054 1593 μέσον
2075 1539 2208 1591 προ-

638 1615 804 1678 τιθεὶς
835 1616 933 1685 τῆς
965 1616 1299 1684 φιλοσοφίας.
1331 1615 1527 1678 Καλῶς
1550 1611 1724 1676 εἶπεν,
1756 1614 2208 1668 Ἐλπισὰτωσαν

640 1708 694 1758 οἱ
722 1705 1118 1774 γινώσκοντες
1166 1706 1231 1759 τὸ
1255 1703 1441 1774 ὄνομά
1479 1724 1614 1759 σου.
1647 1707 1711 1757 Οἱ
1733 1706 1840 1774 γὰρ
1884 1706 2082 1770 εἰδότες
2124 1723 2203 1767 σε,

643 1798 797 1863 φησὶ,
820 1799 915 1849 καὶ
933 1798 1030 1866 τὴν
1058 1797 1339 1866 ἀντίληψιν
1357 1815 1472 1861 σου,
1493 1799 1585 1850 καὶ
1614 1785 1710 1867 τὴν
1733 1798 2065 1867 συμμαχίαν.
2091 1800 2207 1850 ἰκα-

642 1883 737 1953 νὴν
766 1884 1011 1956 ἄγκυραν
1056 1886 1237 1955 ἔχουσι
1274 1888 1372 1957 τὴν
1412 1888 1600 1941 ἐλπίδα
1636 1889 1729 1959 τὴν
1773 1891 1866 1943 ἐπὶ
1907 1892 1984 1948 σὲ.
2020 1891 2206 1962 ἱκανὴν

644 1978 974 2045 συμμαχίαν,
1011 1980 1103 2031 καὶ
1142 1978 1351 2048 πύργον
1385 1980 1623 2050 ἀρῤαγῆ,
1659 1981 1719 2033 οὐ
1751 1980 1848 2050 τὴν
1872 1980 2024 2033 λύσιν
2050 1982 2205 2051 μόνον

643 2068 1109 2138 ἐπαγγελλόμενον
1149 2070 1257 2122 τῶν
1285 2070 1493 2132 δεινῶν,
1528 2071 1642 2124 ἀλλ’
1673 2072 1795 2125 οὐδὲ
1825 2065 2059 2141 παροῦσι
2098 2075 2207 2135 τοῖς

639 2160 828 2223 δεινοῖς
848 2162 1187 2232 θορυϐεῖσθαι
1212 2164 1610 2233 συγχωροῦντα.
1650 2165 1708 2217 Ὀ
1732 2166 1840 2234 γὰρ
1868 2165 1976 2218 τῶν
2000 2164 2210 2234 ἀνθρω-

641 2250 811 2302 πίνων
843 2250 1277 2321 ἀπηλλαγμένος,
1302 2254 1396 2306 ml
1417 2255 1518 2322 τῆς
1549 2253 1752 2309 ἄνωθεν
1780 2255 1991 2318 ἐλπίδος
2017 2256 2207 2308 ἑαυτὸν

643 2342 920 2411 ἀπαρτῶν,
955 2344 1015 2394 οὐ
1050 2344 1207 2412 μόνον
1251 2344 1508 2415 ταχίστην
1545 2345 1809 2412 ἐπάγεται
1839 2347 1936 2417 τὴν
1962 2347 2204 2399 ἀπαλλα-

644 2432 744 2502 γὴν
776 2432 884 2484 τῶν
912 2433 1117 2497 δεινῶν,
1139 2434 1236 2487 ἀλλ
1264 2435 1371 2487 οὐδ’
1402 2438 1460 2488 ἐν
1495 2437 1675 2500 αὐτοῖς
1703 2439 1814 2497 τοῖς
1841 2438 2030 2502 δεινοῖς
2052 2438 2207 2503 θορυ-

645 2523 816 2576 δεῖται
841 2524 935 2577 καὶ
959 2524 1304 2594 ταράττεται,
1330 2529 1394 2597 τῇ
1416 2527 1587 2580 ἐλπίδι
1612 2529 1707 2599 τῆς
1728 2529 1970 2600 ἀγκύρας
1992 2532 2206 2600 ἐκείνης

646 2614 836 2685 βοηθοῦ
846 2631 1020 2683 μενος.
1058 2614 1212 2668 Οὕτω
1236 2616 1364 2684 γοῦν
1386 2620 1479 2669 καὶ
1507 2620 1555 2669 ol
1580 2621 1731 2689 τρεῖς
1757 2620 1944 2682 παῖδες
1961 2620 2021 2672 οὐ
2048 2620 2206 2690 μόνον

644 2706 1044 2776 ἀπηλλάττοντο
1071 2711 1169 2777 τῆς
1207 2710 1458 2778 καμίνου,
1506 2710 1618 2763 ἀλλ’
1648 2711 1769 2764 οὐδὲ
1800 2712 1857 2763 ἐν
1898 2714 1964 2781 τῇ
1995 2713 2207 2783 καμίνῳ

645 2795 1007 2866 διατρίϐοντες
1052 2798 1424 2866 ἐθορυϐοῦντο.
1478 2800 1733 2870 ’ᾙδεισαν
1772 2801 1880 2871 γὰρ
1924 2801 2023 2871 τὴν
2056 2803 2207 2873 παρά

647 2884 737 2936 τοῦ
766 2885 901 2938 Θεοῦ
935 2888 1269 2958 συμμαχίαν.
1297 2890 1396 2942 Διά
1425 2906 1505 2943 τοι
1536 2888 1692 2943 τοῦτο
1721 2892 1816 2945 καὶ
1842 2892 2027 2962 ἕτερός
2043 2909 2202 2962 φησι·

648 2976 753 3029 Kal
781 2979 1236 3045 πεποιθήσουσι,
1255 2981 1375 3033 ἀντί
1393 2979 1510 3043 τοῦ,
1533 2981 1597 3034 θα
1605 2983 1886 3053 ρῤήσουσι.
1904 2984 2086 3054 nam
2099 2984 2207 3055 γὰρ

650 3066 847 3132 μείζων
878 3069 976 3139 τῆς
1008 3070 1178 3140 ἀρχῆς
1212 3082 1239 3111 ι
1273 3071 1372 3141 τῆς
1401 3072 1508 3124 ἀπὸ
1543 3073 1651 3125 τῶν
1682 3074 1923 3146 θορύϐων
1953 3076 1985 3146 ἡ
2027 3076 2205 3145 ἀσφά-

647 3168 762 3213 Αεια
796 3162 828 3230 ἡ
858 3161 965 3215 ἀπὸ
987 3161 1089 3231 τῆς
1120 3162 1331 3227 ἐλπίδος
1355 3164 1454 3232 τῆς
1480 3166 1558 3228 είς
1580 3166 1669 3218 τὸν
1692 3166 1840 3220 Θεόν.
1879 3167 1959 3220 Τά
1986 3168 2081 3238 μὲν
2100 3169 2207 3241 γὰρ

640 3250 975 3322 ἀνθρώπινα,
1005 3253 1038 3322 ἡ
1068 3253 1123 3305 δὲ
1154 3252 1269 3306 θεία
1304 3256 1397 3307 καὶ
1421 3254 1650 3326 ἄμαχος.
1688 3257 1904 3329 Ἐπειδὴ
1938 3256 2106 3324 εἶπεν,
2127 3261 2208 3314 ὅτι

650 3342 864 3410 ἐγένετο
903 3343 1111 3413 βοηθὸς.
1145 3345 1225 3399 ὅτι
1265 3345 1478 3413 ἐγένετο
1511 3348 1821 3418 καταφυγὴ,
1850 3349 2087 3403 δείκνυσι
2115 3352 2209 3404 καὶ

648 3433 764 3498 πῶς
791 3433 1017 3501 γίνεται.
1052 3436 1173 3499 Πῶς
1218 3434 1311 3491 οῦν
1360 3441 1599 3507 γίνεταις
1635 3439 1801 3494 Ὅταν
1848 3442 2094 3513 μένωμεν
2133 3444 2211 3495 δι-

650 3525 857 3596 ηνεκῶς
884 3529 963 3589 είς
990 3528 1151 3581 αὐτὸν
1190 3529 1518 3594 ἐλπίζοντες.
1553 3532 1616 3585 Εἰ
1646 3531 1703 3585 δὲ
1749 3532 1822 3604 μὴ
1863 3534 2063 3597 εὐθέως
2094 3536 2211 3589 λύει

647 3618 716 3672 τὰ
753 3618 920 3675 δεινὰ.
957 3620 1232 3674 καὶτοῦτο
1264 3621 1404 3693 ὑπὲρ
1447 3622 1546 3691 τῆς
1588 3624 1685 3693 σῆς
1712 3624 1919 3692 γίνεται
1963 3627 2208 3698 δοκιμῆς.

651 3709 860 3779 Ὥσπερ
881 3708 988 3779 γάρ
1012 3709 1304 3781 δυνάμενος
1333 3714 1406 3784 μὴ
1433 3716 1650 3783 ἀφεῖναι
1680 3716 1944 3780 ἐπελθεῖν,
1968 3718 2210 3788 ἀφίησιν,

650 3799 736 3851 ἵνα
772 3801 1120 3871 στεῤῥότερον
1153 3803 1482 3873 ἐργάζηται·
1516 3805 1657 3859 οὕτω
1688 3807 1781 3860 καὶ
1818 3808 2107 3879 δυνάμενος
2150 3811 2214 3863 ἐκ

649 3890 949 3962 προοιμίων
968 3891 1148 3955 λῦσαι,
1173 3894 1353 3964 μέλλει
1388 3894 1479 3949 καὶ
1503 3896 1864 3951 ἀναϐάλλεται
1894 3901 2072 3960 πάλιν,
2098 3903 2217 3954 ἐπι-

647 3985 837 4037 τείνων
871 4000 962 4035 σου
990 3983 1087 4055 τὴν
1112 3986 1373 4049 εὐτονίαν,
1421 3988 1516 4040 καὶ
1555 3987 1653 4060 τὴν
1687 3989 1874 4043 ἐλπίδα
1902 3991 2213 4061 γυμνάζων,

650 4079 742 4131 καὶ
774 4080 871 4150 τὴν
921 4080 1056 4150 πρὸς
1090 4079 1250 4133 αὐτὸν
1290 4080 1526 4132 διάθεσιν
1574 4081 1992 4151 σπουδαιοτέραν
2026 4084 2212 4146 ποιῶν,

650 4170 743 4223 καὶ
769 4168 891 4224 οὕτε
921 4172 1007 4225 ἀεὶ
1036 4171 1313 4224 θλίϐεσθαι
1348 4175 1638 4242 συγχωρεῖ.
1670 4174 1758 4225 ἵνα
1801 4173 1875 4244 μὴ
1919 4174 2213 4243 ἀποκάμω-

655 4278 772 4329 μεν,
804 4261 924 4316 οὕτε
947 4264 1032 4316 ἀεὶ
1050 4264 1317 4327 ἀνίεσθαι,
1338 4265 1423 4317 ἵνα
1453 4265 1525 4335 μὴ
1555 4265 1933 4336 ἀναπέσωμεν.
1953 4267 2082 4318 ’Ὁτι
2105 4268 2216 4320 οὐκ

648 4353 1030 4420 ἐγκατέλιπες
1058 4356 1201 4420 τοὺς
1232 4356 1623 4423 ἐκζητοῦντάς
1651 4370 1747 4421 σε,
1774 4358 1967 4425 Κύριε.
2005 4357 2216 4420 Ἀλλος,

657 4446 738 4497 Οὐ
758 4444 868 4513 γὰρ
882 4445 1282 4513 ἐγκατέλιπες.
1303 4447 1459 4499 Οὕτω
1475 4448 1566 4500 καὶ
1580 4447 1762 4518 ἕτερός
1783 4464 1965 4519 φησιν,
1996 4448 2220 4517 Ἐμϐλέ-

651 4537 806 4601 ψατε
821 4536 908 4598 εις
924 4536 1177 4602 ἀρχαίας
1196 4536 1406 4604 γενεὰς
1426 4538 1522 4590 καὶ
1543 4538 1719 4599 ἴδετε,
1735 4539 1826 4602 τίς
1846 4538 2108 4605 ἤλπισεν
2121 4540 2220 4593 ἐπὶ

653 4627 892 4692 Κύριον,
915 4626 1013 4679 καὶ
1034 4628 1422 4696 κατῃσχύνθη
1443 4645 1462 4693 ;
1487 4629 1525 4695 ἢ
1551 4630 1641 4694 τίς
1673 4630 2081 4684 ἐπεκαλέσατο
2112 4633 2220 4685 αὺ-

656 4718 780 4780 τὸν,
811 4716 904 4771 καί
952 4718 1340 4787 ἐγκατέλιπεν
1373 4720 1588 4783 αὐτόν;
1630 4721 1737 4773 Καὶ
1772 4721 1888 4782 πῶς
1920 4721 2157 4789 ζητεῖται
2197 4724 2223 4775 6

654 4806 805 4873 Θεὸς,
825 4806 975 4879 [109]
1014 4809 1196 4877 φησὶν,
1216 4810 1244 4860 6
1263 4807 1534 4878 πανταχοῦ
1552 4808 1653 4873 (av;
1685 4810 1894 4880 Σπουδῇ
1914 4792 2008 4863 κάι
2025 4811 2225 4881 προθυ-

659 4901 779 4972 μίᾳ.
793 4900 886 4953 καὶ
903 4899 1114 4954 ἀπαλλα
1125 4902 1188 4970 γῇ
1211 4899 1319 4952 τῶν
1338 4898 1602 4970 βιωτικῶν
1619 4901 1889 4955 ἁπάντων.
1923 4889 2097 4955 [iam
2117 4904 2226 4974 γάρ

655 4992 762 5066 πρὸ
785 4993 1075 5063 ὀφθαλμῶν
1103 4993 1198 5046 καὶ
1221 4995 1277 5045 ἐν
1314 4993 1499 5062 χερσὶν
1527 4974 1739 5062 ἔχοντες
1767 4993 1865 5045 οὐκ
1887 4993 2064 5063 ἴσμεν,
2092 4994 2225 5048 ἀ)λά

655 5083 1055 5157 περιερχόμεθα
1087 5083 1374 5152 ζητοῦντες
1413 5083 1672 5147 πολλάκις
1703 5083 1737 5137 ἀ
1763 5086 2226 5156 κατέχομεν,ὃταν

655 5177 793 5248 πρὸς
827 5175 1011 5245 ἕτερον
1048 5176 1080 5244 ἡ
1109 5174 1312 5227 διάνοια
1339 5176 1684 5246 τετραμμένη

728 5268 806 5333 ς’.
845 5267 967 5330 Πῶς
993 5261 1087 5319 οῦν
1107 5266 1222 5318 ἔστι
1245 5266 1429 5336 ζητεῖν
1454 5268 1545 5319 τὸν
1576 5268 1743 5333 Θεόνς
1788 5269 1955 5321 Ὅταν
1986 5268 2101 5320 ἐκεῖ
2129 5268 2226 5338 τὴν

654 5359 889 5412 διάνοιαν
920 5358 1300 5428 συντείνωμεν,
1324 5359 1452 5411 ὅταν
1478 5359 1585 5410 τῶν
1621 5358 1885 5429 βιωτικῶν
1907 5359 2229 5427 ἀπαλλαγῶ-

660 5466 773 5517 μεν.
823 5451 928 5501 Kal
956 5451 1064 5520 γὰρ
1103 5454 1131 5503 6
1165 5449 1362 5519 ζητῶν,
1395 5451 1570 5503 πάντα
1622 5450 1864 5504 ἐκϐαλὼν
1896 5451 1996 5511 τῦς
2025 5449 2225 5520 ψυχῆς,

718 5625 1019 5692 “inlgrpros
1043 5628 1119 5673 hic
1154 5635 1388 5687 verterat,
1425 5630 1586 5691 ἀρχῆς.
1619 5626 1872 5692 ργὶηεοέρῖο,
1896 5628 1982 5673 sm!
2030 5626 2228 5690 inmerio

660 5686 945 5733 vertendum
970 5694 1101 5747 puti).

1300 303 1655 365 SJOANNIS
1691 296 2176 357 CIIRYSOSTOMI
2214 296 2527 357 -'xRCHlEP.
2566 304 3110 365 CONSTANTINOP.

3756 314 3845 369 Ιζθ

2303 424 2438 494 πρὸς
2466 426 2639 479 ἐκεῖνο
2685 423 2743 475 τὸ
2787 427 3108 497 ζητούμενον
3137 425 3373 497 ἔρχεται.
3403 424 3514 478 Καὶ
3545 425 3642 495 οὐχ
3682 424 3850 493 ἁπλῶς

2303 515 2482 586 ζητεῖν
2507 518 2631 587 χρὴ,
2649 517 2782 570 ἀλλά
2811 517 2904 570 καὶ
2930 518 3197 587 ἐκζητεῖν.
3230 518 3286 569 '0
3311 516 3556 587 ἐκζητῶν
3579 517 3677 570 οὐκ
3704 518 3850 582 αὐτὸς

2303 606 2454 674 ζητεῖ
2503 607 2682 676 μόνον,
2733 607 2868 660 ἀλλά
2918 608 3011 662 καὶ
3052 607 3270 675 ἐτέρους
3308 606 3573 675 λαμϐάνει
3620 605 3849 676 βοηθοὺς,

2303 698 2443 751 ῶστε
2470 701 2649 769 εὑρεῖν
2677 699 2737 751 τὸ
2764 699 2924 769 ζητού
2931 716 3109 768 μενον.
3148 699 3285 752 Ἀλλ’
3315 700 3405 751 ἐπὶ
3430 698 3526 768 μὲν
3548 697 3652 750 τῶν
3681 697 3851 767 βιωτι-

2303 785 2413 837 κῶν
2439 787 2696 850 πολλάκις
2728 787 3080 858 ζητήσαντες,
3112 786 3210 856 οὐχ
3255 785 3517 857 εὕρομεν·
3547 787 3639 838 ἐπὶ
3673 786 3730 839 δέ
3754 786 3854 840 τῶν

2305 878 2686 948 πνευματικῶν
2714 880 2813 932 οὐκ
2852 880 2928 933 ἐνι
2972 880 3149 941 τοῦτο,
3185 879 3319 932 ἀλλά
3353 879 3563 949 ἀνάγκη
3601 881 3744 932 πᾶσα
3773 878 3855 932 τὸν

2305 970 2567 1039 ζητοῦντα
2606 972 2802 1042 εὐρεῖν.
2837 974 2934 1024 Ἂν
2979 971 3087 1042 γὰρ
3130 971 3431 1041 ἐξέλθωμεν
3477 971 3636 1041 μόνον
3680 974 3767 1024 ἐπὶ
3803 973 3858 1024 τὸ

2304 1060 2555 1135 ζητῆσαι,
2586 1063 2683 1120 οὐκ
2713 1063 2935 1134 ἀφίησιν
2960 1064 3108 1133 ἡμᾶς
3135 1062 3303 1116 πολλά
3339 1061 3634 1115 κόπτεσθαι
3658 1065 3687 1116 6
3716 1062 3857 1126 Θεός·

2303 1158 2390 1211 διὰ
2418 1156 2576 1209 τοῦτο
2605 1155 2751 1223 λέγει
2769 1172 2782 1185 ·
2820 1153 2943 1220 Πᾶς
2958 1158 2990 1208 ό
3012 1153 3204 1223 ζητῶν
3221 1154 3507 1222 εὑρίσκει.
3538 1152 3768 1207 Ψάιιατε
3786 1152 3860 1217 τῷ

2305 1251 2499 1318 Κυρίῳ
2520 1248 2600 1313 τῷ
2616 1249 2988 1302 κατοικοῦντι
3003 1249 3072 1300 ἑν
3086 1248 3256 1301 Σιών.
3284 1246 3495 1309 Ἀλλος.
3516 1244 3598 1310 Τῷ
3618 1247 3861 1320 καθημέ-

2305 1359 2403 1405 νῳ.
2450 1341 2854 1410 Ἀναγγείλιιτε
2880 1341 2949 1393 ἐν
2976 1340 3099 1406 τοῖς
3113 1340 3315 1393 ἔθνεσι
3348 1337 3420 1392 τὰ
3440 1336 3862 1405 ἐπιτηδεύματα

2304 1434 2510 1488 αὑτοῦ.
2530 1435 2720 1497 Ἀλλος
2739 1434 2921 1504 φησὶν,
2955 1434 3050 1486 Ἐν
3064 1431 3186 1498 τοῖς
3203 1430 3373 1497 λαοῖς
3391 1430 3464 1484 τὰ
3472 1429 3864 1499 μηχανήματα

2305 1524 2510 1579 αὑτοῦ.
2541 1525 2605 1576 Τί
2630 1525 2837 1592 λέγεις;
2865 1519 2939 1578 Οὕ
2967 1525 2995 1577 ὁ
3018 1523 3245 1594 οὐρανὸς
3263 1521 3448 1592 θρόνος
3466 1522 3556 1574 καὶ
3575 1523 3610 1591 ἡ
3640 1520 3715 1589 γῆ
3739 1520 3862 1572 ὐπο-

2306 1617 2507 1678 πόδιον,
2540 1608 2600 1669 οῦ
2634 1616 2691 1668 ἐν
2731 1618 2794 1686 τῇ
2823 1616 2965 1685 χειρὶ
3002 1616 3071 1669 τά
3106 1615 3315 1686 πέρατα
3346 1615 3447 1682 τῆς
3473 1612 3595 1682 γῆς,
3630 1605 3783 1674 οὗτος
3809 1613 3862 1665 ἐν

2306 1707 2441 1761 Σιὼν
2485 1709 2652 1769 οἰκεῖς
2702 1707 2835 1758 Ναί·
2885 1707 3093 1775 οἴκησιν
3122 1707 3226 1775 γὰρ
3258 1703 3488 1757 ἐνταῦθα
3528 1704 3586 1755 οὐ
3616 1701 3678 1754 τὸ
3718 1717 3862 1772 περι-

2309 1799 2578 1855 κλείεσθαι
2600 1799 2745 1867 λέγει
2763 1800 3083 1871 (ἀπέραντος
3100 1798 3169 1868 γά
3177 1816 3207 1870 ρ
3224 1796 3435 1866 αὐτοῦὴ
3468 1793 3861 1866 μεγαλωσύνη).

2306 1891 2442 1943 ἀλλὰ
2494 1890 2592 1960 τὴν
2644 1890 2950 1957 οἰκειότητα
3000 1889 3098 1958 τὴν
3152 1890 3288 1959 πρὸς
3318 1890 3409 1942 τὸν
3442 1889 3623 1948 τόπον,
3674 1887 3765 1940 καὶ
3809 1886 3863 1938 τὺ

2305 1978 2520 2039 οἰκείως
2553 1976 2693 2046 ἔχειν
2723 1976 2858 2045 πρὸς
2892 1976 3075 2039 αὐτὸν,
3103 1976 3190 2030 διὰ
3217 1977 3276 2029 τὸ
3304 1978 3427 2040 τοὺς
3466 1976 3750 2038 Ἰουδαίους
3784 1972 3860 2026 διὰ

2305 2068 2403 2136 τῆς
2445 2068 2900 2136 συγκαταϐάσεως
2924 2067 3124 2136 ταύτης
3153 2068 3289 2137 πρὸς
3320 2068 3480 2121 αὐτὸν
3504 2064 3860 2120 ἐπισπᾶσθαι·

2306 2161 2428 2212 ἐπεὶ
2449 2162 2541 2214 καὶ
2568 2160 2713 2214 οἰκία
2740 2161 2828 2214 διὰ
2857 2160 3013 2213 τοῦτο
3040 2160 3255 2229 λέγεται
3279 2162 3363 2229 ἐφ’
3395 2160 3575 2231 ἡμῶν,
3596 2160 3686 2213 διὰ
3714 2158 3773 2212 τὸ
3800 2157 3870 2211 oi-

2307 2254 2472 2317 κείως
2507 2254 2659 2324 ἡμᾶς
2684 2253 2827 2323 ἔχειν
2853 2253 2990 2324 πρὸς
3014 2254 3202 2322 αὐτήν.
3234 2254 3344 2305 Kal
3380 2254 3437 2304 ἐν
3466 2253 3596 2322 ἡμῖν
3621 2252 3681 2304 δὲ
3713 2252 3873 2303 οἰκεῖν

2304 2346 2541 2414 λέγεται,
2559 2346 2620 2398 οὐ
2653 2348 3036 2417 περιεχόμενος
3068 2347 3152 2413 ὑφ’
3185 2345 3358 2414 ὴμῶν,
3378 2344 3492 2397 ἀλλ’
3515 2344 3732 2404 οἰκείως
3746 2341 3876 2414 πρὸς

2310 2440 2456 2507 ἡμᾶς
2499 2437 2656 2508 ἔχων.
2708 2437 2846 2490 Σιὼν
2876 2439 2932 2490 δὲ
2976 2438 3116 2491 κατά
3164 2435 3454 2507 ἀναγωγὴν
3499 2437 3534 2505 ἡ
3587 2432 3877 2503 Ἐκκλησία

2304 2532 2539 2599 λέγεται.
2558 2532 3057 2596 Προσεληλύθατε
3070 2528 3182 2598 γὰρ
3194 2529 3313 2597 ὄρει
3333 2527 3503 2589 Σιὼν,
3518 2524 3617 2578 καὶ
3642 2525 3888 2587 Ἐκκλη-

2305 2625 2412 2691 ala
2435 2624 2840 2691 πρωτοτόκων.
2862 2622 2967 2675 Kal
2987 2623 3209 2683 εἰκότως
3232 2621 3357 2690 ὅρος
3384 2620 3418 2688 ἡ
3459 2614 3776 2685 Ἐκκλησία,
3796 2612 3877 2665 διά

2304 2718 2366 2769 τὸ
2403 2716 2638 2784 βέϐαιον,
2660 2715 2753 2766 καὶ
2784 2713 2998 2779 πάγιον,
3041 2712 3134 2765 καὶ
3172 2713 3438 2765 ἄσειστον.
3481 2706 3748 2775 Καθάπερ
3779 2703 3882 2774 γὰρ

2305 2809 2430 2881 ὅρος
2473 2805 2729 2860 σαλεῦσαι
2759 2806 2819 2858 οὐ
2848 2804 3091 2868 δυνατὸν,
3125 2803 3294 2866 οὕτως
3326 2801 3446 2855 οὐδὲ
3487 2798 3581 2851 τοῦ
3620 2795 3761 2852 Θεοῦ
3791 2792 3883 2864 τὴν

2322 2897 2667 2967 Ἐκκλησίαν.
2706 2895 3119 2964 Ἀναγγείλατε
3134 2893 3203 2946 ἐν
3225 2891 3350 2955 τοῖς
3369 2890 3572 2944 ἔθνεσι
3595 2887 3669 2940 τὰ
3689 2886 3888 2951 ἐπιτη-

2306 2989 2569 3057 δεύματα
2584 2987 2790 3040 αὐτοῦ.
2817 2987 3075 3056 Κήρυκας
3097 2980 3234 3035 εἶναι
3263 2980 3511 3051 βούλεται
3531 2977 3637 3030 τῶν
3663 2975 3885 3041 εὐεργε-

2316 3081 2444 3134 σιῶν
2467 3080 2560 3134 τοῦ
2591 3079 2746 3141 Θεοῦ,
2767 3078 2862 3131 καὶ
2885 3076 3150 3147 μηδέποτε
3175 3073 3339 3127 αὐτοῦ
3361 3069 3769 3139 κατακρύπτειν
3790 3062 3887 3124 τὰς

2315 3171 2653 3242 εὐεργεσίας.
2680 3170 2791 3222 Καὶ
2807 3169 2963 3221 τοῦτο
2991 3165 3264 3237 πανταχοῦ
3287 3165 3459 3235 ζητεῖ,
3474 3162 3562 3216 διά
3580 3179 3640 3215 τε
3657 3161 3787 3222 τοὺς
3804 3153 3893 3209 λέ-

2310 3280 2525 3331 γοντας,
2555 3261 2643 3314 διά
2671 3278 2730 3313 τε
2756 3262 2881 3323 τοὺς
2906 3259 3221 3320 ἀκούοντας.
3260 3258 3370 3311 Καὶ
3412 3257 3520 3329 γὰρ
3560 3256 3657 3309 καὶ
3681 3253 3891 3309 τούτοις

2310 3353 2518 3424 κέρδος,
2546 3352 2838 3415 κάκείνοις,
2880 3350 2975 3403 ἐὰν
3008 3340 3365 3421 προσέχῶσιν.
3407 3350 3537 3401 Ὀτι
3568 3349 3601 3400 ό
3630 3342 3892 3413 ὲκζὴτῶν

2309 3444 2382 3497 τὰ
2412 3444 2631 3507 αἵματα
2657 3441 2854 3495 αὐτῶν
2875 3440 3168 3511 ἐμνήσθη.
3199 3435 3354 3502 Εἶδες
3384 3437 3454 3491 τὰ
3481 3437 3892 3507 ἐπιτηδεύματα

2312 3538 2438 3589 ποῖα
2467 3535 2610 3602 λέγει
2630 3553 2643 3597 ;
2662 3535 2771 3598 Τάς
2788 3534 3120 3602 εὐεργεσίας.
3158 3531 3421 3585 Ἐνταῦθα
3437 3532 3532 3583 καὶ
3558 3530 3705 3600 μέγα
3727 3547 3779 3582 τι
3812 3529 3892 3580 αἰ-

2311 3627 2543 3680 νίττεται
2561 3626 2736 3696 δόγμα
2752 3642 2764 3655 °
2782 3627 2863 3678 ὅτι
2877 3625 2974 3677 οὐκ
2991 3624 3104 3676 ἐστι
3122 3624 3278 3692 φόνος
3294 3622 3600 3692 ἀτιμωρητὶ
3615 3618 3897 3691 τολμῶμε·

2312 3729 2421 3777 νος,
2440 3712 2553 3765 ἀλλ’
2568 3712 2861 3765 ἐκδικεῖται
2890 3712 3106 3775 πάντως
3124 3729 3138 3743 ο
3158 3711 3184 3764 ὃ
3203 3711 3297 3763 καλ⁸
3324 3711 3381 3762 ἐν
3401 3712 3466 3779 τῇ
3492 3708 3712 3761 Γενέσει
3730 3707 3866 3761 Mm?)
3879 3732 3895 3745 -

2316 3802 2412 3870 σῆς
2427 3800 2482 3852 δε
2492 3800 2685 3857 ίκνυσι,
2705 3799 2878 3866 λέγων
2897 3817 2910 3830 ·
2938 3798 3005 3852 Τὸ
3027 3794 3169 3866 αἷμα
3189 3796 3356 3866 ὑμῶν
3370 3794 3697 3863 ἐκζητήσω.
3724 3791 3898 3847 Τοῦτο

2314 3887 2415 3956 τῆς
2441 3885 2666 3956 ἀπείρου
2695 3886 2947 3956 προνοίας
2971 3885 3186 3955 δεῖγμα,
3214 3884 3312 3954 τῆς
3338 3881 3710 3951 ἐκτεταμένης
3729 3878 3895 3934 αὐτοῦ

2315 3974 2658 4044 κηδεμονίας.
2678 3974 2742 4025 El
2768 3973 2823 4024 δὲ
2859 3973 2929 4042 μὴ
2957 3972 3096 4025 κατά
3126 3972 3291 4034 πόδας
3317 3970 3554 4041 ἐκζητεῖ,
3576 3968 3653 4040 μὴ
3680 3965 3900 4036 θαυμά-

2318 4061 2418 4133 ζῃς
2433 4078 2447 4091 ο
2466 4061 2648 4113 δίδωσι
2664 4060 2771 4130 γὰρ
2791 4062 2900 4122 τοῖς
2918 4059 3284 4130 ἁμαρτάνουσι
3309 4058 3594 4127 μετανοίας
3609 4055 3895 4127 ἀφορμήν.

2312 4151 2433 4202 Οὐκ
2452 4149 2774 4203 ἐπελάθετο
2790 4146 2897 4213 τῆς
2916 4147 3183 4216 κραυγῆς
3197 4145 3313 4201 τῶν
3329 4146 3619 4211 πενήτων.
3636 4147 3788 4217 Ὅρα
3803 4146 3902 4200 πά·

2316 4236 2399 4286 λιν
2424 4237 2550 4299 τοὺς
2571 4236 2808 4304 πένητας
2847 4235 3283 4304 εὐδοκιμοῦντας.
3316 4236 3426 4305 Οὐχ
3459 4235 3646 4298 ἁπλῶς
3666 4235 3728 4289 δὲ
3750 4234 3898 4302 λέγει

2321 4322 2466 4394 [105]
2498 4325 2623 4387 τοὺς
2650 4323 2906 4393 πένητας,
2943 4324 3057 4378 ἀλλ’
3099 4324 3338 4386 ἐκείνους
3367 4325 3493 4387 τοὺς
3523 4325 3781 4395 πτωχοὺς
3820 4319 3898 4389 τῷ

2320 4410 2607 4480 πνεύματι,
2634 4411 2814 4476 καθὼς
2833 4415 2861 4466 6
2882 4412 3112 4482 Χριστός
3128 4428 3311 4480 φησιν.
3345 4403 3507 4465 Οὗτοι
3528 4412 3635 4482 γὰρ
3660 4409 3902 4479 μάλιστα

2320 4500 2606 4554 ἀκούονται
2634 4501 2934 4570 εὐχόμενοι,
2959 4502 3006 4553 οί
3039 4502 3281 4553 ταπεινοὶ
3311 4503 3376 4570 τῇ
3412 4499 3631 4572 καρδία,
3650 4500 3753 4553 καὶ
3778 4514 3902 4552 συν-

2321 4588 2688 4659 τετριμμένοι.
2717 4589 2820 4640 Δύο
2857 4589 2913 4641 δὲ
2949 4588 3183 4641 ἐνταῦθα
3208 4588 3410 4656 τίθησι,
3452 4589 3545 4640 καὶ
3586 4587 3781 4658 εὐχὴν,
3809 4584 3905 4638 καὶ

2320 4675 2835 4746 ταπεινοφροσύνην.
2883 4674 3014 4729 Ἐπί
3046 4675 3180 4727 τίνα
3214 4676 3323 4745 γὰρ
3354 4673 3679 4742 ἐπιϐλέψω,
3711 4673 3904 4742 φησὶν.

2322 4763 2459 4818 ἀλλ’
2488 4764 2526 4831 ἢ
2560 4762 2657 4816 ἐπὶ
2686 4762 2792 4815 τὸν
2814 4762 3095 4815 ταπεινὸν
3116 4763 3166 4824 b,
3193 4762 3289 4814 καὶ
3324 4763 3606 4831 ἡσύχιον,
3639 4761 3745 4814 καὶ
3780 4760 3911 4827 τρέ-

2318 4851 2511 4919 μοντά
2525 4868 2643 4920 μου
2665 4851 2804 4915 τοὺς
2830 4852 3080 4917 λόγουςς
3097 4851 3206 4903 Καὶ
3234 4849 3505 4919 πανταχοῦ
3529 4849 3626 4918 δχη
3635 4866 3717 4918 μα
3738 4846 3911 4915 εὐχῆς

2324 4937 2632 5009 εὑρίσκεται
2654 4935 3140 5006 ταπεινοφροσύνη.
3178 4937 3374 5004 Ἐγγὺς
3414 4934 3521 5005 γὰρ
3545 4934 3758 5004 Κύριος
3793 4934 3909 4994 τοῖς

2328 5024 2800 5095 συντετριμμένοις
2834 5026 2898 5092 τῇ
2929 5024 3146 5095 καρδία.
3173 5024 3334 5076 Ὥστε
3359 5020 3666 5092 φλεγμονῆς
3693 5020 3783 5073 δεῖ
3807 5018 3912 5089 μά-

2325 5110 2479 5163 λιστα
2496 5109 2837 5180 ἀπηλλάχθαι
2856 5110 2947 5163 τὸν
2961 5111 3271 5180 εὐχόμενον.
3291 5109 3321 5161 ὃ
3363 5109 3457 5161 καὶ
3480 5106 3689 5168 Παῦλος
3723 5106 3909 5174 ζητεῖ,

2325 5197 2522 5264 λέγων’
2549 5197 2733 5265 Χωρίς
2756 5195 2936 5264 ὀργῆς
2961 5197 3058 5250 καί
3078 5195 3489 5265 διαλογισμοῦ.
3522 5193 3722 5255 Καλῶς
3759 5187 3913 5255 εἷπε,

2333 5284 2447 5353 Τῆς
2469 5283 2735 5353 κραυγῆς
2752 5282 2870 5337 τῶν
2893 5285 3186 5353 πενήτων,
3205 5282 3447 5353 κραυγὴν
3470 5281 3643 5349 λέγων
3661 5279 3772 5349 τὴν
3797 5278 3916 5331 διά-

2328 5371 2473 5425 θεσιν
2504 5373 2601 5441 τῆς
2645 5370 2899 5432 διανοίας,
2940 5372 3000 5423 οὐ
3028 5371 3119 5423 τὸν
3148 5370 3298 5422 τόνον
3332 5370 3430 5439 τῆς
3466 5367 3675 5438 φωνῆς·
3728 5366 3817 5436 τῷ
3857 5365 3917 5419 δὲ

2328 5460 2520 5523 εἰπεῖν,
2556 5460 2675 5511 Οὐκ
2701 5458 3045 5521 ἐπελάθετο,
3079 5456 3340 5528 ἐδήλωσεν
3382 5457 3464 5510 δτι
3505 5451 3752 5522 συνεχῶς
3780 5451 3917 5505 ἐκά-

2392 5634 2417 5671 ιι
2442 5633 2571 5696 (ἶοιὴ.
2611 5634 2714 5696 ᾁλλ’
2754 5635 2783 5689 ἢ
2811 5635 2885 5681 ἐπὶ
2926 5634 3006 5679 τὸν
3047 5639 3210 5696 πρᾶον.
3262 5634 3433 5681 Lectio
3457 5631 3577 5680 editi
3620 5640 3777 5688 supra
3806 5638 3923 5672 cum

2332 5703 2471 5743 leuu
2500 5694 2682 5743 Biblico
2702 5703 2949 5743 consonum.
