4084 6278
259 349 355 402 129

251 463 481 533 operari.
511 459 609 528 Qui
632 460 772 514 enim
806 459 905 514 fert
928 463 1202 527 auxilium,
1236 463 1282 515 ei
1316 463 1415 515 fert
1444 464 1531 532 qui
1560 473 1828 532 Operatur.

251 554 362 609 Non
389 561 599 622 oportet
624 568 750 622 ergo
767 553 962 605 otiosos
991 569 1130 619 esse,
1165 564 1217 606 et
1242 557 1418 608 animo
1447 554 1701 616 deiicere,
1732 557 1829 609 Sed

249 655 302 699 ct
342 655 529 713 preces
565 640 756 697 afferre
786 683 801 705 ,
832 653 882 697 et
923 644 1313 715 eleemosynas.
1342 653 1398 698 et
1436 646 1610 698 omnia
1643 662 1763 714 qua:
1800 664 1828 698 a

251 737 401 790 nobis
439 735 570 804 ipsis
613 731 790 788 offerri
821 744 1061 803 possunt.
1109 734 1207 802 Qui
1242 737 1383 789 enim
1428 736 1479 791 in
1518 736 1657 790 bello
1702 737 1832 789 socii

248 838 387 893 sunt,
421 827 488 883 iis
516 827 601 896 qui
634 834 869 897 pugnant
891 842 1045 895 opem
1085 825 1279 891 ferunt,
1314 841 1416 880 non
1448 826 1510 880 iis
1538 827 1623 895 qui
1653 827 1830 880 animo

248 919 536 984 deficiunt,
565 927 620 972 et
661 933 720 973 se
756 917 959 972 dedunt
1002 917 1132 971 otio.
1167 916 1221 972 Si
1259 918 1336 971 vis
1379 932 1505 986 ergo
1538 917 1628 970 Dt-i
1673 934 1826 986 opem

248 1011 453 1081 assequi
489 1052 505 1077 ,
560 1024 844 1079 numquam
895 1024 1011 1078 quae
1061 1017 1147 1061 tua
1209 1007 1694 1080 suut,prodideris.
1754 1008 1825 1061 Ita

250 1103 341 1159 Job
365 1103 531 1158 latum
568 1110 652 1157 est
672 1101 924 1156 auxilium
947 1140 963 1167 ,
995 1099 1153 1154 stanti
1191 1112 1243 1154 et
1272 1100 1474 1153 fortiter
1513 1099 1777 1153 dimicanti
1810 1118 1823 1155 :

250 1196 315 1250 ita
369 1195 533 1250 etiam
579 1192 834 1262 apostolis
866 1233 881 1260 ,
940 1190 1161 1262 pulchre
1207 1191 1585 1246 laborantibus.
1633 1192 1720 1246 li.
1758 1190 1825 1243 Et

243 1293 440 1355 sperent
488 1284 541 1338 in
600 1293 647 1337 te
699 1284 785 1354 qui
824 1291 1064 1336 noverunt
1106 1298 1286 1334 nomen
1326 1291 1485 1334 tuum.
1541 1281 1719 1343 Alius,
1758 1278 1825 1333 Et

241 1379 515 1446 conﬁdent.
562 1373 827 1445 Propheta
875 1374 976 1429 hoc
1023 1374 1145 1427 facit
1191 1373 1481 1437 assidue,a
1524 1373 1824 1442 precatione

236 1471 304 1525 ad
354 1468 778 1525 exhortationem
834 1476 1150 1522 convertens
1216 1480 1514 1521 sermonem
1557 1506 1573 1530 ,
1619 1474 1675 1517 ut
1734 1467 1819 1534 qui

234 1565 307 1618 sit
353 1562 651 1618 communis
701 1559 887 1617 doctor
937 1558 1081 1614 orbis
1135 1568 1431 1620 terrarum,
1484 1566 1537 1610 et
1584 1555 1819 1625 philoso-

235 1655 378 1722 phia:
418 1652 721 1708 thesaurum
754 1665 1055 1721 proponens
1104 1652 1155 1703 in
1202 1648 1452 1702 medium.
1485 1647 1712 1702 Pulchre
1741 1648 1821 1701 di-

233 1748 315 1802 xit
359 1746 617 1815 :Sperent
655 1745 707 1797 in
737 1754 782 1797 te
818 1744 903 1813 qui
942 1752 1182 1796 noverunt
1216 1758 1396 1794 nomen
1433 1752 1595 1793 tuum.
1633 1741 1730 1808 Qui
1768 1750 1819 1794 te

226 1845 540 1903 noverunt,
582 1835 782 1904 inquit,
815 1840 868 1887 et
891 1833 1140 1886 auxilium
1170 1840 1223 1885 et
1251 1830 1609 1885 defensionem
1638 1840 1777 1884 tuam
1799 1871 1816 1899 ,

230 1908 475 1983 validam
508 1927 703 1982 habent
743 1940 1022 1989 ancoram,
1055 1940 1203 1994 spem
1232 1938 1389 1992 quam
1422 1924 1472 1977 in
1505 1933 1554 1977 te
1582 1924 1811 1986 habent,

228 2020 465 2074 validum
495 2019 795 2081 auxilium,
828 2025 881 2071 et
937 2016 1121 2069 turrim
1171 2013 1480 2079 infractam,
1527 2030 1647 2069 eum
1672 2057 1686 2080 ,
1725 2016 1815 2084 qui

227 2126 338 2165 non
382 2109 552 2164 solum
586 2108 863 2179 pollicetur
901 2107 1266 2161 liberationem
1309 2120 1339 2158 a
1386 2104 1573 2170 malis,
1615 2105 1709 2159 sed
1748 2121 1819 2159 ne

223 2202 585 2275 prmsentibus
604 2198 813 2271 quidem
849 2194 1244 2254 difficultatibus
1279 2197 1573 2267 perturbari
1594 2199 1814 2267 permit-

222 2294 311 2348 tit.
337 2293 438 2360 Qui
465 2292 604 2345 enim
632 2300 713 2345 est
749 2286 1004 2345 liberatus
1030 2290 1096 2343 ab
1135 2287 1380 2341 humanis
1407 2329 1422 2351 ,
1451 2296 1504 2342 et
1528 2303 1559 2342 a
1583 2302 1810 2357 superna

218 2399 324 2453 spe
352 2381 643 2454 dependet,
679 2394 783 2435 non
815 2380 987 2434 solum
1018 2377 1266 2433 adsciscit
1292 2378 1392 2433 sibi
1421 2379 1751 2434 celerrimum
1781 2396 1809 2431 a

221 2472 385 2528 malis
406 2473 806 2535 liberationem;
834 2470 928 2526 sed
949 2486 1015 2525 ne
1040 2470 1090 2524 in
1120 2468 1246 2540 ipsis
1268 2469 1478 2540 quidem
1497 2469 1646 2523 tnalis
1664 2485 1812 2524 vexa-

220 2574 313 2619 tur
341 2572 398 2620 et
434 2562 806 2633 perturbatur,
833 2570 891 2616 ut
924 2561 1009 2616 cui
1049 2560 1182 2614 ferat
1212 2576 1367 2629 opem
1392 2576 1513 2630 spes
1541 2560 1681 2615 illius
1716 2575 1812 2614 an-

217 2671 388 2712 corae.
407 2655 482 2710 Ita
499 2668 628 2725 ergo
649 2666 756 2709 tres
779 2653 924 2724 pueri
951 2667 1055 2707 non
1084 2653 1253 2706 solum
1281 2650 1484 2707 liberati
1512 2664 1635 2706 sunt
1654 2668 1681 2706 a
1705 2654 1811 2706 for-

218 2759 358 2803 naee
374 2745 538 2819 (Dan.
562 2743 647 2818 5),
671 2745 766 2800 sed
793 2759 859 2799 ne
878 2742 1002 2798 dum
1032 2743 1085 2797 in
1127 2741 1339 2797 fornace
1365 2743 1578 2814 quidem
1624 2759 1805 2798 versa-

221 2848 439 2906 rentur,
483 2834 951 2894 conturbabantur.
988 2833 1191 2890 Norant
1225 2836 1365 2889 enim
1400 2836 1499 2890 sibi
1540 2835 1727 2891 adesse
1754 2851 1784 2890 a

222 2933 337 2987 Deo
357 2928 638 2985 auxilium.
664 2925 730 2984 Et
749 2928 867 2984 ideo
887 2926 1021 2981 alius
1041 2926 1170 2982 dicit
1191 2945 1206 2982 :
1230 2924 1298 2980 Et
1318 2927 1570 2996 conﬁdent
1587 2971 1602 2993 ,
1629 2927 1680 2982 id
1702 2936 1803 2995 est,

218 3020 780 3078 habebuntliduciam.
802 3017 1030 3089 Imperio
1048 3018 1187 3072 enim
1219 3016 1360 3087 quod
1382 3018 1431 3072 in
1456 3018 1805 3087 perturbatio-

218 3127 316 3168 nes
338 3123 420 3166 est
445 3109 601 3181 longe
618 3108 786 3180 major
801 3118 883 3164 est
897 3108 1091 3173 cautio,
1113 3122 1230 3178 qua:
1246 3124 1310 3163 ex
1326 3122 1421 3176 spe
1439 3109 1490 3162 in
1512 3108 1677 3163 Deum
1700 3110 1808 3163 ori-

217 3213 324 3257 tur.
342 3200 451 3256 lllte
472 3201 614 3256 enim
635 3210 758 3254 sunt
778 3199 1042 3266 humanae,
1066 3198 1168 3253 hoc
1188 3214 1315 3253 vero
1337 3199 1569 3253 divinum
1591 3210 1643 3254 et
1666 3201 1806 3255 inex-

218 3292 524 3363 pugnabile.
550 3290 988 3361 Quandoquidem
1010 3291 1142 3345 dixit
1162 3305 1281 3345 eum
1305 3289 1468 3345 fuisse
1486 3291 1801 3360 adjutorem,

217 3400 273 3440 et
297 3385 463 3441 fuisse
486 3385 770 3454 refugium,
797 3383 924 3438 dicit
951 3384 1108 3437 etiam
1130 3381 1395 3453 quomodo
1414 3384 1503 3437 sit.
1526 3382 1803 3450 Quomodo

217 3486 394 3532 autem
416 3486 499 3531 est
521 3476 547 3528 ?
581 3474 805 3544 Quando
835 3475 886 3528 in
909 3488 1029 3529 eum
1059 3473 1272 3528 assidue
1307 3488 1524 3542 sperare
1553 3487 1801 3541 perseve-

218 3584 419 3623 ramus.
451 3568 606 3636 Quod
648 3570 693 3623 si
734 3580 839 3622 non
870 3567 1046 3622 statim
1096 3565 1254 3621 solvit
1294 3565 1630 3620 difficultates
1653 3606 1667 3629 ,
1700 3564 1801 3620 hoc

214 3673 428 3730 quoque
454 3661 511 3713 fit
540 3668 636 3729 pro
662 3664 751 3714 tua
777 3657 1108 3729 probatione.
1152 3655 1604 3725 Quemadmodum
1632 3658 1795 3725 enim,

209 3768 336 3806 cum
365 3761 545 3823 posset
569 3766 673 3805 non
705 3751 1029 3820 permittere,
1060 3758 1121 3804 ut
1151 3758 1199 3803 te
1224 3749 1554 3815 invaderent,
1583 3750 1800 3818 permit-

209 3845 275 3898 tit
307 3853 487 3898 tamen
522 3850 584 3897 ut
612 3851 666 3897 te
693 3841 888 3897 faciant
933 3839 1287 3896 robusuorem
1318 3857 1332 3893 :
1364 3841 1434 3893 ita
1479 3840 1636 3893 etiam
1679 3855 1797 3893 cum

208 3944 400 4006 posset
428 3935 498 3990 ab
539 3933 688 3990 initio
715 3933 923 3988 solvere
947 3975 960 3998 ,
992 3946 1174 3987 rursus
1201 3940 1478 3986 cunctatur
1502 3939 1556 3986 et
1581 3930 1796 3997 differt,

205 4037 362 4081 tuam
388 4036 592 4094 angens
613 4025 963 4080 constantiam
980 4064 997 4091 ,
1024 4034 1077 4078 et
1106 4032 1246 4077 tuam
1277 4036 1423 4092 Spem
1445 4036 1721 4089 exercens,
1745 4035 1799 4076 et

205 4128 359 4172 tuam
386 4115 442 4170 in
473 4116 641 4184 ipsum
674 4113 1007 4169 affectionem
1034 4113 1263 4168 reddens
1302 4112 1754 4167 vehementiorem
1780 4154 1794 4176 ,

200 4217 261 4262 et
304 4219 482 4276 neque
523 4218 735 4275 semper
764 4204 1028 4274 permittit
1050 4202 1309 4273 opprimi,
1340 4217 1408 4258 ne
1449 4202 1793 4268 deficiamus;

204 4310 310 4351 nec
357 4306 575 4365 semper
620 4292 895 4365 quieScere
938 4303 991 4347 et
1036 4293 1293 4357 relaxari,
1343 4307 1410 4346 ne
1450 4291 1792 4346 collabamnr.

207 4386 470 4454 Quoniam
497 4400 597 4439 non
621 4384 926 4456 dereliquisti
951 4393 1226 4454 quterentes
1250 4393 1316 4447 te,
1345 4382 1578 4437 Domine.
1606 4384 1754 4437 Alius
1778 4402 1792 4438 :

207 4476 335 4532 Non
378 4478 512 4530 enim
555 4476 819 4546 reliquisti.
871 4474 944 4529 Ita
970 4473 1129 4529 etiam
1173 4472 1302 4528 dicit
1337 4471 1471 4528 alius
1506 4491 1519 4527 :
1552 4472 1797 4544 Respicite

203 4548 443 4637 antiquas
461 4568 823 4637 generationes,
850 4577 895 4620 et
916 4566 1075 4620 videte
1096 4565 1206 4633 quis
1229 4565 1444 4634 speravit
1467 4565 1520 4618 in
1538 4562 1759 4619 Domino
1775 4605 1790 4629 ,

206 4669 256 4713 et
292 4659 485 4729 pudore
511 4657 720 4726 affectu
742 4668 814 4713 est
835 4658 861 4710 γ
887 4667 974 4712 aut
998 4658 1108 4728 quis
1133 4657 1376 4711 invocavit
1404 4655 1678 4713 Dominum
1700 4701 1715 4727 ,
1748 4670 1794 4714 et

208 4749 706 4822 dereliquit(Eccli.
733 4751 786 4804 2.
832 4750 920 4804 ll.
964 4749 1100 4820 12)?
1144 4747 1211 4803 Et
1237 4748 1540 4817 quomodo,
1588 4751 1792 4821 inquit,

207 4842 467 4909 qureritur
508 4840 648 4896 Deus
674 4842 761 4911 qui
792 4849 875 4896 est
901 4839 1133 4909 ubique?
1175 4838 1361 4894 Studia
1400 4849 1453 4893 et
1498 4841 1710 4905 animo,
1741 4852 1795 4894 et

206 4933 251 4986 si
284 4931 356 4985 ab
384 4931 448 4986 iis
474 4933 722 4987 omnibus
749 4946 868 5002 qua:
891 4931 958 4986 ad
984 4930 1235 4985 smculum
1269 4929 1569 5000 pertinent,
1603 4931 1796 4986 libere-

206 5036 350 5076 nutr.
377 5021 535 5077 Multa
557 5024 699 5078 enim
721 5036 843 5077 eum
864 5030 987 5076 ante
1006 5022 1189 5076 oculos
1211 5021 1331 5074 etin
1353 5019 1594 5074 manibus
1610 5019 1794 5075 habea-

203 5129 328 5169 mus
356 5117 640 5180 nescimus,
689 5114 783 5169 sed
825 5113 1304 5168 circumeursamus
1331 5126 1474 5181 smpe
1497 5121 1793 5180 quaerentes

203 5220 329 5276 qua:
356 5213 634 5271 tenemus,
660 5205 874 5274 quando
900 5219 1050 5258 mens
1086 5203 1193 5257 alio
1215 5217 1368 5257 versa
1398 5202 1578 5257 fuerit.

275 5298 331 5352 6.
384 5296 698 5362 Quaerenda:
726 5295 867 5349 Deus
907 5304 951 5348 et
988 5294 1341 5364 exquirendas.
1395 5292 1656 5347 Habitatio
1704 5292 1794 5346 Dei

201 5406 317 5460 quc
368 5389 703 5461 intelligatur.
731 5417 802 5429 --
825 5388 1103 5456 Quomodo
1157 5402 1285 5456 ergo
1339 5387 1501 5441 Deum
1553 5401 1794 5457 qumrerc

205 5480 530 5553 possumus?
550 5478 776 5549 Quando
802 5479 925 5534 illuc
952 5480 1185 5533 animum
1215 5476 1556 5544 intendimus,
1580 5475 1793 5547 quando

203 5574 270 5628 ab
297 5574 362 5630 iis
387 5590 509 5645 quae
537 5572 604 5626 ad
637 5572 773 5626 hanc
806 5570 965 5626 vitam
991 5571 1261 5640 pertinent
1289 5568 1543 5625 fuerimus
1566 5570 1791 5624 liberati.

200 5668 299 5733 Qui
328 5668 472 5722 enim
500 5664 696 5736 qua‘rit
720 5705 735 5727 ,
764 5665 939 5716 omnia
967 5680 1029 5717 ex
1059 5664 1243 5717 animo
1268 5662 1486 5727 cjiciens
1508 5704 1522 5728 ,
1551 5652 1696 5717 venit
1719 5662 1787 5716 ad

192 5759 327 5816 illud
372 5758 517 5832 quod
548 5756 760 5829 qumrit.
790 5755 898 5811 Nec
935 5765 1141 5824 oportet
1190 5753 1360 5809 solum
1404 5769 1664 5823 qnazrere,
1695 5753 1788 5807 sed

1389 348 1743 406 EXPOSITIO
1783 350 1844 404 IN
1888 350 2204 411 PSALMUM
2246 360 2339 416 ΙΧ.

3421 387 3522 441 130

1947 467 2103 566 etiam
2130 473 2428 539 exquirere.
2454 474 2552 542 Qui
2579 480 2825 548 exqurrit,
2848 498 2954 538 non
2976 486 3086 555 ipse
3107 491 3283 546 solum
3306 502 3517 566 quam,

1943 559 2274 657 sed-aliorum
2296 564 2455 620 etiam
2478 582 2580 637 ope
2602 572 2783 639 utitur,
2811 583 2866 628 ut
2886 577 3121 635 inveniat
3143 584 3279 652 quod
3302 559 3514 657 quaerit;

1941 648 2044 702 Sed
2072 651 2122 704 in
2154 652 2217 707 iis
2245 655 2458 723 quidem
2479 674 2596 725 qua:
2623 661 2688 716 ad
2717 662 2851 719 hanc
2880 667 3039 722 vitam
3072 648 3358 741 pertinent,
3387 695 3507 736 cum

1940 752 2081 807 saepe
2110 744 2476 834 q-tta-sierimus
2499 789 2514 815 ,
2548 766 2663 805 non,
2694 753 2990 813 invenimus
3020 777 3032 812 :
3062 762 3112 815 in
3154 764 3515 834 SpirLIualihus

1937 840 2111 885 autem
2140 831 2240 889 hoc
2283 853 2384 890 non
2426 839 2545 895 licet
2569 883 2584 908 ,
2631 844 2725 899 sed
2746 848 2962 903 omnino
2989 831 3207 910 necesse
3234 870 3316 913 est
3342 870 3398 915 ut
3422 865 3511 932 qui

1937 923 2126 988 qumrit
2188 924 2438 980 inveniat.
2499 930 2555 985 Si
2604 934 2743 988 enim
2795 937 2859 990 ad
2913 944 3250 1008 quaerendum
3307 923 3511 1007 tantmn

1936 1012 2132 1079 egressi
2161 1012 2414 1071 fuerimus
2440 1062 2454 1083 ,
2484 1035 2587 1073 non
2619 1025 2878 1091 permittit
2911 1029 3047 1085 Deus
3075 1042 3131 1086 ut
3157 1051 3253 1090 nos
3283 1041 3504 1096 multum

1936 1115 2224 1192 vexemur,
2267 1119 2322 1159 et
2362 1107 2481 1163 ideo
2528 1110 2656 1165 dicit
2686 1133 2699 1166 :
2735 1113 2910 1170 Omnis
2954 1121 3039 1187 qui
3074 1127 3289 1192 quaerit,
3324 1130 3510 1186 inuenit

1937 1189 2156 1257 (Matth.
2187 1195 2238 1248 7.
2267 1196 2346 1264 8).
2369 1197 2454 1251 12.
2483 1198 2698 1255 Psallite
2723 1203 2942 1261 Domino
2964 1212 3047 1278 qui
3069 1189 3257 1268 liabitat
3275 1189 3333 1271 in
3356 1219 3504 1276 Sion.

1932 1279 2079 1381 alius
2099 1324 2112 1347 ,
2146 1283 2245 1349 Qui
2271 1287 2405 1339 sedet
2428 1288 2467 1341 ³.
2500 1290 2804 1347 Annuntiate
2829 1297 2958 1350 inter
2981 1313 3151 1370 gentes
3174 1308 3342 1360 studia
3368 1310 3500 1381 ejus.

1930 1371 2078 1466 Alius
2104 1373 2267 1466 dicit,
2311 1376 2377 1430 In
2420 1382 2620 1450 papulis
2662 1387 3053 1445 machinationes
3080 1396 3208 1465 ejus.
3254 1371 3503 1466 Qtlid'di-

1929 1462 2045 1514 eis?
2099 1461 2258 1532 Cujus
2304 1469 2490 1523 caelum
2551 1474 2705 1528 sedes
2759 1486 2880 1544 est,
2921 1490 2976 1534 et
3032 1461 3169 1538 terra
3213 1461 3502 1547 scabellum

1930 1553 2116 1619 pedum
2141 1554 2293 1622 (lani.
2327 1558 2415 1614 66.
2450 1561 2527 1632 1),
2558 1565 2708 1634 cujus
2739 1567 2789 1621 in
2819 1586 2974 1626 mantt
3004 1585 3127 1630 sunt
3167 1578 3298 1634 ﬁnes
3343 1592 3499 1640 terra;

1927 1641 2096 1711 (Psal.
2122 1645 2208 1700 94.
2229 1648 2308 1714 4),
2337 1649 2379 1702 is
2404 1650 2670 1709 habitatin
2690 1656 2859 1713 Sion?
2884 1661 3042 1719 Certe
3074 1684 3086 1717 :
3119 1667 3496 1730 habitationem

1924 1734 2062 1828 enim
2112 1735 2196 1790 hic
2244 1738 2409 1804 dicit,
2456 1758 2561 1797 non
2619 1746 2735 1801 loco
2780 1750 3122 1810 circumcludi
3178 1760 3317 1828 (est
3353 1766 3497 1820 enim

1924 1822 2125 1878 infinita
2151 1826 2265 1896 ejus
2294 1833 2660 1906 magnitudo),
2691 1839 2785 1891 sed
2815 1844 3134 1909 peculiarem
3163 1822 3496 1910 dilectionem

1922 1912 1987 2009 ad
2020 1914 2191 1971 locum
2216 1960 2231 1984 ,
2276 1929 2330 1974 et
2367 1924 2684 1991 peculiarem
2709 1929 2764 1982 in
2806 1945 2927 1986 eum
2959 1939 3368 2004 propensionem
3391 1985 3405 2009 ,
3441 1958 3498 2001 ut

1922 2002 2133 2060 Jutlzeos
2161 2024 2253 2076 per
2276 2010 2410 2065 hanc
2437 2016 2516 2067 sui
2548 2016 2920 2075 demissionesn
2963 2025 3027 2079 ad
3058 2002 3132 2081 ise
3160 2002 3451 2091 attraheret
3479 2055 3494 2093 :

1924 2105 2198 2163 propterea
2244 2102 2383 2153 enim
2431 2115 2607 2157 no~tra
2639 2123 2847 2175 quoque
2876 2112 3064 2168 domus
3110 2133 3228 2174 csse
3266 2122 3492 2193 dicitur,

1920 2186 2057 2253 quod
2113 2190 2449 2255 peculiariter
2496 2195 2544 2246 in
2590 2211 2705 2251 eam
2763 2201 3075 2259 afficiatnur.
3106 2208 3223 2263 Jam
3269 2228 3396 2268 vero
3440 2186 3492 2272 in

1921 2276 2068 2329 nobis
2095 2292 2304 2348 quoque
2347 2282 2583 2338 habitare
2627 2287 2853 2354 dicitur,
2907 2309 3013 2348 non
3066 2299 3205 2367 quod
3256 2317 3285 2356 a
3341 2306 3493 2361 nobis

1920 2369 2428 2438 comprehendatur,
2461 2376 2552 2428 sed
2580 2378 2717 2445 quod
2747 2383 2959 2450 proprie
2985 2400 3047 2438 ac
3075 2390 3407 2456 pecnléariter
3436 2396 3489 2451 in

1918 2470 2013 2508 nos
2042 2456 2317 2513 afficiatur.
2352 2462 2475 2516 Sion
2503 2476 2679 2520 autem
2704 2467 2941 2523 Ecclesia
2968 2476 3253 2547 auagogice
3276 2481 3488 2539 dicitur.

1915 2546 2202 2603 Accessistis
2222 2552 2350 2604 enim
2375 2554 2443 2606 ad
2472 2565 2684 2610 montem
2708 2558 2833 2613 Sion
2861 2572 2905 2613 et
2938 2546 3213 2619 Ecclesium
3239 2572 3489 2643 primoge-

1912 2637 2130 2692 nitorum
2163 2640 2182 2712 (
2204 2641 2356 2696 Hebr.
2394 2645 2473 2698 i2.
2492 2647 2604 2716 ‘22).
2634 2648 2698 2703 Et
2723 2652 2911 2706 merito
2949 2670 3099 2710 mons
3119 2667 3202 2712 est
3227 2637 3485 2730 Ecclesia,

1912 2732 2051 2800 quod
2082 2733 2151 2786 sit
2181 2734 2329 2789 firma
2353 2777 2368 2803 ,
2415 2746 2471 2793 et
2512 2741 2742 2809 stabilis,
2770 2759 2868 2797 nec
2914 2748 3081 2812 possit
3124 2757 3484 2820 conquassari.

1911 2820 2362 2889 Quemadmodum
2384 2831 2525 2882 enim
2551 2846 2702 2885 mons
2724 2849 2826 2886 non
2857 2845 3025 2903 potest
3052 2836 3349 2896 labefactari
3375 2885 3388 2907 ,
3415 2845 3486 2899 ita

1912 2928 2011 2967 nec
2040 2914 2130 2968 Dei
2159 2915 2416 2973 Ecclesia.
2463 2921 2768 2976 Annuutiate
2791 2925 2919 2978 inter
2955 2937 3123 2997 gentes
3156 2931 3324 2985 studia
3351 2936 3482 3003 ejus.

1913 3002 2035 3058 Vult
2054 3020 2144 3060 eos
2163 3021 2282 3061 esse
2303 3022 2574 3077 praecones
2596 3012 2686 3066 Dei
2707 3013 3104 3082 beneficiorum,
3126 3027 3179 3074 et
3199 3002 3482 3092 numquam

1908 3093 2023 3163 ejus
2051 3096 2224 3152 celare
2254 3097 2528 3153 beneficia.
2579 3101 2645 3156 Et
2673 3102 2775 3157 hoc
2814 3106 2939 3159 dicit
2991 3117 3095 3161 tam
3143 3120 3357 3180 prOpter
3385 3129 3479 3168 eos

1907 3184 1995 3253 qui
2026 3184 2202 3239 dicunt
2230 3228 2244 3251 ,
2297 3200 2453 3258 quam
2504 3200 2720 3260 propter
2751 3208 2843 3248 eos
2883 3197 2969 3265 qui
3000 3198 3240 3255 andEunt.
3271 3201 3402 3256 Nam
3429 3216 3484 3259 et

1910 3273 1959 3325 bi
1986 3314 2000 3337 ,
2033 3283 2087 3329 et
2135 3276 2207 3329 illi
2250 3276 2617 3342 lucril'aeiuut,
2659 3282 2705 3335 si
2746 3287 3086 3341 attenderint.
3116 3288 3203 3344 15.
3235 3290 3484 3357 Quoniam

1906 3367 2161 3435 requirens
2180 3371 2473 3437 sanguinem
2494 3386 2664 3425 eorum
2686 3374 2977 3430 recordatus
3004 3387 3098 3434 est.
3124 3376 3311 3445 Vidisti
3338 3399 3482 3454 quie-

1908 3472 2027 3510 nam
2058 3457 2200 3513 dirat
2234 3474 2419 3514 eorum
2450 3462 2666 3518 studia?
2713 3465 3002 3522 Beneficia.
3046 3470 3145 3526 llic
3176 3475 3335 3528 etiam
3373 3467 3484 3530 ma-

1903 3562 2063 3616 gnum
2114 3550 2378 3619 quoddam
2426 3553 2615 3622 dogma
2664 3554 2927 3626 significat
2971 3580 2985 3614 :
3034 3576 3139 3616 non
3191 3570 3481 3634 perpetrari

1904 3640 2064 3694 ullam
2092 3643 2291 3696 etndem
2312 3683 2327 3708 ,
2360 3643 2427 3700 de
2456 3660 2556 3715 qua
2599 3662 2771 3717 paena:
2796 3664 2902 3704 non
2930 3667 3206 3708 sumantur
3228 3698 3242 3721 ,
3284 3669 3338 3713 et
3361 3675 3479 3729 qua:

1904 3745 2009 3785 non
2032 3733 2328 3788 vindicetur
2346 3753 2358 3788 :
2379 3737 2519 3806 quod
2546 3741 2705 3793 etiam
2730 3740 2905 3798 Moses
2931 3747 3163 3801 ostendit
3187 3748 3238 3802 in
3268 3745 3477 3820 Genesi,

1901 3823 2087 3880 dicens
2116 3843 2129 3878 :
2157 3825 2470 3898 Sanguinem
2490 3838 2705 3884 vestrum
2730 3834 2981 3904 requiram
2998 3836 3016 3907 (
3036 3835 3161 3891 Gen.
3183 3837 3235 3893 9.
3258 3840 3336 3911 5).
3372 3844 3483 3898 lloc

1904 3928 1984 3972 est
2011 3918 2259 3973 iudicium
2290 3922 2505 3977 infinita:
2533 3922 2648 3992 ejus
2679 3925 3044 3994 providentiae,
3072 3929 3403 4003 ingentisque
3426 3948 3483 3990 et

1903 4009 2119 4077 prolixa:
2140 4026 2300 4064 cura}.
2325 4012 2381 4066 Si
2407 4021 2582 4067 autem
2611 4028 2715 4068 non
2747 4017 2923 4070 statim
2952 4020 3193 4088 requirit,
3224 4038 3291 4077 ne
3311 4026 3480 4079 mire-

1903 4100 1977 4153 ris
2008 4116 2020 4152 :
2049 4100 2141 4154 dat
2176 4102 2315 4155 enim
2358 4105 2721 4171 peccatoribus
2769 4110 3100 4164 occasionem
3133 4114 3478 4181 pmnitentite.

1905 4188 2024 4245 Non
2051 4201 2122 4246 est
2151 4192 2332 4247 oblitus
2358 4195 2626 4249 clamorem
2653 4213 2928 4266 pauperum
2953 4199 3127 4270 (Rom.
3165 4205 3219 4257 2.
3252 4205 3330 4277 4).
3356 4205 3482 4262 Vide

1901 4299 2085 4337 rursus
2108 4299 2226 4339 esse
2253 4284 2302 4339 in
2331 4285 2532 4341 honore
2560 4303 2838 4357 pauperes.
2861 4289 2974 4345 Non
2997 4303 3170 4348 autem
3190 4295 3319 4351 dicit
3345 4299 3479 4353 sim-

1900 4375 2110 4445 pliciter
2138 4390 2416 4445 pauperes,
2450 4377 2541 4431 sed
2575 4378 2696 4433 illos
2721 4381 2807 4449 qui
2834 4389 2958 4435 sunt
2983 4397 3243 4453 pauperes
3267 4387 3477 4458 Spiritu,

1901 4467 2034 4521 sicut
2077 4467 2206 4522 dicit
2244 4467 2483 4524 Christus
2516 4469 2722 4542 (Matth.
2769 4472 2820 4528 5.
2867 4472 2947 4542 5).
2989 4473 3029 4529 Ii
3072 4476 3212 4530 enim
3252 4481 3483 4536 maxime

1899 4556 2251 4611 exaudiuntur
2293 4558 2417 4613 dum
2460 4569 2647 4627 orant,
2699 4562 2786 4631 qui
2830 4572 2952 4617 sunt
2994 4564 3156 4621 corde
3197 4565 3381 4624 humili
3428 4582 3484 4626 et

1900 4647 2148 4702 contrito.
2179 4646 2277 4702 Hic
2309 4659 2485 4704 autem
2515 4649 2621 4704 duo
2650 4653 2826 4720 ponit,
2849 4663 2912 4707 ‘et
2939 4656 3266 4723 orationem,
3299 4667 3354 4714 et
3376 4659 3479 4715 hu-

1900 4737 2200 4793 militatem.
2227 4738 2308 4793 Ad
2330 4757 2475 4810 quem
2501 4742 2662 4805 enim,
2695 4744 2883 4813 inquit,
2913 4747 3177 4817 respiciam
3202 4751 3301 4803 nisi
3327 4766 3482 4822 super

1900 4829 2159 4894 humilem,
2188 4841 2234 4883 et
2263 4832 2501 4901 quietum,
2532 4842 2577 4886 et
2605 4833 2855 4888 timentem
2882 4838 3030 4890 verba
3058 4856 3168 4893 mea
3197 4840 3352 4911 (lsat'.
3384 4845 3472 4900 66.

1897 4920 1994 4991 2)?
2027 4920 2229 4991 Ubique
2257 4931 2433 4978 autem
2478 4926 2732 4981 orationis
2759 4929 3054 4984 vehiculum
3086 4931 3352 4988 invenitur
3383 4936 3469 4988 hu-

1900 5015 2117 5070 militas.
2170 5016 2342 5086 PrOpe
2387 5019 2529 5073 enim
2573 5029 2656 5075 est
2704 5021 2959 5078 Dominus
3010 5028 3251 5083 contritis
3295 5029 3476 5083 corde.

1899 5105 2120 5176 Oportet
2144 5108 2323 5177 itaque
2343 5124 2464 5164 eum
2489 5114 2577 5180 qui
2602 5122 2716 5165 orat
2738 5114 2967 5168 maxime
2991 5115 3202 5170 liberari
3222 5132 3252 5170 a
3274 5124 3481 5172 tumore

1901 5215 1963 5253 ac
1988 5198 2146 5253 fastu.
2175 5199 2328 5268 Quod
2357 5200 2529 5255 etiam
2547 5202 2737 5256 Paulus
2767 5205 2956 5272 quaerit
2980 5244 2996 5269 ,
3042 5205 3224 5260 dicens
3248 5221 3262 5259 :
3286 5206 3483 5278 Absque

1899 5295 1977 5347 ira
1992 5301 2038 5346 et
2054 5293 2410 5364 disceptatione
2425 5295 2471 5366 (Ι
2486 5335 2499 5348 .
2518 5294 2652 5349 Tim.
2671 5294 2725 5349 2.
2743 5295 2819 5366 8).
2844 5295 3007 5351 Recte
3032 5296 3182 5359 dixit,
3199 5295 3481 5354 Clamorem

1900 5403 2207 5458 pauperum,
2257 5402 2450 5457 nempe
2494 5386 2685 5442 mentis
2730 5385 3096 5454 affectionem,
3145 5400 3252 5441 non
3300 5399 3476 5444 autem

1966 5543 1982 5574 ί
2008 5541 2515 5613 ngcinterpretatio
2533 5549 2612 5595 est
2638 5545 2848 5613 Aquilae.
2873 5549 3028 5613 Paulo
3050 5546 3258 5613 post,iin
3279 5548 3480 5613 populis

1902 5602 2452 5670 macltjtmtiones'ejus,
2504 5605 2609 5670 haec
2650 5602 3004 5670 interpretatio
3046 5602 3126 5659 est
3166 5602 3479 5670 'Syn'tm'aehi.

1902 5665 2002 5713 Sed
2025 5662 2275 5728 Agellius,
2301 5662 2526 5726 D'rusius,
2546 5662 2825 5729 Corderius,
2844 5675 2898 5718 et
2914 5671 3110 5731 quidam
3132 5662 3249 5722 ne.
3276 5673 3482 5732 habent,

1903 5754 2033 5798 artes
2072 5748 2177 5807 eius
2206 5749 2308 5811 (τὰς
2345 5750 2557 5811 μηχανὰς
2582 5750 2768 5813 αὐτοῦ).
2797 5751 3095 5803 Ilebraicum
3125 5763 3204 5803 est
3225 5733 3477 5813 νηδὺν.
