4068 6288
598 340 693 395 151

602 453 745 509 iocis
769 448 1153 513 intensiouem;
1182 460 1302 500 cum
1328 454 1507 499 autem
1537 441 1695 507 dicit,
1731 438 1851 494 Non
1876 448 1947 493 est
1973 437 2181 500 oblitus,

600 544 918 618 signiﬁcavit
961 557 1055 598 eos
1099 544 1348 596 invocare
1395 537 1642 603 assidue,
1688 544 1743 591 et
1785 545 1961 590 tamen
2005 549 2112 589 non
2154 547 2185 585 a

598 638 861 708 principio
879 634 1110 704 assequi.
1131 631 1270 699 Quid
1293 639 1373 684 cst
1397 644 1524 699 ergo
1543 628 1686 699 quod
1706 627 1866 682 dicit?
1890 625 1967 681 Ne
1988 625 2185 695 putetis

604 731 767 785 Deum
793 743 912 784 esse
931 727 1176 790 oblitum,
1197 734 1250 779 et
1270 722 1389 778 ideo
1411 736 1517 776 non
1543 720 1709 774 ultum
1734 734 1854 774 esse
1873 736 1886 773 :
1906 716 2023 788 ejus
2043 717 2184 770 enim

538 840 541 847 ·
601 832 684 875 est
708 820 1005 890 preprium,
1029 832 1090 871 ea
1117 831 1236 885 quae
1260 822 1384 868 sunt
1409 811 1668 884 ejusmodi
1692 826 1952 880 quaerere,
1978 808 2186 863 etiamsi

604 928 763 969 nemo
791 920 969 980 roget;
996 908 1208 979 quando
1236 916 1411 962 autem
1441 898 1646 974 rogant,
1672 913 1726 960 et
1746 905 1836 974 qui
1863 911 2190 974 rogantsunt

603 1004 831 1059 humiles
856 1045 869 1066 ,
916 1002 1084 1056 multo
1113 1001 1302 1071 magis.
1347 1000 1434 1054 14.
1476 998 1717 1054 Miserere
1756 999 1892 1062 mei,
1940 996 2186 1061 Domine,

603 1097 715 1150 vide
736 1096 1067 1150 humilitatem
1092 1110 1252 1146 meam
1276 1092 1338 1147 de
1358 1093 1574 1146 inimicis
1594 1092 1735 1146 meis.
1760 1092 1848 1147 15.
1877 1090 1976 1158 Qui
1996 1091 2189 1145 exultas

604 1205 684 1242 me
711 1189 774 1241 de
808 1187 964 1256 portis
996 1187 1167 1239 mortis
1188 1225 1204 1249 ,
1246 1192 1298 1238 ut
1345 1185 1639 1237 annnntiem
1668 1198 1838 1235 omnes
1875 1181 2191 1234 laudationes

607 1290 718 1334 tuas
747 1279 798 1332 in
827 1278 983 1348 portis
1011 1277 1133 1343 ﬁliae
1167 1275 1313 1330 Sion.
1358 1275 1506 1328 Alius
1529 1314 1542 1335 ,
1588 1273 1909 1343 Hymnorum
1950 1271 2192 1325 decanta-

608 1372 767 1424 tiones
811 1378 943 1422 tuas.
985 1368 1154 1432 Alius,
1193 1364 1393 1419 Laudes
1438 1375 1570 1418 tuas.
1613 1364 1745 1419 Vide
1789 1379 1909 1418 eum
1937 1372 2193 1433 perpetuo

609 1462 836 1517 orationi
879 1461 1120 1515 aflixum.
1150 1461 1191 1513 Ᾱ
1219 1459 1375 1512 malis
1404 1458 1543 1512 enim
1576 1457 1863 1522 liberatus,
1906 1466 1961 1511 et
2000 1456 2052 1509 in
2081 1464 2194 1510 tuto

610 1553 926 1614 collocatus,
969 1566 1072 1605 non
1102 1559 1279 1606 cessat
1304 1564 1488 1602 rursus
1509 1562 1664 1602 orare
1684 1589 1698 1611 ,
1721 1547 1926 1613 dicens,
1958 1545 2197 1600 Miserere

615 1644 731 1707 mei,
760 1652 815 1697 et
840 1657 1029 1712 rogare
1053 1656 1173 1695 eum
1203 1654 1298 1709 pro
1324 1639 1532 1693 futuris.
1559 1639 1783 1705 Semper
1809 1637 1951 1693 enim
1980 1653 2197 1708 egemus

616 1733 707 1787 Dei
756 1731 1121 1802 providentia;
1172 1730 1402 1784 maxime
1440 1739 1618 1783 autem
1662 1728 1788 1783 dum
1835 1728 2124 1783 liberamur
2166 1745 2195 1782 a

618 1825 789 1879 malis.
824 1823 981 1877 Aliud
1021 1823 1161 1878 enim
1209 1823 1402 1877 bellum
1447 1823 1643 1891 excipit
1691 1821 1854 1891 priori
1894 1820 2193 1888 difﬁcilius,

617 1915 878 1969 socordia:
905 1922 960 1968 et
989 1914 1340 1982 arrogantiae;
1379 1921 1505 1967 tunc
1530 1915 1671 1968 enim
1716 1914 1881 1982 spirat
1908 1913 2198 1968 vehemen-

622 2009 726 2061 tius
751 2007 1012 2061 diabolus.
1037 2004 1212 2072 Quare
1239 2005 1468 2058 maxime
1488 2014 1765 2074 postquam
1792 2005 1993 2059 liberati
2016 2019 2200 2060 sumus

619 2115 648 2152 a
676 2097 828 2152 malis
848 2139 862 2161 ,
906 2099 996 2152 illo
1021 2111 1153 2166 opus
1179 2096 1434 2151 habemus
1460 2098 1652 2151 auxilio
1674 2139 1688 2159 ,
1732 2105 1788 2151 ut
1817 2096 1969 2151 facile
1995 2114 2081 2152 res
2113 2111 2201 2152 se-

618 2190 821 2246 cundas
863 2189 1114 2245 feramus.
1171 2188 1301 2242 Nam
1347 2187 1518 2243 Judmi
1564 2203 1776 2258 qucque
1818 2189 1886 2242 ab
1931 2188 2202 2260 Egyptiis

616 2280 843 2346 liberati,
873 2280 1101 2349 graviori
1132 2279 1275 2334 bello
1300 2280 1660 2345 vexabantur,
1690 2282 1991 2350 arrogantia
2022 2289 2076 2335 et
2114 2295 2202 2336 so-

618 2373 821 2428 cordia.
851 2371 1001 2425 Tunc
1027 2371 1202 2440 itaque
1230 2369 1458 2424 maxime
1483 2370 1864 2434 moriebantur,
1897 2379 1955 2424 ut
1982 2371 2071 2441 qui
2096 2387 2203 2426 non

618 2478 840 2537 possent
868 2477 1015 2522 recte
1039 2467 1235 2522 ducere
1273 2465 1586 2521 exercitum.
1626 2465 1759 2533 Quia
1801 2466 1943 2520 enim
1974 2482 2073 2521 nec
2099 2466 2198 2521 ad-

622 2572 807 2612 versus
836 2558 1155 2628 ingluviem,
1188 2571 1289 2611 nec
1325 2555 1581 2615 adversus
1604 2556 1797 2626 abjecti
1827 2557 1988 2610 animi
2017 2558 2202 2611 vitium

620 2648 696 2723 (a)
729 2650 934 2705 fortiter
976 2650 1029 2704 in
1058 2650 1174 2705 acie
1203 2657 1498 2714 steterunt,
1544 2648 1637 2703 sed
1679 2648 2052 2721 Egyptiorum
2081 2651 2205 2705 vitia

619 2751 742 2795 sunt
762 2741 1016 2804 aemulati,
1040 2756 1101 2794 ea
1131 2741 1251 2795 illos
1278 2739 1643 2810 perdiderunt.
1670 2741 1832 2795 David
1854 2757 2064 2812 quoque
2084 2758 2203 2797 cum

618 2843 671 2886 et
696 2848 723 2884 a
752 2830 925 2888 Saulis
951 2832 1353 2887 difﬁcultatibus
1377 2873 1393 2899 ,
1424 2840 1481 2887 et
1504 2833 1571 2888 ab
1595 2833 1716 2886 aliis
1741 2834 1993 2888 omnibus
2029 2833 2202 2889 hosti-

621 2924 719 2979 bus
746 2924 933 2978 fuisset
956 2923 1211 2979 liberatus
1235 2941 1248 2976 :
1274 2932 1553 2994 postquam
1592 2924 1823 2994 quietem
1854 2933 1907 2980 et
1936 2925 2209 2979 laxamen-

621 3024 733 3069 tum
785 3024 1102 3085 asscquutus
1146 3024 1267 3079 est,
1322 3014 1594 3069 difﬁcilius
1647 3015 1838 3070 bellum
1890 3031 2077 3086 passus
2127 3025 2209 3071 est

623 3100 1001 3164 incontinentis
1024 3108 1348 3177 cupiditatis,
1379 3109 1520 3179 quod
1547 3124 1667 3163 eum
1688 3110 1848 3163 etiam
1874 3110 2059 3179 majori
2082 3124 2209 3178 sup-

625 3198 782 3270 plicio
808 3199 1005 3254 affecit.
1040 3199 1300 3267 Quocirca
1344 3208 1468 3253 tunc
1496 3200 1727 3255 maxime
1769 3201 2059 3255 timendum
2090 3210 2205 3265 est,

625 3291 840 3363 quando
872 3289 1125 3346 fuerimus
1155 3291 1364 3346 liberati
1391 3291 1459 3345 ab
1484 3293 1755 3346 aerumnis.

698 3381 751 3434 7.
782 3381 1240 3448 Quemadmodum
1272 3382 1413 3435 enim
1442 3381 1711 3451 alligatam
1739 3382 1962 3437 bestiam
2002 3398 2106 3436 non
2138 3383 2207 3437 ita

627 3471 913 3537 timemus,
956 3480 1017 3524 ut
1055 3471 1301 3525 emissam
1336 3490 1349 3525 :
1387 3472 1458 3525 ita
1502 3472 1660 3525 etiam
1682 3472 1865 3526 vitium
1896 3488 2001 3526 non
2033 3480 2114 3528 est
2140 3475 2211 3527 ita

630 3561 923 3617 timendum
980 3562 1034 3615 in
1082 3561 1394 3625 afﬂictione;
1447 3572 1575 3618 tunc
1619 3564 1761 3619 enim
1813 3564 2082 3633 alligatum
2130 3574 2214 3619 est

626 3657 820 3710 animus
846 3654 1180 3725 azgritudine.
1208 3665 1263 3711 et
1289 3656 1406 3710 aliis
1433 3656 1657 3710 vinculis
1685 3675 1697 3710 :
1720 3656 1814 3711 sed
1837 3667 1955 3725 post
1980 3659 2212 3726 quietem

630 3756 685 3800 et
710 3746 1079 3801 remissionem
1110 3747 1338 3800 maxime
1368 3745 1659 3800 timendum
1689 3755 1790 3801 est.
1824 3746 1893 3800 Et
1922 3746 2042 3801 ideo
2070 3760 2213 3816 saepe

631 3836 837 3891 videbis
878 3852 1160 3906 prosperos
1199 3852 1375 3890 rerum
1423 3851 1699 3891 successus
1727 3837 1925 3904 majora
1955 3837 2093 3890 mala
2122 3853 2215 3907 pa-

630 3943 789 3992 rere,
835 3943 995 3998 quam
1042 3944 1131 3982 res
1166 3928 1437 3981 adversas.
1484 3927 1560 3980 Ita
1597 3928 1754 3980 etiam
1800 3927 2057 3981 Ezechias
2100 3936 2218 3996 post

631 4032 890 4089 tropmum
919 4025 1036 4074 erat
1064 4020 1352 4087 periturus.
1396 4017 1650 4086 Quocirca
1695 4018 1807 4086 ipse
1851 4032 2063 4088 quoque
2091 4018 2216 4072 alibi

628 4111 759 4167 dicit
782 4127 795 4164 :
817 4110 1019 4166 Bonum
1040 4112 1181 4175 mihi,
1210 4111 1345 4181 quod
1371 4128 1446 4165 me
1466 4111 1745 4165 humiliasti
1768 4109 1937 4182 (Psal.
1958 4113 1978 4165 l
1996 4111 2078 4166 18.
2103 4111 2213 4181 7|).

632 4204 834 4271 Quaerit
856 4215 1032 4260 autem
1059 4205 1478 4260 misericordiam
1508 4205 1665 4259 etiam
1690 4214 1807 4273 post
1829 4206 2215 4271 liberationem,

635 4304 692 4349 et
720 4294 874 4349 aﬁ'ert
900 4310 1113 4350 causam
1142 4296 1414 4365 petitionis
1440 4295 1821 4350 misericordia:
1839 4336 1854 4357 ,
1901 4297 2041 4365 quod
2084 4298 2221 4351 male

635 4386 705 4438 sit
740 4384 976 4439 affectus.
1017 4384 1140 4439 Vide
1164 4387 1306 4441 enim
1338 4386 1670 4440 humilitatem
1699 4403 1863 4439 meam
1901 4387 1963 4441 de
1998 4382 2219 4441 inimicis

637 4468 780 4534 meis,
807 4477 861 4522 et
879 4468 1034 4521 aliam
1056 4483 1274 4522 rursus:
1297 4468 1398 4535 Qui
1424 4470 1617 4523 exultas
1647 4486 1726 4523 me
1748 4469 1811 4524 de
1830 4471 1987 4540 portis
2024 4472 2218 4525 mortis.

642 4555 724 4610 Ad
752 4571 873 4610 cum
902 4556 1043 4609 enim
1074 4557 1161 4622 qui
1194 4558 1496 4625 auxiliatur,
1528 4560 1739 4628 meique
1767 4575 1948 4614 curam
1979 4561 2133 4630 gerit,
2161 4576 2225 4616 ac

644 4662 858 4715 semper
881 4661 1068 4700 manus
1100 4646 1227 4699 mihi
1256 4647 1475 4716 praebet,
1507 4649 1772 4719 confugio.
1803 4650 1991 4705 Vidisti
2017 4648 2153 4706 eum'
2172 4653 2222 4706 in

643 4738 938 4793 futurorum
965 4739 1217 4807 petitione
1238 4754 1335 4809 pro
1354 4744 1635 4808 praeteritis
1656 4745 1811 4798 etiam
1830 4747 2026 4815 gratias
2045 4761 2224 4816 agere,

642 4837 696 4885 et
740 4829 933 4898 duplex
962 4829 1141 4885 dicere
1183 4830 1539 4886 beneﬁcium?
1579 4834 1693 4889 Non
1742 4836 1882 4889 enim
1921 4837 2081 4903 dixit,
2126 4840 2226 4903 Qui

644 4922 839 4977 liberas
868 4936 953 4976 me
980 4920 1047 4977 de
1076 4924 1240 4990 portis
1260 4922 1466 4990 mortis,
1498 4924 1613 4989 sed,
1639 4924 1741 4988 Qui
1764 4928 1960 4981 exultas
1988 4944 2084 4981 me.
2110 4928 2225 4981 Non

645 5011 786 5067 enim
821 5012 870 5065 in
899 5026 1086 5066 eorum
1127 5011 1280 5065 malis
1326 5020 1528 5066 tantum
1570 5014 1838 5069 solvendis
1878 5017 2111 5071 substitit
2138 5018 2227 5072 Dei

645 5103 958 5160 beneﬁcium
982 5102 1107 5158 :sed
1134 5101 1256 5157 fecit
1279 5118 1373 5157 eos
1400 5104 1560 5159 etiam
1584 5104 1944 5169 admirabiles,
1973 5108 2226 5178 insignes,

645 5209 699 5255 et
720 5198 993 5254 clariores.
1016 5195 1131 5250 Non
1152 5196 1283 5251 dixit
1300 5206 1499 5264 autem,
1519 5199 1600 5253 Ex
1626 5207 1796 5268 porta,
1813 5201 1928 5266 sed,
1949 5200 2031 5255 Ex
2048 5203 2227 5272 portis,

707 5400 779 5462 (α)
816 5407 864 5448 1η
886 5406 1065 5458 θηλεων
1100 5410 1187 5461 πρὸς
1220 5401 1652 5462 memmium.
1685 5407 1778 5444 νοι
1798 5402 1978 5462 βτεβςεν
2002 5410 2230 5462 weak

649 5456 772 5530 apud
794 5469 957 5530 Patres
987 5456 1350 5530 scriptoresque
1371 5456 1747 5530 Ecclesiasticos.
1770 5456 2009 5530 significat
2063 5456 2232 5530 simul-

648 5517 806 5582 tatem,
834 5517 1193 5582 contentionem,
1228 5517 1522 5582 dissidium;
1563 5519 1654 5582 etsi
1678 5517 1838 5579 prima
1841 5581 1849 5582 ί
1863 5517 1995 5568 illius
2018 5521 2149 5582 vocis
2170 5522 2234 5569 si-

649 5579 891 5651 gmdcatig
913 5585 992 5651 sit.
1017 5581 1229 5651 dejectus
1251 5588 1296 5633 et
1316 5579 1519 5651 pusillus
1771 5581 1885 5651 vide
1908 5582 2089 5651 quaain
2111 5581 2235 5631 hanc

650 5642 821 5693 vocem
843 5642 1057 5691 diximus
1072 5642 1127 5690 in
1166 5642 1466 5693 Onomastieo
1489 5643 1547 5691 ad
1572 5642 1809 5691 Athanasii
1832 5649 2004 5703 Opera.
2027 5649 2125 5691 Hoc
2146 5655 2233 5691 au-

649 5714 750 5755 tem
773 5704 1156 5766 loco‘utrumque
1180 5705 1386 5766 intelligi
1404 5718 1545 5766 posse
1570 5704 1776 5761 videtur,
1793 5711 1861 5764 et,
1886 5703 2136 5765 injectum,
2160 5712 2231 5765 et,

652 5767 715 5816 ad
742 5762 1295 5826 rebellmutum'prommt
1318 5762 1546 5815 ain‘immr.

1301 332 1357 389 S.
1395 328 1673 388 JOANNIS
1707 323 2184 383 CHRYSOSTOMI
2225 320 2541 383 ARUHIEP.
2581 320 3112 379 CONSTANTINOP.

3780 320 3873 376 13‘)

2292 433 2455 488 multa
2500 435 2734 505 pericula
2777 435 3102 506 signiﬁcans.
3139 435 3207 492 Ut
3245 438 3541 493 annuntiem
3564 454 3737 496 omnes
3764 445 3870 497 lau-

2293 528 2520 584 dationes
2560 539 2671 584 tuas
2712 532 2764 585 in
2794 533 2953 601 portis
2993 533 3118 600 lilia
3163 534 3311 590 Sion.
3358 535 3510 606 Quod
3555 540 3726 595 suasit
3762 542 3877 598 aliis

2294 620 2489 686 facere,
2515 622 2628 691 ipse
2646 621 2770 677 facit
2792 640 2807 679 :
2831 624 3143 681 Annuntiate
3160 627 3323 694 enim,
3348 631 3536 701 inquit,
3560 632 3693 688 inter
3713 647 3877 707 gentes

2294 711 2463 765 studia
2488 715 2616 782 ejus.
2647 712 2761 769 Hoc
2788 729 2887 784 ego
2911 731 3123 787 quoque
3152 734 3291 775 nunc
3318 720 3507 777 faciam
3528 763 3544 790 ,
3573 733 3628 780 et
3656 741 3762 781 non
3791 742 3881 782 so-

2295 803 2570 859 lummodo
2604 804 2790 861 faciam
2830 823 2937 862 uno
2971 819 3252 878 praesente,
3288 813 3373 868 vel
3420 813 3648 882 duobus,
3675 818 3760 874 vel
3792 821 3883 875 tri-

2296 896 2418 964 bus,
2461 896 2554 951 sed
2595 898 2646 952 in
2678 899 2859 955 medio
2899 900 3126 957 theatro.
3160 903 3247 958 16.
3281 904 3562 961 Exsultabo
3588 910 3641 963 in
3670 912 3884 966 salutari

2298 996 2403 1042 tuo.
2438 988 2549 1044 [loc
2590 998 2674 1045 est
2718 991 2847 1045 mihi
2874 1007 3103 1059 corona,
3136 994 3238 1050 hoc
3281 996 3521 1053 diadema
3542 1040 3558 1066 ,
3589 1012 3807 1072 propter
3832 1013 3887 1058 te

2299 1073 2554 1149 tropmum
2598 1082 2826 1153 erigere,
2878 1094 3096 1154 propter
3141 1096 3194 1143 te
3234 1089 3461 1145 salutem
3513 1091 3756 1163 adipisci.
3811 1096 3884 1150 ita

2298 1170 2459 1224 etiam
2505 1185 2603 1227 nos
2644 1187 2857 1244 quoque
2895 1191 3197 1246 quaeramus
3229 1194 3336 1233 non
3377 1182 3597 1237 omnino
3639 1186 3885 1247 servari.
4025 1187 4030 1221 λ

2299 1277 2403 1315 non
2433 1265 2653 1319 omnino
2680 1282 2709 1319 a
2740 1267 2894 1321 malis
2923 1269 3173 1335 liberari,
3215 1271 3308 1326 sed
3350 1275 3643 1330 secundum
3690 1277 3884 1337 Deum.
4027 1282 4029 1313 ⁴

2301 1350 2415 1407 Hoc
2438 1364 2613 1408 autem
2644 1354 2764 1409 dico
2805 1368 3025 1426 propter
3067 1374 3161 1414 eos
3194 1362 3282 1431 qui
3326 1362 3378 1416 in
3426 1366 3629 1422 morbis
3666 1377 3893 1424 utuntur

2301 1442 2765 1513 incantationibus,
2798 1456 2851 1503 et
2869 1449 3001 1505 alias
3018 1453 3302 1522 exquirunt
3325 1457 3619 1528 praestigias
3644 1458 3710 1514 ad
3732 1476 3889 1516 suam

2301 1532 2579 1590 levandam
2626 1537 3015 1606 aegritudinem.
3063 1541 3173 1597 Hoc
3209 1545 3351 1599 enim
3383 1562 3488 1601 non
3518 1558 3601 1603 est
3640 1553 3850 1607 servari
3874 1596 3891 1618 ,

2304 1622 2397 1678 sed
2429 1625 2621 1693 perire.
2670 1626 2896 1683 Maxima
2944 1632 3086 1685 enim
3131 1635 3275 1690 salus
3314 1646 3397 1691 est
3441 1654 3536 1706 per
3574 1641 3737 1696 Deum
3769 1658 3895 1701 esse

2302 1724 2592 1770 serratum.
2639 1716 2825 1787 Inﬁxte
2864 1733 2979 1776 sunt
3007 1736 3178 1794 gentes
3212 1727 3267 1780 in
3305 1728 3541 1797 interitu,
3574 1749 3720 1802 quem
3750 1736 3894 1806 fece-

2302 1817 2440 1860 runt.
2486 1809 2655 1873 Alius,
2702 1811 2968 1869 Immerste
3008 1828 3125 1871 sunt
3159 1817 3256 1892 (α).
3300 1820 3572 1880 lnteritum
3615 1828 3729 1883 sive
3771 1826 3898 1886 con-'-

2303 1899 2601 1967 ruptionem
2629 1902 2759 1957 dicit
2788 1906 2970 1960 vitium
2997 1925 3009 1956 :
3034 1909 3164 1964 nihil
3197 1913 3338 1966 enim
3382 1930 3534 1985 teque
3561 1922 3893 1990 corrumpit.

2306 2001 2363 2045 ut
2382 1992 2587 2046 vitium.
2612 1993 2857 2064 Improbe
2883 2000 3022 2053 enim
3048 2001 3261 2059 homine
3280 2005 3412 2061 nihil
3433 2016 3515 2062 est
3537 2009 3892 2078 imbecillius;

2308 2086 2535 2154 pr0priis
2563 2089 2727 2142 armis
2756 2091 2961 2161 capitur
2988 2094 3342 2164 vinciturque.
3375 2108 3433 2154 ut
3458 2099 3655 2157 ferrum
3683 2119 3714 2157 a
3742 2106 3898 2163 rubi-
4026 2096 4029 2141 λ

2306 2177 2450 2246 gine,
2480 2189 2535 2233 ct
2559 2180 2677 2234 lana
2699 2195 2727 2234 a
2752 2182 2887 2236 tinea
2913 2202 2925 2237 :
2947 2185 3015 2238 ita
3042 2187 3198 2241 etiam
3222 2189 3496 2259 improbus
3519 2208 3548 2247 a
3573 2196 3718 2251 vitio.
3737 2196 3905 2254 Unda
4024 2180 4030 2230 λ

2238 2346 2241 2347 ν
2307 2268 2465 2322 etiam
2495 2280 2619 2327 ante
2649 2274 2965 2343 supplicium
2988 2279 3128 2347 quod
3154 2295 3186 2334 a
3212 2281 3320 2336 Deo
3350 2282 3591 2353 infertur,
3616 2288 3796 2357 ipsum
3821 2293 3907 2344 vi-

2314 2360 2441 2413 tium
2472 2361 2626 2417 abeo
2651 2365 2738 2434 qui
2768 2366 2817 2420 id
2848 2366 2971 2422 facit
2990 2385 3176 2439 pmnas
3198 2374 3378 2444 exigit.
3401 2377 3532 2445 Quia
3563 2381 3703 2434 enim
3726 2384 3909 2439 multa

2308 2451 2376 2505 de
2396 2466 2624 2522 superna
2647 2456 2847 2524 justilia
2876 2460 3146 2529 disseruit,
3178 2474 3233 2520 et
3260 2466 3328 2522 de
3356 2468 3446 2522 Dei
3474 2471 3691 2536 auxilio,
3723 2474 3910 2544 ipsum

2309 2552 2485 2599 autem
2516 2561 2620 2599 non
2647 2549 2823 2602 statim
2840 2553 3004 2617 venit,
3022 2554 3118 2609 sed
3138 2566 3416 2614 cunctatur
3430 2569 3485 2616 et
3499 2560 3694 2628 differt,
3717 2574 3780 2620 et
3806 2567 3915 2621 hoc

2311 2636 2506 2689 nmltos
2532 2637 2694 2692 efﬁcit
2714 2639 3034 2709 ignaviores,
3060 2648 3295 2702 ostendit
3317 2664 3435 2706 esse
3461 2651 3513 2705 in
3546 2651 3758 2710 foribus
3781 2672 3917 2728 sup-

2313 2729 2547 2798 plicium,
2565 2739 2620 2786 et
2633 2734 2800 2788 malos
2816 2733 2867 2788 id
2887 2739 3109 2806 perpeti,
3125 2739 3259 2795 sicut
3274 2740 3402 2796 dicit
3416 2743 3573 2798 etiam
3585 2744 3825 2805 Paulus:
3846 2748 3919 2802 Et

2311 2822 2590 2877 mercedem
2608 2841 2757 2895 quam
2790 2829 3009 2898 oportuit
3028 2833 3213 2886 erroris
3234 2834 3314 2888 sui
3329 2834 3381 2888 in
3409 2836 3587 2907 seipsis
3605 2840 3919 2906 recipientes

2315 2913 2490 2984 (Rom.
2522 2917 2572 2985 1.
2598 2918 2713 2988 27).
2742 2919 2871 2975 Vide
2892 2930 3066 2977 autem
3096 2939 3253 2994 quam
3281 2928 3494 2996 proprie
3514 2938 3690 2984 utatur
3711 2932 3923 2990 dictio—
4027 2940 4029 2971 ¹

2312 3006 2485 3061 nibus.
2534 3006 2721 3077 Inﬁxae
2760 3022 2910 3079 sunt;
2949 3013 3050 3069 hoc
3086 3025 3197 3080 est,
3233 3032 3327 3086 per
3355 3019 3459 3072 vim
3489 3030 3712 3076 retentae
3741 3037 3882 3078 sunt
3904 3068 3919 3086 .
4026 3034 4029 3067 1

2312 3109 2437 3153 sunt
2484 3101 2533 3154 ei
2580 3101 2911 3159 inevitabiles
2955 3114 3154 3174 paratas
3202 3109 3426 3165 insidiae.
3470 3111 3536 3166 Et
3581 3129 3799 3177 rursus,
3854 3116 3925 3171 In

2313 3187 2491 3258 laqueo
2528 3191 2624 3244 isto
2653 3209 2799 3263 quem
2840 3195 3230 3264 absconderant,
3272 3202 3663 3269 comprehensus
3699 3215 3786 3259 est
3832 3225 3926 3275 pes

2314 3295 2508 3333 eorum.
2543 3280 2799 3348 Vinculis,
2831 3285 3020 3356 inquit,
3050 3303 3168 3357 qum
3194 3290 3329 3345 solvi
3356 3305 3643 3362 nequeunt,
3672 3296 3929 3353 adstrin-
4028 3314 4029 3317 ‘

2312 3382 2508 3439 guntur
2528 3372 2774 3443 improbi.
2799 3377 2921 3432 Hzec
2941 3381 3198 3449 apostolis
3217 3393 3272 3438 et
3291 3382 3491 3440 Judaeis
3514 3403 3924 3445 usuveneruut.

2315 3462 2536 3529 Quando
2573 3466 2714 3519 enim
2759 3467 2954 3522 bellum
2994 3473 3253 3541 gerebant
3288 3490 3409 3530 cum
3454 3480 3739 3547 apostolis,
3797 3482 3933 3537 illos

2316 3555 2529 3623 quidem
2559 3557 2689 3611 nihil
2722 3559 3004 3629 laedebant,
3036 3565 3189 3619 malis
3218 3577 3394 3621 autem
3427 3568 3936 3629 innumerabilibus

2318 3646 2523 3715 seipsos
2570 3649 2934 3718 implicabant,
2982 3656 3215 3722 civitate,
3268 3673 3323 3715 et
3361 3661 3639 3725 libertate,
3685 3676 3755 3721 et
3802 3669 3939 3723 aliis

2317 3739 2564 3795 oumibus
2588 3745 2782 3810 eversi,
2809 3753 2864 3800 et
2887 3749 3158 3804 crescebat
3186 3752 3397 3819 quidem
3429 3755 3769 3825 praedicatio,
3805 3760 3939 3814 dis-

2318 3828 2675 3898 perdebantur
2697 3845 2873 3890 autem
2896 3840 2982 3908 qui
3017 3841 3270 3909 parabant
3299 3843 3539 3899 insidias.
3574 3847 3641 3901 Et
3662 3851 3764 3917 qui
3818 3861 3942 3905 trcs

2323 3933 2514 3986 pueros
2544 3922 2596 3975 in
2629 3922 3003 3995 Babylonicam
3049 3929 3318 3987 fornacem
3368 3934 3707 3992 immiserunt
3751 3941 3832 3996 ab
3872 3958 3942 3995 ea

2322 4025 2507 4065 rursus
2531 4015 2671 4083 capti
2699 4025 2822 4070 sunt
2862 4018 2934 4089 (b)
2957 4038 2970 4074 :
2993 4022 3136 4090 quod
3176 4025 3334 4078 etiam
3368 4026 3419 4080 in
3453 4027 3667 4083 Daniele
3714 4034 3941 4087 factum

2323 4109 2424 4155 est.
2453 4101 2558 4156 Sed
2605 4104 2654 4157 in
2705 4106 2922 4163 Daniele
2967 4111 3179 4181 quidem
3223 4114 3326 4170 hoc
3354 4117 3550 4172 merito
3578 4121 3824 4188 accidit,
3864 4125 3947 4178 illi

2322 4191 2465 4245 enim
2498 4193 2668 4264 ipsum
2701 4197 2993 4266 iniecerant
3018 4219 3032 4255 :
3057 4202 3109 4257 in
3142 4205 3310 4261 tribus
3337 4216 3513 4262 autem
3546 4211 3736 4280 pueris
3764 4214 3947 4283 quid-

2324 4297 2445 4336 nam
2476 4295 2560 4339 est
2587 4285 2640 4339 in
2666 4303 2847 4356 causa,
2878 4292 3018 4361 quod
3041 4308 3161 4348 cum
3190 4311 3286 4351 rex
3310 4311 3600 4368 peccasset,
3625 4302 3659 4356 ii
3686 4306 3793 4373 qui
3825 4316 3950 4361 sta-

2325 4376 2454 4432 bant
2476 4388 2599 4434 ante
2625 4381 2895 4437 fornacem
2916 4425 2931 4448 ,
2962 4388 3296 4456 puniuntur?
3332 4391 3592 4458 Quoniam
3638 4395 3673 4449 ii
3704 4412 3951 4469 quoque

2326 4469 2415 4538 qui
2452 4470 2600 4526 fuere
2642 4474 2941 4541 combusti,
2972 4480 3181 4548 tyranni
3219 4480 3393 4550 jussui
3433 4484 3853 4553 inservierant,
3896 4503 3961 4544 et

2328 4573 2542 4614 auream
2570 4570 2798 4618 statuam
2825 4566 3196 4624 adoraverant.
3218 4570 3284 4625 In
3310 4574 3508 4643 laqueo,
3531 4592 3678 4646 quem
3705 4578 3966 4634 abscon-

2330 4651 2531 4709 derunt.
2555 4654 2683 4709 Vide
2701 4659 2969 4726 quomodo
2986 4662 3281 4719 ostenderit
3301 4664 3711 4723 inenarrabilem
3737 4685 3968 4727 eorum

2331 4760 2449 4802 esse
2491 4748 2951 4818 vituperationem.
3003 4754 3135 4822 Quia
3178 4758 3320 4812 enim
3366 4759 3507 4828 quod
3564 4760 3757 4826 ﬁebat,
3831 4778 3974 4819 erat

2333 4837 2546 4906 plenum
2590 4840 2897 4909 ignominia,
2941 4844 3061 4900 ideo
3093 4848 3299 4916 celant,
3344 4859 3399 4905 et
3440 4862 3704 4906 conantur
3738 4854 3971 4912 latere.

2333 4930 2421 4984 17.
2452 4929 2782 5003 Cognoscitur
2823 4933 3068 4990 Dominus
3097 4939 3299 5008 judicia
3344 4941 3557 5011 faciens.
3591 4942 3802 5009 Alius,
3859 4946 3972 5000 Co-

2333 5023 2503 5091 gnilus
2530 5034 2602 5078 est
2616 5025 2874 5096 judicium
2895 5029 3104 5098 faciens.
3129 5030 3243 5086 Hoc
3263 5042 3346 5087 est
3368 5035 3610 5102 puniens,
3632 5035 3978 5107 ulciscens,

2335 5128 2680 5185 persequens.
2711 5116 2902 5173 Vidisti
2929 5118 3069 5174 aliud
3098 5136 3267 5191 genus
3298 5123 3540 5179 beneﬁcii
3581 5141 3649 5178 ex
3694 5130 3984 5201 castiga—

2400 5325 2478 5388 (a)
2514 5326 2632 5374 tteb.
2659 5321 2831 5391 ΊᾨὈ.
2859 5334 2971 5391 Haec
3014 5327 3353 5388 interpretatio
3374 5329 3567 5379 videtur
3589 5333 3823 5383 omnino
3852 5351 3995 5391 esse

2330 5388 2469 5462 juxta
2484 5388 2828 5462 Symmachum,
2841 5390 2924 5452 qui
2936 5402 3105 5462 νοερῷ
3120 5394 3311 5449 manu
3327 5391 3474 5440 vertit
3486 5398 3663 5451 (hasce,
3691 5388 3995 5462 ιεαςτίσόένξ

2338 5458 2440 5519 hoc,
2453 5463 2545 5517 est,
2561 5456 2815 5519 immersus
2837 5474 2964 5519 sum.
2984 5459 3153 5509 Psalm.
3186 5462 3266 5511 68.
3283 5463 3334 5511 5.

2401 5517 2476 5581 (b)
2508 5518 2651 5568 savil.
2677 5532 2691 5568 :
2725 5536 2747 5565 ι
2771 5527 2882 5570 Ilaec
2905 5517 3014 5583 pars
3030 5522 3262 5579 historiae,
3286 5534 3398 5584 quae
3433 5523 3712 5573 etiamnum
3743 5525 3811 5577 in
3838 5531 4007 5580 chal-

2339 5581 2446 5647 dzeo
2484 5581 2925 5647 exstat,_‘tempore
2949 5581 3381 5647 _Chrysostomi,‘ut
3415 5585 3737 5647 videtur,_‘in
3783 5595 4009 5643 Gra‘cis

2342 5646 2489 5714 etiam
2518 5641 2768 5716 (iudicibus
2793 5641 3062 5716 exstabat;
3080 5657 3205 5716 quae
3249 5641 3378 5716 nunc
3422 5646 3470 5716 in
3501 5643 3789 5716 panibus.
3846 5641 4011 5716 quod

2345 5705 2511 5767 sciam,
2528 5706 2704 5767 Griecis
2728 5704 2935 5767 vulgatis
2955 5704 3280 5767 desideratur.
3304 5722 3329 5752 ι
3360 5715 3408 5756 tu
3431 5704 3625 5765 vulgata
3648 5704 3889 5762 lassieu'
3907 5704 4011 5765 uo;

2350 5773 2449 5814 stra
2473 5764 2667 5827 legitur.
2695 5764 2876 5815 Daniel.
2900 5769 2945 5815 5.
2961 5765 3039 5815 22.
