4068 6288
306 323 392 377 151
1425 312 1792 371 EXPOSITIO
1835 311 1864 367 ί]

1972 312 2271 369 ’ΞΑίλΜυΜ
2304 313 2389 370 IX.

291 440 414 491 λουν
442 435 659 497 ἐκεῖνοι,
691 431 785 484 καὶ
817 432 913 485 οὐκ
947 433 1009 484 ἐκ
1040 431 1335 501 προοιμίων
1377 430 1667 501 ἐτύγχανον
1701 440 1749 483 ⁸.
1788 429 1851 481 Τί

290 528 465 582 τοίνυν
496 526 644 579 ἐστὶν
675 523 703 577 ὃ
734 523 910 592 λέγει;
956 522 1047 593 Μὴ
1090 523 1344 593 νομίσητε
1389 522 1470 575 ὅτι
1505 522 1796 575 ἐπελάθετο
1830 524 1858 574 ό

287 620 443 684 Θεὸς,
490 618 585 670 καὶ
632 615 722 669 διά
768 614 925 668 τοῦτο
952 614 1051 668 οὐκ
1097 613 1386 683 ἐπεξῆλθεο
1416 613 1650 685 καὶγὰρ
1694 614 1857 667 αὐτοῦ

290 710 419 761 ἴδιον
447 708 508 761 τὸ
536 708 604 760 τά
624 705 851 759 τοιαῦτα
875 704 1075 773 ζητεῖν,
1109 705 1201 757 καὶ
1230 703 1455 772 μηδενὸς
1482 704 1858 774 παρακαλοῦν-

284 812 404 857 τος·
441 796 568 847 ὅταν
609 793 667 847 δέ
698 790 1076 862 παρακαλῶσι,
1109 792 1202 843 καὶ
1244 792 1487 844 ταπεινοὶ
1516 792 1566 844 οἱ
1612 808 1861 861 παρακα-

281 887 504 949 λοῦντες
524 879 649 947 ῶσι,
684 882 863 953 πολλῷ
890 882 1066 935 πλέον.
1105 883 1389 949 Ἐλέησόν
1408 899 1505 950 με,
1540 882 1737 948 Κύριε,
1771 882 1860 935 ἴδε

277 979 400 1047 τὴν
434 976 802 1031 ταπείνωσίν
818 991 932 1043 μου
952 975 1019 1025 ἐκ
1043 973 1162 1026 τῶν
1178 973 1406 1043 ἐχθρῶν
1425 992 1564 1042 μου.
1607 973 1667 1026 ’0
1688 971 1859 1040 ὑψῶν

271 1088 355 1141 με
375 1071 449 1123 ἐκ
466 1068 587 1123 τῶν
607 1066 823 1121 πυλῶν
842 1068 944 1121 τοῦ
965 1064 1243 1129 θανάτου,
1266 1067 1422 1130 ὅπως
1441 1065 1517 1118 ἂν
1538 1064 1858 1132 ἐξαγγείλαι

275 1160 492 1224 πάσας
511 1159 618 1223 τὰς
631 1157 896 1222 αἱνέσεις
921 1173 1037 1211 σου
1059 1157 1128 1210 ἐν
1144 1157 1273 1220 ταῖς
1296 1157 1518 1219 πύλαις
1542 1153 1651 1220 τῆς
1681 1159 1858 1222 θυγα-

275 1252 425 1318 τρὸς
473 1250 644 1304 Σιών.
710 1249 922 1311 ιἌλλος,
981 1249 1092 1312 Τὰς
1123 1244 1415 1315 ὑμνήσεις
1464 1262 1597 1297 σου.
1643 1244 1854 1306 Ἄλλος,

283 1342 441 1406 Τοὺς
465 1342 757 1406 ἐπαίνους
791 1356 927 1393 σου.
959 1339 1102 1407 Ὅρα
1142 1336 1302 1391 αὐτὸν
1334 1335 1596 1407 διηνεκῶς
1621 1338 1684 1405 τῇ
1726 1336 1855 1405 εὐχῇ

275 1432 730 1502 προσηλωμένον.
756 1431 866 1484 Καὶ
880 1430 987 1500 γὰρ
1003 1429 1335 1497 ἀπαλλαγεὶς
1348 1428 1455 1480 τῶν
1471 1427 1675 1488 δεινῶν,
1697 1428 1785 1479 καὶ
1801 1428 1858 1479 ἐν

272 1523 557 1592 ἀσφαλείᾳ
566 1523 873 1592 γενόμενος,
890 1521 989 1573 οὐκ
1004 1521 1294 1590 ἀφίσταται
1305 1519 1397 1573 τοῦ
1414 1518 1574 1571 πάλιν
1586 1518 1707 1588 εὐχε
1716 1518 1857 1580 σθαι,

271 1618 485 1685 λέγων,
518 1615 813 1683 Ἐλέησόν
825 1631 921 1683 με,
947 1616 1040 1667 καὶ
1064 1615 1204 1684 ὑπὲρ
1231 1612 1338 1667 τῶν
1366 1613 1665 1683 μελλόντων
1698 1612 1860 1666 αὐτὸν

275 1707 652 1778 παρακαλῶν.
688 1707 800 1759 Ἀεὶ
831 1708 927 1776 μὲν
953 1707 1059 1777 γὰρ
1083 1706 1313 1776 δεόμεθα
1342 1706 1439 1776 τῆς
1460 1705 1550 1759 τοῦ
1571 1704 1705 1758 Θεοῦ
1735 1721 1861 1774 προ-

272 1798 440 1858 νοίας
458 1838 473 1859 ,
505 1796 735 1866 μάλιστα
761 1796 817 1848 δέ
841 1799 898 1849 ἐν
923 1800 985 1867 τῇ
1014 1796 1121 1850 τῶν
1154 1797 1339 1851 κακῶν
1365 1797 1670 1867 ἀπαλλαγῇ.
1704 1798 1859 1848 ’Ἐτε-

272 1908 377 1961 ρος
389 1888 468 1956 γά
478 1907 506 1959 ρ
517 1889 815 1958 διαδέχεται
835 1890 1063 1955 πόλεμος
1075 1889 1164 1942 τοῦ
1184 1890 1444 1961 προτέρου
1462 1889 1855 1961 χαλεπώτερος,

267 1982 299 2033 ό
326 1980 439 2048 τῆς
461 1979 750 2049 ῥᾳθυμίας,
777 1982 806 2032 ό
828 1980 925 2049 τῆς
947 1980 1227 2043 ἀπονοίας·
1255 1983 1349 2035 καὶ
1373 1981 1725 2051 σφοδρότερον
1740 1981 1857 2032 τότε

266 2074 297 2124 ό
322 2070 585 2132 διάϐολος
614 2074 757 2126 πνεῖ.
783 2072 944 2123 Ὥστε
966 2071 1201 2141 μάλιστα
1237 2073 1374 2142 μετά
1403 2073 1462 2125 τὸ
1483 2072 1859 2140 ἀπαλλαγῆναι

267 2159 388 2215 τῶν
428 2160 637 2223 κακῶν,
660 2159 893 2231 δεόμεθα
918 2161 1018 2230 τῆς
1046 2162 1214 2232 ῥοπῆς
1239 2161 1472 2231 ἐκείνης,
1508 2161 1593 2213 ἵνα
1625 2161 1861 2223 εὐκόλως

267 2257 380 2314 τὰς
434 2250 732 2323 εὐημερίας
763 2251 1095 2321 ἐνέγκωμεν.
1138 2251 1287 2303 Ἐπεὶ
1330 2251 1424 2303 καὶ
1480 2250 1720 2303 Ἰουδαῖοι
1754 2250 1860 2302 τῶν

270 2341 606 2410 Αἰγυπτίων
634 2342 1058 2410 ἀπαλλαγέντες,
1103 2342 1161 2394 ἐν
1195 2339 1416 2411 χαλεπῷ
1444 2336 1583 2411 ἦσαν
1617 2339 1855 2410 πολέμῳ,

269 2438 343 2505 τῇ
376 2434 615 2505 ἀπονοίᾳ
645 2435 737 2488 καὶ
766 2436 831 2504 τῇ
869 2433 1129 2505 ῥᾳθυμίᾳ.
1166 2432 1298 2486 Τότε
1325 2432 1455 2499 γοῦν
1493 2432 1724 2502 μάλιστα
1768 2433 1863 2485 καὶ

270 2524 585 2584 ἀπέθανον,
600 2523 676 2595 μὴ
690 2521 1003 2592 δυνηθέντες
1019 2520 1394 2591 στρατηγῆσαι
1415 2518 1615 2582 καλῶς.
1647 2518 1861 2589 Ἐπειδὴ

270 2618 386 2690 γάρ
439 2615 570 2668 οὔτε
610 2615 744 2687 πρὸς
768 2614 1119 2684 λαιμαργίαν,
1158 2612 1279 2666 οὔτε
1323 2612 1457 2683 πρὸς
1498 2611 1863 2682 μικροψυχίαν

270 2710 526 2777 ἔστησαν
585 2705 866 2774 γενναίως,
916 2705 1051 2758 ἀλλά
1096 2703 1202 2756 τῶν
1244 2702 1551 2771 Αἰγυπτίων
1599 2702 1666 2754 τὰ
1714 2700 1863 2771 πάθη

273 2802 592 2873 ἐζήλωσαν,
616 2797 788 2850 ταῦτα
820 2797 1016 2858 αὐτοὺς
1047 2794 1315 2849 ἀπώλεσε.
1360 2796 1469 2847 Καὶ
1509 2796 1536 2848 ὁ
1582 2793 1744 2846 Δαυῒδ
1772 2794 1865 2846 ἐπὶ

271 2893 372 2948 τοῦ
414 2890 594 2945 Σαοὺλ
634 2889 967 2956 ἀπαλλαγεὶς
1013 2887 1119 2941 τῶν
1159 2886 1345 2941 δεινῶν
1395 2889 1488 2941 καὶ
1534 2885 1643 2940 τῶν
1689 2887 1864 2940 ἄλλων

274 2983 587 3056 πολεμίων,
638 2983 827 3053 ἐπειδὴ
872 2981 1102 3045 ἀνέσεως
1147 2981 1443 3043 ἀπέλαυσε,
1486 2978 1864 3051 χαλεπώτερον

275 3077 498 3145 ὑπέστη
534 3074 790 3143 πόλεμον,
816 3072 907 3125 τὸν
937 3071 1034 3141 τῆς
1054 3069 1349 3123 ἀκολάστου
1373 3068 1685 3138 ἐπιθυμίας,
1716 3068 1774 3132 ὃς
1798 3070 1862 3139 δὴ

276 3169 369 3222 καὶ
431 3165 700 3236 μειζόνως
747 3162 908 3216 αὐτὸν
956 3161 1199 3213 ἐκόλασε.
1230 3159 1319 3212 Διὸ
1365 3159 1430 3230 δὴ
1472 3160 1706 3228 μάλιστα
1743 3160 1863 3213 τότε

276 3257 380 3329 χρὴ
416 3253 733 3324 φοϐεῖσθαι,
767 3254 894 3306 ὅταν
924 3250 1034 3304 τῶν
1060 3250 1248 3303 δεινῶν
1278 3250 1697 3321 ἀπαλλαγῶμεν.

339 3432 414 3497 ζ’.
432 3436 711 3505 Καθάπερ
731 3435 839 3505 γὰρ
862 3435 1047 3506 θηρίον
1063 3433 1343 3504 δεδεμένον
1370 3434 1466 3503 οὐχ
1496 3431 1637 3486 οὕτω
1668 3431 1865 3500 φοϐού-

280 3529 452 3597 μεθα,
479 3526 556 3589 ὡς
584 3525 782 3593 ἀφεθέν
803 3541 817 3555 ·
846 3524 988 3577 οὓτω
1006 3524 1069 3594 δὴ
1102 3524 1196 3577 καὶ
1223 3523 1322 3594 τὴν
1349 3522 1546 3576 κακίαν
1574 3523 1671 3591 οὐχ
1690 3520 1866 3585 οὕτως

277 3619 333 3672 ἐν
352 3615 547 3685 θλίψει
572 3613 865 3667 δεδοικέναι
893 3614 998 3683 χρή
1020 3630 1033 3644 ·
1064 3613 1182 3665 τότε
1206 3612 1313 3684 γὰρ
1336 3612 1545 3666 δέδεται
1571 3615 1637 3683 τῇ
1660 3612 1865 3685 ἀθυμίᾳ.

279 3709 372 3762 καὶ
412 3709 537 3767 τοίς
566 3703 744 3767 ἄλλοις
776 3703 994 3773 δεσμοῖς
1012 3719 1027 3733 ·
1054 3702 1190 3755 ἀλλά
1214 3703 1350 3773 μετά
1381 3703 1480 3774 τὴν
1511 3705 1715 3765 ἄνεσιν,
1744 3704 1864 3756 τότε

280 3800 381 3870 χρὴ
424 3797 750 3850 δεδοικέναι.
793 3795 890 3848 Διά
914 3795 979 3865 δὴ
1018 3794 1173 3847 τοῦτο
1204 3796 1323 3865 ὄψει
1352 3795 1610 3857 πολλάκις
1639 3794 1737 3858 τάς
1778 3794 1867 3848 εὐ-

279 3890 532 3963 πραγίας
556 3889 777 3958 μείζονα
799 3885 906 3939 τῶν
928 3885 1111 3939 κακῶν
1130 3886 1500 3957 ἐργαζομένας
1519 3885 1685 3940 δεινά.
1710 3884 1866 3939 Οῦτω

278 3984 370 4036 καὶ
412 3976 668 4043 Ἐζεκίας
702 3975 841 4046 μετά
869 3976 930 4028 τὸ
962 3977 1216 4047 τρόπαιον
1251 3976 1474 4046 ἔμελλεν
1510 3976 1863 4031 ἀπόλλυσθαι.

278 4072 437 4148 [104]
496 4070 587 4125 Διὸ
629 4069 723 4124 καὶ
768 4062 923 4132 οὗτος
970 4067 1202 4139 ἀλλαχοῦ
1234 4083 1427 4139 φησιν’
1467 4070 1707 4138 Ἆγαθόν
1741 4086 1862 4138 μοι,

280 4169 366 4221 in
395 4160 827 4226 ἐταπείνωσάς
838 4177 935 4229 με.
962 4162 1073 4214 Καὶ
1101 4161 1192 4214 τὸν
1208 4160 1353 4214 ἔλεον
1370 4160 1522 4232 ζητεῖ
1543 4160 1703 4214 πάλιν
1728 4160 1864 4231 μετά

280 4259 373 4331 τὴν
402 4252 763 4324 ἀπαλλαγὴν,
810 4252 904 4306 καὶ
942 4252 1120 4322 τίθησι
1147 4253 1419 4324 δικαίωμα
1446 4252 1540 4306 τοῦ
1568 4253 1769 4316 ἐλέους,
1803 4253 1867 4307 τὸ

284 4349 484 4403 παθεῖν
512 4344 727 4407 κακῶς.
756 4342 869 4396 Ἴδε
890 4341 997 4412 γὰρ
1023 4342 1138 4411 τὴν
1152 4345 1511 4398 ταπείνωσιν
1519 4362 1638 4415 μου
1662 4345 1729 4399 ἐκ
1748 4345 1867 4399 τῶν

287 4437 658 4511 ἑχθρῶνμου
677 4453 691 4467 ⁸
723 4438 814 4491 καὶ
838 4436 1023 4506 ἓτερον
1051 4436 1212 4490 πάλιν
1231 4451 1244 4464 ·
1286 4436 1340 4488 ’0
1365 4434 1542 4504 ὑψῶν
1562 4453 1638 4504 με
1658 4436 1726 4491 ἐκ
1750 4434 1867 4489 τῶν

289 4535 503 4590 πυλῶν
516 4532 629 4587 τοῦ
645 4532 925 4587 θανάτου.
945 4531 1052 4586 Καὶ
1063 4530 1171 4601 γὰρ
1193 4530 1329 4600 πρὸς
1343 4529 1434 4583 τὸν
1448 4530 1755 4600 προστάτην
1772 4529 1868 4582 καὶ
1948 4542 1949 4545 ‘

291 4627 569 4699 κηδεμόνα
611 4623 963 4692 καταφεύγω,
994 4624 1087 4677 καὶ
1116 4621 1202 4676 ἀεί
1234 4638 1323 4692 μοι
1350 4623 1507 4692 χεῖρα
1536 4621 1863 4691 παρέχοντα.

293 4717 437 4784 Εἶδες
468 4717 642 4771 αὐτὸν
663 4716 722 4767 ἐν
752 4718 818 4785 τῇ
841 4715 1053 4784 αἰτήσει
1085 4714 1192 4766 τῶν
1224 4713 1524 4782 μελλόντων
1548 4713 1868 4784 εὐχάριστον

294 4809 423 4882 ὑπὲρ
445 4810 566 4863 τῶν
590 4806 970 4877 παρελθόντων
990 4806 1290 4875 γινόμενον,
1313 4806 1407 4859 καὶ
1432 4805 1624 4875 διπλῆν
1645 4804 1868 4873 λέγοντα

298 4901 653 4973 εὐεργεσίαν;
705 4899 781 4951 Οὐ
828 4896 938 4966 γὰρ
987 4893 1155 4960 εἶπεν,
1196 4895 1254 4950 ’0
1282 4895 1634 4950 ἀπαλλάττων
1668 4912 1735 4966 με
1761 4896 1870 4949 τῶν

302 4996 474 5048 τυλῶν
501 4991 605 5045 τοῦ
632 4990 890 5053 θανάτου,
916 4988 1049 5049 ἀλλ’,
1085 4987 1147 5041 '0
1166 4986 1343 5055 ὑψῶν
1362 5004 1457 5056 με.
1485 4986 1560 5041 Οὐ
1587 4986 1695 5058 γάρ
1714 4988 1873 5058 μέχρι

302 5086 383 5137 τοῦ
410 5085 580 5140 λῦσαι
600 5082 669 5135 τά
687 5080 839 5134 δεινά
866 5079 1047 5132 ἵστατο
1076 5080 1108 5144 ἡ
1136 5078 1423 5149 εὐεργεσία
1447 5076 1539 5132 τοῦ
1565 5077 1723 5143 Θεοῦ,
1740 5078 1874 5131 ἀλλά

304 5176 385 5228 καὶ
410 5173 769 5246 θαυμαστοὺς
802 5170 995 5231 ἐποίει,
1026 5170 1117 5224 καί¹
1145 5168 1545 5233 ἐπιδόξους,κα“ι
1565 5169 1876 5239 λαμπροτέ-

309 5282 439 5331 ρους,
455 5269 554 5320 καὶ
568 5262 833 5335 ὑψηλούς.
852 5260 956 5315 Kal
972 5263 1071 5315 οὐκ
1092 5259 1264 5321 εἶπεν,
1293 5262 1386 5314 Ἐκ
1402 5261 1498 5330 τῆς
1521 5260 1716 5331 πύλης,
1738 5260 1875 5325 ἀλλ’,

318 5356 399 5411 Ἐκ
420 5357 541 5410 τῶν
556 5352 796 5420 πυλῶν,
813 5353 874 5407 τὺ
898 5352 1030 5406 πολὺ
1053 5353 1159 5405 τῶν
1184 5351 1441 5407 κινδύνων
1470 5350 1663 5422 δηλῶν.
1689 5352 1880 5417 Ὅπως

320 5448 379 5499 ἃν
401 5449 739 5518 ἐξαγγείλω
762 5444 970 5509 πάσας
994 5444 1097 5509 τὰς
1118 5444 1381 5507 αἱνέσεις
1397 5459 1512 5498 σου
1528 5445 1598 5498 ἐν
1620 5444 1746 5508 ταῖς
1774 5445 1883 5497 πύ-

367 5706 388 5731 ⁸
411 5705 544 5754 Cnlb.
572 5706 627 5752 ἐκ
646 5705 918 5764 προοιμίων
940 5698 1149 5745 ἐκάλουν.

580 5808 867 5867 ΡΑτιιοι..
904 5802 1019 5863 Gn.
1070 5802 1191 5863 LV.

3438 317 3535 369 ΠΣ

1970 431 2105 493 λαις
2127 429 2235 496 τῆς
2260 430 2549 500 θυγατρὸς
2564 429 2734 484 Σιών.
2761 432 2824 484 "O
2853 431 3026 484 ποιεῖν
3054 430 3164 493 τοῖς
3192 428 3370 493 ἄλλοις
3397 446 3537 500 παρ.

1968 519 2146 587 ᾑνεσε,
2171 521 2327 574 τοῦτο
2344 521 2435 575 καὶ
2453 522 2615 585 αὐτὸς
2635 524 2802 575 ποιεῖ·
2837 521 3245 591 Ἀναγγείλατε
3271 518 3400 589 γάρ,
3433 536 3537 589 φη-

1968 613 2072 675 σὶν,
2097 614 2166 665 ἐν
2190 613 2310 678 τοῖς
2340 614 2543 667 ἔθνεσι
2575 613 2647 667 τὰ
2672 612 3107 681 ἐπιτηδεύματα
3141 611 3347 665 αὑτοῦ.
3366 609 3537 664 Τοῦτο

1968 703 2063 755 ml
2080 702 2191 771 ἐγὼ
2204 702 2299 756 νῦν
2312 704 2637 775 ἐργάσομαι·
2655 705 2748 758 καὶ
2760 704 2858 756 οὐκ
2871 703 3174 775 ἐργάσομαι
3196 701 3400 764 ἁπλῶς,
3422 701 3539 761 ἐνὸς

1968 793 2252 860 παρόντος,
2292 792 2386 846 καὶ
2416 793 2528 859 δύο,
2566 795 2659 847 καὶ
2691 792 2879 865 τριῶν,
2901 793 3013 845 ἀλλ’
3032 794 3089 845 ἐν
3134 791 3284 862 μέσῳ
3304 791 3535 861 θεάτρῳ.

1979 882 2443 953 Ἀγαλλιάσομαι
2459 886 2555 938 ἐπὶ
2574 885 2654 951 τῷ
2672 885 2939 953 σωτηρίῳ
2962 898 3103 939 σου.
3127 883 3295 936 Τοῦτό
3316 879 3405 953 μοι
3427 882 3542 935 στέ-

1969 992 2155 1042 φανος,
2195 975 2352 1028 τοῦτό
2395 994 2484 1046 μοι
2516 976 2769 1048 διάδημα,
2802 977 2862 1029 τὸ
2905 976 2992 1030 διὰ
3042 975 3135 1030 σοῦ
3177 977 3373 1046 στῆσαι
3412 977 3538 1047 τρό-

1970 1083 2149 1130 παιον,
2190 1067 2250 1119 τὸ
2274 1066 2361 1120 διὰ
2402 1068 2494 1120 σοῦ
2524 1060 2793 1139 σωτηρίας
2823 1068 3145 1122 ἀπολαῦσαι.
3182 1068 3338 1121 Οὕτω
3358 1068 3420 1138 δὴ
3446 1067 3540 1121 καὶ

1969 1159 2130 1227 ἡμεῖς
2170 1158 2243 1229 μὴ
2290 1159 2506 1222 πάντως
2541 1160 2779 1229 σωθῆναι
2810 1162 3153 1231 ζητήσωμεν,
3203 1159 3277 1231 μὴ
3324 1160 3541 1220 πάντως

1970 1249 2348 1319 ἀπαλλαγῆναι
2396 1250 2502 1303 τῶν
2545 1250 2731 1303 δεινῶν
2774 1252 2934 1304 παντὶ
2977 1253 3184 1323 τρόπῳ,
3224 1252 3359 1305 ἀλλά
3398 1251 3539 1305 κατά

1969 1339 2119 1391 θεόν.
2167 1339 2336 1392 Τοῦτο
2365 1340 2421 1393 δὲ
2453 1340 2615 1409 λέγω,
2651 1340 2738 1394 διὰ
2767 1344 2893 1405 τοὺς
2926 1342 3200 1406 ἐπαοιδαῖς
3229 1342 3539 1413 χρωμένους

1970 1432 2028 1482 ἐν
2055 1432 2174 1494 ταῖς
2206 1430 2401 1494 νόσοις,
2437 1433 2529 1485 καὶ
2560 1433 2749 1505 ἐτέρας
2786 1431 3122 1503 μαγγανείας
3152 1431 3540 1502 ἐπιζητοῦντας

1970 1524 2048 1585 είς
2081 1522 2434 1594 παραμυθίαν
2463 1523 2560 1593 τῆς
2595 1525 2925 1595 ἀρρωστίας.
2957 1524 3127 1577 Τοῦτο
3151 1524 3259 1595 γὰρ
3283 1524 3403 1594 οὐχὶ
3437 1540 3540 1576 σω-

1969 1613 2127 1684 θῆναί
2147 1616 2313 1678 ἐστιν,
2339 1613 2453 1665 ἀλλ’
2478 1615 2793 1669 ἀπολέσθαι.
2828 1613 2893 1667 ἸΙ
2914 1614 3021 1686 γὰρ
3045 1615 3275 1686 μεγίστη
3300 1615 3541 1686 σωτηρία

1966 1704 2028 1757 τὸ
2067 1705 2155 1758 διὰ
2200 1705 2294 1758 τοῦ
2346 1705 2481 1759 Θεοῦ
2539 1706 2795 1777 σωθῆναι.
2837 1704 3257 1776 Ἐνεπάγησαν
3284 1707 3426 1774 ἔθνη
3472 1709 3542 1759 ἐν

1967 1798 2285 1867 διαφθορᾷ,
2404 1799 2720 1866 ἐποίησαν.
2775 1799 2986 1864 Ἄλλος,
3042 1801 3533 1867 Ἐϐαπτίσθησαν.

1970 1890 2274 1960 Διαφθοράν
2303 1890 2400 1960 τὴν
2431 1891 2628 1943 κακίαν
2651 1891 2823 1959 λέγει·
2848 1891 2998 1943 οὐδὲν
3023 1892 3130 1961 γάρ
3150 1891 3290 1945 οὕτω
3307 1892 3541 1961 διαφθείο

1971 2000 2075 2051 ρει,
2096 1982 2169 2044 ὡς
2199 1982 2382 2038 κακία.
2410 1982 2573 2035 Οὐδὲν
2601 1982 2709 2053 γὰρ
2739 1982 3120 2053 ἀσθενέστερον
3158 1983 3251 2035 τοῦ
3280 1980 3539 2053 πονηροῦ.

1969 2075 2093 2137 Τοῖς
2126 2075 2346 2138 οἰκείοις
2371 2075 2552 2137 ὅπλοις
2584 2075 2882 2131 ἁλίσκεται.
2913 2073 3100 2143 ῶσπερ
3126 2075 3153 2127 ὁ
3192 2075 3406 2145 σίδηρος
3440 2074 3543 2128 ὑπ’»

1968 2168 2061 2221 τοῦ
2086 2168 2184 2231 ίοῦ,
2217 2168 2310 2221 καὶ
2335 2168 2393 2221 τὸ
2416 2168 2558 2238 ἔριον
2581 2166 2684 2219 ὑπὸ
2715 2166 2808 2220 τσῦ
2854 2165 3011 2237 σητός
3034 2183 3047 2196 ·
3083 2164 3223 2220 οὕτω
3260 2168 3353 2219 καὶ
3391 2170 3419 2220 ὁ
3450 2185 3543 2219 πο-

1968 2260 2130 2330 νηρὸς
2154 2259 2257 2312 ὑπὸ
2291 2261 2388 2328 τῆς
2417 2258 2630 2320 κακίας.
2661 2259 2820 2310 Ὠο-τε
2861 2259 2952 2310 καὶ
2985 2257 3089 2328 πρὸ
3125 2257 3224 2328 τῆς
3256 2258 3404 2331 παρά
3448 2259 3542 2311 τοῦ

1968 2350 2102 2403 Θεοῦ
2146 2351 2431 2421 τιμωρίας,
2475 2349 2611 2420 αὐτὴ
2654 2353 2686 2421 ἡ
2726 2351 2894 2404 κακία
2934 2350 3023 2402 τὸν
3054 2350 3287 2421 ἐργάτην
3328 2348 3548 2406 ἀπαιτεῖ

1968 2444 2142 2512 δίκην.
2202 2443 2418 2513 Ἐπειδὴ
2466 2443 2575 2515 γὰρ
2622 2442 2787 2496 πολλά
2825 2442 3079 2514 περὶτῆς
3114 2445 3224 2497 ἄνω
3262 2444 3414 2516 δίκης
3462 2446 3542 2497 δι-

1970 2535 2165 2606 ελέχθη
2196 2536 2289 2587 καὶ
2320 2534 2565 2605 περὶτῆς
2590 2534 2682 2587 τοῦ
2702 2534 2835 2587 Θεοῦ
2858 2536 3048 2606 ῥοπῆς,
3077 2535 3213 2606 αῦτη
3235 2537 3290 2589 δέ
3315 2537 3374 2589 οὐ
3403 2539 3542 2591 κατά

1971 2625 2134 2688 πόδας
2161 2624 2388 2689 ἔπεισιν,
2421 2625 2557 2678 ἀλλὰ
2598 2624 2782 2695 μέλλει
2821 2626 3077 2689 πολλάκις
3108 2627 3202 2679 καὶ
3250 2628 3544 2683 ἀναϐάλλε-⁸

1968 2735 2079 2782 ται,
2107 2718 2200 2771 καὶ
2227 2718 2383 2770 τοῦτο
2405 2719 2527 2780 τοὺς
2561 2717 2787 2781 πολλοὺς
2820 2718 3219 2790 ρᾳθυμοτέρους
3246 2722 3403 2779 ποιεῖ,
3438 2720 3546 2773 δείο

1970 2825 2159 2862 κνυσιν
2197 2808 2288 2861 ἐπὶ
2324 2807 2515 2880 θύραις
2548 2808 2644 2879 τὴν
2679 2809 2945 2881 τιμωρίαν
2986 2805 3168 2873 οὖσαν,
3204 2811 3296 2863 καὶ
3346 2810 3546 2880 ταύτην

1969 2900 2094 2963 τοὺς
2139 2900 2405 2971 πονηροὺς
2455 2899 2780 2968 ὑπομένειν,
2825 2899 3075 2972 καθάπερ
3125 2902 3217 2955 καὶ
3265 2904 3293 2955 ὁ
3337 2902 3546 2966 Παῦλός

1972 3009 2104 3062 φησι
2126 3009 2139 3020 ·
2160 2992 2267 3045 Καὶ
2294 2992 2405 3059 τὴν
2426 2990 2805 3060 ἀντιμισθίαν
2820 2988 2899 3059 ἣν
2916 2992 3036 3045 ἔδει
3051 2991 3162 3062 τῆς
3186 2993 3422 3062 πλάνης
3450 2996 3549 3049 αὐ·

1970 3083 2089 3137 τῶν
2107 3084 2175 3136 ἐν
2200 3082 2433 3149 ἑαυτοῖς
2466 3082 3012 3152 ἀπολαμϐάνοντες.
3045 3084 3154 3137 Καὶ
3183 3085 3285 3157 ὅρα
3311 3086 3426 3150 πῶς
3451 3103 3548 3140 κυ-

1976 3174 2103 3246 ρίως
2127 3175 2389 3245 κέχρηται
2424 3177 2542 3239 ταῖς
2574 3174 2802 3240 λέξεσιν.
2838 3172 3153 3244 Ἐνεπὰγη,
3188 3176 3319 3245 φησί
3352 3192 3364 3205 ·
3396 3194 3548 3229 τουτ-

1972 3267 2110 3331 έστι,
2144 3266 2283 3319 κατά
2317 3265 2516 3337 κράτος
2566 3266 2889 3337 κατεσχέθη,
2914 3266 3180 3335 ἀφευκτος
3210 3267 3355 3339 αὐτῷ
3399 3269 3550 3338 γέγο⁴

1972 3376 2060 3412 νεν
2111 3359 2144 3429 ἡ
2177 3358 2460 3429 ἐπιϐουλή.
2505 3359 2615 3411 Καὶ
2662 3358 2844 3412 πάλιν⁶
2878 3359 2981 3411 Ἕν
3011 3357 3216 3429 stay-[64
3257 3361 3441 3431 ταύτῃ
3462 3403 3476 3424 ,
3508 3356 3549 3435 ᾖ

1971 3451 2266 3519 ἔκρυψαν,
2292 3448 2648 3518 συνελήφθη
2682 3453 2714 3502 ό
2745 3449 2899 3515 ποὺς
2930 3450 3146 3505 αὐτῶν.
3172 3452 3400 3522 Δεσμοῖς
3428 3453 3551 3506 ἁλυ-

1972 3561 2104 3606 τοις,
2146 3543 2342 3613 φησὶν,
2374 3543 2422 3595 οί
2473 3543 2698 3612 πονηροὶ
2756 3541 3184 3613 περιπείρονται,
3228 3544 3411 3599 Ταῦτα
3457 3547 3549 3599 ἐπὶ

1970 3634 2079 3688 τῶν
2108 3634 2418 3687 ἀποστόλων
2448 3634 2541 3687 καὶ
2569 3634 2661 3686 ἐπὶ
2698 3633 2804 3687 τῶν
2857 3632 3123 3687 Ἰουδαίων
3156 3634 3396 3703 γέγονεν.
3420 3637 3547 3689 Ὅτε

1971 3727 2081 3796 γὰρ
2130 3727 2241 3789 τοῖς
2276 3725 2595 3787 ἀποστόλοις
2640 3725 2971 3795 ἐπολέμουν,
3002 3726 3242 3788 ἐκείνους
3267 3727 3365 3797 μέν
3398 3728 3549 3780 οὐδὲν

1972 3819 2258 3885 ἔϐλαπτον,
2293 3820 2517 3883 ἑαυτοὺς
2536 3818 2592 3875 δέ
2621 3819 2833 3891 μυρίοις
2857 3818 3206 3890 περιέϐαλλον
3238 3822 3445 3883 κακοῖς,
3461 3821 3551 3878 πό,

1970 3912 2106 3975 λεως
2131 3951 2147 3976 ,
2176 3911 2269 3964 καὶ
2302 3909 2612 3980 ἐλευθερίας
2634 3949 2649 3974 ,
2685 3910 2778 3962 καὶ
2810 3908 2914 3962 τῶν
2964 3909 3139 3964 ἀλλων
3170 3909 3423 3962 ἁπάντων
3450 3909 3538 3961 ὲκ-

1972 4003 2280 4064 πίπτοντες,
2316 4000 2409 4053 καὶ
2428 4000 2488 4052 τὸ
2513 3999 2611 4069 μὲν
2643 4001 2901 4070 κήρυγμα
2932 3999 3226 4070 ηὐξάνετο,
3258 4000 3306 4051 οἱ
3334 3998 3390 4052 δὲ
3422 3999 3546 4051 ἐπι-

1972 4092 2311 4155 ϐουλεύοντες
2339 4090 2678 4146 κατελύοντο.
2706 4090 2854 4163 [105]
2880 4092 2988 4144 Καὶ
3014 4094 3061 4143 οἱ
3095 4092 3221 4154 τοὺς
3244 4092 3392 4161 τρεῖς
3420 4092 3547 4143 παῖς

1970 4181 2065 4244 δας
2095 4180 2421 4251 ἐμϐαλόντες
2446 4181 2525 4243 είς
2553 4179 2651 4249 τὴν
2680 4179 3022 4232 Βαϐυλωνίαν
3056 4180 3305 4248 κάμινον,
3336 4179 3427 4233 ὐπ’
3450 4181 3548 4233 αὐ-

1971 4273 2068 4343 τῆς
2094 4272 2254 4325 πάλιν
2283 4271 2528 4324 ἑάλωσαν
2548 4286 2561 4300 ·
2598 4267 2625 4322 ὃ
2656 4270 2718 4342 δὴ
2762 4270 2854 4324 καὶ
2886 4271 2979 4323 ἐπὶ
3020 4269 3113 4323 τοῦ
3159 4272 3357 4341 Δανιὴλ
3384 4271 3545 4340 γέγο.

1972 4379 2080 4415 νεν.
2125 4361 2264 4414 Ἀλλ’
2293 4362 2383 4415 ἐπί
2410 4362 2506 4431 μὲν
2527 4359 2620 4413 τοῦ
2649 4360 2847 4431 Δανιὴλ
2878 4360 3036 4414 τοῦτο
3058 4361 3281 4425 εἰκότως
3302 4363 3547 4430 γέγονεν,

1974 4453 2127 4505 αὐτοὶ
2156 4452 2264 4522 γὰρ
2293 4452 2456 4505 αὐτὸν
2478 4450 2733 4504 ἐνέϐαλον
2753 4467 2769 4482 ⁸
2788 4451 2881 4504 ἐπὶ
2906 4451 2962 4503 δὲ
2987 4452 3096 4504 τῶν
3123 4451 3286 4523 τριῶν
3322 4454 3529 4506 παίδων

1973 4544 2026 4597 τί
2050 4545 2272 4615 δήποτε,
2303 4543 2397 4597 τοῦ
2430 4543 2692 4613 βασιλέως
2727 4543 3088 4614 ἁμαρτόντος,
3110 4545 3159 4596 οἱ
3200 4545 3304 4614 πρὸ
3324 4545 3423 4616 τῆς
3450 4563 3549 4599 κα-

1983 4636 2135 4707 μίνου
2179 4634 2409 4698 ἑστῶτες
2442 4630 2586 4687 οὗτοι
2633 4634 2980 4702 κολάζονται;
3018 4634 3140 4688 Ὅτι
3164 4637 3255 4689 καὶ
3294 4637 3343 4689 οἱ
3382 4654 3551 4690 κατα-

1978 4724 2299 4796 φλεχθέντες
2328 4720 2470 4779 οῦτοι
2499 4721 2640 4795 ἦσαν
2666 4725 2745 4795 τῷ
2774 4726 3107 4797 ὲπιτάγματι
3144 4726 3238 4780 τοῦ
3288 4727 3551 4798 τυράννου

1979 4817 2452 4888 ὑπηρετήσαντες,
2483 4818 2577 4870 καὶ
2614 4820 2681 4890 τῇ
2717 4818 2883 4871 εἰκόνι
2914 4821 2978 4890 τῇ
3024 4823 3195 4890 χρυσῇ
3243 4821 3554 4890 προσκυνήσ-

1981 4923 2191 4969 σαντες.
2231 4910 2332 4962 Ἐν
2361 4908 2583 4979 παγίδι,
2611 4904 2651 4980 ᾖ
2692 4908 2988 4978 ἔκρυψαν.
3022 4911 3161 4981 Ὅρα
3203 4911 3317 4974 πῶς
3357 4910 3553 4974 ἔδειξεν

1979 4998 2185 5068 ἄφατον
2210 4995 2376 5053 οὖσαν
2402 5000 2431 5039 ι)
2461 5001 2638 5053 αὐτῶν
2684 5000 2782 5069 τὴν
2814 5001 3164 5072 κατηγορίαν.
3203 5000 3419 5070 Ἐπειδὴ
3447 5004 3553 5071 γάρ

1983 5087 2241 5157 αἰσχύνης
2256 5090 2423 5158 γέμον
2456 5084 2524 5158 ἦν
2559 5089 2620 5141 τὸ
2650 5089 2930 5159 γινόμενον
2952 5129 2965 5154 ,
2989 5089 3074 5143 διά
3104 5088 3258 5143 τοῦτο
3283 5087 3553 5160 κρύπτου-

1985 5196 2059 5247 σι,
2116 5183 2208 5234 καὶ
2251 5182 2531 5236 λανθάνειν
2581 5181 2894 5253 πειρῶνται.
2943 5182 3305 5238 Γινώσκεται
3343 5182 3554 5275 Κύριος

1986 5273 2237 5341 κρίματα
2262 5272 2465 5326 ποιῶν.
2500 5274 2712 5338 Ἀλλος,
2743 5273 3037 5343 Ἐγνὼσθη
3071 5273 3248 5342 κρῖμα
3273 5271 3550 5339 ποιήσαξ’

1984 5362 2264 5425 τουτέστι,
2298 5362 2560 5426 κολάζων,
2604 5364 2868 5427 ἐκδικῶν,
2902 5360 3149 5429 ἐπεξιών.
3182 5358 3330 5426 Εἶδες
3368 5362 3554 5433 ἕτερον

1988 5454 2125 5519 εἶδος
2153 5456 2469 5528 εὐεργεσίας
2515 5456 2622 5509 ἀπὸ
2650 5456 2920 5519 κολάσεως
2954 5474 2967 5523 ;
3005 5457 3076 5508 Οὐ
3116 5456 3224 5528 γὰρ
3257 5455 3321 5528 δὴ
3372 5457 3554 5526 μόνον,

2059 5685 2090 5732 b
2105 5687 2239 5749 Hac,
2262 5686 2439 5750 ἄφατον
2463 5685 2627 5747 οὖσαν,
2648 5686 2827 5735 desunt
2844 5687 2892 5734 in
2927 5687 3074 5737 Savil.
3096 5694 3144 5737 cl
3167 5690 3215 5738 in
3238 5688 3372 5740 Colb.

3189 5822 3229 5877 8
