4084 6278
483 379 588 434 455

479 493 636 565 φησὶ,
662 491 786 553 τοὺς
823 485 1216 558 κολαζομένους
1261 481 1705 552 σπουδαιοτέρους
1731 480 1893 544 ποιεῖ,
1909 473 2046 531 ἀλλά

481 585 574 637 καὶ
607 582 704 651 τῆς
742 579 906 633 αὐτοῦ
938 577 1267 644 θεογνωσίας
1300 572 1604 643 ἐκλάμπειν
1643 566 2048 640 παρασκευάζει

479 673 570 728 τὸν
608 672 791 740 λόγον·
831 667 926 722 καὶ
971 667 1071 720 ἴδοι
1099 683 1183 729 τις
1237 664 1304 717 ἀν
1353 663 1550 734 μᾶλλον
1587 660 1746 714 αὐτὸν
1801 657 2048 710 ἐντεῦθεν

480 759 875 830 ἐπιστρέφοντα
903 755 1030 819 τοὺς
1063 750 1400 822 ἀνθρώπους.
1431 749 1562 802 ’ὐτε
1601 746 1730 816 γοῦν
1775 743 1917 798 κατὰ
1943 740 2050 793 τῶν

479 849 740 922 κρημνῶν
782 848 962 901 εἴασεν
1002 841 1284 913 ἐνεχθῆναι
1312 839 1408 912 τὴν
1437 838 1635 908 ἀγέλην
1680 834 1786 888 τῶν
1817 831 2047 904 χοίρων,

480 942 575 996 καί⁹
623 935 1117 1004 καταποντισθῆναι
1158 933 1238 995 είς
1274 931 1372 1002 τὴν
1403 927 1710 990 θάλασσαν,
1737 923 1859 977 τότε
1896 920 2052 992 μάλι-

481 1050 582 1086 στα
614 1029 1008 1100 ἐξεπλάγησαν.
1061 1026 1172 1078 Καὶ
1210 1025 1268 1074 ἐν
1323 1025 1390 1092 τῇ
1439 1019 1654 1089 Παλαιᾷ
1690 1018 1740 1070 οί
1786 1013 2048 1074 Ἰουδαῖοι,

481 1105 622 1178 Ὅτε
652 1121 999 1178 ἀπέκτεινεν
1027 1115 1268 1182 αὐτοὺς,
1303 1115 1434 1167 τότε
1477 1109 1794 1176 ἐξεζήτουν
1830 1103 2049 1168 αὐτὸν,

481 1214 663 1278 καθώς
721 1229 884 1283 φησιν
913 1211 942 1263 6
969 1207 1276 1280 Προφήτης.
1308 1206 1418 1258 Καὶ
1449 1203 1500 1256 τί
1545 1202 1742 1272 δήποτε
1783 1196 1942 1253 τοῦτο
1989 1193 2050 1248 οὐ

485 1305 720 1378 συνεχῶς
747 1305 889 1357 ποιεῖ
934 1300 1132 1372 μᾶλλον
1165 1314 1180 1364 ;
1213 1299 1334 1351 Ὅτι
1361 1297 1422 1350 οὐ
1455 1293 1699 1365 βούλεται
1735 1288 2050 1360 βιαιότερον,

482 1397 620 1452 ἀλλὰ
673 1396 768 1448 καὶ
802 1388 1326 1465 προαιρετικὼτερον
1370 1385 1438 1440 τὰ
1472 1387 1570 1454 τῆς
1623 1383 1825 1454 ἀρετῆς
1858 1394 2054 1448 κατορο

483 1488 726 1551 θοῦσθαι,
743 1486 836 1539 καὶ
856 1483 1052 1555 μᾶλλον
1072 1483 1356 1551 εὐεργέτου
1365 1479 1556 1548 μένους
1641 1471 2048 1542 κολαζομένους.

483 1581 594 1633 Καὶ
623 1578 793 1647 πόσῳ,
813 1575 963 1646 φησὶ,
981 1573 1188 1644 βέλτιον
1219 1569 1432 1641 ἀνάγκῃ
1465 1563 1602 1620 εἶναι
1625 1563 1826 1634 ἀγαθὸν
1857 1561 1890 1632 ἢ
1918 1577 2054 1632 προ-

483 1671 693 1742 αιρέσει
725 1668 928 1732 κακόν;
962 1665 1077 1718 Οὐκ
1119 1662 1265 1716 ἔστιν
1303 1659 1504 1728 ἀγαθὸν
1545 1654 1684 1710 εἶναι
1714 1655 1946 1725 ἀνάγκη.
1995 1653 2053 1704 'U

487 1740 585 1830 μέν
616 1759 724 1828 γὰρ
759 1755 838 1826 τῷ
861 1753 1044 1824 δεσμῷ
1072 1752 1356 1820 γινόμενος
1409 1746 1570 1808 καλὸς
1591 1784 1605 1806 ,
1635 1745 1734 1797 οὐκ
1773 1743 1926 1796 ἔσται
1969 1740 2055 1793 ἀεί

485 1869 615 1906 ποτε
649 1849 844 1909 καλὸς,
874 1843 1008 1898 ἀλλὰ
1043 1843 1140 1913 τῆς
1179 1840 1421 1908 ἀνάγκης
1471 1833 1834 1902 ἀπαλλαγεὶς,
1890 1833 2056 1884 ὲπαν-

485 1943 604 2014 ἡξει
653 1939 788 2010 πρῖς
813 1937 909 2008 τὴν
941 1933 1136 1988 κακίαν
1161 1947 1175 1960 °
1221 1934 1249 1986 6
1288 1931 1345 1984 δὲ
1375 1924 1884 1996 παιδαγωγούμενος
1914 1921 2056 1975 ὥστε

487 2013 802 2104 προαιρέσει
832 2025 1082 2095 γενέσθαι
1111 2023 1293 2086 καλὸς,
1313 2019 1623 2091 γενόμενος,
1648 2017 1842 2084 πάγιος
1883 2013 2051 2084 μένει.

489 2120 595 2178 Ἕν
640 2122 762 2188 τοῖς
813 2123 1003 2190 ἔργοις
1043 2116 1164 2169 τῶν
1195 2113 1408 2184 χειρῶν
1431 2111 1615 2166 αὑτοῦ
1644 2104 2000 2174 συνέλήφθη
2025 2105 2058 2156 ό

487 2215 858 2287 ἁμαρτωλός.
894 2211 968 2264 Οὐ
1017 2208 1125 2261 τῶν
1164 2207 1362 2279 χειρῶν
1397 2202 1490 2258 106
1534 2200 1671 2256 Θεοῦ
1711 2195 1883 2264 εἶπεν,
1922 2193 2059 2250 άλλά

394 2289 402 2297 ’
486 2309 592 2362 τῶν
621 2305 822 2379 χειρῶν
842 2301 934 2356 106
963 2295 1311 2374 ἀμαρτωλοῦ.

493 2558 495 2560 η
558 2496 628 2560 η’.
660 2483 812 2549 Εἶδες
835 2483 953 2546 πῶς
981 2479 1245 2534 ποικίλλει
1281 2477 1372 2532 τὸν
1398 2476 1577 2545 λόγον,
1607 2477 1701 2530 καὶ
1733 2472 1829 2545 τὴν
1857 2471 2060 2527 ἀνωθεν

489 2580 667 2652 φέρων
695 2575 979 2646 τιμωρίαν,
1007 2573 1098 2625 καὶ
1122 2570 1219 2641 τὴν
1249 2565 1356 2623 ἀπὸ
1384 2565 1484 2636 τῆς
1511 2563 1704 2630 κακίας
1739 2563 1956 2631 ἐπάγων
1987 2561 2062 2614 δί-

489 2689 622 2744 κην;
656 2669 782 2732 Πῶς
812 2666 910 2738 τὴν
961 2662 1166 2718 ἄνωθεν
1205 2658 1510 2732 τιμωρίαν;
1541 2655 1905 2710 Γινώσκεται
1949 2653 2064 2706 Κύ-

385 2815 388 2818 .
490 2781 636 2833 ριος,
677 2759 830 2832 φησὶ,
863 2759 1114 2826 κρίματα
1142 2751 1346 2806 ποιῶν.
1377 2749 1502 2812 Πῶς
1540 2747 1638 2819 τὴν
1677 2746 1784 2801 ἀπὸ
1815 2744 1912 2816 τῆς
1961 2759 2064 2796 κα-

492 2830 611 2919 κίας
661 2830 864 2924 δίιίηνς
907 2846 1328 2916 Ἔνεπάγιησαν
1369 2841 1513 2909 ἔθνη
1559 2841 1628 2896 έν
1674 2834 1980 2908 διαφθορᾷ,
2023 2830 2064 2907 ᾔ

492 2949 806 3014 ἐποίησαν.
840 2941 950 2994 Καὶ
1008 2937 1170 2992 πάλιν
1203 2936 1300 3008 τὴν
1357 2933 1462 2987 ἀπὸ
1493 2933 1590 3002 τῆς
1634 2929 1928 3000 πονηρίας·
1968 2929 2066 2980 Ἑν

492 3039 616 3104 τοῖς
634 3039 826 3107 ἔργοις
852 3031 972 3085 τῶν
1002 3026 1213 3098 χειρῶν
1235 3023 1420 3079 αὐτοῦ
1452 3018 1860 3090 συνελήφθηό
1883 3019 2066 3088 ἁμάρ-

493 3128 701 3192 τωλός.
727 3123 864 3178 Οὖτε
899 3120 1006 3190 γάρ
1039 3118 1204 3190 μόνην
1225 3116 1324 3187 τὴν
1360 3112 1510 3184 παρά
1535 3111 1626 3166 106
1649 3110 1782 3165 Θεοῦ
1803 3109 1950 3180 λέγει
1981 3126 2063 3162 τι-

495 3217 729 3288 μωρίαν,
778 3212 964 3282 ὲπειδὴ
999 3210 1178 3283 μέλλει
1209 3206 1464 3268 πολλάκις
1497 3204 1590 3258 καὶ
1629 3195 1910 3274 βραδύνειο
1943 3199 2066 3254 οὔτε

501 3309 666 3382 μόνην
687 3309 784 3379 τὴν
811 3305 918 3361 ἀπὸ
947 3305 1046 3374 τῆς
1071 3302 1268 3363 κακίας
1286 3339 1301 3364 ,
1327 3297 1512 3366 ἐπειδὴ
1547 3296 1731 3349 πολλοὶ
1762 3293 1933 3364 ταύτῃ
1973 3293 2068 3346 καὶ

498 3397 962 3470 ὲμφιλοχωροῦσιν
999 3412 1011 3424 ·
1037 3394 1150 3448 ἀλλ’
1195 3387 1534 3462 ἑκατέρωθεν
1580 3385 1947 3456 ἀσφαλίζεται-
1977 3384 2066 3437 τὸν

498 3489 673 3558 λόγον.
695 3485 784 3540 Διό
800 3501 966 3555 φησιν
982 3501 996 3514 ο
1023 3485 1126 3536 Ἐν
1152 3481 1275 3548 τοῖς
1297 3481 1490 3550 ἔργοις
1505 3478 1625 3532 τῶν
1647 3475 1859 3546 χειρῶν
1883 3473 2068 3528 αὐτοῦ

485 3577 874 3647 ίσυνελήεοθη.
913 3573 1062 3647 [106]
1091 3573 1302 3636 Ἀλλος,
1337 3569 1577 3639 Ταρσῶν
1599 3567 1805 3623 αὑτοῦ.
1841 3565 1931 3638 Μὴ
1962 3563 2070 3618 τοί-

499 3689 594 3726 νυν
639 3669 824 3742 νόμιζε
871 3667 1040 3739 ἑτέρῳ
1089 3663 1515 3728 κατασκευάζειν
1567 3661 1634 3714 τά
1682 3661 2067 3732 μηχανήματα,

495 3766 636 3819 ’ὅταν
682 3757 1035 3832 ἐπιϐουλεύῃς
1059 3774 1072 3788 ο
1108 3755 1316 3827 σεαυτῷ
1358 3755 1467 3826 γάρ
1500 3753 1716 3816 πλέκεις
1753 3751 1820 3806 τά
1859 3751 2067 3804 δίκτυα.

512 3853 650 3928 ᾨδὴ
683 3831 1008 3922 διάψαλμά.
1041 3849 1253 3912 Ἄλλος,
1285 3844 1516 3915 Φθογιγὴ
1540 3844 1652 3898 ἀεί.
1673 3843 1884 3906 Ἄλλος,
1916 3831 2095 3896 Μελ-⁴

499 3947 704 4016 ᾠόἶημα
759 3945 872 4000 ἀεί.
933 3942 988 3996 Ὀ
1015 3940 1072 3994 δὲ
1113 3939 1378 4012 Ἐϐραῖος,
1435 3934 1696 4006 Ἐγγ-αὼν
1740 3933 1874 3988 σέλ.
1921 3933 2076 3986 Ἄπο-

503 4033 941 4104 στραφήτωσαν
963 4032 1017 4083 οἱ
1059 4026 1390 4099 ἁμαρτωλοί
1421 4027 1506 4092 είς
1541 4024 1649 4078 τὸν
1680 4021 1852 4092 ᾅδην,
1880 4021 2076 4078 πάντα

502 4125 576 4178 τὰ
608 4123 750 4190 ἔθνη
794 4119 867 4174 τὰ
919 4119 1435 4186 ὲπιλανθανόμενα
1495 4114 1602 4169 τοῦ
1650 4113 1816 4168 Θεοῦ.
1860 4109 2071 4176 Ἀλλος,

517 4211 1008 4282 Ἀναστρέψουσι.
1047 4209 1215 4264 Πάλιν
1243 4211 1353 4272 τοῖς
1379 4207 1559 4270 αὐτοῖς
1578 4205 1842 4276 ἐπιμένει,
1862 4203 2076 4266 δεικνὺς

503 4305 585 4358 ὅτι
616 4305 648 4374 ἡ
681 4302 846 4357 κακία
870 4304 968 4373 τὴν
1000 4302 1218 4356 κόλασιν
1259 4299 1369 4371 ἔχει
1401 4294 1949 4367 συγκεκληρωμένην,
1983 4294 2077 4346 καὶ

507 4395 540 4463 ἡ
565 4393 789 4446 ἀσέϐεια
832 4391 1058 4446 θάνατον
1095 4392 1302 4454 τίκτει,
1329 4387 1424 4442 καὶ
1444 4388 1478 4457 ἡ
1510 4384 1752 4456 ἁμαρτία
1775 4380 2072 4444 κινδύνους.

523 4488 629 4538 Ὀτι
663 4487 774 4539 οὐκ
811 4487 898 4550 είς
929 4483 1100 4548 τέλος
1151 4478 1626 4548 ὲπιλησθήσετιιι
1678 4478 1710 4530 ὁ
1750 4473 2004 4543 πτωχὸς,
2034 4473 2074 4542 ἡ

505 4574 780 4645 ὑπομονὴ
811 4573 928 4629 τῶν
959 4573 1233 4642 πενήτων
1261 4573 1370 4626 οὐκ
1409 4567 1716 4625 ἀπολεῖται
1753 4567 1838 4632 είς
1883 4564 2073 4630 τέλος.

511 4668 700 4730 Ἀλλος
733 4667 1066 4738 ἑρμηνευτής
1094 4678 1274 4733 φησιν·
1293 4663 1374 4716 Οὐ
1399 4661 1508 4729 γὰρ
1535 4661 1620 4724 είς
1646 4655 1811 4724 τέλος
1840 4659 1877 4726 τ’,
1901 4671 2079 4726 προσ-

507 4759 680 4815 δοκία
727 4757 844 4810 τῶν
880 4755 1084 4825 πράων
1123 4751 1618 4822 ἐπιλησθήσεται.
1658 4748 1855 4813 Καλῶς
1904 4745 2077 4812 εἶπεν,

507 4854 614 4918 Εῑς
645 4850 838 4916 τέλος,
877 4847 1086 4912 δεικνὺς
1114 4847 1194 4901 ὅτι
1238 4846 1338 4898 οὐκ
1369 4845 1455 4898 ἀεὶ
1491 4843 1671 4897 άνεσίν
1695 4859 1778 4906 τις
1815 4840 2076 4912 ἐπιζητεῖ.

509 4939 620 4995 1106
645 4939 752 5010 γάρ
775 4937 1118 5008 δειχθήσεται
1147 4935 1214 4988 τά
1242 4934 1340 5004 τῆς
1375 4933 1668 5003 ὑπομονῆς,
1695 4935 1743 4985 εί
1780 4933 1868 4985 ἀεὶ
1899 4931 2081 4996 ἄνεσις

513 5031 693 5103 μέλλοι
717 5025 889 5095 εἷναι;
927 5029 992 5082 Ὃ
1036 5027 1092 5080 δὲ
1125 5025 1306 5094 λέγει,
1336 5023 1576 5078 τοιοῦτόν
1607 5025 1752 5076 ἐστι·
1785 5023 1949 5094 Δίκην
1983 5021 2083 5075 δὼ-

511 5113 693 5178 σουσιν
727 5123 776 5175 οἱ
805 5121 1049 5191 πονηροὶ,
1087 5117 1182 5172 καὶ
1210 5117 1277 5170 τά
1309 5116 1509 5187 ἔσχατα
1543 5115 1838 5169 πείσονται.
1872 5114 1948 5168 Οὐ
1973 5113 2081 5185 γάρ

509 5216 754 5284 ἀνέξεται
784 5217 812 5268 6
852 5211 982 5276 Θεὸς
1024 5211 1112 5266 διὰ
1159 5209 1361 5274 παντὸς
1416 5209 1539 5274 τοὺς
1589 5207 1972 5278 ἀδικουμένους
2023 5208 2082 5260 ὲν

509 5308 816 5371 ἐπιϐουλαῖς
843 5301 1002 5358 εἶναι.
1055 5300 1335 5356 Ἐντεῦθεν
1361 5301 1454 5354 καὶ
1480 5298 1698 5362 τούτους
1741 5295 2083 5370 παραμυθεῖ-

509 5417 626 5467 ται,
658 5397 943 5460 κάκείνους
973 5395 1155 5466 φοϐεῖ,
1175 5395 1271 5446 καὶ
1297 5391 1389 5446 τοῦ
1415 5389 1550 5444 Θεοῦ
1570 5389 1806 5442 δείκνυσι
1833 5389 1930 5461 τὴν
1961 5387 2082 5458 φιλ-

510 5489 844 5560 ανθρωπίαν,
885 5489 966 5542 ὅτι
1005 5485 1156 5556 καὶὴ
1205 5481 1460 5554 μέλλησις
1505 5480 1632 5543 τοὺς
1668 5480 1765 5550 μὲν
1795 5478 2084 5550 δοκιμωτέ-

512 5599 636 5654 ρους
682 5577 991 5650 ἐργάζεται,
1034 5578 1162 5641 τοὺς
1193 5576 1249 5630 δὲ
1287 5577 1366 5639 εἰς
1411 5571 1696 5645 μετάνοιαν
1739 5571 1908 5624 ἕλκει.
1939 5572 2084 5641 Ὅρα

512 5674 671 5728 πάλιν
723 5673 850 5734 τοὺς
903 5669 1138 5739 πένητας
1197 5662 1643 5736 εὐδοκιμοῦντας·
1695 5663 1934 5732 πένητας
1985 5661 2084 5730 οὐχ

511 5765 719 5830 ἁπλῶς,
752 5758 890 5818 ἀλλά
913 5761 1036 5825 τοὺς
1071 5756 1555 5829 συντετριμμένους
1581 5755 1644 5826 τῇ
1677 5752 1892 5824 καρδίᾳ.
1921 5745 2082 5808 υῦτοι

1153 370 1213 426 S.
1249 366 1528 424 JOANNIS
1563 357 2050 421 οιιιιγδυετοιιι
2083 356 2400 414 ΑΠΟΗΙΕΡ.
2436 331 2977 415 CONSTANTiNOP.

3619 351 3724 404 ιει

2154 473 2259 545 γὰρ
2309 474 2542 542 μάλιστά
2587 475 2694 527 είσι
2743 472 2837 526 καὶ
2889 471 3026 540 πρὸς
3072 463 3344 538 ὑπομονὴν
3387 461 3720 534 ἐπιτήδειον

2153 566 2354 636 μᾶλλον
2381 565 2438 618 δὲ
2469 564 2670 636 ἄλληλα
2717 557 3214 632 συγκατασκευάζει
3246 555 3439 620 ταῦτα,
3469 555 3503 624 ἡ
3535 568 3727 608 ταπει-

2149 656 2448 729 νοφροσύνη
2475 656 2574 728 τὴν
2592 653 2888 724 ὑπομονὴν,
2917 653 2950 721 ἡ
2981 645 3225 720 ὑπομονὴ
3250 646 3348 718 τὴν
3367 650 3726 714 ταπεινοφρο-

2153 749 2336 820 σύνην.
2371 749 2432 800 El
2455 747 2510 800 δέ
2532 764 2616 810 τις
2636 745 2802 798 εἷπον
2835 742 2944 796 Καὶ
2977 740 3096 804 πῶς
3126 738 3287 793 πενία
3314 739 3348 808 ἡ
3368 751 3725 804 ταπεινοφρο-

2153 839 2284 910 σύνη
2309 855 2324 904 ;
2352 839 2528 892 ἐκεῖνο
2555 834 2808 908 ἐροῦμεν,
2846 833 2928 886 ὅτι
2966 831 3101 902 αὕτη
3145 829 3562 910 ἐπιτηδειοτέρα.
3587 823 3726 896 πρὸς

2151 902 2372 999 ἀρετήν.
2406 931 2464 983 '0
2488 902 2722 1000 31.66769
2766 923 3010 976 πλουτῶν
3042 921 3216 981 ἀλύει,
3249 919 3346 973 καὶ
3377 902 3685 990 θορυϐεῖται
3707 931 3724 946 ·

2149 1020 2180 1072 6
2205 1020 2262 1072 66
2289 1018 2457 1090 πένης
2504 1017 2680 1070 πάντα
2715 1013 2911 1086 ῥαδίως
2957 1012 3132 1082 φέρει,
3163 1009 3412 1080 καθάπερ
3442 1009 3498 1060 ἐν
3529 1005 3726 1060 παλαί-

2155 1127 2292 1182 στρᾳ
2309 1113 2376 1182 τῇ
2403 1109 2562 1180 πενίᾳ
2592 1107 2849 1168 πολλάκις
2871 1103 3300 1174 γυμναζόμενος.
3323 1099 3422 1154 Διὰ
3451 1098 3609 1152 τοῦτο
3632 1097 3730 1150 καὶ

2151 1207 2180 1258 ό
2209 1203 2440 1275 Χριστὸς
2469 1203 2674 1270 ἔλεγεν,
2697 1202 2780 1254 ὅτι
2805 1196 3062 1252 δύσκολον
3091 1193 3230 1265 μετά
3260 1191 3491 1249 πλούτου
3518 1191 3598 1254 είς
3624 1189 3726 1257 τὴν

2156 1295 2428 1367 βασιλείαν
2462 1292 2741 1347 εἰσελθεῖν.
2761 1291 2827 1343 Τί
2859 1291 3028 1352 ἐστιν,
3063 1287 3135 1343 Ἠ
3160 1283 3432 1355 ὑπομονὴ
3473 1281 3592 1337 τῶν
3632 1295 3732 1335 πε·

2153 1387 2352 1456 νήτων
2383 1388 2494 1440 οὐκ
2534 1382 2845 1440 ἀπολεῖται
2873 1383 2960 1446 είς
2987 1380 3192 1445 τέλος
3219 1375 3510 1438 Οὐδέποτε,
3539 1374 3728 1443 φησὶν,

2154 1479 2289 1534 ἀλλὰ
2331 1479 2546 1539 πάντως
2572 1473 2905 1544 ἀπολήψεται
2932 1470 3024 1524 τὸν
3057 1470 3253 1522 οίκεῖον
3289 1467 3516 1539 καρπόν.
3552 1467 3730 1536 Ὅπερ

2155 1573 2250 1624 ἐπὶ
2279 1571 2388 1623 τῶν
2431 1566 2698 1640 βιωτικῶν
2727 1565 2826 1618 οὐκ
2868 1563 2969 1629 ἔνι,
2999 1561 3113 1617 ἀλλ’
3141 1559 3395 1614 ἐκπίπτει
3425 1557 3518 1612 τοῦ
3543 1557 3732 1620 τέλους

2157 1663 2416 1726 πολλάκις
2441 1701 2455 1726 ,
2485 1659 2594 1714 τῶν
2649 1658 2825 1712 πόνων
2887 1653 3259 1710 ἀπολωλότων.
3322 1651 3432 1705 Καὶ
3483 1649 3590 1722 γάρ
3635 1649 3731 1703 καί

2156 1753 2398 1824 γεωργὸς
2420 1754 2518 1808 ἀνα
2528 1753 2697 1824 μένει,
2721 1754 2816 1806 καὶ
2835 1752 3072 1824 ἔμπορος
3087 1768 3103 1784 ο
3120 1751 3380 1814 πολλάκις
3410 1748 3468 1802 δὲ
3500 1747 3605 1801 ὑπὸ
3630 1745 3731 1816 τῆς

2157 1846 2262 1900 τῶν
2296 1846 2470 1917 ἀέρων
2515 1845 2830 1916 ἀνωμαλίας
2883 1845 3181 1916 ἀμφότεροι
3225 1843 3317 1898 τοῦ
3353 1841 3566 1914 καρποῦ
3620 1839 3730 1892 τῶν

2159 1935 2336 1989 πόνων
2361 1935 2738 1988 ἐκπίπτουσιν.
2775 1934 2898 1988 Ἐπὶ
2931 1935 2988 1988 δὲ
3023 1932 3116 1987 τοῦ
3147 1931 3282 1986 Θεοῦ
3312 1933 3412 1984 οὐκ
3443 1929 3521 1983 ἔνι
3549 1927 3729 1992 τοῦτο,

2156 2026 2292 2081 ἀλλά
2321 2027 2532 2098 ἀνάγκη
2569 2029 2784 2092 πάντως
2822 2027 3126 2082 ἀπολαῦσαι
3157 2025 3251 2080 τοῦ
3297 2024 3502 2086 τέλους.
3534 2023 3609 2076 Οὐ
3643 2039 3734 2093 μι-

2158 2117 2290 2188 κρὸν
2311 2117 2366 2170 66
2393 2117 2549 2171 10610
2581 2119 2656 2182 είς
2703 2117 3055 2188 παραμυθίας
3097 2115 3275 2183 λόγον,
3305 2113 3365 2166 τὺ
3397 2111 3616 2183 θαρρεῖν
3643 2111 3734 2164 ἀεὶ

2161 2210 2288 2282 περὶ
2313 2209 2406 2263 τοῦ
2429 2209 2636 2272 τέλους.
2669 2209 2995 2276 Ἀνάστηθι.
3013 2207 3204 2274 Κύριε,
3221 2203 3306 2274 μὴ
3328 2202 3734 2274 κραταιούσθω

2161 2299 2490 2370 ἄνθρωπος.
2524 2299 2736 2365 Ἀλλος,
2775 2298 2872 2368 Μὴ
2902 2297 3312 2367 θρασυνέσθω.
3347 2293 3735 2365 Κριθήτωσαν

2159 2393 2302 2462 ἔθνη
2323 2392 2580 2448 ἐνώπιόν
2620 2407 2758 2447 σου.
2790 2391 2980 2456 Ἀλλος
2999 2431 3014 2454 ,
3046 2389 3158 2443 Καὶ
3209 2388 3360 2442 κατὰ
3411 2384 3735 2455 πρόσωπόν

2159 2498 2297 2540 σου.
2322 2484 2506 2538 Εἰπὼν
2533 2485 2632 2555 τὴν
2659 2483 2854 2538 κακίαν
2877 2481 2976 2553 τὴν
3011 2481 3338 2552 κατέχουσαν
3367 2479 3493 2542 τοὺς
3517 2476 3736 2541 πλείους

2162 2575 2270 2629 τῶν
2300 2575 2622 2646 ἀνθρώπιον,
2648 2576 2740 2629 καὶ
2779 2573 3179 2646 διηγησάμενος
3210 2572 3310 2643 τὴν
3337 2569 3618 2642 πονηρίαν,
3632 2569 3736 2632 τάς

2164 2665 2440 2736 ἁρπαγάς,
2461 2665 2560 2729 τάς
2581 2663 2908 2728 πλεονεξίας,
2925 2663 3023 2728 τὰς
3036 2662 3405 2733 ἀνδροφονίας,
3431 2659 3739 2733 παρακαλεῖ

2161 2753 2252 2807 τὸν
2287 2753 2418 2807 Θεὸν
2459 2753 2598 2824 ὑπὲρ
2634 2753 2734 2824 τῆς
2764 2751 2870 2806 τῶν
2909 2751 3274 2821 ἀδικουμένων
3306 2749 3576 2821 βοηθείας.
3607 2749 3734 2802 Τοι-

2163 2845 2300 2900 αὖτα
2329 2845 2436 2916 γάρ
2465 2844 2574 2899 τῶν
2626 2847 2796 2914 ἀγίων
2845 2843 2914 2898 τά
2949 2842 3262 2912 σπλάγχνα,
3298 2840 3372 2912 μὴ
3409 2839 3480 2894 τά
3525 2839 3736 2894 ἑαυτῶν

2167 2939 2436 3009 μεριμνᾷν
2485 2937 2678 3008 μόνον,
2709 2935 2824 2988 ἀλλ’
2866 2933 3054 3006 ὥσπερ
3079 2933 3208 3004 περὶ
3243 2933 3368 3003 μιᾶς
3403 2931 3600 2994 οἰκίας.
3636 2930 3736 3001 τῆς

2164 3027 2556 3100 οίκουμένης,ἢ
2593 3027 2839 3098 σώματος
2867 3026 3004 3090 ἑνὸς,
3029 3025 3121 3078 τοῦ
3145 3025 3252 3078 τῶν
3281 3021 3582 3094 ἀνθρώπων
3600 3021 3740 3092 πλή-

2166 3119 2310 3185 θους,
2339 3117 2480 3172 οὕτω
2509 3118 2842 3190 παρακαλεῖν
2869 3116 2958 3170 τὸν
2993 3115 3146 3170 Θεόν.
3180 3113 3514 3182 Ἀνάστηθι,
3537 3114 3736 3181 Κύριε,

2160 3211 2246 3282 μὴ
2273 3211 2680 3280 κραταιούσθω
2701 3209 3028 3277 ἅνθρωπος.
3047 3209 3112 3261 Τί
3130 3207 3188 3261 δέ
3217 3209 3383 3268 ἐστιν,
3401 3204 3736 3272 Ἀνάστηθι,

2168 3301 2318 3376 [107]
2366 3303 2579 3368 Κύριε;
2632 3299 2934 3366 Ἐπέξελθε,
2982 3298 3136 3370 φησὶ,
3183 3297 3466 3370 βοήθησον,
3509 3297 3740 3350 κόλασον

2165 3394 2292 3456 τοὺς
2336 3392 2670 3456 ἀδικοῦντας.
2718 3392 2828 3446 Καὶ
2868 3389 3049 3453 καλῶς
3088 3391 3204 3452 τοῖς
3248 3388 3474 3459 ὀνόμασι
3511 3389 3740 3457 γυμνοῖς

2168 3485 2457 3557 ἐχρήσατο,
2481 3481 2668 3546 εἰπὼν,
2699 3481 3036 3550 Ἀνάστηθι,
3065 3481 3180 3542 καὶ,
3210 3479 3306 3549 Μὴ
3331 3481 3741 3548 κραταιούονθω

2169 3579 2475 3648 ἅνθρωπος
2502 3597 2516 3611 ·
2544 3579 2684 3632 ὥστε
2714 3577 2970 3650 δηλῶσαι,
2995 3576 3076 3629 ὅτι
3095 3577 3123 3628 6
3156 3574 3396 3644 εὐτελὴς,
3429 3573 3458 3626 6
3479 3573 3587 3626 ἀπὸ
3611 3571 3738 3640 γῆς.

2169 3674 2198 3726 6
2225 3673 2398 3744 τέφρα
2419 3671 2512 3724 καὶ
2536 3670 2744 3734 σποδός.
2760 3668 3147 3738 Κριθήτωσαν
3165 3667 3308 3734 ἔθνη
3329 3665 3586 3719 ἐνώπιόν
3597 3680 3740 3718 σου.

2171 3763 2236 3818 Τί
2267 3764 2383 3816 ἐστι
2424 3761 2619 3825 τοῦτο;
2653 3761 2902 3814 Δότωσαν
2943 3759 3120 3832 δίκην,
3151 3757 3318 3830 φησὶ,
3358 3756 3466 3810 τῶν
3495 3757 3745 3826 ἁμαρτη-

2176 3855 2380 3926 μάτων.
2416 3853 2489 3906 Οὑ
2518 3851 2771 3922 γεγόνασι
2801 3853 2868 3922 τῇ
2912 3849 3263 3923 μακροθυμίᾳ
3291 3845 3558 3918 βελτίους
3578 3845 3746 3900 άπαί-
3853 3885 3858 3888 -

2172 3963 2336 4018 τησον
2374 3944 2602 4008 εὐθύνας
2651 3943 2759 3996 τῶν
2815 3941 3246 4014 τετολμημένων.
3309 3939 3742 4006 Κατάστησον,

2173 4039 2369 4106 Κύριε,
2392 4035 2722 4106 νομοθέτην
2743 4033 2834 4088 ἐπ’
2857 4033 3078 4099 αὐτοῖς.
3108 4030 3444 4086 Γνώτωσαν
3471 4031 3638 4097 ἔθνη,
3655 4029 3748 4082 ὅτι

2173 4129 2472 4198 ἄνθρωποι
2507 4130 2644 4182 εισι.
2690 4126 3022 4196 Διά-ψαλμοί.
3065 4124 3278 4188 Ἀλλος,
3328 4123 3484 4186 Ἀθά,
3509 4122 3573 4176 Τί
3605 4123 3746 4183 ἐστι,

2174 4220 2571 4288 Κατάστησον
2584 4217 2912 4288 νομοθέτην
2925 4215 3127 4282 αὐτοῖς
3145 4233 3168 4281 ;
3197 4216 3369 4277 Ἐπεὶ,
3395 4215 3544 4288 φησι,
3574 4214 3751 4268 καθά-

2177 4331 2281 4386 περ
2321 4315 2379 4368 ἐν
2427 4311 2722 4384 αὐτονομίᾳ
2777 4311 2953 4365 πάντα
3001 4311 3317 4382 πράττουσι,
3378 4307 3452 4379 μὴ
3501 4306 3752 4372 θέλοντες

2175 4408 2374 4463 διδόναι
2421 4406 2608 4477 δίκην,
2638 4403 2913 4471 έπέεελθε,
2953 4403 3049 4456 καὶ
3093 4399 3334 4470 γενέσθω
3379 4399 3618 4470 αὒτοῖςή
3663 4416 3752 4452 τι-

2180 4499 2358 4570 μωρία
2379 4497 2499 4552 ἀντὶ
2519 4495 2798 4560 νουθεσίας
2817 4497 2862 4549 ⁸.
2886 4493 3056 4548 Τοῦτο
3078 4493 3174 4548 καὶ
3201 4493 3384 4566 ἕτερος
3407 4490 3581 4563 δηλῶν
3601 4487 3748 4558 εἷπε,

2177 4589 2591 4657 Κατάστησον,
2616 4587 2813 4654 Κύριε,
2833 4587 3068 4656 φόϐημα
3093 4583 3315 4650 αὐτοῖς.
3350 4583 3492 4654 Ὅρα
3535 4581 3652 4646 πῶς
3685 4581 3750 4634 06

2178 4679 2396 4736 κόλασιν
2427 4678 2603 4732 αὐτῶν
2643 4676 2908 4747 ἐπιζητεῖ,
2940 4675 3075 4730 ἀλλά
3101 4674 3382 4728 νουθεσίαν
3414 4674 3506 4728 καὶ
3522 4672 3753 4745 διόρθω-

2182 4789 2286 4838 σιν,
2324 4769 2502 4826 καὶτὸ
2527 4769 2600 4841 μὴ
2634 4767 2966 4841 παρανόμως
2999 4767 3118 4838 ζῇν.
3149 4766 3340 4820 Ἔσται
3371 4765 3480 4838 γάρ
3509 4767 3543 4836 ἡ
3578 4782 3756 4835 τιμω-

2183 4863 2274 4935 ρία
2299 4865 2502 4928 αὐτοῖς,
2535 4861 2719 4931 φησὶν,
2743 4859 2862 4913 ἀντὶ
2890 4857 3168 4922 νουθεσίας
3191 4874 3206 4890 ο
3239 4859 3340 4911 οὐκ
3363 4856 3544 4920 αὐτοῖς
3569 4853 3627 4908 δὲ
3653 4853 3754 4925 μό-

2183 4972 2290 5021 νον,
2309 4953 2444 5010 ἀλλά
2472 4953 2565 5007 καὶ
2592 4953 2819 5024 ἑτέροις.
2836 4951 2948 5005 Καὶ
2977 4951 3064 5005 ἵνα
3097 4949 3274 5022 μάθῃς
3299 4949 3422 5003 ὅσον
3447 4947 3508 5000 16
3536 4947 3753 5018 κέρδος,

2183 5045 2274 5100 καὶ
2301 5043 2419 5108 πῶς
2444 5041 2790 5097 καταστέλλει
2833 5041 3066 5111 νόσημα,
3092 5039 3256 5094 ἄκουε
3293 5036 3386 5092 106
3415 5035 3563 5106 ἑξῆς.
3589 5033 3756 5088 Γνώ-

2184 5151 2380 5190 τωσαν
2425 5135 2594 5202 ἔθνη,
2624 5132 2811 5204 φησὶν,
2839 5131 2929 5186 δτι
2960 5129 3258 5199 ἄνθρωποί
3279 5131 3454 5183 εισιν.
3480 5127 3547 5180 '0
3577 5125 3634 5179 δὲ
3667 5125 3757 5178 λέ-

2182 5245 2268 5297 γει
2315 5224 2554 5280 τοιοῢτόν
2586 5227 2702 5278 ἐστι
2721 5239 2734 5252 ·
2765 5223 2960 5278 Πολλοὶ
2987 5223 3080 5277 καὶ
3118 5220 3275 5275 τοῦτο
3319 5217 3752 5282 ἀπολωλέκασιν,

2183 5317 2506 5372 ἐπελάθοντο
2523 5315 2624 5386 τῆς
2647 5315 2880 5385 φύσεως,
2903 5315 2984 5378 είς
3005 5313 3202 5385 μανίαν
3222 5309 3532 5378 ἐξώκειλαν,
3554 5310 3758 5380 ἡγνόησ

2187 5426 2285 5462 σαν
2321 5407 2564 5470 ἑαυτούς.
2585 5407 2692 5460 Καὶ
2727 5405 2906 5469 καλῶς
2933 5403 3240 5477 προσέθηκε
3267 5403 3348 5467 τὸ,
3396 5400 3524 5465 Ἀεὶ,
3549 5401 3636 5454 ἵνα
3657 5400 3756 5468 δη-

2183 5500 2352 5574 λώσῃ,
2379 5501 2460 5553 ὅτι
2486 5499 2586 5553 οὐκ
2614 5501 2672 5552 ἐν
2698 5501 2818 5563 ταῖς
2860 5496 3218 5569 δυσπραγίαις
3259 5495 3444 5566 μόνον,
3476 5493 3612 5548 ἀλλά
3661 5491 3758 5546 καὶ

2250 5641 2274 5668 θ
2293 5637 2508 5690 Colbert.
2539 5642 2591 5686 et
2615 5636 2762 5686 Savil.
2811 5635 2892 5687 hic
2931 5641 2984 5686 et
3014 5635 3136 5686 infra
3173 5635 3274 5684 ἀντὶ
3293 5631 3588 5696 νομοθεσίας,
3619 5629 3760 5696 qugsi

2184 5703 2316 5770 dicae.
2355 5713 2446 5770 ρςρ
2489 5697 2812 5770 ίεςίειςιείοηε,
2857 5700 2936 5752 vel
2975 5710 3068 5758 pro
3115 5697 3230 5745 data
3283 5693 3403 5758 lege.
3455 5693 3556 5743 Sed
3600 5693 3762 5742 νουθε-

2188 5764 2294 5818 σίας
2311 5761 2493 5810 melius
2513 5761 2734 5824 q'uadrat.
