4068 6288
349 330 455 384 I33

345 444 529 500 tione?
574 441 687 496 Non
732 440 903 495 solum
948 439 1119 504 enim,
1162 438 1360 507 inquit,
1403 435 1523 489 facit
1552 450 1644 488 eos
1675 432 1925 485 meliores

344 536 431 607 qui
477 536 838 605 castigantur,
886 531 978 585 sed
1026 528 1149 584 facit
1183 530 1342 582 etiam
1365 570 1379 589 ,
1412 537 1468 581 ιιι
1501 522 1588 580 Dei
1618 524 1934 593 cognitionis

342 628 552 683 eluceat
576 626 712 679 ratio
734 642 746 678 :
765 628 816 678 et
839 639 898 678 cy
937 637 1001 678 eo
1026 621 1191 691 magis
1217 620 1426 674 videtur
1449 618 1722 671 hominum
1749 631 1931 671 curam

341 735 550 793 gerere.
572 717 707 775 Cum
734 719 913 787 itaque
942 715 1175 786 permisit
1196 730 1408 784 gregem
1440 727 1720 784 porcorum
1746 710 1930 766 detur-

337 811 488 875 bari,
534 820 587 865 et
614 810 667 864 in
696 809 828 862 mari
870 807 1136 876 submergi
1178 805 1196 874 (
1228 803 1390 858 Marc.
1421 804 1472 859 5.
1506 800 1650 872 l3),
1683 813 1809 857 tunc
1837 802 1931 856 ad-

340 900 623 955 miratione
668 899 899 953 maxima
942 896 1170 967 perculsi
1202 902 1342 950 sunt.
1392 893 1447 948 In
1498 890 1676 949 Veteri
1722 907 1933 964 quoque

337 992 689 1047 Testamento
720 989 910 1054 Judmi,
961 985 1176 1055 Quando
1217 1002 1302 1039 eos
1351 985 1636 1047 occidebat,
1671 994 1789 1038 tunc
1819 1000 1934 1037 eum

334 1082 631 1151 quwrebant
650 1122 665 1147 ,
714 1077 1162 1150 quemadmodum
1192 1075 1321 1130 dicit
1350 1075 1606 1146 propheta
1634 1072 1807 1144 (Psal.
1841 1075 1929 1129 77.

335 1174 454 1241 3x5).
490 1172 561 1225 Et
590 1186 687 1225 cur
718 1185 821 1225 non
856 1169 957 1224 hoc
986 1168 1111 1222 facit
1143 1167 1509 1238 frequentius?
1534 1166 1791 1234 Quoniam
1819 1166 1934 1221 vult

334 1280 443 1318 non
475 1278 575 1332 per
602 1263 708 1330 vim
736 1271 792 1317 et
816 1259 1237 1330 compulsionem
1258 1301 1273 1325 ,
1321 1259 1414 1315 sed
1447 1276 1540 1329 per
1568 1256 1791 1315 liberam
1830 1275 1930 1315 vo-

334 1355 598 1410 hmtatem
619 1355 869 1408 virtutem
888 1353 1146 1418 exerceri,
1167 1363 1220 1407 et
1238 1352 1496 1407 beneﬁcio
1515 1350 1692 1422 potius
1712 1352 1931 1409 aﬂ‘ectos

334 1463 502 1518 quam
530 1446 763 1517 punitos.
794 1444 863 1500 Et
888 1453 1115 1516 quanto,
1158 1443 1288 1499 dicit
1313 1444 1606 1515 quispiam,
1634 1444 1823 1499 melius
1850 1453 1933 1499 est

332 1552 457 1592 esse
486 1537 803 1591 necessitate
829 1536 1025 1590 bonum
1047 1578 1062 1603 ,
1092 1550 1251 1605 quam
1279 1534 1478 1589 malum
1509 1531 1676 1589 libero
1702 1533 1931 1605 eligendi

334 1626 602 1681 arbitrio?
629 1625 742 1680 Non
785 1632 961 1695 potest
988 1623 1106 1695 quis
1140 1639 1259 1680 esse
1286 1625 1457 1679 bonus
1496 1639 1560 1678 ex
1590 1625 1928 1679 necessitate.

336 1716 438 1783 Qui
462 1718 609 1771 enim
638 1717 848 1772 vinculo
870 1716 1181 1786 illaqueatus
1209 1716 1377 1770 bonus
1402 1723 1503 1781 est,
1532 1730 1639 1770 non
1666 1716 1767 1770 erit
1791 1731 1932 1772 sem-

339 1824 440 1877 per
465 1808 640 1863 bonus
661 1849 676 1873 ,
716 1807 811 1862 sed
839 1822 870 1861 a
897 1806 1213 1862 necessitate
1248 1806 1504 1861 liberatus
1541 1816 1838 1862 revertetur
1863 1807 1930 1861 ad

333 1901 528 1954 vitium
555 1919 569 1953 :
593 1901 679 1969 qui
703 1909 882 1955 autem
912 1900 981 1953 ita
1009 1898 1323 1965 instituitur,
1351 1906 1409 1953 ut
1435 1899 1529 1953 sua'
1552 1899 1715 1954 libera
1736 1897 1928 1954 volun-

334 1999 447 2045 tate
478 1990 570 2044 ﬁat
614 1992 800 2053 bonus,
848 2005 971 2046 cum
1014 1989 1186 2045 bonus
1230 1988 1402 2044 factus
1444 1988 1634 2056 ftterit,
1676 2000 1929 2045 constans

336 2094 524 2136 manet
553 2093 607 2137 et
636 2082 863 2137 stabilis.
900 2081 963 2136 In
1002 2082 1236 2153 aper-ibus
1278 2099 1521 2137 manuum
1549 2100 1756 2137 suarum
1783 2100 1928 2138 com-

338 2174 624 2244 prehensus
661 2184 734 2227 est
773 2183 1025 2245 peccator.
1055 2173 1170 2229 Non
1199 2172 1357 2241 dixit,
1389 2173 1639 2228 Mannum
1666 2174 1782 2243 Dei,
1810 2174 1923 2241 sed,

331 2267 586 2323 Mannum
616 2268 928 2338 peccatoris.

406 2360 463 2415 8.
500 2358 810 2426 Quibusdam
839 2359 901 2413 de
925 2358 1148 2413 versibus
1175 2359 1603 2430 precedentibus,
1631 2375 1807 2415 rursus
1832 2360 1930 2414 ad-

330 2453 541 2518 notatis,
557 2452 1053 2524 subsequentiumque
1063 2453 1420 2522 expositibnem
1437 2470 1602 2519 orsus,
1618 2453 1927 2509 demonstrat

330 2554 682 2617 paupertatem
702 2545 771 2597 ad
798 2545 1026 2598 rirtutem
1056 2544 1302 2616 aptiorem
1326 2561 1432 2599 esse
1456 2544 1662 2598 divitiis.
1686 2574 1758 2585 —
1778 2543 1928 2600 Vidi-

328 2639 399 2693 sti
432 2637 705 2708 quomodo
724 2636 898 2691 variat
923 2636 1241 2704 orationem,
1266 2645 1320 2692 et
1347 2636 1488 2708 quod
1515 2652 1580 2692 ex
1607 2638 1740 2693 czelo
1764 2636 1926 2692 infer-

332 2739 419 2783 tur
448 2728 768 2798 supplicium
812 2728 1079 2793 inferens,
1110 2737 1164 2782 et
1197 2742 1382 2798 ptenas
1419 2743 1538 2799 qua:
1564 2743 1594 2782 a
1620 2728 1749 2783 vitio
1778 2728 1925 2785 infli-

328 2828 533 2890 guntur
560 2819 855 2873 inducens?
884 2817 1165 2887 Quomodo
1194 2819 1509 2889 supplicium
1531 2818 1671 2889 quod
1698 2819 1927 2876 infertur

327 2927 394 2965 ex
423 2911 593 2965 catio?
620 2910 970 2981 Cognoscitur,
1001 2911 1191 2981 inquit,
1216 2909 1467 2965 Dominus
1483 2911 1685 2982 judicia
1710 2912 1921 2979 faetens.

326 3003 613 3070 Quomodo
643 3019 828 3073 poenas
856 3020 976 3074 quae
1005 3002 1315 3075 infliguntur
1341 3020 1371 3059 a
1398 3004 1567 3059 vitio?
1597 3002 1785 3074 Inﬁxa:
1808 3012 1925 3060 sunt

325 3105 498 3165 gentes
527 3095 579 3148 in
613 3095 851 3157 interitu,
882 3110 1029 3165 quem
1056 3098 1304 3164 fecerunt.
1349 3093 1416 3148 Et
1456 3109 1643 3149 rursus
1670 3108 1764 3149 eas
1803 3109 1923 3164 quae

331 3187 747 3256 proﬁciscuntur
775 3186 845 3241 ab
890 3186 1225 3257 improbitate
1263 3202 1277 3238 :
1318 3184 1385 3239 In
1424 3186 1654 3257 operibus
1680 3203 1923 3240 manuum

327 3295 541 3332 suarum
568 3277 963 3347 comprehensus
989 3287 1058 3332 est
1087 3264 1335 3346 peccator.
1362 3276 1479 3331 Non
1509 3277 1653 3333 enim
1678 3276 1808 3332 dicit
1836 3291 1922 3333 so-

327 3375 436 3425 lum
485 3370 806 3442 supplicium
838 3369 981 3440 quod
1023 3384 1053 3423 a
1096 3369 1205 3424 Deo
1249 3369 1635 3438 proﬁciscitur,
1667 3369 1921 3439 quoniam

326 3476 469 3530 sarpe
499 3468 787 3516 cunctatur
812 3470 866 3515 et
894 3458 1073 3514 differt
1097 3478 1110 3514 :
1140 3474 1312 3529 neque
1340 3459 1512 3515 solum
1540 3459 1682 3530 quod
1711 3475 1742 3514 a
1767 3460 1918 3529 vitio,

324 3553 576 3624 quoniam
609 3552 760 3606 multi
803 3551 856 3605 in
887 3565 952 3606 eo
983 3551 1210 3607 libenter
1237 3559 1519 3606 versantur
1561 3568 1576 3605 :
1621 3551 1716 3607 sed
1748 3553 1919 3605 utrin-

325 3662 428 3717 que
458 3643 744 3699 confirmat
771 3644 1090 3699 orationem.
1135 3643 1202 3697 Et
1246 3642 1365 3698 ideo
1404 3643 1566 3708 dicit,
1598 3642 1665 3698 In
1689 3644 1921 3714 aper-ibus

326 3754 571 3792 nmmum
619 3753 830 3791 suarum
871 3736 1259 3807 comprehensus
1299 3745 1392 3791 est.
1441 3737 1628 3804 Alius,
1679 3736 1920 3791 Votarum

323 3846 533 3885 siturum
563 3828 683 3900 (a).
710 3828 789 3883 Ne
814 3843 943 3898 ergo
971 3829 1272 3893 existimes,
1304 3837 1356 3883 te
1384 3828 1830 3883 machinationem
1863 3827 1917 3883 in

326 3922 492 3975 alium
517 3920 718 3987 moliri,
746 3919 960 3991 quando
984 3920 1145 3974 struis
1172 3919 1329 3975 alicui
1360 3919 1577 3974 insidias
1610 3937 1622 3971 :
1654 3920 1747 3974 tibi
1773 3919 1917 3975 enim

325 4013 425 4084 ipsi
454 4012 700 4067 contexis
720 4012 876 4067 retia.
899 4009 1108 4077 Cantus,
1134 4010 1440 4081 diapsalma.
1463 4010 1635 4078 Alius,
1662 4011 1774 4066 Vox
1795 4027 1919 4066 sem-

321 4120 432 4175 per.
460 4103 631 4165 Alius,
648 4101 934 4157 Modutatio
955 4119 1167 4174 semper.
1198 4103 1452 4157 Hebrteus
1472 4112 1673 4168 autem,
1700 4102 1918 4173 Engaon

319 4197 413 4251 sel.
471 4196 557 4250 l8.
601 4194 967 4249 Comici-tantur
1009 4204 1292 4264 peccatores
1325 4195 1378 4248 in
1419 4194 1712 4267 infernum,
1745 4210 1917 4250 omnes

317 4297 493 4359 gentes
521 4301 640 4358 qua:
668 4285 1031 4340 obliviscuntur
1069 4283 1251 4340 Deum.
1300 4285 1451 4341 Alius
1475 4327 1490 4353 ,
1537 4286 1912 4341 Convertcntur.

319 4377 374 4432 in
420 4377 615 4432 iisdem
662 4392 849 4431 rursus
892 4377 1159 4447 persistit,
1192 4377 1479 4433 ostendens
1506 4377 1689 4432 vitium
1719 4378 1918 4436 habere

317 4468 644 4538 supplicium
678 4467 1022 4522 constitutum
1043 4510 1059 4532 ,
1090 4478 1143 4525 et
1172 4468 1497 4537 impietatem
1537 4484 1726 4538 parere
1767 4486 1914 4524 mor-

321 4569 451 4622 tem,
481 4568 537 4613 et
566 4567 842 4629 peccatum
874 4560 1126 4629 pericula.
1159 4560 1246 4617 i9.
1275 4563 1526 4627 Quoniam
1551 4578 1653 4618 non
1679 4563 1734 4616 in
1761 4563 1916 4632 ﬁnem

318 4650 504 4705 oblivio
530 4650 631 4703 erit
657 4651 913 4720 pauperis,
946 4651 1190 4721 patientia
1221 4670 1500 4723 pauperum
1526 4671 1626 4708 non
1656 4655 1833 4725 peribit
1862 4656 1914 4711 in

318 4744 496 4810 ﬁnem.
526 4742 679 4796 Alius
702 4742 967 4812 interpres
988 4744 1131 4808 dicit,
1160 4743 1282 4799 Non
1307 4748 1438 4800 enim
1463 4746 1517 4799 in
1544 4746 1695 4813 ﬁnem
1718 4747 1917 4801 mitium

319 4833 637 4903 exspectatio
663 4833 892 4886 tradetur
912 4832 1168 4888 oblivioni.
1198 4834 1427 4891 Pulchre
1456 4835 1608 4902 dixit,
1638 4832 1703 4890 In
1727 4837 1876 4905 ﬁnem
1895 4852 1916 4891 :

318 4924 616 4980 05tendens
645 4938 751 4977 non
789 4938 1002 4994 semper
1029 4924 1195 4994 quatri
1236 4925 1631 4981 remissionem.
1677 4926 1734 4982 Si
1771 4929 1915 4984 enim

320 5029 534 5086 semper
563 5013 739 5069 futura
780 5015 847 5071 sit
885 5015 1038 5087 quies
1067 5024 1122 5072 et
1148 5017 1431 5085 remissio,
1475 5016 1688 5073 ubinam
1732 5027 1915 5075 osten-

321 5109 477 5165 detur
511 5110 815 5180 patientia?
856 5109 1011 5178 Quod
1050 5121 1225 5165 autem
1271 5110 1439 5176 dicit,
1484 5120 1568 5167 est
1613 5110 1911 5182 ejusmodi:

323 5199 515 5255 Pmnas
538 5203 746 5257 dabunt
772 5201 999 5271 improbi
1024 5243 1038 5266 ,
1068 5211 1124 5258 et
1148 5213 1386 5258 extrema
1414 5203 1699 5272 patientur.
1731 5203 1916 5274 Neque

321 5292 461 5346 enim
484 5292 624 5347 Deus
651 5292 910 5363 patietur,
934 5301 992 5346 ut
1020 5291 1085 5347 iis
1106 5293 1195 5363 qui
1221 5293 1410 5363 injuria
1440 5293 1763 5363 afﬁciuntur,
1795 5310 1913 5365 per-

376 5486 453 5547 (a)
476 5491 524 5535 tn
539 5492 721 5546 Greco,
734 5502 898 5549 ταμεν,
914 5498 1059 5549 quam
1074 5499 1243 5537 vocem
1260 5487 1518 5549 Gentianus
1531 5495 1774 5538 Hervetus
1786 5486 1916 5540 male

316 5551 555 5612 verterat,
576 5548 879 5612 plantarum.
905 5548 1065 5597 Lectio
1086 5556 1266 5608 nostra,
1290 5548 1506 5612 votorum
1533 5562 1747 5605 suarum,
1776 5551 1917 5612 cujus

318 5609 500 5674 sitnon
525 5609 747 5662 notatur.
763 5609 858 5659 sed
878 5614 974 5665 est,
999 5616 1054 5674 ut
1076 5611 1283 5674 videtur,
1299 5618 1354 5674 et
1371 5611 1510 5674 Savil.
1537 5618 1685 5674 notat,
1707 5609 1914 5674 Aquilae,

314 5671 393 5729 qui
419 5677 675 5754 vocequ
696 5680 767 5721 tta
790 5672 1037 5722 convertit
1061 5670 1178 5720 Psal.
1203 5674 1282 5733 77,
1305 5673 1383 5733 72,
1404 5680 1456 5723 ct
1474 5673 1578 5736 118,
1594 5687 1644 5724 v.
1670 5670 1780 5737 υθέ
1800 5670 1916 5725 nec;

317 5771 407 5807 non
436 5757 568 5810 Isaiae
586 5764 671 5827 49,
700 5765 777 5814 ιδ.

1489 318 1574 372 EX
1587 313 1847 372 POSlTlO
1886 312 1922 368 ιῖ

2033 312 2308 373 SALMUM
2350 316 2439 372 IX.
3527 329 3626 383 iiii

2047 441 2218 500 petua:
2247 441 2501 502 parentur
2531 434 2753 490 insidiae.
2792 434 2893 491 Per
2933 436 3034 492 hoc
3077 446 3131 494 et
3173 452 3266 493 eos
3296 440 3623 509 consolatur,

2043 530 2097 574 et
2125 522 2241 575 illos
2272 532 2454 583 terret.
2487 532 2540 578 et
2580 523 2673 579 Dei
2701 526 2934 581 ostendit
2958 528 3326 595 clementiam,
3356 532 3496 599 quod
3529 533 3627 586 lius

2043 610 2254 681 quidem
2297 629 2443 668 mora
2474 614 2646 670 reddit
2677 617 3042 687 probatiores,
3072 618 3193 675 illos
3218 635 3345 676 vero
3376 622 3535 676 trahit
3562 624 3627 676 ad

2043 704 2435 773 penitentiam.
2467 706 2602 763 Vide
2639 721 2815 764 autem
2856 710 3124 781 quomodo
3154 726 3336 768 rursus
3367 729 3630 784 pauperes

2045 797 2097 850 in
2128 796 2331 854 honore
2361 797 2656 865 habentur,
2689 817 2949 874 pauperes
2974 819 3078 859 non
3110 804 3352 862 absolute
3371 848 3385 875 ,
3415 808 3508 862 sed
3539 810 3627 877 qui

2042 895 2167 940 sunt
2195 888 2407 943 contriti
2436 890 2617 945 corde.
2660 891 2699 946 Ii
2727 894 2868 947 enim
2905 905 3026 949 sunt
3052 896 3136 951 vel
3165 897 3396 953 maxime
3423 898 3531 969 apti
3562 901 3628 954 ad

2044 977 2350 1045 patientiam
2377 997 2390 1033 :
2426 980 2509 1036 vel
2538 996 2597 1036 ca
2632 984 2806 1052 potius
2833 999 2891 1039 se
2920 994 3104 1040 mutuo
3133 997 3479 1057 comparant,
3524 988 3628 1042 litt-

2039 1067 2239 1123 militas
2285 1070 2628 1140 patientiam,
2669 1075 2922 1144 patientia
2983 1076 3355 1133 humilitatem.
3405 1079 3459 1135 Si
3507 1081 3627 1150 quis

2041 1170 2218 1215 autem
2246 1161 2470 1230 dixerit,
2502 1164 2569 1219 Et
2594 1169 2864 1236 quomodo
2892 1179 2975 1225 est
3005 1180 3285 1242 paupertas
3309 1171 3580 1229 humilitas
3606 1175 3630 1225 ?

2040 1250 2281 1308 dicemus
2301 1268 2418 1308 eam
2442 1269 2562 1310 esse
2582 1258 2839 1326 aptiorem
2862 1259 2927 1314 ad
2951 1262 3219 1317 virtutem.
3248 1262 3348 1331 Qui
3372 1273 3453 1319 cst
3481 1266 3624 1319 enim

2039 1341 2208 1408 dives,
2240 1344 2403 1399 animi
2435 1347 2750 1416 aegritudine
2774 1349 3003 1405 afficitur
3030 1361 3084 1407 et
3111 1353 3459 1410 conturbatur
3489 1372 3501 1409 :
3534 1356 3624 1425 qui

2040 1443 2217 1491 autem
2251 1451 2450 1506 pauper
2479 1447 2594 1504 est,
2629 1446 2806 1494 omnia
2853 1442 2952 1497 fert
2997 1444 3180 1510 facile,
3211 1453 3268 1500 ut
3295 1446 3383 1516 qui
3410 1446 3461 1500 in
3492 1461 3626 1516 pau-

2041 1534 2248 1595 pertate
2275 1527 2439 1582 veluti
2482 1529 2535 1583 in
2579 1530 2806 1599 quadam
2848 1534 3093 1603 palzestra
3133 1533 3439 1605 frequenter
3465 1552 3625 1593 exer-

2039 1628 2243 1673 ceatur.
2276 1620 2341 1674 Et
2365 1620 2486 1676 ideo
2506 1620 2751 1678 Christus
2772 1640 2981 1696 quoque
3006 1626 3237 1694 dicebat,
3265 1627 3483 1683 difﬁcile
3507 1644 3626 1684 esse

2038 1724 2159 1764 cum
2186 1709 2384 1766 divitiis
2410 1728 2631 1782 regnum
2658 1715 2911 1771 czelorum
2942 1717 3143 1788 ingredi
3171 1718 3380 1790 (Matth.
3404 1720 3488 1775 19.
3509 1720 3622 1791 25).

2037 1800 2171 1869 Quid
2215 1811 2299 1858 est
2337 1814 2551 1869 autem,
2597 1805 2856 1862 Patientia
2895 1826 3176 1881 pauperum
3219 1828 3320 1866 non
3364 1813 3542 1883 peribit
3573 1815 3625 1866 in

1986 1914 1987 1917 η
2036 1894 2238 1963 ﬁnem?
2266 1895 2586 1967 Numquam,
2620 1899 2809 1971 inquit,
2839 1902 3052 1972 peribit,
3082 1903 3176 1958 sed
3205 1904 3478 1974 proprium
3508 1903 3623 1959 fru-

2036 1995 2179 2040 ctum
2209 1989 2426 2041 omnino
2467 1989 2710 2059 recipiet.
2758 1991 2910 2059 Quod
2950 1992 3164 2063 quidcm
3217 2009 3320 2048 non
3353 1996 3531 2049 evenit
3572 1996 3623 2048 in

2037 2077 2103 2131 iis
2133 2079 2291 2134 rebus
2320 2096 2439 2151 quae
2476 2082 2543 2137 ad
2583 2083 2779 2138 victum
2809 2085 3109 2154 pertinent,
3154 2086 3247 2142 sed
3278 2104 3419 2158 saepe
3463 2089 3622 2143 ﬁnem

2036 2183 2143 2223 non
2193 2182 2595 2241 consequuntur
2650 2175 2995 2244 pereuntibus
3052 2177 3342 2233 laboribus.
3394 2178 3525 2233 Nam
3560 2180 3625 2234 'et

2036 2263 2267 2334 agricola
2291 2275 2586 2336 exspectat,
2616 2276 2671 2323 et
2697 2279 2963 2326 mercator
2995 2289 3008 2325 :
3036 2285 3176 2341 saepe
3202 2280 3378 2326 autem
3411 2281 3626 2342 propter

2034 2353 2174 2408 acris
2213 2356 2583 2426 intemperiem
2616 2359 2826 2430 utrique
2854 2375 2885 2414 a
2916 2360 3087 2415 fructu
3129 2362 3209 2416 sui
3238 2362 3435 2418 laboris
3476 2363 3623 2417 exci-

2034 2442 2184 2498 dunt.
2219 2445 2277 2501 In
2308 2447 2416 2502 Deo
2443 2457 2626 2505 autem
2656 2465 2761 2505 non
2794 2451 2866 2505 ita
2898 2450 2989 2518 ﬁt,
3020 2451 3114 2508 sed
3145 2468 3366 2510 necesse
3393 2462 3476 2509 cst
3502 2469 3624 2507 om-

2035 2535 2163 2592 nino
2191 2537 2352 2594 ﬁnem
2397 2540 2674 2611 consequi.
2719 2541 2832 2598 Hoc
2866 2553 3044 2599 autem
3077 2560 3183 2599 non
3226 2560 3440 2615 parvam
3471 2546 3625 2603 affert

2033 2628 2475 2696 consolationem,
2499 2646 2713 2702 semper
2732 2632 2799 2688 de
2821 2633 2926 2690 ﬁne
2947 2634 3237 2691 confidere.
3258 2636 3349 2691 (ὶο.
3371 2636 3621 2708 Exsurge,

2033 2716 2274 2787 Domine,
2299 2737 2401 2774 non
2428 2726 2740 2793 confortetttr
2769 2725 2936 2780 homo.
2962 2726 3132 2793 Alius,
3164 2726 3285 2782 Non
3313 2729 3487 2783 audax
3507 2731 3620 2799 ﬁat.

2031 2807 2336 2864 Judicentur
2362 2822 2534 2883 gentes
2574 2814 2627 2868 in
2663 2825 2930 2887 conspectu
2960 2825 3066 2870 tuo.
3096 2819 3279 2887 Alius,
3319 2818 3385 2872 Et
3413 2821 3464 2873 in
3493 2822 3625 2893 [acie

2034 2908 2139 2954 tua.
2169 2898 2458 2973 Postquam
2488 2904 2623 2959 dixit
2652 2906 2859 2974 vitium,
2889 2908 3031 2978 quod
3063 2909 3243 2979 plures
3271 2910 3517 2968 homines
3542 2914 3622 2967 itt-

2030 2990 2204 3058 vadit,
2248 3002 2302 3048 et
2337 2996 2572 3050 narravit
2611 2996 2882 3052 hominum
2925 2998 3316 3069 improbitatem
3339 3045 3353 3066 ,
3385 3003 3617 3074 rapinas,

2030 3085 2330 3153 avaritiam,
2365 3086 2673 3155 homicidia,
2712 3099 2865 3161 rogat
2890 3091 3055 3147 Deum
3084 3107 3181 3162 pro
3206 3095 3403 3150 auxilio
3431 3112 3618 3151 eorum

2029 3175 2121 3244 qui
2165 3176 2469 3232 afficiuntur
2514 3179 2727 3249 injuria.
2774 3181 2923 3236 Talia
2961 3191 3085 3238 sunt
3127 3184 3272 3239 enim
3312 3195 3617 3243 sanctorum

2029 3267 2253 3336 viscera,
2282 3278 2341 3324 ut
2362 3285 2468 3326 non
2498 3272 2671 3327 solum
2703 3273 2813 3328 sint.
2837 3275 2904 3330 de
2933 3291 2991 3330 se
3015 3277 3247 3345 solliciti,
3282 3280 3373 3335 sed
3397 3282 3619 3350 perinde

2031 3372 2093 3413 ac
2124 3359 2168 3413 si
2199 3375 2296 3430 pro
2317 3377 2420 3417 una
2447 3362 2627 3431 domo,
2657 3380 2753 3434 pro
2781 3366 2910 3422 orbe
2937 3375 3222 3436 terrarum,
3251 3371 3335 3426 vel
3359 3388 3423 3428 ac
3447 3374 3490 3428 si
3521 3390 3618 3444 pro

2027 3464 2135 3504 uno
2163 3465 2390 3520 corpore
2410 3494 2424 3518 ,
2465 3468 2562 3523 pro
2593 3456 2928 3513 multitudine
2957 3459 3250 3526 hominum,
3288 3462 3355 3517 ita
3390 3478 3616 3532 precen-

2028 3548 2117 3594 tur
2143 3540 2445 3598 Dominum.
2476 3543 2729 3618 Exsurge,
2755 3547 2990 3617 Domine,
3020 3568 3084 3606 ne
3104 3556 3417 3625 confortetur
3442 3556 3613 3611 homo.

2027 3632 2163 3697 Quid
2187 3643 2270 3689 est
2296 3644 2473 3690 autem
2495 3678 2511 3705 ,
2546 3637 2807 3711 Exsurge,
2840 3639 3100 3697 Domine?
3128 3644 3487 3716 Pcrseqnerc,
3532 3650 3615 3702 iu-

2027 3722 2162 3792 quit,
2193 3722 2274 3778 f'cr
2315 3739 2507 3795 opem,
2545 3727 2669 3798 puni
2700 3743 2795 3785 eos
2837 3731 2927 3800 qui
2955 3729 3195 3785 inferunt
3229 3734 3497 3805 injuriam.
3551 3739 3617 3794 Et

2028 3817 2242 3887 egregie
2263 3818 2419 3873 nudis
2438 3821 2743 3877 nominibus
2764 3838 2891 3878 usus
2909 3832 3011 3891 est,
3039 3840 3160 3882 cum
3181 3825 3336 3894 dixit,
3360 3828 3613 3902 Exsurge,

2026 3917 2099 3974 et,
2129 3908 2249 3963 Non
2276 3913 2586 3982 confortetur
2613 3913 2763 3968 [tanta
2782 3931 2800 3967 :
2828 3924 2886 3970 ut
2911 3916 3176 3986 signiﬁcet
3203 3919 3344 3988 quod
3372 3921 3442 3975 sit
3467 3923 3613 3988 vilis,

2026 3997 2168 4069 quod
2194 4009 2460 4071 terrenus,
2483 4005 2623 4073 quod
2653 4005 2828 4075 pulvis
2854 4016 2907 4061 et
2934 4008 3089 4063 ciuis.
3115 4008 3422 4065 Judicentur
3444 4024 3613 4083 gentes

2026 4092 2080 4145 in
2107 4102 2375 4163 conspectu
2401 4102 2509 4148 tuo.
2538 4096 2676 4163 Quid
2708 4096 2809 4152 hoc
2837 4100 2962 4153 est?
2994 4100 3163 4166 Dent,
3195 4099 3398 4170 inquit,
3428 4119 3615 4172 pmuas

2026 4196 2244 4238 suorum
2277 4194 2636 4254 peccatorum.
2680 4188 2799 4243 Non
2843 4188 3035 4244 redditi
3077 4201 3202 4246 sunt
3240 4193 3490 4251 meliores
3518 4211 3614 4266 pa-

2029 4277 2211 4332 tientia
2237 4292 2252 4342 ;
2285 4276 2578 4333 facinorum
2604 4278 2672 4333 ab
2696 4281 2776 4335 eis
2800 4281 3061 4336 rationem
3087 4298 3336 4354 exposce.
3366 4285 3455 4341 2f.
3480 4287 3617 4342 Con-

2024 4368 2174 4423 stitue
2195 4410 2209 4435 ,
2238 4367 2491 4437 Domine,
2533 4372 2872 4443 legislatorem
2898 4391 3052 4445 super
3078 4393 3180 4431 eos.
3214 4377 3392 4434 Sciant
3420 4391 3612 4452 gentes,

2025 4462 2264 4531 quoniam
2310 4463 2533 4518 homines
2579 4473 2717 4519 sunt.
2769 4465 3090 4537 Diapsalma.
3139 4471 3327 4539 Alius,
3376 4472 3610 4546 Semper.

2025 4558 2163 4628 Quid
2187 4567 2292 4624 est,
2316 4558 2571 4615 Constitue
2591 4561 2927 4634 legislatorem
2946 4581 3098 4638 super
3120 4567 3258 4639 ipsos
3275 4570 3301 4624 7
3324 4570 3613 4639 Quoniam,

2026 4650 2231 4721 inquit,
2256 4650 2433 4705 omnia
2464 4651 2663 4708 faciunt
2702 4655 2922 4725 perinde
2948 4672 3011 4713 ac
3038 4659 3083 4713 si
3121 4671 3302 4717 essent
3343 4665 3422 4718 sui
3449 4664 3612 4735 juris,

2024 4741 2270 4797 nolentes
2295 4741 2423 4798 dare
2449 4758 2655 4814 ptenas,
2688 4746 2981 4815 ulciscere,
3010 4759 3066 4806 et
3091 4753 3159 4808 sit
3185 4754 3262 4809 eis
3292 4757 3611 4826 supplicium

2025 4847 2123 4902 pro
2151 4831 2536 4892 admonitione.
2569 4836 2682 4893 [loc
2708 4840 2846 4895 alius
2874 4857 3085 4912 quoque
3111 4844 3438 4916 signiﬁcans,
3465 4849 3613 4905 dice-

2024 4924 2118 4979 bat
2145 4944 2157 4979 :
2184 4924 2473 4995 Constitue,
2519 4927 2769 4997 Domine,
2803 4932 2875 4986 eis
2900 4933 3147 4988 timorem.
3184 4935 3315 4991 Vide
3340 4938 3613 5005 quomodo

2024 5032 2132 5072 non
2160 5019 2350 5088 qttmrit
2378 5028 2437 5075 ut
2465 5020 2773 5090 puniantur,
2798 5022 2891 5078 sed
2920 5037 2979 5078 ut
3004 5024 3410 5091 admoneamur,
3442 5030 3613 5082 corri-

2023 5120 2248 5181 gantur,
2278 5119 2334 5166 et
2359 5128 2465 5168 non
2496 5114 2675 5168 vivant
2710 5114 2910 5185 inique.
2944 5116 3057 5171 Erit
3082 5116 3258 5183 enim,
3291 5117 3496 5187 inquit,
3531 5122 3613 5176 eis

2025 5204 2343 5275 supplicium
2382 5205 2500 5261 loco
2538 5205 2953 5273 admonitionis,
2987 5222 3091 5263 non
3119 5208 3199 5263 eis
3227 5218 3465 5275 tantum,
3513 5213 3609 5266 sed

2025 5296 2185 5352 etiam
2211 5297 2351 5352 aliis.
2380 5297 2448 5352 Et
2477 5306 2536 5353 ut
2562 5298 2703 5354 scias
2729 5307 2983 5370 quantum
3010 5314 3075 5355 ex
3102 5313 3168 5355 eo
3192 5300 3263 5355 sit
3289 5299 3526 5371 lucrum,
3555 5316 3610 5360 et

2025 5388 2294 5458 quomodo
2320 5387 2564 5443 morbum
2590 5391 2868 5460 reprimat,
2898 5389 3022 5445 audi
3051 5389 3193 5460 quod
3237 5389 3489 5464 deinceps
3525 5410 3608 5450 sc-

2032 5475 2236 5543 quitur.
2265 5474 2446 5530 Sciant
2466 5486 2639 5547 gentes
2660 5479 2799 5548 quod
2821 5479 3055 5533 homines
3075 5489 3216 5534 sunt.
3243 5479 3397 5550 Quod
3421 5491 3601 5538 autem

2030 5566 2185 5631 dicit,
2214 5567 2526 5636 hujusmodi
2552 5580 2636 5625 est
2666 5587 2679 5623 :
2713 5570 2864 5624 Multi
2901 5571 3003 5625 hoc
3031 5572 3193 5628 etiam
3228 5575 3599 5645 perdiderunt,

2031 5669 2239 5713 natura:
2271 5658 2421 5713 obliti
2460 5670 2607 5725 sunt,
2640 5662 2690 5715 in
2724 5663 2960 5718 furorem
2994 5665 3352 5738 impcgcrunt,
3389 5670 3598 5739 seipsos

2031 5750 2365 5820 ignorarunt.
2396 5750 2459 5806 Et
2481 5754 2701 5822 pulchre
2720 5755 2914 5827 adjecit
2933 5757 3084 5817 illud.
3101 5759 3335 5833 Semper,
3356 5769 3411 5817 ut
3434 5759 3596 5832 signi-
