4068 6288
404 370 505 423 135

404 484 584 539 liceret
626 495 731 537 non
776 481 948 536 solum
993 479 1047 535 in
1090 480 1250 535 rebus
1294 478 1530 534 adversis
1555 519 1569 544 ,
1611 476 1706 531 sed
1737 476 1895 530 etiam
1927 474 1979 528 in

404 573 675 629 secundis.
719 570 916 629 Verum
942 615 958 641 ,
1003 574 1047 628 si
1091 588 1184 628 eos
1225 586 1366 627 nunc
1412 570 1686 640 punieris,
1730 567 1988 624 habentes

408 680 657 736 magnum
700 664 981 730 timorem,
1021 673 1076 719 et
1119 662 1431 718 memoriam
1474 661 1732 715 malorum
1762 674 1883 730 quae
1909 657 1987 713 eis

405 765 739 821 evenerunt,
787 756 995 812 etiamsi
1040 754 1120 810 eis
1167 768 1420 825 prospere
1468 768 1554 808 res
1597 752 1983 816 successerint,

404 852 576 904 scient
597 864 748 903 suam
780 856 1045 902 naturam.

477 939 530 994 9.
561 938 863 1010 Ignorantia
891 938 1092 1010 gravior
1121 936 1422 1008 phrenitide.
1442 965 1515 977 —
1537 936 1696 990 Vides
1722 933 1989 1004 quomodo

411 1044 505 1097 pro
542 1028 623 1083 eis
667 1029 959 1082 orationem
1002 1027 1230 1095 emittit,
1273 1042 1563 1095 eorumque
1605 1026 1719 1080 vult
1757 1024 1990 1083 furorem

410 1118 646 1189 corrigi?
669 1119 889 1189 Seipsos
910 1119 1052 1174 enim
1083 1119 1328 1188 ignorare
1345 1128 1426 1173 est
1444 1127 1697 1172 extrema:
1723 1116 1987 1178 amentia),

405 1221 461 1266 et
491 1210 739 1281 phrenesi
771 1211 1003 1280 gravius.
1037 1209 1150 1265 Hoc
1172 1210 1312 1264 enim
1340 1218 1421 1262 est
1458 1210 1677 1264 morbus
1707 1207 1993 1262 necessita-

412 1302 526 1356 tis:
560 1300 689 1356 illud
720 1315 849 1356 vero
884 1309 1151 1370 corrupta:
1178 1299 1482 1355 voluntatis.
1516 1300 1566 1353 l.
1596 1297 1661 1352 Ut
1698 1298 1846 1368 quid,
1881 1295 1992 1349 Do-

411 1394 574 1459 mine,
604 1394 852 1450 recessisti
881 1395 1049 1464 longe,
1083 1394 1296 1465 despicis
1322 1395 1374 1446 in
1414 1391 1876 1464 opportunitatibus
1895 1431 1909 1455 ,
1940 1389 1992 1442 in

411 1483 817 1540 tribulationibus
841 1484 867 1538 Ρ
910 1485 1036 1540 llmc
1061 1484 1186 1538 dicit
1210 1483 1493 1553 propheta,
1521 1496 1681 1537 orans
1709 1490 1764 1536 et
1792 1480 1994 1549 suppli-

411 1588 541 1628 cans
584 1588 649 1629 ex
691 1589 917 1644 persona
962 1589 1144 1629 eorum
1173 1573 1262 1644 qui
1292 1573 1597 1644 afﬂiguntur
1620 1614 1635 1639 ,
1682 1586 1787 1626 non
1818 1579 1994 1625 autem

411 1680 669 1719 accusans
702 1681 717 1717 :
749 1665 908 1719 absit.
952 1663 1084 1721 Nam
1113 1665 1265 1718 multi
1307 1680 1492 1718 eorum
1537 1663 1629 1733 qui
1670 1661 1992 1730 amiguntur,

415 1771 523 1823 prae
549 1756 737 1811 dolore
764 1757 986 1825 cupiunt
1015 1764 1139 1810 ante
1177 1765 1384 1824 tempus
1421 1754 1744 1809 conveniens
1769 1752 1882 1807 ﬁeri
1907 1752 1992 1820 ju-

413 1847 610 1900 ilicium
639 1863 654 1901 :
684 1846 1129 1916 quemadmodum
1155 1848 1242 1916 qui
1280 1854 1529 1900 secantur
1551 1885 1565 1910 ,
1612 1842 1846 1897 nondum
1878 1858 1997 1912 per-

416 1940 552 1994 t'ecta
581 1939 818 1994 sectione
843 1947 1033 2009 rogant
1058 1939 1320 1993 medicum
1338 1979 1352 2002 ,
1386 1946 1442 1991 ut
1472 1951 1684 1990 manum
1711 1935 2000 2002 abstineat,

417 2029 730 2082 damnosam
759 2028 972 2098 quidem
1001 2030 1223 2099 gratiam
1254 2037 1514 2098 petentes,
1541 2043 1606 2082 eo
1631 2034 1829 2092 autem,
1858 2025 1996 2096 quod

418 2136 527 2176 non
555 2120 731 2175 ferant
757 2119 1033 2188 dolorem,
1066 2120 1168 2174 hoc
1209 2128 1445 2190 agentes.
1480 2118 1632 2189 S:epe
1658 2125 1834 2173 autem
1860 2117 1999 2187 apud

419 2211 658 2267 medicos
686 2210 1042 2265 vociferantur
1084 2228 1096 2263 :
1131 2210 1355 2265 Torsisti
1402 2224 1523 2275 me,
1577 2208 1845 2280 perdidisti
1890 2222 1998 2274 me,

418 2317 507 2358 me
551 2301 618 2356 de
662 2301 839 2356 medio
883 2302 1181 2368 sustulisti;
1229 2301 1344 2356 haec
1392 2309 1567 2356 autem
1597 2302 1757 2356 verba
1800 2316 1907 2355 non
1934 2316 2002 2355 ex

416 2402 616 2459 mente,
647 2392 742 2448 sed
766 2409 830 2448 ex
855 2393 1041 2449 dolore
1069 2393 1382 2463 procedunt.
1414 2395 1485 2448 lta
1527 2405 1672 2449 certe
1714 2394 1863 2447 multi
1899 2408 1999 2463 pu-

419 2484 521 2536 silli
550 2492 605 2539 et
633 2483 823 2551 abjecti
853 2484 1012 2536 animi
1040 2483 1244 2549 dicunt,
1286 2483 1337 2537 in
1362 2483 1737 2538 afllictionibus
1764 2484 2000 2538 laborem

416 2588 524 2628 non
550 2572 808 2628 ferentes.
839 2572 1138 2642 Sephonias
1163 2589 1375 2645 quoque
1413 2575 1502 2629 tali
1544 2576 1785 2630 oratione
1814 2575 1998 2631 utitur.

414 2663 525 2719 Sed
566 2661 682 2718 haec
707 2663 924 2734 quidem
951 2664 1002 2718 in
1032 2664 1206 2720 Veteri
1233 2707 1248 2731 ,
1277 2664 1490 2735 quando
1532 2676 1684 2720 erant
1710 2667 2000 2721 certamina

420 2753 741 2808 moderata:
769 2753 926 2825 longe
968 2763 1144 2810 autem
1173 2754 1368 2810 absunt
1406 2770 1436 2809 a
1475 2756 1605 2811 Novi
1645 2756 1996 2827 philosophia.

414 2845 472 2900 2.
511 2843 644 2899 Dum
684 2846 907 2917 superbit
945 2847 1153 2918 impius,
1184 2847 1466 2901 incenditur
1502 2864 1713 2919 pauper.
1756 2848 2001 2919 Compre-

420 2936 711 2990 Itenduntur
742 2937 793 2989 in
818 2936 1044 2989 consiliis
1063 2978 1078 3002 ,
1118 2952 1231 3007 qua:
1270 2938 1508 3007 cogitant.
1552 2938 1703 2993 Alius
1722 2979 1736 3003 ,
1765 2938 2003 3010 Compre-

421 3026 727 3079 liendantur.
756 3028 811 3081 3.
841 3025 1093 3092 Quoniam
1114 3027 1359 3081 laudatur
1390 3039 1622 3097 peccator
1648 3029 1702 3083 in
1742 3031 2003 3085 desideriis

418 3117 608 3170 animat
638 3130 777 3183 suat,
805 3127 850 3171 et
877 3117 1079 3187 iniquus
1103 3116 1427 3171 benedicitur.
1464 3119 1517 3173 4.
1550 3118 1874 3174 Ea'acerbavit
1900 3121 2003 3175 Do-

418 3206 613 3260 minum
667 3219 917 3278 peccator.
980 3207 1279 3276 Propheta,
1328 3209 1574 3279 imposita
1630 3211 1731 3265 sibi
1777 3227 2003 3280 persona

418 3297 694 3366 supplicis,
726 3306 784 3354 et
827 3312 1020 3368 rogans
1061 3313 1158 3369 pro
1201 3299 1266 3353 iis
1307 3300 1396 3369 qui
1442 3300 1747 3355 afﬁciuntur
1786 3302 2000 3372 injuria,

421 3386 551 3441 dicit
579 3389 739 3442 etiam
766 3387 1073 3443 affectiones
1097 3405 1218 3459 qua:
1246 3400 1544 3457 venerunt,
1589 3407 1707 3461 qua:
1746 3405 1868 3448 sunt
1906 3392 2004 3448 hu-

420 3491 597 3530 manae
633 3477 1041 3544 imbecillitatis;
1073 3495 1265 3550 nempe
1290 3490 1416 3536 ante
1446 3482 1774 3551 punitiouem
1801 3485 1920 3555 angi
1950 3493 2005 3540 et

419 3567 715 3622 excruciari
746 3582 889 3629 eum.
918 3569 1000 3622 cui
1032 3569 1087 3623 fit
1118 3570 1329 3640 injuria,
1362 3586 1467 3626 non
1506 3572 1760 3630 ferentem
1786 3591 2003 3647 prospe-

423 3657 637 3712 ritatem
668 3658 916 3728 improbi.
948 3659 1062 3714 Non
1095 3672 1177 3717 est
1204 3672 1381 3718 autem
1416 3680 1632 3733 parvum
1666 3666 1767 3723 hoc
1793 3684 2003 3739 quoque

417 3745 756 3815 supplicium.
795 3748 999 3804 Deinde
1027 3760 1196 3820 rogat,
1230 3762 1288 3806 ut
1320 3753 1447 3807 dent
1476 3769 1692 3823 punias,
1720 3767 1773 3812 et
1815 3773 1999 3814 eorum

422 3835 475 3890 in
505 3836 712 3907 seipsos
740 3846 1017 3895 vertantur
1054 3840 1258 3897 insidiae
1283 3859 1297 3909 ;
1327 3843 1461 3899 dicit
1485 3846 1642 3900 etiam
1673 3848 2003 3908 intolerabile

416 3943 585 4000 genus
622 3927 994 4000 improbitatis.
1026 3933 1303 4002 Quodnam
1352 3947 1529 3992 autem
1562 3938 1661 3995 hoc
1703 3941 1823 3996 est?
1864 3942 2003 4010 ρηο.

421 4020 560 4074 niam
598 4020 841 4076 laudatur
869 4034 1102 4093 peccator
1135 4025 1187 4079 in
1216 4025 1480 4082 desideriis
1521 4030 1705 4084 animi;
1740 4048 1863 4086 suce.
1899 4033 2001 4089 Pro

422 4111 490 4166 iis
519 4127 616 4181 pro
644 4113 837 4183 quibus
865 4130 924 4171 se
948 4116 1279 4174 abscondere
1302 4161 1315 4183 ,
1342 4135 1441 4191 pro
1468 4123 1659 4192 quibus
1686 4126 2002 4185 erubescere

418 4204 735 4274 oportebat,
780 4222 880 4277 pro
922 4208 987 4262 iis
1027 4210 1078 4263 in
1126 4210 1479 4269 admiratione
1523 4214 1780 4286 habetur,
1813 4235 1910 4289 pro
1935 4221 1999 4276 iis

415 4294 679 4350 laudatur.
726 4296 1004 4365 Quomodo
1043 4309 1220 4356 autem
1253 4305 1447 4373 poterit
1489 4305 1610 4362 huic
1638 4308 1889 4380 deinceps
1916 4328 2001 4367 re-

418 4387 651 4441 medium
678 4388 952 4457 adhiberi,
984 4394 1196 4462 quando
1223 4395 1469 4451 laudatur
1494 4399 1724 4454 vitium?
1767 4400 1879 4457 Hoc
1908 4418 2000 4459 au-

419 4489 525 4533 tem
556 4495 697 4535 nunc
722 4496 934 4553 quoque
960 4484 1037 4538 iit.
1082 4484 1179 4541 llic
1203 4487 1257 4541 in
1287 4489 1638 4547 admiratione
1668 4491 1909 4561 habetur,
1940 4506 1999 4552 ut

416 4567 506 4638 qui
537 4569 607 4623 sit
635 4581 857 4639 potens;
890 4572 980 4627 itte
1006 4590 1133 4629 vero
1152 4617 1168 4641 ,
1198 4579 1370 4648 utqui
1397 4579 1687 4636 ulciscatur
1714 4584 1957 4641 inimicos
1982 4606 1995 4642 :

414 4660 552 4714 alius
580 4674 708 4716 vero
735 4671 788 4716 ut
818 4663 1071 4732 prudens,
1104 4669 1352 4736 quoniam
1383 4674 1620 4728 omnium
1651 4674 1789 4733 bona
1818 4693 1999 4733 corra-

413 4749 485 4803 sit
516 4767 531 4805 :
559 4757 759 4806 etcum
790 4752 1022 4821 seipsum
1053 4756 1374 4825 perdiderit,
1407 4776 1526 4816 eum
1551 4764 1735 4820 dicunt
1763 4769 1995 4837 seipsum

415 4842 689 4899 invenisse
705 4883 724 4911 ,
751 4855 808 4900 et
834 4845 921 4900 alii
952 4846 1053 4901 alia
1084 4847 1269 4904 dicunt
1294 4868 1307 4903 :
1332 4851 1403 4908 de
1430 4854 1792 4923 spiritualibus
1820 4871 1996 4916 autem

411 4932 573 4989 rebus
601 4949 669 4990 ne
694 4934 919 4991 verbum
958 4937 1194 5007 quidem.
1226 4939 1343 4996 Non
1385 4943 1493 5000 cito
1532 4944 1776 5003 laudatur
1801 4952 1889 5020 qui
1915 4963 1999 5008 est

409 5039 439 5076 a
472 5025 700 5096 negotiis
728 5027 970 5095 alienus;
1017 5044 1118 5086 nec
1159 5035 1486 5102 paupertatis
1511 5046 1719 5093 amator
1743 5056 1757 5094 :
1785 5041 1880 5096 sed
1907 5044 1994 5112 qui

410 5123 492 5168 est
517 5116 821 5186 opulentus,
850 5129 1198 5190 eauponator,
1233 5123 1498 5194 adulator,
1528 5128 1619 5196 qui
1648 5144 1748 5199 pro
1767 5132 1909 5187 nulla
1937 5150 1996 5190 re

412 5206 528 5259 utili
568 5208 783 5264 servilia
826 5210 938 5266 obit
978 5210 1295 5268 ministeria.
1344 5214 1472 5273 Hac
1512 5216 1675 5273 deﬂet
1715 5221 1991 5292 propheta,

409 5297 553 5365 quod
573 5299 758 5356 vitium
787 5302 858 5359 ita
889 5302 1198 5372 invaluerit,
1232 5316 1289 5361 ut
1313 5308 1414 5363 sibi
1445 5310 1653 5380 placeat
1680 5321 1734 5368 et
1758 5312 1997 5372 blandia-

412 5395 532 5452 tur,
565 5397 619 5443 et
654 5392 795 5461 quod
821 5402 904 5448 est
941 5396 1174 5465 gravius,
1200 5405 1261 5453 ut
1284 5398 1502 5456 minime
1526 5403 1847 5473 erubescat,
1895 5423 1995 5463 nec

405 5476 579 5532 solum
607 5481 840 5550 seipsum
871 5485 1049 5542 laudet
1089 5500 1309 5559 propter
1335 5506 1398 5545 ea
1428 5507 1547 5562 quae
1578 5492 1736 5561 facit,
1769 5497 1864 5552 sed
1901 5497 1995 5551 ha-

412 5567 535 5624 beat
559 5571 717 5626 etiam
744 5575 878 5630 alios
908 5577 1232 5638 laudatores.
1262 5582 1398 5651 Quid
1439 5584 1540 5640 hac
1566 5598 1743 5643 autem
1787 5590 1992 5646 insania

412 5661 573 5718 fuerit
594 5662 864 5722 deterius?
894 5666 1224 5728 Exacerbavil
1247 5675 1516 5732 Dominum
1542 5691 1792 5751 peccator.
1819 5681 1987 5748 Alius,

405 5754 655 5819 Quoniam
699 5773 813 5811 cum
856 5758 1078 5816 laudavit
1126 5765 1323 5837 iniquus
1369 5773 1640 5827 secundant
1680 5773 1985 5830 desiderium

1108 363 1164 419 S.
1205 360 1479 418 JOANNIS
1501 357 1968 415 CllRYSOSTOMl
2010 358 2322 414 AllClllEP.
2364 360 2891 417 CONSTANTINOP.

3576 363 3673 420 tae

2095 476 2278 529 anima:
2314 492 2458 544 suat,
2499 486 2545 529 et
2573 493 2757 531 avarus
2798 476 3083 542 benedixit,
3130 478 3338 531 irritavit
3384 475 3671 534 Dominum.

2095 568 2311 632 Quando
2330 565 2552 621 exaltata
2574 568 2724 638 fuerit
2750 570 2827 622 ira
2849 569 2980 637 ejus,
3005 586 3106 623 non
3125 572 3323 639 quatrit.
3349 570 3520 634 Alius,
3547 572 3679 638 Quia

2092 658 2314 713 laudavit
2357 660 2409 713 in
2438 660 2687 715 desiderio
2715 661 2899 715 animm
2940 676 3081 726 sum,
3114 670 3160 715 et
3188 677 3369 716 avarus
3406 663 3491 734 qui
3529 663 3681 716 bene-
3740 658 3755 667 ’

2092 750 2242 813 dixit,
2275 750 2494 805 detraxit
2520 749 2758 805 Domino.
2797 749 2995 822 Impius
3022 752 3297 805 secundant
3326 753 3680 806 exultationem

2091 841 2185 895 irte
2212 857 2319 894 sua:
2344 858 2442 895 non
2468 843 2715 911 exquiret.
2746 841 3086 912 Septuaginta
3119 851 3318 907 autem,
3348 842 3682 898 Exacerbat-it

2095 931 2372 986 Dominum
2415 944 2645 1005 peccator
2671 950 2690 988 :
2721 935 2994 988 secundum
3034 934 3408 990 multitudinem
3449 938 3541 990 ira:
3577 952 3685 992 sua:

2094 1042 2194 1079 non
2215 1038 2419 1096 (luceret.
2451 1027 2635 1083 Vidisti
2660 1045 2765 1100 quo
2788 1029 2974 1084 vitium
3003 1030 3353 1100 processerit?
3378 1031 3514 1101 Quid
3538 1032 3680 1098 dico,

2094 1120 2286 1189 inquit,
2315 1136 2434 1174 eum
2466 1136 2727 1191 pauperes
2755 1122 2995 1176 molestia
3024 1122 3285 1178 afﬁcere?
3312 1123 3489 1194 Ipsum
3518 1124 3682 1178 Deum

2100 1211 2289 1266 irritat.
2324 1210 2390 1265 Et
2418 1212 2693 1267 secundum
2719 1213 3088 1268 multitudinem
3111 1215 3204 1268 ira?
3221 1230 3331 1269 suae
3352 1232 3451 1269 non
3474 1226 3682 1286 queret,

2100 1303 2289 1373 inquit,
2316 1303 2496 1358 Deum.
2532 1305 2682 1360 Alius
2709 1316 2883 1359 autem
2911 1305 3013 1360 hoc
3037 1305 3269 1362 ostendit
3296 1306 3398 1362 dici
3427 1307 3494 1363 de
3523 1308 3686 1377 impio

2098 1395 2311 1463 dicens,
2342 1395 2686 1452 Exattationis
2710 1413 2848 1464 suat,
2882 1397 2983 1453 hoc
3010 1409 3091 1453 est
3110 1440 3126 1465 ,
3152 1402 3472 1471 arrogantiae
3491 1443 3505 1468 ,
3538 1402 3686 1458 inso-

2102 1487 2303 1543 lentiis.
2336 1489 2522 1543 Vidisti
2567 1489 2826 1560 insignem
2866 1490 3126 1545 insaniam
3162 1501 3217 1547 et
3242 1493 3635 1563 corruptionem
3662 1494 3688 1548 ?

2101 1577 2198 1632 Est
2224 1579 2308 1643 iis,
2337 1580 2423 1650 qui
2451 1590 2573 1634 sunt
2598 1580 2838 1651 ejusdem
2862 1583 3036 1652 gentis
3064 1597 3126 1637 ac
3163 1584 3398 1654 generis,
3443 1585 3612 1642 hostis
3633 1596 3688 1641 et

2107 1670 2374 1737 inimicus,
2400 1687 2429 1725 a
2456 1672 2650 1727 virtute
2673 1673 2911 1740 alienus,
2938 1682 3143 1729 amator
3170 1674 3280 1730 vitii
3310 1685 3470 1746 atque
3500 1676 3686 1733 lauda-

2111 1772 2212 1817 tor.
2241 1762 2306 1817 Et
2339 1763 2557 1832 pulchre
2585 1763 2720 1817 dixit
2757 1763 2892 1818 alius
2913 1805 2929 1831 ,
2959 1762 3080 1818 Non
3109 1774 3183 1819 est
3206 1763 3345 1819 Deus
3369 1767 3423 1819 in
3462 1767 3687 1822 omnibus

2103 1853 2213 1923 ejus
2256 1853 2675 1924 cogitationibus,
2720 1853 3026 1924 signiﬁcans
3067 1854 3231 1910 Deum
3274 1871 3379 1910 non
3425 1873 3686 1926 quaerere,

2106 1943 2319 2014 plenum
2350 1960 2468 1998 esse
2497 1943 2748 2012 tenebris,
2773 1961 2878 1999 non
2908 1944 3103 2001 habere
3133 1946 3273 2002 illius
3302 1948 3549 2003 timorem
3581 1965 3690 2018 prae

2103 2032 2291 2087 oculis.
2327 2030 2431 2087 Sed
2460 2032 2906 2103 quemadmodum
2939 2034 3080 2089 lenia
3120 2034 3370 2091 obscurat
3410 2038 3685 2106 pupillam,

2104 2123 2173 2179 ita
2201 2125 2359 2178 etiam
2390 2123 2704 2193 improbitas
2732 2134 2985 2186 mentem.
3014 2126 3218 2195 fertque
3244 2142 3341 2196 per
3372 2127 3686 2197 praecipitia.

2104 2214 2156 2269 5.
2188 2214 2307 2268 Non
2337 2223 2408 2268 est
2433 2213 2573 2269 Deus
2602 2215 2655 2268 in
2695 2225 2961 2285 conspectu
2998 2217 3128 2286 ejus.
3160 2216 3309 2270 Alius
3333 2258 3349 2280 ,
3393 2215 3494 2270 Per
3521 2233 3691 2272 omnes

2104 2298 2433 2378 cogitationes
2469 2310 2599 2379 ejus.
2649 2307 2942 2379 Inquinata:
2985 2320 3101 2364 sunt
3143 2310 3237 2365 vice
3277 2311 3416 2366 illius
3459 2311 3514 2366 in
3555 2313 3691 2365 omni

2105 2406 2344 2467 tempore.
2382 2398 2697 2468 Auferuntur
2726 2400 2930 2471 judicia
2967 2410 3053 2453 tua
3093 2417 3125 2454 a
3165 2401 3296 2473 facie
3338 2405 3466 2472 ejus.
3514 2402 3690 2466 Alius,

2107 2487 2376 2542 Sublatunt
2420 2499 2490 2543 est
2522 2490 2779 2561 judicium
2824 2499 2985 2544 tuum.
3032 2491 3226 2547 Vidisti
3262 2491 3495 2547 fructum
3535 2492 3692 2547 vitii?

2104 2579 2220 2634 Lux
2244 2580 2360 2651 ejus
2385 2582 2753 2652 exstinguitur,
2786 2582 3107 2640 ltebctantur
3141 2586 3436 2654 ratiocinia,
3471 2587 3693 2642 traditur

2105 2673 2345 2741 captivus
2390 2672 2738 2743 improbitati.
2787 2675 3248 2743 Quemadmodum
3289 2678 3431 2732 enim
3484 2678 3574 2748 qui
3611 2689 3693 2735 est

2106 2762 2395 2819 luminibus
2421 2766 2583 2819 orbus
2624 2764 2933 2836 frequenter
2972 2767 3159 2823 incidit
3203 2769 3257 2823 in
3301 2769 3587 2838 barathra,
3619 2770 3693 2826 ita

2106 2852 2194 2909 hic
2222 2855 2401 2921 etiam,
2436 2856 2813 2932 quoniam‘Dei
2841 2860 3084 2915 timorem
3115 2875 3222 2914 non
3251 2860 3409 2916 habet
3431 2877 3541 2932 pne
3568 2876 3693 2916 ocu-

2107 2946 2172 3001 lis
2192 2988 2205 3013 ,
2235 2948 2286 3002 in
2314 2948 2442 3003 vitio
2479 2959 2737 3019 perpetuo
2763 2963 3043 3016 versatur;
3091 2968 3198 3007 non
3228 2968 3367 3007 nunc
3396 2953 3609 3023 quidem
3640 2953 3692 3009 in

2106 3037 2325 3102 virtute,
2355 3054 2497 3094 nunc
2520 3048 2698 3095 autem
2725 3042 2777 3095 in
2805 3042 2954 3108 vitio,
2985 3042 3079 3096 sed
3104 3058 3315 3114 semper
3340 3044 3392 3098 in
3415 3044 3567 3111 vitio,
3595 3060 3692 3100 nec

2105 3128 2363 3199 gehennae
2391 3132 2664 3194 meminit,
2695 3147 2796 3188 nec
2823 3132 2988 3188 futuri
3030 3134 3217 3204 judieii
3236 3178 3250 3203 ,
3280 3151 3379 3191 nec
3407 3136 3694 3192 reddenda:

2105 3219 2327 3275 rationis
2362 3215 2500 3276 :sed
2546 3221 2629 3277 bis
2675 3224 2924 3279 omnibus
2966 3225 3175 3281 auxiliis
3223 3235 3492 3297 tamquam
3541 3226 3693 3282 freno

2106 3310 2364 3377 excussis,
2397 3320 2662 3382 tamquam
2693 3313 2843 3367 navis
2871 3313 3089 3369 minime
3127 3314 3404 3371 saburrata
3424 3358 3438 3380 ,
3470 3317 3695 3373 traditur

2106 3404 2261 3458 malis
2290 3404 2566 3475 spiritibus
2591 3414 2643 3460 et
2669 3406 2826 3461 saevis
2854 3404 3123 3474 ﬂuetibus,
3152 3422 3272 3462 cum
3301 3409 3481 3464 nullus
3507 3410 3576 3464 sit
3601 3412 3693 3481 qui

2105 3493 2221 3564 ejus
2247 3496 2481 3549 animum
2510 3507 2658 3567 regat
2683 3505 2736 3552 et
2761 3497 3018 3553 instituat.
3046 3498 3235 3555 Vidisti
3265 3503 3461 3557 malum
3491 3502 3545 3556 in
3576 3503 3694 3573 ipso

2106 3587 2266 3642 etiam
2314 3589 2442 3643 vitio
2488 3604 2671 3659 ptenas
2715 3589 2904 3647 luere?
2953 3590 3088 3660 Quid
3132 3593 3273 3648 enim
3303 3609 3441 3664 equo
3479 3594 3688 3664 eﬂ'reni,

2106 3678 2234 3748 quid
2262 3694 2395 3735 nave
2420 3682 2505 3735 cui
2527 3680 2681 3737 deest
2706 3682 2948 3749 saburra,
2976 3682 3102 3755 quid
3127 3684 3295 3740 oculis
3322 3686 3456 3741 orbo
3477 3685 3693 3743 homine

2104 3771 2322 3842 gravius
2345 3772 2369 3824 ?

2177 3861 2263 3916 i0.
2297 3861 2503 3916 Miseria
2529 3865 2838 3933 peccatoris,
2886 3865 3063 3919 timore
3088 3865 3185 3920 Dei
3221 3882 3465 3933 excusso;
3505 3884 3686 3941 pecca-

2107 3952 2202 4006 tori
2230 3969 2329 4006 non
2359 3952 2738 4010 blandiendum.
2769 3985 2840 3996 -—
2886 3955 2991 4012 Sed
3036 3957 3118 4013 his
3144 3959 3393 4014 omnibus
3442 3961 3691 4015 miserior

2105 4052 2189 4098 est
2215 4044 2302 4114 qui
2342 4045 2470 4098 vivit
2497 4045 2548 4099 in
2581 4047 2742 4114 vitio,
2789 4057 2845 4102 ut
2870 4049 2959 4120 qui
2986 4051 3249 4106 exstincta
3283 4052 3401 4108 luce
3424 4094 3440 4118 ,
3471 4068 3590 4124 qua:
3620 4069 3686 4108 ex

2105 4134 2197 4189 Dei
2229 4137 2415 4191 timore
2438 4136 2804 4207 proficiscitur,
2826 4142 3064 4210 captivus
3083 4143 3152 4197 sit
3174 4144 3416 4199 traditus.
3449 4144 3691 4200 Omnium

2103 4225 2419 4280 inimicorum
2439 4244 2645 4281 suorum
2670 4228 3029 4287 dominabitur.
3061 4233 3114 4288 6.
3140 4232 3284 4288 Dixit
3306 4235 3443 4290 enim
3467 4236 3519 4290 in
3535 4238 3691 4291 corde

2103 4332 2194 4369 suo
2222 4331 2241 4370 :
2278 4315 2397 4370 Non
2440 4318 2671 4373 movebar
2696 4336 2727 4373 a
2754 4325 3076 4393 generatione
3101 4324 3154 4378 in
3177 4327 3550 4396 generationem
3578 4329 3690 4384 sine

2102 4406 2258 4460 malo.
2309 4407 2458 4463 Alius
2478 4449 2493 4472 ,
2540 4407 2726 4464 Omnes
2767 4413 2998 4467 inimicos
3029 4430 3148 4470 suos
3180 4415 3408 4482 ventilat,
3438 4416 3611 4472 dicens
3636 4420 3691 4473 in

2102 4498 2254 4553 corde
2287 4515 2379 4552 suo
2412 4516 2430 4552 :
2458 4498 2580 4554 Non
2617 4512 2876 4558 convertar
2915 4505 2969 4559 in
3009 4509 3379 4577 generationem
3405 4518 3451 4564 et
3472 4526 3690 4581 genera-

2103 4589 2305 4642 tionem.
2341 4587 2465 4645 Non
2494 4593 2627 4646 enim
2665 4609 2750 4648 ero
2788 4595 2842 4648 in
2874 4596 3157 4667 aﬂlictione.
3204 4599 3389 4655 Vidisti
3429 4615 3687 4672 arrogatio

2062 4752 2067 4755 τ
2105 4678 2268 4734 tiam?
2299 4679 2470 4735 vidisti
2502 4682 2907 4741 inenarrabilem
2936 4688 3288 4758 perditionem
3310 4691 3335 4744 Ἰ
3357 4690 3534 4747 vidisti
3557 4709 3688 4764 pau-

2103 4769 2248 4823 latim
2297 4772 2477 4842 augeri
2520 4775 2779 4831 exitium?
2832 4778 3011 4834 vidisti
3065 4782 3336 4851 quomodo
3388 4800 3507 4856 qua:
3562 4796 3685 4844 sunt

2100 4860 2255 4916 beata
2280 4863 2418 4933 apud
2448 4866 2636 4922 stultos
2659 4908 2675 4936 ,
2721 4884 2847 4925 vere
2889 4871 3045 4943 plena
3089 4882 3215 4929 sunt
3252 4876 3417 4931 multa
3448 4877 3687 4942 miseria,

2100 4962 2153 5007 et
2182 4955 2448 5023 quomodo
2474 4958 2809 5017 obruuntur?
2851 4962 3121 5021 Laudatur
3145 4967 3198 5022 in
3225 4971 3456 5039 peccatis
3480 5012 3495 5035 ,
3522 4972 3689 5028 benc—

2099 5042 2293 5099 dicitur
2343 5047 2395 5100 in
2444 5049 2737 5107 maleficiis.
2791 5052 2905 5109 Hoc
2940 5065 3025 5110 est
3072 5057 3302 5128 primum
3350 5060 3684 5129 barathrum,

2099 5136 2239 5206 quod
2277 5138 2407 5193 satis
2448 5150 2530 5195 est
2568 5142 2653 5198 vel
2695 5142 2762 5198 ad
2802 5149 3240 5217 praecipitandum
3280 5168 3402 5208 eum
3443 5154 3532 5225 qui
3575 5170 3683 5210 non

2099 5225 2347 5283 advertit.

2171 5318 2239 5374 Et
2269 5319 2389 5377 ideo
2416 5324 2582 5395 magis
2610 5336 2735 5382 sunt
2753 5328 3067 5387 admittendi
3091 5333 3181 5404 qui
3207 5348 3460 5394 accusant
3480 5347 3537 5394 et
3563 5355 3690 5396 cor-

2099 5412 2295 5483 rigunt,
2314 5430 2469 5485 quam
2487 5418 2575 5487 qui
2600 5418 2817 5475 laudant
2843 5430 2899 5477 et
2921 5423 2988 5477 ad
3015 5423 3289 5482 interitum
3319 5429 3688 5488 blandiuntur.

2099 5504 2163 5559 lli
2206 5507 2348 5561 enim
2392 5521 2743 5582 corrumpunt
2786 5515 3009 5572 stolidos
3034 5558 3051 5586 ,
3096 5527 3151 5575 et
3178 5518 3246 5574 ad
3284 5521 3461 5593 majus
3497 5524 3686 5581 vitium

2096 5599 2432 5668 propellunt:
2457 5605 2903 5671 quemadmodum
2931 5610 3023 5681 qui
3050 5611 3193 5668 hunc
3230 5626 3566 5684 peecatorem
3600 5621 3687 5676 in-

2096 5687 2405 5757 sumaruut,
2440 5694 2781 5753 instituerunt
2810 5700 2875 5755 ad
2907 5701 3188 5760 insaniam.
3236 5706 3303 5763 Et
3340 5708 3460 5765 ideo
3484 5714 3685 5773 Paulus

2101 5794 2312 5850 quoque
2349 5781 2450 5839 hoc
2491 5785 2663 5854 ipsum
2705 5787 2835 5846 dicit
2874 5791 3198 5864 Corinthiis,
3253 5802 3319 5858 de
3348 5816 3413 5856 eo
3442 5801 3530 5875 qui
3562 5814 3680 5859 erat
