4084 6278
393 415 498 470 ΙΒό

379 533 445 584 ιν
477 529 592 588 ταῖς
623 519 961 594 εὐημερίαις.
1007 521 1167 575 Ἀλλά
1218 521 1345 593 γὰρ,
1395 521 1462 575 ἂν
1495 521 1729 592 κολάσῃς
1765 519 1960 582 αὐτοὺς

379 613 502 671 νῦν,
535 611 748 681 ἔχοντες
778 609 867 661 τὸν
915 605 1076 676 φόϐον
1110 605 1448 676 ἀκμάζοντα,
1475 606 1569 658 καὶ
1610 603 1708 675 τὴν
1740 605 1962 674 μνήμην

379 695 494 749 τῶν
533 691 955 763 συμϐεϐηκότων
991 687 1201 753 δεινῶν,
1233 688 1335 742 κᾶν
1355 689 1435 752 είς
1466 687 1766 758 εὐημερίαν
1798 686 1962 740 ἔλθωο

381 795 496 838 σιν,
531 777 763 830 εἴσονται
790 774 886 845 τὴν
913 772 1122 826 ἑαυτῶν
1145 771 1324 841 φύσιν.

457 868 521 923 θ’.
538 869 700 939 Ὁρᾷς
731 865 848 928 πῶς
874 865 1013 935 ὑπὲρ
1045 863 1222 917 αὐτῶν
1253 864 1481 916 ποιεῖται
1514 861 1612 934 τὴν
1631 861 1832 932 δέησιν,
1868 863 1962 916 καὶ

377 955 484 1024 τὴν
551 951 746 1022 μανίαν
795 947 938 1014 ἀξιοῖ
989 946 1395 1019 διορθωθῆναι;
1452 946 1526 999 Τὸ
1573 945 1680 1016 γὰρ
1737 945 1960 1008 ἑαυτοὺς

376 1038 618 1104 ἀγνοεῖν,
652 1033 885 1104 ἐσχάτης
940 1031 1134 1102 μανίας
1183 1029 1279 1083 καὶ
1329 1028 1626 1100 φρενίτιδος
1655 1027 1962 1097 χαλεπώτε-

381 1136 501 1190 ρον.
542 1118 614 1171 Τὸ
647 1116 745 1188 μὲν
771 1113 878 1188 γὰρ
904 1113 1147 1184 ἀνάγκης
1175 1113 1408 1182 νόσημα,
1439 1111 1500 1163 τὸ
1541 1112 1598 1164 δέ
1629 1109 1960 1181 διεφθαρμέ-

377 1218 482 1270 νης
521 1197 907 1270 προαιρέσεως.
948 1197 1082 1251 Ἵνα
1109 1195 1200 1256 τί,
1231 1197 1428 1265 Κύριε,
1461 1193 1810 1262 ἀφέστηκας
1855 1211 1962 1262 μα.

379 1283 618 1350 κρόθεν,
634 1277 928 1348 ὑπερορᾷς
947 1277 1016 1332 ἐν
1037 1278 1380 1345 εὐκαιρίαις,
1395 1278 1465 1330 ἐν
1484 1277 1728 1345 θλίψεσι
1742 1291 1761 1338 ;
1777 1277 1962 1330 Ταῦτά

381 1383 554 1438 φησιν
589 1366 615 1417 6
642 1363 928 1436 Προφήτης
951 1403 966 1424 ,
1004 1363 1069 1416 ἐκ
1123 1360 1414 1434 προσώπου
1473 1361 1580 1414 τῶν
1629 1359 1960 1430 θλιϐομένων

382 1448 720 1521 παρακαλῶν
743 1448 838 1501 καὶ¹
878 1447 1150 1516 δεόμενος,
1185 1445 1284 1498 οὐκ
1312 1444 1557 1513 ἐγκαλῶν
1577 1460 1590 1474 ⁸
1624 1443 1698 1514 μὴ
1729 1443 1956 1512 γένοιτο.

395 1533 553 1584 Ἐπεὶ
594 1530 689 1584 καὶ
739 1529 924 1583 πολλοὶ
955 1528 1064 1583 τῶν
1115 1527 1443 1598 θλιϐομένων
1494 1527 1596 1580 ὑπὸ
1628 1528 1727 1597 τῆς
1772 1525 1963 1596 ὀδύνης

380 1617 494 1687 πρὸ
548 1615 642 1669 τοῦ
683 1616 1048 1686 προσήκοντος
1089 1613 1280 1684 καιροῦ
1332 1611 1541 1679 ἀξιοῦσι
1585 1611 1836 1680 γενέσθαι
1864 1610 1962 1680 τὴν

381 1700 567 1770 κρίσιν
594 1715 608 1729 ’
649 1697 900 1768 καθάπερ
921 1699 970 1750 οί
1003 1695 1345 1767 τεμνόμενοι,
1379 1694 1602 1765 μηδέπω
1640 1693 1848 1756 τελείας
1871 1709 1964 1759 γε·

381 1784 619 1855 νομένης
637 1783 736 1852 τῆς
749 1782 922 1852 τομῆς
938 1792 986 1844 ⁸,
1006 1778 1380 1850 παρακαλοῦσι
1401 1779 1490 1832 τὸν
1522 1778 1702 1848 ίατρὸν
1722 1776 1963 1844 ἀποστῆ-

267 1919 286 1928 ,
384 1884 478 1920 σαι
505 1865 602 1936 τὴν
622 1867 812 1936 χεῖρα·
850 1862 1116 1932 ἐπιϐλαϐἧ
1149 1863 1246 1934 μὲν
1279 1861 1438 1932 χάριν
1477 1859 1770 1923 αἰτοῦντες,
1795 1859 1873 1929 τῷ
1905 1860 1964 1912 δὲ

385 1947 464 2019 μὴ
494 1947 678 2019 φέρειν
705 1947 804 2010 τὰς
825 1945 1014 2009 ὀδύνας
1041 1945 1198 1999 τοῦτο
1233 1946 1544 2016 πάσχοντες.
1569 1945 1680 1996 Καὶ
1707 1942 1963 2006 πολλάκις

384 2031 526 2102 πρὸς
547 2030 672 2092 τούς
703 2030 918 2101 ἰατροὺς
939 2027 1154 2098 βοῶσιν,
1191 2027 1548 2088 Ἐϐασάνισάς
1569 2043 1655 2097 με,
1677 2025 1962 2088 ἀπώλεσάς

386 2131 482 2186 με,
503 2113 711 2176 ἀνετλὲς
738 2129 836 2184 με·
867 2111 982 2165 ἀλλ’
1011 2111 1110 2166 οὐκ
1141 2110 1254 2164 ἔστι
1285 2108 1460 2162 ταῦτα
1487 2110 1586 2181 τῆς
1608 2109 1847 2172 διανοίας
1869 2109 1964 2180 ρή-

386 2215 558 2270 ματα,
570 2196 706 2252 ἀλλά
719 2196 818 2266 τῆς
837 2195 1047 2267 ὀδύνης.
1066 2193 1222 2249 Οὕτω
1235 2194 1298 2268 δὴ
1321 2193 1504 2248 πολλοὶ
1524 2191 1618 2246 καὶ
1637 2191 1743 2246 τῶν
1775 2207 1966 2262 μικρο-

385 2280 575 2352 ψύχων
591 2281 648 2332 ἐν
667 2281 784 2342 ταῖς
816 2277 1028 2348 θλίψεσι
1056 2277 1298 2346 λέγουσι,
1315 2279 1443 2340 τοὺς
1475 2276 1668 2339 πόνους
1695 2275 1756 2328 οὐ
1773 2273 1964 2345 φέρον·

387 2382 497 2429 τες.
519 2362 624 2418 Καὶ
645 2365 673 2417 6
701 2362 964 2433 Σοφονίας
989 2362 1045 2416 δέ
1065 2360 1302 2415 τοιοῦτόν
1326 2376 1448 2414 τινα
1475 2357 1842 2430 μεταχειρίξει
1871 2355 1962 2408 λό-

386 2465 506 2515 γον.
531 2446 696 2500 Ἀλλά
725 2445 898 2500 ταῦτα
923 2445 982 2497 ἐν
1013 2447 1078 2515 τῇ
1108 2443 1342 2514 Παλαιᾷ,
1375 2443 1464 2496 ὅτε
1493 2441 1782 2514 σύμμετρα
1809 2437 1877 2511 ἦν
1895 2438 1966 2493 τά

388 2531 693 2602 σκάμματα
714 2547 726 2560 ο
757 2530 856 2600 τῆς
880 2529 936 2582 δέ
960 2529 1018 2581 ἐν
1050 2531 1115 2600 τῇ
1140 2529 1315 2599 Καινῇ
1348 2528 1535 2598 πόρρω
1555 2525 1728 2580 ταῦτα
1753 2524 1965 2594 φιλοσο-

385 2616 540 2682 φίας.
569 2615 673 2668 Ἔν
699 2613 780 2679 τῷ
806 2609 1482 2680 ὑπερηφανεύεσθαιτὸν
1503 2607 1966 2678 ἀσεϐἦ,ἐμπυρί-

385 2696 541 2759 ζἐται
556 2701 589 2753 δ
606 2697 854 2766 πτωχός·
873 2695 1398 2764 συλλαμϐάνονται
1413 2695 1482 2747 ἐν
1493 2687 1966 2758 διαϐουλίοιςρῖς

385 2775 836 2846 διαλογίζονται.
857 2773 1066 2837 Ἀλλος,
1089 2772 1641 2842 Συλληφθήτωσαν.
1658 2771 1785 2824 Ὅτι
1805 2771 1968 2823 ἐπαι-

387 2861 576 2914 νεῖται
605 2863 636 2913 ὀ
653 2857 1003 2928 ἁμαρτωλὸς
1021 2857 1090 2908 ἐν
1113 2855 1241 2922 ταῖς
1265 2856 1598 2926 ἐπιθυμίαις
1629 2853 1741 2923 τῆς
1761 2852 1968 2922 ψυχῆς

387 2941 598 3006 αὐτοῦ,
614 2941 711 2994 καί
735 2944 766 2994 ό
781 2938 1004 2994 ἀδικῶν
1019 2938 1367 3008 εὐλογεῖται.
1391 2938 1708 3008 Παρώξυνε
1726 2937 1834 2991 τὸν
1855 2939 1906 2988 Κ
1909 2936 1968 2988 ὐ-

387 3043 521 3094 ριον
535 3029 567 3080 ό
581 3023 1010 3097 [1081ἀμαρτωλ
1018 3023 1102 3090 ός.
1119 3023 1318 3077 Ἱκέτου
1333 3023 1512 3094 σχῆμα
1534 3040 1598 3074 πε
1609 3020 1775 3092 ριθεὶς
1794 3017 1968 3089 ἑαυτῴ

388 3112 418 3162 6
443 3108 750 3180 Προφήτης,
781 3111 874 3160 καὶ
907 3108 1049 3177 ὑπὲρ
1075 3106 1184 3160 τῶν
1214 3107 1578 3178 ἀδικουμένων
1613 3103 1966 3176 παρακαλῶν,

389 3195 540 3261 λέγει
586 3194 682 3246 καὶ
733 3193 802 3246 τὰ
847 3191 993 3264 πάθη
1042 3191 1112 3246 τὰ
1151 3191 1450 3262 συμϐάντα,
1495 3190 1638 3259 άπερ
1688 3187 1968 3252 ἀσθενείας

392 3277 543 3330 ἐστὶν
593 3275 967 3346 ἀνθρωπίνης·
1011 3275 1090 3328 ὅτι
1144 3273 1250 3343 πρὸ
1287 3273 1385 3342 τῆς
1436 3271 1708 3334 κολάσεως
1739 3272 1832 3324 καὶ
1869 3271 1968 3340 τῆς

389 3359 661 3430 τιμωρίας
699 3358 946 3411 ὁδυνᾶται
993 3359 1022 3410 6
1057 3356 1424 3427 ἀδικούμενος,
1453 3357 1514 3409 ού
1550 3357 1730 3426 φέρων
1761 3355 1857 3426 τὴν
1883 3355 1969 3406 εὐ-

395 3445 632 3513 ημερίαν
662 3440 756 3494 τοῦ
797 3441 1052 3512 πονηροῦ.
1085 3441 1158 3494 Οὐ
1193 3440 1362 3510 μικρὰ
1390 3439 1444 3492 δέ
1479 3439 1573 3493 καὶ
1618 3438 1772 3493 τοῦτο
1799 3455 1970 3504 ιιτιμω⁴

399 3526 513 3600 ρία.
538 3521 668 3578 Εἶτα
695 3523 1043 3590 ἀξιοῖδοῦναι
1075 3524 1269 3585 αὐτοὺς
1294 3522 1466 3592 δίκην,
1491 3521 1584 3574 καὶ
1611 3521 1793 3584 αὐτοῖς
1817 3537 1970 3592 περι-

393 3609 670 3679 τραπῆναι
715 3607 812 3670 τὰς
857 3606 1142 3668 ἐπιϐουλὰς
1181 3605 1390 3658 αὐτῶνθ
1438 3604 1532 3656 καὶ
1575 3603 1720 3672 λέγει
1772 3603 1970 3664 κακίας

395 3690 537 3755 εἶδος
573 3692 865 3764 ἀφόρητον.
905 3691 1060 3742 Ποῖον
1101 3688 1163 3758 δὴ
1215 3686 1409 3751 τοῦτο;
1448 3687 1574 3740 ’Ότι
1591 3686 1912 3739 ἐπαινεῖται
1935 3689 1969 3740 ό

395 3775 742 3844 ἁμαρτωλός
771 3775 840 3828 ἐν
863 3772 993 3839 ταῖς
1023 3772 1360 3840 ἐπιθυμίαις
1394 3769 1501 3836 τῆς
1533 3768 1735 3839 Ψυχῆς
1757 3767 1964 3824 αὐτοῦ.

410 3860 526 3928 Ἐφ’
555 3853 635 3922 οἷς
669 3855 1101 3927 ἐγκαλύπτεσθαι
1143 3855 1266 3915 ἔδει,
1302 3855 1384 3924 ἐφ’
1428 3849 1528 3916 οἷς,
1571 3855 1754 3922 φησὶν,
1781 3851 1970 3922 αἰσχύ-

399 3943 604 4007 νεσθαι,
650 3943 790 4013 ὑπὲρ
833 3940 1034 3994 τούτων
1077 3938 1434 4009 θαυμάζεται,
1479 3940 1796 3992 ἐπαινεῖται.
1846 3935 1969 3999 Πῶς

398 4027 444 4080 δ’
477 4027 542 4080 ἂν
569 4027 776 4095 γένοιτο
810 4026 996 4078 τούτου
1029 4024 1172 4087 ἴασις
1199 4022 1403 4084 λοιπὸν,
1440 4021 1566 4074 ὅταν
1605 4021 1893 4090 ἐπαινῆται
1935 4023 1968 4092 ή

401 4109 566 4163 κακία
589 4128 604 4176 ;
627 4111 734 4162 Καὶ
763 4109 871 4179 γὰρ
903 4109 996 4162 καὶ
1021 4107 1114 4161 νῦν
1139 4107 1292 4160 τοῦτο
1316 4107 1546 4176 γίνεται.
1585 4107 1643 4158 Ὁ
1673 4107 1819 4158 δεῖνα
1841 4105 1970 4158 θαυ-

405 4192 631 4262 μάζεται
651 4192 724 4255 ὼς
748 4192 1028 4261 δυνάστης·
1051 4190 1079 4242 6
1101 4191 1246 4243 δεῖνα
1268 4191 1343 4252 ὠς
1363 4189 1590 4260 ἐχιρούς
1611 4188 1968 4259 ἀμυνόμενοςο

276 4279 288 4296 ‘
400 4277 430 4328 6
459 4273 605 4327 δεῖνα
644 4274 718 4336 ὡς
753 4273 1040 4344 φρόνιμος,
1070 4271 1254 4342 ἐπειδὴ
1297 4271 1367 4326 τά
1401 4273 1625 4326 πάντων
1659 4271 1931 4342 συνήγαγε
1955 4285 1968 4299 ·

401 4357 496 4409 καὶ
537 4357 625 4409 ὅτε
670 4356 910 4430 ἀπολέσῃ
948 4355 1136 4410 ἑαυτὸν
1167 4356 1216 4416 ι’,
1237 4355 1510 4423 λέγουσιν·
1543 4349 1715 4426 Εὗρεν
1747 4354 1966 4406 ἐαυτόν³

402 4439 496 4491 καὶ
522 4440 698 4509 ἕτεροι
725 4439 860 4493 ἄλλα
895 4439 1058 4508 φασί·
1091 4439 1183 4492 καὶ
1221 4438 1394 4501 οὐδεὶς
1437 4439 1562 4509 περὶ
1593 4437 1971 4506 πνευματικῶν

399 4521 557 4590 λόγος
583 4523 783 4586 αὐτοῖς.
807 4521 1056 4593 Οὐδαμοῦ
1082 4521 1386 4591 ἀπράγμων
1419 4523 1718 4574 ἐπαινεῖται
1743 4519 1968 4588 ταχέως,

400 4603 520 4657 οὐδὲ
543 4606 572 4658 6
599 4605 788 4668 πενίας
817 4607 1048 4675 ἐραστής
1073 4622 1084 4634 ·
1116 4605 1229 4658 ἀλλ’
1267 4607 1295 4658 6
1324 4603 1716 4675 χρηματιστὴς,
1739 4605 1767 4656 6
1788 4601 1968 4669 κάπη-

401 4687 510 4751 λος,
549 4688 578 4740 6
623 4688 804 4755 κόλαξ,
857 4693 884 4742 ὁ
925 4689 1307 4760 δουλοπρεπεῖς
1358 4687 1644 4758 ὑπομένων
1701 4685 1970 4748 διακονίας

403 4770 540 4842 ὑπὲρ
569 4771 779 4834 οὐδενὸς
826 4773 1114 4843 χρησίμου.
1151 4771 1334 4824 Ταῦτα
1378 4770 1564 4842 θρηνεῖ
1594 4773 1622 4823 ὁ
1661 4769 1970 4840 Προφήτης,

401 4854 480 4906 ὃτι
511 4853 681 4918 οὕτως
712 4855 1012 4924 ἐκράτησεν
1043 4859 1074 4926 ἡ
1113 4845 1300 4918 κακία,
1339 4853 1413 4918 ὡς
1443 4853 1536 4906 καὶ
1567 4852 1969 4920 ἐγκαλλωπίζε-

405 4933 546 4996 σθαι,
581 4938 674 4990 καὶ
709 4937 1198 5008 παρρησιάζεσθαι,
1227 4937 1322 4990 καὶ
1365 4937 1424 4988 τὸ
1470 4935 1534 5006 δὴ
1575 4935 1970 5006 χαλεπώτερον,

403 5019 482 5072 ὅτι
511 5020 610 5073 οὐκ
633 5021 964 5090 αίσχύνεται,
993 5021 1112 5074 οὐδὲ
1164 5022 1321 5091 μόνον
1349 5020 1509 5082 αὐτὸς
1547 5020 1734 5072 ἐαυτὸν
1763 5021 1974 5072 ἐπαινεῖ

405 5101 495 5154 ἐπὶ
515 5107 626 5168 τοῖς
651 5104 974 5174 γινομένοις,
1005 5104 1139 5158 ἀλλά
1160 5104 1254 5158 καὶ
1284 5103 1500 5174 ἐτέρους
1527 5101 1640 5172 ἔχει
1665 5103 1790 5164 τοὺς
1817 5102 1973 5153 ἐπαι-

403 5183 579 5248 νέτας,
605 5185 670 5238 Τί
698 5185 900 5256 ταύτης
926 5186 1118 5256 γένοιτ’
1137 5186 1202 5240 ἀν
1233 5188 1410 5257 χεῖρον
1434 5185 1532 5254 τῆς
1562 5183 1754 5252 μανίας
1776 5199 1790 5247 ;
1821 5186 1972 5250 Παρ-

403 5263 594 5330 ώξυνε
629 5267 738 5322 τὸν
763 5270 984 5337 Κύριον
1027 5273 1060 5323 ὀ
1109 5269 1470 5338 ἁμαρτωλός.
1501 5267 1690 5328 ’Ἄλλος
1727 5277 1749 5305 ο
1779 5266 1836 5318 δέ
1867 5283 1970 5334 φη-

405 5365 509 5412 σιν,
533 5351 662 5406 Ὀτι
693 5353 943 5420 αἰνέσας
989 5357 1022 5408 ό
1068 5352 1408 5422 παράνομος
1444 5351 1592 5404 κατὰ
1623 5350 1738 5418 τὴν
1773 5351 1972 5404 ἐπιθυ-

401 5434 543 5501 μίαν
568 5436 678 5506 τῆς
706 5437 916 5507 ψυχῆς
944 5437 1149 5503 αὐτοῦ,
1181 5437 1274 5490 καὶ
1307 5435 1678 5502 πλεονέκτης
1721 5431 1974 5504 εὐλογή-

465 5602 489 5666 ῗ
511 5601 645 5666 (ἒοηλ
663 5610 746 5662 τῆς
763 5605 958 5666 πληγῆς-

465 5663 492 5701 ¹δ
520 5664 652 5713 Coll).
677 5673 730 5712 et
757 5663 912 5714 Savii;
945 5668 994 5714 in
1021 5671 1156 5714 lexin
1183 5667 1262 5715 ἅτε
1304 5667 1528 5716 ἀπολέσει
1555 5667 1714 5714 αὐτόν.
1740 5666 1890 5716 δενίι.
1919 5669 1969 5716 in

405 5735 552 5789 marg.
577 5728 683 5789 ιεριᾴ
723 5727 802 5789 ὅτε
824 5727 1067 5776 ἀπώλεσεν
1084 5728 1242 5776 αὐτόν.

467 5789 486 5815 ⁸³
512 5787 562 5835 ιιι
590 5786 826 5850 Heinpiis
844 5791 1021 5838 nostris
1041 5791 1142 5838 hac
1170 5791 1300 5850 prior
1322 5789 1472 5838 lectio
1493 5788 1780 5848 Symmacho
1799 5789 1970 5837 tribui-

405 5852 501 5905 tur,
541 5849 772 5912 sequens
802 5857 970 5912 animi
1007 5849 1216 5910 Aquila).
1262 5849 1414 5912 quue
1445 5853 1738 5899 auctoritate
1778 5852 1969 5912 aliquot

405 5922 516 5974 mss.
545 5910 606 5957 Ᾱι
631 5913 679 5958 in
705 5911 834 5974 Aedil.
859 5910 1009 5959 SaVil.
1040 5917 1095 5960 Δ.
1126 5912 1170 5959 id
1193 5919 1268 5960 est
1293 5910 1482 5973 Aqllila.
1509 5925 1536 5959 ει
1567 5915 1770 5974 regione
1795 5910 1969 5972 pI-iorie

407 5972 688 6041 ἱηιοηηνοιειι
704 5972 824 6021 iouis
836 5974 1049 6034 ponitur,
1074 5981 1123 6022 el
1145 5975 1178 6022 Σ
1201 6010 1215 6035 ,
1237 5987 1325 6022 seu
1351 5972 1680 6034 Symmachus,
1704 5987 1730 6023 ρ
1767 5977 1967 6034 rvgiouc

405 6043 555 6090 9031c:
570 6045 685 6080 ιρι-ιε

1484 407 1854 464 Ειιροειτιυ
1897 407 1964 460 IN
1995 382 2325 463 PSALMUM
2367 408 2464 462 ιιι.

3536 411 3632 469 156

2063 533 2198 584 σας,
2238 519 2544 588 παρώξυνε
2577 519 2683 573 τόν
2700 521 3120 588 Κύριον.⁶’οταν
3148 521 3358 590 ὑψωθῇ
3388 526 3420 577 ό
3449 527 3636 594 θυμὸς

2061 601 2268 667 αὐτοῦ,
2324 605 2434 656 οὐκ
2491 601 2736 670 ἑκζητεῖ.
2788 603 2998 668 Ἀλλος,
3027 605 3156 658 Ὅτι
3208 605 3482 674 ὕμνησεν
3533 609 3631 662 ἐπί

2061 688 2221 752 πόθῳ
2255 686 2458 755 ψυχῆς
2489 687 2694 749 αὺτοῦ,
2733 687 2831 741 καί
2867 687 3236 754 πλεονέκτης
3267 689 3632 759 εὐλογήσας,

2061 770 2300 838 διέσυρε
2329 772 2566 839 Κύριον.
2607 771 2858 842 Ἀσεϐὴς
2895 773 3046 827 κατὰ
3088 775 3492 844 μετεωρισμὸν
3535 779 3636 830 00-

2055 853 2174 920 μοῦ
2207 853 2392 906 αὑτοῦ
2435 856 2506 907 οὺ
2545 853 2632 924 μὴ
2678 855 2997 924 ἐκζητήσῃ.
3030 859 3093 909 Ui
3126 857 3180 910 δέ
3215 857 3636 929 Ἐϐδομήκοντα,

2061 935 2381 1004 Παρώξυνε
2435 937 2542 990 τὸν
2590 941 2808 1007 Κύριον
2865 943 2898 994 ὀ
2947 941 3326 1010 ἁμαρτωλόςο
3377 943 3526 996 κατὰ
3570 944 3634 998 τὸ

2062 1019 2296 1087 πλῆθος
2344 1019 2454 1088 τῆς
2504 1021 2686 1090 ὀργῆς
2735 1023 2920 1078 αὐτοῦ
2963 1027 3070 1078 οὐκ
3112 1023 3443 1094 ἐκζητήσει.
3483 1022 3638 1091 Εἶδες

2064 1101 2166 1154 ποῦ
2205 1103 2440 1174 προῆλθε
2484 1103 2554 1157 τὰ
2590 1105 2687 1175 τῆς
2724 1106 2959 1171 κακίας;
3000 1107 3064 1159 Τί
3107 1105 3268 1176 λέγω,
3323 1111 3506 1180 φησιν,
3552 1109 3637 1164 ὅτι

2061 1187 2186 1247 τοὺς
2218 1187 2464 1256 πτωχοὺς
2489 1185 2680 1252 λυπεῖς
2709 1187 2880 1241 Αὐτὸν
2911 1187 3002 1242 τὸν
3033 1188 3162 1242 Θεὸν
3191 1190 3500 1262 παροξύνει.
3525 1193 3635 1246 Καὶ

2063 1269 2213 1321 κατὰ
2245 1267 2312 1320 τὸ
2343 1267 2574 1336 πλῆθος
2603 1267 2714 1337 τῆς
2743 1268 2926 1340 ὀργῆς
2945 1271 3130 1326 αὐτοῦ
3156 1275 3267 1327 οὐκ
3299 1273 3632 1342 ἐκζητήσει,

2061 1347 2228 1417 λέγει,
2255 1350 2362 1402 τὸν
2399 1351 2565 1407 Θεόν.
2594 1351 2782 1416 ’Λλλος
2823 1352 2880 1406 δὲ
2929 1354 3169 1425 περὶτοῦ
3210 1355 3438 1420 ἀσεϐοῦς
3479 1357 3638 1410 τοῦτο

2063 1431 2330 1484 δείκνυσιν
2358 1430 2437 1494 ὸν,
2463 1432 2654 1500 λέγων,
2687 1434 2795 1488 Τοῦ
2817 1437 3222 1505 μετεωρισμοῦ
3246 1439 3456 1501 αὐτοῦ,
3485 1455 3640 1492 τουτ-

2064 1515 2198 1575 έστι,
2244 1515 2342 1584 τῆς
2383 1515 2670 1582 ἀπονοίας,
2717 1517 2818 1588 τῆς
2856 1519 3188 1584 ἀλαζονείας.
3237 1517 3385 1584 Εἶδες
3441 1523 3638 1592 μανίας

2062 1596 2331 1660 ἐπίτασιν,
2356 1597 2451 1650 καὶ
2477 1599 2808 1670 διαφθοράνς
2839 1601 2983 1673 Πρὸς
3007 1604 3131 1666 τοὺς
3161 1603 3462 1673 ὁμοφύλους
3491 1605 3638 1658 ἐστὶν

2063 1677 2257 1748 ἐχθρὸς
2281 1680 2375 1733 καὶ
2405 1681 2678 1752 πολέμιος,
2707 1683 2805 1754 τῆς
2848 1685 3046 1756 ἀρετῆς
3067 1685 3511 1756 ηλλοτριωμένος,
3540 1687 3638 1755 τῆς

2062 1761 2262 1826 κακίας
2310 1763 2545 1835 ἐραστὴς
2591 1767 2685 1819 καὶ
2740 1767 3046 1836 ἐπαινέτης.
3092 1768 3202 1821 Καὶ
3238 1767 3418 1832 καλῶς
3455 1769 3638 1840 ἕτερος

2064 1841 2247 1898 εἶπεν·
2303 1849 2422 1900 Οὐκ
2469 1847 2601 1902 ἐστι
2655 1849 2799 1915 Θεὸς
2846 1849 3070 1915 πάσαις
3113 1851 3374 1916 ἐννοίαις
3415 1851 3634 1906 αὐτοῦ’

2063 1926 2258 1997 δηλῶν,
2295 1929 2374 1982 ὅτι
2417 1931 2517 1984 οὐκ
2553 1931 2773 2002 ἐκζητεῖ
2821 1931 2912 1985 τὸν
2951 1931 3102 1994 Θεὸν,
3142 1933 3224 1984 ὅτι
3269 1933 3491 1998 σκότους
3537 1935 3638 2004 ἐμ-

2065 2011 2369 2082 πέπλησται
2395 2052 2410 2077 ,
2461 2015 2544 2068 ὅτι
2595 2016 2696 2068 οὐκ
2742 2015 2854 2086 ἔχει
2905 2015 2998 2070 τὸν
3047 2015 3210 2086 φόϐον
3265 2016 3476 2070 ἐκείνου
3533 2019 3640 2088 πρὸ

2065 2093 2378 2164 ὀφθαλμῶν.
2416 2097 2554 2149 Ἀλλ’
2595 2096 2781 2170 ὥσπερ
2823 2101 2854 2170 ή
2901 2099 3048 2171 λήμη
3095 2103 3275 2154 σκοτοῖ
3307 2099 3423 2170 τὴν,
3447 2099 3636 2171 κόρην,

2065 2176 2236 2240 οὕτως
2270 2180 2303 2249 ή
2341 2178 2574 2250 πονηρία
2620 2179 2716 2252 τὴν
2762 2181 3018 2248 διάνοιαν,
3063 2183 3158 2236 καὶ
3200 2183 3340 2236 κατὰ
3379 2182 3639 2252 κρημνῶν

2066 2259 2244 2330 φέρει.
2299 2262 2421 2315 Οὐκ
2464 2261 2596 2316 ἐστι
2646 2263 2790 2329 Θεὸς
2831 2264 3086 2320 ἐνώπιον
3126 2265 3334 2320 αὐτοῦ.
3355 2263 3544 2328 Ἀλλος
3585 2263 3636 2329 δ,

2065 2342 2147 2398 Δι’
2183 2342 2346 2398 ὅλων
2371 2343 2490 2399 τῶν
2512 2345 2942 2416 ἐνθυμημάτων
2985 2348 3192 2403 αὐτοῦ.
3238 2347 3640 2417 Βεϐηλοῦνται

2064 2425 2124 2477 αἱ
2154 2421 2281 2476 ὁδοί
2319 2423 2506 2478 αὑτοῦ
2539 2423 2610 2478 ἐν
2651 2425 2829 2479 παντί
2875 2423 3074 2494 καιρῷ,
3102 2425 3537 2490 ἀνταναιρεῖται
3566 2425 3640 2479 τὰ

2065 2505 2318 2575 κρίματὰ
2353 2519 2470 2561 σου
2497 2506 2618 2562 ἀπὸ
2646 2507 2969 2578 προσώπου
3013 2509 3218 2563 αὐτοῦ.
3250 2507 3398 2582 [109]
3425 2510 3636 2575 Ἀλλος,

2066 2583 2278 2656 Ἦρται
2306 2590 2345 2658 ή
2367 2589 2564 2660 κρίσις
2584 2605 2720 2647 σου.
2745 2589 2898 2656 Εῐδες
2925 2591 3024 2664 τῆς
3054 2593 3250 2656 κακίας
3281 2593 3370 2646 τὸν
3389 2593 3597 2664 καρπόν
3621 2609 3636 2657 ;

2067 2671 2359 2726 Σϐέννυται
2389 2672 2551 2728 αὐτοῦ
2579 2673 2640 2726 τὸ
2675 2674 2810 2742 φῶς,
2845 2674 3140 2746 πηροῦνται
3180 2678 3228 2730 οί
3278 2675 3634 2748 διαλογισμοὶ,

2069 2753 2406 2825 αἰχμάλωτος
2436 2755 2633 2809 δίδοται
2656 2759 2722 2827 τῇ
2756 2758 3002 2828 πονηρίᾳ.
3033 2759 3242 2828 Ὥσπερ
3271 2759 3376 2830 γὰρ
3402 2761 3430 2812 6
3462 2777 3642 2829 πεπηυ

2071 2838 2313 2908 ρωμένος
2349 2839 2429 2903 είς
2472 2837 2719 2912 βάραθρα
2757 2839 2945 2893 πίπτει
2991 2841 3246 2911 συνεχῶς,
3273 2841 3414 2895 οὔτω
3453 2842 3515 2912 δή
3545 2843 3639 2895 καὶ

2071 2921 2252 2984 αὐτὸς,
2279 2920 2464 2990 ἐπειδὴ
2510 2921 2604 2974 τοῦ
2645 2921 2779 2976 Θεοῦ
2821 2922 2910 2976 τὸν
2941 2922 3104 2993 φόϐον
3136 2925 3234 2978 οὐκ
3259 2923 3368 2994 ἔχει
3399 2923 3504 2993 πρὸ
3535 2924 3640 2978 τῶν

2069 3003 2382 3075 ὀφθαλμῶν,
2414 3003 2503 3058 διὰ
2537 3005 2735 3068 παντὸς
2766 3008 2824 3060 ἐν
2862 3007 3030 3078 κακία
3067 3006 3360 3080 διατρίϐει·
3395 3007 3515 3078 οὐχ).
3547 3006 3640 3059 νῦν

2073 3087 2172 3156 μὲν
2200 3089 2256 3140 ἐν
2284 3087 2474 3158 ἀρετῇ,
2499 3087 2596 3142 νῦν
2627 3089 2683 3142 δὲ
2707 3091 2764 3143 ἐν
2795 3091 2982 3161 κακίᾳ,
3009 3090 3120 3144 ἀλλ’
3145 3091 3230 3143 ἀεὶ
3259 3092 3314 3144 ἐν
3335 3089 3523 3160 κακίᾳ,
3547 3091 3640 3144 καὶ

2069 3169 2188 3222 οὐδέ
2221 3170 2319 3240 τῆς
2339 3170 2564 3242 γεέννης
2599 3171 2886 3243 μέμνηται,
2917 3173 3036 3224 οὐδὲ
3069 3173 3167 3244 τῆς
3200 3171 3494 3244 μελλούσης
3517 3173 3638 3244 κρί-

2073 3269 2228 3316 σεως,
2257 3253 2376 3306 οὐδὲ
2407 3253 2514 3306 τῶν
2541 3254 2780 3308 εὐθυνῶν
2799 3272 2814 3286 ο
2839 3255 2954 3307 ἀλλ’
2976 3253 3164 3326 ὥσπερ
3187 3255 3399 3325 χαλινὸν
3427 3255 3637 3309 ἅπαντα

2070 3336 2240 3390 ταῦτα
2281 3336 2350 3390 τὰ
2395 3337 2712 3410 βοηθήματα
2755 3339 3019 3402 ἐκϐαλὼν,
3049 3338 3298 3411 καθάπερ
3337 3339 3519 3392 πλοῖον
3549 3339 3642 3392 ἀν-

2069 3419 2394 3490 ερμάτιστον
2433 3423 2686 3491 πονηροῖς
2721 3421 2984 3475 ἐκδίδοται
3029 3420 3301 3492 πνεύμασι
3341 3421 3434 3474 καὶ
3465 3420 3642 3490 κύμα-

2071 3518 2156 3554 σιν
2180 3501 2408 3574 ἀγρίοις,
2439 3503 2648 3568 οὐδενὸς
2675 3505 2827 3568 ὄντος
2859 3505 2950 3558 τοῦ
2983 3503 3450 3574 παιδαγωγοῦντος
3477 3503 3639 3558 αὐτοῦ

2070 3584 2166 3656 τὴν
2195 3584 2451 3639 διάνοιαν.
2501 3582 2652 3650 Εἶδες
2692 3587 2784 3640 τὸν
2835 3587 3066 3658 πονηρὸν
3109 3589 3168 3642 ἐν
3196 3589 3332 3661 αὐτῇ
3367 3589 3432 3658 τῇ
3473 3589 3636 3656 κακία

2069 3667 2168 3736 τὴν
2195 3668 2350 3738 δίκην
2399 3668 2702 3739 ὐπέχοντα;
2753 3671 2818 3723 Τί
2859 3671 2967 3741 γὰρ
3013 3670 3178 3724 ἵππου
3211 3669 3560 3740 ἀχαλινώτου,
3588 3669 3641 3722 τί

2071 3749 2126 3802 δὲ
2157 3749 2342 3805 πλοίου
2375 3752 2794 3822 ἀνερματίστου,
2817 3753 2870 3806 τί
2901 3751 2956 3806 δὲ
2989 3751 3274 3825 ἀνθρώπου
3308 3753 3640 3825 πεπηρωμέ-

2071 3849 2160 3884 νου
2190 3831 2566 3906 χαλεπώτερον
2587 3852 2602 3902 ;

2145 3943 2195 3988 ι’.
2228 3937 2388 3992 Ἀλλά
2427 3938 2630 3992 τούτων
2675 3938 2926 3994 ἀπάντων
2965 3939 3292 4012 ἀθλιώτερος
3332 3943 3360 3994 6
3393 3942 3448 3993 ἐν
3475 3941 3642 4010 κακίᾳ

2073 4021 2198 4087 ζῶν,
2229 4023 2424 4078 τὸ“ἀπὸ
2455 4024 2548 4077 τοῦ
2595 4027 2762 4094 φόϐου
2805 4026 2896 4080 τοῦ
2939 4027 3072 4079 Θεοῦ
3117 4027 3232 4097 φῶς
3273 4027 3506 4092 σϐέσας,
3548 4029 3643 4082 καὶ

2072 4109 2410 4178 αἰχμάλωτος
2458 4111 2712 4174 ἐκδοθείς.
2754 4113 3003 4166 Πάντων
3044 4111 3162 4167 τῶν
3201 4111 3428 4180 ἐχθρῶν
3452 4113 3640 4167 αὐτοῦ

2072 4197 2542 4262 κατακυριεύσει.
2564 4194 2710 4251 Εῖπε
2737 4199 2846 4268 γὰρ
2870 4201 2939 4253 ἐν
2961 4199 3175 4267 καρδίᾳ
3201 4198 3406 4252 αὐτοῦ’
3449 4202 3530 4253 Οὺ
3554 4199 3640 4269 μὴ

2073 4283 2348 4338 σαλευθῶ
2397 4285 2514 4339 ἀπὸ
2573 4286 2784 4355 γενεᾶς
2840 4289 2928 4354 είς
2973 4287 3186 4357 γενεὰν
3235 4287 3382 4341 ἄνευ
3431 4288 3638 4342 κακοῦ.

2079 4368 2270 4432 ’Ἄλλος
2309 4380 2354 4429 θ,
2403 4368 2639 4436 Πάντας
2677 4370 2818 4437 τοὺς
2859 4371 3110 4439 ἐχθροὺς
3151 4370 3335 4426 αὐτοῦ
3381 4369 3639 4440 ἐκφυσᾷ.

2072 4455 2266 4525 λέγων
2307 4455 2376 4509 ἐν
2413 4457 2625 4524 καρδίᾳ
2661 4457 2844 4512 αὑτοῦ
2865 4471 2878 4484 ·
2915 4460 2996 4512 Οὐ
3027 4457 3534 4528 περιτραπήσομαι
3557 4461 3644 4526 είς

2072 4545 2288 4612 γενεὰν
2325 4546 2422 4598 καὶ
2463 4544 2695 4613 γενεάν.
2742 4549 2824 4601 Οὐ
2862 4547 2972 4616 τὰρ
3015 4545 3229 4616 ἔσομαι.
3259 4547 3328 4600 ἐν
3364 4546 3638 4602 κακώσει.

2073 4628 2224 4695 Εἶδες
2271 4631 2367 4698 τὴν
2417 4631 2704 4696 ἀπόνοιαν;
2759 4629 2896 4698 εἶδες
2937 4633 3035 4706 τὴν
3082 4635 3284 4703 ἄφατον
3331 4632 3640 4698 ἀπώλειανς

2073 4714 2210 4781 εἶδες
2241 4719 2330 4772 τὸν
2353 4719 2491 4772 κατὰ
2523 4721 2714 4790 μικρὸν
2750 4719 3108 4792 αὐξανόμενον
3139 4720 3390 4793 ὕλεθρονς
3417 4716 3552 4784 εἶδες
3577 4721 3642 4774 τὰ

2074 4809 2222 4879 παρὰ
2251 4809 2363 4872 τοῖς
2395 4809 2641 4880 ἀνοήτοις
2682 4809 2946 4880 μακάρια,
2984 4809 3052 4863 τά
3100 4810 3298 4878 πολλῆς
3335 4808 3642 4878 ἀθλιότητος

2072 4895 2326 4964 γέμοντα,
2375 4896 2468 4948 καὶ
2515 4894 2632 4956 πῶς
2664 4896 3024 4961 καταδύεται;
3075 4896 3403 4949 Ἐπαινεῖται
3447 4895 3504 4946 ἐν
3533 4897 3643 4956 τοῖς

2076 4983 2476 5054 ἁμαρτήμασιν,
2526 4983 2826 5050 εὐλογεῖται
2875 4985 2932 5036 ἐν
2983 4986 3100 5046 ταῖς
3141 4982 3392 5044 ἀδικίαις.
3424 4980 3643 5053 Πρῶτον

2077 5069 2344 5141 βάραθρον
2390 5069 2566 5136 τοῦτο,
2619 5071 2713 5124 καὶ
2761 5071 2941 5124 ἱκανὸν
2987 5069 3370 5140 ἐκτραχηλίσαι
3419 5067 3510 5121 τὸν
3569 5069 3642 5139 μὴ

2073 5157 2427 5228 προσέχοντα.

2143 5265 2235 5318 Διὸ
2260 5265 2324 5336 δὴ
2351 5266 2548 5336 μᾶλλον
2575 5267 2702 5330 τοὺς
2737 5265 3091 5336 αἰτιωμένους
3117 5262 3210 5316 καὶ
3233 5259 3644 5332 διορθουμένους

2073 5351 2427 5422 ἀποδέχεσθαι
2474 5351 2599 5424 χρὴ,
2638 5352 2672 5423 ἢ
2711 5353 2838 5416 τοὺς
2879 5349 3232 5412 ἐπαινοῦντας
3273 5347 3368 5401 καὶ
3413 5349 3497 5402 ἐπ’
3529 5348 3644 5404 ὀλέ-

2074 5435 2186 5506 θρῳ
2219 5435 2630 5498 κολακεύοντας.
2664 5435 2802 5498 Τοὺς
2841 5437 2950 5506 γὰρ
2989 5435 3190 5505 βλᾶκας
3227 5424 3370 5486 οὗτοι
3401 5431 3644 5502 διαφθεί-

2075 5533 2248 5588 ρουσι.
2293 5517 2388 5570 καὶ
2435 5517 2572 5590 πρὸς
2619 5517 2838 5587 μείζονα
2879 5517 3078 5570 ὠθοῦσι
3125 5514 3353 5570 κακίαν·
3396 5515 3645 5584 καθάπερ

2072 5600 2166 5652 καὶ
2193 5598 2377 5652 τοῦτον
2406 5599 2494 5652 τὸν
2521 5599 2844 5670 ἁμαρτωλὸν
2882 5601 3314 5672 ἐμφυσήσαντες,
3344 5599 3646 5668 ἐπαιδοτρί-

2073 5682 2246 5753 ϐησαν
2279 5683 2358 5744 είς
2402 5683 2604 5736 ἄνοιαν.
2639 5682 2732 5752 Διὸ
2781 5683 2874 5736 καὶ
2917 5683 3126 5749 Παῦλος
3157 5685 3460 5756 Κορινθίοις
3489 5681 3645 5736 τοῦτο

2139 5849 2166 5888 (ι
2183 5851 2345 5916 Hujus
2371 5858 2416 5899 el
2455 5851 2599 5912 paulo
2619 5855 2729 5913 pos!
2747 5851 3002 5912 sequentis
3027 5853 3450 5916 inlerprclalionis
3477 5857 3644 5900 auclo-

2075 5923 2156 5960 rcs
2180 5913 2484 5972 ignorantur.

2144 5983 2166 6009 θ
2203 5971 2372 6032 Ὴιῄιιε
2418 5971 2839 6035 interm-elationis
2876 5982 3042 6025 auctor
3088 5983 3166 6024 est
3217 5972 3548 6034 Symmachus,
3593 5978 3646 6018 ul

2079 6036 2244 6086 videas
2273 6036 2318 6084 in
2347 6035 2576 6095 llcxaplis
2596 6037 2794 6084 nostris.
