4084 6278
331 408 432 461 137

330 516 619 574 fornicatus
649 530 661 567 :
694 511 757 566 Et
797 526 883 565 vos
919 507 1086 580 inﬂati
1123 505 1241 560 estis
1262 544 1277 570 ,
1319 509 1365 557 et
1391 515 1494 555 non
1524 497 1689 569 potius
1718 491 1916 549 luxistis

329 611 409 675 (1.
436 606 555 662 Cor.
582 605 636 660 5.
660 602 765 675 2)?
795 601 955 667 Eum,
986 597 1075 670 qui
1100 603 1307 668 peccat,
1339 592 1562 648 multum
1589 588 1790 658 lugere,
1810 598 1918 638 non

335 697 549 754 laudare
573 700 806 765 oportet.
830 690 1019 746 Vidisti
1050 699 1361 759 perversum
1387 683 1573 738 vitium
1592 720 1608 747 ,
1636 676 1781 749 quod
1809 691 1914 729 non

335 790 504 844 solum
531 800 638 841 non
667 789 980 847 accusatur,
1025 776 1118 834 sed
1167 778 1328 832 etiam
1373 771 1618 828 laudibus
1646 765 1920 822 afﬁcitur?

334 880 469 935 llinc
510 892 577 933 ex
612 874 825 946 propria
851 870 1153 941 arrogantia
1181 854 1524 936 ampliﬁcavit
1563 860 1781 917 laudum
1823 857 1923 911 ἰηι-

335 968 699 1039 probitatem:
729 963 926 1020 oblitus
963 969 1048 1017 est
1082 959 1290 1015 timoris
1333 955 1462 1023 Dei,
1503 961 1559 1010 et
1599 951 1923 1023 iudiciorum

334 1064 484 1135 eius;
532 1061 658 1115 hinc
700 1059 861 1114 etiam
906 1054 1134 1126 propriae
1177 1059 1262 1107 est
1304 1058 1509 1123 natura:
1555 1045 1773 1101 oblitus.
1821 1041 1922 1107 Qui

335 1156 480 1211 enim
504 1151 827 1223 iudiciorum
856 1147 949 1203 Dei
976 1143 1340 1209 obliviscitur,
1385 1139 1467 1194 sui
1509 1138 1678 1209 ipsius
1716 1146 1926 1205 quoque

339 1247 557 1307 tandem
601 1241 954 1298 obliviscitur.
1006 1237 1141 1292 Vide
1187 1249 1317 1305 ergo
1360 1247 1480 1303 quae
1522 1229 1764 1299 cogitat:
1803 1224 1927 1279 Non

338 1339 574 1394 movebar
600 1337 654 1390 in
683 1332 1051 1407 generationem
1077 1338 1122 1385 ct
1148 1325 1558 1400 generationem,
1590 1320 1679 1375 sed
1709 1335 1792 1373 ero
1822 1318 1929 1371 sine

340 1431 498 1484 malo.
526 1427 663 1496 Quid
689 1435 771 1480 est
795 1424 897 1480 bac
921 1422 1242 1493 cogitatione
1268 1417 1480 1472 stultius
1504 1454 1519 1480 ,
1552 1421 1610 1467 ut
1648 1410 1738 1481 qui
1769 1409 1929 1463 homo

340 1532 425 1579 est
449 1565 467 1589 ,
510 1519 749 1576 interitui
781 1515 1063 1580 obnoxius,
1106 1511 1325 1568 caducis
1343 1524 1408 1563 ac
1437 1502 1825 1562 momentancis
1846 1516 1931 1555 re-

344 1618 448 1671 bus
469 1612 788 1684 implicatus,
816 1618 870 1665 et
895 1604 1368 1662 innumerabilibus
1393 1598 1777 1656 mutationibus
1806 1595 1932 1650 sub-

344 1708 536 1778 iectus,
569 1706 691 1760 talia
718 1700 1070 1773 imaginetur?
1095 1698 1367 1755 Undenam
1393 1704 1572 1751 autem
1597 1692 1702 1747 hoc
1727 1690 1824 1745 tit?
1853 1689 1930 1744 Ex

346 1796 593 1852 stultitia.
620 1792 844 1862 Quando
868 1792 1009 1847 enim
1029 1790 1109 1844 vir
1138 1788 1330 1843 stultus
1352 1786 1530 1840 multis
1551 1783 1710 1838 rebus
1737 1794 1932 1836 secun-

348 1890 435 1944 dis
467 1902 592 1943 usus
618 1929 634 1953 ,
674 1885 919 1939 inimicos
945 1881 1166 1943 vicerit,
1209 1887 1264 1934 et
1288 1877 1357 1932 ab
1378 1875 1628 1930 omnibus
1665 1871 1930 1935 laudatur,

349 1991 515 2048 atque
546 1978 599 2031 in
637 1974 991 2030 admiratione
1029 1970 1290 2036 habetur,
1333 1967 1573 2021 omnium
1602 1963 1936 2019 miserrimus

350 2068 600 2124 efticitur.
646 2067 724 2121 Eo
758 2064 900 2119 enim
936 2061 1076 2133 quod
1108 2076 1214 2115 non
1251 2065 1526 2129 exspectet
1566 2055 1937 2120 mutationem,

352 2174 529 2233 neque
559 2174 645 2214 res
674 2156 934 2212 secundas
956 2155 1058 2209 fert
1086 2153 1345 2218 modeste,
1375 2160 1428 2207 et
1448 2149 1491 2205 si
1518 2163 1607 2205 res
1626 2148 1674 2203 ci
1699 2147 1939 2203 adversae

354 2255 656 2319 evenerint,
682 2267 802 2311 cum
830 2251 899 2304 sit
918 2248 1317 2311 inexercitatus,
1353 2260 1452 2300 nec
1477 2258 1569 2299 cas
1597 2242 1668 2297 sit
1687 2255 1937 2311 umquam

355 2345 666 2410 meditatus,
699 2344 946 2398 turbatur
968 2349 1022 2396 et
1052 2339 1422 2394 tumultuatur.
1465 2336 1535 2390 At
1565 2349 1672 2389 non
1700 2333 1778 2387 sic
1803 2330 1935 2396 Job;

357 2438 455 2494 sed
494 2438 653 2493 etiam
696 2437 749 2491 in
788 2436 950 2490 rebus
995 2431 1244 2489 secundis
1285 2445 1373 2485 res
1410 2429 1663 2483 adversus
1709 2423 1945 2496 quotidie

358 2530 743 2603 exspectabat,
775 2534 830 2581 et
872 2524 991 2580 ideo
1028 2523 1238 2579 dicebat
1268 2540 1282 2577 :
1314 2521 1484 2576 Metus
1512 2534 1656 2586 quem
1688 2514 1939 2579 timebam,

359 2623 493 2676 venit
530 2620 686 2684 mihi,
727 2627 775 2678 et
814 2633 961 2693 quem
986 2616 1283 2679 timuerant,
1318 2610 1533 2666 occurrit
1563 2608 1704 2662 mihi.
1758 2604 1869 2659 Nec
1894 2605 1948 2657 in

362 2730 488 2784 pace
504 2713 585 2783 egi
609 2751 624 2775 ,
661 2727 750 2765 nec
777 2709 976 2780 quievi,
1004 2725 1095 2762 nec
1120 2706 1307 2761 cessavi
1336 2704 1507 2759 :venit
1527 2713 1693 2757 tamen
1721 2699 1844 2753 mihi
1870 2699 1948 2751 ira

362 2807 487 2878 (Job
512 2808 566 2862 ὃ.
587 2805 680 2859 25.
709 2803 828 2872 26).
876 2802 942 2857 Et
964 2800 1085 2856 ideo
1105 2799 1239 2854 alius
1263 2796 1473 2852 dicebat
1506 2816 1519 2851 :
1546 2793 1800 2847 Memento
1827 2801 1951 2843 tem-

364 2900 504 2969 poris
530 2897 680 2969 famis
704 2896 759 2949 in
785 2905 1006 2965 tempore
1030 2891 1352 2946 abundantia
1375 2904 1394 2953 ;
1421 2885 1734 2958 paupertatis
1776 2892 1823 2937 et
1863 2883 1947 2936 in-

362 2991 500 3062 opia!
520 2991 573 3043 in
601 2989 682 3042 die
704 2986 990 3041 divitiarum
1010 2982 1200 3054 (Eccli.
1232 2982 1318 3037 18.
1345 2980 1458 3051 25).
1490 2978 1593 3033 Sed
1625 2978 1708 3032 hic
1736 2974 1951 3046 quidem

364 3081 535 3138 semel
556 3088 857 3149 corruptus,
880 3092 985 3130 non
1013 3073 1315 3130 considerat
1335 3072 1584 3135 humana,
1612 3068 1706 3123 sed
1737 3075 1952 3138 propter

367 3174 581 3230 felicem
613 3186 790 3227 rerum
834 3182 1141 3225 successum
1172 3181 1233 3222 ea
1272 3180 1393 3221 esse
1437 3161 1732 3218 immobilia
1768 3159 1954 3215 existi-

368 3275 483 3322 mat
513 3284 529 3319 :
554 3263 697 3335 quod
721 3271 807 3319 est
834 3271 1087 3317 extremae
1111 3257 1346 3313 stultitiae
1376 3263 1431 3311 et
1453 3252 1773 3323 corruptelae
1800 3265 1957 3322 argu-

369 3366 635 3423 mentum,
666 3367 721 3409 et
745 3353 957 3409 occasio
986 3351 1256 3407 interitus.
1278 3348 1355 3404 Ne
1380 3348 1567 3403 beatos
1586 3344 1831 3400 existima
1861 3357 1956 3398 eos

368 3454 462 3525 qui
499 3458 623 3507 sunt
656 3449 869 3511 divites,
915 3460 1012 3502 eos
1039 3446 1130 3515 qui
1159 3444 1376 3497 vincunt
1414 3440 1690 3504 inimicos,
1735 3450 1830 3491 eos
1867 3435 1956 3505 qui

371 3553 659 3617 propterea
702 3541 1007 3617 laudantur.
1063 3535 1247 3608 Magna
1286 3543 1411 3589 sunt
1453 3534 1569 3588 haec
1611 3529 1860 3587 barathra
1906 3538 1960 3583 et

373 3615 663 3710 prmcipitia
684 3677 700 3701 ,
739 3649 856 3704 qua:
883 3615 1127 3686 homines
1157 3630 1394 3683 incautos
1420 3624 1486 3681 ad
1514 3625 1685 3694 ipsum
1716 3622 1958 3692 impieta-

377 3731 447 3784 tis
471 3725 787 3799 profundum
813 3722 1089 3793 deiiciunt.
1136 3720 1191 3775 7.
1214 3716 1370 3788 Cujus
1396 3733 1450 3770 os
1481 3714 1834 3769 maledictione
1856 3713 1962 3782 ple-

377 3838 502 3877 num
525 3829 618 3885 est,
644 3827 690 3873 et
718 3815 1075 3879 amaritudine,
1107 3821 1154 3865 et
1181 3811 1318 3864 dolo.
1346 3808 1453 3864 Sub
1481 3808 1654 3879 lingua
1679 3807 1792 3874 eius
1821 3806 1964 3859 labor

378 3924 429 3967 et
459 3914 618 3971 dolor.
665 3910 818 3965 Alius
840 3951 855 3975 ,
892 3906 1081 3960 Inutile
1110 3903 1207 3977 (a).
1252 3904 1305 3958 8.
1333 3901 1483 3957 Sedet
1524 3902 1578 3954 in
1618 3900 1815 3954 insidiis
1851 3915 1964 3952 cum

380 4003 617 4057 divitibus
653 4001 705 4053 in
738 3998 943 4053 occultis
964 4037 979 4062 ,
1021 4004 1075 4049 ut
1116 3993 1384 4062 interﬁciat
1414 3993 1744 4045 innocentem.
1791 3989 1962 4054 Alius,

387 4095 646 4151 Insidians
670 4092 810 4162 apud
832 4091 996 4145 aulas.
1042 4089 1096 4145 9.
1130 4087 1278 4142 Oculi
1297 4087 1407 4156 ejus
1433 4086 1487 4139 in
1513 4101 1785 4156 pauperem
1810 4086 1969 4154 respi-

379 4190 541 4245 ciunt.
591 4185 874 4238 lnsidiatur
910 4183 965 4236 in
1008 4180 1300 4235 abscondito
1345 4179 1489 4249 quasi
1535 4179 1611 4231 leo
1640 4178 1693 4230 in
1730 4176 1969 4247 spelunca

383 4295 501 4333 sua.
551 4277 732 4339 Alius,
779 4274 937 4342 Quasi
982 4273 1036 4326 in
1066 4281 1208 4341 septo
1247 4286 1358 4324 suo.
1421 4267 1970 4338 Insidiaturutrapiat

386 4383 683 4438 pauperent,
701 4376 755 4420 ut
779 4365 945 4435 rapiat
971 4379 1260 4434 pauperem,
1284 4361 1405 4415 dum
1419 4359 1626 4413 attrahit
1646 4375 1776 4412 eum.
1798 4359 1968 4424 Alius,

385 4460 452 4515 In
492 4458 737 4512 tractione
779 4458 907 4526 eius.
960 4455 1047 4509 l0.
1072 4451 1139 4507 In
1179 4453 1355 4523 laqueo
1390 4469 1483 4507 suo
1517 4450 1800 4505 Immiliabit
1835 4466 1968 4550 eunti

387 4553 541 4608 Alius
559 4593 574 4616 ,
605 4549 671 4604 In
693 4566 899 4619 sagena.
941 4546 1212 4602 Inclinabit
1236 4563 1290 4600 se
1315 4556 1362 4599 et
1394 4545 1569 4612 cadet,
1598 4561 1711 4598 cum
1739 4545 1972 4597 dominii-

392 4656 472 4697 tns
508 4643 657 4713 fuerit
687 4656 975 4711 pauperem.
1020 4638 1198 4703 Alius,
1232 4636 1534 4707 Confractus
1562 4645 1729 4689 autem
1749 4635 1976 4705 inﬂecte-

394 4746 497 4799 tur,
525 4749 640 4786 cum
667 4733 710 4786 is
729 4732 929 4786 irruerit
952 4747 1068 4784 cum
1097 4728 1310 4801 fortibus
1336 4729 1440 4782 suis
1470 4728 1523 4780 in
1547 4727 1841 4781 imbecillos.

466 4826 747 4894 Corruptor
778 4823 972 4894 judicis
1015 4822 1126 4891 [ure
1162 4821 1323 4890 pejor.
1349 4849 1421 4859 —
1450 4818 1636 4872 Vidisti
1662 4833 1785 4874 eum
1816 4819 1976 4873 etiam

395 4913 643 4970 echctum
676 4928 795 4968 esse
835 4913 1117 4966 immanem
1159 4909 1434 4965 belluam?
1480 4909 1611 4962 Eum
1659 4909 1802 4963 enim
1847 4918 1981 4962 tam-

399 5023 557 5075 quam
586 5005 750 5060 feram
779 5004 1088 5059 describens
1119 5003 1377 5073 propheta
1397 5042 1412 5067 ,
1443 5001 1516 5055 ita
1538 5000 1604 5055 de
1628 5016 1694 5056 eo
1724 5001 1979 5071 loquitur,

371 5098 587 5164 ‘dolos,
634 5093 880 5160 fraudes,
914 5094 1130 5149 insidias
1170 5091 1474 5146 traducens.
1527 5091 1665 5157 Quid
1703 5107 1769 5147 eo
1809 5100 1984 5162 potest

403 5206 520 5244 esse
550 5189 795 5247 miserius
819 5228 834 5253 ,
860 5186 987 5257 quid
1020 5185 1304 5256 pauperius
1328 5226 1342 5249 ,
1384 5197 1506 5239 cum
1547 5183 1797 5253 pauperis
1825 5192 1984 5253 egeat

408 5280 683 5351 pecuniis?
711 5280 861 5333 llunc
882 5293 1041 5347 ergo,
1077 5278 1192 5342 dic,
1222 5290 1424 5347 qumso,
1456 5276 1693 5330 dicemus
1729 5274 1986 5330 divitem?

410 5371 548 5441 Ergo
589 5371 747 5425 etiam
791 5369 962 5424 furem
1011 5377 1066 5422 et
1106 5382 1379 5422 murorum
1425 5366 1757 5421 eﬂ'ossorcm.
1811 5366 1982 5432 Absit,

412 5440 598 5533 inquit.
643 5461 781 5530 Quid
807 5460 949 5516 enim
978 5460 1023 5515 si
1065 5459 1176 5514 fora
1204 5475 1308 5513 non
1338 5457 1607 5529 perfodit?
1657 5458 1783 5529 quid
1810 5458 1856 5512 si
1882 5440 1987 5513 non

413 5566 571 5611 noctu
597 5555 921 5627 aggreditur,
949 5553 1043 5609 sed
1070 5568 1188 5609 cum
1216 5552 1341 5607 dolo
1361 5551 1555 5622 iudicis
1588 5551 1764 5607 lumen
1792 5550 1991 5607 exstin-

481 5672 551 5731 (a)
587 5670 693 5721 Vox
722 5668 887 5720 inutile
914 5668 1211 5731 (ᾇνωφελές),
1233 5673 1312 5731 est
1332 5664 1541 5731 Aquilse.
1570 5661 1815 5731 [υἷι-διῇξε
1830 5674 2001 5731 voces,

420 5723 657 5783 insidians
684 5731 825 5795 apud
877 5723 1018 5779 aulas
1046 5723 1333 5795 ’(ἐνεδρεύων
1374 5723 1508 5795 sapa
1551 5727 1635 5780 τὰς
1679 5723 1845 5782 αὐλάς)
1887 5731 2001 5795 sunt

423 5784 869 5853 Symmachi.'Qttze
888 5784 1168 5851 sequuntur
1187 5784 1638 5849 interpretationes
1662 5798 1872 5853 quorum
1895 5784 2001 5853 sint

425 5847 676 5922 ignoratur
706 5869 716 5902 :
739 5847 1151 5922 settpostrema,
1196 5847 1470 5914 cordi-actus
1510 5853 1671 5899 autem
1715 5850 1771 5906 (ὁ
1812 5848 1861 5894 δὲ
1891 5847 2002 5893 (υλα-

425 5918 587 5979 σθείς),
621 5924 697 5967 est
723 5917 935 5978 Aquilae.

1476 380 1837 444 EXPOSITIO
1875 377 1940 434 ΙΝ
1981 371 2305 434 PSALMUM
2344 368 2434 426 IX.

3508 359 3607 414 158

2021 485 2176 558 guitl‘
2200 483 2327 555 quid
2356 483 2500 539 enim
2535 481 2580 535 si
2618 494 2726 534 non
2758 476 3148 536 dormientibus
3169 516 3182 538 ,
3214 474 3308 530 scd
3340 474 3606 544 vigilanti-

2022 579 2123 634 bus
2150 576 2398 632 omnibus
2426 572 2615 628 irruit?
2658 571 2755 626 Hie
2796 580 2878 626 est
2917 570 3061 624 cnim
3098 566 3473 637 impudentior.
3529 566 3609 620 Ex

2027 669 2229 725 furibus
2254 667 2396 724 enim
2422 666 2568 736 leges
2589 679 2682 719 eos
2711 664 2923 735 gravius
2963 661 3221 733 puniunt,
3261 658 3351 730 qui
3383 656 3612 717 interdiu

2028 759 2293 816 furantur.
2342 757 2532 813 Vidisti
2563 756 2964 827 paupertatem?
2994 754 3170 810 vidisti
3198 751 3614 808 crudelitatem?

2029 857 2433 924 Paupertatem,
2463 851 2605 923 quod
2644 852 2781 906 bona
2807 849 3055 919 pauperis
3080 846 3422 916 concupiscat.
3452 861 3465 897 :
3495 857 3607 899 cru:

2027 946 2299 1003 delitatcm
2325 960 2454 1000 vero
2474 985 2490 1011 ,
2523 942 2667 1013 quod
2700 957 2800 997 nec
2824 942 3126 995 calamitate
3155 938 3371 1009 quidem
3400 936 3605 1004 frango,

2032 1048 2150 1106 tur,
2193 1037 2289 1093 sed
2312 1035 2464 1106 cuius
2493 1034 2773 1096 misereri,
2815 1042 2869 1088 et
2897 1033 2981 1087 cui
3003 1030 3289 1087 subvenire
3312 1028 3612 1099 oportebat,

2031 1135 2393 1198 paupertatem
2414 1124 2696 1196 Opprimat.
2717 1123 2823 1178 Nec
2846 1135 3020 1177 tamen
3038 1122 3152 1175 Ι]ωο
3178 1119 3333 1174 faciet
3362 1120 3580 1187 impune
3610 1135 3624 1171 :

2030 1217 2125 1273 scd
2155 1216 2367 1287 quando
2396 1213 2755 1284 praevaluerit,
2784 1211 2998 1283 quando
3021 1211 3122 1267 sibi
3143 1211 3287 1265 visus
3318 1210 3479 1264 fuerit
3503 1223 3623 1263 esse

2037 1306 2317 1375 superior,
2359 1304 2572 1375 quando
2615 1318 2674 1357 se
2718 1302 2914 1372 putarit
2957 1316 3077 1357 esse
3125 1298 3619 1370 inexpugnabilem,

2035 1406 2159 1451 tunc
2188 1395 2383 1465 peribit
2411 1411 2425 1447 :
2456 1403 2514 1449 ut
2553 1402 2608 1449 et
2636 1394 2725 1449 Dei
2748 1393 2989 1453 videatur
3017 1392 3261 1447 vincendi
3290 1390 3538 1453 facilitas,
3569 1400 3623 1445 et

2040 1502 2330 1557 pauperum
2363 1487 2615 1556 patientia
2641 1527 2657 1551 ,
2696 1494 2753 1541 et
2790 1486 2947 1555 huius
2973 1484 3274 1555 corrigendi
3313 1483 3622 1545 difﬁcultas,

2036 1586 2092 1631 et
2114 1577 2207 1631 Dei
2250 1577 2483 1632 lenitatis
2525 1577 2826 1632 tolerantia.
2878 1577 3171 1645 Propterea
3200 1592 3314 1629 non
3342 1590 3373 1629 c
3399 1574 3626 1643 vestigio

2036 1669 2276 1737 sequitur
2299 1667 2526 1737 iustitia,
2559 1668 2668 1723 Deo
2689 1681 2789 1737 per
2815 1668 3129 1738 patientiam
3153 1674 3377 1720 vocante
3406 1675 3529 1719 eum
3556 1664 3622 1717 ad

2041 1759 2414 1827 paenitentiam
2443 1776 2456 1809 :
2489 1758 2605 1813 sed!
2624 1758 2838 1828 quando
2866 1757 3001 1810 nihil
3032 1755 3293 1811 lucrifacit
3330 1756 3548 1809 lenitate
3573 1765 3627 1808 et

2041 1852 2312 1920 patientia,
2340 1860 2466 1906 tunc
2480 1865 2602 1907 eum
2625 1866 2720 1921 per
2746 1849 3062 1920 supplicium
3079 1848 3348 1903 admouet.
3374 1847 3626 1912 Hienitn,

2040 1941 2129 2010 qui
2171 1941 2363 2012 iniuria
2400 1941 2579 1996 affecti
2619 1948 2777 2007 sunt,
2820 1939 2955 1993 nihil
2992 1939 3104 1994 laesi
3142 1947 3299 2003 sunt;
3341 1937 3436 1993 scd
3464 1938 3625 1993 etiam

2043 2032 2291 2087 meliores
2335 2040 2390 2087 et
2442 2030 2702 2086 clariores
2753 2029 3043 2085 afﬂictione
3098 2027 3221 2083 facti
3276 2040 3442 2084 sunt:
3488 2029 3630 2083 Deus

2043 2132 2222 2180 autem
2251 2139 2401 2179 suam
2427 2122 2660 2178 ostendit
2685 2121 3015 2192 patientiam,
3054 2130 3109 2175 ut
3129 2121 3218 2190 qui
3243 2120 3554 2176 sustinuerit
3578 2130 3634 2175 et

2047 2214 2385 2280 toleraverit,
2416 2223 2470 2270 et
2509 2228 2630 2268 cum
2664 2212 2914 2284 patientia
2962 2212 3290 2282 potentiam,
3332 2221 3387 2266 et
3428 2211 3504 2265 rei
3541 2227 3636 2280 geo

2048 2306 2228 2361 renda:
2273 2306 2578 2361 facultatem
2610 2321 2624 2358 :
2653 2304 2794 2374 quod
2838 2303 3052 2374 quando
3087 2303 3133 2357 is
3161 2311 3304 2357 esset
3330 2302 3511 2372 seipso
3536 2320 3635 2372 po-

2049 2400 2265 2466 tentior,
2298 2408 2425 2453 tunc
2452 2399 2708 2467 temporis
2735 2398 2907 2467 ipsum
2937 2405 3155 2465 superat
3186 2412 3201 2448 :
3235 2396 3322 2451 hic
3357 2411 3483 2451 vero
3511 2412 3632 2451 cum

2048 2490 2334 2545 mansisset
2358 2489 2751 2554 iucmeudatus,
2776 2488 3019 2542 ultimum
3048 2487 3140 2542 dat
3164 2487 3503 2557 supplicium.
3525 2487 3638 2542 lloc

2024 2592 2225 2645 _autem
2253 2597 2358 2636 non
2388 2597 2573 2652 parum
2604 2579 2814 2636 confert
2836 2579 2905 2634 ad
2930 2578 3273 2648 corrigendos
3299 2593 3392 2633 eos
3412 2618 3428 2645 ,
3460 2581 3548 2648 qui
3579 2579 3633 2636 in

2053 2675 2211 2729 rebus
2235 2675 2484 2729 secundis
2509 2682 2805 2729 versantur.

2126 2760 2214 2813 11.
2243 2758 2321 2813 Ne
2345 2772 2472 2828 ergo
2493 2757 2705 2828 quando
2730 2756 2923 2810 viceris
2953 2755 3228 2823 inimicos,
3255 2764 3311 2810 ct
3337 2756 3513 2810 omnia
3545 2756 3639 2814 tibi

2055 2850 2287 2906 secunda
2328 2849 2542 2917 fuerint,
2581 2848 2820 2904 conﬁdas
2847 2847 3088 2917 improbe
3117 2848 3339 2913 vivens,
3378 2847 3474 2902 sed
3516 2855 3641 2901 tunc

2053 2945 2223 3015 magis
2243 2944 2607 3014 pertimescas.
2641 2944 2875 3014 Augetur
2903 2941 3044 2996 enim
3068 2941 3250 2996 vitium
3272 2982 3288 3008 ,
3318 2941 3517 2994 tollitur
3549 2941 3641 2996 tibi

2054 3036 2295 3094 defensio
2318 3079 2333 3105 ,
2363 3036 2670 3108 praeciditur
2695 3044 2752 3091 et
2779 3033 3018 3090 aufertur
3043 3035 3217 3102 venia,
3261 3034 3306 3089 si
3334 3035 3505 3090 malus
3533 3050 3642 3088 ma-

2058 3145 2208 3186 neas.
2263 3131 2346 3185 11.
2375 3129 2521 3184 Dixit
2545 3131 2678 3184 enim
2717 3129 2768 3183 in
2796 3128 2947 3183 corde
2979 3145 3070 3183 suo
3096 3143 3115 3182 :
3144 3128 3342 3182 Oblitus
3365 3138 3439 3183 est
3470 3128 3602 3183 Deus
3626 3145 3644 3193 ,'

2057 3223 2232 3278 avertit
2252 3222 2433 3293 [aciem
2461 3214 2641 3285 suam:
2677 3237 2740 3275 ne
2762 3221 2926 3275 videat
2951 3220 3003 3274 in
3026 3213 3199 3289 ﬁnem.
3237 3220 3367 3275 Vide
3396 3221 3445 3274 in
3474 3238 3645 3292 quan-

2062 3325 2172 3370 tum
2201 3312 2508 3369 barathrum
2538 3312 2850 3383 perditionis
2876 3310 3179 3378 descendit,
3203 3312 3375 3381 qualia
3399 3310 3661 3382 dogmata.

2059 3406 2291 3476 colligit,
2320 3413 2437 3477 qua:
2462 3413 2676 3476 propter
2706 3403 3087 3474 impudentiam
3112 3403 3327 3474 quidem
3356 3420 3461 3458 non
3491 3403 3651 3470 audet

2063 3498 2279 3566 cﬂ‘crre,
2308 3514 2369 3554 ea
2399 3507 2578 3554 autem
2605 3497 2745 3568 apud
2775 3513 2832 3553 sc
2863 3507 3072 3565 versat,
3117 3512 3357 3568 pugnans
3399 3513 3521 3551 cum
3561 3514 3652 3555 ve-

2066 3594 2243 3656 ritate,
2267 3600 2322 3647 et
2346 3608 2465 3661 qua:
2491 3601 2617 3645 sunt
2639 3591 2754 3645 sole
2781 3590 3007 3644 clariora
3028 3630 3044 3656 ,
3074 3600 3292 3659 propter
3319 3590 3512 3652 mentis
3541 3606 3651 3643 sua:

2066 3683 2354 3738 orbitatem
2403 3681 2750 3736 adumbratis.
2805 3679 2892 3733 12.
2934 3678 3200 3750 Exsurge,
3248 3678 3465 3735 Domine
3514 3679 3654 3736 Deus

2065 3792 2208 3829 meus
2232 3817 2247 3839 ,
2291 3774 2539 3828 exaltetur
2565 3788 2745 3826 manus
2771 3781 2877 3824 tua.
2908 3768 2992 3824 Ne
3018 3771 3327 3825 obliviscaris
3352 3786 3651 3839 pauperum.

2067 3867 2239 3934 Alius,
2273 3865 2461 3920 Exalta
2487 3880 2692 3918 manant
2721 3873 2880 3917 luant.
2929 3863 3015 3917 15.
3050 3861 3271 3933 PrOpter
3295 3862 3418 3932 quid
3442 3862 3655 3915 irritavit

2069 3959 2255 4029 impius
2285 3955 2488 4011 Deum?
2525 3955 2665 4010 Dixit
2686 3955 2817 4009 enim
2842 3955 2896 4007 in
2923 3953 3076 4007 corde
3099 3970 3192 4008 suo
3223 3969 3243 4007 :
3276 3951 3395 4005 Non
3416 3952 3651 4021 requiret.

2071 4049 2158 4103 M.
2204 4046 2350 4101 Vides
2385 4046 2623 4116 quoniam
2651 4056 2705 4098 tu
2749 4044 2969 4099 laborem
2998 4053 3043 4097 et
3083 4046 3306 4114 furorem
3343 4043 3657 4109 consideras,

2071 4150 2126 4194 ut
2155 4139 2329 4193 tradas
2357 4154 2470 4192 eam
2497 4138 2552 4191 in
2585 4154 2764 4191 manus
2795 4146 2926 4189 tuas.
2977 4135 3130 4189 Alius
3153 4176 3168 4201 ,
3211 4132 3426 4198 Vidisti,
3458 4134 3576 4204 quia
3602 4144 3656 4188 tu

2073 4233 2294 4288 laborem
2328 4241 2373 4283 et
2409 4229 2726 4283 iracundiam
2756 4225 3077 4298 inspectalis,
3099 4234 3152 4278 ut
3180 4225 3266 4279 des
3285 4225 3338 4278 in
3368 4240 3521 4278 manu
3547 4236 3654 4280 tua.

2073 4324 2245 4391 Alius,
2274 4322 2340 4379 Ut
2365 4322 2547 4376 dentur
2574 4323 2627 4375 in
2651 4336 2830 4374 manus
2861 4330 2993 4374 tuas.
3027 4319 3242 4389 Iniquus
3289 4318 3501 4389 quidem
3545 4317 3661 4374 lucc

2075 4416 2231 4481 dicit,
2269 4424 2487 4485 raptor,
2524 4426 2746 4478 avarus,
2778 4418 2962 4481 utpote
2999 4410 3088 4481 qui
3128 4425 3232 4466 non
3285 4410 3377 4465 det
3422 4425 3608 4480 poenas
3642 4426 3660 4468 :

2080 4508 2334 4580 prepheta
2359 4515 2534 4561 autem
2573 4504 2691 4574 eius
2729 4512 2977 4557 evertens
3025 4501 3267 4572 dogmata
3289 4541 3305 4568 ,
3347 4500 3416 4561 de
3449 4502 3537 4556 Dei
3570 4517 3662 4571 pa-

2080 4603 2262 4659 tientia
2290 4600 2467 4671 ample
2494 4599 2746 4668 loquitur.
2777 4595 2872 4657 llle
2902 4595 3043 4657 enim
3069 4595 3198 4650 dicit
3229 4612 3241 4649 :
3270 4594 3457 4649 Avertit
3481 4596 3660 4666 faciem

2080 4710 2244 4761 suam,
2272 4709 2335 4745 ne
2353 4691 2517 4745 videat
2544 4690 2597 4744 in
2617 4689 2771 4758 ﬁnem
2801 4703 2820 4742 :
2849 4687 2934 4741 hic
2950 4695 3127 4741 autem
3149 4699 3332 4742 contra
3360 4705 3372 4741 :
3405 4687 3470 4740 Et
3492 4687 3660 4752 vides,

2082 4798 2137 4843 et
2161 4785 2501 4851 consideras,
2548 4791 2604 4838 et
2638 4797 2698 4838 es
2740 4779 2947 4852 patiens
2969 4819 2986 4846 ,
3022 4779 3193 4836 donec
3219 4779 3252 4834 ii
3281 4779 3572 4834 ceciderint
3611 4779 3662 4832 in

2083 4892 2274 4933 manus
2300 4885 2436 4932 tuas.
2481 4873 2618 4944 Quid
2645 4882 2763 4940 est,
2808 4871 2979 4927 Donec
3017 4870 3199 4930 dentur
3229 4871 3281 4924 in
3309 4886 3488 4927 manus
3513 4879 3623 4924 tuas
3642 4873 3667 4923 1’

2086 4970 2228 5024 Dixit
2271 4982 2421 5024 more
2465 4966 2700 5026 humano
2731 4980 2745 5016 :
2779 4963 2881 5017 hoc
2921 4970 3099 5016 autem
3135 4960 3233 5015 sibi
3270 4961 3382 5018 vult
3413 4978 3425 5012 :
3455 4959 3665 5028 Exspe-

2086 5072 2218 5128 ctas,
2247 5060 2472 5125 toleras,
2512 5066 2571 5111 ut
2598 5055 2790 5127 insigni
2818 5053 3093 5112 tradantur
3123 5036 3465 5125 improbitati.
3511 5052 3667 5109 Pote-

2088 5169 2175 5211 ras
2200 5153 2342 5209 enim
2373 5151 2456 5211 vel
2483 5165 2511 5204 a
2541 5149 2800 5220 principio
2825 5162 2918 5203 eos
2935 5153 3178 5203 evertere
3206 5155 3260 5199 et
3282 5144 3549 5217 subigere,
3573 5147 3667 5201 sed

2091 5247 2405 5302 immensum
2432 5249 2516 5297 est
2545 5242 2761 5311 pelagus
2801 5248 2904 5294 tute
2953 5235 3281 5299 tolerantiae.
3329 5235 3588 5302 videntis,
3619 5246 3673 5293 ct

2092 5355 2198 5401 non
2238 5335 2603 5409 persequentis
2622 5376 2637 5402 ,
2683 5332 2776 5389 sed
2804 5330 3161 5400 exspectantis
3184 5344 3275 5386 eos
3302 5325 3368 5382 ad
3401 5329 3671 5400 paeniten—

2094 5431 2240 5485 tiam.
2294 5426 2446 5494 Quod
2477 5427 2521 5480 si
2548 5425 2770 5489 nolunt,
2823 5431 2947 5476 tunc
2978 5421 3168 5497 punis,
3195 5422 3411 5494 quando
3441 5421 3570 5475 nihil
3598 5423 3672 5475 lu-

2096 5529 2312 5575 crantur
2335 5533 2401 5571 ex
2432 5529 2516 5570 tua
2546 5511 2818 5588 patientia.
2868 5511 3021 5578 Quod
3051 5511 3195 5567 enim
3218 5527 3461 5581 magnam
3485 5511 3674 5567 habeat

2098 5612 2357 5667 rationem
2375 5621 2559 5661 eorum
2586 5604 2673 5674 qui
2704 5601 2894 5672 iniuria
2915 5601 3239 5668 allieiuntur,
3267 5603 3388 5656 audi
3410 5604 3677 5673 quomodo

2101 5721 2195 5774 per
2219 5719 2301 5768 ea,
2333 5715 2451 5771 qua:
2477 5703 2801 5767 sequuntur,
2834 5693 3133 5748 confirmat.
3180 5692 3294 5748 Tibi
3323 5695 3586 5749 derelictus
3612 5702 3681 5747 est

2104 5810 2315 5865 pauper.
2346 5790 2574 5856 orpltano
2604 5795 2657 5841 tu
2685 5784 2823 5855 fuisti
2852 5783 3076 5855 adjutor.
3106 5784 3286 5850 Alius,
3312 5783 3390 5838 Tu
3417 5788 3578 5855 factus
3608 5800 3674 5839 es.
