4084 6278
443 352 540 408 150

438 489 622 551 Alius,
657 486 732 540 Tn
763 487 878 540 eris.
915 485 1065 555 Quod
1093 495 1269 539 autem
1297 484 1457 551 dicit,
1505 483 1610 538 tale
1637 489 1720 537 est
1751 501 1762 535 :
1794 483 1905 537 [loc
1936 490 2020 538 est

436 595 572 649 opus
624 587 806 643 tuum,
848 576 949 631 hoc
977 586 1057 630 est
1083 575 1318 629 ofﬁcium
1351 584 1497 628 tuum
1528 572 1816 644 egregium.
1867 570 2019 639 Quod

437 687 593 728 suum
621 678 756 736 erat,
789 685 893 723 non
915 669 1112 730 omisit,
1147 674 1252 722 no’n
1276 666 1523 736 prodidit.
1556 664 2014 733 Quemadmodum

436 765 578 819 cnim
602 770 686 818 cst
713 761 930 815 artiﬁcis
964 758 1232 814 aediﬁcare
1257 798 1271 824 ,
1319 766 1373 812 et
1416 757 1786 826 gubernatoris
1826 770 2015 810 navem

436 857 686 926 dirigere,
718 862 771 907 et
791 854 919 908 solis
945 851 1246 906 illuminare
1275 869 1288 904 :
1321 852 1392 905 ita
1421 851 1579 903 etiam
1615 858 1760 903 tuum
1788 856 1872 902 est
1894 847 2019 902 sub-

438 951 619 1002 venire
644 946 897 1016 orphanis
918 985 931 1010 ,
958 958 1170 997 manum
1200 942 1438 1012 prmbere
1467 940 1804 1010 pauperibus.
1848 939 2016 994 Nemo

433 1050 516 1095 est
536 1039 622 1109 qui
640 1038 717 1093 sic
742 1036 928 1092 eorum
955 1050 1140 1089 curam
1166 1041 1333 1103 gerat,
1361 1032 1455 1087 sed
1481 1040 1533 1085 tu
1550 1033 1715 1087 solus.
1745 1030 1858 1086 Hoc
1874 1032 2014 1085 enim

435 1128 697 1200 signiﬁcat
740 1126 866 1183 illud
888 1168 903 1191 ,
950 1125 1233 1180 Derelictus
1257 1132 1351 1177 est.
1400 1123 1605 1183 Nullus.
1637 1122 1827 1192 inquit,
1856 1121 2012 1188 alius,

432 1223 527 1278 sed
559 1232 614 1276 tu
643 1220 787 1275 solus
816 1220 1176 1288 orphanorum
1211 1225 1265 1270 et
1303 1228 1592 1285 pauperum
1637 1228 1818 1268 curam
1844 1212 2007 1282 geris.

438 1316 525 1370 15.
557 1314 766 1367 Contere
792 1312 1050 1365 brachium
1089 1308 1360 1378 peccatoris
1386 1315 1432 1360 et
1470 1304 1698 1374 maligni.
1750 1302 2014 1368 Quteretur

433 1415 689 1476 peccatum
719 1405 856 1458 illius
880 1412 926 1457 et
966 1418 1065 1455 non
1094 1400 1372 1454 invenietur
1403 1407 1607 1467 propter
1644 1394 1794 1449 illud.
1839 1393 2010 1456 Alius,

435 1498 705 1563 Qutcratur
730 1494 962 1564 impietas
988 1492 1146 1562 ipsius
1169 1531 1184 1553 ,
1215 1498 1269 1543 ut
1293 1505 1394 1542 non
1418 1488 1702 1540 inueniatur
1726 1485 1855 1552 ipse.
1895 1482 2011 1537 Non

428 1589 542 1640 vult
566 1594 898 1655 peccatorem
927 1582 1172 1637 absolute
1202 1578 1404 1634 conteri
1426 1617 1442 1643 ,
1483 1577 1576 1630 sed
1604 1576 1775 1640 vires,
1824 1582 2011 1642 poten-

431 1678 578 1741 tiam,
603 1683 656 1728 et
672 1674 788 1743 ejus
814 1672 1166 1740 improbitatis
1182 1670 1452 1725 fomitem:
1481 1664 1672 1721 deinde
1690 1674 1841 1735 rogat
1860 1664 2011 1719 illum

428 1780 614 1821 eorum
642 1780 761 1834 quae
798 1763 921 1817 fecit
950 1761 1175 1815 reddere
1205 1760 1469 1813 rationem
1492 1799 1506 1822 ,
1539 1766 1592 1811 et
1619 1755 1906 1810 ostendens
1931 1754 2011 1808 in-

422 1858 578 1926 juriae
604 1853 1019 1923 magnitudinem
1041 1891 1057 1915 ,
1083 1851 1212 1905 dicit
1242 1868 1256 1903 :
1288 1849 1346 1904 Si
1373 1848 1475 1903 hoc
1507 1847 1727 1915 fecerit,
1768 1862 1837 1902 ne
1865 1855 2011 1902 stare

428 1947 642 2018 quidem
670 1945 879 2015 poterit,
911 1958 1010 1998 nec
1029 1941 1333 2011 apparebit,
1371 1939 1466 1994 sed
1505 1939 1719 2009 peribit,
1749 1937 2004 2004 interibit,

426 2039 681 2093 radicitus
718 2035 1010 2099 delebitur,
1044 2033 1108 2087 iis
1136 2046 1255 2102 quae
1294 2030 1419 2085 fecit
1463 2029 1798 2085 examinatis.
1840 2028 2009 2082 Nemo

427 2145 555 2200 ergo
574 2128 853 2183 orbitatem
876 2124 1089 2193 defleat,
1115 2139 1274 2179 nemo
1297 2130 1681 2191 paupertatem.
1719 2120 1835 2186 Quo
1864 2120 2005 2174 enim

425 2240 485 2279 ea
509 2222 710 2291 majora
744 2219 956 2284 fuerint,
988 2233 1053 2272 co
1080 2217 1248 2287 magis
1275 2232 1399 2271 eum
1432 2215 1572 2269 Deus
1598 2215 1797 2269 auxilio
1820 2213 2004 2284 digna-

426 2315 584 2369 bitur.
615 2313 781 2368 Nemo
807 2310 875 2367 de
902 2320 1164 2380 potestate
1193 2308 1292 2363 sibi
1325 2307 1602 2378 magniﬁce
1635 2307 1876 2376 placeat,
1909 2321 2008 2360 nec

425 2410 760 2459 intumescat.
781 2402 957 2456 Locus
982 2401 1122 2455 enim
1154 2409 1236 2455 est
1262 2399 1494 2453 lubricus
1516 2408 1568 2452 et
1599 2412 1853 2468 praeceps,
1879 2412 2004 2452 eos-

422 2511 526 2566 que
549 2494 641 2564 qui
668 2507 774 2546 non
795 2489 1075 2544 attendunt
1101 2489 1346 2543 facillime
1369 2488 1647 2542 subvertit.
1701 2486 1788 2543 16.
1824 2486 2000 2540 Domi-

422 2603 516 2641 nus
566 2581 792 2655 regnabit
833 2583 885 2635 in
929 2590 1172 2635 teternum
1213 2587 1262 2633 et
1300 2580 1354 2632 in
1399 2578 1640 2632 accentum
1665 2579 1857 2633 steculi.
1909 2578 2005 2633 llic

423 2679 711 2750 respondet
750 2678 816 2732 iis
857 2676 945 2748 qui
992 2674 1367 2745 perturbantur
1402 2687 1467 2728 eo
1512 2671 1655 2742 quod
1698 2681 2004 2741 peccatores

423 2792 527 2831 non
578 2773 753 2829 statim
806 2785 989 2841 poenas
1043 2768 1309 2824 dederint.
1362 2766 1498 2835 Quid
1549 2767 1741 2821 times?
1795 2766 1998 2835 inquit;

419 2866 545 2936 quid
589 2863 881 2920 formidas?
926 2861 1059 2916 Num
1094 2859 1259 2931 judex
1285 2869 1366 2913 est
1409 2858 1826 2926 temporaneus?
1874 2872 1998 2911 num

421 2960 579 3015 linem
626 2956 785 3011 habet
833 2969 1056 3023 regnum
1103 2951 1251 3022 ejus?
1297 2951 1408 3005 Etsi
1436 2950 1578 3004 enim
1608 2963 1749 3003 nunc
1778 2963 1883 3003 non
1911 2949 2001 3004 det

418 3064 607 3121 poenas
641 3048 713 3119 (a)
750 3046 860 3120 [qui
898 3045 1092 3100 invasit
1120 3044 1414 3110 dominum,
1438 3044 1526 3112 qui
1556 3052 1636 3097 est
1675 3051 1878 3112 raptor,
1907 3042 1999 3111 qui

416 3139 652 3213 avarus],
681 3139 900 3194 omnino
933 3147 1105 3193 tamen
1131 3135 1297 3192 dabit.
1328 3135 1503 3189 Manet
1524 3137 1663 3191 enim
1691 3136 1779 3205 qui
1808 3134 1993 3203 exigit,

416 3242 469 3286 et
486 3241 669 3302 regnat
696 3241 968 3301 perpetuo.
997 3228 1255 3295 Peribitis,
1279 3220 1468 3298 gentes,
1493 3226 1555 3279 de
1576 3235 1706 3280 terra
1728 3226 1883 3280 illius.
1911 3226 1995 3278 l7.

417 3324 735 3377 Desiderium
770 3336 1049 3395 pauperum
1091 3321 1342 3375 exaudisti
1365 3359 1380 3383 ,
1433 3318 1646 3373 Domine
1675 3334 1694 3372 :
1737 3334 1997 3388 prwpara-

415 3424 598 3476 tionem
629 3419 795 3474 cordis
815 3434 987 3472 eorum
1012 3416 1205 3470 audivit
1229 3416 1367 3468 auris
1394 3424 1498 3467 tua.
1530 3413 1706 3478 Alius,
1743 3411 1990 3483 Proposi-

414 3528 519 3568 tum
542 3513 708 3567 cordis
739 3528 913 3567 eorum
937 3510 1129 3563 audivit
1156 3509 1296 3562 auris
1323 3517 1428 3560 tua.
1460 3507 1608 3560 Alius
1627 3547 1640 3570 ,
1669 3504 1996 3575 Prteparabis

411 3608 567 3662 corda
594 3622 765 3660 eorum
791 3612 843 3657 ut
869 3602 1095 3656 attendat
1120 3601 1259 3653 auris
1285 3609 1391 3653 tua.
1425 3598 1510 3653 18.
1534 3596 1779 3651 Judicare
1796 3596 1993 3667 pupillo

360 3770 363 3773 _
411 3712 457 3754 et
498 3699 713 3763 humili;
761 3706 815 3750 ut
853 3712 955 3749 non
994 3701 1217 3763 apponat
1251 3692 1385 3746 ultra
1415 3690 1743 3760 magniﬁcare
1769 3704 1822 3743 se
1846 3690 1994 3741 homo

408 3807 560 3860 super
586 3798 789 3844 terram.
822 3786 992 3852 Alius,
1020 3783 1086 3839 Ut
1103 3783 1304 3854 judices
1331 3781 1582 3853 pupillum
1603 3790 1648 3834 et
1678 3795 1990 3849 Oppressum.

484 3884 567 3939 Ea:
600 3883 784 3937 divitiis
813 3880 943 3935 male
987 3878 1144 3949 partis
1173 3876 1329 3930 mala.
1358 3903 1429 3914 ——
1471 3873 1635 3928 Vides
1680 3871 1991 3942 prophetam

408 3977 769 4048 improborum
794 3972 1049 4042 majorem
1067 3984 1248 4024 curam
1271 3981 1459 4038 gerere
1482 3965 1506 4018 ?
1529 3964 1620 4019 Est
1638 3965 1778 4019 enim
1803 3976 1990 4018 eorum

409 4070 637 4124 maxime
666 4067 807 4122 male
838 4065 965 4133 pati.
997 4062 1045 4118 ls
1074 4062 1213 4117 enim
1256 4059 1345 4130 qui
1386 4057 1578 4127 injuria
1607 4056 1868 4122 afﬁcitur,
1897 4071 1988 4109 ac-

406 4163 534 4233 cipit
561 4161 810 4216 damnum
833 4156 1072 4229 pecunia:
1106 4172 1118 4207 :
1149 4154 1237 4208 ille
1262 4163 1438 4206 autem
1469 4159 1710 4206 versatur
1738 4150 1788 4202 in
1812 4163 1987 4202 rerum

407 4256 758 4311 maximarum
791 4248 1043 4322 periculo.
1077 4246 1214 4314 Quid
1238 4256 1347 4299 tum
1375 4245 1541 4309 enim,
1568 4244 1611 4297 si
1636 4258 1739 4297 non
1756 4243 1991 4296 sentiunt

408 4348 794 4418 :egritudiuem,
826 4360 930 4415 qua
963 4342 1260 4398 vexantur!
1291 4339 1365 4393 Eo
1390 4337 1557 4407 magis
1583 4335 1778 4390 crescit
1803 4348 1986 4388 eorum

408 4452 614 4509 stupor,
645 4445 699 4491 et
726 4451 791 4491 eo
814 4434 1026 4489 nomine
1054 4433 1220 4502 magis
1247 4438 1457 4499 oportet
1482 4442 1669 4482 eorum
1699 4425 1938 4479 misereri
1970 4440 1984 4476 :

1085 352 1141 404 S.
1181 350 1455 405 JOANNIS
1493 345 1968 404 CllllYSOSTOMI
2011 345 2323 406 AllClllEl‘.
2363 354 2891 414 CONSTANTIXOP.

3616 366 3711 420 140

2130 464 2338 534 adjutor
2367 478 2418 523 et
2448 471 2638 527 vindex
2665 488 2849 528 eorum
2875 516 2888 541 ,
2930 474 3017 544 qui
3057 476 3246 546 injuria
3277 475 3581 531 afﬁciuntur
3608 496 3618 529 :
3656 490 3711 532 ut

2127 564 2181 610 et
2220 556 2275 612 hi
2318 560 2624 630 respirent,
2678 564 2751 618 illi
2792 580 2920 620 vero
2958 568 3310 638 corrigantur.
3364 567 3531 622 Nemo
3576 585 3705 639 ergo

2126 664 2285 719 cpum
2313 660 2368 706 et
2394 652 2698 708 facultatum
2727 658 2935 725 capiam
2973 666 3341 728 persequatur.
3385 658 3541 713 Multa
3574 660 3698 714 hinc

2126 741 2264 795 mala
2288 744 2530 798 oriuntur
2569 746 2632 799 iis
2656 747 2742 817 qui
2785 763 2888 802 non
2914 749 3222 814 attendunt,
3254 751 3551 820 arrogantia
3573 793 3587 813 ,
3619 768 3709 804 so—

2125 833 2341 896 cordia,
2387 836 2583 921 invidia
2609 880 2623 904 ,
2662 854 2794 892 vana
2840 840 3036 909 gloria,
3073 849 3126 895 et
3150 840 3253 893 alia
3285 842 3450 895 multo
3481 840 3562 894 his
3589 856 3704 894 nia-

2118 925 2255 993 jora.
2285 925 2387 980 Sed
2407 937 2461 980 ut
2483 928 2550 982 ab
2577 927 2658 982 his
2679 929 2923 984 omnibus
2945 930 3097 984 malis
3119 930 3441 997 liberemiui,
3465 931 3701 986 radicem

2121 1017 2420 1072 cxscindite
2447 1039 2461 1074 :
2492 1017 2537 1073 si
2568 1020 2709 1073 enim
2752 1035 2814 1074 ca
2854 1036 2957 1075 non
3000 1031 3251 1085 maneat,
3299 1021 3436 1076 mala
3464 1023 3703 1091 germina

2122 1122 2224 1161 non
2258 1108 2535 1178 pullulant.
2588 1109 2652 1163 Et
2681 1109 2802 1165 ideo
2831 1110 2945 1166 haec
2971 1111 3109 1165 dicta
3137 1122 3282 1175 sunt,
3311 1128 3417 1166 non
3444 1114 3613 1167 solum
3646 1121 3704 1168 ut

2119 1196 2393 1252 audiamus
2417 1239 2433 1263 ,
2482 1198 2577 1253 sed
2622 1199 2785 1254 etiam
2813 1209 2871 1254 ut
2896 1202 3262 1272 corrigantur,
3307 1213 3360 1256 et
3400 1203 3617 1257 multam
3649 1204 3701 1258 in

2119 1289 2330 1343 Christo
2354 1289 2481 1344 Jesu
2507 1290 2753 1346 virtutem
2781 1290 3134 1347 exhibeamus
3161 1310 3174 1345 :
3202 1293 3286 1348 cui
3321 1293 3490 1364 gloria
3521 1304 3575 1349 ct
3601 1295 3704 1348 im-

2119 1381 2320 1448 perium
2349 1381 2399 1434 in
2425 1381 2619 1435 saecula
2645 1383 2984 1436 smculorum.
3014 1384 3206 1438 Amen.

2435 1514 2800 1572 EXPOSITIO
2843 1516 2906 1570 IN
2948 1517 3270 1573 PSALBWM
3310 1520 3377 1575 Χ.

2116 1644 2182 1700 In
2220 1648 2372 1717 finem
2419 1647 2602 1703 David.
2649 1649 2821 1716 Alius,
2865 1649 3212 1721 Triumphalia
3262 1649 3468 1708 Doridi.
3516 1654 3690 1721 Alius,

2676 1740 2909 1796 Victoria
2926 1743 3139 1797 auctori.

2188 1857 2237 1910 1.
2268 1857 2337 1909 In
2362 1855 2578 1911 Domino
2601 1857 2801 1926 conﬁdo
2815 1874 2835 1922 ;
2863 1856 3113 1929 quomodo
3142 1857 3316 1910 dicetis
3341 1859 3522 1911 animae
3542 1873 3697 1912 mete:

2118 1945 2443 2016 Transmigra
2480 1948 2532 2001 in
2582 1957 2776 2002 montes
2817 1949 2945 2002 sicut
2987 1948 3202 2018 passer?
3230 1948 3400 2015 Alius,
3428 1947 3608 2003 Transi
3636 1952 3692 2003 in

2114 2048 2305 2093 montes
2336 2039 2465 2093 sicut
2506 2055 2698 2108 passer.
2732 2039 2903 2103 Alius,
2939 2038 3316 2092 Transmovere.
3351 2039 3403 2093 '5.
3440 2037 3697 2103 Quoniam

2111 2149 2223 2187 ecce
2249 2141 2529 2203 peccatores
2577 2131 2900 2186 intenderunt
2933 2147 3128 2197 arcum,
3152 2141 3454 2201 paraverunt
3483 2132 3697 2202 sagittas

2111 2241 2229 2280 suas
2269 2226 2324 2279 in
2362 2224 2618 2294 pharetra,
2657 2233 2713 2278 ut
2750 2224 2984 2294 sagittent
3012 2224 3064 2276 in
3094 2222 3303 2277 obscuro
3330 2232 3492 2278 rectos
3520 2224 3692 2279 corde.

2112 2319 2276 2381 Alius,
2307 2314 2465 2382 Quasi
2487 2315 2542 2369 in
2568 2314 2802 2386 caligine.
2839 2314 3087 2381 Quoniam
3108 2330 3220 2384 qua:
3246 2325 3299 2368 tu
3326 2315 3577 2385 perfeciin
3602 2315 3697 2369 dc-

2109 2417 2422 2464 struxerunt.
2452 2408 2621 2472 Alius,
2648 2407 2897 2473 Quoniam
2921 2407 3051 2476 teges
3077 2406 3337 2461 dissolutae
3363 2414 3497 2459 sunt.
3522 2408 3692 2470 Aiius,

2114 2502 2362 2569 Quoniam
2387 2500 2629 2554 doctrina:
2656 2508 2991 2553 conterentur.
3029 2497 3231 2567 Magna:
3258 2506 3382 2552 sunt
3410 2498 3550 2554 vires
3579 2500 3693 2567 spei

2108 2592 2160 2647 in
2191 2592 2495 2657 Dominum,
2524 2590 2829 2660 praesidium
2871 2589 3014 2659 quod
3060 2603 3165 2644 non
3213 2596 3391 2656 potest
3428 2591 3693 2658 superari,

2109 2693 2294 2754 portus
2348 2682 2696 2752 tranquillus,
2753 2682 2916 2736 turris
2967 2696 3087 2751 qua:
3140 2681 3325 2751 nequit
3373 2683 3692 2751 expugnari,

2107 2793 2254 2832 arma
2298 2776 2675 2847 insuperabilia
2702 2777 2742 2838 ί,
2770 2775 2912 2830 vires
2943 2775 3154 2829 invicta:
3174 2816 3187 2837 ,
3221 2783 3274 2829 et
3303 2789 3423 2844 qua:
3454 2775 3505 2827 in
3534 2776 3695 2829 rebus

2105 2869 2431 2925 difﬁcillimis
2458 2877 2513 2924 et
2539 2867 2964 2938 impeditissimis
3006 2866 3207 2921 exitum
3253 2865 3549 2920 inveniunt.
3590 2866 3695 2920 Per

2104 2978 2222 3016 eam
2245 2962 2475 3016 inermes
2494 2969 2749 3024 armatos,
2778 2967 2832 3014 et
2851 2958 3097 3012 mulieres
3114 2956 3255 3011 viros
3271 2965 3657 3025 superaverunt
3677 2977 3691 3011 :

2104 3066 2155 3109 et
2177 3053 2327 3123 pueri
2357 3051 2421 3106 iis
2441 3052 2531 3122 qui
2554 3049 2606 3104 in
2634 3050 2794 3105 rebus
2813 3048 3017 3104 bellicis
3044 3046 3320 3102 exercitati
3352 3044 3580 3112 fuerant,
3610 3045 3693 3099 fa-

2103 3146 2205 3200 cile
2245 3144 2548 3214 superiores
2585 3141 2750 3196 fuere.
2777 3139 2915 3208 Quid
2952 3140 3147 3193 mirum
3190 3144 3368 3192 autem
3416 3137 3461 3191 si
3510 3138 3692 3192 hostes

2103 3238 2366 3299 vicerunt,
2417 3233 2629 3305 quando
2679 3232 2852 3301 ipsum
2903 3246 3115 3301 quoque
3165 3228 3421 3283 mundum
3468 3244 3693 3297 supera-

2102 3329 2271 3384 runt?
2311 3327 2586 3382 Elementa
2620 3324 2761 3379 enim
2792 3322 3057 3392 propriam
3097 3319 3392 3391 ignorantia
3422 3331 3688 3384 naturam,

2100 3421 2167 3474 ad
2198 3418 2249 3474 id
2276 3417 2418 3489 quod
2466 3427 2581 3472 erat
2624 3416 2727 3469 illis
2758 3413 2908 3479 utile,
2941 3421 3140 3467 mutata
3169 3418 3313 3475 sunt,
3345 3419 3395 3463 et
3425 3407 3550 3463 fera:
3582 3425 3687 3461 non

2080 3522 2253 3569 erant
2297 3510 2524 3581 amplius
2572 3508 2721 3573 fera),
2771 3521 2870 3560 nec
2919 3506 3126 3569 fornax,
3175 3502 3362 3556 fornax
3409 3501 3572 3570 (Dan.
3605 3499 3685 3570 3).

2099 3604 2288 3660 Omnia
2328 3604 2470 3656 enim
2504 3607 2797 3655 commutat
2836 3611 2960 3666 spes
3002 3595 3054 3649 in
3088 3595 3274 3649 Deum.
3306 3592 3504 3647 Dentes
3531 3602 3687 3646 erant

2101 3696 2260 3761 acuti,
2291 3704 2346 3750 et
2370 3702 2549 3748 areius
2578 3706 2786 3754 carcer,
2816 3699 3022 3742 naturae
3062 3684 3396 3749 immanitas,
3428 3691 3483 3738 et
3514 3683 3683 3735 fames

2094 3795 2336 3841 naturam
2371 3785 2584 3840 irritatis
2618 3781 2774 3853 (Dan.
2800 3783 2852 3834 6.
2879 3778 2993 3849 22)
3030 3795 3043 3830 :
3075 3790 3336 3845 nusquam
3365 3783 3542 3827 autem
3567 3783 3686 3825 erat

2097 3881 2234 3953 quod
2280 3895 2374 3936 eas
2421 3885 2631 3933 arceret
2675 3883 2906 3943 septum,
2944 3882 2998 3926 et
3038 3885 3130 3923 ora
3172 3866 3447 3938 propheta:
3472 3865 3680 3933 θοι-ιιι.ιοί

2096 3985 2249 4032 erant
2275 3973 2559 4045 proxima:
2596 3968 2689 4024 scd
2736 3981 2860 4036 spes
2907 3965 2958 4018 in
3004 3963 3193 4023 Deum,
3234 3976 3353 4030 qua:
3382 3967 3465 4012 cst
3490 3956 3682 4026 quovis

2097 4073 2246 4126 freno
2269 4067 2556 4140 potentior,
2587 4066 2641 4117 in
2663 4077 2754 4116 ora
2783 4073 2965 4115 earum
2997 4058 3206 4112 irruens
3228 4095 3242 4121 ,
3274 4068 3366 4108 eas
3393 4061 3538 4107 retro
3567 4060 3680 4104 tra-

2096 4164 2274 4218 hebat.
2307 4159 2506 4214 Eadem
2533 4157 2646 4225 ipse
2671 4167 2881 4223 quoque
2908 4148 3336 4223 pbilosmihatusJ
3370 4144 3581 4199 dicebat
3614 4142 3681 4195 iis

2094 4253 2184 4324 qui
2209 4267 2330 4308 eum
2351 4249 2612 4319 jubebant
2636 4244 2870 4313 effugere
2893 4283 2907 4305 ,
2939 4250 2993 4295 et
3025 4255 3086 4293 ex
3122 4239 3359 4291 locorum
3388 4234 3549 4289 tutela
3578 4232 3677 4285 sibi

2093 4322 2323 4398 salutem
2355 4352 2543 4410 parare
2567 4354 2580 4390 :
2614 4334 2680 4388 In
2709 4332 2925 4386 Domino
2954 4328 3156 4399 conﬁdo
3183 4344 3200 4392 ;
3229 4323 3480 4396 quomodo
3503 4322 3680 4375 dicetis
3732 4346 3749 4357 ι

2091 4436 2278 4490 anima:
2305 4430 2466 4484 metu?
2489 4426 2624 4496 Quid
2664 4421 2846 4479 dicis?
2892 4421 3027 4475 Eum
3071 4417 3159 4488 qui
3204 4424 3287 4471 est
3326 4414 3471 4469 orbis
3521 4420 3680 4466 terrae

409 4536 512 4590 hoc
539 4527 860 4600 imperfecte
892 4525 1084 4580 mentis
1109 4531 1209 4578 est.
1251 4521 1386 4583 Nam
1415 4518 1563 4590 pueri
1593 4517 1753 4572 etiatn
1781 4515 1990 4570 terribi-

2105 4517 2350 4582 Dominus
2370 4561 2387 4589 ,
2418 4521 2586 4575 habeo
2615 4516 2911 4585 adjutorem
2942 4530 2953 4565 :
2998 4527 3118 4566 cum
3146 4509 3235 4579 qui
3266 4506 3458 4575 ubique
3499 4505 3678 4558 omnia

407 4630 537 4684 lium
586 4620 788 4678 nullam
831 4617 1030 4673 ducunt
1072 4613 1362 4677 rationem;
1415 4612 1509 4667 sed
1553 4623 1697 4679 saepe
1731 4608 1891 4663 etiam
1935 4607 1985 4660 in

420 4713 601 4779 ignem
622 4720 813 4760 manus
830 4703 1329 4767 immittunt,larvas
1346 4708 1529 4753 autem
1552 4697 1744 4751 inanes
1762 4690 1996 4749 videndo

421 4804 835 4875 pertimescunt.
870 4798 966 4854 llis
995 4806 1121 4853 sunt
1148 4794 1295 4850 avari
1324 4794 1549 4858 similes,
1583 4794 1674 4862 qui
1702 4796 1994 4861 pauperta-

425 4917 532 4958 tem
568 4899 787 4972 quidem
822 4905 1093 4960 verentur,
1124 4909 1247 4963 qua:
1273 4908 1377 4945 non
1410 4891 1571 4944 modo
1598 4887 1851 4942 terribilis
1884 4900 1995 4939 non

423 5010 527 5063 cst,
559 5000 652 5053 sed
690 4995 1098 5052 fundamentum
1132 4989 1312 5060 potius
1341 4996 1425 5042 est
1453 4984 1765 5041 securitatis
1806 4999 1819 5034 :
1854 4982 1998 5051 inju-

426 5109 538 5153 stas
573 5107 752 5151 autem
784 5092 1022 5154 divitias,
1054 5098 1107 5143 et
1133 5088 1432 5143 alienorum
1466 5084 1735 5138 bonorum
1766 5080 2001 5134 invasio-

430 5213 550 5249 ncm
582 5193 736 5247 multi
768 5190 996 5253 faciunt,
1033 5186 1176 5256 quod
1202 5190 1283 5239 est
1309 5182 1500 5251 quovis
1530 5179 1652 5250 igne
1682 5177 1998 5233 terribilius.

433 5294 658 5361 Semper
678 5290 823 5345 enim
856 5286 1056 5341 malum
1081 5290 1163 5339 est
1191 5280 1437 5334 avaritia.
1469 5276 1533 5330 Ut
1556 5292 1620 5330 ea
1647 5292 1772 5345 ergo
1793 5274 2001 5328 exscin-

431 5388 614 5449 ctatur,
673 5395 887 5452 seraper
943 5384 1100 5447 rogat
1152 5372 1432 5445 prepheta,
1486 5368 1720 5430 minans,
1774 5376 2000 5428 terrens,

2093 4619 2246 4675 facile
2276 4613 2481 4686 peragit
2504 4610 2676 4666 habeo
2704 4607 2916 4669 ducem,
2946 4612 3000 4658 et
3025 4618 3056 4657 a
3094 4600 3330 4672 partibus
3362 4597 3495 4651 meis
3525 4604 3677 4649 stan—

2092 4722 2239 4768 tcm:
2271 4717 2326 4764 et
2361 4721 2448 4761 me
2488 4702 2655 4758 mittis
2700 4699 2767 4753 ad
2810 4706 3011 4752 terram
3049 4689 3472 4753 inhabitabilem,
3514 4696 3569 4741 et
3611 4701 3677 4739 ex

2091 4801 2378 4860 solitudine
2425 4796 2729 4854 cautionem
2767 4785 3098 4858 comparas?
3138 4784 3375 4854 Majusne
3413 4780 3575 4835 fuerit
3610 4794 3679 4832 ex

2093 4896 2379 4954 solitudine
2418 4889 2696 4952 auxilium,
2745 4897 2904 4954 quam
2932 4896 2996 4936 ex
3036 4894 3123 4946 eo,
3152 4878 3241 4948 qui
3281 4873 3458 4929 ontnia
3501 4878 3682 4943 potest

2090 5007 2249 5064 quam
2287 4986 2534 5043 facillime
2566 4980 2710 5056 (Job
2734 4977 2826 5033 49..
2851 4976 2885 5029 9.
2908 4974 2965 5047 )?
3014 4971 3150 5038 Quid
3194 4984 3286 5064 me
3308 4964 3474 5064 probe
3503 4979 3680 5064 arma-

2094 5056 2226 5151 tum,
2260 5093 2528 5150 tamquam
2557 5073 2755 5130 nudum
2800 5079 2855 5125 et
2902 5068 3182 5129 inermem,
3224 5061 3289 5115 ad
3334 5058 3512 5130 fugam
3539 5056 3677 5110 inci-

2094 5190 2196 5244 tas,
2214 5148 2280 5231 vet
2320 5148 2697 5239 transmigrare
2731 5163 2889 5234 jubcs
2913 5161 2934 5213 ?
2959 5160 3168 5228 Ergone
3194 5170 3314 5210 cum
3342 5151 3557 5221 quidem
3585 5148 3675 5220 qui

2095 5270 2251 5325 habet
2271 5263 2583 5325 exercitum,
2609 5255 2885 5323 murisque
2911 5260 2964 5306 ct
2994 5250 3158 5304 armis
3182 5247 3415 5301 munitus
3442 5252 3543 5310 est,
3566 5258 3675 5295 non

2090 5364 2309 5434 juberes
2353 5357 2532 5428 fugere
2579 5353 2631 5406 in
2673 5350 2972 5409 desertum,
3017 5342 3113 5399 sed
3141 5338 3396 5395 videreris
3422 5332 3679 5390 ridiculus

673 5428 783 5439 η.--
830 5428 877 5435 --
1152 5428 1167 5445 ,
1252 5428 1267 5442 ,
1421 5428 1431 5435 ,
1709 5428 1714 5430 ν
2090 5428 2107 5434 ,

435 5475 606 5529 Deum
628 5428 825 5541 rogans
848 5478 906 5524 ut
926 5466 1264 5537 exsurgatad
1287 5457 1612 5532 puniendum
1634 5458 1789 5512 talem
1810 5456 2004 5511 mentis
2094 5468 2213 5511 esse
2242 5453 2286 5505 si
2314 5449 2431 5502 haec
2456 5443 2766 5499 consuleres
2800 5456 2812 5492 :
2846 5451 2970 5493 eum
2995 5443 3171 5536 autem
3198 5430 3284 5500 (Ιυί
3316 5428 3476 5530 Ῑξδῖξει
3496 5442 3677 5528 sfw“

435 5575 737 5635 stuporem.
763 5561 827 5615 Et
848 5561 968 5615 ideo
990 5555 1271 5628 subjungit
1291 5553 1478 5608 dicens
1506 5570 1518 5604 :
1543 5547 1789 5604 Peribitis
1811 5557 2001 5618 gentes,

437 5661 500 5712 de
528 5611 851 5718 t'ei'raitlius,
881 5652 1095 5706 minans
1119 5649 1225 5704 illis
1249 5646 1551 5710 interitum,
1574 5652 1625 5698 et
1647 5659 1840 5714 rogans
1863 5651 1917 5697 ut
1939 5642 2008 5697 sit
2093 5640 2289 5700 silium,
2322 5641 2378 5689 ct
2400 5629 2568 5701 jubes
2611 5622 2989 5690 transmigrare
3030 5624 3245 5688 propter
3284 5611 3502 5678 bellum,

505 5846 578 5910 (a)
606 5847 723 5907 Quae
751 5835 942 5892 uncinis
968 5837 1260 5887 clauduntur
1284 5834 1335 5883 in
1361 5833 1526 5884 Graeco
1553 5830 1749 5881 desunt.

1704 6020 1727 6057 /

2093 5546 2239 5601 orbis
2263 5550 2422 5597 terra:
2458 5533 2760 5595 Dominum,
2805 5525 3151 5588 exterminas,
3185 5528 3240 5576 et
3282 5520 3448 5574 mittis
3512 5518 3562 5572 in
3587 5534 3671 5572 cx-

3534 5609 3677 5681 quod

2160 5797 2175 5828 ί
2212 5799 2293 5842 tlte
2316 5798 2478 5846 voces,
2504 5792 2642 5834 arma
2666 5768 3023 5839 insuperabilia,
3047 5767 3223 5818 desunt
3246 5768 3295 5816 in
3317 5760 3458 5814 savii.
