4084 6278
347 404 450 459 159

339 520 643 576 λέλειπται
674 523 708 574 ό
736 523 1000 591 πτωχὸς,
1045 523 1283 593 ὀρφανῷ
1328 526 1409 578 σὺ
1451 523 1611 596 ἦσθα
1655 529 1901 594 βοηθός.

344 608 566 672 ¹Ἄλλος,
612 608 696 661 Σὺ
737 607 964 676 ἐγένου.
1008 612 1232 678 Ἀλλος,
1279 614 1362 667 Σὺ
1408 614 1542 684 ἔσῃ.
1586 618 1651 668 ὐ
1679 615 1735 668 δὲ
1760 616 1907 684 λέγει

337 693 577 747 τοιοῦτόν
604 696 750 747 ἐστιν
766 712 779 724 ·
798 696 968 750 Τοῦτο
993 698 1151 769 ἔργον
1185 700 1292 763 σὸν,
1313 700 1469 754 τοῦτο
1491 700 1766 772 ἐξαίρετον
1794 703 1905 759 σόν.

341 781 453 834 Ούκ
484 781 551 834 ἂν
571 779 626 833 δὲ
658 781 719 834 τὸ
742 782 935 836 ἑαυτοῦ
966 785 1135 852 εἴασε,
1166 787 1259 840 καὶ
1303 786 1641 862 προύδωκεν.
1682 788 1767 851 Ὠς
1802 789 1908 858 γὰρ

339 865 581 935 τεχνίτου
603 866 665 918 τὸ
689 868 1008 939 οἰκοδομεῖν,
1048 872 1141 924 καὶ
1189 871 1523 944 κυϐερνήτου
1563 874 1625 927 τὸ
1667 873 1909 927 εὐθύνειν

339 952 401 1003 τὸ
423 953 648 1021 σκάφος,
696 955 791 1008 καὶ
821 956 972 1026 ἡλίου
1001 958 1061 1010 τὸ
1100 959 1353 1028 φωτίζειν
1383 978 1396 990 ·
1429 960 1570 1013 οὕτω
1596 962 1660 1033 δὴ
1695 962 1789 1015 καὶ
1819 962 1910 1015 σὸν

338 1038 401 1089 τὸ
431 1038 685 1108 ὀρφανῶν
715 1042 1094 1111 προΐστασθαι,
1124 1044 1185 1097 τὸ
1217 1047 1451 1115 πτωχοῖς
1492 1050 1650 1118 χεῖρα
1677 1048 1906 1119 ὀρέγειν.

341 1124 531 1187 Οὐδεὶς
559 1125 701 1179 οὕτω
729 1130 1042 1200 προστάτης
1078 1130 1304 1195 τούτων,
1337 1132 1474 1185 ἀλλὰ
1508 1135 1573 1187 σύ
1628 1133 1806 1204 μόνος.
1838 1134 1910 1186 Τὸ

339 1217 473 1283 γάρ,
518 1212 1093 1285 Ἐγκαταλέλειπται,
1117 1219 1273 1272 τοῦτο
1306 1221 1652 1292 παρίστησιν.
1700 1221 1907 1285 Οὐδεὶς,

340 1299 527 1369 φησὶν,
562 1299 741 1367 ἄλλος,
777 1303 911 1356 ἀλλά
938 1305 1002 1357 σὺ
1047 1305 1205 1375 μόνος
1260 1307 1510 1378 ὀρφανῶν
1542 1309 1636 1362 καὶ
1679 1309 1911 1379 πτωχῶν

340 1386 672 1458 προστάτης.
723 1390 1066 1458 Σύντριψον
1107 1391 1213 1444 τὸν
1251 1393 1551 1461 βραχίονα
1585 1394 1692 1448 τοῦ
1727 1395 1910 1463 ἁμαρ-

340 1472 536 1526 τωλοῦ
552 1474 651 1526 καί
678 1476 963 1542 πονηροῦ.
999 1475 1047 1546 [1
1065 1476 1571 1546 ιεῙΖητηθήσεται
1594 1482 1632 1548 ἡ
1661 1482 1914 1549 ἁμαρτία

340 1558 554 1620 αὑτοῦ,
592 1560 690 1615 καί
721 1563 794 1615 οὐ
822 1561 909 1630 μὴ
959 1562 1175 1631 εὐρεθῇ
1199 1564 1273 1616 δι’
1303 1565 1515 1633 αὑτήν.
1542 1567 1752 1630 Ἀλλος,
1793 1568 1913 1620 Ἐκ-

340 1643 641 1711 ζὴτηθήτω
659 1647 697 1714 ή
723 1647 964 1701 ἀσέϐεια
989 1650 1198 1712 αὑτοῦ,
1231 1650 1332 1702 ἵνα
1353 1649 1439 1719 μὴ
1474 1651 1688 1720 εὑρεθῇ
1708 1654 1909 1719 αὐτός.

342 1731 459 1801 Οὐχ
490 1726 805 1796 ἁπλῶςτὸν
846 1735 1169 1806 ἁμαρτωλὸν
1208 1737 1350 1803 ἀξιοῖ
1382 1739 1749 1809 συντριϐῆναι,
1778 1740 1915 1794 ἀλλὰ

339 1815 443 1887 τὴν
484 1818 658 1888 ἰσχύν,
686 1819 786 1891 τὴν
805 1820 1144 1887 δυναστείαν,
1172 1822 1234 1875 τὸ
1265 1823 1597 1895 ὑπέκκαυμα
1626 1825 1791 1879 αὐτοῦ
1814 1827 1914 1896 τῆς

343 1904 645 1974 πονηρίαςο
675 1902 793 1959 εἶτα
828 1906 971 1973 ἀξιοῖ
996 1907 1223 1972 εὐθύνας
1273 1911 1435 1964 αὐτὸν
1478 1913 1767 1983 ὑποσχεῖν,
1822 1914 1916 1968 καὶ

341 1988 502 2057 λόγον
520 1990 699 2045 δοῦναι
714 1992 822 2046 τῶν
838 1995 1260 2067 πεπραγμένων,
1277 1999 1370 2051 καὶ
1386 1998 1598 2063 δεικνὺς
1614 2000 1676 2053 τὸ
1690 2001 1914 2071 μέγεθος

341 2078 444 2145 τῆς
477 2077 688 2142 ἀδικίας
719 2080 879 2150 φησίν
900 2093 917 2110 ⁶
953 2083 1051 2134 Ἂν
1079 2081 1241 2136 τοῦτο
1284 2085 1542 2155 γένηται,
1576 2088 1696 2141 οὐδὲ
1723 2089 1915 2159 στῆναι

340 2161 655 2233 δυνήσεται,
687 2166 809 2220 οὐδὲ
843 2171 1109 2236 φανεῖται,
1141 2169 1257 2223 ἀλλ’
1282 2172 1586 2237 ἀπολεῖται,
1609 2175 1912 2245 οἰχήσεται,

344 2250 643 2322 πρόρριζος
688 2253 1132 2326 ἀφανισθήσεται,
1176 2258 1286 2311 τῶν
1320 2260 1720 2331 πεπραγμένων
1768 2261 1917 2332 αὐτῷ

342 2337 767 2408 ἐξεταζομένων.
803 2341 1001 2412 Μηδεὶς
1021 2340 1113 2398 οὖν
1127 2346 1393 2416 ὀρφανίαν
1413 2348 1699 2418 θρηνείτω,
1731 2350 1917 2419 μηδεὶς

346 2426 641 2493 πτωχείαν.
678 2427 826 2499 Ὀσῳ
853 2429 960 2501 γὰρ
986 2430 1051 2483 ἂν
1078 2432 1411 2504 ἐπιτείνηται
1445 2435 1644 2498 ταῦτα,
1679 2436 1916 2506 τοσούτῳ

343 2509 419 2562 τὰ
450 2510 549 2580 τῆς
594 2511 846 2584 βοηθείας
877 2516 1242 2589 αὐξηθήσεται
1283 2521 1376 2573 τοῦ
1406 2520 1561 2574 Θεοῦ.
1596 2521 1797 2591 Μηδεὶς
1825 2522 1916 2598 ἐπὶ

343 2598 635 2672 δυναστείᾳ
670 2603 1153 2674 μεγαλοφρονείτω,
1187 2609 1321 2679 μηδὲ
1339 2608 1616 2678 φυσάσθω.
1655 2611 1904 2680 Ἐπισφα-

344 2686 439 2751 λές
462 2689 572 2758 γάρ
604 2691 762 2744 τοῦτο
796 2692 856 2745 τὸ
876 2696 1075 2766 χωρίον
1103 2696 1195 2749 καὶ
1219 2698 1626 2769 κατάκρημνον,
1677 2701 1769 2753 καὶ
1794 2702 1919 2763 τούς

350 2774 430 2846 μὴ
465 2776 825 2846 προσέχοντας
875 2782 1195 2853 περιτρέπει
1243 2788 1360 2855 μετ’
1407 2787 1652 2849 εὐκολίας
1698 2786 1916 2857 πολλῆς.

345 2864 716 2918 Βασιλεὺσει
773 2867 988 2936 Κύριος
1032 2871 1121 2935 είς
1161 2871 1267 2924 τὸν
1302 2869 1488 2926 αἰῶνα
1528 2873 1626 2925 καὶ
1677 2875 1765 2939 είς
1815 2874 1921 2927 τὸν

343 2948 539 3003 αἰῶνα
582 2951 688 3005 τοῦ
723 2952 958 3021 αίῶνος.
1016 2957 1277 3011 Ἐνταῦθα
1306 2960 1440 3030 πρὸς
1486 2961 1610 3024 τούς
1656 2960 1919 3032 θορυϐου-

352 3036 551 3106 μένους
586 3038 681 3091 καὶ
704 3041 1173 3113 ταραττομένους,
1212 3044 1300 3098 διὰ
1330 3046 1393 3098 τὸ
1431 3047 1505 3118 μὴ
1537 3047 1716 3101 δοῦναι
1769 3047 1921 3118 δίκην

348 3120 561 3186 εὐθέως
605 3125 730 3188 τούς
758 3127 1194 3198 ἁμαρτάνοντας,
1240 3132 1614 3203 ἀποκρίνεται.
1645 3134 1745 3206 Τί,⁵
1765 3136 1920 3204 φησὶ,

350 3209 531 3280 φο6ῇ;
564 3211 618 3263 τί
637 3211 916 3278 δέδοικας;
951 3216 1041 3287 Μὴ
1078 3217 1188 3289 γὰρ
1211 3220 1541 3292 πρόσκαιρος
1569 3223 1598 3275 ὀ
1625 3223 1920 3293 δικαστήςς

352 3297 434 3366 μὴ
482 3297 591 3368 γάρ
632 3299 782 3363 τέλος
831 3300 942 3370 ἔχει
980 3304 1049 3356 τά
1086 3305 1183 3375 τῆς
1230 3306 1506 3376 βασιλείας
1556 3309 1754 3376 αὐτοῦ;
1808 3309 1925 3363 Κᾶν

355 3384 433 3453 μὴ
461 3384 556 3437 νῦν
584 3385 679 3455 δῷ,
712 3386 871 3440 δώσει
909 3388 1142 3454 πάντως.
1161 3392 1327 3446 Μένει
1359 3392 1466 3466 γὰρ
1491 3396 1518 3447 ὀ
1539 3396 1803 3458 ἀπαιτῶν,
1835 3399 1927 3450 καὶ

354 3472 632 3541 βασιλεύει
663 3475 943 3546 διηνεκῶς.
993 3483 1360 3547 Ἀπολεῖσθε,
1388 3483 1553 3553 ἔθνη,
1581 3485 1649 3538 ἐκ
1670 3484 1778 3555 τῆς
1813 3485 1927 3556 γῆς

352 3561 566 3616 αὑτοῦ.
600 3563 717 3630 Τὴν
730 3565 1052 3635 ἐπιθυμίαν
1076 3569 1196 3624 τῶν
1222 3570 1494 3636 πενήτων
1537 3572 1925 3641 εὶσήκουσας,

352 3647 562 3715 Κύριε·
597 3649 712 3718 τὴν
735 3652 1086 3720 ἐτοιμασίαν
1106 3656 1217 3724 τῆς
1233 3659 1480 3727 καρδίας
1519 3659 1719 3713 αὐτῶν
1746 3674 1930 3729 προσ-

355 3732 509 3802 ἐσχε
541 3738 606 3788 τὸ
639 3733 750 3805 οὖς
780 3754 918 3796 σου.
956 3743 1168 3807 Ἀλλος,
1190 3747 1307 3813 Τὴν
1334 3749 1622 3812 πρόθεσιν
1646 3745 1756 3814 τῆς
1787 3743 1929 3815 mp-

357 3821 497 3888 δίας
517 3824 717 3880 αὐτῶν
746 3829 1085 3907 ἠκροάσατο
1118 3835 1182 3883 τὸ
1207 3828 1312 3897 οὖς
1336 3849 1472 3886 σου.
1502 3832 1713 3899 Ἄλλος,
1748 3835 1930 3887 Ἑτοι-

354 3909 579 3979 μάσεις
601 3914 849 3983 καρδίας
873 3917 1071 3971 αὐτῶν
1086 3919 1410 3987 προσέχειν
1435 3916 1543 3985 οὖς
1571 3936 1706 3974 σου.
1730 3920 1932 3988 Κρῖναι

364 3996 606 4067 ὀρφανῷ
662 4003 760 4055 καὶ
807 4003 1082 4070 ταπεινῷ,
1128 4005 1228 4058 ἵνα
1277 4004 1361 4073 μὴ
1413 4005 1646 4075 προσθῇ
1696 4007 1780 4061 ἐτι
1828 4007 1933 4061 τοῦ

354 4089 767 4158 μεγαλαυχεῖν
791 4090 1098 4159 ἄνθρωπος
1132 4093 1229 4145 ἐπὶ
1251 4092 1360 4161 τῆς
1392 4092 1522 4163 γῆς.
1559 4094 1767 4160 Ἀλλος,
1799 4095 1934 4164 Κρῖ-

361 4192 467 4228 ναι
491 4175 731 4245 ὀρφανῷ
758 4178 857 4231 καί
889 4180 1291 4249 τεθλασμένῳ.

449 4263 612 4334 Ὁρᾷς
653 4265 744 4318 τὸν
780 4269 1060 4338 προφήτην
1098 4268 1188 4321 τὸν
1228 4267 1445 4323 πλείονα
1486 4269 1640 4337 λόγον
1676 4269 1814 4340 ὑπὲρ
1841 4270 1938 4340 τῆς

360 4348 477 4403 τῶν
513 4351 765 4423 πονηρῶν
813 4355 1126 4425 ἐπιμελείας
1167 4355 1526 4425 ποιούμενον;
1579 4355 1793 4410 Τούτων
1831 4356 1939 4429 γὰρ

368 4437 608 4509 μάλιστα
624 4439 686 4491 τὸ
713 4440 897 4504 κακῶς
935 4444 1182 4513 πάσχειν.
1214 4441 1303 4512 Τῷ
1333 4444 1431 4513 μὲν
1471 4443 1578 4515 γάρ
1606 4442 1941 4514 ἀδικουμένῳ

364 4526 668 4597 χρημάτων
693 4529 728 4599 ή
754 4529 944 4599 ζημία,
973 4531 1050 4600 τῷ
1076 4531 1133 4584 δὲ
1156 4533 1281 4602 περὶ
1306 4531 1415 4584 τῶν
1442 4533 1683 4602 ἐσχάτων
1708 4535 1736 4585 ὁ
1762 4533 1942 4586 κίνδυ-

366 4629 479 4676 νος.
500 4613 566 4666 Τί
588 4613 716 4684 γάρ,
742 4617 789 4668 εί
806 4617 897 4669 καί
916 4617 989 4689 μὴ
1006 4616 1347 4671 αἰσθάνονται
1374 4619 1472 4688 τῆς
1493 4619 1800 4690 ἀρρωστίας
1816 4619 1942 4673 ἔνθα

366 4700 538 4766 είσίν;
571 4699 846 4764 Ἐπίτασις
866 4704 1022 4755 τοῦτο
1041 4704 1410 4772 ἀναισθησίας·
1440 4706 1533 4757 καὶ
1555 4705 1642 4757 διὰ
1661 4705 1813 4759 τοῦτο
1842 4708 1944 4776 μὰρ

368 4788 527 4839 λιστα
547 4788 743 4852 αὐτοὺς
767 4790 871 4860 χρὴ
889 4792 1077 4842 ἐλεεῖν·
1095 4790 1252 4843 τοῦτο
1277 4791 1496 4854 ἀτελοῦς
1523 4791 1774 4854 διανοίας.
1794 4793 1944 4845 Ἐπεὶ

372 4876 466 4932 καὶ
494 4874 563 4928 τὰ
587 4876 773 4930 παιδία
798 4878 905 4931 τῶν
937 4878 1036 4949 μὲν
1063 4878 1305 4951 φοϐερῶν
1331 4878 1517 4931 οὐδένα
1544 4879 1818 4933 ποιοῦνται
1856 4880 1943 4933 λό-

371 4979 489 5030 γον,
523 4961 662 5016 άλλά
692 4964 785 5016 καὶ
830 4965 963 5035 πυρὶ
1010 4964 1267 5027 πολλάκις
1304 4967 1566 5033 ἐπαφιᾶσι
1598 4965 1697 5023 τὰς
1735 4968 1941 5036 χεῖρας,

374 5054 694 5121 προσωπεῖα
746 5053 803 5106 δέ
868 5052 1088 5107 διάκενα
1143 5053 1463 5106 δεδίττονται
1512 5055 1603 5107 καὶ
1654 5054 1945 5124 τρέμουσιν

372 5139 603 5207 ὁρῶντα.
630 5138 852 5203 Τούτοις
893 5139 1133 5192 ἐοίκασιν
1173 5141 1223 5192 οἱ
1255 5139 1600 5203 πλεονέκται,
1630 5140 1818 5192 πενίαν
1848 5143 1946 5210 μὲν

372 5228 625 5294 δεδιότες,
646 5230 783 5301 ὅπερ
808 5230 908 5283 οὐκ
935 5229 1048 5282 ἔστι
1070 5228 1316 5300 φοϐερὸν,
1336 5228 1470 5283 ἀλλά
1495 5230 1587 5281 καὶ
1620 5229 1921 5298 ἀσφαλείας

376 5318 405 5369 ὐ
414 5317 651 5380 πόθεσιςο
676 5318 902 5372 πλοῦτον
917 5318 971 5371 δὲ
983 5318 1163 5372 ἄδικον
1184 5321 1275 5372 καὶ
1293 5318 1601 5382 πλεονεξίαν
1614 5334 1680 5370 πε
1688 5317 1742 5389 ρὶ
1753 5316 1946 5371 πολλοῦ

380 5401 721 5473 ποιούμενοι,
751 5402 780 5456 ὃ
808 5404 978 5473 πυρός
1006 5405 1123 5457 ἐστι
1163 5405 1361 5467 παντὸς
1390 5404 1778 5476 φοϐερώτερον.
1805 5406 1947 5459 Παν-

377 5488 543 5559 ταχοῦ
569 5489 677 5559 γάρ
697 5492 731 5560 ἠ
757 5490 1033 5554 πλεονεξία
1065 5494 1255 5544 κακόν.
1275 5491 1488 5561 Ταύτην
1513 5491 1688 5544 τοίνυν
1706 5490 1793 5544 διά
1819 5507 1949 5543 παν-

376 5576 464 5639 τὸς
490 5577 791 5646 ἐκκοπῆναι
826 5579 1128 5648 παρακαλεί
1154 5582 1183 5631 ὁ
1217 5580 1521 5650 Προφήτης,
1555 5568 1809 5645 ἀπειλῶν,
1849 5595 1949 5645 φοι⁵

381 5664 511 5727 ϐῶν,
538 5664 631 5716 τὸν
657 5664 788 5717 Θεὸν
823 5665 1152 5735 παρακαλῶν
1172 5667 1263 5717 ἐπὶ
1291 5665 1387 5734 τὴν
1417 5665 1634 5718 κόλασιν
1657 5666 1948 5735 ἀναστῆναι

382 5751 475 5819 τῆς
494 5749 748 5820 τοιαύτης
766 5751 1114 5821 ἀναλγησίας.
1136 5751 1225 5804 Διὸ
1250 5752 1341 5803 καὶ
1368 5752 1560 5819 ἐπάγει
1579 5751 1769 5819 λέγων’
1789 5753 1950 5807 Ἀπο-

386 5839 610 5907 λεῖσθε,
629 5839 791 5909 ἔθνη,
813 5840 878 5894 ἐκ
898 5839 1005 5909 τῆς
1022 5839 1132 5909 γῆς
1152 5840 1354 5908 αὐτοῦ,
1378 5841 1748 5913 πανωλεθρίαν
1771 5842 1949 5904 αὐτοῖς

1473 407 1834 466 EXPOSITIO
1872 409 1939 464 IN
1979 410 2312 468 PSALMUM
2346 414 2413 469 Χ.

3474 420 3582 476 NO

2014 530 2270 595 ἀπειλῶν,
2309 532 2402 585 καὶ
2435 531 2598 596 ἀξιῶν
2627 530 2875 599 γενέσθαι
2902 529 3089 601 βοηθὸν
3120 530 3212 583 καὶ
3244 529 3452 584 ἔκδικον
3477 539 3586 587 τών

2013 617 2401 687 ἀδικουμένων,
2416 618 2554 671 ὥστε
2576 619 2667 671 καὶ
2682 617 2903 681 τούτους
2932 616 3282 682 ἀναπνεῦσαι,
3304 618 3586 684 κάκείνους

2017 704 2468 774 σωφρονισθῆναι.
2522 705 2725 775 Μηδεὶς
2758 704 2935 759 τοίνυν
2987 705 3229 758 διωκέτω
3287 706 3585 776 χρημάτων

2016 790 2354 858 περιουσίαν.
2412 791 2587 845 Πολλά
2642 792 2897 845 ἐντεῦθεν
2946 793 3059 854 τοῖς
3117 791 3191 862 μὴ
3260 793 3587 862 προσέχουσι

2015 876 2448 931 τίκτεταικακά·
2482 879 2732 941 ἀπόνοια,
2764 879 3024 949 ῥᾳθυμία,
3055 878 3266 948 φθόνος,
3294 878 3586 943 κενοδοξία,

2020 961 2170 1033 1115]
2226 964 2321 1017 καὶ
2372 964 2535 1038 ἐτερα
2579 965 2758 1036 πολλῷ
2798 965 3018 1019 πλείονα
3053 965 3278 1020 τούτων.
3326 966 3465 1019 Ἀλλ’
3501 967 3586 1020 ἵνα

2016 1049 2369 1120 ἀπαλλαγῆτέ
2403 1051 2606 1105 τούτοιν
2649 1054 2924 1115 ἀπάντων,
2953 1052 3051 1123 τὴν
3083 1052 3237 1123 ῥίζαν
3272 1054 3537 1122 ἐκκόψατε
3569 1069 3584 1083 ⁸

2021 1134 2095 1204 μὴ
2138 1136 2404 1207 μενούσης
2441 1139 2550 1207 γὰρ
2602 1139 2793 1209 αὐτῆς,
2842 1140 2903 1191 οὐ
2933 1138 3219 1209 βλαστάνει
3264 1139 3334 1192 τά
3377 1141 3588 1210 πονηρά

2020 1221 2390 1294 βλαστήματα.
2445 1226 2544 1278 Διά
2589 1224 2747 1279 τοῦτο
2804 1227 2897 1280 καὶ
2942 1227 3114 1279 ταῦτα
3179 1226 3431 1298 εἴρηται,
3490 1228 3588 1296 οὐχ

2023 1309 2108 1363 ἵνα
2135 1311 2423 1382 ἀκούωμεν
2449 1313 2643 1383 μόνον,
2690 1314 2804 1367 ἀλλ’
2844 1315 2931 1367 ἵνα
2980 1316 3072 1367 καὶ
3104 1314 3464 1386 διορθὼμεθα,
3496 1318 3590 1367 καὶ

2019 1395 2218 1466 πολλὴν
2245 1398 2344 1467 τὴν
2380 1398 2578 1469 ἀρετὴν
2604 1401 2662 1452 ἐν
2684 1400 2904 1471 Χριστῷ
2943 1400 3117 1472 Ἰησοῦ
3152 1400 3548 1469 ἐπιδειξὼμεθα
3573 1418 3586 1431 ·

2018 1477 2063 1551 ᾧ
2092 1486 2125 1553 ὴ
2152 1483 2279 1549 δόξα
2306 1486 2401 1539 καὶ
2434 1487 2494 1539 τὸ
2523 1488 2723 1557 κράτος
2753 1489 2833 1554 είς
2852 1490 2976 1547 τούς
2999 1488 3202 1552 αἰῶνας
3231 1488 3337 1541 τῶν
3357 1488 3585 1543 αἰώνων.

2034 1574 2230 1643 Ἀμήν.

2460 1660 2567 1712 ΕΙΣ
2597 1659 2729 1713 TON
2761 1661 2797 1713 I'
2827 1662 3144 1714 ΨΑΛΜΟΝ.

2022 1744 2127 1807 Είς
2178 1743 2241 1796 τὸ
2298 1743 2473 1809 τέλος
2510 1743 2589 1815 τῷ
2637 1746 2835 1815 Δαυΐδ.
2891 1747 3100 1809 Ἀλλος,
3164 1748 3481 1815 Ἐπινίκιος
3514 1747 3592 1813 τῷ

2359 1813 2561 1867 Δαυΐδ.
2589 1814 2800 1879 Ἄλλος,
2844 1815 2927 1881 Τῷ
2956 1816 3256 1882 νικοποιῷ.

2092 1898 2161 1952 α’.
2182 1899 2305 1953 Ἐπὶ
2331 1899 2412 1965 τῷ
2438 1902 2632 1969 Κυρίῳ
2657 1900 2929 1957 πέποιθα”
2961 1903 3086 1970 πῶς
3114 1904 3296 1972 ἐρεῖτε
3317 1902 3389 1971 τῇ
3420 1903 3593 1972 ψυχῇ

2017 2003 2136 2055 μου
2160 2002 2174 2016 ’
2204 1989 2664 2042 Μεταναστεύου
2692 1989 2791 2042 ἐπί
2836 1990 2910 2044 τὰ
2958 1991 3064 2059 ὀρη
3094 1991 3177 2058 ὠς
3227 1992 3549 2059 στρουθίον
3571 2006 3592 2053 ;

2028 2072 2218 2135 ’Ἄλλος
2238 2113 2254 2136 ,
2296 2073 2650 2128 Ἀναστατοῦ
2698 2078 2787 2141 είς
2837 2076 2912 2131 τὰ
2958 2077 3064 2146 ὄρη
3110 2079 3192 2145 ὡς
3252 2079 3592 2146 στρουθίον.

2026 2159 2240 2222 Ἀλλος,
2266 2160 2617 2215 Μετακινοῦ.
2643 2162 2773 2217 ’Ὁτι
2798 2163 2927 2217 ίδοὺ
2955 2168 3008 2218 οί
3022 2165 3354 2233 ἁμαρτωλοὶ
3381 2164 3596 2218 ἐνέτειν-

2023 2261 2139 2301 ναν
2164 2246 2374 2311 τόξον,
2422 2248 2758 2317 ἡτοίμασαν
2790 2248 2949 2318 ,βέλη
2992 2253 3080 2316 είς
3122 2250 3451 2320 φαρέτραν,
3485 2250 3593 2304 τοῦ

2023 2336 2460 2400 κατατοξεῦσαι
2481 2338 2551 2391 ἐν
2577 2339 2920 2408 σκοτομήνῃ
2948 2339 3090 2405 τοὺς
3116 2340 3304 2407 εὐθεῖς
3343 2339 3419 2407 τῇ
3458 2356 3595 2408 καρ-

2024 2423 2142 2490 δίᾳ.
2170 2424 2385 2489 Ἄλλος,
2434 2426 2526 2491 Ὠς
2565 2426 2636 2479 ἐν
2677 2424 2851 2496 ζόφῳ.
2882 2428 3012 2481 ’Ὅτι
3048 2428 3190 2482 ᾰσὺ
3234 2430 3589 2497 κατηρτίσω,

2024 2514 2191 2567 αὐτοὶ
2215 2514 2511 2569 καθεῖλον.
2559 2515 2771 2579 Ἀλλος,
2805 2518 2926 2570 Ὅτι
2953 2520 3007 2570 ot
3030 2518 3237 2587 θεσμοὶ
3267 2518 3596 2585 κατελύθη-

2026 2616 2166 2655 σαν.
2187 2602 2400 2665 Ἀλλος,
2422 2604 2552 2656 ’Ὁτι
2576 2606 2637 2658 αἱ
2668 2604 3049 2660 διδασκαλίαι
3071 2605 3594 2674 συντριϐήσονται.

2026 2689 2250 2759 Μεγάλη
2274 2689 2372 2759 τῆς
2399 2690 2491 2743 ἐπὶ
2516 2690 2606 2743 τὸν
2638 2691 2841 2762 Κύριον
2876 2691 3087 2757 ἐλπίδος
3110 2695 3142 2763 ἡ
3163 2693 3412 2764 δύναμις,
3432 2694 3595 2764 φρούο

2032 2792 2143 2845 ριον
2198 2774 2516 2847 ἀχείρωτοι),
2551 2779 2729 2847 τεῖχος
2779 2777 3012 2848 ἄμαχον,
3062 2781 3347 2850 συμμαχία
3397 2781 3602 2834 ἀκατα-

2028 2861 2311 2931 γὼνιστος,
2339 2863 2503 2933 λιμὴν
2525 2862 2716 2927 εὔδιος,
2740 2864 2946 2936 πύργος
2961 2867 3418 2937 ’άκαταμάχητος,
3437 2866 3601 2920 ὅπλον

2029 2952 2296 3021 ἀήττητον
2325 2963 2388 3015 α,
2426 2951 2653 3022 δύναμις
2703 2953 2914 3024 ἄμαχος
2961 2955 3055 3008 καὶ
3107 2956 3174 3007 ἐκ
3227 2955 3336 3007 τῶν
3383 2956 3602 3025 ἀπόρων

2031 3038 2358 3108 εὐρίσκουσα
2388 3039 2574 3110 πόρον.
2605 3039 2703 3093 Διά
2726 3041 2926 3110 ταύτης
2964 3041 3154 3095 ἄοπλοι
3185 3041 3295 3095 τῶν
3321 3041 3600 3111 ὡπλισμέ-

2032 3142 2157 3189 νων,
2209 3127 2302 3179 καὶ
2332 3128 2585 3193 γυναῖκες
2620 3127 2830 3197 ἀνδρῶν
2862 3129 3261 3200 περιεγένοντο,
3295 3128 3389 3181 καὶ
3417 3127 3603 3190 παῖδες

2031 3211 2138 3266 τῶν
2168 3213 2236 3266 τά
2279 3212 2548 3284 πολεμικὰ
2599 3213 3046 3284 μεμελετηκότων
3097 3214 3431 3285 ἰσχυρότεροι
3467 3212 3605 3284 μετά

2033 3299 2236 3369 πολλῆς
2267 3300 2366 3369 τῆς
2399 3300 2648 3364 εὐκολίας
2680 3301 3047 3370 ἀνεφάνησαν.
3083 3302 3191 3356 Καὶ
3222 3302 3274 3355 τί
3297 3301 3605 3372 θαυμαστὸν

2035 3388 2082 3439 εί
2109 3386 2378 3456 πολεμίων
2395 3387 2722 3457 ἐκράτησαν,
2741 3388 2874 3441 ὅπου
2889 3404 2952 3455 γε
2979 3388 3072 3441 καὶ
3093 3387 3256 3441 αὐτοῦ
3282 3387 3374 3441 τοῦ
3399 3388 3605 3458 κόσμου

2037 3492 2102 3526 πε
2114 3473 2415 3544 ριεγένοντο
2431 3489 2445 3537 ;
2481 3473 2561 3525 Τά
2574 3474 2682 3544 γὰρ
2697 3477 2930 3544 στοιχεῖα
2940 3475 3037 3545 τὴν
3050 3474 3252 3528 οἰκείαν
3266 3476 3605 3544 ἀγνοήσαντα

2038 3561 2198 3630 φύσιν
2227 3559 2361 3631 πρὸς
2389 3559 2450 3611 τὸ
2471 3561 2738 3631 χρήσιμον
2754 3563 2978 3625 ἐκείνοις
3000 3561 3404 3632 μετεϐάλλοντο,
3419 3563 3511 3616 καὶ
3537 3560 3605 3613 τὰ

2038 3648 2202 3719 θηρία
2231 3646 2426 3700 οὐκέτι
2445 3647 2608 3719 θηρία
2637 3643 2726 3718 ἦν,
2757 3648 2876 3701 οὐδὲ
2904 3651 2937 3718 ἡ
2980 3649 3230 3718 κάμινος,
3250 3649 3497 3719 κάμινος.
3544 3649 3606 3700 Ἠ

2037 3735 2145 3806 γὰρ
2163 3738 2242 3799 είς
2260 3735 2351 3789 τὸν
2371 3734 2501 3787 Θεὸν
2522 3735 2676 3799 ἐλπὶς
2698 3736 2874 3789 πάντα
2901 3736 3343 3807 μεταρῤισθμίζει.
3371 3735 3608 3796 Ὀδύντες

2037 3824 2205 3894 τεθηγ
2212 3823 2383 3893 μένοι,
2399 3823 2490 3875 καὶ
2501 3822 2555 3875 δε
2565 3823 2748 3894 σμωτή
2757 3840 2785 3893 ρ
2795 3840 2869 3876 ιον
2883 3824 3086 3888 στενὸν,
3106 3824 3317 3892 φύσεως
3329 3821 3606 3892 άγριότης,

2041 3910 2134 3963 καὶ
2179 3910 2331 3981 λιμὸς
2361 3910 2597 3975 ὁπλίζων
2640 3910 2738 3980 τὴν
2771 3910 2931 3977 φύσιν
2952 3949 2966 3973 ,
3002 3910 3319 3980 διάφραγμα
3350 3909 3608 3978 οὐδαμοῦ,

2043 3998 2136 4051 καὶ
2188 3998 2430 4068 στόματα
2479 3997 2573 4049 τοῦ
2605 3996 2856 4066 σώματος
2894 3997 3118 4065 πλησίον
3160 3996 3251 4048 τοῦ
3286 3995 3561 4067 ΙΙροφήτου
3594 4010 3607 4023 °

2042 4084 2155 4138 ἀλλ’
2185 4086 2218 4154 ἡ
2246 4086 2326 4148 είς
2350 4084 2440 4137 τὸν
2465 4083 2594 4137 Θεὸν
2622 4082 2777 4146 ἐλπὶς
2804 4082 3020 4152 χαλινοῦ
3043 4086 3240 4145 παντὸς
3271 4080 3611 4151 ἰσχυροτέρα,

2043 4173 2122 4236 είς
2137 4170 2206 4224 τά
2232 4172 2473 4240 στόματα
2492 4169 2824 4241 ἐμπεσοῦσα,
2841 4172 2920 4232 εἰς
2936 4169 3175 4223 τούπίσω
3191 4168 3361 4221 ταῦτα
3377 4167 3610 4221 ἀνεῖλκε.

2045 4258 2229 4312 Ταῦτα
2266 4257 2329 4329 δὴ
2387 4257 2482 4310 καὶ
2523 4252 2675 4320 οὗτος
2723 4255 3048 4325 φιλοσοφῶν,
3100 4256 3251 4322 ἔλεγε
3301 4253 3437 4325 πρὸς
3488 4255 3614 4315 τοὺς

2047 4345 2363 4408 κελεύοντας
2405 4344 2553 4414 αὐτῷ
2584 4342 2806 4414 φεύγειν
2859 4343 2952 4398 καὶ
2985 4342 3356 4413 δραπετεύειν,
3390 4341 3484 4394 καὶ
3508 4341 3615 4394 ἀπὸ

2046 4433 2146 4504 τῆς
2193 4433 2304 4485 τῶν
2360 4432 2540 4485 τόπων
2594 4430 2891 4500 ἀσφαλείας
2945 4431 3043 4502 τὴν
3110 4430 3382 4501 σωτηρίαν
3438 4427 3616 4494 ἐαυτῷ

2049 4519 2398 4592 πορίζεσθαι·
2435 4519 2560 4571 Ἐπί
2578 4518 2658 4584 τῷ
2675 4519 2868 4585 Κυρίῳ
2888 4516 3305 4581 πέποιθαοπῶς
3336 4514 3517 4582 ἐρεῖτε
3543 4510 3615 4580 τῇ

2048 4606 2220 4678 ψυχῇ
2241 4625 2360 4676 μου
2375 4623 2395 4672 ;
2426 4607 2490 4658 Τί
2519 4606 2695 4674 λέγεις
2721 4622 2735 4671 ;
2759 4606 2859 4659 Τὸν
2882 4605 2978 4675 τῆς
2996 4603 3315 4673 οἰκουμένης
3341 4602 3617 4670 Δεσπότην

2051 4694 2160 4765 ἔχω
2205 4694 2524 4764 σύμμαχον·
2557 4694 2646 4746 τὸν
2680 4691 2954 4762 πανταχοῦ
3000 4690 3234 4754 εὐκόλως
3256 4688 3616 4763 ἐργαζόμενον

2052 4782 2250 4847 πάντα,
2280 4783 2484 4835 ἐκεῖνον
2502 4779 2904 4851 στρατηγοῦντα
2922 4780 3029 4849 ἔχω
3062 4780 3156 4832 καὶ
3181 4777 3610 4848 παριστάμενον.⁹

2053 4873 2147 4925 καὶ
2185 4871 2320 4942 πρὸς
2352 4869 2449 4940 τὴν
2500 4868 2750 4939 ἀοίκητόν
2787 4886 2853 4939 με
2909 4868 3166 4938 πέμπεις,
3212 4868 3307 4920 καὶ
3355 4865 3463 4920 ἀπὸ
3519 4863 3616 4931 τῆς

2054 4959 2286 5030 ἐρημίας
2320 4974 2406 5026 μοι
2439 4956 2689 5024 συνάγεις
2712 4956 2809 5026 τὴν
2832 4956 3126 5025 ἀσφάλειαν
3146 4970 3161 5020 ;
3188 4952 3280 5022 Μὴ
3294 4951 3401 5020 γάρ
3419 4950 3618 5020 μείζων

2054 5047 2087 5115 ἡ
2133 5048 2232 5116 τῆς
2280 5044 2514 5116 ἐρημίας
2544 5043 2762 5115 βοήθεια
2803 5042 2897 5094 τοῦ
2946 5041 3123 5094 πάντα
3167 5036 3465 5106 δυναμένου
3501 5034 3618 5105 μετ’

2055 5131 2301 5193 εὐκολίας
2355 5131 2601 5200 ἁπάσης;
2638 5129 2702 5181 Τί
2740 5145 2804 5198 με
2834 5128 2925 5179 τὸν
2977 5124 3316 5194 ὡπλισμένον
3364 5120 3617 5191 ἰσχυρῶς,

2056 5217 2305 5288 καθάπερ
2335 5218 2538 5288 γυμνὸν
2559 5217 2651 5270 καὶ
2679 5209 3256 5285 άοπλον,δραπετεύειν
3273 5207 3621 5277 παρασκευὰα

2057 5302 2188 5368 ζεις,
2224 5304 2317 5356 καὶ⁹
2348 5304 2692 5373 μετανάστην
2731 5296 2871 5354 εἶναι
2919 5298 3195 5361 κελεύεις;
3228 5290 3362 5348 Εἶτα
3396 5294 3487 5348 τὸν
3522 5294 3620 5365 μὲν

2058 5389 2416 5459 στρατόπεδον
2446 5389 2658 5458 ἔχοντα,
2701 5388 2795 5440 καὶ
2839 5386 3042 5456 τείχεσι
3092 5385 3479 5456 πεφραγμένον
3524 5383 3620 5445 καὶ

2056 5477 2258 5539 ὅπλοις,
2286 5477 2384 5529 οὐκ
2400 5474 2464 5528 ἂν
2498 5475 2785 5535 ἐκέλευσας
2806 5476 3138 5542 καταφυγεῖν
3158 5473 3250 5526 ἐπὶ
3271 5472 3366 5545 τὴν
3391 5472 3618 5551 ἔρημον,

2057 5566 2191 5620 ἀλλά
2223 5563 2622 5631 καταγέλαστος
2662 5560 2810 5633 [le
2844 5561 2908 5615 ἂν
2937 5563 3138 5633 ἐφάνης
3172 5561 3342 5615 ταῦτα
3382 5560 3620 5629 συμϐου-

2058 5651 2256 5705 λεύωνο
2293 5650 2382 5703 τὸν
2411 5649 2467 5702 δέ
2502 5648 2695 5718 ἔχοντα
2740 5647 2831 5698 τὸν
2855 5646 2952 5715 τῆς
2982 5648 3306 5718 οἰκουμένης
3342 5646 3618 5714 Δεσπότην

2065 5739 2178 5810 μεθ’
2201 5735 2389 5791 ἐαυτοῦ
2410 5734 2687 5807 ἐξορίζεις,
2702 5734 2792 5788 καὶ
2813 5733 3150 5801 φυγαδεύεις,
3167 5735 3260 5788 καὶ
3284 5733 3619 5811 μετανάστην

2123 5851 2149 5877 ⁸
2171 5848 2355 5897 Ὄπλὸν
2377 5845 2625 5906 ἀήττητον,
2645 5856 2740 5892 non
2762 5841 2906 5890 habet
2930 5840 3077 5889 Sam.
