4068 6288
467 359 562 413 Ml
1212 358 1269 412 S.
1299 357 1583 413 .IOANNIS
1612 355 2098 414 CIIRYSOSTOMI
2130 358 2449 415 ARCHIEP.
2490 355 3034 414 CONSTANTINOP.

462 473 659 537 ποιεῖς,
680 470 768 524 διὰ
792 470 884 523 τὸν
908 469 1059 542 παρὰ
1086 470 1196 525 τῶν
1227 472 1567 543 ἁμαρτωλῶν
1596 472 1864 543 πόλεμον;
1889 471 2043 526 Μετά

465 561 576 629 γάρ
600 557 712 613 τῶν
739 557 1065 629 εἰρημένων,
1095 558 1365 612 καὶτοῦτο
1382 559 1570 630 ἕτερον
1590 559 1865 630 δικαίωμα
1891 559 2000 629 ἔχω
2019 571 2044 599 α

463 647 558 700 τοῦ
590 646 665 717 μὴ
718 644 959 714 φεύγειν.
995 647 1161 700 Ὅταν
1198 645 1307 714 γὰρ
1337 646 1433 700 καὶ
1480 648 1509 699 6
1552 645 1685 710 Θεὸς
1724 646 1915 717 βοηθῇ,
1953 648 2046 701 καὶ

466 733 783 805 ἁμαρτωλοὶ
831 734 881 787 οἰ
931 732 1332 804 πολεμοῦντες,
1386 733 1504 798 πῶς
1551 735 1611 787 ού
1658 734 1756 806 τὴν
1807 736 2044 807 ἐσχάτην

463 821 780 891 ὀφλισκάνει
841 821 1102 891 αἰσχύνην
1149 821 1177 873 6
1236 820 1621 890 συμϐουλεύων
1653 821 1762 874 τῶν
1816 822 2044 893 ὀρνίθων

468 911 754 980 μιμεῖσθαι
788 908 850 962 τὸ
880 908 1177 979 ψοφοδεές;
1218 908 1332 961 Ούκ
1386 911 1588 973 ἐννοεῖς
1627 909 1688 963 τὸ
1738 910 2044 981 ἀντιπαρα-

461 996 789 1069 ταττόμενόν
826 1013 916 1067 μοι
961 995 1325 1066 στρατόπεδον
1353 1037 1367 1058 ,
1426 996 1545 1059 πῶς
1596 997 1839 1068 ἀράχνης
1892 997 2045 1050 εύτε-

462 1086 716 1156 λέστερον
734 1103 749 1151 ;
769 1085 832 1136 Εἰ
854 1082 963 1154 γάρ
985 1084 1014 1135 6
1035 1083 1129 1136 τοῦ
1159 1083 1420 1152 βασιλέως
1436 1083 1627 1154 ἐχθρὸς
1654 1083 1748 1137 τοῦ
1774 1085 2040 1154 ἐπιγείου,

462 1173 597 1226 ὅπου
626 1173 691 1226 ἂν
717 1171 1113 1242 παραγένηται,
1143 1171 1458 1240 ἐπισφαλῶς
1486 1170 1553 1242 ζῇ
1580 1172 1675 1225 καὶ
1695 1172 1922 1238 δέδοικε,
1949 1172 2043 1227 καὶ

460 1265 657 1332 τρέμει
679 1278 693 1293 ο
726 1260 906 1331 πολλῷ
938 1260 1137 1332 μᾶλλον
1162 1263 1190 1315 6
1214 1260 1308 1315 τοῦ
1355 1260 1464 1314 τῶν
1498 1261 1634 1316 ὅλων
1681 1261 1839 1317 Θεοῦ.
1867 1262 2040 1316 Ὅπου

462 1348 570 1419 γὰρ
603 1348 669 1403 ἂν
694 1348 981 1419 ἀφίκηται,
1013 1348 1221 1412 πάντας
1257 1348 1371 1418 ἔχει
1406 1349 1718 1420 πολεμίους,
1747 1351 1843 1403 καὶ
1871 1351 2042 1421 αὐτὴν

460 1439 561 1505 τὴν
610 1437 807 1489 κτίσιν.
839 1434 1106 1505 Καθάπερ
1135 1434 1245 1506 γὰρ
1279 1435 1403 1499 τοὺς
1428 1435 1618 1505 φίλους
1648 1434 1813 1489 αὐτοῦ
1842 1437 1937 1490 καὶ
1972 1436 2041 1489 τά

464 1525 701 1592 στοιχεῖα
734 1520 826 1575 καὶ
858 1521 931 1575 τὰ
961 1521 1124 1592 θηρία
1153 1521 1357 1575 δέδοικε
1381 1561 1397 1586 ,
1448 1523 1545 1576 καὶ
1582 1524 1736 1576 πᾶσα
1788 1524 1823 1593 ή
1865 1522 2043 1586 κτίσις

461 1608 690 1662 αἰδεῖται
708 1627 722 1641 ⁸
748 1607 892 1661 οὕτω
911 1608 1003 1661 τὸν
1033 1607 1226 1680 ἐχθρὸν
1255 1609 1349 1663 καὶ
1377 1609 1638 1681 πολέμιον
1675 1611 1771 1664 καὶ
1797 1610 1865 1664 τά
1884 1610 2039 1664 ἀναίι

464 1695 636 1766 σθητα
668 1696 897 1767 πολεμεῖ
929 1698 1023 1750 καὶ
1053 1696 1321 1750 διαπτύει.
1349 1697 1449 1750 Διά
1486 1715 1566 1751 τοι
1588 1697 1744 1751 τοῦτο
1762 1700 1888 1761 τοὺς
1916 1700 2036 1769 μὲν,

460 1785 593 1856 πρὶν
626 1786 659 1856 ἢ
703 1786 796 1839 τοῦ
850 1786 1080 1855 ἐδάφους
1117 1784 1383 1855 ἅψασθαι,
1428 1787 1810 1858 διειργάσαντο
1838 1788 1956 1840 τότε
1989 1789 2037 1841 οἰ

462 1872 649 1944 θῆρες,
678 1873 805 1937 τοὺς
832 1874 887 1927 δὲ
912 1874 974 1927 τὸ
1007 1872 1118 1945 πῦρ
1145 1875 1551 1946 κατηνάλωσεν.
1590 1876 1749 1930 Ἀλλά
1774 1875 1905 1941 τόξα
1945 1877 2040 1930 καὶ

461 1961 739 2032 φαρέτραν
756 1961 959 2033 ἔχουσι,
977 1964 1071 2016 καὶ
1086 1966 1579 2036 παρεσκευασμένα
1595 1966 1777 2028 αὐτοῖς
1803 1965 2035 2019 ἅπαντα·

473 2048 807 2119 Ἠτοίμασαν
845 2050 952 2122 γάρ
1009 2051 1169 2116 αύτά,
1222 2053 1415 2123 φησὶν,
1472 2054 1552 2115 εἰς
1586 2054 1890 2124 φαρέτραν·
1922 2052 2037 2106 ἀλλ’

457 2136 685 2206 οὐδεμία
714 2137 919 2191 τούτων
971 2139 1147 2208 ἰσχὺς,
1195 2140 1347 2195 οὐδὲν
1381 2140 1630 2194 ἐντεῦθεν
1662 2139 2034 2212 δεδιττόμεθα.

459 2223 595 2277 Οὐδὲ
632 2224 740 2295 γὰρ
772 2223 825 2277 εί
847 2242 969 2280 τινα
1019 2226 1376 2297 ἐκλελυμένον
1422 2225 1563 2282 εἶδον
1607 2229 1761 2296 τόξον
1806 2230 1997 2301 ἔχοντα
2020 2269 2035 2294 ,

456 2310 635 2363 ἔδεισα
678 2312 765 2366 ἀν.
799 2311 863 2365 Τί
886 2313 993 2385 γὰρ
1022 2313 1212 2383 ὄφελος
1239 2314 1439 2379 ὅπλων,
1479 2316 1660 2387 ἰσχύος
1698 2317 1799 2371 ούκ
1830 2316 2033 2387 οὖσης;

457 2398 533 2451 Οὐ
556 2399 735 2453 τοίνυν
763 2399 884 2453 ούδέ
904 2400 1158 2466 ἐνταῦθα,
1189 2403 1288 2472 τῆς
1320 2402 1471 2472 παρά
1514 2403 1609 2455 τοῦ
1642 2403 1777 2457 Θεοῦ
1826 2405 2038 2469 εὐνοίας

456 2483 724 2555 ἀπούσης.
769 2484 930 2537 Ἀλλά
956 2485 1139 2550 δόλους
1164 2488 1449 2557 ῥάπτουσι,
1478 2491 1571 2543 καὶ
1600 2492 1700 2544 οῦκ
1726 2491 1786 2556 ἐξ
1821 2491 2037 2556 εὐθείας

456 2569 872 2642 προσέρχονται.
906 2572 1009 2625 Διά
1045 2574 1205 2627 τοῦτο
1235 2574 1470 2642 μάλιστα
1502 2576 1681 2631 αύτῶν
1729 2580 2034 2647 καταγελῶ,

454 2660 537 2713 ὅτι
558 2664 616 2714 ἐν
644 2664 958 2733 σκοτομήνῃ
980 2662 1291 2731 βάλλουσιν.
1318 2666 1485 2719 Οὐδὲν
1515 2667 1623 2737 γὰρ
1652 2667 2035 2741 ἀσθενέστερον

455 2748 651 2819 ἀνδρὸς
684 2751 1142 2816 ἐπιϐουλεύοντος.
1179 2754 1253 2806 Οὐ
1288 2752 1458 2807 δεῖται
1486 2758 1599 2819 τοῖς
1621 2757 1825 2828 ἐτέρων
1851 2758 2036 2823 ὅπλοις

453 2837 677 2899 ἁλῶναι.
712 2838 827 2892 ἀλλ’
850 2839 955 2892 ὑπὸ
994 2841 1093 2910 τῆς
1118 2840 1324 2905 οἰκείας
1370 2841 1556 2896 πίπτει
1584 2845 1795 2914 χειρὸς,
1835 2847 1929 2899 καὶ
1958 2846 2036 2918 τῷ

452 2925 644 2978 ἐαυτοῦ
681 2927 1068 2997 περιτρέπεται
1094 2928 1250 3000 δόλῳ.
1286 2929 1351 2982 Τί
1380 2925 1473 2984 οὖν
1506 2931 1700 2999 γένοιτ’
1721 2933 1787 2986 ἂν
1816 2933 2037 2988 ἀσθενέ-

454 3030 663 3085 στερον,
696 3016 823 3069 ὅταν
850 3016 955 3071 ὑπὸ
969 3017 1078 3070 τῶν
1104 3018 1319 3072 οἰκείων
1350 3022 1756 3092 μηχανημάτων
1778 3024 2031 3095 αίρῆται;

452 3101 608 3155 Μετά
644 3102 699 3156 δὲ
746 3102 951 3157 τούτων
1001 3104 1116 3157 ἐστι
1166 3106 1263 3158 καὶ⁵
1309 3106 1497 3178 ἕτερον
1536 3109 1750 3163 εἰπεῖν’
1805 3112 1887 3165 ὅτι
1936 3112 2034 3184 ούχ

450 3190 765 3260 ἁμαρτωλοὶ
807 3191 966 3262 μόνον
1011 3193 1137 3255 τοὺς
1172 3193 1277 3246 ὑπὸ
1309 3193 1443 3248 Θεοῦ
1493 3194 1891 3267 βοηθουμένους
1939 3201 2034 3254 καὶ

453 3277 589 3345 μετά
623 3278 773 3332 δόλου
799 3276 1147 3349 πολεμοῦσιν,
1178 3279 1292 3333 ἀλλ’
1313 3282 1394 3334 ὅτι
1418 3284 1511 3336 καὶ
1552 3282 1689 3355 πρὸς
1716 3287 1843 3349 τοὺς
1872 3289 2032 3341 ἀνευ-

450 3365 643 3429 θύνους
691 3368 785 3424 καὶ
830 3367 982 3420 οὐδὲν
1037 3368 1234 3431 αὐτοὺς
1258 3369 1607 3440 ἠδικηκότας.
1634 3372 1745 3443 Ούχ
1768 3373 1843 3436 ὡς
1876 3373 2032 3446 ἔτυχε

448 3454 505 3506 δέ
555 3453 646 3507 καὶ
695 3453 854 3507 τοῦτο
898 3456 1097 3519 αὐτοὺς
1138 3455 1385 3521 ἀσθενεῖς
1419 3458 1730 3530 ἐργάζεται.
1768 3462 2031 3535 Καθάπερ

448 3540 559 3611 γὰρ
581 3542 631 3593 οἰ
661 3542 795 3612 πρὸς
834 3542 1036 3613 κέντρα
1088 3543 1456 3609 λακτίζοντες,
1512 3548 1696 3601 ἐκεῖνα
1746 3549 1845 3619 μὲν
1878 3551 2031 3606 οὐδὲν

448 3628 711 3711 ἔϐλαψαν,
764 3629 891 3692 τοὺς
952 3628 1009 3681 δὲ
1043 3630 1251 3685 ἑαυτῶν
1292 3631 1459 3695 πόδας
1505 3634 1758 3705 ᾕμαξαν
1795 3636 1936 3691 οὕτω
1967 3639 2031 3711 δὴ

448 3717 541 3770 καὶ
571 3708 735 3769 οὗτοι.
774 3716 929 3769 Μετά
969 3716 1025 3769 δὲ
1058 3717 1281 3786 τούτων,
1315 3722 1410 3773 καὶ
1447 3722 1608 3792 ἑτέρα
1640 3740 1721 3788 τις
1754 3726 1904 3779 αἰτία
1933 3708 2032 3781 καέ

445 3804 721 3858 ταλύουσα
752 3803 931 3857 αὐτῶν
958 3804 1057 3876 τὴν
1091 3806 1246 3877 ἰσχὺν
1289 3807 1388 3861 τοῦ
1425 3808 1661 3876 πολέμου
1712 3813 1847 3865 ἐστί.
1894 3814 2030 3868 Ποία

443 3893 507 3963 δὴ
529 3891 701 3962 αὖτη;
738 3892 865 3945 Ὅτι
897 3890 1037 3946 ᾰσὺ
1078 3895 1440 3962 κατηρτίσω,
1471 3897 1664 3958 αὐτοὶ,
1701 3901 1854 3970 φησὶ,
1883 3905 2030 3957 καθ-

441 3981 630 4035 εἷλον.
675 3983 740 4033 "0
766 3979 825 4033 δὲ
857 3978 1005 4048 λέγει
1042 3980 1282 4036 τοιοῦτόν
1311 3985 1426 4036 ἐστι
1447 4000 1461 4015 ο
1493 3984 1583 4038 Σοὶ
1613 3985 1905 4057 πολεμοῦσι
1935 3990 2029 4043 καὶ

447 4068 710 4138 μάχονται
738 4107 753 4130 ,
799 4067 893 4121 τόν
918 4068 1083 4139 νόμον
1119 4085 1212 4123 σου
1245 4070 1338 4124 καὶ
1369 4070 1437 4125 τά
1486 4073 1887 4145 προστάγματά
1933 4094 2026 4132 σου

444 4154 853 4225 καθαιροῦντες.
887 4157 998 4209 Καὶ
1018 4156 1126 4227 γὰρ
1152 4158 1220 4210 τὰ
1252 4163 1319 4211 σά
1343 4161 1743 4231 προστάγματα
1778 4164 2027 4220 καθελεῖν

442 4242 802 4314 ἐπιχειροῦσι,
817 4244 912 4297 καὶ
932 4244 1104 4299 ταῦτα
1127 4248 1558 4318 κατηρτισμένα.
1577 4250 1647 4302 Ἦ
1666 4250 1823 4305 τοῦτό
1840 4270 2023 4324 φησιν,

444 4330 477 4398 ἢ
501 4331 582 4383 ὅτι
617 4333 710 4383 καὶ
738 4332 1054 4404 παραϐάται
1075 4333 1169 4387 τοῦ
1208 4334 1373 4405 νόμου
1400 4337 1526 4391 εἰσί.
1576 4337 1682 4391 Καὶ
1709 4339 1848 4405 αὕτη
1880 4342 1936 4395 δὲ
1961 4344 2024 4396 ού

447 4417 618 4487 μικρά
652 4418 931 4481 ἀσθενείας
957 4421 1228 4485 ὑπόθεσις,
1253 4423 1316 4476 τὸ
1342 4424 1411 4476 τὰ
1446 4425 1514 4478 σὰ
1545 4425 1620 4496 μὴ
1657 4417 2021 4495 φυλάξαντας,

443 4503 617 4567 οὕτως
654 4506 733 4568 εἰς
766 4506 1001 4577 πόλεμον
1050 4507 1204 4561 ἰέναι.
1252 4511 1350 4565 Διά
1393 4511 1501 4585 γάρ
1530 4512 1691 4567 τοῦτο
1719 4515 1813 4568 καὶ
1842 4516 2024 4571 εύθέσι

445 4591 763 4662 Δπολεμοῦσι,
794 4595 886 4646 καὶ
914 4593 1097 4657 δόλους
1123 4596 1409 4665 ῥάπτουσι,
1437 4600 1625 4673 ἐπειδὴ
1658 4602 1768 4656 τῶν
1795 4602 1903 4658 σῶν
1924 4605 2024 4659 οὐκ

443 4679 700 4733 ἀκούουσι
734 4683 1191 4752 προσταγμάτων.

515 4767 581 4839 β’.
602 4768 1012 4839 Διηγησάμενος
1037 4771 1214 4823 τοίνυν
1237 4773 1477 4844 περὶτῆς
1503 4776 1788 4841 ἀσθενείας
1806 4780 1915 4834 τῶν
1935 4800 2023 4835 πο-

440 4856 663 4927 λῖμίων,
686 4856 781 4909 καὶ
805 4856 1008 4928 ταύτην
1028 4857 1206 4921 δείξας
1229 4857 1255 4899 δ
1273 4860 1372 4913 ούκ
1392 4861 1498 4915 ἀπὸ
1513 4864 1737 4930 τούτων,
1763 4868 1855 4937 ἀφ’
1870 4868 1883 4940 [
1899 4871 1919 4923 l
1937 4868 2021 4941 [5]

439 4940 513 4998 ὧν
537 4946 733 5014 ἕτεροι,
752 4943 868 4997 ἀλλ’
897 4945 990 5013 ἀφ’
1018 4939 1093 5000 ὧν
1132 4947 1282 5018 αὐτῴ
1308 4949 1515 5020 πρέπον
1532 4947 1599 5023 ἦν
1627 4954 1708 5024 (ού
1732 4955 1840 5027 γάρ
1875 4939 2019 5022 εἶπε,

438 5035 713 5105 Χρήματα
743 5032 843 5087 οὐκ
876 5032 1089 5104 ἔχουσιν
1114 5074 1129 5098 ,
1166 5036 1288 5089 οὐδὲ
1323 5036 1558 5109 φρούρια
1578 5081 1593 5106 ,
1642 5042 1764 5095 ούδέ
1801 5045 2023 5115 συμμά-

438 5140 588 5193 χους,
629 5121 752 5175 ούδέ
806 5122 1008 5186 πόλεις,
1045 5123 1154 5176 οὐδ’
1192 5124 1274 5177 ὅτι
1302 5124 1554 5196 πολέμων
1603 5128 1742 5181 εἰσὶν
1781 5130 2018 5203 ἄπειροι,

438 5209 576 5263 ἀλλά
621 5210 799 5265 πάντα
844 5209 1016 5266 ταῦτα
1050 5211 1423 5283 παραδραμὼν
1453 5216 1548 5268 καὶ
1595 5214 1896 5284 διαπτύσας
1944 5222 2021 5285 ὡς

435 5297 589 5350 οὐδὲν
632 5297 802 5363 ὄντα,
850 5299 945 5352 καὶ
1004 5297 1175 5352 εἰπὼν
1220 5300 1303 5353 ὃτι
1350 5302 1660 5373 παράνομοί
1709 5306 1882 5371 εἰσιν,
1937 5309 2019 5362 ὅτι

438 5384 733 5455 πολεμοῦσι
770 5390 883 5451 τοῖς
915 5387 1067 5441 ούδὲν
1120 5388 1461 5459 ἠδικηκόσιν,
1494 5390 1576 5444 ὃτι
1630 5391 1700 5445 τά
1729 5393 1823 5446 τοῦ
1880 5396 2017 5450 Θεοῦ

438 5470 825 5544 καθαιροῦσι),
896 5475 1044 5544 λέγει
1089 5474 1274 5530 λοιπὸν
1325 5476 1418 5531 καὶ
1476 5478 1575 5548 τὴν
1634 5479 1740 5532 τῶν
1794 5482 2017 5537 δικαίων

440 5557 762 5626 παράταξιν,
788 5562 1079 5616 κάντεῦθεν
1097 5564 1312 5627 δεικνὺς
1326 5564 1387 5617 τὸ
1414 5566 1638 5621 ἐκείνων
1669 5569 2013 5640 εὐχείρωτον.

438 5643 594 5696 (ὶῦτω
627 5645 722 5697 καὶ
754 5646 913 5715 ἡμεῖς
934 5651 1024 5703 τὸν
1051 5653 1268 5721 ἰσχυρὸν
1305 5654 1397 5707 καὶ
1425 5654 1515 5709 τὸν
1544 5655 1746 5727 ἀσθενῆ
1791 5658 2015 5729 δοκιμά-

440 5728 639 5803 ζωμεν,
676 5732 811 5786 ἀλλά
842 5735 916 5807 μὴ
941 5739 1031 5807 ἀφ’
1060 5735 1135 5793 ὧν
1173 5743 1221 5794 οἰ
1256 5742 1645 5812 καταγέλαστοι
1672 5746 1778 5799 τῶν
1810 5747 2015 5819 ἀνθρώ-

500 5882 522 5943 f'
555 5880 688 5943 Ἐχω
711 5882 855 5931 deost
877 5887 925 5933 in
950 5888 1095 5938 Smil.
1126 5897 1177 5939 cl
1200 5892 1334 5940 Coll).

499 5941 525 5982 b
554 5941 646 5991 Κάὶ
672 5944 843 6002 ταύτην
866 5947 1029 6006 agitat;
1064 5950 1177 6002 llaec
1202 5954 1380 6005 desunt
1403 5956 1450 6003 in
1476 5956 1624 6007 Savil.
1653 5963 1704 6009 el
1725 5957 1861 6010 Coll).

3642 358 3744 412 1ίὲ

2159 490 2276 525 πων
2328 473 2639 543 φοόοῦνται,
2692 474 2758 526 ἐκ
2802 471 3008 525 τούτων
3050 471 3246 541 μᾶλλον
3295 471 3609 544 φοὸὠμεθα.
3676 473 3744 526 Τί
3800 498 3810 538 _'

2155 559 2264 631 γάρ
2286 577 2418 628 φασι
2434 578 2448 626 ;
2465 559 2649 623 Δεινός
2665 561 2804 623 ἐστι,
2833 558 3070 631 πονηρός
3096 560 3233 621 ἐστι,
3257 561 3557 631 χρημάτων
3577 558 3745 628 ὄγκον

2154 646 2545 717 περιϐέὸληται
2574 646 2669 699 καὶ
2687 645 3025 699 δυναστείαν.
3055 647 3153 699 Διά
3176 645 3337 699 τοῦτο
3369 648 3608 713 μάλιστα
3637 648 3742 699 αύ-

2152 731 2247 786 τοῦ
2274 733 2581 802 καταγελῶ.
2609 732 2797 787 Ταῦτα
2819 732 2928 803 γὰρ
2949 733 3066 803 εῐδη
3090 732 3375 797 ἀσθενείας
3401 736 3569 791 ἐστίν.
3598 735 3741 789 Ἀλλ’

2153 816 2294 874 οἶδεν
2313 819 2704 885 ἐπιϐουλεύειν,
2718 820 2870 891 φησί.
2896 821 3065 875 Πάλιν
3084 821 3270 892 ἕτερον
3296 817 3435 885 εἶδός
3456 839 3547 892 μοι
3561 822 3744 892 λέγεις

2152 907 2456 972 ἀσθενείας.
2899 975 2908 984 ,

2222 994 2288 1047 Τί
2323 992 2418 1049 οὖν
2464 996 2545 1049 ὅτι
2594 995 2781 1050 πολλοὶ
2831 997 3203 1068 περιγίνονται
3253 996 3486 1051 τοιοῦτοι
3534 996 3740 1063 δντεςς

2165 1082 2385 1154 Ἐπειδὴ
2420 1084 2484 1137 σὺ
2514 1082 2696 1147 καλῶς
2728 1083 3017 1138 πυκτεύειν
3067 1086 3169 1138 οὐκ
3196 1080 3344 1148 οἶδας
3372 1101 3385 1114 ”
3428 1084 3613 1155 ἐπειδὴ
3643 1086 3744 1139 καὶ

2155 1170 2219 1222 σὺ
2269 1169 2411 1241 ὑπὲρ
2450 1169 2558 1222 τῶν
2606 1169 2787 1224 αὐτῶν
2830 1171 3287 1241 παγκρατιάζεις,
3317 1171 3408 1239 ἀφ’
3438 1164 3512 1224 ὧν
3540 1172 3745 1223 ἐκεῖνοι

2151 1255 2389 1323 γίνονται
2433 1256 2838 1329 ἀσθενέστεροι,
2876 1259 3006 1329 περὶ
3048 1258 3208 1327 δόξης
3252 1258 3348 1311 καὶ
3390 1258 3740 1321 δυναστείας.

2149 1345 2323 1414 Φεῦγε
2340 1345 2432 1399 τοῦ
2460 1330 2679 1414 ἀγῶνος
2707 1347 2807 1418 τὴν
2836 1346 3114 1412 ὑπόθεσιν,
3151 1346 3245 1400 καὶ
3274 1345 3543 1418 ἑτέρωθεν
3578 1346 3747 1416 βάλλε

2149 1432 2275 1497 τοὺς
2315 1433 2588 1497 ἐπιόντας,
2630 1433 2906 1504 ἐπιεικείᾳ
2954 1434 3047 1486 τὸν
3097 1432 3371 1498 ἀλαζόνα,
3425 1434 3586 1505 πενίᾳ
3644 1434 3746 1488 τὸν

2150 1518 2499 1590 πλεονέκτην,
2540 1519 2838 1590 ἐγκρατείᾳ
2869 1519 2961 1573 τὸν
2992 1520 3318 1585 ἀκόλαστον,
3371 1520 3743 1592 φιλοφροσύνῃ

2148 1606 2240 1659 τὸν
2269 1606 2553 1678 φθονερόνο
2577 1608 2671 1661 καὶ
2691 1607 2862 1671 οὕτως
2882 1607 3060 1663 αὐτῶν
3079 1609 3309 1681 περιέσῃ
3331 1608 3548 1680 ῥᾳδίως.
3575 1608 3739 1673 Ἀλλ’,

2149 1694 2286 1764 ὅπερ
2316 1694 2485 1766 ἔφθην
2518 1694 2717 1762 εἰπὼν,
2753 1695 3155 1767 διηγησάμενος
3186 1699 3284 1769 τὴν
3311 1697 3601 1756 ἀσθένειαν,
3625 1697 3743 1751 τῶν

2149 1782 2455 1849 ἀντιδίκων,
2497 1784 2599 1855 ὅρα
2630 1783 2747 1848 πῶς
2781 1784 2995 1838 καὶτοῦ
3024 1785 3239 1839 δικαίου
3274 1786 3423 1855 λέγει
3445 1786 3545 1858 τὴν
3596 1804 3742 1840 παν-

2147 1869 2361 1923 οπλίαν.
2408 1871 2633 1939 Ἐπάγει
2678 1873 2822 1943 γάρ’
2865 1872 2928 1926 '0
2966 1872 3035 1926 δὲ
3085 1873 3317 1941 δίκαιος
3344 1875 3404 1927 τί
3444 1874 3743 1942 ἐποίησες

2147 1957 2423 2011 τουτέστιν
2444 1974 2457 1988 ο
2508 1958 2761 2013 Ἐκείνων
2787 1959 2929 2013 οὕτω
2971 1961 3468 2032 παραταττομένων
3490 2002 3506 2027 ,
3553 1961 3743 2027 ζητεῖς

2147 2043 2311 2097 πόθεν
2334 2045 2609 2098 ὼπλίσατο
2634 2048 2663 2099 6
2686 2046 2895 2111 δίκαιος
2919 2065 2933 2114 ;
2975 2049 3175 2101 Ἀκουε
3203 2066 3217 2080 ·
3248 2050 3462 2117 Κύριος
3494 2049 3564 2102 ἐν
3609 2048 3743 2114 ναῷ

2146 2129 2292 2199 ἁγίῳ
2319 2132 2506 2187 αὐτοῦ
2527 2147 2542 2164 ο
2573 2133 2788 2202 Κύριος
2819 2133 2889 2188 ἐν
2922 2133 3158 2203 οὐρανῷ
3205 2137 3238 2189 ό
3271 2135 3485 2204 θρόνος
3523 2135 3737 2191 αὑτοῦ.

2147 2214 2300 2282 Εἶδες
2316 2218 2433 2282 πῶς
2460 2219 2739 2290 συντόμως
2760 2220 2858 2291 τὴν
2878 2222 3196 2293 συμμαχίαν
3213 2222 3378 2276 αὐτοῦ
3395 2222 3694 2294 διηγήσατο
3720 2240 3739 2287 ;

2147 2306 2214 2359 Τί
2242 2307 2518 2377 ἐποίησεν,
2547 2310 2756 2381 ἐρωτᾷς
2777 2328 2792 2377 ;
2839 2311 2966 2364 Ἐπὶ
2998 2311 3091 2365 τὸν
3111 2311 3244 2365 Θεὸν
3261 2312 3538 2382 κατέφυγε
3562 2313 3652 2366 τὸν
3672 2314 3742 2367 ἐν

2144 2393 2222 2465 τῷ
2249 2395 2485 2467 οὐρανῷ,
2507 2397 2601 2450 τὸν
2634 2397 2912 2470 πανταχοῦ
2946 2400 3213 2470 παρόντα.
3237 2402 3314 2454 Οὐ
3345 2400 3478 2465 τόξα
3507 2400 3739 2467 ἔτεινεν,

2146 2482 2266 2535 οὐδὲ
2297 2484 2574 2555 φαρέτραν
2621 2485 2887 2557 ἡτοίμαζε
2908 2528 2923 2554 ,
2974 2486 3228 2559 καθάπερ
3262 2490 3487 2551 ἐκεῖνος,
3520 2488 3639 2542 οὐδὲ
3671 2490 3741 2541 ἐν

2148 2573 2460 2642 σκοτομήνῃ
2522 2573 2898 2644 παρετάξατοο
2933 2574 3072 2629 ἀλλά
3110 2575 3287 2629 πάντα
3337 2576 3507 2630 ταῦτα
3550 2577 3738 2645 ἀφεὶς,

2144 2660 2243 2731 τὴν
2272 2662 2353 2723 εἰς
2384 2662 2476 2715 τὸν
2503 2661 2635 2715 Θεὸν
2660 2662 2855 2717 ἐλπίδα
2880 2666 3045 2719 πᾶσιν
3070 2666 3402 2736 ἐπετείχισε,
3421 2666 3517 2719 καὶ
3542 2667 3742 2721 τοῦτον

2144 2747 2325 2810 αὐτοῖς
2358 2748 2658 2819 ἀντέστησε
2696 2760 2720 2789 α
2764 2750 2857 2804 τὸν
2886 2751 3103 2817 οὐδενὸς
3132 2751 3338 2807 τούτων
3364 2753 3636 2825 δεόμενον,
3664 2755 3737 2806 οὐ

2144 2835 2373 2906 καιρῶν,
2412 2836 2474 2889 ού
2519 2836 2723 2901 τόπων,
2771 2838 2870 2909 οὐχ
2898 2838 3102 2904 ὃπλων,
3144 2840 3206 2892 σύ
3238 2842 3561 2912 χρημάτων,
3591 2840 3741 2896 ἀλλὰ

2145 2921 2374 2993 νεύματι
2396 2923 2573 2978 πάντα
2603 2923 2856 2978 ἀνύοντα.
2886 2921 3039 2989 Εἶδες
3074 2927 3391 2997 συμμαχίαν
3424 2927 3635 2998 ἄμαχόν
3665 2945 3739 2982 τε

2143 3014 2238 3067 καὶ
2284 3013 2525 3077 εὔκολον,
2564 3014 2660 3069 καὶ
2711 3014 2941 3087 ρᾳδίαν;
2977 3019 3040 3070 Οἱ
3090 3017 3390 3087 ὀφθαλμοὶ
3421 3018 3607 3071 αὐτοῦ
3639 3020 3739 3085 εις

2142 3098 2251 3153 τὸν
2306 3100 2537 3169 πένητα
2589 3100 2983 3157 ἑπιϐλέπουσι
3009 3141 3024 3166 ,
3094 3104 3167 3158 τὰ
3215 3104 3499 3174 βλέφαρα
3541 3106 3739 3161 αὐτοῦ

2142 3185 2396 3251 ἐξετάζει
2417 3188 2558 3254 τοὺς
2581 3188 2751 3255 υἱοὺς
2775 3188 2894 3243 τῶν
2922 3189 3267 3258 ἀνθρώπων.
3292 3192 3505 3259 Κύριος
3527 3193 3742 3257 ἐξετά-

2143 3272 2224 3334 ζει
2249 3275 2356 3330 τόν
2383 3276 2622 3330 δίκαιον
2653 3277 2751 3331 καὶ
2782 3278 2890 3331 τόν
2916 3278 3131 3348 ἀσεϐῆ,
3176 3282 3209 3334 ό
3248 3278 3318 3333 δὲ
3338 3281 3584 3350 ἀγαπῶν
3612 3281 3738 3349 τὴν

2142 3362 2420 3429 ἀδικίαν,
2468 3364 2645 3434 μισεῖ
2679 3364 2794 3433 τὴν
2841 3366 3060 3420 ἑαυτοῦ
3106 3367 3339 3436 ψυχήν.
3388 3368 3598 3434 Ἀλλος,
3646 3373 3734 3425 Τὰ

2137 3448 2419 3519 ,ϐλέφαρα
2453 3452 2640 3507 αὑτοῦ
2660 3451 2977 3521 δοκιμάζει.
3016 3453 3229 3521 Ἀλλος,
3259 3456 3472 3524 Κύριος
3494 3457 3730 3523 δίκαιος

2140 3538 2492 3606 ἐξεταστὴς.
2532 3540 2744 3605 Ἀλλος,
2776 3543 3013 3597 Δίκαιον
3048 3544 3342 3613 δοκιμάζει
3376 3544 3474 3598 καί
3505 3546 3730 3615 ἀσεϐῆ,

2142 3625 2239 3678 καὶ
2272 3624 2598 3695 ἀγαπῶντα
2626 3628 2802 3681 ἄδικα
2854 3630 3153 3698 ἐμίσησεν
3206 3632 3244 3699 ὴ
3292 3632 3464 3702 ψυχὴ
3511 3634 3728 3689 αὐτοῦ.

2145 3714 2359 3779 Ἄλλος,
2398 3715 2460 3767 '0
2488 3713 2736 3784 ἀγαπῶν
2753 3716 3009 3781 ἀδικίαν,
3028 3719 3200 3788 μισεῖ
3221 3720 3335 3788 τὴν
3365 3720 3583 3775 ἑαυτοῦ
3607 3726 3732 3789 ψυ-

2145 3801 2267 3870 χήν
2302 3800 2351 3855 ά.
2407 3798 2562 3865 Εἶδες
2599 3802 2888 3875 σύμμαχον
2932 3808 3476 3879 παρεσκευασμένον,
3529 3808 3732 3880 βοηθὸν

2139 3890 2590 3962 εύτρεπισμένον,
2623 3893 2901 3964 πανταχοῦ
2936 3895 3180 3965 παρόντα
3202 3936 3217 3959 ,
3262 3897 3441 3950 πάντα
3483 3898 3725 3968 ὁρῶντα,

2139 3978 2317 4031 πάντα
2344 3977 2629 4047 βλέποντα,
2676 3978 2837 4033 τοῦτο
2887 3981 3048 4054 ἔργον
3096 3982 3289 4054 ἔχοντα
3328 3985 3583 4055 μάλιστα,
3614 3986 3728 4039 κᾶν

2141 4064 2332 4137 μηδεὶς
2357 4067 2386 4117 6
2414 4064 2748 4136 παρακαλῶν
2782 4061 2842 4139 ᾖ,
2885 4074 3154 4139 προνοεῖν,
3182 4071 3464 4142 κήδεσθαι,
3490 4073 3729 4128 κωλύειν

2139 4151 2495 4217 ἀδικοῦντας,
2552 4151 2765 4224 βοηθεῖν
2797 4153 3197 4227 ἀδικουμένοις,
3245 4162 3359 4224 τοῖς
3400 4161 3502 4231 μὲν
3530 4162 3730 4216 ἀποδι-

2134 4240 2280 4294 δόναι
2311 4241 2407 4304 τὰς
2428 4240 2663 4311 ἀμοιϐάς
2686 4243 2796 4296 τῶν
2825 4244 3290 4318 κατορθωμάτων,
3308 4251 3420 4313 τοῖς
3438 4250 3494 4304 δὲ
3509 4250 3727 4308 τιθέναι

2134 4332 2233 4395 τὰς
2268 4332 2541 4402 τιμωρίας
2560 4331 2669 4385 τῶν
2704 4333 3154 4405 ἀμαρτημάτωνς
3186 4338 3352 4393 υύδὲν
3379 4336 3470 4394 οῦν
3499 4342 3720 4409 ἀγνοεῖ·

2133 4419 2183 4472 οί
2216 4417 2325 4489 γὰρ
2354 4416 2506 4490 [HG]
2528 4418 2797 4491 ὀφθαλμοὶ
2821 4420 2986 4475 αὑτοῦ
3022 4423 3375 4479 ἐπιϐλέπουσι
3413 4428 3512 4500 τὴν
3534 4430 3724 4484 οἰκου-

2137 4505 2327 4575 μένην.
2379 4506 2494 4559 Ούκ
2525 4506 2815 4561 ἐπίσταται
2842 4508 2899 4561 δὲ
2931 4510 3114 4580 μόνον,
3158 4512 3295 4566 ἀλλά
3327 4515 3423 4568 καὶ
3469 4515 3723 4585 βούλεται

2133 4592 2274 4645 αύτά
2297 4592 2561 4664 διορθοῦν.
2592 4594 2685 4647 Διὸ
2715 4595 2807 4649 καὶ
2825 4595 3011 4668 ἔτερος
3028 4598 3187 4652 τοῦτο
3210 4600 3343 4655 αύτὸ
3368 4601 3544 4673 δηλῶν
3569 4598 3720 4672 εἶπε,

2132 4681 2387 4747 Δίκαιος.
2426 4682 2486 4735 Εἰ
2518 4683 2625 4754 γάρ
2647 4683 2876 4749 δίκαιος,
2907 4686 3009 4739 ούκ
3034 4685 3282 4752 ἀνέξεται
3314 4690 3489 4744 ταῦτα
3527 4693 3721 4759 ἁπλῶς

2132 4770 2392 4840 περιορᾷν
2426 4769 2708 4842 γινόμενα.
2752 4773 3183 4845 Ἀποστρέφεται
3236 4780 3365 4842 τοὺς
3419 4783 3716 4851 πονηροὺς,

2130 4859 2344 4913 ἐπαινεῖ
2392 4861 2521 4924 τοὺς
2558 4860 2823 4926 δικαίους.
2869 4860 3002 4918 Εἶτα
3037 4867 3175 4938 ὅπερ
3206 4869 3289 4921 ’ἐν
3336 4869 3414 4940 τῷ
3463 4872 3722 4943 προτέρῳ

2129 4946 2329 5035 ψαλμῷ
2361 4947 2518 5035 ἔλεγε
2547 4991 2562 5016 ,
2616 4951 2831 5035 δεικνὺς
2871 4953 3079 5035 ὃτιᾲκαῖ
3096 4956 3244 5035 αὑτὴ
3282 4959 3314 5028 ἡ
3350 4959 3518 5013 κακία
3553 4961 3717 5035 mw,

2130 5025 2328 5090 αὐτοὺς
2349 5027 2645 5094 ἀναλῶσαι,
2663 5030 2820 5083 τοῦτο
2837 5032 2931 5085 καὶ
2960 5032 3194 5087 ἐνταῦθα
3209 5025 3386 5104 δηλῶν
3408 5025 3711 5108 ὲπήγαγενί

2143 5113 2205 5166 Ὅ
2250 5112 2320 5167 δὲ
2369 5114 2617 5183 ἀγαπῶν
2653 5117 2768 5185 τὴν
2816 5119 3076 5185 ἀδικίαν,
3118 5123 3291 5190 μισεῖ
3333 5124 3447 5191 τὴν
3490 5126 3716 5182 ἑαυτοῦ

2129 5201 2358 5268 ψυχήν.
2387 5202 2652 5271 Πολέμιον
2683 5204 2791 5276 γάρ
2817 5208 2882 5277 τῇ
2923 5207 3068 5279 ψυχῇ
3100 5211 3353 5282 πονηρία,
3392 5212 3584 5283 ἐχθρὸν
3615 5218 3716 5270 καὶ

2127 5286 2388 5358 ὀλέθριον,
2423 5287 2567 5344 ὥστε
2600 5291 2694 5345 καὶ
2723 5292 2829 5364 πρὸ
2878 5294 2980 5363 τῆς
3006 5296 3285 5362 κολάσεως
3314 5299 3472 5372 δίκην
3498 5300 3717 5356 δίδωσιν

2125 5376 2155 5427 6
2197 5375 2451 5446 πονηρός.
2495 5372 2649 5440 Εἶδες
2676 5378 2795 5441 πῶς
2824 5379 3129 5447 εὐαλώτους
3173 5386 3441 5440 πάντοθεν
3468 5388 3715 5447 δείκνυσι

2125 5463 2252 5525 τοὺς
2277 5463 2741 5533 ἐναντιουμένους,
2777 5467 2906 5520 ὅταν
2932 5469 3028 5522 καὶ
3075 5470 3316 5539 τοιοῦτον
3356 5473 3453 5547 έχῃ
3486 5476 3714 5546 σύμμα-

2126 5565 2240 5617 χον,
2275 5551 2370 5602 καὶ
2406 5552 2605 5604 ἐκεῖνοι
2645 5552 2751 5606 ὑπὸ
2779 5552 2888 5607 τῶν
2911 5556 3128 5610 οἰκείων
3153 5558 3333 5613 ὃπλων
3352 5560 3709 5628 ἁλίσκωνται,

2124 5635 2190 5688 δι’
2222 5629 2297 5689 ὧν
2310 5637 2657 5709 φράττονται,
2686 5639 2774 5692 διά
2804 5640 3009 5695 τούτων
3032 5643 3431 5717 δαπανώμενοι,
3468 5650 3564 5703 καὶ
3583 5650 3715 5705 ἐαυ-

2123 5786 2155 5833 (η
2189 5723 2376 5832 ‘l’bllaec,
2400 5725 2481 5772 καὶ
2506 5724 2674 5774 τοῦτον
2698 5727 2855 5784 αὐτοῖς
2877 5729 3155 5794 ἀντέστησε,
3179 5734 3360 5785 desunt
3398 5737 3447 5784 In
3480 5737 3630 5787 Savil.
3656 5749 3716 5790 el

2144 5801 2187 5833 .u
2247 5821 2257 5831 .

2144 5801 2257 5833 .UID.

2189 5845 2214 5883 ά
2247 5845 2453 5921 ξω)..οῆ
2509 5848 2567 5896 ‘0
2610 5850 2806 5920 ἀγαπῶν
2844 5852 3062 5921 ⁵ἀδικίαν,
3106 5856 3234 5921 μισεῖ
3274 5858 3358 5915 τήν
3398 5857 3568 5907 ἐαυτοῦ
3613 5863 3712 5921 ψυ-

2124 5908 2228 6016 {33w
2247 5907 2358 5955 ΙΙειϊ
2380 5907 2742 5979 inlerprclaijn,
2764 5915 2937 5961 eadem
2963 5907 3360 5981 m-rie'ipsa,qu§a
3382 5907 3713 5984 Septuagihia

2150 5977 2305 6016 ΙΙιΡΓΙδ.
2338 5985 2501 6016 δειιιιιι.
2531 5971 2580 6016 ΙΙΙ
2608 5977 2726 6016 ριιιι,
2752 5976 2901 6016 ςιηίῗ,
2927 5975 3109 6016 dirnnr
3142 5993 3252 6016 οςςο
3279 5982 3556 6016 ςινηιηηιριιί

2150 5977 2305 6030 nu‘rp.
2338 5985 2501 6031 supra.
2530 5971 2580 6021 In
2608 5972 2726 6022 edit.
2752 5976 2902 6027 Sanii.
2927 5975 3109 6027 dicunt
3139 5971 3577 6043 'essé'Symmichi:
