  <div class='ocr_page' id='page_1' title='image "/cluster/home/n/w/nwhite01/storage/ocr_20150623/55/mdp.39015028539511/134.png"; bbox 0 0 4084 6278; ppageno 0'>
   <div class='ocr_carea' id='block_1_1' title="bbox 266 436 362 491">
    <p class='ocr_par' dir='ltr' id='par_1_1' title="bbox 266 436 362 491">
     <span class='ocr_line' id='line_1_1' title="bbox 266 436 362 491; baseline -0.042 0"><span class='ocrx_word' id='word_1_1' title='bbox 266 436 362 491; x_wconf 73' lang='lat' dir='ltr'><strong>Nl</strong></span> 
     </span>
    </p>
   </div>
   <div class='ocr_carea' id='block_1_2' title="bbox 268 533 1854 617">
    <p class='ocr_par' dir='ltr' id='par_1_2' title="bbox 268 533 1854 617">
     <span class='ocr_line' id='line_1_2' title="bbox 268 533 1854 617; baseline -0.008 -21"><span class='ocrx_word' id='word_1_2' title='bbox 268 553 578 617; x_wconf 82' lang='lat' dir='ltr'><strong>peccatores</strong></span> <span class='ocrx_word' id='word_1_3' title='bbox 615 537 887 594; x_wconf 83' lang='lat' dir='ltr'><strong>inferunt?</strong></span> <span class='ocrx_word' id='word_1_4' title='bbox 912 536 1046 592; x_wconf 88' lang='lat' dir='ltr'><strong>Cum</strong></span> <span class='ocrx_word' id='word_1_5' title='bbox 1078 534 1161 590; x_wconf 86' lang='lat' dir='ltr'><strong>his</strong></span> <span class='ocrx_word' id='word_1_6' title='bbox 1191 534 1336 590; x_wconf 90' lang='lat' dir='ltr'><strong>enim</strong></span> <span class='ocrx_word' id='word_1_7' title='bbox 1375 548 1498 604; x_wconf 68' lang='lat' dir='ltr'><strong>qum</strong></span> <span class='ocrx_word' id='word_1_8' title='bbox 1538 533 1678 588; x_wconf 87' lang='lat' dir='ltr'><strong>dicta</strong></span> <span class='ocrx_word' id='word_1_9' title='bbox 1708 539 1854 596; x_wconf 91' lang='lat' dir='ltr'><strong>sunt,</strong></span> 
     </span>
    </p>
   </div>
   <div class='ocr_carea' id='block_1_3' title="bbox 269 620 1861 696">
    <p class='ocr_par' dir='ltr' id='par_1_3' title="bbox 269 620 1861 696">
     <span class='ocr_line' id='line_1_3' title="bbox 269 620 1861 696; baseline -0.013 -3"><span class='ocrx_word' id='word_1_10' title='bbox 269 640 386 693; x_wconf 74' lang='lat' dir='ltr'><strong>tunc</strong></span> <span class='ocrx_word' id='word_1_11' title='bbox 427 634 589 689; x_wconf 89' lang='lat' dir='ltr'><strong>etiam</strong></span> <span class='ocrx_word' id='word_1_12' title='bbox 625 632 727 686; x_wconf 90' lang='lat' dir='ltr'><strong>alia</strong></span> <span class='ocrx_word' id='word_1_13' title='bbox 767 643 926 684; x_wconf 90' lang='lat' dir='ltr'><strong>causa</strong></span> <span class='ocrx_word' id='word_1_14' title='bbox 969 636 1074 693; x_wconf 92' lang='lat' dir='ltr'><strong>est,</strong></span> <span class='ocrx_word' id='word_1_15' title='bbox 1116 641 1214 682; x_wconf 87' lang='lat' dir='ltr'><strong>cur</strong></span> <span class='ocrx_word' id='word_1_16' title='bbox 1254 640 1362 679; x_wconf 92' lang='lat' dir='ltr'><strong>non</strong></span> <span class='ocrx_word' id='word_1_17' title='bbox 1390 623 1607 696; x_wconf 87' lang='lat' dir='ltr'><strong>fugiam.</strong></span> <span class='ocrx_word' id='word_1_18' title='bbox 1636 620 1861 688; x_wconf 85' lang='lat' dir='ltr'><strong>Quando</strong></span> 
     </span>
    </p>
   </div>
   <div class='ocr_carea' id='block_1_4' title="bbox 268 711 1862 786">
    <p class='ocr_par' dir='ltr' id='par_1_4' title="bbox 268 711 1862 786">
     <span class='ocr_line' id='line_1_4' title="bbox 268 711 1862 786; baseline -0.01 -5"><span class='ocrx_word' id='word_1_19' title='bbox 268 727 413 781; x_wconf 70' lang='lat' dir='ltr'><strong>etaim</strong></span> <span class='ocrx_word' id='word_1_20' title='bbox 451 724 592 778; x_wconf 85' lang='lat' dir='ltr'><strong>Deus</strong></span> <span class='ocrx_word' id='word_1_21' title='bbox 636 720 741 777; x_wconf 91' lang='lat' dir='ltr'><strong>fert</strong></span> <span class='ocrx_word' id='word_1_22' title='bbox 787 720 1065 783; x_wconf 80' lang='lat' dir='ltr'><strong>auxilium,</strong></span> <span class='ocrx_word' id='word_1_23' title='bbox 1107 727 1162 772; x_wconf 91' lang='lat' dir='ltr'><strong>et</strong></span> <span class='ocrx_word' id='word_1_24' title='bbox 1199 725 1510 786; x_wconf 87' lang='lat' dir='ltr'><strong>peccatores</strong></span> <span class='ocrx_word' id='word_1_25' title='bbox 1535 722 1661 769; x_wconf 85' lang='lat' dir='ltr'><strong>sunt</strong></span> <span class='ocrx_word' id='word_1_26' title='bbox 1685 712 1740 779; x_wconf 88' lang='lat' dir='ltr'><strong>ii,</strong></span> <span class='ocrx_word' id='word_1_27' title='bbox 1772 711 1862 782; x_wconf 91' lang='lat' dir='ltr'><strong>qui</strong></span> 
     </span>
    </p>
   </div>
   <div class='ocr_carea' id='block_1_5' title="bbox 268 805 1862 885">
    <p class='ocr_par' dir='ltr' id='par_1_5' title="bbox 268 805 1862 885">
     <span class='ocr_line' id='line_1_5' title="bbox 268 805 1862 885; baseline -0.01 -12"><span class='ocrx_word' id='word_1_28' title='bbox 268 818 465 873; x_wconf 90' lang='lat' dir='ltr'><strong>bellum</strong></span> <span class='ocrx_word' id='word_1_29' title='bbox 493 822 710 885; x_wconf 88' lang='lat' dir='ltr'><strong>gerunt,</strong></span> <span class='ocrx_word' id='word_1_30' title='bbox 738 810 1010 882; x_wconf 91' lang='lat' dir='ltr'><strong>quomodo</strong></span> <span class='ocrx_word' id='word_1_31' title='bbox 1037 824 1144 864; x_wconf 92' lang='lat' dir='ltr'><strong>non</strong></span> <span class='ocrx_word' id='word_1_32' title='bbox 1171 809 1328 879; x_wconf 87' lang='lat' dir='ltr'><strong>longe</strong></span> <span class='ocrx_word' id='word_1_33' title='bbox 1353 817 1433 862; x_wconf 86' lang='lat' dir='ltr'><strong>est</strong></span> <span class='ocrx_word' id='word_1_34' title='bbox 1460 807 1701 861; x_wconf 86' lang='lat' dir='ltr'><strong>omnium</strong></span> <span class='ocrx_word' id='word_1_35' title='bbox 1725 805 1862 860; x_wconf 83' lang='lat' dir='ltr'><strong>stul-</strong></span> 
     </span>
    </p>
   </div>
   <div class='ocr_carea' id='block_1_6' title="bbox 266 895 1862 975">
    <p class='ocr_par' dir='ltr' id='par_1_6' title="bbox 266 895 1862 975">
     <span class='ocr_line' id='line_1_6' title="bbox 266 895 1862 975; baseline -0.006 -15"><span class='ocrx_word' id='word_1_36' title='bbox 266 906 529 969; x_wconf 91' lang='lat' dir='ltr'><strong>tissimus,</strong></span> <span class='ocrx_word' id='word_1_37' title='bbox 557 904 648 975; x_wconf 91' lang='lat' dir='ltr'><strong>qui</strong></span> <span class='ocrx_word' id='word_1_38' title='bbox 691 902 847 973; x_wconf 91' lang='lat' dir='ltr'><strong>jubet</strong></span> <span class='ocrx_word' id='word_1_39' title='bbox 893 901 1087 955; x_wconf 90' lang='lat' dir='ltr'><strong>imitari</strong></span> <span class='ocrx_word' id='word_1_40' title='bbox 1125 900 1303 954; x_wconf 91' lang='lat' dir='ltr'><strong>avium</strong></span> <span class='ocrx_word' id='word_1_41' title='bbox 1333 896 1673 951; x_wconf 91' lang='lat' dir='ltr'><strong>timiditatem</strong></span> <span class='ocrx_word' id='word_1_42' title='bbox 1697 897 1722 948; x_wconf 78' lang='lat' dir='ltr'><strong>â€˜l</strong></span> <span class='ocrx_word' id='word_1_43' title='bbox 1746 895 1862 950; x_wconf 89' lang='lat' dir='ltr'><strong>Non</strong></span> 
     </span>
    </p>
   </div>
   <div class='ocr_carea' id='block_1_7' title="bbox 269 986 1865 1064">
    <p class='ocr_par' dir='ltr' id='par_1_7' title="bbox 269 986 1865 1064">
     <span class='ocr_line' id='line_1_7' title="bbox 269 986 1865 1064; baseline -0.007 -13"><span class='ocrx_word' id='word_1_44' title='bbox 269 997 585 1053; x_wconf 89' lang='lat' dir='ltr'><strong>consideras</strong></span> <span class='ocrx_word' id='word_1_45' title='bbox 609 992 881 1064; x_wconf 90' lang='lat' dir='ltr'><strong>quomodo</strong></span> <span class='ocrx_word' id='word_1_46' title='bbox 906 990 1196 1054; x_wconf 84' lang='lat' dir='ltr'><strong>exercitus,</strong></span> <span class='ocrx_word' id='word_1_47' title='bbox 1228 989 1318 1060; x_wconf 88' lang='lat' dir='ltr'><strong>qui</strong></span> <span class='ocrx_word' id='word_1_48' title='bbox 1347 998 1534 1043; x_wconf 91' lang='lat' dir='ltr'><strong>contra</strong></span> <span class='ocrx_word' id='word_1_49' title='bbox 1562 1002 1649 1043; x_wconf 90' lang='lat' dir='ltr'><strong>me</strong></span> <span class='ocrx_word' id='word_1_50' title='bbox 1677 994 1783 1041; x_wconf 85' lang='lat' dir='ltr'><strong>stat</strong></span> <span class='ocrx_word' id='word_1_51' title='bbox 1808 986 1865 1041; x_wconf 88' lang='lat' dir='ltr'><strong>in</strong></span> 
     </span>
    </p>
   </div>
   <div class='ocr_carea' id='block_1_8' title="bbox 275 1078 1862 1154">
    <p class='ocr_par' dir='ltr' id='par_1_8' title="bbox 275 1078 1862 1154">
     <span class='ocr_line' id='line_1_8' title="bbox 275 1078 1862 1154; baseline -0.006 -11"><span class='ocrx_word' id='word_1_52' title='bbox 275 1091 404 1154; x_wconf 83' lang='lat' dir='ltr'><strong>acie,</strong></span> <span class='ocrx_word' id='word_1_53' title='bbox 435 1096 519 1142; x_wconf 89' lang='lat' dir='ltr'><strong>est</strong></span> <span class='ocrx_word' id='word_1_54' title='bbox 558 1087 715 1141; x_wconf 81' lang='lat' dir='ltr'><strong>vilior</strong></span> <span class='ocrx_word' id='word_1_55' title='bbox 752 1084 994 1138; x_wconf 85' lang='lat' dir='ltr'><strong>aranea?</strong></span> <span class='ocrx_word' id='word_1_56' title='bbox 1034 1082 1090 1138; x_wconf 91' lang='lat' dir='ltr'><strong>Si</strong></span> <span class='ocrx_word' id='word_1_57' title='bbox 1121 1081 1266 1137; x_wconf 90' lang='lat' dir='ltr'><strong>enim</strong></span> <span class='ocrx_word' id='word_1_58' title='bbox 1294 1079 1637 1149; x_wconf 89' lang='lat' dir='ltr'><strong>Imperatoris</strong></span> <span class='ocrx_word' id='word_1_59' title='bbox 1666 1078 1862 1133; x_wconf 86' lang='lat' dir='ltr'><strong>terreni</strong></span> 
     </span>
    </p>
   </div>
   <div class='ocr_carea' id='block_1_9' title="bbox 274 1169 1867 1246">
    <p class='ocr_par' dir='ltr' id='par_1_9' title="bbox 274 1169 1867 1246">
     <span class='ocr_line' id='line_1_9' title="bbox 274 1169 1867 1246; baseline -0.007 -12"><span class='ocrx_word' id='word_1_60' title='bbox 274 1179 542 1241; x_wconf 88' lang='lat' dir='ltr'><strong>inimicus,</strong></span> <span class='ocrx_word' id='word_1_61' title='bbox 582 1178 903 1246; x_wconf 83' lang='lat' dir='ltr'><strong>ubicumque</strong></span> <span class='ocrx_word' id='word_1_62' title='bbox 945 1174 1124 1240; x_wconf 87' lang='lat' dir='ltr'><strong>fuerit,</strong></span> <span class='ocrx_word' id='word_1_63' title='bbox 1157 1174 1208 1227; x_wconf 88' lang='lat' dir='ltr'><strong>in</strong></span> <span class='ocrx_word' id='word_1_64' title='bbox 1257 1172 1496 1243; x_wconf 89' lang='lat' dir='ltr'><strong>periculo</strong></span> <span class='ocrx_word' id='word_1_65' title='bbox 1537 1170 1688 1237; x_wconf 89' lang='lat' dir='ltr'><strong>vivit,</strong></span> <span class='ocrx_word' id='word_1_66' title='bbox 1717 1169 1867 1224; x_wconf 84' lang='lat' dir='ltr'><strong>timet</strong></span> 
     </span>
    </p>
   </div>
   <div class='ocr_carea' id='block_1_10' title="bbox 273 1263 1854 1337">
    <p class='ocr_par' dir='ltr' id='par_1_10' title="bbox 273 1263 1854 1337">
     <span class='ocr_line' id='line_1_10' title="bbox 273 1263 1854 1337; baseline -0.006 -10"><span class='ocrx_word' id='word_1_67' title='bbox 273 1281 327 1327; x_wconf 91' lang='lat' dir='ltr'><strong>et</strong></span> <span class='ocrx_word' id='word_1_68' title='bbox 348 1271 718 1327; x_wconf 89' lang='lat' dir='ltr'><strong>contremiscit</strong></span> <span class='ocrx_word' id='word_1_69' title='bbox 742 1288 755 1324; x_wconf 92' lang='lat'><strong>:</strong></span> <span class='ocrx_word' id='word_1_70' title='bbox 788 1268 954 1323; x_wconf 90' lang='lat' dir='ltr'><strong>multo</strong></span> <span class='ocrx_word' id='word_1_71' title='bbox 980 1268 1148 1337; x_wconf 83' lang='lat' dir='ltr'><strong>magis</strong></span> <span class='ocrx_word' id='word_1_72' title='bbox 1179 1266 1269 1320; x_wconf 90' lang='lat' dir='ltr'><strong>Dei</strong></span> <span class='ocrx_word' id='word_1_73' title='bbox 1296 1264 1686 1319; x_wconf 90' lang='lat' dir='ltr'><strong>universorum.</strong></span> <span class='ocrx_word' id='word_1_74' title='bbox 1714 1263 1854 1331; x_wconf 84' lang='lat' dir='ltr'><strong>Quo-</strong></span> 
     </span>
    </p>
   </div>
   <div class='ocr_carea' id='block_1_11' title="bbox 274 1355 1868 1433">
    <p class='ocr_par' dir='ltr' id='par_1_11' title="bbox 274 1355 1868 1433">
     <span class='ocr_line' id='line_1_11' title="bbox 274 1355 1868 1433; baseline -0.005 -15"><span class='ocrx_word' id='word_1_75' title='bbox 274 1378 505 1433; x_wconf 87' lang='lat' dir='ltr'><strong>cumque</strong></span> <span class='ocrx_word' id='word_1_76' title='bbox 543 1363 691 1417; x_wconf 89' lang='lat' dir='ltr'><strong>enim</strong></span> <span class='ocrx_word' id='word_1_77' title='bbox 729 1360 956 1426; x_wconf 83' lang='lat' dir='ltr'><strong>venerit,</strong></span> <span class='ocrx_word' id='word_1_78' title='bbox 984 1372 1174 1413; x_wconf 88' lang='lat' dir='ltr'><strong>omnes</strong></span> <span class='ocrx_word' id='word_1_79' title='bbox 1202 1357 1363 1412; x_wconf 85' lang='lat' dir='ltr'><strong>habet</strong></span> <span class='ocrx_word' id='word_1_80' title='bbox 1392 1355 1662 1421; x_wconf 91' lang='lat' dir='ltr'><strong>inimicos,</strong></span> <span class='ocrx_word' id='word_1_81' title='bbox 1707 1364 1868 1424; x_wconf 90' lang='lat' dir='ltr'><strong>atque</strong></span> 
     </span>
    </p>
   </div>
   <div class='ocr_carea' id='block_1_12' title="bbox 273 1447 1868 1524">
    <p class='ocr_par' dir='ltr' id='par_1_12' title="bbox 273 1447 1868 1524">
     <span class='ocr_line' id='line_1_12' title="bbox 273 1447 1868 1524; baseline -0.006 -15"><span class='ocrx_word' id='word_1_82' title='bbox 273 1455 410 1511; x_wconf 92' lang='lat' dir='ltr'><strong>adeo</strong></span> <span class='ocrx_word' id='word_1_83' title='bbox 443 1458 617 1524; x_wconf 86' lang='lat' dir='ltr'><strong>ipsam</strong></span> <span class='ocrx_word' id='word_1_84' title='bbox 653 1453 818 1508; x_wconf 90' lang='lat' dir='ltr'><strong>etiam</strong></span> <span class='ocrx_word' id='word_1_85' title='bbox 857 1461 1179 1507; x_wconf 87' lang='lat' dir='ltr'><strong>creaturam.</strong></span> <span class='ocrx_word' id='word_1_86' title='bbox 1216 1448 1676 1517; x_wconf 85' lang='lat' dir='ltr'><strong>Quemadmodum</strong></span> <span class='ocrx_word' id='word_1_87' title='bbox 1721 1447 1868 1501; x_wconf 92' lang='lat' dir='ltr'><strong>enim</strong></span> 
     </span>
    </p>
   </div>
   <div class='ocr_carea' id='block_1_13' title="bbox 273 1538 1868 1616">
    <p class='ocr_par' dir='ltr' id='par_1_13' title="bbox 273 1538 1868 1616">
     <span class='ocr_line' id='line_1_13' title="bbox 273 1538 1868 1616; baseline -0.005 -15"><span class='ocrx_word' id='word_1_88' title='bbox 273 1549 481 1603; x_wconf 82' lang='lat' dir='ltr'><strong>amicos</strong></span> <span class='ocrx_word' id='word_1_89' title='bbox 503 1548 622 1616; x_wconf 89' lang='lat' dir='ltr'><strong>ejus</strong></span> <span class='ocrx_word' id='word_1_90' title='bbox 648 1557 702 1601; x_wconf 91' lang='lat' dir='ltr'><strong>et</strong></span> <span class='ocrx_word' id='word_1_91' title='bbox 725 1545 993 1600; x_wconf 90' lang='lat' dir='ltr'><strong>elementa</strong></span> <span class='ocrx_word' id='word_1_92' title='bbox 1022 1552 1077 1599; x_wconf 89' lang='lat' dir='ltr'><strong>et</strong></span> <span class='ocrx_word' id='word_1_93' title='bbox 1103 1542 1291 1598; x_wconf 84' lang='lat' dir='ltr'><strong>bestiae</strong></span> <span class='ocrx_word' id='word_1_94' title='bbox 1316 1549 1585 1607; x_wconf 92' lang='lat' dir='ltr'><strong>metuunt,</strong></span> <span class='ocrx_word' id='word_1_95' title='bbox 1613 1548 1669 1595; x_wconf 91' lang='lat' dir='ltr'><strong>et</strong></span> <span class='ocrx_word' id='word_1_96' title='bbox 1691 1538 1868 1594; x_wconf 90' lang='lat' dir='ltr'><strong>omnis</strong></span> 
     </span>
    </p>
   </div>
   <div class='ocr_carea' id='block_1_14' title="bbox 274 1630 1861 1705">
    <p class='ocr_par' dir='ltr' id='par_1_14' title="bbox 274 1630 1861 1705">
     <span class='ocr_line' id='line_1_14' title="bbox 274 1630 1861 1705; baseline -0.006 -11"><span class='ocrx_word' id='word_1_97' title='bbox 274 1648 521 1694; x_wconf 88' lang='lat' dir='ltr'><strong>creatura</strong></span> <span class='ocrx_word' id='word_1_98' title='bbox 574 1646 851 1692; x_wconf 89' lang='lat' dir='ltr'><strong>reveretur</strong></span> <span class='ocrx_word' id='word_1_99' title='bbox 879 1634 898 1704; x_wconf 94' lang='lat'><strong>(</strong></span> <span class='ocrx_word' id='word_1_100' title='bbox 927 1634 1059 1705; x_wconf 88' lang='lat' dir='ltr'><strong>Sap.</strong></span> <span class='ocrx_word' id='word_1_101' title='bbox 1091 1635 1144 1690; x_wconf 87' lang='lat'><strong>5.</strong></span> <span class='ocrx_word' id='word_1_102' title='bbox 1176 1633 1243 1688; x_wconf 82' lang='lat' dir='ltr'><strong>l8</strong></span> <span class='ocrx_word' id='word_1_103' title='bbox 1270 1630 1291 1705; x_wconf 93' lang='lat'>)</span> <span class='ocrx_word' id='word_1_104' title='bbox 1323 1651 1336 1687; x_wconf 94' lang='lat'><strong>:</strong></span> <span class='ocrx_word' id='word_1_105' title='bbox 1370 1633 1443 1687; x_wconf 90' lang='lat' dir='ltr'><strong>ita</strong></span> <span class='ocrx_word' id='word_1_106' title='bbox 1484 1630 1762 1687; x_wconf 90' lang='lat' dir='ltr'><strong>inimicum</strong></span> <span class='ocrx_word' id='word_1_107' title='bbox 1807 1638 1861 1685; x_wconf 89' lang='lat' dir='ltr'><strong>et</strong></span> 
     </span>
    </p>
   </div>
   <div class='ocr_carea' id='block_1_15' title="bbox 275 1718 1870 1799">
    <p class='ocr_par' dir='ltr' id='par_1_15' title="bbox 275 1718 1870 1799">
     <span class='ocr_line' id='line_1_15' title="bbox 275 1718 1870 1799; baseline -0.006 -13"><span class='ocrx_word' id='word_1_108' title='bbox 275 1732 489 1786; x_wconf 87' lang='lat' dir='ltr'><strong>hostem</strong></span> <span class='ocrx_word' id='word_1_109' title='bbox 520 1730 662 1785; x_wconf 92' lang='lat' dir='ltr'><strong>bello</strong></span> <span class='ocrx_word' id='word_1_110' title='bbox 687 1736 874 1799; x_wconf 87' lang='lat' dir='ltr'><strong>petunt</strong></span> <span class='ocrx_word' id='word_1_111' title='bbox 897 1736 948 1782; x_wconf 88' lang='lat' dir='ltr'><strong>et</strong></span> <span class='ocrx_word' id='word_1_112' title='bbox 973 1734 1317 1783; x_wconf 81' lang='lat' dir='ltr'><strong>exsecrantur</strong></span> <span class='ocrx_word' id='word_1_113' title='bbox 1339 1724 1422 1780; x_wconf 84' lang='lat' dir='ltr'><strong>vel</strong></span> <span class='ocrx_word' id='word_1_114' title='bbox 1455 1718 1569 1794; x_wconf 84' lang='lat' dir='ltr'><strong>ipsa</strong></span> <span class='ocrx_word' id='word_1_115' title='bbox 1594 1725 1757 1779; x_wconf 92' lang='lat' dir='ltr'><strong>etiam</strong></span> <span class='ocrx_word' id='word_1_116' title='bbox 1784 1722 1870 1776; x_wconf 86' lang='lat' dir='ltr'><strong>in-</strong></span> 
     </span>
    </p>
   </div>
   <div class='ocr_carea' id='block_1_16' title="bbox 275 1813 1868 1888">
    <p class='ocr_par' dir='ltr' id='par_1_16' title="bbox 275 1813 1868 1888">
     <span class='ocr_line' id='line_1_16' title="bbox 275 1813 1868 1888; baseline -0.006 -11"><span class='ocrx_word' id='word_1_117' title='bbox 275 1821 575 1877; x_wconf 84' lang='lat' dir='ltr'><strong>sensibilia.</strong></span> <span class='ocrx_word' id='word_1_118' title='bbox 596 1821 662 1875; x_wconf 86' lang='lat' dir='ltr'><strong>Et</strong></span> <span class='ocrx_word' id='word_1_119' title='bbox 690 1820 810 1874; x_wconf 90' lang='lat' dir='ltr'><strong>ideo</strong></span> <span class='ocrx_word' id='word_1_120' title='bbox 840 1818 959 1873; x_wconf 89' lang='lat' dir='ltr'><strong>illos</strong></span> <span class='ocrx_word' id='word_1_121' title='bbox 987 1815 1202 1888; x_wconf 88' lang='lat' dir='ltr'><strong>quidem</strong></span> <span class='ocrx_word' id='word_1_122' title='bbox 1230 1817 1540 1887; x_wconf 89' lang='lat' dir='ltr'><strong>priusquam</strong></span> <span class='ocrx_word' id='word_1_123' title='bbox 1560 1813 1642 1869; x_wconf 90' lang='lat' dir='ltr'><strong>vel</strong></span> <span class='ocrx_word' id='word_1_124' title='bbox 1670 1822 1868 1868; x_wconf 90' lang='lat' dir='ltr'><strong>terram</strong></span> 
     </span>
    </p>
   </div>
   <div class='ocr_carea' id='block_1_17' title="bbox 278 1907 1869 1982">
    <p class='ocr_par' dir='ltr' id='par_1_17' title="bbox 278 1907 1869 1982">
     <span class='ocr_line' id='line_1_17' title="bbox 278 1907 1869 1982; baseline -0.004 -16"><span class='ocrx_word' id='word_1_125' title='bbox 278 1920 581 1982; x_wconf 80' lang='lat' dir='ltr'><strong>tangerent,</strong></span> <span class='ocrx_word' id='word_1_126' title='bbox 614 1910 741 1966; x_wconf 88' lang='lat' dir='ltr'><strong>ferae</strong></span> <span class='ocrx_word' id='word_1_127' title='bbox 760 1908 1130 1977; x_wconf 85' lang='lat' dir='ltr'><strong>confecerunt,</strong></span> <span class='ocrx_word' id='word_1_128' title='bbox 1161 1907 1262 1963; x_wconf 90' lang='lat' dir='ltr'><strong>hos</strong></span> <span class='ocrx_word' id='word_1_129' title='bbox 1288 1923 1417 1963; x_wconf 89' lang='lat' dir='ltr'><strong>vero</strong></span> <span class='ocrx_word' id='word_1_130' title='bbox 1444 1907 1581 1976; x_wconf 84' lang='lat' dir='ltr'><strong>ignis</strong></span> <span class='ocrx_word' id='word_1_131' title='bbox 1613 1920 1869 1962; x_wconf 88' lang='lat' dir='ltr'><strong>consum-</strong></span> 
     </span>
    </p>
   </div>
   <div class='ocr_carea' id='block_1_18' title="bbox 279 2001 1872 2077">
    <p class='ocr_par' dir='ltr' id='par_1_18' title="bbox 279 2001 1872 2077">
     <span class='ocr_line' id='line_1_18' title="bbox 279 2001 1872 2077; baseline -0.006 -16"><span class='ocrx_word' id='word_1_132' title='bbox 279 2008 407 2077; x_wconf 87' lang='lat' dir='ltr'><strong>psit.</strong></span> <span class='ocrx_word' id='word_1_133' title='bbox 434 2006 504 2060; x_wconf 84' lang='lat' dir='ltr'><strong>At</strong></span> <span class='ocrx_word' id='word_1_134' title='bbox 528 2006 724 2060; x_wconf 87' lang='lat' dir='ltr'><strong>habent</strong></span> <span class='ocrx_word' id='word_1_135' title='bbox 749 2018 904 2058; x_wconf 91' lang='lat' dir='ltr'><strong>arcus</strong></span> <span class='ocrx_word' id='word_1_136' title='bbox 929 2011 984 2057; x_wconf 90' lang='lat' dir='ltr'><strong>et</strong></span> <span class='ocrx_word' id='word_1_137' title='bbox 1001 2001 1325 2073; x_wconf 88' lang='lat' dir='ltr'><strong>pharetram,</strong></span> <span class='ocrx_word' id='word_1_138' title='bbox 1353 2009 1408 2056; x_wconf 91' lang='lat' dir='ltr'><strong>et</strong></span> <span class='ocrx_word' id='word_1_139' title='bbox 1434 2001 1513 2055; x_wconf 92' lang='lat' dir='ltr'><strong>eis</strong></span> <span class='ocrx_word' id='word_1_140' title='bbox 1540 2007 1719 2069; x_wconf 89' lang='lat' dir='ltr'><strong>parata</strong></span> <span class='ocrx_word' id='word_1_141' title='bbox 1747 2005 1872 2053; x_wconf 89' lang='lat' dir='ltr'><strong>sunt</strong></span> 
     </span>
    </p>
   </div>
   <div class='ocr_carea' id='block_1_19' title="bbox 279 2087 1871 2163">
    <p class='ocr_par' dir='ltr' id='par_1_19' title="bbox 279 2087 1871 2163">
     <span class='ocr_line' id='line_1_19' title="bbox 279 2087 1871 2163; baseline -0.004 -14"><span class='ocrx_word' id='word_1_142' title='bbox 279 2097 495 2151; x_wconf 89' lang='lat' dir='ltr'><strong>omnia:</strong></span> <span class='ocrx_word' id='word_1_143' title='bbox 529 2095 788 2149; x_wconf 83' lang='lat' dir='ltr'><strong>Pararunt</strong></span> <span class='ocrx_word' id='word_1_144' title='bbox 816 2093 980 2160; x_wconf 89' lang='lat' dir='ltr'><strong>enim,</strong></span> <span class='ocrx_word' id='word_1_145' title='bbox 1025 2092 1215 2163; x_wconf 88' lang='lat' dir='ltr'><strong>inquit,</strong></span> <span class='ocrx_word' id='word_1_146' title='bbox 1260 2106 1321 2146; x_wconf 89' lang='lat' dir='ltr'><strong>ea</strong></span> <span class='ocrx_word' id='word_1_147' title='bbox 1367 2091 1421 2145; x_wconf 91' lang='lat' dir='ltr'><strong>in</strong></span> <span class='ocrx_word' id='word_1_148' title='bbox 1458 2090 1744 2161; x_wconf 90' lang='lat' dir='ltr'><strong>pharetra:</strong></span> <span class='ocrx_word' id='word_1_149' title='bbox 1775 2087 1871 2143; x_wconf 88' lang='lat' dir='ltr'><strong>sed</strong></span> 
     </span>
    </p>
   </div>
   <div class='ocr_carea' id='block_1_20' title="bbox 279 2179 1869 2251">
    <p class='ocr_par' dir='ltr' id='par_1_20' title="bbox 279 2179 1869 2251">
     <span class='ocr_line' id='line_1_20' title="bbox 279 2179 1869 2251; baseline -0.007 -9"><span class='ocrx_word' id='word_1_150' title='bbox 279 2187 443 2242; x_wconf 77' lang='lat' dir='ltr'><strong>nullae</strong></span> <span class='ocrx_word' id='word_1_151' title='bbox 473 2194 598 2241; x_wconf 88' lang='lat' dir='ltr'><strong>sunt</strong></span> <span class='ocrx_word' id='word_1_152' title='bbox 623 2200 807 2240; x_wconf 91' lang='lat' dir='ltr'><strong>eorum</strong></span> <span class='ocrx_word' id='word_1_153' title='bbox 840 2183 1005 2248; x_wconf 89' lang='lat' dir='ltr'><strong>vires,</strong></span> <span class='ocrx_word' id='word_1_154' title='bbox 1040 2197 1141 2237; x_wconf 90' lang='lat' dir='ltr'><strong>nec</strong></span> <span class='ocrx_word' id='word_1_155' title='bbox 1165 2196 1258 2237; x_wconf 90' lang='lat' dir='ltr'><strong>eos</strong></span> <span class='ocrx_word' id='word_1_156' title='bbox 1288 2190 1568 2251; x_wconf 84' lang='lat' dir='ltr'><strong>propterea</strong></span> <span class='ocrx_word' id='word_1_157' title='bbox 1597 2179 1869 2234; x_wconf 87' lang='lat' dir='ltr'><strong>timemus.</strong></span> 
     </span>
    </p>
   </div>
   <div class='ocr_carea' id='block_1_21' title="bbox 279 2271 1871 2348">
    <p class='ocr_par' dir='ltr' id='par_1_21' title="bbox 279 2271 1871 2348">
     <span class='ocr_line' id='line_1_21' title="bbox 279 2271 1871 2348; baseline -0.005 -15"><span class='ocrx_word' id='word_1_158' title='bbox 279 2279 414 2333; x_wconf 82' lang='lat' dir='ltr'><strong>Nam</strong></span> <span class='ocrx_word' id='word_1_159' title='bbox 444 2292 617 2348; x_wconf 90' lang='lat' dir='ltr'><strong>neque</strong></span> <span class='ocrx_word' id='word_1_160' title='bbox 643 2278 688 2332; x_wconf 91' lang='lat' dir='ltr'><strong>si</strong></span> <span class='ocrx_word' id='word_1_161' title='bbox 713 2275 948 2331; x_wconf 88' lang='lat' dir='ltr'><strong>viderem</strong></span> <span class='ocrx_word' id='word_1_162' title='bbox 973 2274 1274 2344; x_wconf 88' lang='lat' dir='ltr'><strong>quempiam</strong></span> <span class='ocrx_word' id='word_1_163' title='bbox 1315 2273 1404 2343; x_wconf 90' lang='lat' dir='ltr'><strong>qui</strong></span> <span class='ocrx_word' id='word_1_164' title='bbox 1440 2271 1661 2327; x_wconf 87' lang='lat' dir='ltr'><strong>haberet</strong></span> <span class='ocrx_word' id='word_1_165' title='bbox 1688 2285 1871 2326; x_wconf 89' lang='lat' dir='ltr'><strong>arcum</strong></span> 
     </span>
    </p>
   </div>
   <div class='ocr_carea' id='block_1_22' title="bbox 280 2361 1876 2435">
    <p class='ocr_par' dir='ltr' id='par_1_22' title="bbox 280 2361 1876 2435">
     <span class='ocr_line' id='line_1_22' title="bbox 280 2361 1876 2435; baseline -0.004 -12"><span class='ocrx_word' id='word_1_166' title='bbox 280 2369 538 2433; x_wconf 88' lang='lat' dir='ltr'><strong>solutum,</strong></span> <span class='ocrx_word' id='word_1_167' title='bbox 573 2367 838 2422; x_wconf 88' lang='lat' dir='ltr'><strong>timerem.</strong></span> <span class='ocrx_word' id='word_1_168' title='bbox 863 2364 999 2433; x_wconf 83' lang='lat' dir='ltr'><strong>Quid</strong></span> <span class='ocrx_word' id='word_1_169' title='bbox 1030 2364 1169 2421; x_wconf 90' lang='lat' dir='ltr'><strong>enim</strong></span> <span class='ocrx_word' id='word_1_170' title='bbox 1192 2364 1380 2435; x_wconf 90' lang='lat' dir='ltr'><strong>juvant</strong></span> <span class='ocrx_word' id='word_1_171' title='bbox 1400 2377 1568 2428; x_wconf 91' lang='lat' dir='ltr'><strong>arma,</strong></span> <span class='ocrx_word' id='word_1_172' title='bbox 1594 2363 1637 2418; x_wconf 90' lang='lat' dir='ltr'><strong>si</strong></span> <span class='ocrx_word' id='word_1_173' title='bbox 1669 2377 1775 2416; x_wconf 92' lang='lat' dir='ltr'><strong>non</strong></span> <span class='ocrx_word' id='word_1_174' title='bbox 1806 2361 1876 2417; x_wconf 86' lang='lat' dir='ltr'><strong>sit</strong></span> 
     </span>
    </p>
   </div>
   <div class='ocr_carea' id='block_1_23' title="bbox 281 2453 1900 2528">
    <p class='ocr_par' dir='ltr' id='par_1_23' title="bbox 281 2453 1900 2528">
     <span class='ocr_line' id='line_1_23' title="bbox 281 2453 1900 2528; baseline -0.004 -15"><span class='ocrx_word' id='word_1_175' title='bbox 281 2459 492 2514; x_wconf 85' lang='lat' dir='ltr'><strong>virtus?</strong></span> <span class='ocrx_word' id='word_1_176' title='bbox 521 2458 629 2514; x_wconf 81' lang='lat' dir='ltr'><strong>Nec</strong></span> <span class='ocrx_word' id='word_1_177' title='bbox 660 2458 746 2512; x_wconf 89' lang='lat' dir='ltr'><strong>hic</strong></span> <span class='ocrx_word' id='word_1_178' title='bbox 786 2474 914 2528; x_wconf 84' lang='lat' dir='ltr'><strong>ergo</strong></span> <span class='ocrx_word' id='word_1_179' title='bbox 952 2457 996 2513; x_wconf 88' lang='lat' dir='ltr'><strong>si</strong></span> <span class='ocrx_word' id='word_1_180' title='bbox 1039 2472 1144 2511; x_wconf 91' lang='lat' dir='ltr'><strong>non</strong></span> <span class='ocrx_word' id='word_1_181' title='bbox 1185 2455 1324 2510; x_wconf 88' lang='lat' dir='ltr'><strong>adsit</strong></span> <span class='ocrx_word' id='word_1_182' title='bbox 1354 2455 1446 2510; x_wconf 89' lang='lat' dir='ltr'><strong>Dei</strong></span> <span class='ocrx_word' id='word_1_183' title='bbox 1477 2453 1900 2510; x_wconf 66' lang='lat' dir='ltr'><strong>benevolentia.~</strong></span> 
     </span>
    </p>
   </div>
   <div class='ocr_carea' id='block_1_24' title="bbox 288 2544 1873 2616">
    <p class='ocr_par' dir='ltr' id='par_1_24' title="bbox 288 2544 1873 2616">
     <span class='ocr_line' id='line_1_24' title="bbox 288 2544 1873 2616; baseline -0.004 -11"><span class='ocrx_word' id='word_1_184' title='bbox 288 2553 358 2605; x_wconf 80' lang='lat' dir='ltr'><strong>At</strong></span> <span class='ocrx_word' id='word_1_185' title='bbox 377 2549 534 2603; x_wconf 85' lang='lat' dir='ltr'><strong>dolos</strong></span> <span class='ocrx_word' id='word_1_186' title='bbox 563 2557 797 2613; x_wconf 87' lang='lat' dir='ltr'><strong>struunt,</strong></span> <span class='ocrx_word' id='word_1_187' title='bbox 823 2556 997 2602; x_wconf 89' lang='lat' dir='ltr'><strong>etnon</strong></span> <span class='ocrx_word' id='word_1_188' title='bbox 1025 2556 1168 2601; x_wconf 85' lang='lat' dir='ltr'><strong>recta</strong></span> <span class='ocrx_word' id='word_1_189' title='bbox 1194 2545 1593 2616; x_wconf 85' lang='lat' dir='ltr'><strong>aggrediuntur.</strong></span> <span class='ocrx_word' id='word_1_190' title='bbox 1617 2544 1873 2614; x_wconf 84' lang='lat' dir='ltr'><strong>Propter-</strong></span> 
     </span>
    </p>
   </div>
   <div class='ocr_carea' id='block_1_25' title="bbox 281 2633 1874 2706">
    <p class='ocr_par' dir='ltr' id='par_1_25' title="bbox 281 2633 1874 2706">
     <span class='ocr_line' id='line_1_25' title="bbox 281 2633 1874 2706; baseline -0.004 -13"><span class='ocrx_word' id='word_1_191' title='bbox 281 2654 342 2693; x_wconf 86' lang='lat' dir='ltr'><strong>ea</strong></span> <span class='ocrx_word' id='word_1_192' title='bbox 390 2653 489 2694; x_wconf 90' lang='lat' dir='ltr'><strong>eos</strong></span> <span class='ocrx_word' id='word_1_193' title='bbox 540 2638 770 2693; x_wconf 83' lang='lat' dir='ltr'><strong>maxime</strong></span> <span class='ocrx_word' id='word_1_194' title='bbox 812 2636 981 2702; x_wconf 88' lang='lat' dir='ltr'><strong>rideo,</strong></span> <span class='ocrx_word' id='word_1_195' title='bbox 1029 2635 1171 2706; x_wconf 87' lang='lat' dir='ltr'><strong>quod</strong></span> <span class='ocrx_word' id='word_1_196' title='bbox 1212 2636 1465 2705; x_wconf 85' lang='lat' dir='ltr'><strong>sagittent</strong></span> <span class='ocrx_word' id='word_1_197' title='bbox 1522 2635 1575 2689; x_wconf 91' lang='lat' dir='ltr'><strong>in</strong></span> <span class='ocrx_word' id='word_1_198' title='bbox 1620 2633 1874 2690; x_wconf 85' lang='lat' dir='ltr'><strong>tenebris.</strong></span> 
     </span>
    </p>
   </div>
   <div class='ocr_carea' id='block_1_26' title="bbox 283 2724 1877 2797">
    <p class='ocr_par' dir='ltr' id='par_1_26' title="bbox 283 2724 1877 2797">
     <span class='ocr_line' id='line_1_26' title="bbox 283 2724 1877 2797; baseline -0.003 -13"><span class='ocrx_word' id='word_1_199' title='bbox 283 2730 423 2785; x_wconf 85' lang='lat' dir='ltr'><strong>Nihil</strong></span> <span class='ocrx_word' id='word_1_200' title='bbox 465 2727 612 2782; x_wconf 90' lang='lat' dir='ltr'><strong>enim</strong></span> <span class='ocrx_word' id='word_1_201' title='bbox 661 2728 977 2783; x_wconf 86' lang='lat' dir='ltr'><strong>imbecillius</strong></span> <span class='ocrx_word' id='word_1_202' title='bbox 1006 2727 1121 2783; x_wconf 88' lang='lat' dir='ltr'><strong>viro</strong></span> <span class='ocrx_word' id='word_1_203' title='bbox 1160 2727 1251 2797; x_wconf 88' lang='lat' dir='ltr'><strong>qui</strong></span> <span class='ocrx_word' id='word_1_204' title='bbox 1283 2726 1440 2781; x_wconf 90' lang='lat' dir='ltr'><strong>struit</strong></span> <span class='ocrx_word' id='word_1_205' title='bbox 1480 2725 1719 2780; x_wconf 86' lang='lat' dir='ltr'><strong>insidias.</strong></span> <span class='ocrx_word' id='word_1_206' title='bbox 1758 2724 1877 2780; x_wconf 89' lang='lat' dir='ltr'><strong>Non</strong></span> 
     </span>
    </p>
   </div>
   <div class='ocr_carea' id='block_1_27' title="bbox 284 2818 1877 2893">
    <p class='ocr_par' dir='ltr' id='par_1_27' title="bbox 284 2818 1877 2893">
     <span class='ocr_line' id='line_1_27' title="bbox 284 2818 1877 2893; baseline -0.003 -16"><span class='ocrx_word' id='word_1_207' title='bbox 284 2838 419 2893; x_wconf 86' lang='lat' dir='ltr'><strong>opus</strong></span> <span class='ocrx_word' id='word_1_208' title='bbox 448 2822 613 2878; x_wconf 85' lang='lat' dir='ltr'><strong>habet</strong></span> <span class='ocrx_word' id='word_1_209' title='bbox 640 2831 697 2877; x_wconf 92' lang='lat' dir='ltr'><strong>ut</strong></span> <span class='ocrx_word' id='word_1_210' title='bbox 721 2823 883 2878; x_wconf 91' lang='lat' dir='ltr'><strong>armis</strong></span> <span class='ocrx_word' id='word_1_211' title='bbox 907 2822 1135 2877; x_wconf 90' lang='lat' dir='ltr'><strong>aliorum</strong></span> <span class='ocrx_word' id='word_1_212' title='bbox 1163 2821 1440 2892; x_wconf 88' lang='lat' dir='ltr'><strong>capiatur:</strong></span> <span class='ocrx_word' id='word_1_213' title='bbox 1474 2819 1568 2874; x_wconf 88' lang='lat' dir='ltr'><strong>sed</strong></span> <span class='ocrx_word' id='word_1_214' title='bbox 1595 2818 1735 2874; x_wconf 88' lang='lat' dir='ltr'><strong>cadit</strong></span> <span class='ocrx_word' id='word_1_215' title='bbox 1762 2833 1877 2872; x_wconf 85' lang='lat' dir='ltr'><strong>ma-</strong></span> 
     </span>
    </p>
   </div>
   <div class='ocr_carea' id='block_1_28' title="bbox 286 2909 1879 2986">
    <p class='ocr_par' dir='ltr' id='par_1_28' title="bbox 286 2909 1879 2986">
     <span class='ocr_line' id='line_1_28' title="bbox 286 2909 1879 2986; baseline -0.003 -18"><span class='ocrx_word' id='word_1_216' title='bbox 286 2932 354 2970; x_wconf 92' lang='lat' dir='ltr'><strong>nu</strong></span> <span class='ocrx_word' id='word_1_217' title='bbox 377 2917 617 2986; x_wconf 81' lang='lat' dir='ltr'><strong>pmpria,</strong></span> <span class='ocrx_word' id='word_1_218' title='bbox 651 2923 706 2969; x_wconf 91' lang='lat' dir='ltr'><strong>ct</strong></span> <span class='ocrx_word' id='word_1_219' title='bbox 729 2929 822 2969; x_wconf 92' lang='lat' dir='ltr'><strong>sua</strong></span> <span class='ocrx_word' id='word_1_220' title='bbox 848 2914 1013 2984; x_wconf 90' lang='lat' dir='ltr'><strong>ipsius</strong></span> <span class='ocrx_word' id='word_1_221' title='bbox 1051 2912 1240 2968; x_wconf 85' lang='lat' dir='ltr'><strong>fraude</strong></span> <span class='ocrx_word' id='word_1_222' title='bbox 1286 2911 1563 2967; x_wconf 87' lang='lat' dir='ltr'><strong>evertitur.</strong></span> <span class='ocrx_word' id='word_1_223' title='bbox 1588 2909 1723 2978; x_wconf 88' lang='lat' dir='ltr'><strong>Quid</strong></span> <span class='ocrx_word' id='word_1_224' title='bbox 1752 2923 1879 2978; x_wconf 87' lang='lat' dir='ltr'><strong>ergo</strong></span> 
     </span>
    </p>
   </div>
   <div class='ocr_carea' id='block_1_29' title="bbox 285 2999 1879 3076">
    <p class='ocr_par' dir='ltr' id='par_1_29' title="bbox 285 2999 1879 3076">
     <span class='ocr_line' id='line_1_29' title="bbox 285 2999 1879 3076; baseline -0.005 -13"><span class='ocrx_word' id='word_1_225' title='bbox 285 3009 455 3076; x_wconf 86' lang='lat' dir='ltr'><strong>possit</strong></span> <span class='ocrx_word' id='word_1_226' title='bbox 481 3022 603 3063; x_wconf 91' lang='lat' dir='ltr'><strong>esse</strong></span> <span class='ocrx_word' id='word_1_227' title='bbox 628 3021 694 3061; x_wconf 88' lang='lat' dir='ltr'><strong>eo</strong></span> <span class='ocrx_word' id='word_1_228' title='bbox 725 3004 1043 3060; x_wconf 87' lang='lat' dir='ltr'><strong>imbecillius</strong></span> <span class='ocrx_word' id='word_1_229' title='bbox 1067 3044 1081 3068; x_wconf 89' lang='lat'><strong>,</strong></span> <span class='ocrx_word' id='word_1_230' title='bbox 1119 3001 1334 3074; x_wconf 85' lang='lat' dir='ltr'><strong>quando</strong></span> <span class='ocrx_word' id='word_1_231' title='bbox 1361 3001 1567 3070; x_wconf 90' lang='lat' dir='ltr'><strong>capitur</strong></span> <span class='ocrx_word' id='word_1_232' title='bbox 1591 3015 1623 3054; x_wconf 92' lang='lat' dir='ltr'><strong>a</strong></span> <span class='ocrx_word' id='word_1_233' title='bbox 1650 2999 1879 3069; x_wconf 88' lang='lat' dir='ltr'><strong>propriis</strong></span> 
     </span>
    </p>
   </div>
   <div class='ocr_carea' id='block_1_30' title="bbox 286 3091 1875 3164">
    <p class='ocr_par' dir='ltr' id='par_1_30' title="bbox 286 3091 1875 3164">
     <span class='ocr_line' id='line_1_30' title="bbox 286 3091 1875 3164; baseline -0.006 -11"><span class='ocrx_word' id='word_1_234' title='bbox 286 3097 811 3154; x_wconf 81' lang='lat' dir='ltr'><strong>machinationibus?</strong></span> <span class='ocrx_word' id='word_1_235' title='bbox 858 3096 991 3150; x_wconf 89' lang='lat' dir='ltr'><strong>Cum</strong></span> <span class='ocrx_word' id='word_1_236' title='bbox 1029 3095 1114 3150; x_wconf 93' lang='lat' dir='ltr'><strong>his</strong></span> <span class='ocrx_word' id='word_1_237' title='bbox 1160 3101 1339 3148; x_wconf 86' lang='lat' dir='ltr'><strong>autem</strong></span> <span class='ocrx_word' id='word_1_238' title='bbox 1382 3105 1668 3164; x_wconf 88' lang='lat' dir='ltr'><strong>possumus</strong></span> <span class='ocrx_word' id='word_1_239' title='bbox 1710 3091 1875 3145; x_wconf 89' lang='lat' dir='ltr'><strong>etiam</strong></span> 
     </span>
    </p>
   </div>
   <div class='ocr_carea' id='block_1_31' title="bbox 286 3180 1880 3253">
    <p class='ocr_par' dir='ltr' id='par_1_31' title="bbox 286 3180 1880 3253">
     <span class='ocr_line' id='line_1_31' title="bbox 286 3180 1880 3253; baseline -0.005 -10"><span class='ocrx_word' id='word_1_240' title='bbox 286 3189 428 3244; x_wconf 83' lang='lat' dir='ltr'><strong>aliud</strong></span> <span class='ocrx_word' id='word_1_241' title='bbox 455 3189 639 3244; x_wconf 87' lang='lat' dir='ltr'><strong>dicere.</strong></span> <span class='ocrx_word' id='word_1_242' title='bbox 664 3205 678 3240; x_wconf 89' lang='lat'><strong>:</strong></span> <span class='ocrx_word' id='word_1_243' title='bbox 706 3202 802 3242; x_wconf 84' lang='lat' dir='ltr'><strong>eos</strong></span> <span class='ocrx_word' id='word_1_244' title='bbox 842 3201 946 3241; x_wconf 91' lang='lat' dir='ltr'><strong>non</strong></span> <span class='ocrx_word' id='word_1_245' title='bbox 988 3186 1159 3241; x_wconf 90' lang='lat' dir='ltr'><strong>solum</strong></span> <span class='ocrx_word' id='word_1_246' title='bbox 1188 3185 1386 3240; x_wconf 90' lang='lat' dir='ltr'><strong>bellum</strong></span> <span class='ocrx_word' id='word_1_247' title='bbox 1412 3197 1599 3253; x_wconf 83' lang='lat' dir='ltr'><strong>gerere</strong></span> <span class='ocrx_word' id='word_1_248' title='bbox 1623 3180 1880 3237; x_wconf 88' lang='lat' dir='ltr'><strong>adversus</strong></span> 
     </span>
    </p>
   </div>
   <div class='ocr_carea' id='block_1_32' title="bbox 286 3270 1879 3350">
    <p class='ocr_par' dir='ltr' id='par_1_32' title="bbox 286 3270 1879 3350">
     <span class='ocr_line' id='line_1_32' title="bbox 286 3270 1879 3350; baseline -0.004 -17"><span class='ocrx_word' id='word_1_249' title='bbox 286 3294 376 3334; x_wconf 88' lang='lat' dir='ltr'><strong>eos</strong></span> <span class='ocrx_word' id='word_1_250' title='bbox 400 3321 416 3346; x_wconf 92' lang='lat'><strong>,</strong></span> <span class='ocrx_word' id='word_1_251' title='bbox 446 3279 640 3350; x_wconf 90' lang='lat' dir='ltr'><strong>quibus</strong></span> <span class='ocrx_word' id='word_1_252' title='bbox 669 3279 805 3332; x_wconf 90' lang='lat' dir='ltr'><strong>Deus</strong></span> <span class='ocrx_word' id='word_1_253' title='bbox 828 3277 931 3332; x_wconf 84' lang='lat' dir='ltr'><strong>fert</strong></span> <span class='ocrx_word' id='word_1_254' title='bbox 953 3274 1206 3331; x_wconf 81' lang='lat' dir='ltr'><strong>auxilium</strong></span> <span class='ocrx_word' id='word_1_255' title='bbox 1235 3315 1251 3340; x_wconf 94' lang='lat'><strong>,</strong></span> <span class='ocrx_word' id='word_1_256' title='bbox 1276 3274 1431 3344; x_wconf 83' lang='lat' dir='ltr'><strong>idque</strong></span> <span class='ocrx_word' id='word_1_257' title='bbox 1449 3288 1570 3327; x_wconf 87' lang='lat' dir='ltr'><strong>cum</strong></span> <span class='ocrx_word' id='word_1_258' title='bbox 1598 3270 1721 3327; x_wconf 92' lang='lat' dir='ltr'><strong>dolo</strong></span> <span class='ocrx_word' id='word_1_259' title='bbox 1740 3312 1759 3338; x_wconf 94' lang='lat'><strong>,</strong></span> <span class='ocrx_word' id='word_1_260' title='bbox 1783 3270 1879 3327; x_wconf 88' lang='lat' dir='ltr'><strong>sed</strong></span> 
     </span>
    </p>
   </div>
   <div class='ocr_carea' id='block_1_33' title="bbox 289 3362 1883 3438">
    <p class='ocr_par' dir='ltr' id='par_1_33' title="bbox 289 3362 1883 3438">
     <span class='ocr_line' id='line_1_33' title="bbox 289 3362 1883 3438; baseline -0.004 -13"><span class='ocrx_word' id='word_1_261' title='bbox 289 3372 450 3425; x_wconf 89' lang='lat' dir='ltr'><strong>etiam</strong></span> <span class='ocrx_word' id='word_1_262' title='bbox 486 3370 748 3425; x_wconf 89' lang='lat' dir='ltr'><strong>adversus</strong></span> <span class='ocrx_word' id='word_1_263' title='bbox 778 3369 1111 3434; x_wconf 89' lang='lat' dir='ltr'><strong>innocentes,</strong></span> <span class='ocrx_word' id='word_1_264' title='bbox 1141 3376 1194 3422; x_wconf 91' lang='lat' dir='ltr'><strong>et</strong></span> <span class='ocrx_word' id='word_1_265' title='bbox 1221 3367 1310 3438; x_wconf 90' lang='lat' dir='ltr'><strong>qui</strong></span> <span class='ocrx_word' id='word_1_266' title='bbox 1339 3366 1484 3435; x_wconf 85' lang='lat' dir='ltr'><strong>ipsos</strong></span> <span class='ocrx_word' id='word_1_267' title='bbox 1513 3364 1656 3420; x_wconf 91' lang='lat' dir='ltr'><strong>nulla</strong></span> <span class='ocrx_word' id='word_1_268' title='bbox 1683 3362 1883 3419; x_wconf 81' lang='lat' dir='ltr'><strong>all&#39;ece-</strong></span> 
     </span>
    </p>
   </div>
   <div class='ocr_carea' id='block_1_34' title="bbox 288 3455 1879 3532">
    <p class='ocr_par' dir='ltr' id='par_1_34' title="bbox 288 3455 1879 3532">
     <span class='ocr_line' id='line_1_34' title="bbox 288 3455 1879 3532; baseline -0.003 -18"><span class='ocrx_word' id='word_1_269' title='bbox 288 3471 411 3517; x_wconf 88' lang='lat' dir='ltr'><strong>runt</strong></span> <span class='ocrx_word' id='word_1_270' title='bbox 435 3461 648 3532; x_wconf 87' lang='lat' dir='ltr'><strong>injuria.</strong></span> <span class='ocrx_word' id='word_1_271' title='bbox 679 3460 791 3516; x_wconf 85' lang='lat' dir='ltr'><strong>Hoc</strong></span> <span class='ocrx_word' id='word_1_272' title='bbox 815 3468 991 3515; x_wconf 91' lang='lat' dir='ltr'><strong>autem</strong></span> <span class='ocrx_word' id='word_1_273' title='bbox 1029 3475 1122 3515; x_wconf 89' lang='lat' dir='ltr'><strong>eos</strong></span> <span class='ocrx_word' id='word_1_274' title='bbox 1151 3474 1255 3514; x_wconf 90' lang='lat' dir='ltr'><strong>non</strong></span> <span class='ocrx_word' id='word_1_275' title='bbox 1286 3472 1469 3527; x_wconf 87' lang='lat' dir='ltr'><strong>parum</strong></span> <span class='ocrx_word' id='word_1_276' title='bbox 1509 3455 1680 3512; x_wconf 91' lang='lat' dir='ltr'><strong>reddit</strong></span> <span class='ocrx_word' id='word_1_277' title='bbox 1705 3455 1879 3510; x_wconf 89' lang='lat' dir='ltr'><strong>imbe-</strong></span> 
     </span>
    </p>
   </div>
   <div class='ocr_carea' id='block_1_35' title="bbox 289 3547 1880 3622">
    <p class='ocr_par' dir='ltr' id='par_1_35' title="bbox 289 3547 1880 3622">
     <span class='ocr_line' id='line_1_35' title="bbox 289 3547 1880 3622; baseline -0.005 -12"><span class='ocrx_word' id='word_1_278' title='bbox 289 3556 462 3610; x_wconf 84' lang='lat' dir='ltr'><strong>cillos.</strong></span> <span class='ocrx_word' id='word_1_279' title='bbox 490 3552 951 3622; x_wconf 88' lang='lat' dir='ltr'><strong>Quemadmodum</strong></span> <span class='ocrx_word' id='word_1_280' title='bbox 1002 3552 1144 3607; x_wconf 91' lang='lat' dir='ltr'><strong>enim</strong></span> <span class='ocrx_word' id='word_1_281' title='bbox 1192 3551 1279 3621; x_wconf 85' lang='lat' dir='ltr'><strong>qui</strong></span> <span class='ocrx_word' id='word_1_282' title='bbox 1329 3550 1585 3604; x_wconf 88' lang='lat' dir='ltr'><strong>adversus</strong></span> <span class='ocrx_word' id='word_1_283' title='bbox 1636 3547 1880 3603; x_wconf 89' lang='lat' dir='ltr'><strong>stimulos</strong></span> 
     </span>
    </p>
   </div>
   <div class='ocr_carea' id='block_1_36' title="bbox 289 3635 1880 3712">
    <p class='ocr_par' dir='ltr' id='par_1_36' title="bbox 289 3635 1880 3712">
     <span class='ocr_line' id='line_1_36' title="bbox 289 3635 1880 3712; baseline -0.006 -11"><span class='ocrx_word' id='word_1_284' title='bbox 289 3645 593 3710; x_wconf 88' lang='lat' dir='ltr'><strong>calcitrant,</strong></span> <span class='ocrx_word' id='word_1_285' title='bbox 636 3644 756 3698; x_wconf 89' lang='lat' dir='ltr'><strong>illos</strong></span> <span class='ocrx_word' id='word_1_286' title='bbox 779 3642 992 3712; x_wconf 90' lang='lat' dir='ltr'><strong>quidem</strong></span> <span class='ocrx_word' id='word_1_287' title='bbox 1036 3655 1140 3696; x_wconf 90' lang='lat' dir='ltr'><strong>non</strong></span> <span class='ocrx_word' id='word_1_288' title='bbox 1178 3640 1396 3705; x_wconf 70' lang='lat' dir='ltr'><strong>laedunt,</strong></span> <span class='ocrx_word' id='word_1_289' title='bbox 1441 3638 1536 3693; x_wconf 90' lang='lat' dir='ltr'><strong>sed</strong></span> <span class='ocrx_word' id='word_1_290' title='bbox 1563 3652 1689 3693; x_wconf 92' lang='lat' dir='ltr'><strong>suos</strong></span> <span class='ocrx_word' id='word_1_291' title='bbox 1719 3635 1880 3707; x_wconf 89' lang='lat' dir='ltr'><strong>pedes</strong></span> 
     </span>
    </p>
   </div>
   <div class='ocr_carea' id='block_1_37' title="bbox 289 3727 1881 3796">
    <p class='ocr_par' dir='ltr' id='par_1_37' title="bbox 289 3727 1881 3796">
     <span class='ocr_line' id='line_1_37' title="bbox 289 3727 1881 3796; baseline -0.006 -6"><span class='ocrx_word' id='word_1_292' title='bbox 289 3744 611 3790; x_wconf 84' lang='lat' dir='ltr'><strong>cruentam:</strong></span> <span class='ocrx_word' id='word_1_293' title='bbox 647 3735 719 3787; x_wconf 87' lang='lat' dir='ltr'><strong>ita</strong></span> <span class='ocrx_word' id='word_1_294' title='bbox 751 3732 806 3786; x_wconf 90' lang='lat' dir='ltr'><strong>bi</strong></span> <span class='ocrx_word' id='word_1_295' title='bbox 836 3733 1019 3787; x_wconf 91' lang='lat' dir='ltr'><strong>etiam.</strong></span> <span class='ocrx_word' id='word_1_296' title='bbox 1056 3731 1189 3785; x_wconf 87' lang='lat' dir='ltr'><strong>Cum</strong></span> <span class='ocrx_word' id='word_1_297' title='bbox 1231 3729 1314 3783; x_wconf 87' lang='lat' dir='ltr'><strong>bis</strong></span> <span class='ocrx_word' id='word_1_298' title='bbox 1337 3737 1513 3783; x_wconf 91' lang='lat' dir='ltr'><strong>autem</strong></span> <span class='ocrx_word' id='word_1_299' title='bbox 1539 3727 1641 3782; x_wconf 86' lang='lat' dir='ltr'><strong>alia</strong></span> <span class='ocrx_word' id='word_1_300' title='bbox 1670 3740 1881 3796; x_wconf 86' lang='lat' dir='ltr'><strong>quoque</strong></span> 
     </span>
    </p>
   </div>
   <div class='ocr_carea' id='block_1_38' title="bbox 291 3818 1879 3894">
    <p class='ocr_par' dir='ltr' id='par_1_38' title="bbox 291 3818 1879 3894">
     <span class='ocr_line' id='line_1_38' title="bbox 291 3818 1879 3894; baseline -0.006 -14"><span class='ocrx_word' id='word_1_301' title='bbox 291 3841 455 3881; x_wconf 87' lang='lat' dir='ltr'><strong>causa</strong></span> <span class='ocrx_word' id='word_1_302' title='bbox 484 3834 591 3893; x_wconf 90' lang='lat' dir='ltr'><strong>est,</strong></span> <span class='ocrx_word' id='word_1_303' title='bbox 620 3840 740 3894; x_wconf 78' lang='lat' dir='ltr'><strong>quae</strong></span> <span class='ocrx_word' id='word_1_304' title='bbox 780 3823 905 3880; x_wconf 86' lang='lat' dir='ltr'><strong>belli</strong></span> <span class='ocrx_word' id='word_1_305' title='bbox 946 3838 1132 3878; x_wconf 89' lang='lat' dir='ltr'><strong>eorum</strong></span> <span class='ocrx_word' id='word_1_306' title='bbox 1180 3822 1319 3876; x_wconf 90' lang='lat' dir='ltr'><strong>vires</strong></span> <span class='ocrx_word' id='word_1_307' title='bbox 1359 3820 1572 3889; x_wconf 76' lang='lat' dir='ltr'><strong>frangit.</strong></span> <span class='ocrx_word' id='word_1_308' title='bbox 1624 3818 1879 3886; x_wconf 64' lang='lat' dir='ltr'><strong>Quaenam</strong></span> 
     </span>
    </p>
   </div>
   <div class='ocr_carea' id='block_1_39' title="bbox 291 3912 1883 3985">
    <p class='ocr_par' dir='ltr' id='par_1_39' title="bbox 291 3912 1883 3985">
     <span class='ocr_line' id='line_1_39' title="bbox 291 3912 1883 3985; baseline -0.005 -12"><span class='ocrx_word' id='word_1_309' title='bbox 291 3928 471 3973; x_wconf 90' lang='lat' dir='ltr'><strong>autem</strong></span> <span class='ocrx_word' id='word_1_310' title='bbox 501 3933 565 3973; x_wconf 90' lang='lat' dir='ltr'><strong>ea</strong></span> <span class='ocrx_word' id='word_1_311' title='bbox 596 3918 720 3973; x_wconf 84' lang='lat' dir='ltr'><strong>est?</strong></span> <span class='ocrx_word' id='word_1_312' title='bbox 745 3918 799 3972; x_wconf 76' lang='lat'><strong>4.</strong></span> <span class='ocrx_word' id='word_1_313' title='bbox 830 3917 1082 3985; x_wconf 86' lang='lat' dir='ltr'><strong>Quoniam</strong></span> <span class='ocrx_word' id='word_1_314' title='bbox 1120 3931 1234 3985; x_wconf 79' lang='lat' dir='ltr'><strong>qua:</strong></span> <span class='ocrx_word' id='word_1_315' title='bbox 1276 3914 1544 3985; x_wconf 82' lang='lat' dir='ltr'><strong>perfecisti,</strong></span> <span class='ocrx_word' id='word_1_316' title='bbox 1576 3912 1764 3982; x_wconf 90' lang='lat' dir='ltr'><strong>inquit,</strong></span> <span class='ocrx_word' id='word_1_317' title='bbox 1794 3913 1883 3965; x_wconf 82' lang='lat' dir='ltr'><strong>de-</strong></span> 
     </span>
    </p>
   </div>
   <div class='ocr_carea' id='block_1_40' title="bbox 292 4003 1880 4077">
    <p class='ocr_par' dir='ltr' id='par_1_40' title="bbox 292 4003 1880 4077">
     <span class='ocr_line' id='line_1_40' title="bbox 292 4003 1880 4077; baseline -0.005 -12"><span class='ocrx_word' id='word_1_318' title='bbox 292 4020 610 4067; x_wconf 75' lang='lat' dir='ltr'><strong>slruaâ€˜erunl.</strong></span> <span class='ocrx_word' id='word_1_319' title='bbox 661 4009 813 4077; x_wconf 91' lang='lat' dir='ltr'><strong>Quod</strong></span> <span class='ocrx_word' id='word_1_320' title='bbox 855 4017 1030 4064; x_wconf 90' lang='lat' dir='ltr'><strong>autem</strong></span> <span class='ocrx_word' id='word_1_321' title='bbox 1066 4007 1211 4072; x_wconf 92' lang='lat' dir='ltr'><strong>dicit,</strong></span> <span class='ocrx_word' id='word_1_322' title='bbox 1247 4014 1331 4061; x_wconf 92' lang='lat' dir='ltr'><strong>est</strong></span> <span class='ocrx_word' id='word_1_323' title='bbox 1356 4004 1615 4074; x_wconf 88' lang='lat' dir='ltr'><strong>ejusmodi</strong></span> <span class='ocrx_word' id='word_1_324' title='bbox 1641 4022 1654 4056; x_wconf 92' lang='lat'><strong>:</strong></span> <span class='ocrx_word' id='word_1_325' title='bbox 1683 4003 1880 4058; x_wconf 89' lang='lat' dir='ltr'><strong>Tecum</strong></span> 
     </span>
    </p>
   </div>
   <div class='ocr_carea' id='block_1_41' title="bbox 291 4099 1881 4173">
    <p class='ocr_par' dir='ltr' id='par_1_41' title="bbox 291 4099 1881 4173">
     <span class='ocr_line' id='line_1_41' title="bbox 291 4099 1881 4173; baseline -0.007 -15"><span class='ocrx_word' id='word_1_326' title='bbox 291 4103 493 4160; x_wconf 88' lang='lat' dir='ltr'><strong>bellum</strong></span> <span class='ocrx_word' id='word_1_327' title='bbox 515 4112 705 4173; x_wconf 89' lang='lat' dir='ltr'><strong>gerunt</strong></span> <span class='ocrx_word' id='word_1_328' title='bbox 726 4110 780 4157; x_wconf 88' lang='lat' dir='ltr'><strong>et</strong></span> <span class='ocrx_word' id='word_1_329' title='bbox 805 4100 1130 4171; x_wconf 73' lang='lat' dir='ltr'><strong>prmliantur,</strong></span> <span class='ocrx_word' id='word_1_330' title='bbox 1164 4099 1334 4168; x_wconf 90' lang='lat' dir='ltr'><strong>legem</strong></span> <span class='ocrx_word' id='word_1_331' title='bbox 1366 4106 1507 4152; x_wconf 90' lang='lat' dir='ltr'><strong>tuam</strong></span> <span class='ocrx_word' id='word_1_332' title='bbox 1538 4104 1592 4151; x_wconf 93' lang='lat' dir='ltr'><strong>et</strong></span> <span class='ocrx_word' id='word_1_333' title='bbox 1620 4106 1881 4165; x_wconf 67' lang='lat' dir='ltr'><strong>praecepta</strong></span> 
     </span>
    </p>
   </div>
   <div class='ocr_carea' id='block_1_42' title="bbox 292 4183 1880 4260">
    <p class='ocr_par' dir='ltr' id='par_1_42' title="bbox 292 4183 1880 4260">
     <span class='ocr_line' id='line_1_42' title="bbox 292 4183 1880 4260; baseline -0.004 -14"><span class='ocrx_word' id='word_1_334' title='bbox 292 4205 379 4248; x_wconf 80' lang='lat' dir='ltr'><strong>tua</strong></span> <span class='ocrx_word' id='word_1_335' title='bbox 435 4193 794 4249; x_wconf 74' lang='lat' dir='ltr'><strong>destruentes.</strong></span> <span class='ocrx_word' id='word_1_336' title='bbox 846 4191 1117 4260; x_wconf 81' lang='lat' dir='ltr'><strong>Praecepta</strong></span> <span class='ocrx_word' id='word_1_337' title='bbox 1160 4189 1301 4244; x_wconf 91' lang='lat' dir='ltr'><strong>enim</strong></span> <span class='ocrx_word' id='word_1_338' title='bbox 1336 4197 1421 4243; x_wconf 89' lang='lat' dir='ltr'><strong>tua</strong></span> <span class='ocrx_word' id='word_1_339' title='bbox 1453 4201 1620 4257; x_wconf 88' lang='lat' dir='ltr'><strong>eaque</strong></span> <span class='ocrx_word' id='word_1_340' title='bbox 1648 4183 1880 4255; x_wconf 88' lang='lat' dir='ltr'><strong>perfecta</strong></span> 
     </span>
    </p>
   </div>
   <div class='ocr_carea' id='block_1_43' title="bbox 288 4277 1878 4348">
    <p class='ocr_par' dir='ltr' id='par_1_43' title="bbox 288 4277 1878 4348">
     <span class='ocr_line' id='line_1_43' title="bbox 288 4277 1878 4348; baseline -0.005 -10"><span class='ocrx_word' id='word_1_341' title='bbox 288 4297 555 4340; x_wconf 87' lang='lat' dir='ltr'><strong>conantur</strong></span> <span class='ocrx_word' id='word_1_342' title='bbox 581 4285 879 4339; x_wconf 81' lang='lat' dir='ltr'><strong>destruere.</strong></span> <span class='ocrx_word' id='word_1_343' title='bbox 922 4282 1019 4338; x_wconf 92' lang='lat' dir='ltr'><strong>Vel</strong></span> <span class='ocrx_word' id='word_1_344' title='bbox 1064 4282 1166 4337; x_wconf 89' lang='lat' dir='ltr'><strong>hoc</strong></span> <span class='ocrx_word' id='word_1_345' title='bbox 1208 4280 1356 4345; x_wconf 86' lang='lat' dir='ltr'><strong>dicit,</strong></span> <span class='ocrx_word' id='word_1_346' title='bbox 1404 4279 1487 4334; x_wconf 90' lang='lat' dir='ltr'><strong>vel</strong></span> <span class='ocrx_word' id='word_1_347' title='bbox 1531 4277 1674 4348; x_wconf 90' lang='lat' dir='ltr'><strong>quod</strong></span> <span class='ocrx_word' id='word_1_348' title='bbox 1720 4277 1878 4332; x_wconf 86' lang='lat' dir='ltr'><strong>etiam</strong></span> 
     </span>
    </p>
   </div>
   <div class='ocr_carea' id='block_1_44' title="bbox 288 4370 1883 4444">
    <p class='ocr_par' dir='ltr' id='par_1_44' title="bbox 288 4370 1883 4444">
     <span class='ocr_line' id='line_1_44' title="bbox 288 4370 1883 4444; baseline -0.003 -17"><span class='ocrx_word' id='word_1_349' title='bbox 288 4375 395 4429; x_wconf 82' lang='lat' dir='ltr'><strong>sint</strong></span> <span class='ocrx_word' id='word_1_350' title='bbox 438 4375 571 4444; x_wconf 88' lang='lat' dir='ltr'><strong>legis</strong></span> <span class='ocrx_word' id='word_1_351' title='bbox 619 4385 1056 4444; x_wconf 82' lang='lat' dir='ltr'><strong>transgressores.</strong></span> <span class='ocrx_word' id='word_1_352' title='bbox 1101 4371 1218 4427; x_wconf 85' lang='lat' dir='ltr'><strong>Jam</strong></span> <span class='ocrx_word' id='word_1_353' title='bbox 1254 4385 1380 4426; x_wconf 90' lang='lat' dir='ltr'><strong>vero</strong></span> <span class='ocrx_word' id='word_1_354' title='bbox 1421 4370 1522 4424; x_wconf 92' lang='lat' dir='ltr'><strong>hoc</strong></span> <span class='ocrx_word' id='word_1_355' title='bbox 1564 4382 1774 4439; x_wconf 90' lang='lat' dir='ltr'><strong>quoque</strong></span> <span class='ocrx_word' id='word_1_356' title='bbox 1799 4376 1883 4422; x_wconf 88' lang='lat' dir='ltr'><strong>est</strong></span> 
     </span>
    </p>
   </div>
   <div class='ocr_carea' id='block_1_45' title="bbox 290 4459 1875 4536">
    <p class='ocr_par' dir='ltr' id='par_1_45' title="bbox 290 4459 1875 4536">
     <span class='ocr_line' id='line_1_45' title="bbox 290 4459 1875 4536; baseline -0.005 -16"><span class='ocrx_word' id='word_1_357' title='bbox 290 4484 395 4522; x_wconf 92' lang='lat' dir='ltr'><strong>non</strong></span> <span class='ocrx_word' id='word_1_358' title='bbox 431 4483 649 4536; x_wconf 82' lang='lat' dir='ltr'><strong>parvum</strong></span> <span class='ocrx_word' id='word_1_359' title='bbox 680 4474 1049 4536; x_wconf 78' lang='lat' dir='ltr'><strong>argumentum</strong></span> <span class='ocrx_word' id='word_1_360' title='bbox 1072 4461 1469 4528; x_wconf 90' lang='lat' dir='ltr'><strong>imbecillitatis,</strong></span> <span class='ocrx_word' id='word_1_361' title='bbox 1497 4459 1639 4530; x_wconf 91' lang='lat' dir='ltr'><strong>quod</strong></span> <span class='ocrx_word' id='word_1_362' title='bbox 1667 4459 1757 4529; x_wconf 91' lang='lat' dir='ltr'><strong>qui</strong></span> <span class='ocrx_word' id='word_1_363' title='bbox 1785 4467 1875 4513; x_wconf 90' lang='lat' dir='ltr'><strong>tua</strong></span> 
     </span>
    </p>
   </div>
   <div class='ocr_carea' id='block_1_46' title="bbox 292 4551 1876 4628">
    <p class='ocr_par' dir='ltr' id='par_1_46' title="bbox 292 4551 1876 4628">
     <span class='ocr_line' id='line_1_46' title="bbox 292 4551 1876 4628; baseline -0.008 -13"><span class='ocrx_word' id='word_1_364' title='bbox 292 4569 559 4628; x_wconf 62' lang='lat' dir='ltr'><strong>pra-cepta</strong></span> <span class='ocrx_word' id='word_1_365' title='bbox 614 4575 716 4613; x_wconf 90' lang='lat' dir='ltr'><strong>non</strong></span> <span class='ocrx_word' id='word_1_366' title='bbox 764 4559 1148 4623; x_wconf 85' lang='lat' dir='ltr'><strong>custodierunt,</strong></span> <span class='ocrx_word' id='word_1_367' title='bbox 1181 4555 1234 4611; x_wconf 90' lang='lat' dir='ltr'><strong>iu</strong></span> <span class='ocrx_word' id='word_1_368' title='bbox 1275 4554 1472 4611; x_wconf 92' lang='lat' dir='ltr'><strong>bellum</strong></span> <span class='ocrx_word' id='word_1_369' title='bbox 1519 4551 1876 4624; x_wconf 82' lang='lat' dir='ltr'><strong>proticiscun-</strong></span> 
     </span>
    </p>
   </div>
   <div class='ocr_carea' id='block_1_47' title="bbox 295 4644 1880 4721">
    <p class='ocr_par' dir='ltr' id='par_1_47' title="bbox 295 4644 1880 4721">
     <span class='ocr_line' id='line_1_47' title="bbox 295 4644 1880 4721; baseline -0.008 -15"><span class='ocrx_word' id='word_1_370' title='bbox 295 4662 397 4707; x_wconf 91' lang='lat' dir='ltr'><strong>tur.</strong></span> <span class='ocrx_word' id='word_1_371' title='bbox 432 4652 721 4721; x_wconf 76' lang='lat' dir='ltr'><strong>Propterea</strong></span> <span class='ocrx_word' id='word_1_372' title='bbox 749 4650 891 4704; x_wconf 86' lang='lat' dir='ltr'><strong>enim</strong></span> <span class='ocrx_word' id='word_1_373' title='bbox 919 4657 973 4703; x_wconf 92' lang='lat' dir='ltr'><strong>et</strong></span> <span class='ocrx_word' id='word_1_374' title='bbox 998 4663 1118 4702; x_wconf 89' lang='lat' dir='ltr'><strong>cum</strong></span> <span class='ocrx_word' id='word_1_375' title='bbox 1147 4644 1307 4701; x_wconf 90' lang='lat' dir='ltr'><strong>rectis</strong></span> <span class='ocrx_word' id='word_1_376' title='bbox 1335 4644 1531 4699; x_wconf 89' lang='lat' dir='ltr'><strong>bellum</strong></span> <span class='ocrx_word' id='word_1_377' title='bbox 1559 4649 1750 4713; x_wconf 84' lang='lat' dir='ltr'><strong>gerunt</strong></span> <span class='ocrx_word' id='word_1_378' title='bbox 1777 4681 1794 4706; x_wconf 95' lang='lat'><strong>,</strong></span> <span class='ocrx_word' id='word_1_379' title='bbox 1824 4647 1880 4694; x_wconf 90' lang='lat' dir='ltr'><strong>et</strong></span> 
     </span>
    </p>
   </div>
   <div class='ocr_carea' id='block_1_48' title="bbox 292 4733 1799 4813">
    <p class='ocr_par' dir='ltr' id='par_1_48' title="bbox 292 4733 1799 4813">
     <span class='ocr_line' id='line_1_48' title="bbox 292 4733 1799 4813; baseline -0.008 -15"><span class='ocrx_word' id='word_1_380' title='bbox 292 4745 441 4800; x_wconf 85' lang='lat' dir='ltr'><strong>dolos</strong></span> <span class='ocrx_word' id='word_1_381' title='bbox 466 4752 715 4807; x_wconf 89' lang='lat' dir='ltr'><strong>struunt,</strong></span> <span class='ocrx_word' id='word_1_382' title='bbox 745 4742 996 4813; x_wconf 89' lang='lat' dir='ltr'><strong>quoniam</strong></span> <span class='ocrx_word' id='word_1_383' title='bbox 1024 4750 1109 4795; x_wconf 90' lang='lat' dir='ltr'><strong>tua</strong></span> <span class='ocrx_word' id='word_1_384' title='bbox 1134 4744 1397 4808; x_wconf 75' lang='lat' dir='ltr'><strong>prmcepta</strong></span> <span class='ocrx_word' id='word_1_385' title='bbox 1424 4750 1530 4789; x_wconf 92' lang='lat' dir='ltr'><strong>non</strong></span> <span class='ocrx_word' id='word_1_386' title='bbox 1560 4733 1799 4805; x_wconf 76' lang='lat' dir='ltr'><strong>audiunt.</strong></span> 
     </span>
    </p>
   </div>
   <div class='ocr_carea' id='block_1_49' title="bbox 356 4825 1882 4904">
    <p class='ocr_par' dir='ltr' id='par_1_49' title="bbox 356 4825 1882 4904">
     <span class='ocr_line' id='line_1_49' title="bbox 356 4825 1882 4904; baseline -0.009 -14"><span class='ocrx_word' id='word_1_387' title='bbox 356 4837 412 4891; x_wconf 74' lang='lat'><strong>â€˜2.</strong></span> <span class='ocrx_word' id='word_1_388' title='bbox 467 4836 752 4904; x_wconf 81' lang='lat' dir='ltr'><strong>Postquam</strong></span> <span class='ocrx_word' id='word_1_389' title='bbox 801 4834 961 4903; x_wconf 90' lang='lat' dir='ltr'><strong>igitur</strong></span> <span class='ocrx_word' id='word_1_390' title='bbox 1013 4830 1251 4885; x_wconf 90' lang='lat' dir='ltr'><strong>narravit</strong></span> <span class='ocrx_word' id='word_1_391' title='bbox 1290 4828 1520 4883; x_wconf 87' lang='lat' dir='ltr'><strong>hostium</strong></span> <span class='ocrx_word' id='word_1_392' title='bbox 1548 4825 1882 4880; x_wconf 81' lang='lat' dir='ltr'><strong>imbecillita-</strong></span> 
     </span>
    </p>
   </div>
   <div class='ocr_carea' id='block_1_50' title="bbox 296 4913 1879 4995">
    <p class='ocr_par' dir='ltr' id='par_1_50' title="bbox 296 4913 1879 4995">
     <span class='ocr_line' id='line_1_50' title="bbox 296 4913 1879 4995; baseline -0.008 -14"><span class='ocrx_word' id='word_1_393' title='bbox 296 4937 420 4989; x_wconf 79' lang='lat' dir='ltr'><strong>tem,</strong></span> <span class='ocrx_word' id='word_1_394' title='bbox 466 4941 693 4995; x_wconf 86' lang='lat' dir='ltr'><strong>eamque</strong></span> <span class='ocrx_word' id='word_1_395' title='bbox 734 4924 967 4979; x_wconf 86' lang='lat' dir='ltr'><strong>ostendit</strong></span> <span class='ocrx_word' id='word_1_396' title='bbox 995 4937 1101 4977; x_wconf 92' lang='lat' dir='ltr'><strong>non</strong></span> <span class='ocrx_word' id='word_1_397' title='bbox 1128 4935 1195 4975; x_wconf 89' lang='lat' dir='ltr'><strong>ex</strong></span> <span class='ocrx_word' id='word_1_398' title='bbox 1235 4920 1300 4974; x_wconf 90' lang='lat' dir='ltr'><strong>iis</strong></span> <span class='ocrx_word' id='word_1_399' title='bbox 1325 4934 1388 4973; x_wconf 82' lang='lat' dir='ltr'><strong>ex</strong></span> <span class='ocrx_word' id='word_1_400' title='bbox 1416 4916 1609 4987; x_wconf 85' lang='lat' dir='ltr'><strong>quibus</strong></span> <span class='ocrx_word' id='word_1_401' title='bbox 1632 4915 1741 4981; x_wconf 90' lang='lat' dir='ltr'><strong>alii,</strong></span> <span class='ocrx_word' id='word_1_402' title='bbox 1783 4913 1879 4970; x_wconf 91' lang='lat' dir='ltr'><strong>sed</strong></span> 
     </span>
    </p>
   </div>
   <div class='ocr_carea' id='block_1_51' title="bbox 295 5005 1881 5082">
    <p class='ocr_par' dir='ltr' id='par_1_51' title="bbox 295 5005 1881 5082">
     <span class='ocr_line' id='line_1_51' title="bbox 295 5005 1881 5082; baseline -0.005 -17"><span class='ocrx_word' id='word_1_403' title='bbox 295 5032 358 5069; x_wconf 78' lang='lat' dir='ltr'><strong>ex</strong></span> <span class='ocrx_word' id='word_1_404' title='bbox 397 5017 463 5070; x_wconf 90' lang='lat' dir='ltr'><strong>iis</strong></span> <span class='ocrx_word' id='word_1_405' title='bbox 501 5031 622 5082; x_wconf 80' lang='lat' dir='ltr'><strong>qua:</strong></span> <span class='ocrx_word' id='word_1_406' title='bbox 648 5013 748 5069; x_wconf 89' lang='lat' dir='ltr'><strong>sibi</strong></span> <span class='ocrx_word' id='word_1_407' title='bbox 790 5012 1184 5068; x_wconf 89' lang='lat' dir='ltr'><strong>conveniebant</strong></span> <span class='ocrx_word' id='word_1_408' title='bbox 1213 5011 1339 5081; x_wconf 93' lang='lat' dir='ltr'><strong>(non</strong></span> <span class='ocrx_word' id='word_1_409' title='bbox 1366 5008 1508 5063; x_wconf 91' lang='lat' dir='ltr'><strong>enim</strong></span> <span class='ocrx_word' id='word_1_410' title='bbox 1536 5005 1685 5068; x_wconf 85' lang='lat' dir='ltr'><strong>dixit,</strong></span> <span class='ocrx_word' id='word_1_411' title='bbox 1718 5005 1881 5058; x_wconf 89' lang='lat' dir='ltr'><strong>Pecu-</strong></span> 
     </span>
    </p>
   </div>
   <div class='ocr_carea' id='block_1_52' title="bbox 296 5095 1876 5173">
    <p class='ocr_par' dir='ltr' id='par_1_52' title="bbox 296 5095 1876 5173">
     <span class='ocr_line' id='line_1_52' title="bbox 296 5095 1876 5173; baseline -0.007 -14"><span class='ocrx_word' id='word_1_412' title='bbox 296 5107 409 5162; x_wconf 90' lang='lat' dir='ltr'><strong>nias</strong></span> <span class='ocrx_word' id='word_1_413' title='bbox 432 5122 538 5161; x_wconf 91' lang='lat' dir='ltr'><strong>non</strong></span> <span class='ocrx_word' id='word_1_414' title='bbox 564 5106 780 5167; x_wconf 83' lang='lat' dir='ltr'><strong>habent,</strong></span> <span class='ocrx_word' id='word_1_415' title='bbox 810 5120 914 5159; x_wconf 91' lang='lat' dir='ltr'><strong>non</strong></span> <span class='ocrx_word' id='word_1_416' title='bbox 939 5101 1205 5173; x_wconf 70' lang='lat' dir='ltr'><strong>prmsidia,</strong></span> <span class='ocrx_word' id='word_1_417' title='bbox 1224 5115 1324 5156; x_wconf 92' lang='lat' dir='ltr'><strong>nec</strong></span> <span class='ocrx_word' id='word_1_418' title='bbox 1348 5098 1545 5163; x_wconf 88' lang='lat' dir='ltr'><strong>socios,</strong></span> <span class='ocrx_word' id='word_1_419' title='bbox 1573 5110 1672 5150; x_wconf 93' lang='lat' dir='ltr'><strong>nec</strong></span> <span class='ocrx_word' id='word_1_420' title='bbox 1699 5095 1876 5159; x_wconf 83' lang='lat' dir='ltr'><strong>urbes,</strong></span> 
     </span>
    </p>
   </div>
   <div class='ocr_carea' id='block_1_53' title="bbox 301 5185 1881 5267">
    <p class='ocr_par' dir='ltr' id='par_1_53' title="bbox 301 5185 1881 5267">
     <span class='ocr_line' id='line_1_53' title="bbox 301 5185 1881 5267; baseline -0.006 -18"><span class='ocrx_word' id='word_1_421' title='bbox 301 5212 399 5251; x_wconf 84' lang='lat' dir='ltr'><strong>nec</strong></span> <span class='ocrx_word' id='word_1_422' title='bbox 425 5196 567 5267; x_wconf 91' lang='lat' dir='ltr'><strong>quod</strong></span> <span class='ocrx_word' id='word_1_423' title='bbox 599 5195 707 5249; x_wconf 79' lang='lat' dir='ltr'><strong>sint</strong></span> <span class='ocrx_word' id='word_1_424' title='bbox 731 5194 810 5250; x_wconf 90' lang='lat' dir='ltr'><strong>rei</strong></span> <span class='ocrx_word' id='word_1_425' title='bbox 841 5192 1086 5247; x_wconf 87' lang='lat' dir='ltr'><strong>militaris</strong></span> <span class='ocrx_word' id='word_1_426' title='bbox 1114 5188 1362 5259; x_wconf 88' lang='lat' dir='ltr'><strong>imperiti,</strong></span> <span class='ocrx_word' id='word_1_427' title='bbox 1398 5187 1491 5243; x_wconf 90' lang='lat' dir='ltr'><strong>sed</strong></span> <span class='ocrx_word' id='word_1_428' title='bbox 1524 5186 1606 5241; x_wconf 91' lang='lat' dir='ltr'><strong>bis</strong></span> <span class='ocrx_word' id='word_1_429' title='bbox 1633 5185 1881 5240; x_wconf 91' lang='lat' dir='ltr'><strong>omnibus</strong></span> 
     </span>
    </p>
   </div>
   <div class='ocr_carea' id='block_1_54' title="bbox 297 5278 1877 5357">
    <p class='ocr_par' dir='ltr' id='par_1_54' title="bbox 297 5278 1877 5357">
     <span class='ocr_line' id='line_1_54' title="bbox 297 5278 1877 5357; baseline -0.011 -13"><span class='ocrx_word' id='word_1_430' title='bbox 297 5288 674 5357; x_wconf 68' lang='lat' dir='ltr'><strong>praetermissis</strong></span> <span class='ocrx_word' id='word_1_431' title='bbox 703 5296 757 5341; x_wconf 91' lang='lat' dir='ltr'><strong>et</strong></span> <span class='ocrx_word' id='word_1_432' title='bbox 787 5284 1096 5356; x_wconf 88' lang='lat' dir='ltr'><strong>repudiatis,</strong></span> <span class='ocrx_word' id='word_1_433' title='bbox 1124 5291 1183 5337; x_wconf 91' lang='lat' dir='ltr'><strong>ut</strong></span> <span class='ocrx_word' id='word_1_434' title='bbox 1206 5296 1324 5351; x_wconf 78' lang='lat' dir='ltr'><strong>qua:</strong></span> <span class='ocrx_word' id='word_1_435' title='bbox 1365 5278 1492 5333; x_wconf 90' lang='lat' dir='ltr'><strong>nihil</strong></span> <span class='ocrx_word' id='word_1_436' title='bbox 1530 5283 1729 5341; x_wconf 89' lang='lat' dir='ltr'><strong>essent,</strong></span> <span class='ocrx_word' id='word_1_437' title='bbox 1757 5290 1877 5328; x_wconf 89' lang='lat' dir='ltr'><strong>cmn</strong></span> 
     </span>
    </p>
   </div>
   <div class='ocr_carea' id='block_1_55' title="bbox 295 5365 1879 5445">
    <p class='ocr_par' dir='ltr' id='par_1_55' title="bbox 295 5365 1879 5445">
     <span class='ocr_line' id='line_1_55' title="bbox 295 5365 1879 5445; baseline -0.008 -12"><span class='ocrx_word' id='word_1_438' title='bbox 295 5380 517 5435; x_wconf 77' lang='lat' dir='ltr'><strong>dixisset</strong></span> <span class='ocrx_word' id='word_1_439' title='bbox 567 5393 661 5433; x_wconf 90' lang='lat' dir='ltr'><strong>eos</strong></span> <span class='ocrx_word' id='word_1_440' title='bbox 706 5393 826 5433; x_wconf 89' lang='lat' dir='ltr'><strong>esse</strong></span> <span class='ocrx_word' id='word_1_441' title='bbox 867 5376 1108 5445; x_wconf 85' lang='lat' dir='ltr'><strong>iniquos,</strong></span> <span class='ocrx_word' id='word_1_442' title='bbox 1135 5381 1190 5428; x_wconf 89' lang='lat' dir='ltr'><strong>et</strong></span> <span class='ocrx_word' id='word_1_443' title='bbox 1225 5371 1426 5427; x_wconf 89' lang='lat' dir='ltr'><strong>bellum</strong></span> <span class='ocrx_word' id='word_1_444' title='bbox 1452 5382 1643 5439; x_wconf 88' lang='lat' dir='ltr'><strong>gerere</strong></span> <span class='ocrx_word' id='word_1_445' title='bbox 1667 5381 1787 5420; x_wconf 89' lang='lat' dir='ltr'><strong>cum</strong></span> <span class='ocrx_word' id='word_1_446' title='bbox 1816 5365 1879 5421; x_wconf 92' lang='lat' dir='ltr'><strong>iis</strong></span> 
     </span>
    </p>
   </div>
   <div class='ocr_carea' id='block_1_56' title="bbox 295 5456 1880 5540">
    <p class='ocr_par' dir='ltr' id='par_1_56' title="bbox 295 5456 1880 5540">
     <span class='ocr_line' id='line_1_56' title="bbox 295 5456 1880 5540; baseline -0.008 -18"><span class='ocrx_word' id='word_1_447' title='bbox 295 5473 381 5540; x_wconf 89' lang='lat' dir='ltr'><strong>qui</strong></span> <span class='ocrx_word' id='word_1_448' title='bbox 431 5472 628 5527; x_wconf 90' lang='lat' dir='ltr'><strong>nullam</strong></span> <span class='ocrx_word' id='word_1_449' title='bbox 673 5469 909 5523; x_wconf 89' lang='lat' dir='ltr'><strong>fecerant</strong></span> <span class='ocrx_word' id='word_1_450' title='bbox 948 5467 1216 5535; x_wconf 88' lang='lat' dir='ltr'><strong>injuriam,</strong></span> <span class='ocrx_word' id='word_1_451' title='bbox 1246 5478 1310 5517; x_wconf 92' lang='lat' dir='ltr'><strong>ac</strong></span> <span class='ocrx_word' id='word_1_452' title='bbox 1338 5477 1457 5531; x_wconf 78' lang='lat' dir='ltr'><strong>qua:</strong></span> <span class='ocrx_word' id='word_1_453' title='bbox 1501 5459 1594 5514; x_wconf 88' lang='lat' dir='ltr'><strong>Dei</strong></span> <span class='ocrx_word' id='word_1_454' title='bbox 1633 5466 1757 5512; x_wconf 90' lang='lat' dir='ltr'><strong>sunt</strong></span> <span class='ocrx_word' id='word_1_455' title='bbox 1785 5456 1880 5511; x_wconf 85' lang='lat' dir='ltr'><strong>de-</strong></span> 
     </span>
    </p>
   </div>
   <div class='ocr_carea' id='block_1_57' title="bbox 299 5554 1882 5633">
    <p class='ocr_par' dir='ltr' id='par_1_57' title="bbox 299 5554 1882 5633">
     <span class='ocr_line' id='line_1_57' title="bbox 299 5554 1882 5633; baseline -0.01 -14"><span class='ocrx_word' id='word_1_456' title='bbox 299 5575 502 5619; x_wconf 72' lang='lat' dir='ltr'><strong>etruere</strong></span> <span class='ocrx_word' id='word_1_457' title='bbox 524 5566 543 5633; x_wconf 95' lang='lat'>)</span> <span class='ocrx_word' id='word_1_458' title='bbox 564 5605 578 5628; x_wconf 88' lang='lat'><strong>,</strong></span> <span class='ocrx_word' id='word_1_459' title='bbox 612 5569 791 5617; x_wconf 88' lang='lat' dir='ltr'><strong>narrat</strong></span> <span class='ocrx_word' id='word_1_460' title='bbox 818 5561 1070 5628; x_wconf 87' lang='lat' dir='ltr'><strong>deinceps</strong></span> <span class='ocrx_word' id='word_1_461' title='bbox 1095 5558 1363 5627; x_wconf 86' lang='lat' dir='ltr'><strong>justorum</strong></span> <span class='ocrx_word' id='word_1_462' title='bbox 1392 5554 1577 5618; x_wconf 91' lang='lat' dir='ltr'><strong>aciem,</strong></span> <span class='ocrx_word' id='word_1_463' title='bbox 1609 5567 1672 5605; x_wconf 85' lang='lat' dir='ltr'><strong>ex</strong></span> <span class='ocrx_word' id='word_1_464' title='bbox 1700 5565 1765 5604; x_wconf 92' lang='lat' dir='ltr'><strong>eo</strong></span> <span class='ocrx_word' id='word_1_465' title='bbox 1792 5564 1882 5604; x_wconf 88' lang='lat' dir='ltr'><strong>os-</strong></span> 
     </span>
    </p>
   </div>
   <div class='ocr_carea' id='block_1_58' title="bbox 300 5640 1880 5724">
    <p class='ocr_par' dir='ltr' id='par_1_58' title="bbox 300 5640 1880 5724">
     <span class='ocr_line' id='line_1_58' title="bbox 300 5640 1880 5724; baseline -0.01 -15"><span class='ocrx_word' id='word_1_466' title='bbox 300 5658 519 5710; x_wconf 86' lang='lat' dir='ltr'><strong>tendens</strong></span> <span class='ocrx_word' id='word_1_467' title='bbox 548 5668 707 5724; x_wconf 88' lang='lat' dir='ltr'><strong>quam</strong></span> <span class='ocrx_word' id='word_1_468' title='bbox 738 5653 844 5705; x_wconf 88' lang='lat' dir='ltr'><strong>sint</strong></span> <span class='ocrx_word' id='word_1_469' title='bbox 873 5652 1054 5703; x_wconf 87' lang='lat' dir='ltr'><strong>hostes</strong></span> <span class='ocrx_word' id='word_1_470' title='bbox 1094 5654 1396 5716; x_wconf 81' lang='lat' dir='ltr'><strong>expugnatu</strong></span> <span class='ocrx_word' id='word_1_471' title='bbox 1435 5642 1634 5696; x_wconf 83' lang='lat' dir='ltr'><strong>faciles.</strong></span> <span class='ocrx_word' id='word_1_472' title='bbox 1671 5640 1741 5692; x_wconf 85' lang='lat' dir='ltr'><strong>Ita</strong></span> <span class='ocrx_word' id='word_1_473' title='bbox 1784 5654 1880 5693; x_wconf 84' lang='lat' dir='ltr'><strong>nos</strong></span> 
     </span>
    </p>
   </div>
   <div class='ocr_carea' id='block_1_59' title="bbox 298 5732 1876 5816">
    <p class='ocr_par' dir='ltr' id='par_1_59' title="bbox 298 5732 1876 5816">
     <span class='ocr_line' id='line_1_59' title="bbox 298 5732 1876 5816; baseline -0.01 -17"><span class='ocrx_word' id='word_1_474' title='bbox 298 5746 452 5800; x_wconf 89' lang='lat' dir='ltr'><strong>etiam</strong></span> <span class='ocrx_word' id='word_1_475' title='bbox 479 5747 600 5816; x_wconf 86' lang='lat' dir='ltr'><strong>quis</strong></span> <span class='ocrx_word' id='word_1_476' title='bbox 616 5745 685 5799; x_wconf 90' lang='lat' dir='ltr'><strong>sit</strong></span> <span class='ocrx_word' id='word_1_477' title='bbox 704 5752 910 5813; x_wconf 88' lang='lat' dir='ltr'><strong>potens,</strong></span> <span class='ocrx_word' id='word_1_478' title='bbox 934 5740 1121 5810; x_wconf 89' lang='lat' dir='ltr'><strong>etquis</strong></span> <span class='ocrx_word' id='word_1_479' title='bbox 1145 5737 1461 5800; x_wconf 88' lang='lat' dir='ltr'><strong>imbecillus,</strong></span> <span class='ocrx_word' id='word_1_480' title='bbox 1492 5732 1876 5795; x_wconf 86' lang='lat' dir='ltr'><strong>examinemus,</strong></span> 
     </span>
    </p>
   </div>
   <div class='ocr_carea' id='block_1_60' title="bbox 301 5831 1879 5909">
    <p class='ocr_par' dir='ltr' id='par_1_60' title="bbox 301 5831 1879 5909">
     <span class='ocr_line' id='line_1_60' title="bbox 301 5831 1879 5909; baseline -0.008 -16"><span class='ocrx_word' id='word_1_481' title='bbox 301 5837 391 5893; x_wconf 80' lang='lat' dir='ltr'><strong>sed</strong></span> <span class='ocrx_word' id='word_1_482' title='bbox 419 5855 520 5894; x_wconf 87' lang='lat' dir='ltr'><strong>non</strong></span> <span class='ocrx_word' id='word_1_483' title='bbox 570 5844 785 5909; x_wconf 87' lang='lat' dir='ltr'><strong>propter</strong></span> <span class='ocrx_word' id='word_1_484' title='bbox 826 5850 887 5890; x_wconf 88' lang='lat' dir='ltr'><strong>ea</strong></span> <span class='ocrx_word' id='word_1_485' title='bbox 913 5832 1143 5890; x_wconf 87' lang='lat' dir='ltr'><strong>maxime</strong></span> <span class='ocrx_word' id='word_1_486' title='bbox 1190 5831 1487 5894; x_wconf 80' lang='lat' dir='ltr'><strong>timeamus,</strong></span> <span class='ocrx_word' id='word_1_487' title='bbox 1518 5834 1733 5896; x_wconf 87' lang='lat' dir='ltr'><strong>propter</strong></span> <span class='ocrx_word' id='word_1_488' title='bbox 1761 5841 1879 5895; x_wconf 69' lang='lat' dir='ltr'><strong>qua:</strong></span> 
     </span>
    </p>
   </div>
   <div class='ocr_carea' id='block_1_61' title="bbox 1400 417 2317 479">
    <p class='ocr_par' dir='ltr' id='par_1_61' title="bbox 1400 417 2317 479">
     <span class='ocr_line' id='line_1_61' title="bbox 1400 417 2317 479; baseline -0.003 0"><span class='ocrx_word' id='word_1_489' title='bbox 1400 420 1753 479; x_wconf 78' lang='lat' dir='ltr'><strong>EXPOSITIO</strong></span> <span class='ocrx_word' id='word_1_490' title='bbox 1792 418 1856 474; x_wconf 84' lang='lat' dir='ltr'><strong>IN</strong></span> <span class='ocrx_word' id='word_1_491' title='bbox 1896 417 2211 478; x_wconf 75' lang='lat' dir='ltr'><strong>PSALMUM</strong></span> <span class='ocrx_word' id='word_1_492' title='bbox 2251 420 2317 476; x_wconf 77' lang='grc' dir='ltr'><strong>Î§.</strong></span> 
     </span>
    </p>
   </div>
   <div class='ocr_carea' id='block_1_62' title="bbox 3459 429 3556 486">
    <p class='ocr_par' dir='ltr' id='par_1_62' title="bbox 3459 429 3556 486">
     <span class='ocr_line' id='line_1_62' title="bbox 3459 429 3556 486; baseline 0 -1"><span class='ocrx_word' id='word_1_493' title='bbox 3459 429 3556 486; x_wconf 66' lang='grc' dir='ltr'>Î—Îž</span> 
     </span>
    </p>
   </div>
   <div class='ocr_carea' id='block_1_63' title="bbox 1972 531 3555 602">
    <p class='ocr_par' dir='ltr' id='par_1_63' title="bbox 1972 531 3555 602">
     <span class='ocr_line' id='line_1_63' title="bbox 1972 531 3555 602; baseline 0.006 -16"><span class='ocrx_word' id='word_1_494' title='bbox 1972 531 2161 586; x_wconf 90' lang='lat' dir='ltr'><strong>timent</strong></span> <span class='ocrx_word' id='word_1_495' title='bbox 2186 531 2431 589; x_wconf 85' lang='lat' dir='ltr'><strong>homines</strong></span> <span class='ocrx_word' id='word_1_496' title='bbox 2474 533 2703 591; x_wconf 88' lang='lat' dir='ltr'><strong>ridiculi.</strong></span> <span class='ocrx_word' id='word_1_497' title='bbox 2734 533 2872 602; x_wconf 91' lang='lat' dir='ltr'><strong>Quid</strong></span> <span class='ocrx_word' id='word_1_498' title='bbox 2897 536 3039 591; x_wconf 89' lang='lat' dir='ltr'><strong>enim</strong></span> <span class='ocrx_word' id='word_1_499' title='bbox 3070 537 3297 593; x_wconf 71' lang='lat' dir='ltr'><strong>dicunt?</strong></span> <span class='ocrx_word' id='word_1_500' title='bbox 3336 538 3429 595; x_wconf 84' lang='lat' dir='ltr'><strong>Est</strong></span> <span class='ocrx_word' id='word_1_501' title='bbox 3452 552 3555 596; x_wconf 82' lang='lat' dir='ltr'><strong>ter-</strong></span> 
     </span>
    </p>
   </div>
   <div class='ocr_carea' id='block_1_64' title="bbox 1966 624 3551 699">
    <p class='ocr_par' dir='ltr' id='par_1_64' title="bbox 1966 624 3551 699">
     <span class='ocr_line' id='line_1_64' title="bbox 1966 624 3551 699; baseline 0.004 -20"><span class='ocrx_word' id='word_1_502' title='bbox 1966 624 2154 692; x_wconf 89' lang='lat' dir='ltr'><strong>ribilis,</strong></span> <span class='ocrx_word' id='word_1_503' title='bbox 2183 625 2477 695; x_wconf 87' lang='lat' dir='ltr'><strong>improbus,</strong></span> <span class='ocrx_word' id='word_1_504' title='bbox 2508 626 2706 698; x_wconf 86' lang='lat' dir='ltr'><strong>ingenti</strong></span> <span class='ocrx_word' id='word_1_505' title='bbox 2732 627 2960 697; x_wconf 87' lang='lat' dir='ltr'><strong>pecunia</strong></span> <span class='ocrx_word' id='word_1_506' title='bbox 3001 637 3055 684; x_wconf 89' lang='lat' dir='ltr'><strong>et</strong></span> <span class='ocrx_word' id='word_1_507' title='bbox 3091 629 3282 699; x_wconf 90' lang='lat' dir='ltr'><strong>opibus</strong></span> <span class='ocrx_word' id='word_1_508' title='bbox 3323 632 3551 699; x_wconf 78' lang='lat' dir='ltr'><strong>pollens.</strong></span> 
     </span>
    </p>
   </div>
   <div class='ocr_carea' id='block_1_65' title="bbox 1967 716 3552 792">
    <p class='ocr_par' dir='ltr' id='par_1_65' title="bbox 1967 716 3552 792">
     <span class='ocr_line' id='line_1_65' title="bbox 1967 716 3552 792; baseline 0.002 -19"><span class='ocrx_word' id='word_1_509' title='bbox 1967 716 2257 787; x_wconf 90' lang='lat' dir='ltr'><strong>Propterea</strong></span> <span class='ocrx_word' id='word_1_510' title='bbox 2283 733 2403 772; x_wconf 91' lang='lat' dir='ltr'><strong>eum</strong></span> <span class='ocrx_word' id='word_1_511' title='bbox 2429 719 2666 774; x_wconf 86' lang='lat' dir='ltr'><strong>maxime</strong></span> <span class='ocrx_word' id='word_1_512' title='bbox 2690 719 2861 775; x_wconf 89' lang='lat' dir='ltr'><strong>rideo.</strong></span> <span class='ocrx_word' id='word_1_513' title='bbox 2891 719 3017 775; x_wconf 73' lang='lat' dir='ltr'><strong>llme</strong></span> <span class='ocrx_word' id='word_1_514' title='bbox 3042 721 3183 775; x_wconf 90' lang='lat' dir='ltr'><strong>enim</strong></span> <span class='ocrx_word' id='word_1_515' title='bbox 3210 731 3333 776; x_wconf 89' lang='lat' dir='ltr'><strong>sunt</strong></span> <span class='ocrx_word' id='word_1_516' title='bbox 3358 738 3552 792; x_wconf 75' lang='lat' dir='ltr'><strong>genera</strong></span> 
     </span>
    </p>
   </div>
   <div class='ocr_carea' id='block_1_66' title="bbox 1968 806 3558 879">
    <p class='ocr_par' dir='ltr' id='par_1_66' title="bbox 1968 806 3558 879">
     <span class='ocr_line' id='line_1_66' title="bbox 1968 806 3558 879; baseline 0.005 -18"><span class='ocrx_word' id='word_1_517' title='bbox 1968 806 2363 863; x_wconf 82' lang='lat' dir='ltr'><strong>imbecillitatis.</strong></span> <span class='ocrx_word' id='word_1_518' title='bbox 2406 812 2475 863; x_wconf 86' lang='lat' dir='ltr'><strong>At</strong></span> <span class='ocrx_word' id='word_1_519' title='bbox 2511 809 2631 874; x_wconf 89' lang='lat' dir='ltr'><strong>scit,</strong></span> <span class='ocrx_word' id='word_1_520' title='bbox 2667 808 2856 879; x_wconf 90' lang='lat' dir='ltr'><strong>inquit,</strong></span> <span class='ocrx_word' id='word_1_521' title='bbox 2903 809 3122 866; x_wconf 89' lang='lat' dir='ltr'><strong>tendere</strong></span> <span class='ocrx_word' id='word_1_522' title='bbox 3148 811 3386 866; x_wconf 86' lang='lat' dir='ltr'><strong>insidias.</strong></span> <span class='ocrx_word' id='word_1_523' title='bbox 3418 813 3558 869; x_wconf 78' lang='lat' dir='ltr'><strong>[iur-</strong></span> 
     </span>
    </p>
   </div>
   <div class='ocr_carea' id='block_1_67' title="bbox 1971 898 3161 969">
    <p class='ocr_par' dir='ltr' id='par_1_67' title="bbox 1971 898 3161 969">
     <span class='ocr_line' id='line_1_67' title="bbox 1971 898 3161 969; baseline 0.005 -17"><span class='ocrx_word' id='word_1_524' title='bbox 1971 912 2062 953; x_wconf 89' lang='lat' dir='ltr'><strong>sus</strong></span> <span class='ocrx_word' id='word_1_525' title='bbox 2089 898 2377 953; x_wconf 89' lang='lat' dir='ltr'><strong>mihialiud</strong></span> <span class='ocrx_word' id='word_1_526' title='bbox 2402 899 2536 955; x_wconf 89' lang='lat' dir='ltr'><strong>dicis</strong></span> <span class='ocrx_word' id='word_1_527' title='bbox 2566 916 2732 969; x_wconf 87' lang='lat' dir='ltr'><strong>genus</strong></span> <span class='ocrx_word' id='word_1_528' title='bbox 2763 900 3161 958; x_wconf 85' lang='lat' dir='ltr'><strong>imbecillitatis.</strong></span> 
     </span>
    </p>
   </div>
   <div class='ocr_carea' id='block_1_68' title="bbox 2041 989 3554 1068">
    <p class='ocr_par' dir='ltr' id='par_1_68' title="bbox 2041 989 3554 1068">
     <span class='ocr_line' id='line_1_68' title="bbox 2041 989 3554 1068; baseline 0.006 -24"><span class='ocrx_word' id='word_1_529' title='bbox 2041 989 2293 1045; x_wconf 82' lang='lat' dir='ltr'><strong>Formula</strong></span> <span class='ocrx_word' id='word_1_530' title='bbox 2316 991 2504 1049; x_wconf 77' lang='lat' dir='ltr'><strong>Christi</strong></span> <span class='ocrx_word' id='word_1_531' title='bbox 2532 994 2710 1064; x_wconf 87' lang='lat' dir='ltr'><strong>agonis</strong></span> <span class='ocrx_word' id='word_1_532' title='bbox 2738 995 2967 1050; x_wconf 84' lang='lat' dir='ltr'><strong>ineundi.</strong></span> <span class='ocrx_word' id='word_1_533' title='bbox 2988 1025 3061 1036; x_wconf 97' lang='lat'><strong><em>â€”</em></strong></span> <span class='ocrx_word' id='word_1_534' title='bbox 3085 996 3222 1064; x_wconf 88' lang='lat' dir='ltr'><strong>Quid</strong></span> <span class='ocrx_word' id='word_1_535' title='bbox 3244 1005 3327 1052; x_wconf 93' lang='lat' dir='ltr'><strong>est</strong></span> <span class='ocrx_word' id='word_1_536' title='bbox 3351 1013 3477 1068; x_wconf 82' lang='lat' dir='ltr'><strong>ergo</strong></span> <span class='ocrx_word' id='word_1_537' title='bbox 3504 999 3554 1053; x_wconf 90' lang='lat' dir='ltr'><strong>in</strong></span> 
     </span>
    </p>
   </div>
   <div class='ocr_carea' id='block_1_69' title="bbox 1972 1084 3556 1157">
    <p class='ocr_par' dir='ltr' id='par_1_69' title="bbox 1972 1084 3556 1157">
     <span class='ocr_line' id='line_1_69' title="bbox 1972 1084 3556 1157; baseline 0.003 -19"><span class='ocrx_word' id='word_1_538' title='bbox 1972 1098 2132 1140; x_wconf 88' lang='lat' dir='ltr'><strong>causa</strong></span> <span class='ocrx_word' id='word_1_539' title='bbox 2158 1084 2298 1155; x_wconf 89' lang='lat' dir='ltr'><strong>quod</strong></span> <span class='ocrx_word' id='word_1_540' title='bbox 2329 1086 2512 1153; x_wconf 92' lang='lat' dir='ltr'><strong>multi,</strong></span> <span class='ocrx_word' id='word_1_541' title='bbox 2537 1087 2629 1156; x_wconf 86' lang='lat' dir='ltr'><strong>qui</strong></span> <span class='ocrx_word' id='word_1_542' title='bbox 2656 1087 2789 1143; x_wconf 90' lang='lat' dir='ltr'><strong>tales</strong></span> <span class='ocrx_word' id='word_1_543' title='bbox 2814 1097 2973 1155; x_wconf 90' lang='lat' dir='ltr'><strong>sunt,</strong></span> <span class='ocrx_word' id='word_1_544' title='bbox 3013 1089 3269 1144; x_wconf 80' lang='lat' dir='ltr'><strong>vincant?</strong></span> <span class='ocrx_word' id='word_1_545' title='bbox 3297 1091 3556 1157; x_wconf 87' lang='lat' dir='ltr'><strong>Quoniam</strong></span> 
     </span>
    </p>
   </div>
   <div class='ocr_carea' id='block_1_70' title="bbox 1973 1178 3558 1253">
    <p class='ocr_par' dir='ltr' id='par_1_70' title="bbox 1973 1178 3558 1253">
     <span class='ocr_line' id='line_1_70' title="bbox 1973 1178 3558 1253; baseline 0.004 -24"><span class='ocrx_word' id='word_1_546' title='bbox 1973 1182 2029 1230; x_wconf 92' lang='lat' dir='ltr'><strong>tu</strong></span> <span class='ocrx_word' id='word_1_547' title='bbox 2058 1185 2204 1231; x_wconf 88' lang='lat' dir='ltr'><strong>recte</strong></span> <span class='ocrx_word' id='word_1_548' title='bbox 2233 1192 2469 1247; x_wconf 87' lang='lat' dir='ltr'><strong>pugnare</strong></span> <span class='ocrx_word' id='word_1_549' title='bbox 2496 1178 2670 1234; x_wconf 89' lang='lat' dir='ltr'><strong>nescis</strong></span> <span class='ocrx_word' id='word_1_550' title='bbox 2701 1194 2716 1244; x_wconf 89' lang='lat'><strong>;</strong></span> <span class='ocrx_word' id='word_1_551' title='bbox 2761 1180 3010 1250; x_wconf 92' lang='lat' dir='ltr'><strong>quoniam</strong></span> <span class='ocrx_word' id='word_1_552' title='bbox 3039 1190 3094 1236; x_wconf 90' lang='lat' dir='ltr'><strong>tu</strong></span> <span class='ocrx_word' id='word_1_553' title='bbox 3132 1198 3344 1253; x_wconf 85' lang='lat' dir='ltr'><strong>quoque</strong></span> <span class='ocrx_word' id='word_1_554' title='bbox 3372 1184 3441 1238; x_wconf 91' lang='lat' dir='ltr'><strong>de</strong></span> <span class='ocrx_word' id='word_1_555' title='bbox 3481 1185 3558 1237; x_wconf 71' lang='lat' dir='ltr'><strong>eis</strong></span> 
     </span>
    </p>
   </div>
   <div class='ocr_carea' id='block_1_71' title="bbox 1972 1264 3560 1346">
    <p class='ocr_par' dir='ltr' id='par_1_71' title="bbox 1972 1264 3560 1346">
     <span class='ocr_line' id='line_1_71' title="bbox 1972 1264 3560 1346; baseline 0.006 -25"><span class='ocrx_word' id='word_1_556' title='bbox 1972 1266 2236 1337; x_wconf 89' lang='lat' dir='ltr'><strong>decertas,</strong></span> <span class='ocrx_word' id='word_1_557' title='bbox 2266 1285 2331 1325; x_wconf 86' lang='lat' dir='ltr'><strong>ex</strong></span> <span class='ocrx_word' id='word_1_558' title='bbox 2357 1264 2550 1340; x_wconf 85' lang='lat' dir='ltr'><strong>quibus</strong></span> <span class='ocrx_word' id='word_1_559' title='bbox 2575 1270 2652 1325; x_wconf 92' lang='lat' dir='ltr'><strong>illi</strong></span> <span class='ocrx_word' id='word_1_560' title='bbox 2680 1271 2812 1327; x_wconf 84' lang='lat' dir='ltr'><strong>fiunt</strong></span> <span class='ocrx_word' id='word_1_561' title='bbox 2840 1273 3238 1343; x_wconf 88' lang='lat' dir='ltr'><strong>imbecilliores,</strong></span> <span class='ocrx_word' id='word_1_562' title='bbox 3268 1291 3463 1346; x_wconf 81' lang='lat' dir='ltr'><strong>nempe</strong></span> <span class='ocrx_word' id='word_1_563' title='bbox 3491 1278 3560 1331; x_wconf 85' lang='lat' dir='ltr'><strong>de</strong></span> 
     </span>
    </p>
   </div>
   <div class='ocr_carea' id='block_1_72' title="bbox 1972 1360 3561 1436">
    <p class='ocr_par' dir='ltr' id='par_1_72' title="bbox 1972 1360 3561 1436">
     <span class='ocr_line' id='line_1_72' title="bbox 1972 1360 3561 1436; baseline 0.005 -22"><span class='ocrx_word' id='word_1_564' title='bbox 1972 1360 2138 1431; x_wconf 89' lang='lat' dir='ltr'><strong>gloria</strong></span> <span class='ocrx_word' id='word_1_565' title='bbox 2188 1369 2243 1417; x_wconf 90' lang='lat' dir='ltr'><strong>et</strong></span> <span class='ocrx_word' id='word_1_566' title='bbox 2285 1363 2352 1418; x_wconf 90' lang='lat' dir='ltr'><strong>de</strong></span> <span class='ocrx_word' id='word_1_567' title='bbox 2401 1364 2651 1432; x_wconf 88' lang='lat' dir='ltr'><strong>potentia.</strong></span> <span class='ocrx_word' id='word_1_568' title='bbox 2702 1363 2849 1435; x_wconf 88' lang='lat' dir='ltr'><strong>Fuge</strong></span> <span class='ocrx_word' id='word_1_569' title='bbox 2894 1381 3109 1422; x_wconf 90' lang='lat' dir='ltr'><strong>causam</strong></span> <span class='ocrx_word' id='word_1_570' title='bbox 3148 1368 3473 1436; x_wconf 82' lang='lat' dir='ltr'><strong>Certaminis,</strong></span> <span class='ocrx_word' id='word_1_571' title='bbox 3507 1379 3561 1422; x_wconf 90' lang='lat' dir='ltr'><strong>et</strong></span> 
     </span>
    </p>
   </div>
   <div class='ocr_carea' id='block_1_73' title="bbox 1974 1454 3560 1532">
    <p class='ocr_par' dir='ltr' id='par_1_73' title="bbox 1974 1454 3560 1532">
     <span class='ocr_line' id='line_1_73' title="bbox 1974 1454 3560 1532; baseline 0.004 -24"><span class='ocrx_word' id='word_1_572' title='bbox 1974 1454 2078 1508; x_wconf 91' lang='lat' dir='ltr'><strong>alio</strong></span> <span class='ocrx_word' id='word_1_573' title='bbox 2117 1454 2275 1510; x_wconf 89' lang='lat' dir='ltr'><strong>modo</strong></span> <span class='ocrx_word' id='word_1_574' title='bbox 2316 1454 2415 1511; x_wconf 89' lang='lat' dir='ltr'><strong>feri</strong></span> <span class='ocrx_word' id='word_1_575' title='bbox 2439 1471 2533 1511; x_wconf 88' lang='lat' dir='ltr'><strong>eos</strong></span> <span class='ocrx_word' id='word_1_576' title='bbox 2558 1458 2647 1528; x_wconf 91' lang='lat' dir='ltr'><strong>qui</strong></span> <span class='ocrx_word' id='word_1_577' title='bbox 2675 1465 2726 1513; x_wconf 93' lang='lat' dir='ltr'><strong>te</strong></span> <span class='ocrx_word' id='word_1_578' title='bbox 2756 1458 3042 1527; x_wconf 90' lang='lat' dir='ltr'><strong>invadunt,</strong></span> <span class='ocrx_word' id='word_1_579' title='bbox 3071 1471 3405 1532; x_wconf 87' lang='lat' dir='ltr'><strong>arrogantem</strong></span> <span class='ocrx_word' id='word_1_580' title='bbox 3446 1476 3560 1515; x_wconf 85' lang='lat' dir='ltr'><strong>Ino-</strong></span> 
     </span>
    </p>
   </div>
   <div class='ocr_carea' id='block_1_74' title="bbox 1973 1546 3561 1621">
    <p class='ocr_par' dir='ltr' id='par_1_74' title="bbox 1973 1546 3561 1621">
     <span class='ocr_line' id='line_1_74' title="bbox 1973 1546 3561 1621; baseline 0.003 -19"><span class='ocrx_word' id='word_1_581' title='bbox 1973 1546 2248 1602; x_wconf 89' lang='lat' dir='ltr'><strong>deratione</strong></span> <span class='ocrx_word' id='word_1_582' title='bbox 2272 1561 2336 1602; x_wconf 92' lang='lat' dir='ltr'><strong>ac</strong></span> <span class='ocrx_word' id='word_1_583' title='bbox 2355 1547 2593 1614; x_wconf 89' lang='lat' dir='ltr'><strong>lenitate,</strong></span> <span class='ocrx_word' id='word_1_584' title='bbox 2616 1563 2835 1605; x_wconf 91' lang='lat' dir='ltr'><strong>avarum</strong></span> <span class='ocrx_word' id='word_1_585' title='bbox 2861 1560 3194 1621; x_wconf 90' lang='lat' dir='ltr'><strong>paupertate,</strong></span> <span class='ocrx_word' id='word_1_586' title='bbox 3227 1553 3561 1608; x_wconf 87' lang='lat' dir='ltr'><strong>incontinen-</strong></span> 
     </span>
    </p>
   </div>
   <div class='ocr_carea' id='block_1_75' title="bbox 1976 1641 3558 1707">
    <p class='ocr_par' dir='ltr' id='par_1_75' title="bbox 1976 1641 3558 1707">
     <span class='ocr_line' id='line_1_75' title="bbox 1976 1641 3558 1707; baseline 0.002 -10"><span class='ocrx_word' id='word_1_587' title='bbox 1976 1650 2080 1697; x_wconf 90' lang='lat' dir='ltr'><strong>tem</strong></span> <span class='ocrx_word' id='word_1_588' title='bbox 2110 1641 2458 1707; x_wconf 89' lang='lat' dir='ltr'><strong>continentia,</strong></span> <span class='ocrx_word' id='word_1_589' title='bbox 2497 1641 2734 1698; x_wconf 86' lang='lat' dir='ltr'><strong>invidum</strong></span> <span class='ocrx_word' id='word_1_590' title='bbox 2773 1643 3106 1699; x_wconf 90' lang='lat' dir='ltr'><strong>humanitate</strong></span> <span class='ocrx_word' id='word_1_591' title='bbox 3131 1661 3143 1697; x_wconf 97' lang='lat'><strong>:</strong></span> <span class='ocrx_word' id='word_1_592' title='bbox 3175 1652 3230 1699; x_wconf 87' lang='lat' dir='ltr'><strong>et</strong></span> <span class='ocrx_word' id='word_1_593' title='bbox 3259 1645 3326 1699; x_wconf 91' lang='lat' dir='ltr'><strong>ita</strong></span> <span class='ocrx_word' id='word_1_594' title='bbox 3355 1659 3449 1700; x_wconf 91' lang='lat' dir='ltr'><strong>eos</strong></span> <span class='ocrx_word' id='word_1_595' title='bbox 3478 1646 3558 1700; x_wconf 84' lang='lat' dir='ltr'><strong>lâ€™a-</strong></span> 
     </span>
    </p>
   </div>
   <div class='ocr_carea' id='block_1_76' title="bbox 1974 1733 3558 1806">
    <p class='ocr_par' dir='ltr' id='par_1_76' title="bbox 1974 1733 3558 1806">
     <span class='ocr_line' id='line_1_76' title="bbox 1974 1733 3558 1806; baseline 0.001 -17"><span class='ocrx_word' id='word_1_596' title='bbox 1974 1734 2078 1789; x_wconf 90' lang='lat' dir='ltr'><strong>cile</strong></span> <span class='ocrx_word' id='word_1_597' title='bbox 2104 1734 2309 1791; x_wconf 90' lang='lat' dir='ltr'><strong>vinces.</strong></span> <span class='ocrx_word' id='word_1_598' title='bbox 2334 1733 2464 1803; x_wconf 90' lang='lat' dir='ltr'><strong>Sed,</strong></span> <span class='ocrx_word' id='word_1_599' title='bbox 2493 1735 2632 1791; x_wconf 90' lang='lat' dir='ltr'><strong>sicut</strong></span> <span class='ocrx_word' id='word_1_600' title='bbox 2660 1735 2808 1806; x_wconf 91' lang='lat' dir='ltr'><strong>prius</strong></span> <span class='ocrx_word' id='word_1_601' title='bbox 2843 1736 2972 1805; x_wconf 89' lang='lat' dir='ltr'><strong>dixi,</strong></span> <span class='ocrx_word' id='word_1_602' title='bbox 3002 1737 3128 1791; x_wconf 88' lang='lat' dir='ltr'><strong>dum</strong></span> <span class='ocrx_word' id='word_1_603' title='bbox 3159 1752 3430 1793; x_wconf 86' lang='lat' dir='ltr'><strong>narrarem</strong></span> <span class='ocrx_word' id='word_1_604' title='bbox 3457 1738 3558 1792; x_wconf 89' lang='lat' dir='ltr'><strong>im-</strong></span> 
     </span>
    </p>
   </div>
   <div class='ocr_carea' id='block_1_77' title="bbox 1974 1825 3552 1898">
    <p class='ocr_par' dir='ltr' id='par_1_77' title="bbox 1974 1825 3552 1898">
     <span class='ocr_line' id='line_1_77' title="bbox 1974 1825 3552 1898; baseline 0.001 -16"><span class='ocrx_word' id='word_1_605' title='bbox 1974 1825 2314 1882; x_wconf 86' lang='lat' dir='ltr'><strong>becillitatem</strong></span> <span class='ocrx_word' id='word_1_606' title='bbox 2342 1826 2598 1893; x_wconf 90' lang='lat' dir='ltr'><strong>hostium,</strong></span> <span class='ocrx_word' id='word_1_607' title='bbox 2631 1826 2750 1882; x_wconf 87' lang='lat' dir='ltr'><strong>vide</strong></span> <span class='ocrx_word' id='word_1_608' title='bbox 2778 1826 3045 1898; x_wconf 91' lang='lat' dir='ltr'><strong>quomodo</strong></span> <span class='ocrx_word' id='word_1_609' title='bbox 3068 1827 3196 1897; x_wconf 88' lang='lat' dir='ltr'><strong>justi</strong></span> <span class='ocrx_word' id='word_1_610' title='bbox 3223 1843 3435 1898; x_wconf 89' lang='lat' dir='ltr'><strong>quoque</strong></span> <span class='ocrx_word' id='word_1_611' title='bbox 3466 1828 3552 1883; x_wconf 91' lang='lat' dir='ltr'><strong>di-</strong></span> 
     </span>
    </p>
   </div>
   <div class='ocr_carea' id='block_1_78' title="bbox 1971 1918 3560 1993">
    <p class='ocr_par' dir='ltr' id='par_1_78' title="bbox 1971 1918 3560 1993">
     <span class='ocr_line' id='line_1_78' title="bbox 1971 1918 3560 1993; baseline -0.002 -17"><span class='ocrx_word' id='word_1_612' title='bbox 1971 1919 2046 1977; x_wconf 43' lang='lat' dir='ltr'><strong>&#39;cit</strong></span> <span class='ocrx_word' id='word_1_613' title='bbox 2071 1929 2417 1976; x_wconf 89' lang='lat' dir='ltr'><strong>armaturam.</strong></span> <span class='ocrx_word' id='word_1_614' title='bbox 2465 1918 2747 1991; x_wconf 87' lang='lat' dir='ltr'><strong>Subjungit</strong></span> <span class='ocrx_word' id='word_1_615' title='bbox 2786 1921 2966 1977; x_wconf 88' lang='lat' dir='ltr'><strong>enim:</strong></span> <span class='ocrx_word' id='word_1_616' title='bbox 3008 1919 3190 1976; x_wconf 81' lang='lat' dir='ltr'><strong>Justus</strong></span> <span class='ocrx_word' id='word_1_617' title='bbox 3230 1931 3397 1976; x_wconf 84' lang='lat' dir='ltr'><strong>autem</strong></span> <span class='ocrx_word' id='word_1_618' title='bbox 3441 1921 3560 1993; x_wconf 84' lang='lat' dir='ltr'><strong>quid</strong></span> 
     </span>
    </p>
   </div>
   <div class='ocr_carea' id='block_1_79' title="bbox 1976 2013 3560 2086">
    <p class='ocr_par' dir='ltr' id='par_1_79' title="bbox 1976 2013 3560 2086">
     <span class='ocr_line' id='line_1_79' title="bbox 1976 2013 3560 2086; baseline 0 -19"><span class='ocrx_word' id='word_1_619' title='bbox 1976 2014 2094 2086; x_wconf 73' lang='lat' dir='ltr'><strong>fecit</strong></span> <span class='ocrx_word' id='word_1_620' title='bbox 2123 2014 2148 2068; x_wconf 85' lang='lat'><strong><em>?</em></strong></span> <span class='ocrx_word' id='word_1_621' title='bbox 2179 2013 2292 2069; x_wconf 84' lang='lat' dir='ltr'><strong>Hoc</strong></span> <span class='ocrx_word' id='word_1_622' title='bbox 2342 2014 2507 2068; x_wconf 91' lang='lat' dir='ltr'><strong>dicit:</strong></span> <span class='ocrx_word' id='word_1_623' title='bbox 2560 2015 2691 2069; x_wconf 89' lang='lat' dir='ltr'><strong>Cum</strong></span> <span class='ocrx_word' id='word_1_624' title='bbox 2738 2014 2810 2068; x_wconf 92' lang='lat' dir='ltr'><strong>illi</strong></span> <span class='ocrx_word' id='word_1_625' title='bbox 2852 2015 2931 2069; x_wconf 89' lang='lat' dir='ltr'><strong>sie</strong></span> <span class='ocrx_word' id='word_1_626' title='bbox 2987 2014 3312 2069; x_wconf 90' lang='lat' dir='ltr'><strong>instruerent</strong></span> <span class='ocrx_word' id='word_1_627' title='bbox 3358 2014 3560 2080; x_wconf 88' lang='lat' dir='ltr'><strong>aciem,</strong></span> 
     </span>
    </p>
   </div>
   <div class='ocr_carea' id='block_1_80' title="bbox 1976 2104 3562 2176">
    <p class='ocr_par' dir='ltr' id='par_1_80' title="bbox 1976 2104 3562 2176">
     <span class='ocr_line' id='line_1_80' title="bbox 1976 2104 3562 2176; baseline 0 -17"><span class='ocrx_word' id='word_1_628' title='bbox 1976 2106 2172 2176; x_wconf 62' lang='lat' dir='ltr'><strong>quieris</strong></span> <span class='ocrx_word' id='word_1_629' title='bbox 2206 2104 2471 2160; x_wconf 89' lang='lat' dir='ltr'><strong>undenam</strong></span> <span class='ocrx_word' id='word_1_630' title='bbox 2514 2120 2571 2161; x_wconf 89' lang='lat' dir='ltr'><strong>se</strong></span> <span class='ocrx_word' id='word_1_631' title='bbox 2608 2105 2781 2175; x_wconf 91' lang='lat' dir='ltr'><strong>justus</strong></span> <span class='ocrx_word' id='word_1_632' title='bbox 2827 2107 3150 2161; x_wconf 84' lang='lat' dir='ltr'><strong>armaverit?</strong></span> <span class='ocrx_word' id='word_1_633' title='bbox 3181 2107 3350 2162; x_wconf 90' lang='lat' dir='ltr'><strong>Audi:</strong></span> <span class='ocrx_word' id='word_1_634' title='bbox 3379 2108 3431 2162; x_wconf 86' lang='lat'><strong>5.</strong></span> <span class='ocrx_word' id='word_1_635' title='bbox 3467 2106 3562 2159; x_wconf 85' lang='lat' dir='ltr'><strong>Do-</strong></span> 
     </span>
    </p>
   </div>
   <div class='ocr_carea' id='block_1_81' title="bbox 1977 2195 3560 2268">
    <p class='ocr_par' dir='ltr' id='par_1_81' title="bbox 1977 2195 3560 2268">
     <span class='ocr_line' id='line_1_81' title="bbox 1977 2195 3560 2268; baseline 0.001 -18"><span class='ocrx_word' id='word_1_636' title='bbox 1977 2198 2144 2251; x_wconf 88' lang='lat' dir='ltr'><strong>minus</strong></span> <span class='ocrx_word' id='word_1_637' title='bbox 2161 2198 2211 2251; x_wconf 88' lang='lat' dir='ltr'><strong>in</strong></span> <span class='ocrx_word' id='word_1_638' title='bbox 2235 2198 2420 2267; x_wconf 88' lang='lat' dir='ltr'><strong>templo</strong></span> <span class='ocrx_word' id='word_1_639' title='bbox 2436 2207 2608 2253; x_wconf 76' lang='lat' dir='ltr'><strong>sancto</strong></span> <span class='ocrx_word' id='word_1_640' title='bbox 2629 2213 2754 2252; x_wconf 86' lang='lat' dir='ltr'><strong>suo:</strong></span> <span class='ocrx_word' id='word_1_641' title='bbox 2777 2195 3027 2251; x_wconf 81' lang='lat' dir='ltr'><strong>Dominus</strong></span> <span class='ocrx_word' id='word_1_642' title='bbox 3045 2199 3097 2250; x_wconf 88' lang='lat' dir='ltr'><strong>in</strong></span> <span class='ocrx_word' id='word_1_643' title='bbox 3122 2198 3245 2251; x_wconf 77' lang='lat' dir='ltr'><strong>cwlo</strong></span> <span class='ocrx_word' id='word_1_644' title='bbox 3267 2199 3408 2252; x_wconf 72' lang='lat' dir='ltr'><strong>sedes</strong></span> <span class='ocrx_word' id='word_1_645' title='bbox 3433 2199 3560 2268; x_wconf 78' lang='lat' dir='ltr'><strong>ejus.</strong></span> 
     </span>
    </p>
   </div>
   <div class='ocr_carea' id='block_1_82' title="bbox 1980 2288 3563 2360">
    <p class='ocr_par' dir='ltr' id='par_1_82' title="bbox 1980 2288 3563 2360">
     <span class='ocr_line' id='line_1_82' title="bbox 1980 2288 3563 2360; baseline 0.001 -17"><span class='ocrx_word' id='word_1_646' title='bbox 1980 2289 2143 2344; x_wconf 86' lang='lat' dir='ltr'><strong>Vides</strong></span> <span class='ocrx_word' id='word_1_647' title='bbox 2178 2305 2334 2359; x_wconf 88' lang='lat' dir='ltr'><strong>quam</strong></span> <span class='ocrx_word' id='word_1_648' title='bbox 2376 2290 2556 2359; x_wconf 89' lang='lat' dir='ltr'><strong>paucis</strong></span> <span class='ocrx_word' id='word_1_649' title='bbox 2600 2289 2716 2360; x_wconf 91' lang='lat' dir='ltr'><strong>ejus</strong></span> <span class='ocrx_word' id='word_1_650' title='bbox 2756 2289 2995 2343; x_wconf 76' lang='lat' dir='ltr'><strong>narravit</strong></span> <span class='ocrx_word' id='word_1_651' title='bbox 3015 2289 3291 2344; x_wconf 90' lang='lat' dir='ltr'><strong>auxilium.</strong></span> <span class='ocrx_word' id='word_1_652' title='bbox 3318 2288 3454 2358; x_wconf 88' lang='lat' dir='ltr'><strong>Quid</strong></span> <span class='ocrx_word' id='word_1_653' title='bbox 3487 2290 3563 2344; x_wconf 51' lang='lat' dir='ltr'><strong>fe.</strong></span> 
     </span>
    </p>
   </div>
   <div class='ocr_carea' id='block_1_83' title="bbox 1979 2379 3555 2451">
    <p class='ocr_par' dir='ltr' id='par_1_83' title="bbox 1979 2379 3555 2451">
     <span class='ocr_line' id='line_1_83' title="bbox 1979 2379 3555 2451; baseline -0.001 -16"><span class='ocrx_word' id='word_1_654' title='bbox 1979 2380 2115 2435; x_wconf 91' lang='lat' dir='ltr'><strong>ccrit</strong></span> <span class='ocrx_word' id='word_1_655' title='bbox 2142 2382 2341 2451; x_wconf 80' lang='lat' dir='ltr'><strong>rogas?</strong></span> <span class='ocrx_word' id='word_1_656' title='bbox 2366 2380 2446 2435; x_wconf 84' lang='lat' dir='ltr'><strong>Ad</strong></span> <span class='ocrx_word' id='word_1_657' title='bbox 2481 2380 2756 2435; x_wconf 89' lang='lat' dir='ltr'><strong>Dominum</strong></span> <span class='ocrx_word' id='word_1_658' title='bbox 2797 2379 3036 2451; x_wconf 86' lang='lat' dir='ltr'><strong>confugit</strong></span> <span class='ocrx_word' id='word_1_659' title='bbox 3069 2381 3156 2451; x_wconf 90' lang='lat' dir='ltr'><strong>qui</strong></span> <span class='ocrx_word' id='word_1_660' title='bbox 3184 2391 3267 2435; x_wconf 91' lang='lat' dir='ltr'><strong>est</strong></span> <span class='ocrx_word' id='word_1_661' title='bbox 3305 2383 3357 2435; x_wconf 92' lang='lat' dir='ltr'><strong>in</strong></span> <span class='ocrx_word' id='word_1_662' title='bbox 3392 2382 3555 2446; x_wconf 82' lang='lat' dir='ltr'><strong>caelis,</strong></span> 
     </span>
    </p>
   </div>
   <div class='ocr_carea' id='block_1_84' title="bbox 1979 2471 3563 2542">
    <p class='ocr_par' dir='ltr' id='par_1_84' title="bbox 1979 2471 3563 2542">
     <span class='ocr_line' id='line_1_84' title="bbox 1979 2471 3563 2542; baseline 0.004 -19"><span class='ocrx_word' id='word_1_663' title='bbox 1979 2471 2068 2541; x_wconf 92' lang='lat' dir='ltr'><strong>qui</strong></span> <span class='ocrx_word' id='word_1_664' title='bbox 2118 2479 2200 2526; x_wconf 91' lang='lat' dir='ltr'><strong>est</strong></span> <span class='ocrx_word' id='word_1_665' title='bbox 2230 2471 2424 2542; x_wconf 90' lang='lat' dir='ltr'><strong>ubique</strong></span> <span class='ocrx_word' id='word_1_666' title='bbox 2454 2486 2710 2541; x_wconf 61' lang='lat' dir='ltr'><strong>praesens.</strong></span> <span class='ocrx_word' id='word_1_667' title='bbox 2766 2472 2884 2527; x_wconf 87' lang='lat' dir='ltr'><strong>Non</strong></span> <span class='ocrx_word' id='word_1_668' title='bbox 2930 2487 3111 2527; x_wconf 87' lang='lat' dir='ltr'><strong>arcmn</strong></span> <span class='ocrx_word' id='word_1_669' title='bbox 3167 2473 3412 2537; x_wconf 89' lang='lat' dir='ltr'><strong>intendit,</strong></span> <span class='ocrx_word' id='word_1_670' title='bbox 3463 2489 3563 2530; x_wconf 84' lang='lat' dir='ltr'><strong>nec</strong></span> 
     </span>
    </p>
   </div>
   <div class='ocr_carea' id='block_1_85' title="bbox 1981 2563 3560 2633">
    <p class='ocr_par' dir='ltr' id='par_1_85' title="bbox 1981 2563 3560 2633">
     <span class='ocr_line' id='line_1_85' title="bbox 1981 2563 3560 2633; baseline 0.004 -18"><span class='ocrx_word' id='word_1_671' title='bbox 1981 2563 2284 2633; x_wconf 89' lang='lat' dir='ltr'><strong>pharetram</strong></span> <span class='ocrx_word' id='word_1_672' title='bbox 2324 2564 2530 2633; x_wconf 76' lang='lat' dir='ltr'><strong>paravit</strong></span> <span class='ocrx_word' id='word_1_673' title='bbox 2572 2565 2711 2619; x_wconf 86' lang='lat' dir='ltr'><strong>sicut</strong></span> <span class='ocrx_word' id='word_1_674' title='bbox 2752 2564 2859 2629; x_wconf 89' lang='lat' dir='ltr'><strong>ille,</strong></span> <span class='ocrx_word' id='word_1_675' title='bbox 2896 2579 2994 2619; x_wconf 90' lang='lat' dir='ltr'><strong>nec</strong></span> <span class='ocrx_word' id='word_1_676' title='bbox 3019 2566 3188 2619; x_wconf 90' lang='lat' dir='ltr'><strong>aciem</strong></span> <span class='ocrx_word' id='word_1_677' title='bbox 3220 2565 3469 2621; x_wconf 83' lang='lat' dir='ltr'><strong>instruxit</strong></span> <span class='ocrx_word' id='word_1_678' title='bbox 3508 2568 3560 2621; x_wconf 92' lang='lat' dir='ltr'><strong>in</strong></span> 
     </span>
    </p>
   </div>
   <div class='ocr_carea' id='block_1_86' title="bbox 1981 2654 3563 2725">
    <p class='ocr_par' dir='ltr' id='par_1_86' title="bbox 1981 2654 3563 2725">
     <span class='ocr_line' id='line_1_86' title="bbox 1981 2654 3563 2725; baseline 0.001 -17"><span class='ocrx_word' id='word_1_679' title='bbox 1981 2654 2237 2709; x_wconf 86' lang='lat' dir='ltr'><strong>occulto:</strong></span> <span class='ocrx_word' id='word_1_680' title='bbox 2270 2654 2364 2709; x_wconf 84' lang='lat' dir='ltr'><strong>sed</strong></span> <span class='ocrx_word' id='word_1_681' title='bbox 2409 2654 2491 2709; x_wconf 86' lang='lat' dir='ltr'><strong>bis</strong></span> <span class='ocrx_word' id='word_1_682' title='bbox 2530 2655 2775 2709; x_wconf 90' lang='lat' dir='ltr'><strong>omnibus</strong></span> <span class='ocrx_word' id='word_1_683' title='bbox 2817 2656 3032 2722; x_wconf 84' lang='lat' dir='ltr'><strong>missis,</strong></span> <span class='ocrx_word' id='word_1_684' title='bbox 3090 2669 3239 2725; x_wconf 85' lang='lat' dir='ltr'><strong>spem</strong></span> <span class='ocrx_word' id='word_1_685' title='bbox 3294 2656 3345 2710; x_wconf 91' lang='lat' dir='ltr'><strong>in</strong></span> <span class='ocrx_word' id='word_1_686' title='bbox 3396 2656 3563 2711; x_wconf 89' lang='lat' dir='ltr'><strong>Deum</strong></span> 
     </span>
    </p>
   </div>
   <div class='ocr_carea' id='block_1_87' title="bbox 1981 2748 3562 2819">
    <p class='ocr_par' dir='ltr' id='par_1_87' title="bbox 1981 2748 3562 2819">
     <span class='ocr_line' id='line_1_87' title="bbox 1981 2748 3562 2819; baseline 0.001 -20"><span class='ocrx_word' id='word_1_687' title='bbox 1981 2754 2165 2800; x_wconf 88' lang='lat' dir='ltr'><strong>contra</strong></span> <span class='ocrx_word' id='word_1_688' title='bbox 2206 2760 2393 2801; x_wconf 88' lang='lat' dir='ltr'><strong>omnes</strong></span> <span class='ocrx_word' id='word_1_689' title='bbox 2434 2749 2650 2817; x_wconf 90' lang='lat' dir='ltr'><strong>objecit,</strong></span> <span class='ocrx_word' id='word_1_690' title='bbox 2688 2755 2744 2802; x_wconf 90' lang='lat' dir='ltr'><strong>et</strong></span> <span class='ocrx_word' id='word_1_691' title='bbox 2780 2763 2901 2802; x_wconf 91' lang='lat' dir='ltr'><strong>eum</strong></span> <span class='ocrx_word' id='word_1_692' title='bbox 2951 2749 3055 2802; x_wconf 90' lang='lat' dir='ltr'><strong>illis</strong></span> <span class='ocrx_word' id='word_1_693' title='bbox 3110 2748 3357 2818; x_wconf 89' lang='lat' dir='ltr'><strong>opposuit</strong></span> <span class='ocrx_word' id='word_1_694' title='bbox 3388 2748 3427 2813; x_wconf 88' lang='grc'><strong>Â¹,</strong></span> <span class='ocrx_word' id='word_1_695' title='bbox 3475 2749 3562 2819; x_wconf 90' lang='lat' dir='ltr'><strong>qui</strong></span> 
     </span>
    </p>
   </div>
   <div class='ocr_carea' id='block_1_88' title="bbox 1983 2840 3569 2914">
    <p class='ocr_par' dir='ltr' id='par_1_88' title="bbox 1983 2840 3569 2914">
     <span class='ocr_line' id='line_1_88' title="bbox 1983 2840 3569 2914; baseline -0.003 -19"><span class='ocrx_word' id='word_1_696' title='bbox 1983 2844 2128 2899; x_wconf 90' lang='lat' dir='ltr'><strong>nullo</strong></span> <span class='ocrx_word' id='word_1_697' title='bbox 2163 2844 2355 2901; x_wconf 88' lang='lat' dir='ltr'><strong>horum</strong></span> <span class='ocrx_word' id='word_1_698' title='bbox 2386 2842 2615 2914; x_wconf 83' lang='lat' dir='ltr'><strong>indiget,</strong></span> <span class='ocrx_word' id='word_1_699' title='bbox 2668 2856 2774 2894; x_wconf 91' lang='lat' dir='ltr'><strong>non</strong></span> <span class='ocrx_word' id='word_1_700' title='bbox 2822 2840 2962 2905; x_wconf 91' lang='lat' dir='ltr'><strong>loco,</strong></span> <span class='ocrx_word' id='word_1_701' title='bbox 3008 2854 3112 2892; x_wconf 91' lang='lat' dir='ltr'><strong>non</strong></span> <span class='ocrx_word' id='word_1_702' title='bbox 3156 2848 3426 2907; x_wconf 85' lang='lat' dir='ltr'><strong>tempore,</strong></span> <span class='ocrx_word' id='word_1_703' title='bbox 3461 2853 3569 2892; x_wconf 91' lang='lat' dir='ltr'><strong>non</strong></span> 
     </span>
    </p>
   </div>
   <div class='ocr_carea' id='block_1_89' title="bbox 1982 2928 3565 3006">
    <p class='ocr_par' dir='ltr' id='par_1_89' title="bbox 1982 2928 3565 3006">
     <span class='ocr_line' id='line_1_89' title="bbox 1982 2928 3565 3006; baseline -0.006 -16"><span class='ocrx_word' id='word_1_704' title='bbox 1982 2935 2181 3001; x_wconf 81' lang='lat' dir='ltr'><strong>armis,</strong></span> <span class='ocrx_word' id='word_1_705' title='bbox 2227 2950 2334 2989; x_wconf 91' lang='lat' dir='ltr'><strong>non</strong></span> <span class='ocrx_word' id='word_1_706' title='bbox 2373 2933 2655 3006; x_wconf 89' lang='lat' dir='ltr'><strong>pecuniis,</strong></span> <span class='ocrx_word' id='word_1_707' title='bbox 2714 2929 2808 2986; x_wconf 88' lang='lat' dir='ltr'><strong>sed</strong></span> <span class='ocrx_word' id='word_1_708' title='bbox 2855 2930 2970 2985; x_wconf 89' lang='lat' dir='ltr'><strong>solo</strong></span> <span class='ocrx_word' id='word_1_709' title='bbox 3022 2939 3153 2984; x_wconf 89' lang='lat' dir='ltr'><strong>nutu</strong></span> <span class='ocrx_word' id='word_1_710' title='bbox 3206 2928 3382 2983; x_wconf 90' lang='lat' dir='ltr'><strong>omnia</strong></span> <span class='ocrx_word' id='word_1_711' title='bbox 3441 2943 3565 2997; x_wconf 58' lang='lat' dir='ltr'><strong>per.</strong></span> 
     </span>
    </p>
   </div>
   <div class='ocr_carea' id='block_1_90' title="bbox 1984 3016 3567 3098">
    <p class='ocr_par' dir='ltr' id='par_1_90' title="bbox 1984 3016 3567 3098">
     <span class='ocr_line' id='line_1_90' title="bbox 1984 3016 3567 3098; baseline -0.004 -17"><span class='ocrx_word' id='word_1_712' title='bbox 1984 3026 2110 3098; x_wconf 89' lang='lat' dir='ltr'><strong>agit.</strong></span> <span class='ocrx_word' id='word_1_713' title='bbox 2160 3025 2348 3081; x_wconf 85' lang='lat' dir='ltr'><strong>Vidisti</strong></span> <span class='ocrx_word' id='word_1_714' title='bbox 2394 3021 2803 3093; x_wconf 71' lang='lat' dir='ltr'><strong>inexpugnabile</strong></span> <span class='ocrx_word' id='word_1_715' title='bbox 2842 3019 3258 3089; x_wconf 80' lang='lat' dir='ltr'><strong>expeditumque</strong></span> <span class='ocrx_word' id='word_1_716' title='bbox 3305 3027 3359 3073; x_wconf 90' lang='lat' dir='ltr'><strong>et</strong></span> <span class='ocrx_word' id='word_1_717' title='bbox 3414 3016 3567 3075; x_wconf 81' lang='lat' dir='ltr'><strong>facile</strong></span> 
     </span>
    </p>
   </div>
   <div class='ocr_carea' id='block_1_91' title="bbox 1983 3108 3563 3184">
    <p class='ocr_par' dir='ltr' id='par_1_91' title="bbox 1983 3108 3563 3184">
     <span class='ocr_line' id='line_1_91' title="bbox 1983 3108 3563 3184; baseline -0.006 -12"><span class='ocrx_word' id='word_1_718' title='bbox 1983 3117 2274 3172; x_wconf 86' lang='lat' dir='ltr'><strong>auxilium?</strong></span> <span class='ocrx_word' id='word_1_719' title='bbox 2305 3114 2454 3169; x_wconf 85' lang='lat' dir='ltr'><strong>Oculi</strong></span> <span class='ocrx_word' id='word_1_720' title='bbox 2479 3115 2585 3184; x_wconf 83' lang='lat' dir='ltr'><strong>ejus</strong></span> <span class='ocrx_word' id='word_1_721' title='bbox 2611 3114 2663 3167; x_wconf 90' lang='lat' dir='ltr'><strong>in</strong></span> <span class='ocrx_word' id='word_1_722' title='bbox 2692 3127 2965 3182; x_wconf 82' lang='lat' dir='ltr'><strong>pauperem</strong></span> <span class='ocrx_word' id='word_1_723' title='bbox 2990 3109 3286 3179; x_wconf 82' lang='lat' dir='ltr'><strong>respiciunt,</strong></span> <span class='ocrx_word' id='word_1_724' title='bbox 3313 3108 3563 3180; x_wconf 70' lang='lat' dir='ltr'><strong>palpebra</strong></span> 
     </span>
    </p>
   </div>
   <div class='ocr_carea' id='block_1_92' title="bbox 1982 3201 3569 3280">
    <p class='ocr_par' dir='ltr' id='par_1_92' title="bbox 1982 3201 3569 3280">
     <span class='ocr_line' id='line_1_92' title="bbox 1982 3201 3569 3280; baseline -0.007 -15"><span class='ocrx_word' id='word_1_725' title='bbox 1982 3212 2094 3280; x_wconf 81' lang='lat' dir='ltr'><strong>ejus</strong></span> <span class='ocrx_word' id='word_1_726' title='bbox 2131 3210 2442 3279; x_wconf 84' lang='lat' dir='ltr'><strong>interrogant</strong></span> <span class='ocrx_word' id='word_1_727' title='bbox 2480 3206 2614 3275; x_wconf 82' lang='lat' dir='ltr'><strong>ï¬lios</strong></span> <span class='ocrx_word' id='word_1_728' title='bbox 2664 3203 2941 3257; x_wconf 84' lang='lat' dir='ltr'><strong>hominum.</strong></span> <span class='ocrx_word' id='word_1_729' title='bbox 2984 3202 3037 3257; x_wconf 86' lang='lat'><strong>6.</strong></span> <span class='ocrx_word' id='word_1_730' title='bbox 3072 3201 3320 3255; x_wconf 85' lang='lat' dir='ltr'><strong>Dominus</strong></span> <span class='ocrx_word' id='word_1_731' title='bbox 3348 3201 3569 3255; x_wconf 79' lang='lat' dir='ltr'><strong>interro-</strong></span> 
     </span>
    </p>
   </div>
   <div class='ocr_carea' id='block_1_93' title="bbox 1983 3291 3569 3374">
    <p class='ocr_par' dir='ltr' id='par_1_93' title="bbox 1983 3291 3569 3374">
     <span class='ocr_line' id='line_1_93' title="bbox 1983 3291 3569 3374; baseline -0.007 -20"><span class='ocrx_word' id='word_1_732' title='bbox 1983 3310 2069 3374; x_wconf 85' lang='lat' dir='ltr'><strong>gat</strong></span> <span class='ocrx_word' id='word_1_733' title='bbox 2101 3303 2298 3370; x_wconf 81' lang='lat' dir='ltr'><strong>justum</strong></span> <span class='ocrx_word' id='word_1_734' title='bbox 2335 3307 2381 3352; x_wconf 87' lang='lat' dir='ltr'><strong>et</strong></span> <span class='ocrx_word' id='word_1_735' title='bbox 2429 3297 2660 3368; x_wconf 75' lang='lat' dir='ltr'><strong>impluat.</strong></span> <span class='ocrx_word' id='word_1_736' title='bbox 2701 3293 2802 3359; x_wconf 82' lang='lat' dir='ltr'><strong>Qui</strong></span> <span class='ocrx_word' id='word_1_737' title='bbox 2838 3303 3006 3347; x_wconf 89' lang='lat' dir='ltr'><strong>autem</strong></span> <span class='ocrx_word' id='word_1_738' title='bbox 3043 3291 3210 3363; x_wconf 87' lang='lat' dir='ltr'><strong>diligit</strong></span> <span class='ocrx_word' id='word_1_739' title='bbox 3232 3292 3569 3359; x_wconf 83' lang='lat' dir='ltr'><strong>iniquitatem,</strong></span> 
     </span>
    </p>
   </div>
   <div class='ocr_carea' id='block_1_94' title="bbox 1985 3383 3571 3455">
    <p class='ocr_par' dir='ltr' id='par_1_94' title="bbox 1985 3383 3571 3455">
     <span class='ocr_line' id='line_1_94' title="bbox 1985 3383 3571 3455; baseline -0.006 -8"><span class='ocrx_word' id='word_1_740' title='bbox 1985 3393 2091 3447; x_wconf 84' lang='lat' dir='ltr'><strong>odit</strong></span> <span class='ocrx_word' id='word_1_741' title='bbox 2141 3392 2364 3446; x_wconf 78' lang='lat' dir='ltr'><strong>animant</strong></span> <span class='ocrx_word' id='word_1_742' title='bbox 2414 3404 2578 3444; x_wconf 87' lang='lat' dir='ltr'><strong>suam.</strong></span> <span class='ocrx_word' id='word_1_743' title='bbox 2632 3386 2825 3453; x_wconf 85' lang='lat' dir='ltr'><strong>Alius,</strong></span> <span class='ocrx_word' id='word_1_744' title='bbox 2864 3383 3131 3455; x_wconf 67' lang='lat' dir='ltr'><strong>Palpebrae</strong></span> <span class='ocrx_word' id='word_1_745' title='bbox 3177 3383 3284 3455; x_wconf 86' lang='lat' dir='ltr'><strong>ejus</strong></span> <span class='ocrx_word' id='word_1_746' title='bbox 3336 3383 3571 3453; x_wconf 80' lang='lat' dir='ltr'><strong>probant.</strong></span> 
     </span>
    </p>
   </div>
   <div class='ocr_carea' id='block_1_95' title="bbox 1986 3474 3573 3553">
    <p class='ocr_par' dir='ltr' id='par_1_95' title="bbox 1986 3474 3573 3553">
     <span class='ocr_line' id='line_1_95' title="bbox 1986 3474 3573 3553; baseline -0.007 -14"><span class='ocrx_word' id='word_1_747' title='bbox 1986 3484 2164 3549; x_wconf 87' lang='lat' dir='ltr'><strong>Alius,</strong></span> <span class='ocrx_word' id='word_1_748' title='bbox 2192 3482 2436 3537; x_wconf 86' lang='lat' dir='ltr'><strong>Dominus</strong></span> <span class='ocrx_word' id='word_1_749' title='bbox 2455 3482 2627 3553; x_wconf 87' lang='lat' dir='ltr'><strong>justus</strong></span> <span class='ocrx_word' id='word_1_750' title='bbox 2654 3478 2991 3532; x_wconf 74' lang='lat' dir='ltr'><strong>examinator.</strong></span> <span class='ocrx_word' id='word_1_751' title='bbox 3023 3476 3194 3541; x_wconf 87' lang='lat' dir='ltr'><strong>Alius,</strong></span> <span class='ocrx_word' id='word_1_752' title='bbox 3227 3474 3431 3529; x_wconf 83' lang='lat' dir='ltr'><strong>Justum</strong></span> <span class='ocrx_word' id='word_1_753' title='bbox 3458 3490 3573 3545; x_wconf 83' lang='lat' dir='ltr'><strong>prc-</strong></span> 
     </span>
    </p>
   </div>
   <div class='ocr_carea' id='block_1_96' title="bbox 1985 3567 3567 3644">
    <p class='ocr_par' dir='ltr' id='par_1_96' title="bbox 1985 3567 3567 3644">
     <span class='ocr_line' id='line_1_96' title="bbox 1985 3567 3567 3644; baseline -0.008 -15"><span class='ocrx_word' id='word_1_754' title='bbox 1985 3575 2067 3629; x_wconf 87' lang='lat' dir='ltr'><strong>bat</strong></span> <span class='ocrx_word' id='word_1_755' title='bbox 2099 3583 2144 3628; x_wconf 87' lang='lat' dir='ltr'><strong>et</strong></span> <span class='ocrx_word' id='word_1_756' title='bbox 2173 3574 2403 3644; x_wconf 86' lang='lat' dir='ltr'><strong>impium,</strong></span> <span class='ocrx_word' id='word_1_757' title='bbox 2422 3582 2471 3625; x_wconf 90' lang='lat' dir='ltr'><strong>et</strong></span> <span class='ocrx_word' id='word_1_758' title='bbox 2489 3587 2600 3625; x_wconf 85' lang='lat' dir='ltr'><strong>eum</strong></span> <span class='ocrx_word' id='word_1_759' title='bbox 2628 3569 2712 3641; x_wconf 83' lang='lat' dir='ltr'><strong>qui</strong></span> <span class='ocrx_word' id='word_1_760' title='bbox 2732 3577 2871 3622; x_wconf 89' lang='lat' dir='ltr'><strong>amat</strong></span> <span class='ocrx_word' id='word_1_761' title='bbox 2896 3568 3088 3638; x_wconf 88' lang='lat' dir='ltr'><strong>injusta</strong></span> <span class='ocrx_word' id='word_1_762' title='bbox 3112 3567 3218 3621; x_wconf 88' lang='lat' dir='ltr'><strong>odit</strong></span> <span class='ocrx_word' id='word_1_763' title='bbox 3241 3567 3412 3621; x_wconf 88' lang='lat' dir='ltr'><strong>anima</strong></span> <span class='ocrx_word' id='word_1_764' title='bbox 3436 3567 3567 3638; x_wconf 82' lang='lat' dir='ltr'><strong>ejus.</strong></span> 
     </span>
    </p>
   </div>
   <div class='ocr_carea' id='block_1_97' title="bbox 1985 3658 3564 3734">
    <p class='ocr_par' dir='ltr' id='par_1_97' title="bbox 1985 3658 3564 3734">
     <span class='ocr_line' id='line_1_97' title="bbox 1985 3658 3564 3734; baseline -0.009 -11"><span class='ocrx_word' id='word_1_765' title='bbox 1985 3668 2155 3733; x_wconf 83' lang='lat' dir='ltr'><strong>Alius,</strong></span> <span class='ocrx_word' id='word_1_766' title='bbox 2193 3665 2291 3732; x_wconf 84' lang='lat' dir='ltr'><strong>Qui</strong></span> <span class='ocrx_word' id='word_1_767' title='bbox 2319 3672 2455 3718; x_wconf 90' lang='lat' dir='ltr'><strong>amat</strong></span> <span class='ocrx_word' id='word_1_768' title='bbox 2482 3662 2803 3734; x_wconf 76' lang='lat' dir='ltr'><strong>injustiliam,</strong></span> <span class='ocrx_word' id='word_1_769' title='bbox 2838 3659 2955 3715; x_wconf 86' lang='lat' dir='ltr'><strong>odio</strong></span> <span class='ocrx_word' id='word_1_770' title='bbox 2983 3659 3130 3714; x_wconf 80' lang='lat' dir='ltr'><strong>habet</strong></span> <span class='ocrx_word' id='word_1_771' title='bbox 3150 3658 3373 3712; x_wconf 81' lang='lat' dir='ltr'><strong>animam</strong></span> <span class='ocrx_word' id='word_1_772' title='bbox 3397 3673 3564 3712; x_wconf 86' lang='lat' dir='ltr'><strong>suam.</strong></span> 
     </span>
    </p>
   </div>
   <div class='ocr_carea' id='block_1_98' title="bbox 1987 3751 3566 3832">
    <p class='ocr_par' dir='ltr' id='par_1_98' title="bbox 1987 3751 3566 3832">
     <span class='ocr_line' id='line_1_98' title="bbox 1987 3751 3566 3832; baseline -0.01 -14"><span class='ocrx_word' id='word_1_773' title='bbox 1987 3761 2176 3818; x_wconf 85' lang='lat' dir='ltr'><strong>Vidisti</strong></span> <span class='ocrx_word' id='word_1_774' title='bbox 2201 3768 2441 3832; x_wconf 87' lang='lat' dir='ltr'><strong>paratum</strong></span> <span class='ocrx_word' id='word_1_775' title='bbox 2473 3757 2775 3828; x_wconf 88' lang='lat' dir='ltr'><strong>adjutorem</strong></span> <span class='ocrx_word' id='word_1_776' title='bbox 2796 3795 2812 3822; x_wconf 94' lang='lat'><strong>,</strong></span> <span class='ocrx_word' id='word_1_777' title='bbox 2841 3761 3144 3824; x_wconf 90' lang='lat' dir='ltr'><strong>promptum</strong></span> <span class='ocrx_word' id='word_1_778' title='bbox 3171 3751 3566 3821; x_wconf 84' lang='lat' dir='ltr'><strong>opitulatorem,</strong></span> 
     </span>
    </p>
   </div>
   <div class='ocr_carea' id='block_1_99' title="bbox 1985 3842 3569 3927">
    <p class='ocr_par' dir='ltr' id='par_1_99' title="bbox 1985 3842 3569 3927">
     <span class='ocr_line' id='line_1_99' title="bbox 1985 3842 3569 3927; baseline -0.011 -16"><span class='ocrx_word' id='word_1_779' title='bbox 1985 3856 2184 3927; x_wconf 90' lang='lat' dir='ltr'><strong>ubique</strong></span> <span class='ocrx_word' id='word_1_780' title='bbox 2229 3860 2570 3925; x_wconf 66' lang='lat' dir='ltr'><strong>prmsentem,</strong></span> <span class='ocrx_word' id='word_1_781' title='bbox 2614 3848 2793 3904; x_wconf 91' lang='lat' dir='ltr'><strong>omnia</strong></span> <span class='ocrx_word' id='word_1_782' title='bbox 2838 3845 3131 3911; x_wconf 87' lang='lat' dir='ltr'><strong>videntem,</strong></span> <span class='ocrx_word' id='word_1_783' title='bbox 3181 3844 3357 3898; x_wconf 89' lang='lat' dir='ltr'><strong>omnia</strong></span> <span class='ocrx_word' id='word_1_784' title='bbox 3396 3842 3569 3910; x_wconf 88' lang='lat' dir='ltr'><strong>respi-</strong></span> 
     </span>
    </p>
   </div>
   <div class='ocr_carea' id='block_1_100' title="bbox 1986 3933 3568 4013">
    <p class='ocr_par' dir='ltr' id='par_1_100' title="bbox 1986 3933 3568 4013">
     <span class='ocr_line' id='line_1_100' title="bbox 1986 3933 3568 4013; baseline -0.011 -9"><span class='ocrx_word' id='word_1_785' title='bbox 1986 3950 2212 4004; x_wconf 89' lang='lat' dir='ltr'><strong>cientem</strong></span> <span class='ocrx_word' id='word_1_786' title='bbox 2245 3963 2259 3999; x_wconf 96' lang='lat'><strong>:</strong></span> <span class='ocrx_word' id='word_1_787' title='bbox 2291 3943 2444 4013; x_wconf 89' lang='lat' dir='ltr'><strong>cujus</strong></span> <span class='ocrx_word' id='word_1_788' title='bbox 2484 3943 2586 3996; x_wconf 89' lang='lat' dir='ltr'><strong>hoc</strong></span> <span class='ocrx_word' id='word_1_789' title='bbox 2623 3939 2853 3995; x_wconf 80' lang='lat' dir='ltr'><strong>maxime</strong></span> <span class='ocrx_word' id='word_1_790' title='bbox 2878 3951 3070 3991; x_wconf 90' lang='lat' dir='ltr'><strong>munus</strong></span> <span class='ocrx_word' id='word_1_791' title='bbox 3104 3943 3206 4001; x_wconf 91' lang='lat' dir='ltr'><strong>est,</strong></span> <span class='ocrx_word' id='word_1_792' title='bbox 3250 3933 3349 3988; x_wconf 89' lang='lat' dir='ltr'><strong>etsi</strong></span> <span class='ocrx_word' id='word_1_793' title='bbox 3395 3933 3568 3987; x_wconf 87' lang='lat' dir='ltr'><strong>nullus</strong></span> 
     </span>
    </p>
   </div>
   <div class='ocr_carea' id='block_1_101' title="bbox 1987 4023 3565 4109">
    <p class='ocr_par' dir='ltr' id='par_1_101' title="bbox 1987 4023 3565 4109">
     <span class='ocr_line' id='line_1_101' title="bbox 1987 4023 3565 4109; baseline -0.012 -14"><span class='ocrx_word' id='word_1_794' title='bbox 1987 4057 2109 4096; x_wconf 92' lang='lat' dir='ltr'><strong>eum</strong></span> <span class='ocrx_word' id='word_1_795' title='bbox 2132 4046 2304 4109; x_wconf 85' lang='lat' dir='ltr'><strong>rogat,</strong></span> <span class='ocrx_word' id='word_1_796' title='bbox 2322 4034 2623 4107; x_wconf 90' lang='lat' dir='ltr'><strong>providere,</strong></span> <span class='ocrx_word' id='word_1_797' title='bbox 2652 4045 2832 4087; x_wconf 86' lang='lat' dir='ltr'><strong>curam</strong></span> <span class='ocrx_word' id='word_1_798' title='bbox 2848 4042 3063 4099; x_wconf 83' lang='lat' dir='ltr'><strong>gerere,</strong></span> <span class='ocrx_word' id='word_1_799' title='bbox 3092 4039 3188 4080; x_wconf 89' lang='lat' dir='ltr'><strong>eos</strong></span> <span class='ocrx_word' id='word_1_800' title='bbox 3212 4025 3299 4095; x_wconf 92' lang='lat' dir='ltr'><strong>qui</strong></span> <span class='ocrx_word' id='word_1_801' title='bbox 3318 4023 3565 4092; x_wconf 88' lang='lat' dir='ltr'><strong>iujuriam</strong></span> 
     </span>
    </p>
   </div>
   <div class='ocr_carea' id='block_1_102' title="bbox 1987 4116 3562 4201">
    <p class='ocr_par' dir='ltr' id='par_1_102' title="bbox 1987 4116 3562 4201">
     <span class='ocr_line' id='line_1_102' title="bbox 1987 4116 3562 4201; baseline -0.015 -12"><span class='ocrx_word' id='word_1_802' title='bbox 1987 4133 2189 4189; x_wconf 82' lang='lat' dir='ltr'><strong>faciunt</strong></span> <span class='ocrx_word' id='word_1_803' title='bbox 2234 4128 2541 4201; x_wconf 90' lang='lat' dir='ltr'><strong>prohibere,</strong></span> <span class='ocrx_word' id='word_1_804' title='bbox 2575 4125 2640 4179; x_wconf 87' lang='lat' dir='ltr'><strong>iis</strong></span> <span class='ocrx_word' id='word_1_805' title='bbox 2674 4121 2865 4193; x_wconf 90' lang='lat' dir='ltr'><strong>quibus</strong></span> <span class='ocrx_word' id='word_1_806' title='bbox 2908 4118 2966 4173; x_wconf 87' lang='lat' dir='ltr'><strong>lit</strong></span> <span class='ocrx_word' id='word_1_807' title='bbox 3008 4116 3197 4186; x_wconf 90' lang='lat' dir='ltr'><strong>injuria</strong></span> <span class='ocrx_word' id='word_1_808' title='bbox 3231 4126 3562 4179; x_wconf 81' lang='lat' dir='ltr'><strong>succurrere,</strong></span> 
     </span>
    </p>
   </div>
   <div class='ocr_carea' id='block_1_103' title="bbox 1986 4204 3566 4283">
    <p class='ocr_par' dir='ltr' id='par_1_103' title="bbox 1986 4204 3566 4283">
     <span class='ocr_line' id='line_1_103' title="bbox 1986 4204 3566 4283; baseline -0.017 0"><span class='ocrx_word' id='word_1_809' title='bbox 1986 4227 2197 4283; x_wconf 81' lang='lat' dir='ltr'><strong>illorum</strong></span> <span class='ocrx_word' id='word_1_810' title='bbox 2224 4231 2370 4277; x_wconf 87' lang='lat' dir='ltr'><strong>recte</strong></span> <span class='ocrx_word' id='word_1_811' title='bbox 2399 4217 2533 4273; x_wconf 87' lang='lat' dir='ltr'><strong>facta</strong></span> <span class='ocrx_word' id='word_1_812' title='bbox 2563 4211 2914 4278; x_wconf 89' lang='lat' dir='ltr'><strong>remunerari,</strong></span> <span class='ocrx_word' id='word_1_813' title='bbox 2942 4209 3025 4263; x_wconf 90' lang='lat' dir='ltr'><strong>his</strong></span> <span class='ocrx_word' id='word_1_814' title='bbox 3051 4220 3149 4278; x_wconf 90' lang='lat' dir='ltr'><strong>pro</strong></span> <span class='ocrx_word' id='word_1_815' title='bbox 3176 4204 3406 4276; x_wconf 88' lang='lat' dir='ltr'><strong>peccatis</strong></span> <span class='ocrx_word' id='word_1_816' title='bbox 3437 4218 3566 4271; x_wconf 91' lang='lat' dir='ltr'><strong>sup-</strong></span> 
     </span>
    </p>
   </div>
   <div class='ocr_carea' id='block_1_104' title="bbox 1986 4295 3570 4389">
    <p class='ocr_par' dir='ltr' id='par_1_104' title="bbox 1986 4295 3570 4389">
     <span class='ocr_line' id='line_1_104' title="bbox 1986 4295 3570 4389; baseline -0.015 -17"><span class='ocrx_word' id='word_1_817' title='bbox 1986 4317 2140 4389; x_wconf 89' lang='lat' dir='ltr'><strong>plicia</strong></span> <span class='ocrx_word' id='word_1_818' title='bbox 2168 4314 2407 4385; x_wconf 87' lang='lat' dir='ltr'><strong>inï¬‚igere</strong></span> <span class='ocrx_word' id='word_1_819' title='bbox 2434 4313 2456 4366; x_wconf 87' lang='lat'><strong>?</strong></span> <span class='ocrx_word' id='word_1_820' title='bbox 2480 4310 2622 4366; x_wconf 87' lang='lat' dir='ltr'><strong>Nihil</strong></span> <span class='ocrx_word' id='word_1_821' title='bbox 2650 4324 2777 4379; x_wconf 85' lang='lat' dir='ltr'><strong>ergo</strong></span> <span class='ocrx_word' id='word_1_822' title='bbox 2807 4308 3054 4376; x_wconf 86' lang='lat' dir='ltr'><strong>ignorat:</strong></span> <span class='ocrx_word' id='word_1_823' title='bbox 3098 4300 3237 4356; x_wconf 89' lang='lat' dir='ltr'><strong>oculi</strong></span> <span class='ocrx_word' id='word_1_824' title='bbox 3279 4298 3422 4355; x_wconf 91' lang='lat' dir='ltr'><strong>enim</strong></span> <span class='ocrx_word' id='word_1_825' title='bbox 3453 4295 3570 4389; x_wconf 85' lang='lat' dir='ltr'><strong>ejus</strong></span> 
     </span>
    </p>
   </div>
   <div class='ocr_carea' id='block_1_105' title="bbox 1986 4387 3568 4474">
    <p class='ocr_par' dir='ltr' id='par_1_105' title="bbox 1986 4387 3568 4474">
     <span class='ocr_line' id='line_1_105' title="bbox 1986 4387 3568 4474; baseline -0.018 -8"><span class='ocrx_word' id='word_1_826' title='bbox 1986 4387 2169 4467; x_wconf 82' lang='lat' dir='ltr'><strong>orbem</strong></span> <span class='ocrx_word' id='word_1_827' title='bbox 2197 4416 2356 4463; x_wconf 79' lang='lat' dir='ltr'><strong>terrae</strong></span> <span class='ocrx_word' id='word_1_828' title='bbox 2384 4402 2678 4474; x_wconf 90' lang='lat' dir='ltr'><strong>respiciunt</strong></span> <span class='ocrx_word' id='word_1_829' title='bbox 2703 4401 2779 4471; x_wconf 77' lang='lat'><strong>(2.</strong></span> <span class='ocrx_word' id='word_1_830' title='bbox 2813 4396 2995 4452; x_wconf 87' lang='lat' dir='ltr'><strong>Paral.</strong></span> <span class='ocrx_word' id='word_1_831' title='bbox 3027 4395 3115 4452; x_wconf 80' lang='lat' dir='ltr'><strong>l6.</strong></span> <span class='ocrx_word' id='word_1_832' title='bbox 3139 4392 3216 4466; x_wconf 82' lang='lat'><strong>9).</strong></span> <span class='ocrx_word' id='word_1_833' title='bbox 3248 4391 3365 4447; x_wconf 87' lang='lat' dir='ltr'><strong>Non</strong></span> <span class='ocrx_word' id='word_1_834' title='bbox 3395 4387 3568 4442; x_wconf 89' lang='lat' dir='ltr'><strong>solum</strong></span> 
     </span>
    </p>
   </div>
   <div class='ocr_carea' id='block_1_106' title="bbox 1966 4482 3569 4564">
    <p class='ocr_par' dir='ltr' id='par_1_106' title="bbox 1966 4482 3569 4564">
     <span class='ocr_line' id='line_1_106' title="bbox 1966 4482 3569 4564; baseline -0.016 -6"><span class='ocrx_word' id='word_1_835' title='bbox 1966 4512 2163 4557; x_wconf 46' lang='lat' dir='ltr'><strong>â€™autem</strong></span> <span class='ocrx_word' id='word_1_836' title='bbox 2191 4501 2314 4564; x_wconf 90' lang='lat' dir='ltr'><strong>hoc,</strong></span> <span class='ocrx_word' id='word_1_837' title='bbox 2345 4497 2439 4553; x_wconf 91' lang='lat' dir='ltr'><strong>sed</strong></span> <span class='ocrx_word' id='word_1_838' title='bbox 2464 4496 2623 4552; x_wconf 89' lang='lat' dir='ltr'><strong>etiam</strong></span> <span class='ocrx_word' id='word_1_839' title='bbox 2650 4509 2712 4549; x_wconf 90' lang='lat' dir='ltr'><strong>ea</strong></span> <span class='ocrx_word' id='word_1_840' title='bbox 2738 4493 2855 4547; x_wconf 90' lang='lat' dir='ltr'><strong>vult</strong></span> <span class='ocrx_word' id='word_1_841' title='bbox 2872 4491 3153 4562; x_wconf 86' lang='lat' dir='ltr'><strong>corrigere.</strong></span> <span class='ocrx_word' id='word_1_842' title='bbox 3189 4488 3256 4542; x_wconf 89' lang='lat' dir='ltr'><strong>Et</strong></span> <span class='ocrx_word' id='word_1_843' title='bbox 3284 4484 3404 4540; x_wconf 92' lang='lat' dir='ltr'><strong>ideo</strong></span> <span class='ocrx_word' id='word_1_844' title='bbox 3432 4482 3569 4536; x_wconf 89' lang='lat' dir='ltr'><strong>alius</strong></span> 
     </span>
    </p>
   </div>
   <div class='ocr_carea' id='block_1_107' title="bbox 1986 4574 3567 4664">
    <p class='ocr_par' dir='ltr' id='par_1_107' title="bbox 1986 4574 3567 4664">
     <span class='ocr_line' id='line_1_107' title="bbox 1986 4574 3567 4664; baseline -0.013 -17"><span class='ocrx_word' id='word_1_845' title='bbox 1986 4607 2198 4664; x_wconf 91' lang='lat' dir='ltr'><strong>quoque</strong></span> <span class='ocrx_word' id='word_1_846' title='bbox 2244 4591 2417 4661; x_wconf 88' lang='lat' dir='ltr'><strong>ipsum</strong></span> <span class='ocrx_word' id='word_1_847' title='bbox 2470 4585 2777 4657; x_wconf 82' lang='lat' dir='ltr'><strong>significans</strong></span> <span class='ocrx_word' id='word_1_848' title='bbox 2819 4581 3049 4647; x_wconf 90' lang='lat' dir='ltr'><strong>dicebat,</strong></span> <span class='ocrx_word' id='word_1_849' title='bbox 3086 4578 3286 4634; x_wconf 78' lang='lat' dir='ltr'><strong>Justus.</strong></span> <span class='ocrx_word' id='word_1_850' title='bbox 3316 4575 3374 4632; x_wconf 91' lang='lat' dir='ltr'><strong>Si</strong></span> <span class='ocrx_word' id='word_1_851' title='bbox 3426 4574 3567 4630; x_wconf 90' lang='lat' dir='ltr'><strong>enim</strong></span> 
     </span>
    </p>
   </div>
   <div class='ocr_carea' id='block_1_108' title="bbox 1981 4666 3568 4757">
    <p class='ocr_par' dir='ltr' id='par_1_108' title="bbox 1981 4666 3568 4757">
     <span class='ocr_line' id='line_1_108' title="bbox 1981 4666 3568 4757; baseline -0.014 -17"><span class='ocrx_word' id='word_1_852' title='bbox 1981 4688 2177 4757; x_wconf 87' lang='lat' dir='ltr'><strong>justus,</strong></span> <span class='ocrx_word' id='word_1_853' title='bbox 2207 4698 2311 4738; x_wconf 93' lang='lat' dir='ltr'><strong>non</strong></span> <span class='ocrx_word' id='word_1_854' title='bbox 2341 4680 2557 4736; x_wconf 89' lang='lat' dir='ltr'><strong>inducet</strong></span> <span class='ocrx_word' id='word_1_855' title='bbox 2603 4679 2657 4733; x_wconf 92' lang='lat' dir='ltr'><strong>iu</strong></span> <span class='ocrx_word' id='word_1_856' title='bbox 2700 4676 2934 4732; x_wconf 91' lang='lat' dir='ltr'><strong>animum</strong></span> <span class='ocrx_word' id='word_1_857' title='bbox 2972 4682 3032 4729; x_wconf 92' lang='lat' dir='ltr'><strong>ut</strong></span> <span class='ocrx_word' id='word_1_858' title='bbox 3074 4674 3188 4727; x_wconf 64' lang='lat' dir='ltr'><strong>haec</strong></span> <span class='ocrx_word' id='word_1_859' title='bbox 3227 4681 3427 4725; x_wconf 84' lang='lat' dir='ltr'><strong>temere</strong></span> <span class='ocrx_word' id='word_1_860' title='bbox 3457 4666 3568 4719; x_wconf 84' lang='lat' dir='ltr'><strong>ï¬eri</strong></span> 
     </span>
    </p>
   </div>
   <div class='ocr_carea' id='block_1_109' title="bbox 1986 4758 3568 4851">
    <p class='ocr_par' dir='ltr' id='par_1_109' title="bbox 1986 4758 3568 4851">
     <span class='ocr_line' id='line_1_109' title="bbox 1986 4758 3568 4851; baseline -0.015 -17"><span class='ocrx_word' id='word_1_861' title='bbox 1986 4780 2276 4851; x_wconf 86' lang='lat' dir='ltr'><strong>permittat.</strong></span> <span class='ocrx_word' id='word_1_862' title='bbox 2326 4777 2617 4829; x_wconf 82' lang='lat' dir='ltr'><strong>Aversatur</strong></span> <span class='ocrx_word' id='word_1_863' title='bbox 2667 4769 2858 4834; x_wconf 86' lang='lat' dir='ltr'><strong>malus,</strong></span> <span class='ocrx_word' id='word_1_864' title='bbox 2902 4767 3082 4823; x_wconf 90' lang='lat' dir='ltr'><strong>laudat</strong></span> <span class='ocrx_word' id='word_1_865' title='bbox 3122 4765 3316 4834; x_wconf 91' lang='lat' dir='ltr'><strong>justos.</strong></span> <span class='ocrx_word' id='word_1_866' title='bbox 3370 4758 3568 4814; x_wconf 79' lang='lat' dir='ltr'><strong>Deinde</strong></span> 
     </span>
    </p>
   </div>
   <div class='ocr_carea' id='block_1_110' title="bbox 1985 4854 3567 4943">
    <p class='ocr_par' dir='ltr' id='par_1_110' title="bbox 1985 4854 3567 4943">
     <span class='ocr_line' id='line_1_110' title="bbox 1985 4854 3567 4943; baseline -0.015 -17"><span class='ocrx_word' id='word_1_867' title='bbox 1985 4870 2127 4943; x_wconf 89' lang='lat' dir='ltr'><strong>quod</strong></span> <span class='ocrx_word' id='word_1_868' title='bbox 2158 4869 2211 4924; x_wconf 92' lang='lat' dir='ltr'><strong>in</strong></span> <span class='ocrx_word' id='word_1_869' title='bbox 2237 4867 2401 4939; x_wconf 91' lang='lat' dir='ltr'><strong>priori</strong></span> <span class='ocrx_word' id='word_1_870' title='bbox 2434 4864 2645 4920; x_wconf 82' lang='lat' dir='ltr'><strong>Psalmo</strong></span> <span class='ocrx_word' id='word_1_871' title='bbox 2680 4862 2911 4927; x_wconf 89' lang='lat' dir='ltr'><strong>dicebat,</strong></span> <span class='ocrx_word' id='word_1_872' title='bbox 2949 4857 3236 4913; x_wconf 89' lang='lat' dir='ltr'><strong>ostendens</strong></span> <span class='ocrx_word' id='word_1_873' title='bbox 3281 4854 3411 4908; x_wconf 90' lang='lat' dir='ltr'><strong>satis</strong></span> <span class='ocrx_word' id='word_1_874' title='bbox 3448 4865 3567 4905; x_wconf 85' lang='lat' dir='ltr'><strong>esse</strong></span> 
     </span>
    </p>
   </div>
   <div class='ocr_carea' id='block_1_111' title="bbox 1987 4944 3567 5028">
    <p class='ocr_par' dir='ltr' id='par_1_111' title="bbox 1987 4944 3567 5028">
     <span class='ocr_line' id='line_1_111' title="bbox 1987 4944 3567 5028; baseline -0.016 -11"><span class='ocrx_word' id='word_1_875' title='bbox 1987 4963 2172 5017; x_wconf 87' lang='lat' dir='ltr'><strong>vitium</strong></span> <span class='ocrx_word' id='word_1_876' title='bbox 2203 4960 2269 5015; x_wconf 90' lang='lat' dir='ltr'><strong>ad</strong></span> <span class='ocrx_word' id='word_1_877' title='bbox 2301 4960 2445 5028; x_wconf 84' lang='lat' dir='ltr'><strong>ipsos</strong></span> <span class='ocrx_word' id='word_1_878' title='bbox 2469 4953 2880 5016; x_wconf 87' lang='lat' dir='ltr'><strong>consumendos,</strong></span> <span class='ocrx_word' id='word_1_879' title='bbox 2927 4951 3026 5004; x_wconf 90' lang='lat' dir='ltr'><strong>hoc</strong></span> <span class='ocrx_word' id='word_1_880' title='bbox 3066 4949 3155 5004; x_wconf 88' lang='lat' dir='ltr'><strong>hic</strong></span> <span class='ocrx_word' id='word_1_881' title='bbox 3180 4948 3337 5002; x_wconf 88' lang='lat' dir='ltr'><strong>etiam</strong></span> <span class='ocrx_word' id='word_1_882' title='bbox 3366 4944 3567 5012; x_wconf 77' lang='lat' dir='ltr'><strong>signiti-</strong></span> 
     </span>
    </p>
   </div>
   <div class='ocr_carea' id='block_1_112' title="bbox 1988 5033 3569 5121">
    <p class='ocr_par' dir='ltr' id='par_1_112' title="bbox 1988 5033 3569 5121">
     <span class='ocr_line' id='line_1_112' title="bbox 1988 5033 3569 5121; baseline -0.015 -12"><span class='ocrx_word' id='word_1_883' title='bbox 1988 5069 2116 5108; x_wconf 86' lang='lat' dir='ltr'><strong>cans</strong></span> <span class='ocrx_word' id='word_1_884' title='bbox 2147 5051 2456 5121; x_wconf 86' lang='lat' dir='ltr'><strong>subjunxit:</strong></span> <span class='ocrx_word' id='word_1_885' title='bbox 2486 5048 2584 5115; x_wconf 84' lang='lat' dir='ltr'><strong>Qui</strong></span> <span class='ocrx_word' id='word_1_886' title='bbox 2609 5054 2776 5100; x_wconf 84' lang='lat' dir='ltr'><strong>autem</strong></span> <span class='ocrx_word' id='word_1_887' title='bbox 2813 5051 2949 5095; x_wconf 86' lang='lat' dir='ltr'><strong>amat</strong></span> <span class='ocrx_word' id='word_1_888' title='bbox 2974 5040 3297 5110; x_wconf 85' lang='lat' dir='ltr'><strong>injustitiam,</strong></span> <span class='ocrx_word' id='word_1_889' title='bbox 3328 5035 3432 5089; x_wconf 87' lang='lat' dir='ltr'><strong>odit</strong></span> <span class='ocrx_word' id='word_1_890' title='bbox 3457 5033 3569 5086; x_wconf 86' lang='lat' dir='ltr'><strong>ani-</strong></span> 
     </span>
    </p>
   </div>
   <div class='ocr_carea' id='block_1_113' title="bbox 1987 5122 3568 5197">
    <p class='ocr_par' dir='ltr' id='par_1_113' title="bbox 1987 5122 3568 5197">
     <span class='ocr_line' id='line_1_113' title="bbox 1987 5122 3568 5197; baseline -0.013 0"><span class='ocrx_word' id='word_1_891' title='bbox 1987 5160 2121 5197; x_wconf 86' lang='lat' dir='ltr'><strong>mam</strong></span> <span class='ocrx_word' id='word_1_892' title='bbox 2164 5158 2327 5196; x_wconf 90' lang='lat' dir='ltr'><strong>suam.</strong></span> <span class='ocrx_word' id='word_1_893' title='bbox 2371 5139 2467 5194; x_wconf 83' lang='lat' dir='ltr'><strong>Est</strong></span> <span class='ocrx_word' id='word_1_894' title='bbox 2496 5136 2635 5192; x_wconf 89' lang='lat' dir='ltr'><strong>enim</strong></span> <span class='ocrx_word' id='word_1_895' title='bbox 2663 5135 2857 5189; x_wconf 77' lang='lat' dir='ltr'><strong>animm</strong></span> <span class='ocrx_word' id='word_1_896' title='bbox 2884 5132 3154 5185; x_wconf 67' lang='lat' dir='ltr'><strong>ininâ€˜ticum</strong></span> <span class='ocrx_word' id='word_1_897' title='bbox 3180 5127 3402 5189; x_wconf 84' lang='lat' dir='ltr'><strong>vitium,</strong></span> <span class='ocrx_word' id='word_1_898' title='bbox 3432 5122 3568 5176; x_wconf 77' lang='lat' dir='ltr'><strong>infe-</strong></span> 
     </span>
    </p>
   </div>
   <div class='ocr_carea' id='block_1_114' title="bbox 1986 5214 3566 5302">
    <p class='ocr_par' dir='ltr' id='par_1_114' title="bbox 1986 5214 3566 5302">
     <span class='ocr_line' id='line_1_114' title="bbox 1986 5214 3566 5302; baseline -0.013 -13"><span class='ocrx_word' id='word_1_899' title='bbox 1986 5245 2148 5301; x_wconf 86' lang='lat' dir='ltr'><strong>stum,</strong></span> <span class='ocrx_word' id='word_1_900' title='bbox 2175 5244 2228 5288; x_wconf 92' lang='lat' dir='ltr'><strong>et</strong></span> <span class='ocrx_word' id='word_1_901' title='bbox 2256 5230 2609 5302; x_wconf 84' lang='lat' dir='ltr'><strong>perniciosum</strong></span> <span class='ocrx_word' id='word_1_902' title='bbox 2637 5240 2839 5296; x_wconf 86' lang='lat' dir='ltr'><strong>:quare</strong></span> <span class='ocrx_word' id='word_1_903' title='bbox 2869 5222 2950 5276; x_wconf 86' lang='lat' dir='ltr'><strong>vel</strong></span> <span class='ocrx_word' id='word_1_904' title='bbox 2989 5230 3112 5275; x_wconf 89' lang='lat' dir='ltr'><strong>ante</strong></span> <span class='ocrx_word' id='word_1_905' title='bbox 3137 5216 3455 5288; x_wconf 90' lang='lat' dir='ltr'><strong>supplicium</strong></span> <span class='ocrx_word' id='word_1_906' title='bbox 3478 5214 3566 5268; x_wconf 86' lang='lat' dir='ltr'><strong>dat</strong></span> 
     </span>
    </p>
   </div>
   <div class='ocr_carea' id='block_1_115' title="bbox 1987 5306 3568 5396">
    <p class='ocr_par' dir='ltr' id='par_1_115' title="bbox 1987 5306 3568 5396">
     <span class='ocr_line' id='line_1_115' title="bbox 1987 5306 3568 5396; baseline -0.013 -16"><span class='ocrx_word' id='word_1_907' title='bbox 1987 5339 2166 5396; x_wconf 72' lang='lat' dir='ltr'><strong>pmnas</strong></span> <span class='ocrx_word' id='word_1_908' title='bbox 2214 5323 2503 5393; x_wconf 91' lang='lat' dir='ltr'><strong>improbus.</strong></span> <span class='ocrx_word' id='word_1_909' title='bbox 2540 5318 2724 5373; x_wconf 76' lang='lat' dir='ltr'><strong>Vidisti</strong></span> <span class='ocrx_word' id='word_1_910' title='bbox 2771 5312 3037 5385; x_wconf 89' lang='lat' dir='ltr'><strong>quomodo</strong></span> <span class='ocrx_word' id='word_1_911' title='bbox 3080 5309 3309 5378; x_wconf 87' lang='lat' dir='ltr'><strong>undique</strong></span> <span class='ocrx_word' id='word_1_912' title='bbox 3334 5306 3568 5361; x_wconf 88' lang='lat' dir='ltr'><strong>ostendit</strong></span> 
     </span>
    </p>
   </div>
   <div class='ocr_carea' id='block_1_116' title="bbox 1986 5396 3569 5479">
    <p class='ocr_par' dir='ltr' id='par_1_116' title="bbox 1986 5396 3569 5479">
     <span class='ocr_line' id='line_1_116' title="bbox 1986 5396 3569 5479; baseline -0.013 -8"><span class='ocrx_word' id='word_1_913' title='bbox 1986 5415 2321 5471; x_wconf 83' lang='lat' dir='ltr'><strong>adversarios</strong></span> <span class='ocrx_word' id='word_1_914' title='bbox 2374 5412 2526 5465; x_wconf 83' lang='lat' dir='ltr'><strong>facile</strong></span> <span class='ocrx_word' id='word_1_915' title='bbox 2563 5410 2679 5479; x_wconf 90' lang='lat' dir='ltr'><strong>capi</strong></span> <span class='ocrx_word' id='word_1_916' title='bbox 2725 5422 2900 5477; x_wconf 88' lang='lat' dir='ltr'><strong>posse,</strong></span> <span class='ocrx_word' id='word_1_917' title='bbox 2943 5418 3061 5457; x_wconf 89' lang='lat' dir='ltr'><strong>cum</strong></span> <span class='ocrx_word' id='word_1_918' title='bbox 3100 5409 3154 5455; x_wconf 91' lang='lat' dir='ltr'><strong>et</strong></span> <span class='ocrx_word' id='word_1_919' title='bbox 3189 5399 3347 5453; x_wconf 89' lang='lat' dir='ltr'><strong>talem</strong></span> <span class='ocrx_word' id='word_1_920' title='bbox 3377 5396 3569 5451; x_wconf 85' lang='lat' dir='ltr'><strong>habeat</strong></span> 
     </span>
    </p>
   </div>
   <div class='ocr_carea' id='block_1_117' title="bbox 1986 5487 3567 5579">
    <p class='ocr_par' dir='ltr' id='par_1_117' title="bbox 1986 5487 3567 5579">
     <span class='ocr_line' id='line_1_117' title="bbox 1986 5487 3567 5579; baseline -0.014 -16"><span class='ocrx_word' id='word_1_921' title='bbox 1986 5510 2308 5579; x_wconf 89' lang='lat' dir='ltr'><strong>adjutorem,</strong></span> <span class='ocrx_word' id='word_1_922' title='bbox 2336 5513 2390 5559; x_wconf 89' lang='lat' dir='ltr'><strong>et</strong></span> <span class='ocrx_word' id='word_1_923' title='bbox 2409 5519 2437 5556; x_wconf 87' lang='lat' dir='ltr'><strong>a</strong></span> <span class='ocrx_word' id='word_1_924' title='bbox 2461 5501 2689 5573; x_wconf 88' lang='lat' dir='ltr'><strong>propriis</strong></span> <span class='ocrx_word' id='word_1_925' title='bbox 2711 5487 2782 5552; x_wconf 89' lang='lat' dir='ltr'><strong>illi</strong></span> <span class='ocrx_word' id='word_1_926' title='bbox 2809 5496 2971 5551; x_wconf 89' lang='lat' dir='ltr'><strong>armis</strong></span> <span class='ocrx_word' id='word_1_927' title='bbox 3000 5495 3298 5557; x_wconf 86' lang='lat' dir='ltr'><strong>vincantur,</strong></span> <span class='ocrx_word' id='word_1_928' title='bbox 3330 5505 3424 5560; x_wconf 91' lang='lat' dir='ltr'><strong>per</strong></span> <span class='ocrx_word' id='word_1_929' title='bbox 3447 5504 3567 5558; x_wconf 70' lang='lat' dir='ltr'><strong>qua:</strong></span> 
     </span>
    </p>
   </div>
   <div class='ocr_carea' id='block_1_118' title="bbox 1986 5582 3565 5667">
    <p class='ocr_par' dir='ltr' id='par_1_118' title="bbox 1986 5582 3565 5667">
     <span class='ocr_line' id='line_1_118' title="bbox 1986 5582 3565 5667; baseline -0.016 -8"><span class='ocrx_word' id='word_1_930' title='bbox 1986 5603 2317 5666; x_wconf 87' lang='lat' dir='ltr'><strong>muniuntur,</strong></span> <span class='ocrx_word' id='word_1_931' title='bbox 2343 5612 2436 5667; x_wconf 88' lang='lat' dir='ltr'><strong>per</strong></span> <span class='ocrx_word' id='word_1_932' title='bbox 2461 5610 2524 5651; x_wconf 92' lang='lat' dir='ltr'><strong>ea</strong></span> <span class='ocrx_word' id='word_1_933' title='bbox 2551 5610 2609 5649; x_wconf 91' lang='lat' dir='ltr'><strong>se</strong></span> <span class='ocrx_word' id='word_1_934' title='bbox 2636 5598 3031 5654; x_wconf 90' lang='lat' dir='ltr'><strong>consumentes,</strong></span> <span class='ocrx_word' id='word_1_935' title='bbox 3055 5594 3110 5642; x_wconf 91' lang='lat' dir='ltr'><strong>ct</strong></span> <span class='ocrx_word' id='word_1_936' title='bbox 3133 5585 3336 5655; x_wconf 79' lang='lat' dir='ltr'><strong>seipsos</strong></span> <span class='ocrx_word' id='word_1_937' title='bbox 3366 5582 3565 5638; x_wconf 58' lang='lat' dir='ltr'><strong>laeden-</strong></span> 
     </span>
    </p>
   </div>
   <div class='ocr_carea' id='block_1_119' title="bbox 2051 5802 3561 5882">
    <p class='ocr_par' dir='ltr' id='par_1_119' title="bbox 2051 5802 3561 5882">
     <span class='ocr_line' id='line_1_119' title="bbox 2051 5802 3561 5882; baseline -0.013 -11"><span class='ocrx_word' id='word_1_938' title='bbox 2051 5823 2064 5853; x_wconf 74' lang='grc'>â¸</span> <span class='ocrx_word' id='word_1_939' title='bbox 2092 5821 2176 5872; x_wconf 69' lang='lat' dir='ltr'><strong>liae</strong></span> <span class='ocrx_word' id='word_1_940' title='bbox 2198 5834 2359 5882; x_wconf 86' lang='lat' dir='ltr'><strong>voces,</strong></span> <span class='ocrx_word' id='word_1_941' title='bbox 2379 5825 2548 5871; x_wconf 87' lang='lat' dir='ltr'><strong>etcum</strong></span> <span class='ocrx_word' id='word_1_942' title='bbox 2570 5813 2667 5867; x_wconf 83' lang='lat' dir='ltr'><strong>illis</strong></span> <span class='ocrx_word' id='word_1_943' title='bbox 2690 5813 2923 5876; x_wconf 81' lang='lat' dir='ltr'><strong>opposmt,</strong></span> <span class='ocrx_word' id='word_1_944' title='bbox 2948 5811 3124 5861; x_wconf 83' lang='lat' dir='ltr'><strong>desunt</strong></span> <span class='ocrx_word' id='word_1_945' title='bbox 3141 5804 3342 5856; x_wconf 82' lang='lat' dir='ltr'><strong>inSavil.</strong></span> <span class='ocrx_word' id='word_1_946' title='bbox 3357 5812 3409 5855; x_wconf 90' lang='lat' dir='ltr'><strong>et</strong></span> <span class='ocrx_word' id='word_1_947' title='bbox 3429 5802 3561 5855; x_wconf 81' lang='lat' dir='ltr'><strong>Colh.</strong></span> 
     </span>
    </p>
   </div>
  </div>
