4068 6288
491 382 591 438 143

485 498 607 553 tes?
653 496 830 552 vidisti
875 496 1058 552 auxilii
1112 494 1460 552 facilitatem?
1487 495 1677 566 Neque
1714 494 1856 550 enim
1893 494 2073 563 aliquo

482 588 741 658 eundum,
769 606 870 646 nec
894 590 1216 646 currendum
1244 598 1358 655 est,
1384 605 1482 645 nec
1509 592 1885 646 consumenda:
1916 602 2075 657 pecu-

486 682 612 753 niaa,
640 696 763 737 cum
793 681 935 737 Deus
958 682 1030 735 sit
1059 681 1252 751 ubique
1290 694 1548 750 prasens,
1577 691 1631 734 et
1656 678 1832 733 omnia
1876 677 2073 734 videat.

483 773 539 827 7.
574 771 726 828 Piuet
755 788 907 843 super
932 782 1216 843 peccatores
1249 771 1473 840 laqueos,
1509 770 1641 841 ignis
1677 780 1723 823 et
1751 769 1991 838 sulphur,
2025 777 2073 823 et

484 865 695 933 spiritus
740 864 1100 934 procellarum,
1144 880 1265 936 pars
1299 863 1471 918 colicis
1511 878 1705 918 eorum.
1739 861 1793 916 8.
1819 860 2070 928 Quoniam

485 957 649 1021 iustus
687 954 957 1020 Dominus,
1009 965 1057 1010 et
1094 955 1324 1026 justitias
1373 954 1570 1021 dilexit,
1624 955 1908 1027 (equitatem
1949 953 2071 1006 uidit

482 1048 649 1102 uultus
686 1047 815 1119 ejus.
870 1047 1040 1114 Alius,
1085 1045 1238 1101 Pluet
1279 1062 1430 1117 super
1470 1046 1667 1115 iniquos
1697 1043 1938 1098 carbones
1969 1042 2067 1114 (τι).

482 1140 653 1205 Alius,
682 1140 1025 1195 Rectitudincs
1051 1138 1233 1192 uidebit
1252 1137 1417 1192 vultus
1437 1153 1627 1199 eorum,
1649 1135 1752 1191 hoc
1776 1144 1880 1200 est,
1898 1132 2070 1203 justo-

483 1249 624 1297 rum,
657 1234 739 1289 vel
762 1233 923 1288 etiam
953 1232 1117 1308 ipsius
1138 1231 1253 1286 Dei.
1277 1230 1564 1301 Postquam
1592 1228 1726 1283 dixit
1750 1226 2067 1298 supplicium

480 1324 623 1395 quod
646 1340 715 1380 ex
734 1325 862 1380 vitio
881 1325 1067 1389 oritur,
1088 1324 1336 1393 quoniam
1366 1322 1519 1377 multi
1541 1321 1592 1377 id
1617 1328 1981 1384 contemnunt,
2000 1333 2068 1372 ex

486 1415 636 1486 plaga
661 1430 779 1485 qua:
808 1429 1041 1483 superne
1068 1412 1290 1469 infertur
1326 1421 1559 1467 mentem
1584 1410 1835 1480 deinceps
1866 1409 2067 1478 impro-

484 1504 673 1559 borum
687 1504 939 1570 concutit,
959 1502 1257 1575 emphatica
1278 1512 1333 1558 et
1346 1518 1459 1558 rem
1481 1502 1811 1572 exprimente
1826 1501 2069 1555 oratione

484 1602 661 1660 utens,
715 1602 770 1649 et
818 1609 911 1664 per
958 1595 1174 1649 nomina
1229 1593 1488 1649 terribilia
1529 1593 1839 1663 procedens.
1885 1589 2064 1661 Ignem

479 1686 647 1751 enim,
676 1697 731 1741 et
750 1686 993 1757 sulphur,
1023 1697 1078 1742 et
1105 1688 1352 1758 spiritum
1383 1687 1753 1757 procellarum,
1787 1695 1841 1740 et
1874 1685 2066 1739 carbo-

482 1791 600 1841 nes,
649 1777 839 1848 inquit,
890 1792 1121 1846 superne
1177 1777 1341 1849 pluet,
1385 1777 1673 1832 dictionum
1725 1776 2067 1831 translatione

484 1882 695 1935 ptrnam
726 1866 1081 1923 inevitabilem
1106 1908 1121 1935 ,
1153 1867 1398 1938 supplicii
1429 1866 1812 1932 diversitatem,
1844 1864 2065 1921 feriendi

482 1956 807 2027 facilitatem,
831 1968 885 2016 et
907 1959 1257 2015 consumendi
1284 1960 1389 2013 vim
1412 1960 1598 2015 volens
1625 1959 1926 2015 ostendere.

550 2052 604 2106 5.
626 2050 762 2120 Quid
791 2060 893 2117 est,
937 2051 1070 2107 Pars
1099 2053 1272 2109 calicis
1297 2054 1507 2107 eorum?
1534 2052 1659 2108 Haec
1678 2095 1693 2119 ,
1737 2052 1926 2122 inquit,
1979 2059 2063 2107 est

478 2159 599 2199 sors
626 2159 835 2211 eorum,
866 2144 979 2200 lure
1001 2145 1267 2214 possessio
1292 2162 1304 2199 :
1343 2145 1395 2198 in
1436 2159 1502 2200 eo
1528 2144 1896 2210 versabtmtur,
1925 2143 1975 2197 in
1998 2158 2065 2196 eo

438 2264 441 2267 ν
476 2247 879 2293 consumentur.
930 2237 1132 2292 Deinde
1178 2252 1396 2292 causam
1439 2251 1653 2307 quoque
1697 2234 1874 2301 affert,
1922 2232 2064 2302 quod

476 2328 566 2396 qui
586 2327 765 2383 omnia
794 2328 1009 2399 reSpicit
1043 2344 1149 2383 non
1179 2329 1450 2399 permittat
1495 2336 1553 2382 ut
1583 2327 1697 2382 ha'c
1723 2327 1938 2396 impune
1967 2326 2061 2379 ab-

476 2426 621 2472 eant.
648 2418 802 2486 Quod
832 2419 968 2474 alius
997 2420 1158 2474 etiam
1187 2419 1316 2474 dicit
1338 2417 1595 2489 propheta
1623 2435 1636 2470 :
1675 2416 1845 2470 Purus
1885 2416 2063 2470 oculus

476 2520 615 2574 tuus,
648 2526 712 2566 ne
750 2510 915 2565 videat
962 2512 1129 2577 mala,
1159 2521 1206 2565 et
1231 2528 1386 2578 super
1404 2511 1624 2583 ilabores
1674 2511 1919 2580 respicere
1961 2527 2063 2564 non

478 2601 663 2669 poteris
712 2617 732 2655 :
774 2600 877 2656 hoc
904 2617 1114 2673 quoque
1155 2603 1389 2657 ostendit
1418 2601 1503 2655 hic
1550 2601 1731 2655 dicens
1764 2619 1776 2654 :
1814 2599 2061 2667 Quoniam

469 2692 642 2762 justus
668 2690 936 2757 Dominus,
984 2703 1030 2746 et
1062 2693 1295 2763 jnstitias
1348 2691 1523 2746 dilexit
1577 2692 1799 2762 (Heliae.
1836 2692 1883 2745 1.
1933 2691 2055 2761 15).

477 2781 591 2839 Hoc
618 2783 709 2839 Dei
726 2793 808 2838 est
827 2783 1101 2850 eximium,
1124 2800 1243 2854 qua:
1259 2785 1402 2853 justa
1425 2793 1548 2838 sunt
1573 2783 1873 2848 admittere,
1899 2783 2063 2852 arqui-

476 2886 637 2935 tatem
673 2877 923 2948 amplecti
952 2895 965 2931 :
996 2892 1095 2933 nec
1122 2894 1240 2949 quae
1264 2876 1420 2932 aliter
1444 2877 1593 2941 lium,
1620 2892 1866 2947 umquam
1898 2876 2060 2931 susti-

475 2969 675 3027 interit.

540 3059 864 3128 Compar-otio
901 3060 1117 3130 passeris
1146 3076 1258 3113 cum
1287 3059 1457 3113 divite.
1484 3089 1555 3099 -—
1583 3059 1870 3128 Propterea
1910 3059 2059 3114 Psal-

475 3167 617 3205 mum
647 3150 925 3220 incipiens,
950 3150 1187 3205 dici-bat:
1212 3148 1278 3204 In
1302 3148 1521 3203 Domino
1546 3151 1748 3218 conﬁdo
1771 3167 1788 3215 ;
1810 3153 2059 3222 quomodo

473 3243 639 3297 (licitis
665 3243 849 3298 annua!
894 3258 1017 3297 mea:
1049 3257 1068 3296 :
1092 3240 1419 3312 Transmigra
1464 3244 1517 3295 in
1558 3252 1749 3297 montes
1790 3244 1916 3297 sicut
1943 3260 2062 3313 pas-

471 3338 590 3391 ser?
617 3337 717 3405 Qui
743 3337 885 3391 enim
917 3336 968 3391 in
997 3336 1157 3391 rebus
1184 3335 1408 3390 terrenis
1432 3377 1447 3399 ,
1479 3344 1533 3389 et
1560 3334 1623 3389 iis
1665 3351 1784 3406 quae
1812 3335 1876 3389 ad
1924 3337 2060 3390 hanc

472 3430 632 3483 vitam
662 3430 948 3498 pertinent,
982 3428 1254 3483 conlidqu
1278 3471 1291 3490 ,
1323 3428 1492 3484 nihilo
1531 3429 1719 3483 melius
1748 3429 2060 3485 afliciuntur

476 3536 636 3588 cpiam
669 3536 855 3589 passer
880 3520 969 3590 qui
998 3520 1167 3575 fidens
1204 3520 1501 3585 solitudini,
1556 3520 1713 3576 facile
1743 3523 1857 3592 capi
1883 3531 2056 3591 potest

469 3612 539 3666 ab
567 3610 835 3666 erunibus.
882 3610 1026 3665 Talis
1049 3620 1131 3666 est
1160 3612 1442 3687 quisperat
1472 3614 1522 3666 in
1553 3614 1822 3683 pecuniis.
1854 3614 2057 3680 Quem-

469 3704 757 3759 admodum
789 3718 973 3775 passer
996 3713 1049 3759 et
1076 3720 1103 3756 a
1138 3704 1335 3774 pueris,
1358 3714 1413 3759 et
1434 3720 1462 3757 a
1494 3706 1638 3760 visco
1663 3708 1891 3777 capitur,
1923 3723 1953 3761 a
1980 3708 2057 3762 la-

467 3796 643 3866 queis,
676 3795 821 3851 etab
851 3796 973 3851 aliis
1003 3794 1481 3852 innumerabilibus
1511 3813 1525 3849 :
1574 3797 1645 3850 ita
1674 3796 1834 3852 etiam
1863 3799 1951 3869 qui
1976 3810 2059 3855 est

466 3886 638 3949 dives.
667 3895 724 3942 et
754 3901 972 3942 suorum
996 3926 1012 3953 ,
1045 3896 1101 3941 et
1131 3887 1360 3942 hostium
1416 3887 1612 3956 petitur
1650 3888 1854 3943 insidiis
1886 3899 1976 3943 :ct
2003 3890 2053 3943 iu

467 3979 670 4049 majore
691 3993 852 4049 quam
874 3978 961 4032 ille
987 3986 1231 4033 vorsatur
1262 3978 1519 4047 periculo,
1551 3988 1607 4032 nt
1628 3980 1717 4048 qui
1741 3981 1938 4034 multos
1962 3981 2057 4035 ha-

466 4073 610 4137 heat,
635 4071 724 4142 qui
753 4072 953 4126 viscum
979 4070 1255 4135 adhibent,
1284 4080 1337 4124 et
1370 4078 1495 4124 ante
1523 4069 1664 4136 illos,
1693 4071 1859 4124 utalas
1901 4072 2055 4140 cupi-

463 4164 907 4234 ditates;estque
955 4177 1169 4232 semper
1207 4162 1628 4232 transmigrator,
1676 4178 1889 4232 seraper
1917 4174 2053 4218 tem-

466 4256 578 4325 pori
615 4255 878 4320 serviens,
904 4261 960 4307 et
989 4254 1234 4308 lictorum
1278 4252 1384 4306 iras
1435 4254 1837 4322 pertimescens,
1865 4264 1917 4307 et
1948 4253 2052 4306 lm-

466 4347 729 4417 peratoris
780 4346 1215 4415 indignationem,
1252 4353 1300 4399 et
1332 4344 1666 4399 adulatorum
1712 4344 1949 4410 insidias,
2000 4354 2055 4399 et

465 4439 679 4494 fraudes
719 4440 1048 4504 amicorum;
1095 4448 1151 4494 et
1198 4452 1318 4493 cum
1375 4437 1556 4490 ιιοειεε
1613 4435 1882 4502 irrueriut,
1936 4437 2051 4505 plus

464 4547 625 4601 quam
656 4545 845 4584 omnes
886 4530 1270 4595 contremiseit,
1299 4540 1353 4584 et
1378 4545 1497 4582 eum
1528 4540 1611 4583 est
1639 4545 1761 4597 pax,
1808 4528 2053 4598 ειιεμίεηέ

466 4637 553 4682 ιιιι·
583 4624 921 4679 insidiatores
951 4642 965 4678 :
999 4639 1170 4693 neque
1214 4623 1355 4679 enim
1385 4622 1543 4678 habet
1569 4623 1779 4677 divitias
1806 4622 2045 4687 stabile=,

462 4727 518 4774 et
543 4733 661 4787 qua:
686 4713 885 4771 auferri
917 4723 1204 4785 nequeunt.
1243 4713 1365 4768 Ideo
1390 4729 1603 4782 semper
1629 4714 1767 4769 volat
1792 4722 1846 4768 et
1874 4723 2045 4767 trans-

464 4810 680 4880 migrat,
715 4814 925 4864 montes
967 4814 1023 4860 et
1072 4805 1287 4859 deserta
1338 4819 1687 4874 persequens,
1736 4819 1951 4859 \‘Ct‘SattS
1993 4804 2045 4856 in

457 4901 711 4973 caligine,
739 4908 794 4955 et
820 4899 874 4954 in
912 4898 1137 4954 meridie
1164 4911 1376 4952 crassas
1403 4895 1603 4951 habens
1646 4897 1912 4963 tenebras,
1943 4897 2042 4951 do-

458 4998 645 5064 lusque
688 5001 921 5047 struens.
949 4989 1054 5045 Sed
1105 5002 1209 5042 non
1243 4987 1360 5041 talis
1402 4997 1483 5041 est
1522 4985 1716 5057 justus.
1760 4985 1867 5040 Via:
1909 4988 2041 5040 enim

451 5087 711 5155 iustorum
736 5081 1057 5152 resplendent
1084 5081 1246 5134 instar
1264 5079 1392 5134 lucis
1421 5076 1601 5150 (l’rov.
1639 5079 1690 5132 4.
1722 5079 1826 5149 l8).
1858 5079 2042 5148 Neque

455 5179 598 5235 enim
631 5176 850 5232 insidias
875 5188 1084 5245 parare,
1132 5187 1305 5242 neque
1339 5170 1590 5241 injuriam
1638 5170 1810 5224 facere
1839 5172 2040 5225 consti-

454 5279 629 5338 tuunt,
656 5268 752 5325 sed
776 5270 1014 5340 quietum
1057 5266 1253 5320 habent
1278 5265 1537 5320 aninnnn.
1566 5262 1643 5317 Illi
1670 5270 1846 5316 autem
1886 5263 2040 5319 dolos

453 5377 665 5432 seraper
684 5369 973 5426 struentes,
1001 5373 1215 5429 semper
1240 5366 1367 5413 sunt
1392 5358 1442 5410 in
1471 5365 1615 5411 metu
1643 5365 1693 5409 et
1723 5355 1773 5408 in
1802 5355 2037 5412 tenebris

452 5456 592 5513 sicut
630 5453 887 5520 latrones,
912 5467 1183 5508 murorum
1212 5447 1540 5520 perfossores
1569 5456 1622 5502 et
1652 5446 1880 5501 adulteri
1919 5464 1933 5501 :
1959 5446 2037 5501 iu-

512 5588 588 5650 (α)
612 5587 664 5637 In
683 5594 864 5643 Grmoo.
885 5597 964 5638 δοιι
986 5600 1042 5638 ira
1057 5598 1282 5650 «9:34pm.
1302 5592 1489 5645 tam.
1508 5556 1660 5650 liuius
1681 5579 1743 5650 sit
1761 5579 1864 5650 bare
1888 5585 2035 5650 inter-

451 5633 664 5717 ιττεῖέιῖδ
679 5633 1410 5711 ἆῶἆίέῆὸιῖέὶιιὲζίιιάῦέτό,
1439 5633 1658 5717 ιιίιίειιῖιίε
1697 5640 1869 5701 fuerit,
1894 5646 2034 5717 Dm:

452 5713 616 5779 vertit,
629 5728 822 5782 ᾇνορωιις.
843 5717 1071 5782 carbones
1094 5730 1110 5767 :
1132 5731 1223 5766 nec
1236 5714 1623 5782 fortassemrrlez
1653 5726 1846 5782 uamicx
1871 5713 2032 5765 radice

447 5791 547 5846 nm
569 5776 901 5847 inﬂariuumtdi
940 5780 1142 5829 verbum
1177 5780 1329 5828 oritur
1367 5780 1412 5827 iu
1448 5776 1595 5839 ιιιιιιιι
1633 5783 1677 5823 et
1703 5781 1797 5839 ἴτε)
1823 5789 2031 5829 emerem

452 5853 705 5921 signiﬁcat.
732 5852 855 5903 Vide
878 5850 1082 5902 Lexic’m
1108 5857 1320 5898 nostrum
1345 5850 1390 5901 iu
1418 5851 1645 5910 ttexapla.

1157 380 1215 437 S.
1253 379 1530 438 JOANNIS
1567 376 2040 436 CIIRYSOSTOMI
2079 377 2394 434 ARCHIEP.
2437 378 2970 438 CONSTANTINOP.

3670 386 3772 438 lib

2184 496 2357 550 terdiu
2386 496 2573 554 vident
2617 498 2885 567 tenebras,
2915 514 3035 554 cum
3064 502 3129 555 sit
3158 516 3343 555 eorum
3373 500 3549 555 anima
3576 503 3774 555 timore

2179 590 2515 643 conturbata.
2549 590 2829 657 Quomodo
2855 608 2983 663 ergo
3024 604 3247 662 possunt
3280 594 3362 649 ha:
3399 594 3591 649 discuti
3621 604 3774 649 tene-

2178 678 2329 735 bras?
2352 680 2407 735 Si
2449 689 2499 736 te
2526 681 2594 736 ab
2625 681 2707 737 his
2735 682 2984 738 omnibus
3009 683 3308 754 sejnnxeris
3329 725 3345 751 ,
3376 695 3429 739 et
3471 700 3501 738 a
3534 685 3625 740 Dei
3673 701 3775 754 spe

2177 772 2517 842 pependeris,
2552 774 2652 829 etsi
2681 775 2756 830 sis
2799 776 2993 831 millies
3024 787 3291 847 peccator.
3325 777 3578 848 Respicite
3599 779 3772 843 enim,

2178 861 2365 932 inquit,
2397 865 2464 917 ad
2489 867 2724 937 antiquas
2748 868 3118 938 generationes,
3148 880 3191 921 et
3216 870 3377 922 videte
3398 871 3509 940 quis
3537 871 3766 937 speravit

2176 952 2231 1007 in
2267 952 2543 1009 Dominum
2566 996 2580 1020 ,
2612 967 2659 1010 et
2688 961 2930 1029 confusus
2978 969 3052 1015 est
3086 960 3100 990 ¹
3135 958 3325 1029 (Ercli.
3368 959 3423 1013 2.
3470 959 3602 1033 11).
3648 961 3773 1016 Νοιι

2176 1042 2341 1108 dixit,
2367 1043 2549 1099 Justus
2583 1066 2594 1100 :
2626 1046 2719 1102 sed
2748 1090 2762 1113 ,
2790 1046 2961 1115 Quis?
2989 1049 3102 1104 Etsi
3129 1051 3228 1112 sit,
3262 1050 3466 1120 inquit,
3496 1064 3771 1121 peccator.

2181 1133 2296 1192 Hoc
2336 1135 2478 1191 enim
2507 1137 2846 1205 admirabile,
2877 1140 3019 1210 quod
3049 1140 3209 1194 etiam
3255 1150 3564 1211 peccatores
3604 1159 3777 1195 aueo-

2174 1240 2289 1280 ram
2338 1224 2475 1281 hanc
2506 1237 2785 1295 tenentes,
2837 1241 2961 1284 sunt
3002 1232 3250 1286 omnibus
3299 1233 3771 1305 inexpugnabiles.

2174 1317 2287 1374 lloc
2310 1328 2394 1374 est
2425 1319 2566 1374 enim
2612 1323 2841 1376 maxime
2888 1323 2940 1377 in
2973 1323 3138 1379 Deum
3191 1324 3507 1391 all‘ectionis,
3550 1327 3776 1398 quando

2174 1418 2251 1464 tot
2281 1411 2435 1465 tnalis
2460 1427 2747 1481 oppressus
2774 1415 2825 1469 iu
2856 1415 2971 1484 ejus
3000 1415 3325 1485 benignitate
3350 1416 3595 1473 habuerit
3622 1417 3765 1472 fidu-

2172 1499 2331 1554 ciam.
2360 1501 2660 1557 Sicuteuim
2681 1504 2995 1560 maledictus
3021 1506 3210 1575 estqui
3232 1516 3414 1576 sperat
3442 1506 3493 1561 iu
3521 1506 3771 1575 homine,

2171 1590 2242 1644 ita
2269 1592 2427 1647 etiam
2454 1591 2642 1648 beatus
2668 1603 2751 1649 est
2780 1595 2867 1665 qui
2912 1605 3096 1664 sperat
3124 1597 3174 1650 in
3222 1596 3332 1651 Deo
3361 1595 3512 1668 (Jer.
3546 1599 3631 1653 17.
3678 1598 3771 1671 5).

2172 1682 2254 1738 Ab
2280 1684 2527 1739 omnibus
2553 1700 2683 1756 ergo
2713 1695 2767 1741 ιε
2814 1686 3117 1758 sejungens,
3165 1689 3301 1743 hanc
3329 1699 3451 1745 tene
3480 1706 3769 1748 ancoram.

2175 1772 2314 1829 Deus
2341 1775 2483 1829 enim
2525 1776 2703 1831 omnia
2744 1777 3003 1845 intuetur,
3030 1778 3171 1849 juste
3195 1779 3420 1849 judicat,
3452 1790 3506 1836 et
3533 1798 3634 1836 non
3666 1801 3773 1837 so-

2169 1864 2278 1920 lum
2305 1865 2530 1935 judicat,
2554 1867 2648 1921 sed
2675 1868 2833 1922 etiam
2859 1869 2926 1924 ad
2956 1884 3090 1938 opus
3114 1870 3327 1925 deducit
3353 1888 3366 1923 :
3391 1881 3445 1926 et
3463 1871 3581 1926 ideo
3603 1882 3766 1942 post-

2170 1971 2327 2026 quam
2350 1957 2483 2012 dixit
2503 1958 2570 2012 de
2600 1960 2958 2031 ejusjustitia,
2987 1962 3219 2017 ostendit
3245 1963 3408 2018 etiam
3438 1966 3769 2035 supplicium

2167 2062 2267 2118 per
2295 2050 2495 2119 ignem,
2526 2065 2625 2120 per
2650 2052 2936 2123 procellam
2965 2069 2981 2107 :
3012 2052 3115 2108 hoc
3160 2063 3340 2110 autem
3386 2054 3510 2111 facit
3544 2056 3770 2111 illorum

2168 2153 2349 2193 curam
2375 2155 2588 2210 gerens,
2628 2151 2683 2198 et
2713 2158 2807 2213 per
2842 2144 3157 2215 supplicium
3200 2145 3431 2200 reddens
3470 2147 3774 2203 modestio-

2169 2247 2274 2285 res.
2305 2232 2565 2288 Omnibus
2593 2250 2722 2305 ergo
2748 2235 2816 2290 de
2845 2237 3021 2292 causis
3050 2237 3116 2292 ad
3146 2252 3266 2292 eum
3314 2238 3660 2298 accedamus.
3705 2250 3775 2294 ct

2170 2334 2428 2392 perpetuo
2460 2325 2526 2380 ad
2556 2342 2679 2381 eum
2709 2328 3080 2397 respiciamus.
3109 2328 3181 2384 Ita
3211 2330 3353 2384 enim
3387 2331 3546 2385 etiam
3575 2334 3770 2387 omnia

2167 2412 2305 2467 bona
2345 2430 2736 2485 consequemur
2773 2417 2825 2471 in
2857 2417 3069 2473 Christo
3094 2418 3219 2474 Jesu
3268 2421 3493 2476 Domino
3547 2432 3765 2489 nostro,

2168 2504 2254 2560 cui
2279 2505 2445 2576 gloria
2478 2507 2532 2561 iu
2562 2510 2757 2563 sarcula
2788 2511 3133 2565 smculurum.
3163 2513 3357 2567 Amen.

2488 2661 2849 2722 EXPOSITIO
2893 2665 2960 2720 IN
2989 2666 3313 2724 PSALMUM
3344 2669 3433 2723 XI.

2171 2797 2220 2852 1.
2250 2795 2316 2852 In
2359 2799 2511 2867 ﬁnem
2558 2817 2649 2869 pro
2694 2812 2887 2854 octava.
2934 2800 3115 2867 Alius,
3162 2802 3393 2858 Victoria:
3430 2814 3622 2858 auctori
3661 2823 3771 2875 pro

2342 2902 2535 2944 octava.
2565 2892 2821 2948 Ilebrmns
2844 2903 3043 2958 autem,
3072 2894 3371 2964 Aseminitli,
3401 2895 3586 2965 inquit.

2164 2980 2216 3033 2.
2251 2980 2467 3036 Salvum
2511 2998 2589 3037 me
2632 2987 2737 3054 fac,
2770 2982 3006 3050 Domine,
3037 2989 3276 3055 quoniam
3315 2986 3494 3055 defecit
3518 2998 3767 3056 sanctus,

2234 3075 2473 3145 quoniam
2499 3076 2761 3131 diminuta:
2800 3085 2914 3131 sunt
2963 3078 3191 3131 veritates
3225 3094 3256 3130 a
3301 3078 3421 3144 ﬁliis
3469 3078 3767 3134 hominum.

2237 3167 2407 3232 Alius,
2439 3168 2691 3233 Quoniam
2722 3172 2975 3222 terminati
3072 3177 3195 3224 sunt
3259 3169 3433 3237 ﬁdeles
3458 3187 3489 3222 a
3515 3171 3635 3239 ﬁliis
3660 3172 3740 3226 Ito
3762 3202 3775 3211 -

2238 3278 2449 3315 nttnum.

2237 3373 2289 3426 1.
2321 3372 2497 3426 Ardua
2518 3372 2733 3442 quidem
2763 3386 2849 3427 res
2867 3382 2950 3427 est
2977 3373 3163 3437 virtus,
3187 3382 3240 3427 et
3270 3388 3365 3441 per
3392 3388 3452 3427 se
3479 3373 3720 3428 diltleilis
3744 3395 3760 3439 ;

2164 3465 2394 3519 maxime
2422 3474 2620 3529 autem,
2650 3466 2863 3535 quando
2893 3466 2981 3535 qui
3012 3474 3267 3534 operatur
3290 3481 3412 3521 cum
3440 3480 3627 3537 magna
3652 3468 3763 3522 bo-

2163 3574 2353 3613 norum
2385 3557 2619 3611 virorum
2651 3558 2919 3628 paucitate
2964 3569 3225 3612 versatur.
3271 3558 3420 3613 Sicut
3462 3559 3606 3613 enim
3651 3560 3762 3615 iter

2163 3651 2336 3721 agenti
2361 3650 2510 3705 labor
2529 3658 2611 3705 est
2634 3694 2648 3717 ,
2682 3652 2849 3706 multo
2888 3652 3055 3721 magis
3088 3661 3263 3706 autem
3292 3651 3335 3705 si
3369 3651 3516 3706 solus
3541 3656 3609 3706 sit
3634 3653 3758 3706 via-

2166 3753 2267 3807 tor,
2297 3754 2352 3797 et
2389 3742 2507 3796 sine
2550 3742 2649 3795 via:
2689 3743 2884 3796 comite
2915 3759 2928 3795 :
2963 3744 3033 3796 ita
3061 3743 3147 3797 hic
3185 3742 3367 3796 etiam.
3423 3743 3536 3797 Non
3587 3758 3758 3812 pana

2163 3834 2303 3887 enim
2334 3847 2423 3887 res
2447 3841 2530 3887 est
2567 3832 2787 3886 fratrum
2811 3834 3038 3888 societas
3063 3843 3115 3888 et
3149 3832 3470 3887 adhortatio.
3520 3835 3585 3897 Et
3628 3834 3757 3890 ideo

2161 3923 2286 3976 dicit
2314 3923 2473 3978 etiam
2506 3922 2719 3990 Paulus,
2744 3923 3126 3978 Considerantes
3154 3939 3239 3978 vos
3258 3924 3396 3994 ipsos
3413 3926 3482 3978 ad
3508 3941 3756 3993 provoca-

2162 4015 2345 4067 tionem
2381 4014 2665 4068 dilectionis
2692 4023 2737 4067 et
2773 4014 3019 4067 bonorum
3057 4031 3266 4084 operum
3295 4013 3483 4087 (Hebr.
3517 4016 3603 4070 l0.
3627 4015 3749 4085 24).

2164 4104 2228 4158 Et
2257 4104 2378 4159 ideo
2419 4113 2544 4159 sunt
2588 4104 2672 4159 vel
2722 4106 2955 4160 maxime
3000 4105 3141 4159 beati
3188 4105 3461 4174 judicandi
3513 4117 3749 4173 veteres,

2161 4215 2264 4253 non
2288 4198 2428 4269 quod
2462 4207 2607 4253 recte
2632 4206 2686 4252 et
2731 4214 2797 4252 ex
2824 4199 3017 4254 virtute
3044 4212 3104 4253 se
3132 4199 3400 4269 gesserint
3427 4240 3441 4261 ,
3475 4199 3569 4253 sed
3597 4201 3747 4267 quod

2159 4301 2291 4356 tmn,
2320 4306 2440 4346 cum
2471 4305 2659 4360 magna
2690 4299 2835 4344 esset
2857 4290 3066 4343 virtutis
3092 4289 3365 4355 sterilitas,
3400 4299 3454 4345 et
3477 4306 3746 4360 nusquam

2157 4393 2475 4455 apparerent
2503 4384 2592 4453 qui
2634 4398 2694 4439 se
2740 4392 2889 4439 recte
2914 4392 3183 4452 gererent.
3226 4382 3339 4437 Hoc
3380 4398 3509 4453 ergo
3537 4383 3750 4453 signiti-

2156 4493 2283 4532 cans
2310 4493 2521 4547 quoque
2547 4476 2818 4545 Scriptura
2847 4476 3059 4530 dicebat
3085 4494 3098 4529 :
3133 4474 3248 4530 Noe
3262 4478 3459 4546 justus,
3489 4481 3750 4546 perfectus

2154 4573 2205 4625 in
2234 4571 2554 4642 generatione
2578 4585 2671 4624 sua
2701 4567 2848 4638 (Gen.
2880 4568 2933 4623 6.
2964 4568 3053 4638 9).
3102 4568 3391 4637 Propterea
3418 4569 3750 4624 admiramur

2155 4665 2194 4717 Α
2209 4662 2450 4726 braham,
2471 4669 2751 4730 propterea
2774 4660 2891 4726 Lot,
2912 4668 3192 4729 propterea
3218 4660 3439 4723 Mosam,
3461 4660 3599 4729 quod
3628 4662 3748 4715 vel-

2154 4754 2229 4808 uti
2267 4756 2318 4807 in
2350 4752 2610 4822 profunda
2633 4761 2789 4807 nocte
2810 4753 2981 4807 stella:
3005 4764 3345 4821 apparerent,
3376 4763 3430 4806 et
3464 4763 3741 4823 tamquam

2154 4861 2290 4900 rosa:
2319 4846 2456 4901 inter
2483 4849 2686 4912 spinas,
2726 4852 2781 4899 et
2820 4859 2948 4900 oves
2989 4845 3129 4900 inter
3170 4844 3324 4913 lupos
3377 4845 3749 4899 innumeram-

2152 4938 2250 5002 les,
2280 4947 2338 4991 ut
2373 4937 2461 5007 qui
2490 4938 2627 4990 viam
2655 4936 2904 4990 omnibus
2928 4937 3254 4992 contrariam
3305 4937 3744 5006 ingrederentur,

2149 5028 2602 5099 cmptumqnciter
2620 5028 2838 5082 minime
2861 5029 3330 5095 interrumperent.
3355 5027 3409 5081 Si
3435 5027 3536 5081 hoc
3560 5028 3743 5096 ipsum

2148 5123 2287 5176 enim
2311 5132 2395 5176 est
2414 5120 2629 5176 diflicile
2655 5121 2707 5174 in
2724 5119 3085 5182 multitudine.
3109 5129 3164 5174 et
3191 5120 3280 5189 qui
3308 5119 3487 5174 multis
3515 5129 3706 5175 contra
3723 5153 3744 5165 -
3772 5113 3781 5131 '

2149 5214 2283 5267 rium
2328 5213 2429 5267 iter
2484 5210 2900 5282 ingredientibus
2957 5211 3070 5279 ipse
3114 5210 3258 5263 solus
3308 5223 3490 5264 contra
3541 5211 3741 5275 tendit.

2149 5305 2353 5375 magnis
2378 5303 2607 5358 afficitur
2633 5304 2910 5365 molcsdis,
2931 5314 2983 5357 et
3006 5304 3049 5357 si
3082 5303 3133 5357 in
3158 5303 3489 5373 navigatiine
3519 5313 3599 5357 est
3625 5303 3740 5358 dif-

2146 5397 2303 5461 tieile,
2335 5412 2456 5451 cum
2489 5395 2678 5450 ﬂuctus
2704 5403 2759 5451 et
2782 5405 2946 5450 mstus
2974 5404 3157 5449 contra
3189 5393 3388 5448 feratur
3414 5436 3427 5457 ,
3460 5410 3647 5448 navem
3682 5395 3739 5449 in

2143 5490 2469 5544 contrarium
2487 5488 2712 5558 dirigere
2743 5506 2756 5541 :
2790 5488 2956 5542 multo
2973 5487 3138 5557 magis
3157 5488 3207 5541 in
3236 5488 3452 5541 virtute.
3478 5488 3736 5555 Propter-

2144 5597 2203 5636 ea
2246 5580 2333 5638 hic
2369 5596 2579 5652 quoque
2600 5579 2799 5650 justus,
2827 5588 2888 5635 ut
2906 5579 2997 5650 qui
3025 5578 3170 5633 solus
3194 5593 3312 5633 eam
3340 5577 3734 5648 apprehendis-

2208 5774 2220 5802 ι
2254 5772 2301 5831 In
2326 5768 2542 5831 Sit-aeide
2574 5783 2660 5815 seu
2694 5769 3037 5831 Et-rlesiastico
3061 5767 3270 5831 legitur,
3296 5766 3405 5830 quis
3433 5762 3631 5828 conﬁdit
3678 5764 3731 5816 iu

2150 5829 2381 5883 Dotttino?
2413 5832 2501 5892 (τις
2530 5833 2831 5880 ἕνεπίστευσε
2855 5830 3017 5893 Κυρίῳ
3036 5829 3073 5891 ς)
