4084 6278
276 375 383 429 1.55

270 487 400 547 τούς
425 483 754 554 βλάπτοντες
774 502 787 550 ;
806 479 944 550 εἶδες
966 486 1066 556 τῆς
1098 487 1413 557 συμμαχίας
1438 487 1534 557 τὴν
1553 488 1801 541 εὐκολίαν
1822 512 1836 561 ;

266 572 345 625 οὐ
368 574 477 641 γὰρ
508 573 588 625 δεῖ
614 572 829 643 βαδίσαι
860 591 984 635 που,
1021 575 1114 626 καὶ
1145 573 1391 643 δραμεῖν,
1428 575 1547 627 οὐδὲ
1582 575 1840 645 χρήματα

263 660 564 724 ἀναλῶσαι,
594 660 690 712 τοῦ
727 660 863 713 Θεοῦ
895 678 1169 729 πανταχου
1201 661 1491 731 παρόντος,
1538 663 1630 715 καὶ
1665 663 1840 715 πάντα

262 746 519 816 δρῶντος.
569 747 889 815 Ἐπιϐρέξει
937 746 1038 799 ἐπὶ
1091 747 1480 815 ἁμαρτωλοὺς
1540 747 1794 816 παγίδας
1823 788 1839 809 ,

262 830 404 899 πῦρ,
422 833 519 885 καί
540 833 719 894 θεῖον,
736 834 832 887 καὶ
859 833 1093 901 πνεῦμα
1119 821 1527 903 καταιγίδος,ἠ
1548 834 1717 902 μερὶς
1741 835 1845 890 τοῦ

264 920 551 987 ποτηρίου
573 919 789 973 αὐτῶν.
818 921 940 972 Ὅτι
968 921 1198 985 δίκαιος
1224 921 1456 987 Κύριος,
1485 922 1583 973 καὶ
1622 922 1844 976 δικαιο-

264 1008 457 1071 σύνας
504 1006 844 1076 ἠγάπησεν,
877 1008 1207 1074 εὐθύτητας
1253 1006 1377 1060 εἶδε
1413 1007 1477 1060 τὸ
1521 1010 1845 1075 πρόσωπον

262 1095 465 1147 αὐτοῦ.
502 1094 720 1161 ΙἌλλος,
750 1095 925 1147 ’Υσει
974 1094 1072 1147 ἐπὶ
1105 1096 1489 1163 παρανόμους
1518 1095 1839 1163 ἄνθρακας.

264 1176 477 1240 Ἄλλος,
519 1177 861 1242 Εὐθύτητας
888 1176 1097 1244 ὄψεται
1118 1178 1183 1229 τὸ
1208 1178 1532 1243 πρόσωπον
1569 1177 1767 1232 αὐτῶν
1795 1195 1838 1245 ο,

256 1260 527 1325 τουτέστι,
559 1259 669 1310 τῶν
690 1257 933 1322 δικαίων,
964 1259 996 1328 ἢ
1036 1258 1199 1311 αὐτοῦ
1227 1259 1320 1312 τοῦ
1355 1258 1513 1312 Θεοῦ.
1540 1259 1724 1314 Εἰπὼν
1742 1262 1840 1332 τὴν

254 1342 365 1394 ἀπὸ
398 1342 500 1411 τῆς
533 1341 733 1404 κακίας
765 1340 944 1411 δίκην,
976 1342 1168 1413 ἐπειδὴ
1216 1342 1421 1413 ταύτης
1453 1343 1639 1397 πολλοὶ
1672 1362 1841 1399 κατα-

196 1468 204 1472 -
255 1424 539 1494 φρονοῦσι,
570 1423 754 1478 λοιπὸν
772 1425 1048 1477 κατασείει
1073 1424 1170 1495 τὴν
1196 1425 1303 1477 τῶν
1330 1425 1583 1496 πονηρῶν
1602 1426 1838 1481 διάνοιαν

253 1510 363 1563 ἀπὸ
385 1511 486 1580 τῆς
520 1509 726 1563 ἀνωθεν
769 1509 1076 1580 φερομένης
1102 1511 1339 1582 πληγῆς,
1374 1512 1723 1582 ἐμφαντικῶς
1761 1514 1838 1586 τῷ

252 1596 401 1667 λόγῳ
431 1595 735 1666 χρώμενος,
765 1599 859 1649 καὶ⁵
888 1596 978 1649 διὰ
1004 1597 1251 1669 φοϐερῶν
1292 1598 1570 1667 ὀνομάτων
1610 1600 1832 1671 προϊών.

252 1682 377 1755 Πῦρ
424 1684 562 1753 γὰρ,
601 1682 699 1735 καὶ
743 1682 907 1745 θεῖον,
954 1684 1046 1736 καὶ
1096 1682 1316 1754 πνεῦμα
1371 1682 1705 1752 καταιγίδος,
1743 1688 1836 1739 καὶ

250 1768 536 1836 ἄνθρακας
564 1768 747 1829 αὐτοῖς
777 1766 985 1821 ἄνωθεν
1009 1766 1158 1835 λέγει
1195 1766 1418 1834 ὕεσθαι,
1452 1771 1520 1839 τῇ
1550 1771 1836 1842 μεταφορᾷ

247 1850 362 1903 τῶν
383 1849 579 1915 λέξεων
608 1850 668 1902 τὸ
694 1849 934 1918 ἄφυκτον
954 1850 1054 1920 τῆς
1081 1849 1372 1919 τιμωρίας,
1399 1851 1460 1903 τὸ
1492 1852 1710 1921 δαψιλὲς
1737 1853 1836 1921 τῆς

247 1934 550 1997 κολάσεως,
582 1931 643 1985 τὸ
673 1930 897 1984 εὐκολον
940 1932 1040 2003 τῆς
1090 1931 1330 2002 πληγῆς,
1378 1933 1441 1986 τὸ
1467 1934 1834 2005 δαπανητικὸν

246 2020 608 2089 παραστῆσαι
643 2018 987 2089 βουλόμενος.

319 2102 391 2172 γ’.
408 2104 474 2156 Τί
504 2107 670 2167 ἐστιν,
687 2103 755 2156 Ἡ
774 2102 946 2171 μερὶς
967 2101 1074 2156 τοῦ
1104 2102 1389 2170 ποτηρίου
1410 2101 1639 2168 αὑτῶν;
1666 2104 1835 2158 Τοῦτο

243 2189 435 2250 αὐτοῖς
470 2186 690 2256 κλῆρος,
725 2186 880 2255 φησὶ,
911 2185 1070 2237 τοῦτο
1104 2185 1313 2256 κτῆμα,
1346 2186 1522 2256 τούτῳ
1565 2188 1833 2260 ἐνδιατρίο

242 2272 464 2341 ψουσιν,
512 2271 569 2323 ἐν
605 2270 816 2333 τούτοις
860 2269 1358 2340 δαπανηθήσονται.
1388 2270 1523 2325 Εἶτα
1554 2272 1649 2325 καὶ
1681 2275 1714 2344 ή
1743 2274 1831 2325 αί-

241 2357 375 2410 τία·
409 2356 491 2407 ὅτι
532 2356 559 2408 6
598 2354 775 2407 πάντα
815 2353 1028 2424 ἐφορῶν
1065 2354 1166 2406 οὐκ
1203 2353 1453 2419 ἀνέξεται
1494 2355 1667 2410 ταῦτα
1716 2358 1833 2410 ἀτι-

249 2440 471 2511 μωρητὶ
519 2438 916 2509 παραδραμεῖν.
949 2437 1127 2508 Ὅπερ
1175 2437 1269 2490 καὶ
1319 2438 1508 2510 ἕτερος
1546 2441 1832 2511 προφήτης

244 2524 414 2594 φησί·
448 2521 717 2590 Καθαρὸς
760 2524 793 2576 δ
846 2520 1152 2590 ὀφθαλμός
1201 2535 1341 2584 σου,
1398 2522 1506 2576 τοῦ
1551 2523 1638 2592 μὴ
1685 2523 1833 2592 όρᾷν

245 2607 505 2675 πονηρὰ,
536 2606 632 2659 καί
667 2604 1011 2659 ἐπιϐλέπειν
1049 2603 1149 2657 ἐπὶ
1180 2604 1407 2672 πόνους
1441 2609 1513 2661 οὐ
1553 2607 1827 2676 δυνήσῃ·

243 2690 409 2745 τοῦτο
439 2691 533 2743 καί
560 2683 712 2751 οὗτος
739 2688 1037 2758 παρίστησι
1076 2686 1280 2756 λέγων·
1309 2687 1430 2740 Ὅτι
1458 2688 1688 2755 δίκαιος
1716 2693 1833 2745 Κύ-

242 2792 401 2841 ριος,
440 2773 536 2827 καὶ
577 2772 969 2834 δικαιοσύνας
999 2768 1302 2837 ἠγάπησε.
1346 2770 1518 2824 Τοῦτο
1554 2772 1648 2825 τοῦ
1693 2773 1831 2827 Θεοῦ

248 2859 492 2930 μάλιστα
529 2855 827 2926 ἐξαίρετον,
871 2852 1235 2917 ἀποδέξασθαι
1265 2852 1336 2907 τὰ
1374 2854 1580 2921 δίκαια,
1610 2855 1707 2928 τὴν
1738 2858 1832 2929 ὀρ·-

246 2942 481 3011 θότητα”
520 2939 615 2992 καὶ
650 2938 750 2991 οὐκ
776 2936 843 2991 ἂν
872 2937 1162 3006 ἀνάσχοιτο
1186 2937 1267 3000 εἰς
1294 2936 1448 3000 τέλος
1475 2937 1584 2992 τῶν
1626 2939 1831 3011 ἑτέρως

244 3024 569 3094 γινομένων.

321 3106 423 3159 Διά
484 3104 549 3175 δὴ
604 3102 762 3157 τοῦτο
819 3102 1121 3175 ἀρχόμενος
1174 3102 1268 3157 τοῦ
1333 3101 1549 3176 ψαλμοῦ
1614 3103 1825 3174 ἔλεγεν·

256 3189 388 3243 Ἐπὶ
445 3186 528 3252 τῷ
581 3187 774 3255 Κυρίῳ
813 3186 1095 3240 πέποιθα·
1144 3185 1270 3252 πῶς
1319 3185 1503 3255 ἐρεῖτε
1544 3186 1620 3256 τῇ
1658 3188 1831 3260 ψυχῇ

246 3288 394 3343 μου·
437 3269 901 3343 Μεταναστεύου
935 3267 1035 3321 ἐπὶ
1078 3267 1151 3321 τὰ
1197 3268 1303 3336 ὄρη
1352 3268 1433 3335 ὡς
1476 3272 1830 3339 στρουθίον;

249 3342 313 3408 υἱ
366 3354 465 3425 μὲν
516 3353 626 3425 γὰρ
684 3342 742 3406 ἐν
784 3354 897 3416 τοῖς
944 3349 1216 3421 βιωτικοῖς
1268 3351 1620 3421 πεποιθότες,
1679 3353 1830 3407 οὐδὲν

250 3438 475 3508 ἄμεινον
546 3434 638 3488 τοῦ
694 3433 975 3506 στρουθίου
1029 3433 1362 3500 διάκεινται,
1417 3434 1445 3487 δ
1502 3437 1567 3506 τῇ
1626 3435 1831 3507 ἐρημίᾳ

251 3519 515 3592 θαρροῦν,
549 3518 872 3589 εὐχείρωτον
911 3516 1082 3569 ἅπασι
1112 3516 1343 3585 γίνεται.
1377 3516 1632 3581 Τοιοῦτος
1663 3520 1691 3570 ὁ
1736 3520 1829 3572 ἐπὶ

250 3606 532 3677 χρήμασιν
580 3601 833 3666 ἐλπίζων.
882 3600 1149 3672 Καθάπερ
1192 3602 1221 3653 6
1266 3600 1526 3672 στρουθὸς
1580 3602 1674 3656 καὶ
1725 3602 1829 3656 ὑπὸ

251 3687 485 3741 παιδίων
518 3685 821 3750 ἁλίσκεται,
864 3684 958 3738 καὶ
990 3682 1121 3750 ἰξοῦ,
1166 3684 1261 3737 καὶ
1295 3684 1543 3752 παγίδος,
1588 3684 1683 3737 καὶ
1723 3702 1828 3756 μυ·

253 3771 395 3842 ρίοις
429 3768 632 3840 ἑτέροις
651 3783 666 3796 ⁸
695 3766 837 3819 οὕτω
866 3767 961 3819 καὶ
983 3767 1012 3819 6
1038 3764 1304 3831 πλουτῶν,
1336 3767 1430 3820 καὶ
1454 3767 1558 3820 ὑπὸ
1589 3766 1826 3835 οἰκείων,

251 3853 351 3907 καὶ
384 3851 492 3905 ὑπὸ
531 3849 833 3921 πολεμίων
883 3848 978 3902 καὶ
1017 3849 1224 3903 ἐκείνου
1270 3848 1423 3920 [117]
1468 3849 1668 3920 μᾶλλον
1711 3852 1830 3904 ἐπι-

252 3934 626 4005 σφαλέστερον
659 3932 747 4003 ζῇ,
792 3930 1017 3994 πολλοὺς
1059 3931 1197 4001 ἔχων
1228 3933 1357 3995 τοὺς
1406 3931 1700 3997 ἰξεύοντας,
1734 3935 1829 3988 καὶ

254 4019 367 4090 πρὸ
393 4015 615 4070 ἐκείνων
639 4015 690 4078 δ,
724 4012 966 4085 πονηρὰς
995 4013 1323 4085 ἐπιθυμίας⁸
1363 4015 1458 4067 καὶ
1488 4016 1831 4088 μετανάστης

256 4102 432 4163 ἐστὶν,
475 4101 561 4153 ἀεὶ
602 4096 738 4169 μετά
764 4096 874 4149 τῶν
907 4097 1113 4168 καιρῶν
1150 4098 1456 4168 ἱστάμενος,
1489 4099 1582 4152 καὶ
1622 4097 1832 4169 δημίων

254 4186 433 4257 ὀργὰς
460 4182 734 4245 δεδοικὼς,
776 4182 871 4235 καὶ
906 4181 1167 4251 βασιλέως
1213 4181 1401 4253 θυμὸν,
1449 4181 1545 4235 καὶ
1585 4182 1831 4237 κολάκων

257 4267 576 4333 ἐπιϐουλὰς,
606 4267 701 4320 καὶ
729 4265 898 4336 φίλων
918 4264 1128 4328 δόλους·
1160 4265 1255 4318 καὶ
1283 4265 1556 4335 πολεμίων
1584 4267 1834 4320 ἐπιστάν-

255 4371 389 4412 των,
449 4351 649 4423 μᾶλλον
696 4351 914 4403 πάντων
957 4350 1170 4420 τρέμει,
1222 4349 1314 4402 καὶ
1352 4349 1574 4419 εἰρήνης
1630 4348 1829 4419 οὔσης,

258 4438 530 4509 ὑφορᾶται
566 4436 692 4498 τοὺς
718 4432 1037 4496 ἐπιϐούλους
1056 4450 1070 4464 ·
1094 4434 1154 4485 οὐ
1184 4432 1292 4503 γὰρ
1327 4432 1439 4502 ἔχει
1469 4433 1699 4487 πλοῦτον
1737 4435 1833 4505 μό⁴

258 4539 416 4592 νιμον
467 4520 562 4574 καὶ
606 4517 986 4589 ἀναφαίρετον.
1014 4516 1114 4569 Διά
1148 4515 1303 4568 τοῦτο
1349 4516 1437 4568 ἀεί¹
1482 4516 1703 4570 πέτεται
1741 4518 1833 4571 καὶ

264 4604 674 4675 μετανίσταται,
705 4602 803 4664 τὰς
836 4601 1075 4673 ἐρήμους
1112 4597 1319 4652 διώκων
1367 4599 1460 4651 καὶ
1497 4599 1567 4653 τὰ
1611 4599 1735 4671 ὅρη,
1774 4603 1833 4654 ἐν

262 4689 574 4758 σκατομήνῃ
603 4687 822 4754 διάγων,
868 4684 963 4751 καὶ
998 4682 1142 4753 παχὺ
1181 4682 1369 4744 σκότος
1411 4683 1469 4734 ἐν
1517 4685 1833 4755 μεσημϐρίᾳ

265 4774 406 4846 μέσῃ
434 4773 597 4843 ἔχων,
629 4771 723 4824 καὶ
753 4769 938 4832 δόλους
975 4768 1214 4838 ῥάπτων.
1254 4765 1393 4819 Ἀλλ’
1427 4767 1527 4837 οὐχ
1569 4768 1598 4819 6
1629 4768 1834 4830 δίκαιος

260 4856 519 4919 τοιοῦτος.
555 4858 624 4909 Δί
658 4854 768 4924 γὰρ
807 4852 927 4906 τῶν
965 4851 1209 4904 δικαίων
1253 4848 1380 4903 ὁδοί
1421 4850 1636 4919 ὁμοίως
1684 4851 1832 4919 φωτί

262 4940 632 5010 λόμπουσιν.
663 4936 801 4991 Οὔτε
843 4934 952 5008 γάρ
980 4932 1347 4987 ἐπιϐουλεύειν
1379 4932 1680 5004 αἱροῦνται,
1710 4932 1835 4987 οὔτε

264 5026 487 5089 ἀδικεῖν,
523 5024 637 5078 ἀλλ’
662 5021 953 5093 ἀνειμένην
985 5018 1160 5090 ψυχὴν
1203 5017 1434 5087 ἔχουσιν.
1464 5010 1623 5070 Οὗτοι
1654 5017 1710 5070 δὲ
1750 5018 1836 5070 ἀεὶ

264 5111 446 5175 δόλους
465 5110 786 5181 βάπτοντες,
816 5106 902 5159 ἀεὶ
936 5106 993 5157 ὲν
1023 5104 1198 5172 σκότῳ
1227 5103 1321 5154 καὶ
1341 5099 1493 5171 φόϐῳ
1518 5100 1643 5163 εἰσὶ,
1667 5099 1836 5153 καθά-

264 5212 369 5265 περ
407 5197 456 5248 οί
491 5193 710 5265 λῃσταὶ,
752 5190 848 5244 καὶ
892 5189 939 5241 οἱ
1006 5184 1342 5257 τοιχωρύχοι,
1386 5185 1480 5239 καὶ
1523 5185 1570 5237 οί
1620 5182 1832 5254 μοιχοί·

264 5280 356 5334 καὶ
390 5280 448 5332 ἐν
487 5276 669 5348 ἡμέρᾳ
704 5273 893 5338 σκότος
940 5270 1128 5342 ὁρῶσι,
1175 5270 1275 5339 τῆς
1307 5268 1485 5340 ψυχῆς
1513 5268 1692 5323 αὐτῶν
1733 5268 1838 5321 ὑπὸ

263 5363 415 5426 δέους
476 5359 833 5432 βαλλομένης.
884 5355 1008 5417 Πῶς
1066 5348 1158 5407 οῦν
1208 5353 1273 5407 ἂν
1318 5352 1729 5423 διασκεδασθείη
1778 5351 1838 5405 τὸ

269 5446 461 5509 σκότος
487 5442 679 5508 τοῦτο;
714 5442 779 5494 Εἰ
809 5440 1025 5493 πάντων
1046 5436 1249 5491 τούτων
1274 5436 1467 5489 ἑαυτὸν
1498 5435 1836 5505 ἀποστήσας,

268 5526 705 5601 ἐκκρεμασθείης
744 5524 844 5595 τῆς
878 5522 1091 5585 ἐλπίδος
1134 5519 1227 5574 τοῦ
1259 5518 1416 5586 Θεοῦ,
1444 5520 1545 5575 κᾶν
1581 5517 1839 5591 μυριάκις

324 5683 356 5749 ξ
377 5679 434 5726 ιιι
592 5676 811 5749 legique
854 5673 1111 5737 πρόσωπον
1150 5673 1307 5724 ὠτῶν
1344 5686 1432 5737 pro
1466 5671 1723 5737 πρόσωπον
1753 5673 1839 5722 αὖ·

271 5756 357 5841 m:
374 5738 954 5853 [ὲέἴιιξῗιῗαῖὐῗτὲῐέῗέίνων.

1413 376 1774 431 EXPOSITIO
1827 374 1890 429 IN
1934 377 2259 435 I’SALMUM
2297 383 2386 437 ΧΙ.

3423 391 3523 447 ιιι

1954 489 2274 561 ἁμαρτωλὸς
2297 489 2383 567 ᾗς.
2420 493 2779 564 Ἐμϐλέψατε
2805 495 2933 568 γὰρ,
2954 498 3135 567 φησὶν,
3158 503 3245 564 εἰς
3272 501 3528 569 ἀρχαίας

1951 582 2178 648 γενεὰς,
2211 586 2309 636 καὶ
2360 582 2536 648 ἴδετε,
2578 587 2670 651 τίς
2702 585 2965 655 ἤλπισεν
3009 588 3105 642 ἐπί
3160 591 3399 658 Κύριον,
3426 593 3526 646 καὶ

1947 672 2371 739 κατῃσχύνθη;
2406 674 2518 727 Οὐκ
2555 670 2699 737 εἷπε,
2746 677 2992 741 Δίκαιος,
3038 678 3205 743 ἀλλὰ,
3247 681 3372 746 Τίς;
3406 680 3526 736 Κᾶν

1946 760 2289 831 ἁμαρτωλὸς,
2335 765 2486 835 φησί.
2532 765 2606 819 Τὸ
2638 768 2747 838 γάρ
2797 767 3112 839 θαυμαστὸν
3143 769 3301 824 τοῦτό
3349 773 3521 834 ἐστιν,

1946 850 2029 902 ὅτι
2064 852 2157 904 καὶ
2200 854 2515 924 ἁμαρτωλοὶ
2554 856 2757 927 ταύτης
2804 859 3052 929 ἐχόμενοι
3096 861 3199 930 τῆς
3242 862 3524 936 ἀγκύρας,

1945 941 2110 995 πᾶσίν
2160 945 2298 996 εἰσιν
2343 946 2654 1018 ἀχείρωτοι.
2698 947 2867 1003 Τοῦτο
2911 950 3021 1021 γὰρ
3068 952 3304 1021 μάλιστα
3339 954 3524 1009 διαθέ-

1947 1047 2084 1095 σεως
2134 1035 2233 1104 τῆς
2278 1035 2415 1106 πρὸς
2467 1038 2559 1090 τὸν
2609 1038 2761 1103 Θεὸν,
2808 1040 2938 1094 ὅταν
3010 1041 3279 1105 τοσούτοις
3336 1048 3526 1110 κακοῖς

1946 1120 2318 1194 βεϐαρημένος
2389 1126 2670 1201 θαῤῥήσῃς
2738 1130 2905 1183 αὐτοῦ
2977 1135 3043 1203 τῇ
3116 1133 3517 1208 φιλανθρωπίᾳ.

1947 1215 2153 1287 ’Ὠσπερ
2181 1216 2288 1287 γὰρ
2320 1217 2721 1290 ἐπικατάρατος
2748 1222 2776 1275 6
2820 1221 3054 1287 ἐλπίζων
3084 1224 3174 1276 ἐπὶ
3207 1225 3518 1297 ἄνθρωπον,

1941 1303 2084 1357 οῦτω
2129 1306 2398 1378 μακάριος
2430 1309 2458 1359 6
2487 1308 2720 1373 ἐλπίζων
2766 1310 2859 1364 ἐπὶ
2891 1311 3041 1366 Θεόν.
3088 1313 3313 1367 Πάντων
3340 1315 3520 1367 τοίνυν

1938 1394 2253 1467 ἀποστήσας
2298 1397 2514 1462 σαυτὸν,
2560 1399 2765 1470 ταύτης
2807 1400 2931 1472 ἔχου
2964 1404 3062 1473 τῆς
3107 1402 3377 1475 ἀγκύρας.
3409 1406 3520 1458 Καὶ

1938 1475 2048 1555 γὰρ
2085 1485 2259 1557 ἐφορᾷ
2288 1487 2468 1541 πάντα
2499 1491 2528 1542 6
2566 1488 2717 1553 Θεὸς,
2748 1492 2843 1544 καὶ
2870 1491 3044 1562 κρίνει
3081 1492 3151 1546 τὰ
3181 1492 3384 1560 δίκαια,
3419 1497 3515 1549 καὶ

1936 1574 1997 1626 οὐ
2040 1575 2216 1645 κρίνει
2268 1578 2452 1645 μόνον,
2516 1578 2653 1633 ἀλλά
2698 1582 2792 1633 καὶ
2839 1582 2917 1646 εἰς
2966 1582 3125 1654 ἔργον
3164 1583 3368 1653 ἐξάγει.
3418 1587 3520 1639 Διά

1934 1665 2091 1719 τοῦτο
2120 1668 2288 1719 εἰπὼν
2317 1668 2482 1721 αὐτοῦ
2528 1671 2779 1741 περὶτῆς
2810 1672 3177 1745 δικαιοσύνης,
3220 1674 3387 1739 ἔδειξε
3422 1679 3519 1730 καὶ

1934 1756 2032 1827 τὴν
2080 1757 2375 1827 τιμωρίαν,
2410 1757 2500 1812 διὰ
2531 1759 2625 1813 τοῦ
2665 1760 2857 1832 πυρὸς,
2901 1762 2990 1815 διὰ
3027 1763 3127 1833 τῆς
3172 1766 3516 1833 καταιγίδος·

1935 1849 2028 1901 καὶ
2056 1848 2215 1902 τοῦτο
2250 1849 2308 1903 δέ
2339 1853 2500 1915 ποιεῖ,
2552 1850 2846 1923 κηδόμενος
2878 1854 3122 1919 ἐκείνων,
3160 1856 3254 1908 καὶ
3283 1855 3373 1908 διὰ
3418 1859 3518 1926 τῆς

1896 1935 2206 1999 κκολάσεως
2249 1940 2721 2012 σωφρονεστέρους
2766 1940 2952 1997 ποιῶν.
3000 1944 3223 1998 Πάντων
3259 1941 3352 1999 οὖν
3391 1945 3514 1998 ἐνε-

1935 2044 2030 2081 κεν
2062 2031 2375 2100 προσίωμεν
2409 2031 2581 2103 αὐτῷ,
2638 2033 2733 2085 καὶ
2768 2032 3030 2105 διηνεκῶς
3076 2036 3330 2107 μένωμεν
3376 2037 3516 2108 πρὸς

1934 2119 2095 2172 αὐτὸν
2128 2120 2380 2190 ὁρῶντες.
2407 2120 2566 2175 υῦτω
2604 2122 2714 2195 γὰρ
2740 2125 2836 2177 καὶ
2868 2125 3087 2178 πάντων
3115 2127 3515 2197 ἐπιτευξόμεθα

1934 2211 2042 2264 τῶν
2076 2211 2292 2279 ἀγαθῶν
2340 2214 2397 2266 ἐν
2430 2213 2651 2285 Χριστῷ
2686 2215 2861 2285 Ἰησοῦ
2901 2216 2979 2287 τῷ
3011 2218 3201 2289 Κυρίῳ
3254 2218 3432 2290 ἡμῶν,
3471 2213 3518 2286 ᾧ

1934 2304 1967 2375 ἡ
1995 2302 2121 2370 δόξα
2147 2306 2227 2369 εἰς
2252 2305 2379 2369 τοὺς
2412 2305 2617 2369 αἰῶνας
2643 2306 2752 2360 τῶν
2786 2306 3016 2361 αἰώνων.
3055 2308 3250 2381 Ἀμήν.

2240 2438 2351 2491 ΕΙΣ
2387 2438 2525 2492 TON
2564 2439 2646 2491 IA'
2683 2439 2982 2493 ΨΑΛΜΟΝ
3022 2438 3195 2512 [118].

1931 2553 2036 2616 Εἰς
2085 2552 2152 2604 τὸ
2188 2551 2364 2632 Ξένιος
2402 2552 2554 2632 ὑπὲρ
2591 2551 2719 2632 τῆς.
2751 2552 2988 2632 δηξίὶηςε
3021 2549 3232 2632 Ἄλλος)
3306 2549 3393 2632 τῷ
3427 2569 3514 2605 ν’-

2000 2622 2221 2745 κορῖῧιῷ
2248 2623 2400 2744 ira?!)
2436 2622 2545 2690 τῆς
2578 2622 2801 2693 ὀγδόης
2849 2622 2909 2675 '0
2946 2623 3005 2675 δὲ
3035 2622 3322 2693 Ἑὸραῖος,
3359 2625 3514 2676 Ἀσε-

1993 2710 2099 2761 μιν
2162 2734 2177 2757 ,
2217 2709 2328 2762 φησ
2356 2732 2369 2744 .

1931 2833 2246 2902 Σῶσόνμε,
2268 2834 2461 2902 Κύριε,
2484 2831 2572 2884 ὅτι
2595 2829 3159 2902 ἐκλέλοιπεν-ὅσιος,
3183 2830 3272 2902 δτι
3290 2829 3509 2902 (Mnib-

2000 2897 2201 2970 θησιὶν
2218 2906 2278 2956 at
2300 2897 2572 2968 dlﬁﬂstac
2595 2902 2711 2954 ἀπὸ
2733 2899 2851 2953 τῶν
2870 2900 3017 2954 υἱῶν
3036 2897 3152 2970 τῶν
3167 2897 3509 2970 ἀνθρῴπων.

2003 2967 2217 3037 Ἄλλος,
2241 2973 2361 3025 Ὅτι
2391 2971 2848 3041 ἐπεράνθησανο
2872 2968 3073 3023 πιστοί
3095 2968 3212 3023 ἀπὸ
3241 2967 3387 3023 υἱῶν
3408 2969 3512 3023 ἀν-

2001 3042 2269 3111 omam.

1998 3174 2069 3224 α’.
2083 3166 2348 3221 Δύσκολον
2374 3167 2471 3238 μὲν
2493 3165 2680 3237 ἀρετὴ,
2699 3167 2793 3220 καὶ
2811 3166 3253 3236 δυσκατόρθωτον
3271 3167 3367 3221 καὶ
3388 3166 3513 3222 καθ’

1932 3258 2115 3321 ἑαυτὸ,
2153 3257 2386 3328 μάλιστα
2419 3258 2496 3320 δέ,
2536 3258 2663 3310 ὅταν
2692 3258 2750 3310 ἐν
2781 3258 2974 3312 σπάνει
3008 3257 3117 3311 τῶν
3152 3258 3372 3327 ἀγαθῶν
3412 3261 3511 3314 ἀν-

1929 3346 2071 3418 δρῶν
2093 3346 2122 3399 6
2146 3345 2513 3417 ἐργαζόμενος
2627 3345 2893 3414 Καθάπερ
2926 3345 3034 3418 γὰρ
3066 3347 3222 3419 φέρει
3254 3348 3353 3419 μὲν
3381 3349 3510 3402 680c-

1930 3438 2095 3509 πορία
2122 3438 2302 3499 πόνον,
2332 3437 2511 3507 πολλῷ
2542 3437 2598 3489 δὲ
2637 3436 2796 3491 πλέον
2817 3437 2945 3492 ὅταν
2979 3437 3142 3509 μόνος
3164 3440 3194 3492 6
3228 3438 3512 3512 ὁδοιπόρος

1928 3525 1984 3604 ᾖ,
2014 3531 2110 3583 καὶ
2149 3529 2351 3601 μηδένα
2390 3529 2481 3582 τὸν
2511 3526 2870 3582 κοινωνοῦντα
2912 3529 3012 3599 τῆς
3036 3530 3343 3602 ὁδοιπορίας
3379 3531 3508 3603 ἔχῃ·

1929 3621 2071 3674 οῦτω
2097 3620 2161 3692 δὴ
2193 3620 2286 3674 καὶ
2315 3619 2567 3673 ἐνταῦθα.
2596 3618 2728 3671 Οὐδέ
2761 3619 2868 3690 γὰρ
2902 3619 3096 3689 μικρὸν
3125 3619 3370 3690 ἀδελφῶν
3397 3638 3507 3674 κοι·

1928 3714 2091 3766 νωνία
2124 3712 2217 3767 καὶ
2250 3712 2611 3784 παράκλησις.
2639 3711 2729 3765 Διό
2762 3713 2857 3766 καὶ
2890 3710 3101 3775 Παῦλός
3129 3728 3294 3783 φησι·
3323 3715 3513 3766 Κατα-

1928 3805 2211 3870 φηοοῦντες
2256 3803 2507 3868 ἑαυτοὺς
2543 3804 2631 3869 εἰς
2682 3802 3082 3871 παροξυσμὸν
3128 3800 3366 3870 ἀγάπης
3412 3799 3512 3855 καί

1930 3890 2135 3945 καλῶν
2167 3890 2373 3960 ἔργων.
2411 3890 2509 3944 Διά
2536 3889 2599 3961 δὴ
2631 3889 2791 3943 τοῦτο
2827 3890 3060 3960 μάλιστα
3088 3890 3215 3954 τούς
3250 3890 3513 3958 παλαιοὺς

1934 3981 2253 4052 μακαρίζειν
2283 3982 2450 4045 ἄξιον,
2483 3982 2581 4051 οὐχ
2626 3983 2707 4035 ὄτι
2740 3979 3111 4053 κατώρθωσαν
3141 3980 3362 4052 ἀρετὴν,
3394 3981 3512 4034 ἀλλ’

1930 4074 2010 4127 ὃτι
2044 4073 2137 4126 καὶ⁸
2183 4072 2394 4143 αὐχμοῦ
2432 4072 2627 4126 πολλοῦ
2656 4072 2759 4142 τῆς
2809 4072 3011 4142 ἀρετῆς
3054 4071 3230 4135 ὄντος,
3263 4072 3358 4124 καί⁵
3400 4070 3513 4125 τῶν

1931 4163 2336 4235 κατορθούντων
2373 4162 2608 4232 οὐδαμοῦ
2638 4162 2999 4232 φαινομένων.
3042 4160 3211 4215 Τοῦτο
3243 4160 3375 4229 γοῦν
3412 4161 3511 4215 καὶ

1933 4257 1966 4327 ἡ
1999 4254 2190 4326 Γραφὴ
2227 4252 2569 4324 αἰνιττομένη
2594 4252 2747 4321 ἐλεγε
2766 4269 2781 4283 ο
2813 4251 2942 4306 Νῶε
2986 4251 3236 4318 δίκαιος,
3278 4251 3512 4319 τέλειος

1931 4349 2001 4400 ὲν
2028 4346 2102 4415 τῇ
2128 4343 2303 4416 γενεᾷ
2334 4344 2541 4400 αὑτοῦ.
2570 4343 2671 4398 Διά
2697 4343 2858 4397 τοῦτο
2890 4342 2981 4397 τδν
3015 4343 3266 4417 ’Δϐραάμ
3300 4343 3513 4415 θαυμάρ

1933 4438 2118 4510 ζομεν,
2156 4431 2246 4491 διὰ
2279 4435 2435 4490 τοῦτο
2478 4435 2569 4490 τὸν
2611 4434 2754 4500 Λὼτ,
2799 4435 2888 4489 διά
2918 4434 3078 4489 τοῦτο
3115 4435 3206 4489 τὸν
3237 4437 3509 4502 Μωῦσέα,

1932 4531 2012 4584 ὅτι
2042 4529 2289 4600 καθάπερ
2316 4530 2375 4581 ἐν
2408 4526 2602 4598 βαθείᾳ
2623 4528 2778 4580 νυκτὶ
2812 4526 3043 4598 ἀστέρες
3074 4526 3378 4595 ἐφαίνοντο,
3413 4526 3513 4581 καὶ

1937 4621 2140 4693 μεταξὺ
2183 4620 2293 4674 τῶν
2345 4619 2594 4674 ἀκανθῶν
2640 4619 2787 4689 ῥόδα,
2836 4620 2932 4673 καὶ
2982 4621 3042 4672 ἐν
3077 4619 3291 4691 μυρίοις
3327 4617 3513 4684 λύκοις

1934 4713 2212 4786 πρόϐατα,
2260 4712 2358 4783 τὴν
2400 4711 2649 4764 ἐναντίαν
2702 4711 2871 4763 πᾶσιν
2912 4710 3188 4774 ὁδεύοντες
3231 4709 3370 4777 ὁδὸν,
3416 4712 3512 4766 καὶ

1938 4805 2013 4877 μὴ
2050 4803 2485 4874 διακοπτόμενοι.
2519 4804 2581 4856 Εἰ
2624 4802 2731 4873 γὰρ
2772 4804 2864 4856 ἐπὶ
2900 4802 3139 4868 πλήθους
3180 4802 3311 4858 αὐτὸ
3352 4802 3511 4857 τοῦτο

1933 4896 2214 4951 δυσκολίαν
2244 4895 2418 4967 φέρει,
2459 4893 2555 4948 καὶ
2592 4892 2803 4948 πολλῶν
2831 4893 2930 4964 τὴν
2976 4892 3224 4946 ἐναντίαν
3253 4890 3511 4960 ποιουμέ-

1934 5005 2062 5051 νων,
2084 4989 2112 5039 ὀ
2152 4986 2309 5057 μόνος
2333 4983 2660 5048 ἀπεναντίας
2688 4984 2780 5039 τοῦ
2809 4983 3048 5054 πλήθους
3083 4981 3312 5051 βαδίζων
3342 4978 3512 5034 πολλά

1937 5079 2194 5150 ὑπομένει
2227 5077 2548 5151 πράγματα,
2581 5077 2673 5130 καὶ
2705 5077 2753 5128 εἰ
2792 5078 2850 5128 ἐν
2894 5075 3140 5145 ναυτιλίᾳ
3166 5074 3224 5128 δὲ
3253 5072 3509 5144 χαλεπὸν,

1934 5168 2028 5224 τοῦ
2068 5170 2248 5240 ῤοίου
2287 5169 2386 5239 τὴν
2423 5167 2673 5221 ἐναντίαν
2703 5165 3022 5236 φερομένου,
3050 5164 3186 5235 πρὸς
3223 5163 3323 5233 τὴν
3355 5163 3509 5215 ἐναν·

1935 5263 2056 5317 τίαν
2085 5262 2147 5316 τὸ
2193 5263 2374 5316 πλοῖον
2412 5260 2643 5315 ἰθύνειν*
2679 5257 2859 5329 πολλῷ
2894 5256 3092 5328 μᾶλλον
3124 5254 3217 5309 ἐπὶ
3252 5254 3351 5325 τῆς
3381 5255 3512 5325 ἀρε-

1936 5354 2056 5425 τῆς.
2085 5353 2182 5407 Διά
2218 5352 2283 5423 δὴ
2309 5351 2467 5404 τοῦτο
2493 5352 2587 5404 καὶ
2620 5353 2648 5405 6
2679 5349 2885 5413 δίκαιος
2908 5340 3084 5411 οὗτος,
3120 5346 3216 5400 ἅτε
3251 5344 3315 5416 δὴ
3352 5342 3512 5415 μόνος

1938 5446 2108 5517 αὐτῆς
2142 5441 2563 5513 ἐπειλημμένος,
2603 5441 2820 5495 πάντων
2850 5440 2949 5509 τὴν
2986 5435 3233 5492 ἐναντίαν
3266 5434 3509 5506 βαδιζόνο

2002 5597 2156 5647 cHm
2188 5594 2538 5656 interpretatio
2569 5594 2647 5639 est
2680 5588 2886 5656 ᾼαιιῇιω.
2914 5593 2970 5656 ιιι
2988 5589 3154 5656 {ideas
3179 5588 3240 5656 Vin
3271 5585 3516 5656 ᾘοημίσ

1939 5646 2524 5710 ηοειῆεπεπεράνθησαν,
2558 5646 2799 5701 termini!“
2840 5654 2978 5706 sunt,
3001 5650 3212 5710 hocpm,
3247 5646 3512 5705 desierunt,

1940 5707 2232 5784 aéfecerum.
2262 5707 2713 5765 Nam'hic'sensus
2738 5716 2819 5784 εει
2860 5714 2994 5758 vocis
3027 5707 3280 5760 Hebraics
3308 5716 3428 5767 n5,
3460 5716 3516 5758 et

1945 5777 2263 5855 SimmachUS
2287 5786 2436 5834 venit
2458 5784 2705 5841 ἐξέλειπον,
2726 5777 3015 5843 defecerunt.
