4068 6288
540 332 646 387 “5

533 463 665 511 των,
696 445 788 500 ἐπὶ
821 447 918 517 τὴν
940 445 1031 498 τοῦ
1062 446 1196 499 Θεοῦ
1231 447 1484 519 πρόνοιαν
1518 448 1871 518 καταφεύγει,
1902 448 2100 518 λέγων·

535 529 748 584 Σῶσόν
766 547 863 598 με,
895 530 1089 597 Κύριε.
1116 529 1281 584 Οὐδὲν
1308 526 1400 583 οῦν
1432 530 1579 593 ἄλλό,
1606 531 1640 602 ἢ
1672 532 1828 585 τοῦτο
1855 531 2106 585 ἐντεῦθεν

537 614 710 683 δηλοῖ’
741 616 853 683 Τῆς
885 613 1089 668 ἄνωθέν
1127 632 1216 684 μοι
1248 616 1407 686 χρεία
1436 614 1634 686 χειρὸς,
1667 617 1766 687 τῆς
1801 616 1973 688 ῥοπῆς
2008 617 2109 685 τῆς

534 697 601 749 ἐκ
640 697 750 750 τῶν
790 696 1063 768 οὐρανῶν,
1105 697 1207 766 τῆς
1253 698 1564 768 συμμαχίας
1595 698 1828 770 ἐκείνης.
1858 700 1969 770 Τὴν
2001 698 2109 769 γὰρ

536 780 781 833 ἐναντίαν
811 781 974 833 πᾶσιν
999 779 1195 833 ὁδεύων
1223 779 1363 845 666v,
1396 780 1598 851 πολλῆς
1629 781 1818 851 δέομαι
1842 782 1943 852 τῆς
1977 775 2125 852 προ-’

534 862 701 923 νοίας.
729 863 839 915 Kal
858 863 954 914 οὐκ
986 857 1127 923 εἶπε,
1158 860 1339 915 Σῶσόν
1378 879 1464 932 με,
1489 863 1571 915 ὅτι
1600 863 1661 916 οὐ
1694 864 1914 932 γέγονεν
1938 866 2106 927 ὅσιος.

534 944 670 1011 ἀλλ’,
717 944 837 996 Ὅτι
885 943 1238 998 ἐκλέλοιπεν
1286 944 1486 1012 ὅσιος,
1533 945 1747 1010 δεικνὺς
1788 949 1869 1000 ὅτι
1917 948 2012 1001 καὶ
2059 949 2109 1001 οί

534 1027 685 1090 ὅντες
726 1026 1028 1092 ἀπώλοντο,
1070 1026 1254 1096 ἐπειδὴ
1303 1027 1675 1099 ἐπεκράτησεν
1711 1031 1744 1099 ἡ
1776 1031 1965 1093 κακία,
2014 1030 2111 1083 καὶ

537 1111 883 1182 περιεγένετο
914 1113 947 1181 ἡ
980 1112 1153 1173 νόσος.
1185 1111 1353 1164 Τοῦτο
1381 1113 1476 1166 καὶ
1508 1112 1716 1177 Παῦλος
1756 1113 2002 1182 φοϐεῖται
2030 1113 2113 1167 λέ-

534 1210 674 1262 γων·
708 1196 828 1247 Οὐκ
864 1194 1065 1248 οἴδατε
1094 1195 1183 1248 ὅτι
1207 1196 1391 1262 μικρὰ
1419 1195 1564 1266 ζύμη
1592 1196 1739 1251 ὅλον
1769 1200 1833 1250 τὸ
1871 1199 2112 1267 φύραμα

535 1276 729 1345 (fugai;
763 1278 873 1329 Kal
907 1277 1100 1330 πάλινο
1146 1276 1503 1343 Φθεὶρουσιν
1543 1277 1659 1346 ἤθη
1703 1281 1940 1349 χρηστὰ
1982 1285 2111 1351 ὀμι-

512 1359 658 1429 ςλιάι
705 1360 903 1412 κακαί.
945 1359 1011 1411 Τί
1053 1360 1219 1421 ἐστιν,
1262 1359 1673 1428 Ὠλιγώθησαν
1703 1364 1761 1416 αἱ
1806 1361 2111 1428 ἁλήθειαι;

508 1438 731 1492 ’Πολλαί
759 1442 892 1493 εἰσιν
916 1442 970 1494 αἱ
1011 1440 1277 1511 ἀλήθειαι.
1316 1441 1583 1513 Καθάπερ
1620 1442 1713 1495 ἐπί
1747 1443 1855 1497 τῶν
1890 1444 2111 1515 χρωμά-

532 1538 658 1585 των,
702 1523 794 1575 καὶ
835 1522 943 1575 τῶν
979 1522 1153 1576 ἄλλων
1191 1523 1369 1587 είδῶν,
1401 1522 1468 1575 τὰ
1501 1522 1598 1593 μέν
1638 1526 1784 1578 ἐστιν
1812 1525 2007 1596 ἀληθῆ,
2042 1525 2112 1580 τὰ

531 1603 589 1655 δὲ
617 1603 806 1675 ψευδῆ,
837 1606 929 1657 xal
957 1604 1071 1659 ἔστι
1112 1606 1368 1678 πορφύρα
1409 1605 1556 1680 [119]
1589 1607 1813 1678 ἀληθὴς.
1851 1610 1944 1661 καὶ
1979 1626 2113 1681 πορ-

532 1684 679 1756 φύρα
705 1686 924 1757 ψευδὴς,
952 1689 1045 1741 καὶ
1077 1688 1170 1741 ἐπὶ
1197 1689 1395 1760 κρόκου
1421 1702 1471 1754 ιι,
1509 1690 1605 1743 καὶ
1642 1692 1734 1744 ἐπὶ
1776 1691 1884 1745 τῶν
1925 1691 2107 1756 λίθων,

532 1767 628 1819 καὶ
655 1768 747 1820 ἐπὶ
775 1769 1098 1839 ἀρωμάτων.
1148 1771 1240 1823 καὶ
1275 1772 1368 1823 ἐπὶ
1410 1772 1610 1842 ἐτέρων
1649 1772 1932 1827 τοιούτων
1969 1772 2112 1827 οὕτω

531 1850 596 1919 δὴ
636 1852 729 1904 καὶ
766 1853 858 1905 ἐπὶ
889 1852 994 1908 τῶν
1029 1853 1257 1924 ἀρετῶν.
1300 1854 1553 1926 Ἀλήθεια
1596 1856 1703 1925 γάρ
1732 1856 1792 1908 τὸ
1834 1856 2002 1920 ὅντως
2030 1855 2109 1921 ὃν,

530 1932 723 2001 ψεῦδος
760 1932 817 1985 δὲ
842 1933 901 1987 τὸ
928 1936 1002 2006 μὴ
1034 1935 1113 1990 όν.
1151 1937 1300 1989 Ἐπεὶ
1325 1931 1417 1990 οῦν
1453 1935 1626 1990 ταῦτα
1654 1937 1984 2009 διέστραπτο
2014 1939 2108 1992 καὶ

529 2015 845 2085 ἡμαύρωτο,
870 2017 930 2069 οὐ
959 2018 1057 2088 τὴν
1084 2018 1379 2072 ὑπόστασιν
1415 2019 1756 2073 ἀπολέσαντα
1784 2018 1846 2084 ἐξ
1875 2020 2108 2087 ἑαυτῶν,

532 2097 646 2149 ἀλλ’
692 2097 799 2151 ὑπό
852 2098 959 2151 τῶν
1007 2100 1309 2172 ἀνθρώπων
1348 2101 1750 2171 φυγαδευθέντα
1768 2117 1783 2131 ο
1821 2102 1909 2156 διά
1956 2103 2113 2157 τοῦτο

530 2179 631 2232 οὐκ
655 2174 774 2233 εἷπε
806 2181 985 2251 μόνον,
1013 2183 1094 2236 ὅτι
1131 2184 1539 2253 Ὠλιγώθησαν
1562 2188 1623 2240 αἱ
1651 2185 1948 2253 ἁλήθειαι,
1970 2186 2111 2252 ἀλλ’,

544 2258 674 2315 Ἀπὸ
713 2261 833 2316 τῶν
875 2263 1023 2317 υἱῶν
1056 2264 1174 2319 τῶν
1208 2266 1553 2335 ἀνθρώπων,
1586 2268 1917 2338 προσέθηκε,
1955 2268 2112 2322 τοῦτο

529 2343 664 2396 αὐτὸ
695 2344 928 2414 δηλῶσαι
974 2347 1312 2419 βουλόμενος.
1361 2351 1559 2404 Σκόπει
1598 2350 1676 2403 δέ’
1716 2353 1870 2406 Ἐστι
1910 2353 2112 2425 κόσμος

531 2426 765 2497 ἀληθής’
800 2427 917 2481 ἐστι
951 2431 1043 2483 καὶ
1074 2430 1294 2501 ψευδής.
1324 2433 1419 2496 Τίς
1451 2429 1543 2486 οὖν
1572 2436 1600 2486 6
1637 2434 1844 2505 ἀληθὴς
1872 2436 2108 2505 κόσμος;

543 2507 602 2559 ὐ
633 2510 759 2578 περὶ
788 2511 983 2581 ψυχήν.
1012 2513 1107 2576 Τίς
1135 2513 1190 2565 δὲ
1225 2514 1459 2586 ψευδής;
1497 2516 1560 2569 '0
1593 2518 1719 2587 περὶ
1748 2517 1927 2589 σῶμα.
1955 2521 2110 2574 Ἔστι

533 2589 761 2655 πλοῦτος
787 2593 1010 2665 ἀληθήςο
1041 2595 1155 2648 ἐστι
1186 2597 1276 2649 καὶ
1304 2597 1524 2669 ψευδής.
1549 2600 1763 2671 Ψευδὴς
1783 2603 1811 2653 6
1834 2601 1943 2656 τῶν
1970 2620 2107 2673 χρη-

535 2673 741 2742 μάτων,
790 2674 993 2746 ἀληθὴς
1042 2679 1071 2730 6
1102 2677 1210 2730 τῶν
1261 2680 1718 2751 κατορθωμάτων.
1771 2684 1955 2737 Ἔστιν
2005 2687 2111 2739 εὐ·-

532 2757 853 2829 φροσύνη,ή
896 2759 996 2829 μὲν
1035 2760 1268 2832 ψευδὴς,
1306 2765 1340 2834 ἡ
1384 2763 1439 2816 δὲ
1482 2764 1719 2836 ἀληθὴς,
1763 2768 1855 2820 καὶ
1899 2767 2106 2838 κάλλη,

531 2843 626 2896 καὶ
657 2842 978 2908 δυναστεῖαι,
1009 2845 1103 2897 καὶ
1137 2845 1306 2910 δόξαι.
1345 2847 1482 2900 Ἀλλ’
1523 2851 1571 2903 οἱ
1618 2850 1833 2914 πλείους
1862 2852 1969 2905 τῶν
2015 2854 2110 2906 ἀν·-

531 2924 783 2997 θρώπων,
833 2926 930 2996 τὴν
982 2927 1240 2999 ἀλήθειαν
1277 2930 1480 2984 τούτων
1532 2933 1790 3002 ἀφέντες,
1825 2936 1892 2990 τά
1936 2935 2106 3006 ψευδῆ

526 3007 832 3062 διώκουσιν.
861 3009 1071 3081 ’Ὠσπερ
1108 3011 1216 3083 γὰρ
1256 3011 1403 3067 ἐστιν
1436 3013 1721 3087 ἄνθρωπος
1745 3017 1970 3088 ἀληθὴς,
2014 3021 2110 3073 καὶ

529 3089 758 3160 ψευδής·
792 3090 996 3163 ἀληθὴς
1032 3093 1129 3163 μὲν
1158 3095 1186 3145 6
1219 3093 1327 3158 ζῶν
1372 3097 1465 3150 καὶ
1506 3099 1763 3168 ἐνεργῶν,
1803 3099 2011 3173 ψευδὴς
2049 3102 2109 3156 δὲ

524 3173 561 3223 6
595 3175 1005 3245 γεγραμμένος·
1036 3174 1177 3229 οὕτω
1213 3175 1277 3247 δὴ
1324 3178 1419 3231 καὶ
1452 3181 1544 3233 ἐπὶ
1587 3180 1695 3235 τῶν
1724 3183 1932 3254 ἀρετῶν
1962 3185 2108 3239 ἐστιν

537 3256 687 3311 ἰδεῖν.

605 3339 671 3407 β’.
688 3340 923 3396 Mazaca
947 3340 1253 3409 ἐλάλησεν
1273 3343 1530 3412 ἕκαστος
1548 3345 1698 3414 πρὸς
1716 3346 1826 3401 τὸν
1843 3350 2111 3418 πλησίον

532 3424 736 3478 αὐτοῦ.
759 3427 936 3492 Χείλη
967 3424 1155 3488 δόλια,
1187 3427 1255 3479 ἐν
1282 3428 1492 3496 καρδίᾳ
1516 3430 1613 3483 καί
1642 3430 1713 3483 ὲν
1745 3432 1959 3500 καρδίᾳ
1980 3434 2110 3489 ἐλά-

533 3508 736 3572 λησαν
764 3504 938 3559 κακά.
972 3508 1163 3572 Ἀλλος
1200 3510 1383 3580 φησὶν,
1427 3511 1523 3564 Ἐν
1560 3512 1775 3582 καρδίᾳ
1802 3515 1962 3584 ἄλλῃ
2008 3517 2108 3571 καί

534 3587 695 3657 ἄλλῃ
743 3588 937 3643 λαλεῖ.
985 3589 1088 3642 Δύο
1136 3592 1334 3656 κακίας
1382 3593 1530 3662 λέγει
1584 3596 1838 3659 ἐνταῦθα,
1884 3601 1979 3653 καὶ
2028 3601 2109 3655 ὅτι

538 3671 740 3740 μάταια
785 3670 1068 3743 ἐλάλησαν,
1104 3674 1198 3726 καὶ
1238 3675 1319 3728 ὅτι
1373 3676 1508 3747 πρὸς
1548 3677 1640 3731 τὸν
1672 3679 1926 3750 πλησίονο
1962 3682 1996 3750 ἢ
2039 3683 2108 3738 τὰ

532 3756 703 3826 ψευδῆ
761 3759 964 3828 μάταιά
1016 3777 1199 3829 φησιν.
1245 3760 1378 3831 ἣτὰ
1430 3762 1659 3833 περιττά
1714 3765 1806 3818 καὶ
1853 3766 2106 3838 ἀνόνητα.

416 3898 421 3903 ,
534 3839 784 3893 Τοιοῦτόν
810 3857 862 3893 τι
887 3841 981 3894 καὶ
1005 3842 1033 3893 6
1064 3838 1274 3907 Παῦλός
1296 3860 1426 3914 φησι
1452 3844 1627 3913 λέγων
1646 3863 1659 3876 ·
1685 3850 1783 3915 Μὴ
1811 3850 2110 3915 ψεύδεσθε

531 3924 619 3989 είς
662 3921 994 3990 ἀλλήλους.
1038 3926 1149 3977 Kal
1177 3927 1237 3979 τὸ
1267 3926 1329 3997 δὴ
1377 3928 1772 3999 χαλεπώτερον,
1801 3933 1880 3985 ὅτι
1910 3935 2110 3999 πάντες

530 4000 671 4075 ἦσαν
717 4004 1117 4077 διεφθαρμένοι.
1161 4008 1253 4061 Διὸ
1283 4011 1383 4063 οὐκ
1434 4005 1605 4074 εἶπεν,
1648 4012 1706 4065 '0
1744 4014 1916 4081 δεῖνα,
1953 4018 2046 4070 καὶ
2080 4019 2109 4071 6

531 4090 699 4155 δεῖνα,
745 4088 884 4153 ἀλλ’,
916 4090 1233 4157 Ἕκαστος.
1281 4093 1414 4146 Οὐδέ
1445 4094 1555 4166 γὰρ
1575 4090 1642 4166 ἦν
1682 4097 1871 4162 ἁπλῶς
1917 4100 2109 4154 ἐπιπό-

532 4171 680 4236 λαιος
709 4175 742 4243 ἡ
774 4172 962 4237 κακία,
991 4173 1128 4227 ἀλλὰ
1162 4174 1426 4240 κάτωθεν,
1460 4179 1553 4230 καὶ
1584 4179 1692 4232 ἀπὸ
1724 4181 1972 4251 καρδίας.
2012 4184 2109 4235 Ἐν

533 4255 747 4322 καρδίῃ
778 4254 875 4308 καὶ
900 4256 1371 4331 ἐι·καρδ[ᾳ.ὃπερ
1397 4258 1583 4331 ἕτερος
1613 4263 1970 4334 ἑρμηνευτὴς,
2013 4265 2109 4320 Ἐν

534 4336 747 4422 καρδίᾳ
783 4337 939 4406 ἄλλῃ
974 4340 1071 4393 καί
1117 4338 1299 4409 ἄλλῃ,
1340 4338 1480 4406 εἷπε,
1524 4344 1789 4398 διδάσκων
1822 4347 1904 4400 ὅτι
1938 4348 2107 4422 πολλὴ

533 4420 720 4490 διπλόη
772 4422 949 4473 αὐτῶν
996 4424 1053 4475 ἐν
1102 4423 1320 4494 καρδίᾳ.
1357 4425 1528 4478 Τοῦτο
1572 4426 1846 4497 πολεμίων
1889 4420 2106 4486 πάντων

534 4504 870 4573 πικρότερον.
894 4504 956 4555 Ol
990 4504 1088 4573 μὲν
1117 4506 1223 4575 γάρ
1244 4508 1349 4559 εἰσι
1375 4509 1596 4578 φανεροὶ
1620 4510 1713 4561 καὶ
1738 4510 1886 4579 δῆλοι
1911 4512 1962 4575 ι),
1983 4514 2106 4567 ὅθεν

534 4584 629 4637 καὶ
656 4584 980 4653 εὐφύλακτοι
1013 4586 1277 4654 γίνονταιο
1301 4582 1444 4641 οῦτοι
1464 4589 1519 4642 δὲ
1543 4589 1729 4659 ἕτερον
1763 4599 2105 4662 προσωπεῖον

534 4666 977 4737 προϐαλλόμενοι,
1015 4668 1107 4721 καὶ
1155 4667 1340 4737 ἕτερον
1387 4669 1557 4734 ὄντες,
1598 4672 1940 4746 δυσφώρατοι
1990 4683 2104 4743 τοῖς

532 4749 1030 4821 ἐπιϐουλευομένοις
1054 4750 1420 4817 καθίστανται,
1453 4754 1560 4807 τῶν
1592 4755 1660 4808 τὰ
1687 4755 1812 4827 ξίφη
1841 4764 2103 4831 κρυπτάν-

530 4851 640 4888 των
667 4833 816 4897 ὄντες
862 4833 1039 4905 πολλῷ
1084 4833 1470 4906 χαλεπώτεροι.
1501 4837 1945 4907 Ἐξολοθρεύοέι
1982 4846 2102 4899 Κύ-

528 4936 658 4989 ριος
690 4916 886 4971 πάντα
939 4918 1010 4972 τὰ
1064 4919 1234 4986 χείλη
1287 4916 1359 4970 τὰ
1403 4917 1608 4985 δόλια,
1661 4921 1757 4974 καὶ
1814 4924 2103 4993 γλῶσσαν

528 5001 1024 5077 μεγαλορῤήμονα
1041 5041 1055 5060 ,
1102 4999 1244 5065 τοὺς
1293 5000 1570 5067 εἰπόντας
1589 5018 1603 5033 ο
1657 5002 1777 5070 Τὴν
1813 5008 2105 5074 γλῶσσαν

530 5085 700 5155 ἡμῶν
733 5084 1206 5154 μεγαλυνοῦμεν.
1232 5083 1446 5147 Ἄλλος,
1470 5085 1983 5157 Δυναστεύσομεν,
2022 5093 2104 5148 Τὰ

531 5170 705 5238 χείλη
751 5168 919 5238 ἡμῶν
955 5169 1091 5237 παρ’
1127 5166 1272 5236 ἡμῖν
1309 5167 1496 5220 ἐστιν.
1528 5166 1718 5231 Ἀλλος
1737 5208 1751 5230 ,
1786 5170 1913 5224 Σὺν
1958 5176 2103 5244 ἡμῖν

530 5251 804 5320 πάρεστι.
843 5250 939 5315 Τίς
974 5250 1142 5319 ἡμῶν
1173 5250 1375 5318 κύριός
1411 5249 1614 5313 ἐστιν;
1644 5250 1852 5317 Ἀλλος,
1886 5256 1979 5323 Τίς
2004 5276 2101 5311 κυ.

528 5334 751 5401 ριεύοέι
810 5332 1009 5403 ἡμῶν;
1055 5328 1208 5396 Εἶδες
1258 5331 1580 5402 κηδεμονίαν
1630 5332 1935 5404 Προφήτου,
1983 5340 2097 5403 πῶς

532 5416 672 5484 ὑπὲρ
707 5417 886 5471 αὐτῶν
921 5416 1170 5488 εὔχεται;
1199 5416 1273 5469 Οὐ
1312 5416 1421 5487 γάρ
1451 5416 1515 5486 δὴ
1544 5417 1663 5468 κατ’
1692 5417 1867 5471 αὐτῶν
1893 5422 2009 5475 ἐστι
2038 5426 2099 5479 τὸ

596 5539 623 5568 ⁸
646 5537 725 5604 $ic
749 5540 898 5604 _S_avil.
925 5548 978 5590 et
996 5542 1096 5601 alii,
1120 5548 1268 5604 alque
1302 5542 1369 5590 ita
1392 5541 1513 5601 legit
1539 5539 1808 5592 Genlianus
1827 5543 2093 5598 Hel-vetus.

534 5597 918 5668 ln_eq‘it.__Morel_.
1043 5597 1117 5652 ἐπὶ
1136 5597 1312 5668 κρόκου
1333 5597 1492 5668 gigas].

593 5658 620 5696 ιι
644 5660 783 5729 ρομ),
807 5668 859 5710 ει
885 5664 1033 5729 ξενίῃ,
1057 5658 1246 5729 φρεςροι
1267 5666 1349 5729 καί
1370 5665 1519 5722 δῆλοι.
1550 5663 1704 5729 Paulo
1728 5670 1837 5726 post
1855 5669 1991 5719 Colb.
2015 5675 2096 5721 καὶ

533 5722 680 5785 ἕτεροι
712 5723 853 5778 όντις.
891 5724 1017 5773 Ediu
1036 5722 1115 5774 καὶ
1139 5722 1295 5790 ἕτερον
1317 5728 1463 5785 ὄντες,
1496 5730 1547 5773 et
1568 5726 1639 5774 sic
1673 5722 1798 5788 le'gil
1824 5729 2085 5783 Hen‘elus.

1214 330 1272 388 S.
1311 331 1592 388 JOANNIS
1626 329 2110 388 CIIRYSOSTOMI
2146 332 2462 391 ARCIIIEP.
2503 334 3050 391 CONSTANTINOP.

3685 337 3783 391 146

2209 451 2514 523 εἰρημένον,
2559 451 2673 505 ἀλλ’
2714 451 2853 520 ὐπέρ
2892 449 3089 504 αὐτῶν.
3128 449 3201 502 Οὐ
3244 448 3351 520 γὰρ
3394 446 3546 503 εἶπεν
3582 450 3783 513 αὐτοὺς

2207 537 2521 600 ἀπολέσθαι,
2559 536 2695 590 ἀλλά
2747 537 2846 607 τὴν
2896 533 3092 587 κακίαν
3136 533 3520 603 ἀφανισθῆναι.
3551 533 3626 587 Οὐ
3670 536 3783 604 γάρ

2207 615 2376 681 εἶπεν,
2416 617 3034 690 ἘξολοθρεύσειΚύριος
3070 616 3457 682 αὐτοὺς,άλλά,
3497 616 3573 670 Τὰ
3603 617 3781 685 χείλη

2207 705 2279 756 τὰ
2309 701 2501 756 δόλια.

2281 791 2349 853 γ’.
2380 784 2491 838 Καὶ
2520 784 2680 838 πάλιν
2706 784 2825 853 οὐχί¹
2860 782 2957 853 τὴν
2983 780 3191 843 οὐσίαν,
3223 781 3359 835 ἀλλά
3391 781 3489 852 τὴν
3509 780 3781 850 γλῶτταν,

2208 866 2305 939 τὴν
2326 867 2601 929 ἀπόνοιαν,
2634 867 2723 920 τὸν
2751 866 2899 919 δόλον
2922 865 3273 936 ἀναιρεθῆναι
3303 864 3465 931 ἀξιοῖ,
3485 864 3583 934 τὴν
3613 865 3784 935 ὑπερ-

2209 949 2442 1019 ηφανίαν
2462 949 2780 1019 ἐκκοπῆναι.
2826 948 3118 1018 Κωμῳδῶν
3153 945 3208 999 δὲ
3241 945 3422 1000 αὐτῶν
3444 946 3541 1016 τὴν
3568 947 3783 1011 ἄνοιαν,

2210 1032 2363 1103 φησί’
2388 1031 2463 1085 Τὰ
2491 1033 2661 1101 χείλη
2685 1030 2853 1100 ήμῶν
2864 1030 2997 1100 παρ’
3020 1030 3162 1099 ἡμῖν
3185 1031 3334 1083 ἐστι.
3367 1031 3462 1096 Τίς
3483 1028 3653 1099 ἡμῶν
3675 1029 3786 1083 κύ-

2205 1117 2336 1184 ριός
2359 1114 2525 1177 ἐστι;
2556 1114 2911 1183 Μαινομένων
2933 1112 3026 1167 καὶ
3046 1113 3412 1184 παραφρόνων
3440 1114 3509 1166 τά
3540 1114 3782 1184 ῥήματα..

2209 1200 2309 1253 Διά
2354 1199 2418 1271 δὴ
2450 1198 2608 1252 τοῦτο
2649 1201 2679 1253 6
2718 1197 2930 1261 Παῦλος
2964 1198 3293 1259 ἀπεναντίας
3325 1198 3507 1260 αὐτοῖς
3544 1196 3786 1264 φθεγγό-

2213 1299 2372 1352 μενος
2412 1284 2690 1354 παραινεῖο
2717 1283 2838 1335 οὐκ
2882 1279 3025 1333 ἐστέ
3068 1279 3317 1340 ἑαυτῶν,
3358 1277 3531 1348 τιμῆς
3567 1278 3791 1349 ἠγορά-

2209 1368 2411 1434 σθητε·
2452 1365 2546 1418 καὶ
2575 1363 2786 1434 κελεύει
2820 1363 2953 1433 μηδὲ
2981 1364 3192 1426 ἑαυτοῖς
3222 1360 3341 1433 ζῇν.
3370 1362 3444 1415 Οὐ
3483 1361 3552 1414 σά
3579 1362 3788 1415 ἐστιτὰ

2208 1433 2383 1524 χείλη,
2414 1450 2566 1523 [ιεο]
2599 1433 2791 1522 ’φησιν,
2823 1448 2958 1504 ἀλλὰ
2997 1448 3092 1502 τοῦ
3135 1449 3425 1504 Δεσπότου.
3460 1448 3629 1513 Αὐτὸς
3672 1449 3789 1519 γὰρ

2209 1535 2461 1606 ἐποίησεν
2496 1534 2653 1599 αὐτά,
2684 1533 2844 1596 αὐτὸς
2873 1532 3291 1598 κατεσκεύασεν,
3326 1532 3486 1594 αὐτὸς
3515 1531 3659 1603 ζωὴν
3702 1532 3791 1584 ἐν·

2211 1619 2491 1674 έπνευσεν.
2532 1618 2692 1672 Ἀλλά
2709 1620 2772 1671 σὺ
2787 1618 2963 1688 ἔχεις;
2988 1618 3125 1671 Ἀλλ’
3152 1619 3212 1670 οὐ
3236 1616 3393 1671 πάνθ’
3406 1617 3506 1669 ὅσα
3518 1615 3710 1687 ἔχομεν
3730 1626 3784 1679 ε,

2209 1700 2383 1755 ταῦτα
2420 1700 2686 1772 ήμέτερα’
2729 1700 2851 1752 ἐπεὶ
2886 1701 2979 1753 καὶ
3027 1701 3282 1772 χρήματα
3323 1698 3539 1769 ἔχομεν,
3582 1697 3791 1769 ἑτέρων

2211 1783 2769 1857 παρακαταθεμένων’
2794 1786 2889 1836 καὶ
2913 1783 3018 1854 γῆν
3043 1782 3399 1854 μισθούμεθα,
3431 1781 3631 1850 ἐτέρων
3648 1782 3789 1851 ἡμῖν

2209 1868 2538 1921 δεδωκότων.
2570 1865 2727 1919 Οὐτω
2754 1866 2817 1937 δὴ
2849 1867 2943 1920 καὶ
2966 1867 3049 1918 σοὶ
3065 1864 3235 1919 ταῦτα
3264 1864 3610 1936 ἐμίσθωσενὸ
3627 1863 3786 1927 Θεὸς,

2209 1954 2308 2023 οὐχ
2350 1954 2437 2006 ἵνα
2478 1950 2716 2012 ἀκάνθας
2759 1951 2952 2021 φέρῃς,
2987 1948 3101 2003 ἀλλ’
3146 1949 3234 2003 ἵνα
3282 1948 3574 2018 σπέρματα
3615 1949 3694 2010 εἰς
3720 1946 3789 1999 τὸ

2209 2038 2480 2109 χρήσιμον
2508 2033 2835 2107 μεταϐάλῃς·
2853 2035 2950 2103 οὐχ
2973 2033 3059 2086 ῖνα
3078 2033 3358 2095 ἀπόνοιαν,
3379 2032 3478 2102 οὐχ
3501 2032 3586 2084 ἵνα
3607 2031 3785 2093 δόλον,

2209 2120 2324 2175 ἀλλ’
2366 2121 2453 2174 ἴνα
2497 2116 3020 2189 ταπεινοφροσύνην,
3058 2115 3175 2169 ἀλλ’
3211 2117 3299 2173 ἶνα
3338 2114 3631 2186 εὐφημίαν,
3663 2114 3788 2168 ἀλλ’

2210 2203 2298 2256 ἵνα
2356 2202 2577 2274 ἀγάπην
2631 2202 2863 2273 ποιήσῃς
2921 2199 2989 2253 δι’
3041 2200 3220 2253 αὐτῶν
3275 2199 3609 2269 βλαστάνειν.
3670 2199 3793 2251 Kal

2209 2286 2522 2357 ὀφθαλμοὺς
2559 2285 2780 2348 ἔδωκεν,
2816 2286 2913 2355 οὐχ
2951 2283 3038 2337 ἴνα
3091 2282 3361 2336 ἀκόλαστα
3398 2281 3618 2353 βλέπῃς,
3662 2281 3791 2335 ἀλλ’

2212 2372 2300 2425 ἶνα
2329 2372 2650 2441 σωφροσύνῃ
2692 2371 2889 2432 αὐτοὺς
2931 2367 3298 2440 καλλωπίζῃςν
3329 2366 3422 2419 καὶ
3449 2369 3653 2437 χεῖρας,
3681 2366 3794 2437 οὐχ

2211 2455 2297 2507 ἵνα
2340 2454 2600 2526 πλήττῃς,
2650 2452 2766 2507 ἀλλ’
2813 2453 2900 2506 Eva
2940 2452 3112 2522 ἐλεῇς.
3159 2451 3284 2514 Πῶς
3332 2448 3388 2503 δὲ
3437 2450 3529 2503 καὶ
3581 2448 3790 2517 λέγεις,

2208 2537 2289 2595 ὅτι
2341 2536 2418 2590 Τὰ
2462 2538 2635 2606 χείλη
2680 2535 2849 2605 ήμῶν
2883 2535 3020 2601 παρ’
3069 2532 3215 2603 ἡμῖν
3263 2532 3452 2596 ἐστιν,
3506 2531 3630 2584 ὅταν
3680 2530 3793 2600 τῆς

2210 2618 2483 2691 ἁμαρτίας
2534 2618 2671 2673 αὐτά
2725 2620 2883 2689 ποιῇς
2942 2615 3125 2680 δοῦλα,
3171 2617 3298 2670 ὅταν
3352 2615 3451 2686 τῆς
3508 2612 3792 2683 πορνείας,

2207 2705 2334 2758 ὅταν
2374 2704 2471 2773 τῆς
2519 2700 2897 2774 ἀκαθαρσίας;
2961 2700 3058 2766 Τίς
3111 2699 3282 2769 ήμῶν
3325 2698 3528 2767 κύριός
3579 2697 3794 2758 ἔσηνε

2212 2789 2278 2839 Ὦ
2330 2785 2635 2840 διαϐολικοῦ
2707 2784 2977 2856 ρήματοςί
3039 2781 3085 2835 ὢ
3147 2783 3326 2853 ψυχῆς
3385 2779 3791 2851 δαιμονώδουςι

2217 2870 2401 2941 Ὀρᾷς,
2432 2869 2705 2939 ἄνθρωπε,
2732 2870 2831 2939 τὴν
2854 2866 3014 2936 φύσιν
3053 2866 3270 2920 ἃπασαν
3304 2862 3794 2934 ἀνακηρύττουσαν

2206 2954 2300 3007 τοῦ
2335 2952 2606 3006 Δεσπότου
2641 2969 2735 3005 σου
2764 2951 2864 3022 τὴν
2896 2951 3068 3021 ίσχύν,
3107 2950 3207 3019 τὴν
3249 2947 3459 3017 σοφίαν,
3487 2947 3585 3017 τὴν
3622 2944 3793 3017 κηδε-

2211 3040 2418 3111 μονίαν,
2464 3037 2566 3109 τὴν
2617 3036 2872 3108 πρόνοιαν
2896 3051 2910 3066 °
2955 3035 3016 3089 τὸ
3064 3033 3225 3104 σῶμά
3275 3049 3391 3095 σου,
3445 3029 3541 3100 τὴν
3580 3028 3795 3099 ψυχὴν,

2207 3126 2304 3199 τὴν
2336 3126 2503 3197 ζωὴν,
2537 3123 2604 3178 τὰ
2641 3123 2912 3194 ὁρώμενα,
2943 3122 3013 3175 τὰ
3051 3121 3276 3192 ἀόρατα,
3334 3118 3548 3172 ἅπαντα
3595 3114 3793 3185 σχεδὸν

2207 3216 2401 3278 εἰπεῖν,
2416 3212 2597 3283 φωνὴν
2611 3211 2838 3280 ἀφιέντα
2852 3209 2944 3263 καὶ
2959 3206 3399 3278 ἀνακηρύττοντα
3409 3203 3503 3258 τοῦ
3519 3208 3593 3273 Δη
3602 3218 3725 3274 μιου
3736 3218 3803 3273 ρ-

2206 3302 2304 3372 γοῦ
2348 3303 2448 3371 τὴν
2498 3301 2755 3371 δύναμιν,
2809 3298 2905 3352 καὶ
2949 3297 3165 3366 λέγεις·
3194 3296 3323 3361 Τίς-
3350 3292 3522 3364 ἡμῶν
3578 3290 3791 3359 κύριός

2205 3390 2372 3455 ἐστι;
2425 3386 2623 3454 Τοῦτο,
2655 3386 2877 3457 μανίας,
2934 3384 3091 3438 τοῦτο
3155 3381 3567 3454 παραπληξίας,
3621 3378 3789 3432 τοῦτο

2206 3468 2607 3549 διεφθαρμένης
2654 3476 2850 3546 ψυχῆς.
2912 3473 3012 3528 Διά
3064 3473 3221 3527 τοῦτο
3260 3469 3329 3525 τά
3383 3470 3552 3542 μυρία
3608 3468 3785 3522 κακά.

2219 3564 2357 3619 Ἀλλ’
2395 3557 2541 3619 οῦτοι
2566 3565 2664 3634 μὲν
2713 3563 2966 3632 λέγουσι’
3012 3563 3107 3626 Τίς
3139 3558 3309 3629 ἡμῶν
3335 3556 3540 3627 κύριός
3570 3555 3783 3623 ἐστιν,

2212 3653 2396 3707 Ἀλλοι
2436 3653 2493 3707 δὲ
2544 3652 2638 3705 τὸν
2692 3651 2791 3722 μὲν
2850 3647 3125 3718 Δεσπότην
3183 3645 3542 3717 ὁμολογοῦσι,
3592 3644 3683 3697 τὸν
3723 3642 3787 3696 δὲ

2208 3741 2337 3811 περὶ
2378 3739 2479 3810 τῆς
2529 3739 2761 3810 κρίσεως
2794 3736 3076 3809 ἀναιροῦσι
3132 3734 3289 3804 λόγον
3327 3734 3422 3787 καὶ
3477 3733 3574 3803 τῆς
3615 3730 3787 3785 κολά-

2210 3844 2386 3894 σεως,
2432 3826 2691 3898 βραχείας
2731 3823 2955 3896 χάριτος
2987 3821 3229 3894 μεγάλην
3267 3819 3563 3891 ὠνούμενοι
3616 3818 3785 3872 κόλα-

2210 3933 2315 3981 σιν,
2331 3916 2424 3969 καὶ
2442 3914 2757 3985 βουλόμενοι
2771 3912 2850 3983 τῷ
2866 3911 2939 3983 μὴ
2959 3910 3270 3983 μεμνῆσθαι
3285 3910 3507 3978 γεέννης
3522 3924 3784 3977 παραμυ-

2209 4001 2420 4057 θεῖσθαι
2448 4003 2696 4065 ἑαυτοὺς,
2724 3999 3043 4054 λανθάνουσι
3071 3998 3159 4052 διά
3190 3997 3291 4067 τῆς
3317 3995 3545 4065 ἀφοϐίας
3571 3993 3784 4063 ταύτης

2209 4091 2288 4153 είς
2307 4090 2368 4142 τὸ
2397 4087 2669 4160 βάραθρον
2702 4088 2928 4150 ἑαυτοὺς
2952 4085 3053 4157 τῆς
3084 4084 3360 4147 ἀπωλείας
3393 4082 3779 4154 ἐμϐάλλοντες.

2207 4177 2301 4231 Διὸ
2337 4174 2643 4248 παρακαλῶ
2684 4175 2781 4228 καὶ
2829 4173 3139 4245 μεμνῆσθαι
3181 4172 3426 4243 γεέννης,
3468 4172 3560 4224 καὶ
3595 4168 3783 4222 διαλέ-

2206 4264 2399 4335 γεσθαι
2428 4264 2557 4336 περὶ
2596 4262 2852 4333 γεέννης·
2875 4261 3017 4315 οὕτω
3053 4260 3345 4315 διάπλαττε
3380 4257 3652 4329 εὐμορφία
3673 4257 3783 4328 τὴν

2206 4357 2404 4428 ψυχήν.
2437 4355 2580 4409 Πολὺ
2613 4352 2722 4425 γὰρ
2760 4351 2822 4404 τὸ
2865 4351 3137 4424 χρήσιμον
3177 4348 3287 4401 τῶν
3331 4346 3505 4415 λόγων
3544 4344 3779 4398 τούτων.

2208 4440 2343 4494 Οὐδὲ
2376 4439 2486 4511 γὰρ
2530 4436 2718 4500 ἁπλῶς
2764 4435 3062 4505 ἠπείλησεν
3097 4432 3266 4503 αὐτὴν
3309 4433 3338 4484 6
3375 4430 3527 4493 Θεὸς,
3563 4430 3656 4483 καὶ
3685 4431 3771 4481 ἐν·

2206 4527 2396 4581 τεῦθεν
2425 4526 2526 4597 ἤδη
2552 4524 2717 4595 δήλην
2744 4521 3031 4592 ἐποίησεν,·
3045 4519 3158 4573 ἀλλ’
3183 4520 3269 4572 ἵνα
3294 4517 3370 4588 τῷ
3396 4516 3546 4585 φόϐῳ
3570 4516 3782 4588 ποιήσῃ

2210 4614 2474 4687 βελτίους.
2507 4612 2607 4665 Διά
2633 4610 2795 4665 τοῦτο
2822 4610 2920 4663 καὶ
2952 4610 2980 4661 6
3018 4607 3263 4670 διάϐολος
3300 4607 3478 4659 πάντα
3507 4605 3651 4656 ποιεῖ
3677 4605 3783 4655 καὶ

2208 4698 2678 4773 πραγματεύεται,
2713 4697 2949 4767 ἐξαιρεῖν
2981 4694 3161 4763 αὐτῆςι
3184 4693 3283 4763 τὴν
3330 4694 3549 4763 μνήμην
3584 4689 3778 4760 βουλό-

2208 4806 2389 4860 μενος.
2423 4787 2513 4858 Μὴ
2557 4786 2739 4839 τοίνυν
2773 4783 3000 4837 ἔκϐαλλε
3031 4781 3130 4851 τὴν
3172 4781 3412 4851 μνήμην,
3445 4778 3577 4850 μηδέ
3606 4777 3737 4844 λέγε
3757 4794 3774 4809 ·

2205 4876 2271 4929 Τί
2298 4875 2455 4929 λυπῶ
2484 4874 2722 4946 ἐμαυτὸν
2751 4871 2903 4942 παρά
2931 4867 3151 4941 καιρόν;
3178 4866 3337 4937 Παρὰ
3359 4865 3547 4936 καιρὸν
3586 4862 3732 4933 λυπῇ
3758 4881 3775 4929 ;

2217 4966 2423 5019 Ἐκεῖνό
2454 4967 2569 5018 ἐστι
2596 4962 2749 5034 παρά
2775 4960 2966 5030 καιρὸν
3010 4959 3216 5028 ἀλγεῖν,
3248 4960 3375 5011 ὅταν
3397 4959 3454 5010 ἐν
3478 4958 3545 5027 τῇ
3574 4956 3778 5030 γεέννῃ

2202 5055 2394 5125 ἀλγῇς.
2425 5051 2531 5105 Τοῦ
2557 5049 2842 5104 λυπεῖσθαι
2872 5047 3061 5118 καιρὸς
3082 5042 3257 5110 οὗτος,
3281 5047 3381 5098 οὐκ
3406 5046 3630 5107 ἐκεῖνος.
3658 5045 3777 5098 Kal

2201 5140 2360 5194 τοῦτο
2390 5139 2661 5192 δείκνυσιν
2685 5138 2714 5188 ὁ
2745 5134 3000 5197 πλούσιος
3032 5137 3060 5187 ὁ
3089 5134 3182 5186 ἐπὶ
3205 5133 3481 5203 Λαζάρου,
3512 5131 3570 5194 ὃς
3599 5131 3774 5201 μυρία

2200 5225 2466 5298 λυπηθεὶς
2484 5225 2637 5278 οὐδὲν
2653 5224 2882 5293 ὤνησεν.
2911 5222 2975 5275 El
3002 5221 3058 5274 δὲ
3083 5220 3353 5291 εὐκαίρως
3378 5220 3632 5289 ἤλγησεν,
3666 5218 3774 5271 οὐκ

2200 5316 2267 5368 ἂν
2293 5313 2496 5367 ἔπαθεν
2545 5312 2687 5383 ἅπερ
2707 5308 2928 5363 ἔπαθεν.
2967 5309 3219 5363 Ἕνεκεν
3236 5306 3347 5375 τῆς
3370 5305 3773 5372 ταλαιπωρίας

2199 5399 2318 5455 τῶν
2343 5398 2634 5468 πτωχῶν,’
2655 5397 2752 5453 καί
2793 5396 2900 5451 τοῦ
2931 5392 3269 5463 στεναγμοῦ
3314 5391 3431 5446 τῶν
3470 5392 3768 5457 πενήτων,

2198 5488 2313 5543 νῦν
2340 5485 2779 5555 ἀναστήσομαι,
2808 5484 2967 5554 λέγει
2995 5484 3224 5550 Κύριος.
3255 5479 3522 5550 Θῖὶσομαι
3550 5480 3620 5532 ἐν
3648 5494 3771 5531 σω-

2262 5612 2285 5641 ο
2331 5608 2414 5657 Sic
2452 5621 2513 5657 ex
2558 5608 2829 5658 BarberIno
2872 5608 3041 5656 codice
3090 5604 3353 5658 legendum
3402 5606 3583 5653 indicat
3627 5602 3773 5653 Hen-

2196 5672 2328 5720 ricus
2368 5669 2596 5718 Savilius.
2650 5673 2809 5720 Antea
2866 5682 2984 5719 vero
3030 5666 3290 5730 legebatur
3333 5666 3389 5715 οὐ
3430 5668 3615 5721 πάντως
3654 5666 3767 5721 ἐχο-

2198 5750 2298 5796 μεν,
2327 5744 2602 5794 perperam.
