4084 6278
301 338 403 394 113

298 462 399 517 set,
429 450 638 505 cmlcris
665 459 849 506 contra
882 451 1241 517 tendentibus,
1269 455 1506 524 confugit
1539 456 1604 509 ad
1630 457 1719 510 Dci
1753 471 1880 526 pro-

297 545 607 610 videntiam,
641 545 863 599 dicens:
922 545 1137 600 Salvum
1187 563 1264 600 me
1294 547 1397 616 fac,
1452 547 1688 601 Domine.
1744 547 1883 601 Nihil

296 652 423 705 ergo
466 637 552 690 hic
603 636 746 690 aliud
793 653 952 706 quam
1002 637 1104 693 hoc
1143 639 1448 709 signiﬁcat:
1483 639 1724 709 Superna
1754 641 1884 695 mihi

297 743 453 781 manu
481 742 616 796 opus
671 736 774 794 est,
821 729 1022 782 cwlcsti
1067 743 1187 798 ope,
1221 740 1277 784 et
1319 731 1410 784 illo
1438 731 1618 785 divino
1663 731 1880 786 atixilio.

295 818 426 871 Cum
459 817 599 871 enim
624 818 761 871 viam
790 818 1055 888 ingrediar
1090 821 1337 874 omnibus
1381 825 1724 886 contrariam,
1764 837 1882 876 ma-

293 924 392 975 gna
422 907 550 961 mihi
579 923 714 977 opus
742 917 824 963 est
853 911 1202 978 providentia.
1238 911 1305 965 Et
1327 927 1431 966 non
1461 912 1630 967 dixit:
1661 912 1878 968 Salvum

295 1016 378 1052 me
404 999 505 1064 fac,
529 999 780 1068 quoniam
826 1016 930 1054 non
959 1010 1040 1056 est
1064 1013 1278 1055 sanctus
1312 1019 1324 1054 :
1351 1002 1463 1065 sed,
1494 1003 1745 1069 Quoniam
1786 1004 1878 1057 de—

297 1091 408 1158 fecit
438 1101 664 1156 sanctus,
693 1091 985 1146 ostendens
1012 1105 1109 1147 eos
1133 1094 1292 1146 etiam
1315 1094 1403 1162 qui
1432 1103 1603 1160 erant,
1631 1095 1876 1163 periisse,

295 1191 575 1250 postquam
604 1182 827 1236 invaluit
861 1183 1068 1248 vitium,
1102 1193 1156 1238 et
1200 1184 1417 1239 morbus
1443 1187 1684 1254 superior
1712 1186 1900 1265 factus.

293 1280 397 1324 est.
432 1273 544 1326 lloc
589 1271 784 1326 Paulus
811 1287 1021 1342 quoque
1049 1273 1200 1328 timet
1225 1274 1410 1329 dicens
1441 1291 1454 1327 :
1492 1274 1710 1329 Nescitis
1747 1276 1880 1346 quod

295 1377 475 1428 parum
506 1362 737 1431 fermenti
765 1372 920 1417 totam
945 1379 1162 1418 massam
1192 1367 1456 1433 [ermentat
1484 1365 1558 1438 (1.
1587 1364 1762 1420 Cor.5.
1787 1365 1879 1436 6)?

293 1453 364 1509 Ει
387 1469 572 1508 rursus
604 1472 616 1507 :
663 1453 1004 1525 Corrumpunt
1045 1457 1204 1510 bonos
1233 1473 1394 1510 mores
1421 1458 1673 1527 colloquia
1723 1473 1879 1526 prava

293 1543 457 1617 (Ibid.
490 1545 576 1600 15.
602 1546 728 1616 53).
771 1546 907 1614 Quid
954 1557 1036 1602 est
1081 1558 1256 1602 autem
1285 1590 1300 1614 ,
1346 1548 1624 1602 Diminuta:
1651 1559 1766 1603 sunt
1795 1565 1879 1603 ve-

291 1639 508 1692 ritates?
556 1638 732 1693 Multae
795 1649 921 1695 sunt
978 1643 1249 1695 veritates.
1313 1641 1769 1707 Quemadmodum
1824 1644 1876 1696 in

292 1732 591 1799 coloribus,
620 1741 674 1786 et
695 1733 814 1787 aliis
844 1734 1130 1803 generibus
1153 1777 1168 1802 ,
1197 1735 1298 1788 alia
1325 1733 1537 1804 quidem
1564 1722 1688 1789 sunt
1727 1749 1873 1798 vera,

296 1823 405 1875 alia
436 1822 586 1889 falsa,
619 1832 674 1877 et
711 1833 791 1878 est
817 1840 1050 1895 purpura
1091 1841 1242 1891 vera,
1279 1835 1332 1880 et
1360 1841 1591 1895 purpura
1642 1825 1792 1889 falsa,
1823 1837 1878 1880 ct

290 1914 346 1967 in
377 1930 536 1970 croco
558 1915 660 1986 (a),
683 1916 734 1970 in
759 1917 1036 1986 lapidibus,
1065 1917 1117 1970 in
1147 1917 1493 1982 aromatibus,
1517 1925 1570 1972 et
1591 1917 1707 1970 aliis
1730 1918 1875 1986 ejus-

292 2006 440 2060 modi
475 2026 489 2061 :
521 2009 589 2061 ita
619 2010 778 2063 etiam
810 2010 860 2062 in
903 2009 1206 2063 virtutibus.
1241 2009 1450 2064 Veritas
1471 2010 1614 2064 enim
1631 2018 1712 2063 est
1733 2009 1874 2079 quod

286 2114 417 2153 vere
444 2108 526 2153 est
556 2119 569 2153 :
599 2102 931 2156 mendacium
961 2111 1138 2156 autem
1175 2101 1318 2171 quod
1344 2117 1446 2155 non
1469 2109 1572 2156 est.
1611 2102 1873 2168 Quoniam

283 2205 419 2259 ergo
440 2191 554 2245 haec
579 2192 784 2246 inversa
805 2201 857 2246 et
877 2193 1158 2247 obscurata
1184 2191 1411 2257 fuerant,
1437 2207 1540 2245 non
1565 2191 1704 2262 quod
1723 2205 1873 2246 suam

285 2281 652 2350 perdidissent
695 2285 1070 2348 substantiam,
1097 2283 1192 2338 sed
1221 2284 1362 2354 quod
1386 2284 1454 2338 ab
1482 2283 1786 2338 hominibus
1807 2283 1873 2338 de

282 2376 470 2430 medio
500 2376 705 2431 sublata
753 2377 1016 2432 fuissent:
1051 2386 1329 2447 propterea
1361 2392 1466 2431 non
1497 2375 1631 2430 dixit
1675 2377 1868 2443 solum,

281 2465 572 2521 Diminqu
619 2477 762 2534 sunt,
793 2468 885 2522 sed
931 2468 1145 2538 adjecit,
1187 2469 1232 2522 Α
1283 2469 1402 2538 ﬁliis
1449 2469 1727 2535 hominum,
1770 2470 1870 2523 hoc

281 2560 459 2628 ipsum
473 2560 658 2615 volens
678 2561 992 2630 signiﬁcare.
1012 2561 1298 2617 Considera
1329 2573 1524 2617 autem.
1541 2563 1636 2616 Est
1652 2571 1870 2617 ornatus

279 2665 464 2716 verus,
493 2660 577 2706 est
601 2653 760 2706 etiam
788 2652 971 2706 falsus.
1001 2652 1131 2721 Quis
1157 2662 1238 2708 est
1265 2668 1394 2722 ergo
1425 2668 1580 2708 verus
1609 2654 1869 2709 ornatus?

279 2742 385 2806 Qui
410 2752 492 2795 est
520 2743 570 2794 in
601 2742 794 2795 anima.
826 2741 954 2808 Quis
990 2751 1072 2797 est
1098 2752 1275 2798 autem
1315 2743 1518 2798 falsus?
1547 2744 1646 2811 Qui
1679 2751 1767 2798 est
1806 2745 1862 2798 in

278 2847 532 2900 corpore.
566 2832 705 2886 Sunt
727 2833 925 2887 divitia:
946 2849 1106 2897 verm,
1139 2843 1264 2888 sunt
1289 2835 1448 2889 etiam
1475 2832 1641 2889 falsas.
1673 2834 1865 2899 Falsm,

277 2923 670 2991 pecuniarum:
721 2939 882 2990 verte,
917 2933 1060 2980 recte
1089 2924 1371 2980 factorum.
1400 2926 1495 2979 Est
1523 2925 1705 2980 laetitia
1755 2925 1869 2980 haec

276 3012 499 3079 quidem
523 3028 670 3080 vera,
702 3013 788 3067 illa
809 3029 936 3068 vero
966 3015 1115 3081 falsa,
1143 3015 1268 3069 item
1294 3015 1733 3085 pulchritudines,
1769 3030 1868 3085 po-

279 3102 487 3168 tentia),
534 3112 588 3157 et
632 3103 822 3173 gloria.
862 3104 966 3159 Sed
998 3105 1227 3160 maxima
1259 3121 1378 3175 pars
1419 3106 1714 3173 hominum,
1771 3105 1866 3159 ho-

278 3208 400 3247 rum
437 3194 660 3249 veritate
699 3196 904 3260 relicta,
957 3212 1075 3263 qua:
1118 3194 1248 3251 falsa
1296 3205 1420 3251 sunt
1458 3197 1793 3267 persequitur
1850 3215 1862 3250 :

278 3285 421 3338 sicut
459 3285 602 3338 enim
638 3295 719 3340 est
747 3286 906 3341 homo
938 3302 1094 3341 verus
1137 3297 1191 3342 et
1216 3286 1413 3344 falsus:
1445 3303 1602 3343 verus
1626 3287 1862 3358 quidem,

278 3373 370 3442 qui
402 3374 530 3428 vivit
553 3382 606 3428 et
634 3386 915 3444 operatur;
940 3376 1104 3432 falsus
1125 3387 1299 3433 autem
1328 3379 1414 3448 qui
1432 3380 1608 3448 pictus
1633 3387 1717 3434 est
1743 3397 1755 3432 :
1792 3379 1862 3432 ita

277 3464 441 3518 etiam
466 3465 649 3520 videre
685 3482 967 3536 possumus
996 3469 1047 3522 in
1074 3468 1378 3523 virtutibus.

380 3554 455 3609 De
508 3558 676 3611 cordis
729 3558 1043 3628 duplicitate.
1088 3590 1157 3600 —
1203 3561 1257 3615 3.
1305 3559 1450 3615 Vana
1499 3561 1693 3632 loquuti
1749 3571 1864 3616 sunt

277 3650 624 3721 unusquisque
674 3653 744 3705 ad
799 3654 1089 3722 proximum
1145 3669 1314 3708 suum.
1374 3652 1534 3708 Labia
1567 3653 1764 3721 dolosa,
1809 3657 1866 3710 in

275 3744 434 3798 corde
455 3753 502 3797 et
519 3745 666 3797 corde
689 3744 883 3815 loquuti
907 3756 1022 3799 sunt
1043 3747 1197 3800 mala.
1245 3746 1395 3800 Alius
1420 3746 1588 3814 dixit,
1612 3746 1678 3800 In
1716 3748 1867 3803 corde

274 3835 385 3889 alio
410 3845 456 3888 et
481 3836 584 3889 alio
613 3837 854 3906 loquitur.
885 3837 1000 3891 Duo
1029 3837 1117 3893 hic
1142 3837 1270 3892 dicit
1299 3838 1443 3904 vitia,
1475 3848 1529 3893 et
1557 3838 1698 3909 quod
1727 3855 1860 3894 vana

277 3925 492 3994 loquuti
519 3925 643 3992 sint,
673 3935 722 3980 et
751 3925 895 3996 quod
931 3927 1174 3996 proximo
1216 3941 1315 3982 suo
1343 3944 1356 3980 :
1389 3927 1476 3981 vel
1499 3943 1559 3982 ea
1589 3943 1707 3998 quae
1733 3927 1864 3983 falsa

273 4024 408 4072 sunt
430 4016 557 4070 dicit
585 4031 739 4082 vana,
771 4017 855 4072 vel
884 4033 946 4072 ea
976 4034 1094 4088 qua:
1121 4029 1244 4073 sunt
1268 4018 1534 4088 superflua
1561 4028 1616 4073 et
1637 4020 1862 4074 inutilia.

274 4106 414 4162 Tale
440 4107 563 4176 quid
587 4108 747 4163 etiam
777 4108 908 4164 dicit
947 4109 1140 4164 Paulus
1169 4127 1182 4161 :
1218 4110 1301 4163 Ne
1322 4110 1601 4164 mentimini
1628 4110 1697 4162 ad
1733 4111 1865 4164 invi-

276 4218 387 4255 cem
417 4201 638 4272 (Coloss.
671 4202 724 4257 5.
774 4196 866 4274 9).
897 4203 964 4257 Et
1010 4203 1154 4272 quod
1203 4210 1286 4258 est
1327 4203 1565 4258 omnium
1615 4204 1866 4274 gravissi-

274 4307 448 4354 mum,
477 4306 667 4348 omnes
683 4301 836 4347 erant
864 4294 1119 4362 corrupti.
1155 4294 1222 4347 Et
1266 4293 1387 4348 ideo
1409 4308 1515 4348 non
1566 4295 1718 4362 dixit,
1759 4294 1864 4362 hic,

277 4383 370 4436 vel
400 4382 513 4448 ille,
562 4382 678 4450 scd,
714 4382 1086 4454 Unusquisque.
1132 4384 1315 4454 Neque
1343 4387 1486 4440 enim
1523 4394 1635 4440 erat
1665 4393 1867 4440 tantum

278 4473 492 4538 vitium,
526 4473 666 4542 quod
695 4482 902 4528 nataret
929 4475 981 4528 in
1022 4474 1303 4544 superficie
1329 4492 1343 4528 :
1367 4475 1461 4530 sed
1501 4485 1618 4531 erat
1662 4477 1714 4530 in
1741 4491 1867 4546 pro-

281 4564 470 4631 fundo,
499 4573 553 4618 et
580 4565 630 4618 in
661 4565 844 4620 corde.
874 4564 944 4618 In
978 4567 1127 4619 corde
1154 4575 1198 4619 et
1237 4567 1288 4620 in
1328 4567 1479 4620 corde
1508 4583 1527 4621 :
1571 4567 1712 4638 quod
1736 4568 1869 4623 alius

283 4659 554 4727 interpres
592 4657 744 4724 dixit,
783 4655 852 4710 In
903 4658 1055 4712 corde
1083 4659 1185 4712 alio
1225 4667 1271 4712 et
1319 4659 1422 4711 alio
1459 4675 1478 4714 :
1509 4659 1710 4716 docens
1749 4675 1871 4715 esse

284 4765 533 4820 magnam
566 4752 618 4804 in
641 4750 806 4806 corde
832 4750 1217 4821 duplicitatem.
1249 4751 1360 4807 Hoc
1394 4761 1477 4807 est
1500 4754 1745 4808 omnibus
1769 4753 1869 4806 ho-

285 4842 458 4895 stibus
501 4842 765 4896 acerbius.
816 4841 897 4896 llli
949 4843 1090 4898 enim
1122 4851 1244 4897 sunt
1298 4843 1487 4913 aperti,
1521 4842 1661 4897 unde
1710 4844 1869 4898 etiam

285 4931 441 4987 facile
485 4942 710 5004 possunt
735 4934 912 4989 caveri
939 4951 952 4988 :
985 4935 1037 4989 hi
1069 4951 1196 4990 vero
1222 4950 1344 4990 cum
1377 4936 1538 4990 aliam
1586 4951 1870 5005 personam

286 5038 397 5092 pne
434 5039 493 5079 se
524 5023 715 5092 ferant,
746 5035 800 5080 et
842 5027 950 5080 sint
985 5026 1150 5086 aliud.
1200 5029 1266 5083 ab
1294 5028 1358 5083 iis
1410 5028 1600 5098 quibus
1649 5029 1873 5086 tendunt

287 5115 510 5169 insidias
538 5131 645 5169 non
674 5115 829 5172 facile
869 5117 1340 5188 deprehenduntur
1359 5161 1374 5186 ,
1404 5119 1571 5174 multo
1600 5121 1873 5191 graviores

287 5206 349 5258 iis
372 5206 460 5274 qui
483 5205 686 5275 gladios
714 5207 1064 5263 abscondunt.
1093 5209 1144 5263 4.
1180 5208 1442 5280 Disperaet
1461 5209 1714 5265 Dominus
1741 5215 1862 5266 uni-

285 5311 428 5351 versa
455 5298 591 5351 labia
619 5297 824 5366 dolosa,
857 5300 1084 5371 linguam
1111 5303 1505 5372 magniloquam,
1535 5303 1588 5359 5.
1618 5303 1704 5373 qui
1731 5305 1875 5358 dixe-

285 5398 404 5442 runt
425 5405 443 5443 :
463 5388 716 5458 Linguam
742 5396 966 5445 nostram
997 5393 1451 5463 magniﬁcabimus.
1485 5395 1632 5450 Alius
1655 5437 1669 5460 ,
1698 5394 1875 5447 Domi-

291 5480 548 5532 nabimur.
583 5479 745 5534 Labia
787 5492 960 5536 nostra
1000 5484 1138 5552 apud
1166 5502 1256 5538 nos
1295 5495 1428 5539 sunt.
1462 5488 1632 5553 Alius,
1681 5485 1876 5539 Adsunt

293 5573 573 5627 nobiscum.
634 5571 759 5638 Quis
789 5585 954 5629 noster
995 5575 1243 5632 Dominus
1269 5588 1338 5632 est
1364 5581 1390 5632 ?
1436 5580 1604 5646 Alius,
1639 5579 1764 5647 Quis
1787 5595 1878 5636 n0-

355 5741 427 5806 (a)
463 5750 546 5793 Hae
569 5755 734 5804 voces,
759 5751 804 5795 et
825 5757 876 5795 tn
896 5758 1052 5810 croco,
1078 5748 1256 5801 desunt
1277 5751 1324 5800 iu
1348 5751 1508 5802 Morel.

1367 338 1723 398 EXPOSITIO
1763 338 1829 394 IN
1869 337 2190 396 PSALMIJM
2229 340 2320 393 XI.

3475 351 3570 407 liti

1991 456 2086 509 stri
2111 454 2500 508 dominabitur?
2534 455 2720 511 Vidisti
2763 460 3032 530 quomodo
3054 476 3237 516 eorum
3279 479 3457 518 curam
3479 483 3571 535 ge-

1987 549 2058 602 rit
2080 548 2360 617 propheta,
2390 549 2652 618 quomodo
2670 567 2765 620 pro
2795 552 2872 607 eis
2899 555 3053 608 orat?
3077 553 3256 624 Neque
3279 559 3419 611 enim
3440 575 3575 612 con-

1991 647 2067 692 tra
2096 639 2238 707 ipsos
2275 647 2378 702 est,
2411 639 2461 692 id
2493 641 2634 710 quod
2665 642 2864 696 dictum
2906 654 3006 710 est,
3052 647 3144 701 sed
3175 649 3434 717 proipsis.
3469 650 3566 703 Ne:

1987 744 2090 798 que
2117 731 2256 784 enim
2285 733 2453 784 oravit
2485 742 2543 785 ut
2573 734 2940 801 perderentur,
2971 738 3062 792 sed
3087 750 3142 792 ut
3171 755 3354 794 eorum
3374 741 3559 795 vitium

1987 818 2053 872 de
2077 819 2252 873 medio
2283 820 2580 875 tolleretur.
2615 823 2730 877 Non
2771 825 2904 879 dixit
2959 829 3124 894 enim,
3179 830 3375 886 Perdet
3427 832 3571 901 ipsos

1985 911 2264 978 Dominus,
2289 913 2402 978 sed,
2432 913 2591 968 Labia
2612 915 2809 971 dolosa.

2052 1001 2106 1054 2.
2143 1000 2264 1054 Non
2301 1005 2477 1070 nostri,
2508 1007 2596 1058 sed
2622 1005 2822 1061 Domini
2842 1026 3031 1064 sumus.
3068 1011 3272 1065 Domini
3299 1015 3568 1084 potentiam

1985 1093 2215 1146 universa
2244 1103 2474 1148 creatura
2502 1098 2763 1164 praedicat.
2791 1129 2864 1138 —
2888 1100 2956 1154 Et
2982 1118 3165 1157 rursus
3196 1119 3299 1156 non
3325 1105 3569 1158 substan-

1984 1182 2130 1246 tiam,
2148 1183 2239 1237 sed
2269 1183 2522 1253 linguam,
2543 1189 2921 1257 arrogantiam,
2951 1189 3191 1247 fraudem
3218 1194 3328 1246 vult
3348 1193 3564 1260 auferri,

1983 1274 2287 1342 superbiam
2315 1277 2573 1330 exscindi.
2607 1277 2840 1334 lrridens
2865 1290 3041 1336 autem
3060 1299 3244 1338 eorum
3266 1284 3564 1350 stultitiam,

1981 1361 2129 1428 dicit,
2155 1361 2315 1416 Labia
2341 1375 2514 1418 nostra
2539 1368 2680 1436 apud
2703 1386 2792 1423 nos
2821 1380 2958 1424 sunt.
2982 1371 3106 1438 Quis
3128 1383 3292 1428 noster
3319 1373 3567 1428 Dominus

1983 1455 2104 1507 est?
2155 1455 2469 1512 lnsanorum
2497 1468 2551 1513 et
2595 1471 2773 1516 mente
2804 1472 3078 1532 captorum
3124 1466 3305 1520 verba.
3338 1467 3404 1520 Et
3446 1467 3565 1522 ideo

1982 1544 2176 1599 Paulus
2197 1561 2352 1602 secus
2368 1563 2524 1618 quam
2552 1550 2586 1603 ii
2607 1551 2851 1621 loquens,
2871 1555 3089 1608 suadet:
3116 1555 3238 1609 Non
3257 1557 3369 1610 estis
3392 1557 3561 1622 vestri,

1980 1637 2139 1704 pretio
2165 1639 2318 1707 empti
2347 1641 2466 1693 estis
2495 1639 2569 1712 (l.
2591 1642 2706 1696 Cor.
2738 1643 2898 1699 6.19.
2919 1645 3046 1717 Ξο)ε
3078 1655 3129 1700 ct
3156 1646 3306 1715 jubet
3336 1663 3427 1700 eos
3455 1664 3560 1700 non
3622 1660 3625 1663 '

1981 1728 2213 1797 sibiipsis
2236 1729 2437 1784 vivere.
2455 1730 2573 1785 Non
2597 1743 2720 1786 sunt
2743 1743 2830 1788 tua
2860 1736 3018 1802 labia,
3039 1737 3133 1791 sed
3155 1736 3361 1791 Domini
3385 1737 3558 1806 (Rom.

1981 1821 2066 1874 M.
2103 1821 2177 1890 7).
2213 1820 2328 1889 Ipse
2354 1823 2494 1877 enim
2521 1838 2582 1877 ea
2615 1825 2757 1890 fecit,
2778 1826 2890 1894 ipse
2912 1827 3237 1893 construxit,
3265 1828 3376 1896 ipse
3399 1829 3558 1881 vitam

1981 1911 2276 1980 inspiravit.
2305 1915 2374 1967 At
2406 1923 2460 1968 tu
2490 1914 2694 1969 babes?
2732 1916 2836 1971 Sed
2877 1931 2981 1971 non
3020 1918 3198 1971 omnia
3237 1933 3355 1987 quae
3394 1917 3558 1973 habe-

1977 2017 2123 2065 mus,
2169 2012 2348 2058 nostra
2387 2014 2510 2058 sunt
2550 2024 2562 2058 :
2607 2008 2858 2076 pecunias
2895 2009 3036 2062 enim
3079 2009 3372 2074 habemus,
3425 2024 3556 2078 quas

1977 2093 2062 2147 alii
2116 2095 2254 2163 apud
2303 2109 2402 2149 nos
2447 2096 2839 2166 deposuerunt:
2871 2108 2924 2153 et
2952 2114 3108 2168 agros
3146 2099 3438 2154 conductos
3466 2101 3558 2153 ha-

1975 2183 2182 2249 bemus,
2215 2199 2349 2254 quos
2382 2186 2470 2240 alii
2513 2187 2664 2242 nobis
2704 2188 2987 2244 dederunt.
3030 2190 3106 2244 Ita
3141 2189 3256 2245 Ιιωο
3275 2191 3434 2245 etiam
3465 2191 3558 2244 tibi

1976 2275 2173 2330 locavit
2213 2277 2487 2340 Christus,
2529 2293 2634 2333 non
2677 2290 2734 2333 ut
2766 2280 2907 2334 feras
2953 2281 3164 2352 spinas,
3196 2281 3291 2336 sed
3331 2291 3388 2335 ut
3429 2297 3557 2336 con-

1975 2377 2156 2422 vertas
2182 2369 2385 2422 semina
2416 2369 2480 2422 ad
2511 2369 2560 2424 id
2598 2371 2740 2439 quod
2771 2379 2853 2425 est
2881 2372 3038 2436 utile;
3073 2387 3178 2426 non
3223 2381 3278 2426 ut
3307 2387 3558 2441 arrogan-

1975 2457 2125 2520 tiam,
2158 2473 2260 2510 non
2296 2467 2351 2511 ut
2375 2457 2578 2522 dolum,
2607 2459 2702 2514 sed
2747 2470 2804 2513 ut
2837 2460 3209 2525 humilitatem,
3241 2470 3293 2514 et
3322 2461 3552 2526 laudem,

1973 2565 2036 2605 ac
2061 2551 2513 2617 benedictionem,
2544 2551 2994 2622 dilectionemque
3033 2569 3128 2622 per
3153 2568 3214 2607 ea
3256 2552 3556 2622 germinare

1972 2656 2146 2696 cures.
2173 2642 2238 2695 Et
2264 2641 2412 2696 dedit
2433 2644 2640 2708 oculos,
2661 2658 2768 2696 non
2794 2653 2850 2697 ut
2881 2643 3143 2712 impudice
3171 2644 3430 2712 aspicias:
3460 2643 3552 2696 sed

1972 2741 2032 2787 ut
2057 2733 2200 2802 ipsos
2229 2749 2389 2787 ornes
2417 2735 2803 2811 temperantia:
2831 2743 2884 2788 et
2915 2748 3124 2798 manus,
3157 2749 3265 2788 non
3294 2742 3350 2788 ut
3375 2733 3552 2796 ferias,

1972 2826 2065 2880 sed
2095 2835 2154 2879 ut
2178 2828 2573 2897 eleemosynam
2601 2827 2864 2897 largiaris.
2888 2826 3166 2892 Quomodo
3196 2835 3371 2880 autem
3398 2825 3548 2888 dicis,

1973 2913 2132 2968 Labia
2164 2926 2335 2970 nostra
2358 2927 2476 2970 sunt
2504 2917 2644 2986 apud
2684 2933 2796 2982 nos,
2824 2916 3038 2984 quando
3066 2931 3125 2970 ea
3167 2914 3370 2985 peccati
3402 2929 3551 2968 serva

1973 3008 2183 3075 feceris,
2225 3010 2439 3078 quando
2483 3009 2872 3075 fornicationis,
2913 3007 3127 3076 quando
3168 3006 3554 3061 immunditim?

1974 3101 2098 3167 Quis
2138 3110 2208 3154 est
2253 3111 2420 3155 noster
2456 3102 2747 3156 Dominus?
2787 3101 2832 3156 Ο
2863 3101 3084 3156 verbum
3135 3100 3487 3156 diabolicum!
3519 3114 3554 3151 ο

1969 3192 2200 3246 animam
2232 3193 2654 3247 dwmoniacam!
2702 3193 2882 3259 Vides,
2928 3208 2960 3246 ο
3014 3193 3191 3256 homo,
3245 3192 3550 3245 universam

1938 3313 1945 3318 --
1969 3292 2266 3337 creaturam
2298 3284 2593 3354 prtedicare
2636 3285 2845 3338 Domini
2885 3285 2958 3337 tui
2993 3285 3304 3354 potentiam,
3337 3281 3550 3348 sapien-

1971 3374 2118 3439 tiam,
2146 3389 2355 3440 curam,
2393 3374 2821 3444 providentiam;
2867 3389 3062 3443 corpus
3091 3383 3256 3438 tuum,
3295 3372 3549 3431 animam,

1969 3465 2154 3529 vitam,
2175 3481 2292 3534 qua:
2318 3465 2418 3519 sub
2447 3473 2724 3534 aspectum
2746 3465 2965 3529 cadunt,
2987 3473 3042 3519 et
3065 3479 3184 3533 qua:
3206 3478 3308 3518 non
3331 3461 3548 3526 eadunt,

1969 3555 2147 3609 omnia
2175 3555 2559 3626 propemodum
2587 3571 2773 3610 vocem
2799 3556 3094 3611 emittentia
3123 3554 3342 3610 laudare
3371 3561 3574 3623 poten-.

1970 3647 2095 3700 tiam
2119 3647 2360 3714 artificis,
2384 3659 2440 3701 et
2463 3647 2596 3702 dicis
2620 3665 2633 3702 :
2668 3646 2794 3712 Quis
2824 3645 3071 3700 Dominus
3098 3655 3266 3700 noster
3290 3644 3399 3699 est?
3442 3643 3553 3697 lloc

1969 3747 2054 3793 est
2092 3739 2306 3804 furoris,
2336 3738 2437 3793 hoc
2481 3740 2735 3809 stuporis,
2770 3739 2873 3793 hoc
2902 3739 3139 3807 corrupti
3185 3738 3369 3791 animi.
3419 3736 3550 3789 Pro-

1969 3837 2151 3899 pterea
2197 3840 2326 3884 sunt
2373 3831 2509 3884 mala
2543 3831 2973 3890 innumerabilia.
3003 3829 3106 3884 Sed
3136 3830 3188 3883 hi
3214 3829 3426 3899 quidem
3473 3826 3551 3882 di-

1970 3930 2125 3975 cunt:
2150 3921 2276 3988 Quis
2301 3931 2372 3976 est
2401 3933 2568 3977 noster
2590 3923 2880 3976 Dominus?
2908 3923 3009 3976 Alii
3036 3922 3317 3976 Dominum
3339 3919 3550 3987 quidem

1971 4011 2314 4075 confitentur,
2343 4013 2602 4080 judicium
2633 4022 2810 4067 autem
2842 4021 2898 4067 et
2923 4027 3110 4082 poenas
3138 4011 3435 4081 propositas
3459 4023 3551 4061 au-

1971 4101 2169 4168 ferunt,
2200 4102 2348 4156 brevi
2377 4102 2710 4171 jucunditatc
2737 4118 2986 4172 magnum
3018 4101 3116 4155 sibi
3147 4109 3386 4171 ementes
3427 4111 3551 4166 sup-

1971 4192 2208 4260 plicium,
2243 4199 2296 4245 et
2319 4191 2446 4245 dum
2489 4192 2674 4245 volunt
2715 4207 2775 4246 se
2815 4206 3083 4255 recreare,
3113 4188 3254 4258 quod
3295 4187 3553 4258 gehennm

1974 4297 2078 4336 non
2128 4283 2504 4348 meminerint,
2550 4298 2646 4352 per
2694 4283 2835 4336 hanc
2884 4281 3230 4337 securitatem
3273 4287 3554 4347 metusque

1973 4374 2290 4428 vacuitatem
2331 4374 2381 4428 in
2429 4389 2680 4443 magnum
2712 4373 2958 4427 interitus
3003 4387 3061 4426 se
3102 4371 3410 4425 barathrum
3450 4369 3554 4424 im-

1970 4465 2262 4535 prudentes
2288 4466 2596 4520 immittunt.
2623 4465 2687 4519 Et
2708 4465 2828 4520 ideo
2855 4479 2985 4534 rogo
3002 4471 3062 4517 ut
3083 4463 3338 4533 gehennae
3362 4461 3553 4515 memi-

1974 4557 2139 4621 neris,
2156 4555 2222 4609 de
2238 4555 2476 4625 gehenna
2496 4556 2728 4625 loquaris
2745 4573 2757 4608 :
2777 4555 2846 4608 ita
2863 4554 3094 4608 animam
3112 4563 3255 4607 tuam
3269 4565 3553 4622 compone,

1976 4646 2359 4715 pulchramque
2385 4661 2447 4700 ac
2462 4646 2712 4700 decoram
2747 4645 2920 4700 efﬁce.
2956 4645 3138 4715 Magna
3180 4644 3322 4698 enim
3367 4644 3556 4697 horum

1974 4735 2260 4790 verborum
2277 4735 2496 4790 utilitas.
2515 4735 2627 4789 Non
2646 4736 2788 4789 enim
2808 4735 2946 4790 Deus
2966 4749 3084 4788 eam
3107 4746 3309 4788 temere
3328 4733 3558 4786 minatus

1977 4835 2080 4892 est,
2095 4835 2254 4896 atque
2268 4825 2603 4880 manifestam
2617 4826 2742 4881 hinc
2755 4826 3012 4881 reddidit:
3029 4825 3123 4880 sed
3143 4825 3192 4880 id
3208 4825 3333 4879 fecit
3345 4834 3401 4878 ut
3413 4832 3556 4877 metu

1977 4921 2224 4974 meliores
2249 4919 2518 4975 redderet.
2538 4921 2603 4974 Et
2625 4920 2745 4974 ideo
2765 4919 3010 4974 diabolus
3030 4921 3204 4973 omnia
3229 4917 3352 4972 facit
3373 4925 3428 4970 et
3444 4929 3559 4968 mo-

1979 5012 2138 5079 litur,
2194 5012 2310 5080 ejus
2369 5012 2555 5066 volens
2603 5013 2814 5067 auferre
2869 5013 3202 5066 memoriam.
3262 5007 3381 5061 Noli
3437 5021 3554 5060 eam

1981 5103 2236 5157 memoria
2280 5103 2476 5172 ejicere
2526 5120 2541 5156 :
2593 5117 2694 5157 nce
2740 5102 2922 5157 dicas:
2967 5102 3076 5157 Cur
3124 5115 3212 5154 me
3259 5099 3558 5166 importuna

1979 5194 2208 5249 afficiam
2257 5196 2513 5250 tristitia?
2566 5195 2873 5264 lmportuna
2923 5195 3026 5248 erit
3057 5191 3290 5255 tristitia,
3338 5186 3554 5257 quando

1980 5286 2193 5354 angeris
2239 5285 2290 5338 in
2341 5284 2624 5355 gehenna;
2659 5285 2758 5339 hoc
2805 5293 2888 5337 est
2936 5292 3144 5353 tempus
3173 5279 3422 5342 tristitim,
3453 5291 3559 5330 non

1983 5376 2132 5431 illud.
2166 5376 2233 5428 Et
2257 5375 2358 5428 hoc
2382 5374 2618 5430 ostendit
2662 5375 2752 5429 ille
2796 5373 3056 5428 Lazarum
3078 5369 3378 5441 deSpiciens
3414 5367 3560 5422 dives

1985 5468 2133 5538 (Luc.
2169 5469 2254 5521 16.
2298 5467 2414 5535 23),
2465 5467 2548 5520 cui
2599 5468 2731 5521 nihil
2778 5465 3090 5534 profuerunt
3131 5460 3560 5522 innumerabiles,

1985 5560 2176 5629 quibus
2211 5557 2561 5622 afficiebatur,
2588 5556 2868 5611 molestiae.
2910 5556 2964 5609 Si
2993 5564 3173 5611 autem
3225 5555 3276 5608 in
3329 5562 3566 5620 tempore

1983 5651 2261 5716 doluisset,
2279 5664 2384 5702 non
2413 5663 2473 5703 ea
2507 5663 2692 5718 passus
2720 5656 2868 5702 esset
2888 5663 3006 5717 qua:
3033 5661 3220 5716 passus
3243 5655 3345 5701 est.
3366 5645 3418 5700 6.
3440 5643 3567 5697 Pro-

1985 5760 2093 5816 pter
2120 5744 2370 5798 miseriam
2400 5743 2606 5810 inopum
2643 5750 2689 5794 et
2719 5739 2958 5810 gemitum
2999 5753 3279 5808 pauperum
3319 5749 3450 5789 nunc
3481 5749 3571 5786 ca:-
