4068 6288
512 344 608 398 H7

509 470 730 525 surgam.
763 452 883 504 dicit
925 449 1190 503 Dominus.
1225 447 1418 501 Ponant
1449 445 1497 498 in
1525 445 1759 510 salutari,
1790 445 2092 512 [iducialiter

503 563 652 616 agam
679 547 729 598 in
759 546 886 614 ipso.
912 543 1082 609 Alius,
1116 542 1349 596 Statuam
1393 540 1616 592 salutare
1638 540 1963 608 conspicuum
1991 536 2086 607 (α).

580 636 876 689 ΑάΙοοιιαιὶο
902 635 971 686 ad
1007 633 1323 704 patientiam.
1345 661 1416 670 —-
1437 630 1590 684 Disce
1612 638 1804 699 quanta
1831 629 1897 680 sit
1924 629 2090 681 virtus

502 728 836 782 humilitatis.
885 725 1186 792 Pauperum
1215 732 1298 775 est
1337 722 1569 792 potentia
1614 722 1977 790 (pauperum,
2008 721 2088 774 in-

503 833 686 888 quam,
714 831 902 870 eorum
933 815 1021 884 qui
1054 821 1181 869 sunt
1207 812 1422 867 contriti
1453 811 1673 880 corde),
1718 819 1800 863 est
1849 811 1900 864 in
1933 810 2088 864 malis

502 907 874 978 patrocinium.
922 905 1038 959 Non
1086 905 1230 959 enim
1282 903 1467 967 vitam,
1519 916 1618 955 nec
1664 909 1943 966 vrrtutem,
1993 900 2087 953 sed

505 998 764 1052 malorum
812 995 1214 1066 perpessionem
1245 994 1372 1047 dicit
1413 993 1582 1047 Deum
1611 993 1864 1057 excitare,
1888 1001 2086 1046 etcum

499 1089 567 1142 ad
615 1088 938 1156 supplicium
967 1095 1022 1142 et
1052 1085 1338 1140 vindictam
1385 1099 1631 1139 evocare.
1664 1082 1833 1138 Tanta
1865 1096 1951 1135 res
1980 1090 2082 1145 est,

495 1181 540 1234 si
573 1180 666 1234 tibi
715 1182 806 1233 fiat
848 1179 1071 1248 injuria,
1117 1193 1236 1232 eam
1275 1175 1418 1232 ferre
1461 1175 1584 1228 forti
1627 1174 1838 1238 animo;
1885 1183 2083 1227 tantam

501 1271 639 1324 Deus
670 1285 850 1324 curam
879 1270 1016 1339 gerit
1045 1283 1230 1323 eorum
1272 1267 1362 1337 qui
1389 1265 1691 1320 afficiuntur
1713 1264 2081 1319 contumeliis:

497 1359 740 1414 maxima:
781 1359 1109 1414 defensionis
1151 1359 1268 1412 loco
1298 1367 1380 1412 est
1423 1358 1696 1410 calamitas
1724 1363 1779 1409 et
1824 1369 2078 1408 tt'rumna.

495 1450 678 1519 Magna
717 1460 800 1504 cst
838 1452 919 1505 vis
961 1450 1206 1519 ejulatus,
1237 1465 1354 1519 qua:
1400 1463 1688 1518 supernum
1715 1455 1900 1501 evocat
1928 1446 2081 1499 auxi-

498 1543 646 1594 lium.
691 1542 920 1607 Timete,
965 1543 1283 1613 quicumque
1323 1557 1586 1612 pauperes
1615 1541 1806 1610 injuria
1849 1539 2077 1594 afficitis.

493 1634 711 1688 Habetis
740 1651 834 1690 vos
875 1636 1186 1704 potentiam,
1219 1651 1369 1704 opes,
1412 1634 1708 1705 pecuniam,
1750 1641 1804 1687 et
1839 1632 2078 1702 judicum

487 1726 952 1781 benevolentiam:
991 1727 1084 1781 sed
1109 1727 1302 1782 habent
1326 1727 1399 1781 illi
1431 1742 1578 1781 arma
1600 1725 1834 1779 omnium
1869 1725 2078 1778 validis-

487 1817 642 1880 sima,
687 1820 880 1883 luctus,
927 1827 983 1873 et
1028 1819 1278 1887 ejulatus,
1332 1818 1578 1888 ipsasque
1627 1817 1846 1886 injurias
1892 1832 2009 1885 qua:
2047 1831 2078 1870 e

487 1910 633 1964 catlis
661 1911 914 1963 auxilium
938 1910 1230 1964 attrahunt.
1262 1910 1384 1964 llazc
1407 1924 1552 1963 arma
1583 1907 1770 1962 domos
1795 1906 2073 1967 effodiunt,

488 2003 604 2058 lnec
651 2003 996 2060 fundamenta
1038 2013 1304 2066 evertunt,
1342 2004 1456 2058 haec
1498 2003 1740 2057 civitates
1770 2001 2070 2063 destruunt,

486 2093 600 2148 ha-c
631 2095 863 2164 integras
905 2105 1092 2163 gentes
1132 2096 1512 2164 submergunt;
1555 2093 1785 2164 gemitus
1831 2092 1952 2147 dico
1983 2107 2072 2145 eo-

484 2199 624 2250 rum,
663 2186 753 2255 qui
797 2184 1099 2240 afficiuntur
1131 2186 1342 2253 injuria.
1386 2185 1587 2238 Bonum
1618 2199 1800 2238 eorum
1835 2182 2069 2236 animum

485 2276 624 2330 Deus
666 2285 959 2342 reveretur,
989 2275 1202 2346 quando
1243 2275 1380 2330 mala
1413 2276 1693 2344 patientes,
1727 2273 1930 2326 nullum
1961 2289 2074 2327 ma-

481 2367 588 2420 lum
620 2367 841 2421 verbum
884 2369 1178 2437 proferunt,
1222 2367 1318 2422 sed
1366 2376 1572 2421 tantum
1616 2375 1854 2436 gemunt,
1881 2374 1934 2420 et
1975 2380 2068 2419 sua

482 2457 621 2511 mala
650 2457 950 2526 deplorant.
980 2459 1116 2525 Quid
1148 2466 1231 2514 est
1256 2469 1454 2522 autem,
1489 2458 1693 2512 Ponam
1737 2459 1791 2511 in
1832 2458 2066 2522 salutari,

479 2547 786 2613 ﬁduciuliter
822 2563 972 2618 agam
1001 2548 1053 2600 in
1081 2548 1234 2617 ipso?
1263 2547 1394 2603 Cum
1425 2547 1637 2615 fiducia,
1666 2549 1855 2618 inquit,
1885 2557 2068 2615 aperte

479 2647 534 2689 et
560 2637 844 2692 manifeste
867 2653 962 2692 eos
991 2637 1299 2703 defendam,
1337 2647 1393 2692 ut
1435 2653 1622 2693 omnes
1649 2638 1962 2709 intelligant.
2002 2639 2068 2693 Et

480 2727 819 2796 quandonam
849 2743 954 2783 non
984 2737 1271 2784 conservat
1307 2744 1401 2784 eos
1432 2729 1606 2799 palam
1652 2739 1704 2784 et
1749 2728 2066 2783 manifeste?

475 2819 883 2890 Nonnumquam
907 2821 959 2876 id
987 2820 1110 2877 facit
1134 2837 1240 2876 non
1273 2822 1570 2886 manifeste,
1590 2824 1683 2878 sed
1709 2822 1872 2876 clam:
1894 2837 2065 2892 neque

475 2912 618 2966 enim
639 2926 774 2981 opus
799 2912 958 2967 habet
973 2927 1034 2966 ea
1051 2928 1169 2982 quae
1193 2921 1276 2968 est
1294 2912 1363 2968 ab
1387 2913 1690 2968 hominibus
1712 2914 1897 2984 gloria.
1914 2913 2063 2968 Nune

476 3012 677 3070 autem,
695 3005 942 3075 quoniam
957 3005 1248 3060 verisimile
1261 3013 1379 3060 erat
1391 3006 1633 3060 inimicos
1653 3007 2062 3076 irruere,eisque

483 3093 760 3162 insultare,
779 3103 832 3150 et
855 3095 1180 3164 exprobrare
1208 3094 1349 3166 quod
1369 3096 1530 3150 Deum
1553 3111 1658 3150 non
1682 3095 1942 3150 haberent
1964 3097 2060 3150 ad-

471 3184 728 3252 jutorem,
770 3194 828 3240 ut
872 3186 946 3241 illi
984 3200 1197 3256 quoque
1247 3185 1662 3240 emendarentur
1711 3195 1766 3241 et
1813 3188 2062 3242 meliores

474 3277 682 3342 fierent,
701 3293 820 3332 cum
847 3279 1175 3347 experientia
1205 3277 1521 3332 didicissent
1544 3277 1752 3332 Domini
1779 3278 2057 3344 auxilium,

473 3371 692 3438 Aperte,
713 3371 900 3440 inquit,
915 3371 1105 3425 faciam
1131 3385 1228 3440 pro
1256 3370 1334 3425 eis
1351 3371 1598 3426 salutem.
1621 3371 1672 3424 7.
1699 3369 1918 3440 Eloquia
1947 3369 2060 3423 Do-

471 3461 618 3526 mini,
648 3460 848 3530 eloquia
890 3471 1058 3526 casta,
1101 3472 1365 3532 argentum
1411 3462 1526 3533 igne
1550 3463 1910 3528 examinatum,
1936 3479 2058 3532 pro-

472 3549 641 3603 batum
658 3560 822 3606 terrae.
845 3552 912 3606 Et
925 3553 1194 3622 quomodo
1209 3563 1332 3609 sunt
1351 3553 1464 3609 haec
1481 3569 1544 3610 ex
1565 3554 1629 3609 iis
1643 3570 1762 3624 qua!
1780 3555 1920 3611 dicta
1939 3566 2060 3611 sunt

470 3642 897 3710 consequentia?
933 3642 1160 3698 Pulchre
1189 3643 1498 3698 admodum.
1523 3643 1603 3699 Ne
1641 3644 1755 3701 haec
1778 3646 1940 3712 enim,
1972 3647 2056 3701 in-

468 3730 603 3800 quit,
621 3731 938 3788 existimetis
959 3741 1160 3788 temere
1179 3733 1320 3789 dicta
1341 3749 1461 3790 esse
1487 3735 1776 3807 inanesque
1799 3746 1853 3791 et
1872 3751 2060 3806 super-

469 3835 732 3877 vacaneas
765 3837 885 3879 esse
925 3824 1139 3880 minas:
1168 3833 1292 3879 sunt
1328 3826 1472 3880 enim
1514 3841 1644 3896 pura
1669 3826 1787 3896 ejus
1811 3827 1990 3894 verba,
2025 3845 2053 3882 a

469 3911 749 3967 mendacio
801 3913 988 3969 libera.
1054 3914 1512 3983 Quemadmodum
1564 3917 1706 3971 enim
1775 3927 2053 3988 argentum

471 4003 690 4072 ignitum
718 4003 850 4058 nihil
879 4003 1039 4060 habet
1064 4005 1296 4060 alienum
1320 4015 1375 4062 et
1399 4007 1778 4075 adulterinum,
1797 4008 1867 4063 ita
1894 4009 2053 4063 etiam

469 4094 562 4149 Dei
595 4095 786 4162 verba,
818 4111 938 4166 quae
967 4095 1196 4161 dixerit,
1227 4097 1446 4153 omnino
1485 4099 1702 4154 evenire
1729 4109 1958 4169 oportet.
1988 4100 2056 4155 Et

467 4181 587 4240 ideo
633 4185 763 4240 dicit
807 4203 821 4240 :
868 4186 1147 4258 Argentum
1192 4188 1308 4259 igne
1354 4190 1699 4243 examinatum
1722 4231 1738 4256 ,
1788 4191 2052 4260 probatum

465 4289 634 4334 terra.
663 4278 830 4344 Alius,
870 4276 1120 4349 Ignitum,
1153 4279 1333 4334 cedem
1376 4289 1543 4337 terrae.
1576 4280 1833 4337 Hebraeus
1873 4292 2051 4337 autem

471 4382 564 4437 pro
583 4383 648 4421 eo
673 4369 812 4438 quod
843 4378 945 4433 est.
974 4370 1172 4426 cedens
1200 4380 1379 4438 terrte,
1397 4371 1550 4436 dixit,
1569 4370 1738 4426 Baulil
1763 4373 1927 4428 laares
1948 4373 2047 4446 (ὁ),

466 4457 570 4510 hoc
589 4465 700 4517 est.
717 4456 910 4524 fusum,
927 4460 977 4514 in
1007 4469 1202 4516 terram
1220 4463 1410 4519 fluens.
1434 4462 1716 4534 Purgatum
1742 4468 2046 4536 septuplum.

537 4549 590 4602 5.
635 4549 818 4603 Vidisti
843 4552 1111 4620 quomodo
1134 4553 1276 4622 quod
1303 4571 1485 4611 verum
1511 4565 1615 4622 est,
1643 4564 1698 4611 et
1718 4572 1746 4609 a
1774 4559 2052 4612 mendacio

463 4639 743 4705 alienum,
791 4657 886 4710 per
938 4644 1333 4701 similitudinem
1389 4649 1628 4704 materia:
1693 4649 1988 4705 ostenderit
2027 4653 2052 4704 ‘t

475 4732 922 4802 quemadmodum
960 4736 1103 4790 enim
1147 4736 1273 4792 illud
1318 4737 1529 4804 fusum,
1561 4740 1818 4810 ignitum,
1851 4752 1903 4797 ct
1947 4741 2051 4798 hoc

464 4839 610 4892 stepc
637 4837 872 4893 passum,
901 4835 981 4880 est
1001 4825 1070 4879 ab
1096 4827 1266 4881 aliena
1301 4829 1520 4883 materia
1545 4831 1797 4896 alienum,
1822 4847 2050 4887 accura-

464 4916 672 4971 tissime
695 4925 972 4985 purgatum
1005 4933 1018 4968 :
1051 4916 1121 4971 ita
1147 4917 1305 4972 etiam
1335 4918 1427 4974 Dei
1455 4919 1659 4987 prolata
1687 4923 1968 4976 sententia.
1992 4924 2045 4979 8.

466 5009 568 5074 Tu,
592 5007 830 5076 Domine,
855 5009 1073 5065 servabis
1101 5027 1210 5075 nos,
1239 5020 1284 5065 et
1305 5014 1554 5066 custodies
1581 5029 1674 5068 nos
1697 5013 1758 5066 ab
1787 5015 1882 5068 hac
1901 5033 2052 5085 gene-

458 5103 655 5158 ratione
677 5111 729 5158 et
768 5103 822 5157 in
863 5104 1124 5158 secutum.
1155 5105 1334 5172 Alius,
1371 5105 1630 5162 Custodies
1669 5108 1824 5176 ipsos.
1857 5109 2006 5164 Alius
2029 5152 2044 5176 ,

519 5240 592 5301 (α)
614 5241 672 5290 In
694 5247 873 5298 armo,
893 5250 996 5294 τάξω
1018 5251 1190 5302 σ-ητῑριον
1211 5253 1372 5302 ιμφανις.
1395 5247 1505 5290 Haec
1527 5243 1870 5302 interpretatio
1888 5249 2044 5292 Graeca

458 5293 985 5367 es{_$'ylnunchi::_qui_
1000 5293 1191 5351 vide'iur
1211 5293 1548 5367 aliud'legisse
1562 5337 1578 5362 ,
1602 5293 1747 5366 quam
1771 5305 1820 5352 in
1843 5305 2046 5355 Heln-aco

457 5361 603 5426 hodie
624 5363 799 5426 jaceat.
825 5361 950 5413 Vide
973 5363 1021 5412 in
1043 5363 1269 5426 l-texapliis
1293 5361 1487 5426 nostris.

521 5421 594 5488 (θ)
626 5421 886 5488 incuruo,
915 5437 1044 5488 pecto
1063 5421 1204 5488 λάιριξ.
1224 5425 1357 5476 Colh.
1380 5433 1431 5476 et
1450 5427 1588 5475 Savil.
1609 5439 1874 5488 Βααλὶνλάιρς.
1894 5428 2044 5477 Prima

459 5497 552 5532 vox
579 5485 703 5534 haud
726 5487 888 5549 dubie
897 5489 968 5536 sic
990 5485 1217 5549 legenda,
1236 5500 1384 5545 ιαλίλ,
1406 5502 1514 5538 nam
1538 5491 1586 5537 in
1611 5485 1842 5538 Hebraico
1865 5491 1936 5538 sic.
1958 5490 2045 5539 ha-

458 5567 606 5615 betur
620 5603 635 5626 ,
658 5547 807 5650 vni:
1032 5547 1298 5621 Secundam
1323 5586 1489 5622 vocem
1511 5574 1582 5622 sic
1603 5573 1882 5635 exprimunt
1902 5574 2040 5624 Savil.

456 5652 509 5694 et
531 5644 800 5712 Colbﬁnm
821 5659 1075 5714 μιιομιφις.
1104 5649 1164 5714 in
1193 5651 1525 5714 antiquissimo
1547 5650 1721 5714 Codice
1747 5664 1809 5699 ex
1833 5664 1931 5714 quo
1951 5664 2042 5700 ex-

454 5706 722 5782 cerpsimus
738 5706 1019 5782 opusculum
1035 5713 1255 5782 (trigonis
1274 5706 1325 5782 in
1342 5713 1501 5761 fronte
1521 5706 1887 5782 Hexaplorum'a
1905 5715 2040 5768 nobis

455 5767 658 5828 editum,
685 5785 731 5832 p.
757 5767 836 5826 8|,
862 5770 966 5820 luec
989 5784 1078 5820 vox
1105 5767 1218 5846 ihs
1246 5779 1314 5826 sic
1336 5785 1498 5828 αυτηορ
1521 5767 1826 5837 exprimitur,
1851 5802 1926 5836 ιρς.

1148 337 1202 390 S.
1245 333 1522 390 JOANNIS
1561 332 2036 388 CHRYSOSTOMI
2081 332 2397 387 ARClllE-P.
2443 333 2977 390 CONS'l'ANTINOP.

3687 337 3788 392 118

2206 445 2464 500 Custodies
2493 446 2604 511 ipsa
2625 487 2637 510 ,
2669 457 2712 499 et
2739 445 3049 500 conservat-is
3078 462 3168 500 nos
3193 447 3252 499 ab
3282 448 3376 500 hac
3402 449 3718 516 generatione
3742 461 3790 503 et

2198 540 2250 591 in
2279 538 2535 592 saxulum.
2578 539 2746 602 Alius,
2771 538 2895 591 Cum
2924 540 3272 609 generatione,
3301 555 3412 608 qum
3435 549 3506 594 est
3541 541 3594 593 in
3622 557 3788 596 sarcu-

2197 630 2320 683 lum.
2349 629 2400 684 9.
2435 628 2497 682 In
2522 630 2728 682 circuitu
2751 630 2894 699 impii
2921 629 3201 682 ambulant.
3225 630 3394 696 Alius,
3424 630 3785 685 Ambulabuut.

2197 720 2376 783 Alius,
2407 720 2473 775 In
2515 721 2730 773 circuitu
2777 721 3047 790 impiorum
3101 720 3448 774 ambulabunt.
3494 722 3788 778 Secundum

2195 812 2510 864 altitudinem
2553 821 2691 865 luant
2731 813 3078 882 multiplicasti
3121 815 3255 882 ﬁlios
3298 815 3576 868 hominum.
3610 817 3786 884 Alius,

2198 903 2415 968 Quando
2441 904 2646 956 cxaltati
2674 906 2859 974 fuerint
2890 905 3009 958 viles
3030 906 3254 974 ﬁliorum
3284 906 3563 962 hominum.
3593 908 3742 962 Alius
3769 949 3785 974 ,

2195 995 2486 1049 Secundum
2516 997 2830 1050 altitudinem
2859 1013 3012 1065 parvo
3040 997 3192 1066 empti
3215 997 3337 1066 [iliis
3363 997 3644 1052 hominum.
3676 999 3787 1054 lle—

2193 1087 2367 1141 brtcus
2397 1096 2596 1151 autem,
2631 1087 2815 1142 Charm
2837 1087 3025 1141 zolloth
3057 1073 3197 1141 liabne
3221 1088 3388 1141 Adam
3411 1087 3510 1160 (a).
3539 1088 3637 1156 Tu,
3674 1090 3781 1143 Do-

2191 1179 2324 1232 mine
2342 1221 2354 1243 ,
2379 1181 2627 1233 custodies
2655 1197 2777 1246 nos,
2810 1189 2856 1233 et
2884 1181 3197 1234 conservabis
3226 1197 3334 1236 nos.
3365 1181 3499 1238 Vide
3527 1199 3647 1238 eum
3676 1183 3786 1237 fre-

2189 1279 2432 1338 quenter,
2465 1270 2572 1324 imo
2602 1285 2731 1325 vero
2760 1270 2972 1324 assidue
3000 1271 3066 1325 ad
3103 1271 3268 1326 Deum
3297 1271 3605 1344 confugere,
3632 1282 3688 1328 et
3711 1273 3788 1327 ab

2189 1375 2255 1414 eo
2285 1360 2538 1414 auxilium
2583 1369 2810 1429 petere:
2843 1372 2926 1416 est
2967 1362 3108 1417 enim
3153 1364 3579 1433 potentissimum
3629 1367 3786 1420 auxi-

2186 1451 2345 1517 lium,
2377 1451 2518 1521 quod
2561 1453 2706 1507 nullo
2749 1461 2987 1522 tempore
3030 1453 3451 1525 interrumpitur.
3499 1454 3656 1511 Nulla
3693 1472 3780 1522 re,

2187 1541 2389 1610 inquit,
2423 1543 2651 1597 humana
2691 1559 2825 1612 Opus
2865 1543 3142 1599 habemus.
3169 1545 3250 1599 Tu
3294 1545 3437 1600 enim
3464 1560 3557 1614 es,
3583 1547 3782 1616 inquit,

2184 1635 2272 1703 qui
2299 1644 2558 1705 perpetuo
2583 1635 2836 1689 custodis.
2859 1635 2996 1702 Quid
3023 1644 3106 1690 est
3123 1644 3320 1701 autem,
3345 1635 3414 1690 1n
3441 1637 3650 1692 circuitu
3675 1639 3783 1692 im-

2186 1725 2256 1791 pii
2296 1725 2598 1778 ambulant?
2625 1725 2929 1780 Secundum
2956 1725 3307 1797 Septuaginta
3347 1728 3561 1798 quidem
3593 1730 3662 1784 ita
3687 1730 3781 1785 di—

2183 1815 2408 1868 cendum
2463 1827 2591 1870 est:
2644 1816 2863 1870 Etiamsi
2905 1816 3052 1886 impii
3099 1832 3196 1872 nos
3237 1818 3580 1874 circumcirca
3629 1819 3782 1876 obsi-

2181 1904 2362 1970 deant,
2388 1905 2518 1959 nihil
2558 1922 2717 1976 gravc
2747 1907 3007 1976 patiemur
3033 1923 3046 1958 :
3081 1922 3180 1962 nos
3203 1907 3345 1962 enim
3382 1924 3688 1978 conservas,
3718 1921 3783 1966 et

2179 1997 2405 2060 extollis,
2435 1997 2712 2068 clarosque
2739 2008 2792 2053 et
2818 1998 3052 2054 illustres
3077 1999 3275 2055 reddis.
3305 2001 3360 2056 Si
3386 2002 3548 2057 alium
3590 2015 3777 2059 autem

2179 2085 2526 2154 interpretem
2559 2102 2863 2157 sequamur,
2886 2089 2985 2142 hoc
3006 2087 3290 2144 dicendum
3322 2099 3405 2145 est
3433 2111 3446 2142 :
3478 2093 3627 2162 lmpii
3670 2109 3778 2148 ex-

2179 2179 2476 2244 trudentur,
2496 2181 2710 2250 quando
2736 2181 2868 2236 viles
2894 2197 2959 2236 ex
2990 2182 3108 2237 filiis
3130 2182 3400 2238 hominum
3427 2185 3774 2242 exaltareris.

2179 2268 2290 2323 lloc
2316 2277 2399 2323 est
2430 2287 2443 2322 :
2473 2270 2697 2336 Quando
2722 2287 2817 2325 nos
2840 2272 2928 2341 qui
2955 2272 3088 2326 viles
3114 2283 3423 2342 reputamur
3449 2283 3503 2329 et
3530 2285 3781 2331 contem-

2177 2361 2273 2430 pti,
2308 2359 2612 2417 humiliatos
2640 2364 2806 2434 gloria
2836 2363 3079 2419 aﬂ'eceris
3105 2407 3118 2430 ,
3146 2365 3395 2436 sejunges
3423 2366 3568 2437 ipsos
3591 2379 3645 2424 et
3667 2384 3782 2424 ex-

2175 2453 2365 2522 pelles.
2397 2453 2533 2521 Quid
2559 2465 2638 2508 est
2660 2463 2836 2510 autem
2856 2499 2868 2519 ,
2901 2455 3194 2510 Secundum
3231 2457 3548 2512 altitudinem
3583 2469 3722 2513 tuam
3750 2463 3782 2516 ?

2175 2542 2279 2597 Pro
2308 2559 2372 2598 eo
2410 2545 2552 2614 quod
2591 2553 2673 2599 est
2695 2587 2708 2610 ,
2741 2546 2943 2602 similes
2969 2547 3044 2600 tui
3072 2545 3326 2613 effecisti,
3357 2557 3616 2618 quatenus
3646 2552 3774 2607 fieri

2175 2643 2348 2703 potest
2377 2645 2434 2690 ut
2477 2637 2636 2690 homo
2665 2637 2732 2691 sit
2765 2637 2952 2691 similis
2983 2655 2995 2691 :
3030 2637 3303 2692 Faciamus
3347 2639 3486 2695 enim
3509 2682 3524 2707 ,
3553 2641 3728 2711 inquit
3754 2687 3774 2709 ,

2174 2725 2426 2780 hominem
2454 2728 2522 2780 ad
2565 2727 2834 2799 imaginem
2859 2738 2906 2782 et
2932 2729 3312 2784 similitudinem
3340 2741 3563 2784 nostram
3593 2731 3774 2802 (Gen.

2172 2819 2223 2872 1.
2252 2817 2365 2889 26).
2392 2820 2541 2887 Quod
2571 2821 2684 2890 ipse
2713 2822 2853 2876 enim
2881 2830 2963 2876 est
2993 2822 3042 2875 in
3069 2822 3222 2889 creto,
3247 2822 3348 2876 hoc
3377 2838 3475 2878 nos
3505 2824 3556 2877 in
3579 2833 3720 2879 terra
3753 2843 3769 2878 :

2170 2917 2223 2962 et
2251 2911 2697 2979 quemadmodum
2729 2927 2959 2981 superne
2990 2913 3165 2966 nullus
3193 2921 3274 2967 est
3301 2927 3366 2968 eo
3395 2917 3654 2984 superior,
3689 2916 3774 2972 ita

2169 3003 2345 3057 nullus
2368 3003 2420 3057 in
2445 3015 2585 3059 terra
2609 3013 2692 3059 est
2723 3005 2844 3060 huic
2869 3005 3082 3059 animali
3104 3005 3297 3060 virtute
3321 3007 3529 3062 similis.
3559 3005 3770 3075 Estote,

2169 3093 2360 3163 inquit,
2392 3094 2580 3148 similes
2610 3094 2779 3150 Patris
2804 3095 2970 3161 vestri,
3002 3096 3086 3164 qui
3113 3106 3186 3149 est
3214 3096 3266 3148 in
3294 3097 3432 3151 caelis
3459 3096 3670 3167 (Matth.
3699 3100 3771 3153 5.

2165 3186 2282 3255 45).
2321 3185 2620 3252 Quinetiam
2661 3187 2892 3242 nominis
2916 3202 3126 3256 quoque
3162 3187 3240 3240 sui
3271 3183 3368 3242 nos
3393 3186 3516 3243 fecit
3545 3188 3776 3257 partici-

2170 3289 2265 3343 pes
2296 3293 2308 3328 :
2339 3274 2450 3344 Ego
2475 3275 2602 3341 dixi,
2637 3276 2826 3346 inquit,
2856 3276 2942 3330 Dii
2979 3278 3117 3340 estis,
3149 3287 3194 3330 et
3222 3279 3317 3346 ﬁlii
3347 3278 3548 3333 Επειεί
3585 3297 3771 3334 omnes

2165 3363 2336 3432 (Psal.
2368 3365 2456 3420 8l.
2489 3367 2568 3438 6).
2593 3366 2661 3420 Et
2694 3383 2910 3435 rursus,
2939 3367 3183 3422 Constitui
3209 3379 3256 3422 te
3289 3369 3435 3422 deum
3468 3368 3771 3426 Pharaonis

2165 3456 2358 3526 (Exod.
2405 3459 2456 3511 7.
2505 3458 2609 3528 i):
2642 3468 2696 3513 et
2742 3458 2868 3514 fecit
2893 3469 2950 3514 ut
2989 3467 3131 3514 esset
3168 3459 3342 3530 opifex
3375 3475 3766 3531 corporeorum

2163 3557 2214 3601 et
2257 3548 2709 3618 incorporeorum.
2738 3550 2802 3603 Et
2830 3559 2955 3604 tunc
2977 3550 3189 3620 quidem
3212 3559 3380 3604 mutat
3405 3551 3575 3607 Moses
3601 3567 3767 3607 crea—

2165 3645 2372 3699 turam,
2417 3655 2558 3694 nunc
2599 3651 2776 3695 autem
2818 3641 2909 3695 alii
2951 3639 3051 3695 alia
3091 3640 3356 3697 elementa
3384 3657 3400 3696 :
3427 3642 3581 3698 nobis
3623 3659 3769 3699 vero

2161 3729 2414 3798 prtecepit
2442 3743 2540 3784 nos
2561 3730 2704 3800 ipsos
2731 3731 2840 3786 Deo
2866 3732 3120 3802 templum
3151 3741 3446 3788 exstruere.
3479 3732 3590 3787 Etsi
3622 3749 3766 3805 ergo

2161 3834 2266 3872 non
2295 3819 2568 3875 fabriceris
2597 3822 2804 3888 cadum,
2843 3822 2934 3875 Dei
2963 3831 3138 3877 tamen
3169 3823 3425 3893 templum
3475 3822 3768 3879 fabricari.»-

2162 3907 2256 3982 (1.
2280 3908 2398 3963 Cor.
2423 3912 2476 3965 6.
2510 3910 2620 3984 19).
2663 3912 2950 3982 Propterea
2997 3912 3139 3967 enim
3184 3914 3374 3968 czelum
3419 3928 3629 3984 quoque
3667 3928 3770 3970 est

2160 3999 2494 4069 splendidum
2520 4043 2535 4068 ,
2562 4003 2813 4073 quoniam
2858 4003 3017 4058 habet
3057 4004 3220 4059 Deum
3262 4006 3314 4058 in
3359 4006 3474 4075 ipso
3504 4005 3763 4061 habitan-

2160 4101 2265 4147 tem
2302 4110 2316 4145 :
2346 4094 2453 4148 imo
2480 4109 2608 4148 vero
2633 4103 2689 4149 et
2733 4109 2831 4149 nos
2866 4111 2963 4164 per
2995 4095 3286 4150 Christum.
3332 4095 3764 4154 Conresusritavit

2159 4184 2322 4250 enim,
2349 4195 2396 4237 et
2423 4203 2515 4239 nos
2543 4187 2810 4241 consedere
2847 4190 2962 4258 fecit
2990 4189 3041 4242 in
3068 4189 3258 4244 dextris
3285 4190 3337 4244 in
3368 4191 3502 4246 ctelis
3528 4191 3762 4262 (Ephes.

2157 4275 2210 4328 2.
2237 4275 2316 4346 6),
2349 4286 2398 4330 et
2424 4276 2591 4344 dedit,
2624 4287 2679 4332 ut
2709 4280 2907 4348 majora
2937 4280 3234 4336 faceremus
3261 4281 3346 4349 iis,
3375 4285 3493 4352 Qua:
3524 4284 3636 4352 ipse
3666 4285 3762 4339 fe~

2157 4365 2248 4420 cit.
2281 4365 2444 4437 Signa
2465 4368 2626 4434 enim,
2664 4369 2984 4440 inquit,qute
3007 4386 3098 4442 ego
3127 4372 3281 4442 facio,
3309 4373 3417 4440 ipse
3438 4389 3635 4443 quoque
3668 4376 3761 4444 fa-

2157 4457 2271 4524 ciet,
2297 4467 2342 4511 et
2381 4459 2579 4528 majora
2618 4460 2696 4513 his
2734 4460 2880 4529 faciet
2907 4459 3082 4530 (Joan.
3117 4462 3202 4515 M.
3234 4462 3346 4525 12).
3383 4463 3450 4517 Ει
3487 4464 3537 4517 ίη
3562 4463 3750 4521 Veteri

2158 4546 2498 4601 Testamento
2525 4548 2611 4602 hic
2635 4549 2848 4620 quidem
2877 4566 3022 4604 mare
3046 4552 3268 4605 mutavit
3292 4550 3483 4621 (Exod.
3519 4554 3601 4608 14.
3626 4555 3686 4608 9.!
3707 4560 3760 4621 ),

2158 4637 2248 4690 ille
2277 4652 2404 4692 vero
2443 4639 2611 4693 solem
2655 4641 2898 4706 frenavit,
2927 4642 3061 4694 alius
3103 4641 3280 4695 lunam
3318 4642 3474 4712 jussit
3527 4659 3761 4701 manem

2158 4725 2342 4795 (Josue
2371 4728 2458 4782 10.
2489 4729 2610 4798 15),
2637 4729 2770 4783 alios
2801 4746 2983 4785 rursus
3027 4731 3078 4783 in
3126 4746 3185 4785 se
3224 4731 3401 4785 radios
3429 4734 3618 4786 avertit
3647 4735 3751 4802 (4.

2156 4818 2283 4886 Reg.
2324 4818 2414 4874 20.
2454 4819 2542 4889 11)
2575 4837 2587 4872 :
2617 4821 2765 4890 pueri
2795 4831 2973 4875 autem
3003 4822 3054 4876 in
3095 4821 3308 4878 fornace
3334 4825 3581 4879 elementi
3611 4842 3758 4896 0pc-

2154 4910 2416 4965 rationem
2450 4910 2764 4980 alligarunt,
2793 4920 2847 4965 et
2885 4911 3097 4966 ﬂamma
3129 4912 3400 4968 insaniens
3445 4915 3665 4980 silebat,
3689 4930 3756 4971 et

2153 5000 2361 5072 alligata
2399 5002 2644 5057 sibilabat
2687 5002 2860 5074 (Dan.
2889 5004 2944 5059 5.
2993 5003 3084 5059 25.
3115 5021 3223 5076 sqq.
3248 5003 3293 5075 ).
3338 5005 3544 5062 Norunt
3580 5009 3750 5062 etiam

2153 5090 2278 5146 ferte
2305 5095 2536 5148 revereri
2563 5093 2657 5148 Dei
2683 5095 2882 5150 amicos
2909 5094 3071 5166 (Dan.
3093 5096 3146 5151 6.
3175 5096 3269 5168 ἓξ)
3295 5115 3309 5150 :
3340 5107 3394 5152 et
3425 5099 3547 5153 licet
3575 5099 3750 5155 fames

2153 5193 2375 5252 urgeat,
2415 5183 2767 5240 modestiores
2797 5194 2972 5241 tamen
3005 5185 3154 5240 ﬁunt.
3183 5187 3284 5255 Qui
3327 5198 3451 5242 sunt
3487 5191 3621 5259 gula:
3650 5189 3754 5245 de-

2150 5273 2267 5337 diti,
2299 5283 2641 5330 revereantur
2666 5275 2898 5332 ferarum
2929 5277 3319 5334 abstinentiam.
3349 5279 3552 5337 Leones
3589 5281 3752 5337 vide-

2151 5374 2276 5418 runt
2304 5365 2599 5432 Danielcm,
2629 5376 2683 5421 et
2708 5367 3102 5423 moderatiores
3123 5367 3294 5423 effecti
3334 5381 3458 5424 sunt
3484 5388 3497 5424 :
3530 5386 3626 5426 uos
3645 5388 3751 5426 ve-

2149 5457 2381 5511 nientem
2413 5457 2477 5511 ad
2501 5473 2598 5512 nos
2623 5457 2817 5512 Filium
2852 5459 2944 5513 Dei
2973 5459 3232 5525 videntes,
3251 5461 3602 5531 sapientiores
3631 5478 3746 5519 non

2149 5549 2448 5604 reddimur.
2480 5549 2779 5606 Maluerunt
2808 5551 2882 5605 illi
2909 5549 3047 5607 fame
3076 5552 3269 5623 perire,
3301 5568 3460 5623 quam
3499 5563 3750 5612 sanctum

2149 5657 2342 5711 corpus
2369 5652 2587 5713 tangere
2619 5660 2631 5696 :
2665 5659 2763 5698 nos
2789 5644 2988 5700 nudum
3016 5644 3282 5701 Christum
3307 5657 3362 5701 et
3391 5645 3529 5703 fame
3558 5646 3746 5703 conis.»

2212 5781 2284 5841 (al
2321 5781 2474 5831 Voces
2493 5780 2710 5831 Hebram
2729 5792 2861 5838 sunt.
2885 5790 3005 5840 mu
3033 5762 3150 5843 ἠδ
3174 5762 3294 5840 m'n
3318 5790 3428 5839 D'D
