4084 6278
538 334 640 387 H9

533 464 642 513 νον,
673 448 793 502 οὐδὲ
820 449 891 519 τᾲ
929 451 1161 528 περιττά
1196 455 1520 527 προϊέμεθα,
1550 458 1666 521 ἀλλ’
1705 460 1766 513 ἐν
1816 461 2104 533 περιουσίᾳ

532 535 755 603 ζῶντες,
784 540 1131 611 περιορῶμεν
1162 542 1287 607 τοὺς
1315 543 1468 619 [125]
1496 544 1700 617 ἀγίους.
1744 549 1806 605 Ἦ
1836 552 1908 621 γῆ
1943 551 2106 604 πάλιν

531 628 704 699 ἐτέρῳ
736 628 871 683 Θεοῦ
909 631 1047 703 φίλῳ
1074 632 1311 687 τοσαῦτα
1351 638 1693 710 προσήνεγκε
1729 638 1876 711 δῶρα
1899 643 1963 695 ἐκ
1994 640 2104 695 τῶν

528 719 747 772 οἰκείων
801 719 1038 788 κόλπων,
1075 723 1344 795 τοσαύτην
1393 725 1595 796 φοράν,
1652 714 1788 800 ὅσην
1849 730 2102 793 οὐδέποτε

529 808 859 882 ἔμπροσθεν.
900 814 1013 868 Καὶ
1061 814 1116 867 τί
1165 814 1486 887 θαυμάζεις,
1533 820 1583 872 εί
1632 820 1788 874 αὐτοὶ
1834 823 2101 894 αίδέσιμοι

526 897 683 972 ἦσαν.
732 903 865 957 ὅπου
911 920 975 971 γε
1014 908 1110 959 καὶ
1147 905 1218 983 τά
1257 908 1445 977 ἱμάτια
1475 909 1675 979 αὐτῶν,
1713 913 1808 964 καὶ
1843 915 1898 965 αί
1950 916 2101 967 σκιαὶ

526 992 776 1063 δαίμοσιν
798 990 940 1064 ἦσαν
977 995 1227 1067 φοϐεραὶ,
1270 998 1365 1050 καὶ
1393 997 1628 1071 θανάτῳ,
1669 1000 1762 1069 καὶ
1795 1002 2098 1074 νοσήματι;

526 1083 635 1136 Καὶ
682 1084 904 1153 ἄγγελοι
947 1087 1251 1157 ᾐδέσθησαν
1302 1089 1649 1160 ἀνθρώπους,
1690 1093 1785 1147 καὶ
1829 1093 2097 1166 ἐτίμησαν

529 1173 648 1240 μεθ’
686 1175 1011 1249 ύπερϐολῆς.
1042 1177 1167 1249 Πῶς
1192 1177 1302 1249 γὰρ
1330 1180 1429 1233 οὐκ
1452 1180 1695 1249 ἔμελλον,
1721 1183 1815 1246 οὓς
1835 1185 1863 1235 ὁ
1889 1186 2095 1249 Δεσπόέ

524 1260 624 1312 της
640 1246 821 1298 αὐτῶν
841 1248 1035 1316 ἐτίμας
1068 1248 1179 1300 Καὶ
1198 1251 1258 1300 ἐν
1275 1246 1352 1320 ’τῇ
1378 1246 1589 1322 Παλαιᾷ
1612 1254 1707 1306 καὶ
1732 1256 1790 1307 ἐν
1814 1256 1880 1324 τῇ
1922 1246 2093 1329 Καινῇ

524 1328 681 1381 τοῦτο
709 1330 856 1385 ἐστιν
891 1332 1038 1388 ίδεηῖν.
1083 1334 1183 1389 Διά
1215 1335 1374 1389 τοῦτο
1406 1337 1584 1406 λέγει·
1630 1342 1790 1395 Κατὰ
1826 1343 1894 1396 τὸ
1937 1328 2096 1413 ὕψος

522 1435 640 1475 σου
662 1421 1096 1492 ἐπολυώρησας
1107 1426 1250 1493 τοὺς
1267 1428 1439 1495 υίοὺς
1455 1429 1574 1486 τῶν
1598 1432 1939 1499 ἀνθρώπων.
1979 1438 2095 1491 Ἐν-

522 1512 818 1584 νοήσαντες
845 1515 1025 1569 τοίνυν
1058 1518 1118 1573 τὸ
1160 1518 1390 1588 μέγεθος
1421 1522 1521 1591 τῆς
1556 1526 1743 1594 τιμῆς,
1777 1524 1934 1592 ἀξίαν
1982 1545 2091 1585 πα-

523 1604 816 1675 ράσχωμεν
844 1606 943 1676 τὴν
964 1607 1105 1677 ὑπὲρ
1134 1609 1342 1682 ταύτης
1368 1613 1624 1685 ἀμοιϐὴν,
1659 1615 1745 1669 ἵνα
1777 1620 1849 1691 μὴ
1882 1621 1982 1691 τῆς
2009 1640 2091 1676 τι-

524 1694 632 1777 μῆς
663 1695 697 1766 ή
737 1696 1013 1768 ῦπερϐολὴ
1042 1700 1252 1769 ἐφόδιον
1284 1705 1416 1772 ἡμῖν
1439 1706 1710 1777 τιμωρίας
1747 1709 1992 1780 γένηται⁸
2024 1708 2092 1786 ἧς

521 1785 853 1856 ῥυσθείημεν
880 1788 1121 1854 ἅπαντες
1166 1791 1221 1844 οῖ
1256 1809 1316 1845 τε
1342 1793 1687 1862 διδάσκοντες
1719 1800 1892 1855 ταῦτα
1919 1806 2013 1858 καὶ
2041 1785 2090 1858 οἱ

522 1875 906 1945 μανθάνοντες,
949 1883 1008 1935 ἐν
1044 1882 1265 1958 Χριστῷ
1310 1885 1486 1955 Ἰησοῦ
1514 1887 1594 1958 τῷ
1628 1890 1817 1964 Κυρίῳ
1843 1895 2018 1964 ήμῶν,
2047 1890 2091 1966 ᾧ

519 1968 720 2037 πρέπει
755 1973 903 2024 πᾶσα
928 1972 1077 2039 δόξα,
1113 1976 1246 2046 τιμὴ
1277 1979 1372 2033 καὶ
1423 1982 1796 2055 προσκύνησις
1845 1989 1925 2051 είς
1964 1990 2090 2056 τοὺς

519 2058 723 2125 αίῶνας
748 2062 877 2116 ’τῶν
903 2064 1135 2124 αίὼνων.
1182 2070 1237 2121 ’Δ
1249 2071 1377 2141 μήν.

925 2196 1034 2250 ΕΙΣ
1071 2198 1209 2254 ’ῙῸΝ
1244 2201 1326 2254 IB'
1364 2202 1683 2261 ‘FAAMON.

517 2324 625 2388 Εἰς
651 2323 718 2376 τὸ
748 2324 924 2403 τέλος
956 2329 1202 2403 ψαβμός
1246 2329 1327 2403 τῷ
1377 2334 1577 2389 Δαυΐὸ.
1611 2338 1824 2403 Ἄλλος,
1865 2343 2086 2399 Ἐπικι-

654 2411 783 2458 nunc
805 2397 927 2467 ᾠδῂ
966 2398 1072 2452 τοῦ
1090 2397 1280 2461 Δαυΐδ
1299 2413 1345 2456 ⁸.
1382 2403 1591 2471 Ἀλλος,
1623 2411 1727 2475 Είς
1752 2397 1940 2479 νῖκος.

518 2524 672 2612 Ἔωης
686 2527 854 2612 τότε,
876 2526 1074 2612 βύριε,
1100 2531 1369 2612 ἐπινζῄσῃ
1382 2552 1506 2612 μου
1512 2538 1600 2602 είς
1626 2537 1837 2612 τέλος-ς
1866 2543 2079 2612 Ἀλλος,

599 2595 973 2681 Ἐκλαιςθᾴνη
1003 2617 1141 2681 μου.
1169 2595 1398 2681 τέλεοξῖ
1618 2595 2087 2681 πότίάπὸσῷἓί

584 2681 718 2733 span,-
752 2664 818 2723 τὸ
844 2664 1178 2736 πρόσωπόν
1198 2688 1315 2727 σου
1334 2674 1437 2729 ἀπ’
1465 2664 1650 2744 ἐμόῦ;
1678 2664 1899 2753 Ἄλλος,

585 2750 773 2801 πτεις.

515 2887 665 2973 Ἕως
700 2890 865 2973 τέκος
893 2893 1152 2973 θήσρμαι
1187 2896 1425 2973 ,βουλὰς
1461 2899 1531 2973 ἐν
1558 2902 1737 2972 ψυχῇ
1766 2921 1914 2973 μου,
1955 2907 2084 2960 Ἀλι-

583 2963 695 3024 λος,
730 2961 892 3044 Τάξω
918 2961 1186 3044 γνιίμιιας.Δ
1207 2961 1554 3044 ςρὸύναςρν
1565 2961 1786 3044 λαιβέίᾲ
1804 2961 1925 3042 μου
1943 2977 2085 3044 ’ἡμέ-

574 3049 692 3113 ρας
723 3032 822 3085 καὶ
847 3035 1085 3113 νυκςᾴςί
1136 3034 1349 3113 ΙξΑλςλος,
1398 3032 1704 3111 Μέριμνάν
1842 3044 1917 3113 τῇ
1954 3032 2085 3105 δια-

582 3103 719 3168 νοίᾳ
747 3120 867 3171 μου
893 3103 1021 3157 καθ’
1047 3103 1296 3173 ἡμέραν.

582 3260 653 3309 α’.
667 3256 741 3309 Ού
762 3256 958 3328 μικρὸν
973 3255 1239 3312 καὶτοῦτο
1259 3259 1480 3329 ἀγαθὸν,
1498 3263 1559 3317 τὸ
1572 3264 1638 3319 λα
1644 3265 1867 3337 μϐἀνειν
1889 3270 2081 3343 αῐσθη-

498 3333 600 3400 ’σιν
632 3346 733 3416 τῆς
768 3347 863 3400 τοῦ
895 3347 1031 3400 Θεοῦ
1068 3347 1260 3421 λήθης.
1304 3351 1491 3423 Λήθην
1524 3353 1581 3407 δὲ
1623 3333 1697 3426 μὴ
1728 3357 1898 3424 πάθος
1940 3333 2080 3416 εῖναι

512 3435 723 3505 νόμιζε,
767 3437 903 3491 ἀλλά
940 3437 1040 3508 τὴν
1085 3440 1488 3511 ἐγκατάλειψιν.
1524 3444 1715 3500 Πολλοὶ
1753 3448 1881 3516 γοῦν
1923 3452 2081 3507 τοῦτο

513 3525 796 3592 παθόντες,
829 3527 952 3581 οὐδὲ
985 3529 1117 3582 αὐτὸ
1145 3531 1303 3584 τοῦτο
1348 3534 1547 3597 ἴσασιν,
1592 3537 1712 3591 οὐδὲ
1760 3540 2041 3612 ὀδύρονται
2061 3561 2077 3576 ·

510 3611 666 3679 οὗτος
697 3617 754 3670 δὲ
779 3618 808 3670 ό
831 3619 1100 3691 μακάριος
1131 3622 1193 3674 οὐ
1219 3622 1377 3693 μόνον
1407 3626 1536 3679 αὐτὸ
1552 3627 1691 3698 ᾔδει,
1708 3611 1965 3686 ἀλλὰκαὶ
1989 3635 2081 3689 τὸν

510 3708 702 3778 χρόνον
732 3707 1090 3777 ἀνελογίζετο.
1127 3711 1200 3766 Τὸ
1222 3713 1352 3783 γὰρ,
1398 3715 1545 3782 Ἕως
1569 3704 1733 3783 πότε,
1773 3723 2080 3791 δεικνύντος

513 3798 629 3855 ἐστὶ
658 3799 866 3872 μακρὸν
892 3800 1023 3855 ὄντα
1047 3803 1141 3856 τὸν
1171 3805 1361 3873 χρόνον
1379 3821 1393 3837 ⁸
1419 3805 1506 3860 διά
1527 3808 1685 3863 τοῦτο
1712 3814 1805 3865 καὶ
1832 3813 2079 3885 ὀδύρεται

510 3885 604 3939 καὶ
632 3886 839 3958 θρηνεῖ.
875 3890 947 3943 Σὺ
975 3890 1032 3942 δέ
1068 3907 1156 3962 μοι
1187 3892 1378 3946 σκόπει
1412 3895 1529 3960 πῶς
1554 3898 1791 3970 οὐδαμοῦ
1825 3902 2078 3973 βιωτικοῦ

508 3993 655 4041 τινος
685 3977 871 4033 ἕνεκεν
908 3980 1084 4050 ἀλγεῖ,
1131 3984 1226 4054 οὐχ
1260 3984 1404 4056 ὑπὲρ
1437 3989 1754 4058 χρημάτων,
1804 3993 1902 4065 οὐχ
1940 3996 2080 4069 ὑπὲρ

509 4066 687 4138 δόξης,
722 4070 836 4124 ἀλλ’
868 4073 1008 4144 ὑπὲρ
1050 4075 1150 4145 τῆς
1176 4076 1388 4143 εὐνοίας
1417 4082 1714 4152 πανταχοῦ.
1751 4086 1858 4138 Καὶ
1890 4066 2077 4153 πόθεν,

511 4161 695 4228 φησὶν,
744 4160 887 4230 ἔγνω
922 4163 1003 4216 ὅτι
1037 4164 1328 4220 ἐπελάθετο
1371 4169 1539 4223 αὐτοῦ
1577 4174 1605 4225 ὁ
1651 4173 1821 4242 Θεόςς
1864 4176 2078 4252 Ἐπειδὴ

509 4253 625 4323 ᾔδει
660 4258 753 4308 καὶ
782 4255 911 4309 πότε
941 4256 1238 4329 ἐμέμνητο,
1262 4259 1356 4312 καὶ
1388 4261 1573 4329 σαφῶς
1602 4264 1866 4331 ἠπίστατο
1896 4270 1947 4321 τί
1980 4271 2079 4338 μὲν

508 4344 671 4415 λήθη,
697 4347 751 4398 τί
770 4347 826 4400 δὲ
849 4349 1036 4418 μνήμη
1058 4364 1072 4379 ·
1102 4350 1162 4403 ού
1185 4350 1436 4423 καθάπερ
1457 4355 1504 4406 οἱ
1536 4354 1720 4408 πολλοὶ
1738 4355 1845 4409 τῶν
1877 4360 2080 4431 ἀνθρὼ-

508 4453 627 4489 πων
655 4437 782 4489 ὄταν
806 4438 1130 4505 πλουτῶσιν,
1163 4443 1291 4497 ὅταν
1314 4444 1642 4515 εύδοκιμῶσι
1672 4449 1824 4520 παρὰ
1843 4452 1957 4513 τοῖς
1986 4451 2080 4504 ἀν-

510 4523 767 4595 θρώποις,
798 4527 926 4580 ὅταν
968 4529 1153 4594 αὐτοῖς
1199 4533 1341 4586 κατά
1390 4533 1517 4605 ῥοῦν
1557 4535 1773 4590 ἅπαντα
1823 4539 2088 4609 φέρηται,

510 4617 640 4669 ὅταν
669 4615 777 4668 τῶν
802 4618 1010 4690 ἐχθρῶν
1031 4622 1295 4692 κρατῶσι,
1326 4626 1446 4678 τότε
1466 4627 1743 4698 νομίζουσι
1771 4632 2079 4702 μεμνῆσθαι

510 4707 688 4762 αὐτῶν
720 4709 809 4761 τὸν
839 4710 1004 4764 Θεόνο
1048 4714 1135 4766 διὰ
1171 4715 1329 4768 τοῦτο
1370 4716 1494 4771 οὕτε
1541 4720 1671 4773 πότε
1716 4720 1865 4794 [124]
1901 4724 2081 4779 αὐτῶν

510 4799 927 4885 ἐπιλανθάνεται
958 4803 1153 4857 ἴσασιν.
1186 4808 1248 4858 Οἱ
1277 4805 1385 4878 γάρ
1411 4809 1510 4879 τῆς
1534 4813 1752 4881 μνήμης
1773 4812 1833 4866 τὸ
1858 4819 2081 4885 σημεῖον

510 4893 612 4945 οὐκ
644 4883 864 4958 εἰδότες,
886 4894 1006 4947 οὐδὲ
1035 4895 1096 4948 τὸ
1125 4897 1227 4967 τῆς
1243 4896 1412 4969 λήθης
1442 4899 1778 4955 ἐπίστανται.
1802 4904 1863 4958 Εἰ
1884 4883 1993 4979 γάρ
2013 4906 2082 4961 τά

510 4986 609 5055 τῆς
643 4984 826 5055 φιλίας
879 4984 1121 5057 σύμϐολα
1167 4988 1266 5041 οὐκ
1312 4988 1651 5053 ἐπίστανται,
1700 4995 1821 5048 οὐδὲ
1872 4997 1939 5049 τά
1981 4998 2081 5068 τῆς

509 5075 710 5147 ἕγθρας
747 5077 1090 5146 γινώσκουσι.
1125 5078 1340 5132 Πολλῶν
1366 5081 1474 5151 γάρ
1504 5082 1613 5134 τῶν
1645 5085 1817 5138 ταῦτα
1849 5087 2082 5156 ἐχόντων

511 5166 922 5223 ἐπιλανθάνεται
959 5170 988 5221 ὸ
1014 5168 1165 5233 Θεὸς,
1214 5169 1307 5222 καὶ
1339 5171 1571 5240 μάλιστα
1594 5174 1796 5229 τούτων
1818 5194 1831 5208 ·
1864 5177 1974 5232 τῶν
2024 5179 2079 5233 δέ

575 5332 613 5402 δῃ
629 5329 1499 5402 Hm;‘ipgegpygtallggshﬁymmgphi,
1513 5341 1569 5384 ul
1588 5336 1756 5402 vi_d_eas
1773 5339 1824 5402 in
1844 5337 2082 5402 Hexaplis

507 5394 706 5457 nostris.
734 5393 853 5442 Ibid.
880 5393 1166 5457 ’Άλλος,Εἱς
1195 5395 1337 5450 νῖκος.
1372 5393 1493 5444 Ηεεο
1522 5405 1601 5447 est.
1617 5398 1966 5450 Theodolionis
1988 5393 2082 5451 ἰε-

510 5454 628 5512 otio,
650 5464 762 5514 quae
785 5457 838 5503 in
881 5457 1019 5517 prius
1042 5454 1191 5505 'edilis
1217 5469 1476 5518 perperam
1501 5461 1657 5520 posita
1694 5460 1854 5510 fuerat
1872 5470 1983 5524 post
2002 5465 2081 5524 τέ-

509 5528 633 5577 λεον’
673 5538 784 5577 nam
828 5531 1028 5592 respicit
1078 5543 1251 5581 vocem
1285 5528 1490 5594 primam
1541 5531 1830 5584 Bebraicam
1872 5520 2078 5603 ἠπίῃ-⁵5,

511 5607 621 5678 Mox
629 5606 817 5665 ’Δλ).ος.
832 5610 1143 5678 flammeam,
1157 5618 1236 5678 es;
1257 5616 1601 5678 interpretatio
1618 5616 1912 5678 Symmachi.
1931 5617 2080 5668 Paulo

504 5674 621 5779 K03:
652 5682 740 5731 pro
762 5671 982 5780 κρύπτεις
997 5671 1191 5737 Aquila,
1204 5671 1523 5751 Symma'gzhus
1537 5671 1872 5757 elTEeodo‘uo
1890 5679 2080 5742 κρύψεις

546 5726 711 5782 abem.
740 5730 794 5781 In
814 5744 868 5781 ra
885 5733 1124 5799 μέριμναν.
1140 5739 1374 5790 ειτηιιωο
1404 5745 1665 5800 mlerpret.
1686 5745 1764 5791 est
1783 5741 2077 5804 Symmachi.

1259 340 1315 394 S.
1356 340 1636 397 JOANNIS
1672 342 2150 406 EHRYSOSTOMI
2184 346 2497 405 ABCIHEP.
2534 350 3070 425 CGNSTAN'IINOP.

3669 361 3772 419 {59

2202 461 2267 516 «ἐν
2293 466 2404 526 τοῖς
2428 465 2689 539 ἐναντίοις
2734 468 2901 537 ὄντων
2929 471 3195 549 μέμνηται
3223 471 3503 538 πολλάκις.
3536 474 3775 548 Μνήμην

2203 553 2312 625 γάιρ
2333 555 2485 609 οὐδὲν
2517 557 2658 612 οὕτω
2689 564 2833 615 ποιεῖ
2854 563 3002 634 παρά
3028 563 3106 635 τῷ
3137 563 3276 635 Θεῷ,
3311 565 3388 629 ὡς
3413 566 3475 620 τὸ
3498 568 3701 637 ἀγαθόν
3719 588 3775 625 τι

2203 648 2398 710 ποιεῖν,
2426 647 2487 700 τὸ
2518 649 2727 719 νήφειν,
2762 651 2823 704 τὸ
2853 652 3231 725 ἐγρηγορέναι,
3257 656 3318 709 τὸ
3346 657 3547 729 ἀρετῆς
3579 662 3775 731 ἐπιμε-

2200 736 2443 792 λεῖσθαν
2494 739 2682 811 ὥσπερ
2726 739 2819 796 οῦν
2855 744 3025 815 λήθην
3069 746 3220 799 οὐδὲν
3250 747 3455 819 ἕτερον,
3502 749 3578 812 ὡς
3607 749 3669 821 τὸ
3715 753 3776 804 ἐν

2202 827 2508 900 ἁμαρτίαις
2532 827 2671 886 εἶναι
2713 832 2806 886 καὶ
2850 834 3179 902 πλεονεξίαις
3218 836 3311 891 καὶ
3332 838 3627 908 ἁρπαγαῖς.
3658 841 3773 895 Καὶ

2202 918 2268 971 σὺ
2294 919 2490 984 τοίνυν,
2522 923 2790 994 ἀγαπητέ,
2823 926 2952 979 ὅταν
2977 926 3037 979 ἐν
3057 931 3361 998 συμφοραῖς
3385 925 3474 1004 ᾖς,
3513 931 3586 1004 μὴ
3620 931 3770 1002 λέγε,

2198 1008 2283 1080 ὅτι
2303 1011 2626 1079 Ἐπελάθετό
2653 1031 2753 1086 μου
2774 1017 2805 1068 ὁ
2819 1012 2950 1080 Θεός
2968 1034 2984 1050 ο
3002 1016 3119 1071 ἀλλ’
3136 1019 3265 1075 ὅταν
3292 1020 3351 1074 ἐν
3368 1020 3662 1090 ἁμαρτίαις
3677 1020 3768 1097 ᾖς,

2197 1100 2291 1155 καὶ
2319 1102 2495 1158 πάντα
2529 1121 2611 1157 σοι
2643 1104 2786 1158 κατά
2814 1106 2944 1176 ῥοῦν
2974 1109 3227 1179 φέρηται.
3262 1110 3359 1163 Ἂν
3381 1111 3491 1182 γὰρ
3523 1113 3680 1167 τοῦτο
3700 1112 3771 1189 ᾖς

2194 1189 2368 1255 είδὼς.
2415 1193 2627 1264 ταχέως
2668 1195 2952 1270 ἀποστήσῃ
2977 1197 3087 1257 τῶν
3115 1198 3368 1270 πονηρῶν
3401 1204 3765 1273 πραγμάτων.

2196 1280 2343 1347 Ἕως
2388 1285 2537 1338 πότε
2573 1285 2972 1357 ἀποστρέφεις
3016 1288 3085 1343 τὸ
3130 1292 3456 1359 πρόσωπόν
3499 1310 3618 1347 σου
3661 1296 3768 1349 ἀπ’

2188 1370 2337 1439 ἐμοῦ
2356 1387 2379 1437 ;
2400 1372 2571 1443 Τοῦτο
2589 1375 2950 1448 ἐπιτεταμένη
2971 1379 3129 1451 λήθη.
3165 1381 3297 1435 Ἀπὸ
3308 1383 3416 1452 γὰρ
3434 1384 3543 1437 τῶν
3564 1384 3771 1457 ἀνθρω-

2195 1458 2365 1513 πίνων
2392 1463 2684 1534 σχημάτων
2706 1465 2801 1518 τοῦ
2821 1467 2954 1522 Θεοῦ
2974 1467 3074 1532 τάς
3101 1471 3377 1541 ἐνεργείας
3396 1472 3653 1537 δείκνυσι,
3669 1476 3768 1528 καὶ

2190 1550 2289 1621 τὴν
2316 1552 2481 1624 ὀργὴν
2498 1554 2660 1608 αὐτοῦ
2688 1557 2781 1610 καὶ
2801 1557 2900 1629 τὴν
2919 1559 3139 1617 κόλασιν
3153 1562 3571 1634 χαρακτηρίζει.
3600 1566 3765 1617 Ἀπο-

2193 1643 2413 1714 στρέφει
2445 1646 2502 1700 δέ
2538 1648 2699 1701 πάλιν
2729 1651 2759 1703 ὁ
2804 1650 2936 1715 Θεὸς
2975 1651 3037 1705 τὸ
3069 1654 3360 1724 πρόσωπον
3403 1656 3590 1715 αὑτοῦ.
3633 1658 3764 1711 ὅταν

2190 1732 2385 1799 ἀνάξια
2418 1737 2747 1809 πράττωμεν
2793 1739 2903 1792 τῶν
2933 1741 3322 1813 ἐπιταγμάτων
3359 1744 3544 1798 αὑτοῦ.
3575 1746 3764 1800 Ὅταν

2190 1824 2299 1891 γὰρ
2313 1826 2636 1896 ὲκτείνητε,
2658 1830 2810 1902 φησὶ,
2831 1831 2939 1897 τὰς
2964 1831 3166 1902 χεῖρας
3186 1833 3373 1904 ὑμῶν,
3402 1836 3762 1913 ἀποστρέψω

2189 1918 2331 1982 τοὺς
2354 1919 2703 1989 ὀφθαλμούς
2721 1939 2841 1992 μου
2884 1923 2984 1991 ἀφ’
3017 1924 3203 1993 ὑμῶν.
3237 1921 3372 1979 Εῒτα
3393 1927 3487 1981 καὶ
3516 1928 3550 1997 ή
3588 1930 3759 1982 αἰτία.

2187 2010 2260 2062 At
2292 2008 2403 2077 νάρ
2443 2009 2637 2078 χεῖρες
2678 2011 2844 2080 ὑμῶν
2867 2012 3119 2081 αἵματος
3146 2014 3416 2085 πλήρεις.
3463 2016 3624 2070 Ἀλλά
3664 2019 3763 2073 καὶ

2186 2097 2345 2153 τοῦτο
2376 2099 2540 2153 πάλιν
2566 2101 2891 2172 κηδεμονίας
2917 2104 3137 2177 πολλῆς,
3167 2106 3261 2159 καὶ
3287 2108 3319 2176 ή
3350 2107 3752 2178 ἐγκατάλειψις,

2184 2191 2279 2245 καὶ
2316 2193 2350 2263 ἡ
2375 2192 2690 2265 ἀποστροφὴ
2719 2192 2812 2246 τοῦ
2845 2194 3166 2265 προσώπουο
3193 2199 3337 2267 ποιεῖ
3380 2196 3437 2265 δέ
3469 2197 3644 2265 τοῦτο,
3670 2200 3759 2252 ἴνα

2066 2276 2071 2281 ’
2187 2284 2544 2356 σφοδρότερον
2587 2286 2734 2357 ἡμᾶς
2771 2287 3161 2360 ἐπισπάσηται.
3209 2291 3363 2351 Ἐπεὶ
3391 2292 3486 2345 καὶ
3520 2293 3759 2367 ἐραστὴς

2189 2375 2416 2444 μανικὸς
2448 2375 2540 2428 τὸν
2568 2376 2843 2448 ἐρώμενον
2870 2380 3220 2452 ὑπερορῶντα
3241 2382 3434 2453 ἀφίησι
3465 2384 3559 2437 καὶ
3587 2384 3754 2452 ἐγκα-

2183 2462 2531 2534 ταλιμπάνει,
2556 2464 2657 2518 οὐκ
2690 2465 2964 2520 ἐκϐάλλων
2992 2470 3157 2523 αὐτὸν
3184 2462 3299 2541 τῆς
3316 2472 3576 2537 διανοίας,
3616 2472 3755 2527 ἀλλά

2187 2553 2511 2625 ἐπιπρέψαι
2541 2555 2702 2607 αὐτὸν
2745 2555 3086 2629 βουλόμενος,
3129 2561 3224 2614 καὶ
3267 2561 3446 2631 ἐαυτῷ
3493 2562 3751 2631 συνάψαι.

2183 2642 2369 2697 Είπὼν
2393 2644 2450 2698 δὲ
2482 2643 2580 2716 τὴν
2605 2647 2974 2718 ἀποστροφὴν,
3010 2649 3158 2718 λέγει
3198 2652 3294 2723 καὶ
3314 2651 3412 2721 τὴν
3440 2651 3630 2723 λήθην,
3659 2652 3755 2705 καὶ

2180 2735 2252 2788 τά
2297 2734 2358 2800 ἐξ
2408 2735 2577 2806 αὐτῆς
2618 2735 2767 2807 αὐτῷ
2801 2740 3231 2811 προσγενόμενα.
3285 2741 3421 2814 Τίνα
3467 2741 3530 2810 δὴ
3578 2742 3753 2796 ταῦτά

2184 2825 2362 2891 ἐστιν;
2399 2825 2466 2878 Ἀ
2492 2826 2685 2894 ἐπάγει
2708 2825 2881 2894 λέγων
2901 2832 2915 2858 '-
2953 2828 3107 2895 Ἕως
3127 2831 3293 2897 τίνος
3319 2831 3577 2903 θήσομαι
3603 2832 3751 2897 ,βου-

2181 2915 2297 2981 λεις
2333 2915 2403 2968 ἐν
2432 2914 2607 2983 ψυχῇ
2633 2931 2784 2985 μους
2817 2917 3027 2989 Ὥσπερ
3048 2919 3157 2992 γὰρ
3187 2921 3216 2973 6
3242 2919 3336 2973 τοῦ
3358 2921 3577 2992 λιμένος
3606 2922 3753 2986 ἐξελ-

2185 3006 2292 3062 θὼν
2322 3005 2597 3075 πανταχοῦ
2624 3005 2909 3070 πλανᾶται,
2937 3007 3032 3061 καὶ
3062 3010 3090 3062 ό
3115 3009 3209 3062 τοῦ
3243 3011 3418 3080 φωτὸς
3442 3012 3753 3083 ἀποστερη-

2185 3097 2298 3161 θεὶς
2330 3095 2544 3159 πολλοῖς
2581 3097 2940 3166 προσπταίειο
2978 3097 3119 3151 οὕτω
3146 3098 3211 3169 δὴ
3248 3099 3400 3154 καὶὸ
3447 3101 3528 3165 είς
3574 3101 3749 3171 λήθην

2184 3187 2438 3258 ἐμπεσὼν
2487 3186 2581 3240 τοῦ
2624 3186 2781 3251 Θεοῦ,
2830 3188 3094 3263 φροντίσι,
3145 3189 3241 3241 καὶ
3284 3190 3592 3260 μερίμναις,
3653 3194 3751 3249 καὶ

2181 3277 2394 3340 ὀδύναις
2429 3276 2693 3330 ἐκδίδοται
2725 3276 3010 3347 διηνεκῶς.
3047 3278 3122 3329 Οὐ
3154 3277 3347 3349 μικρὸν
3372 3280 3429 3333 δὲ
3471 3282 3565 3334 καὶ
3589 3282 3748 3337 τοῦτο

2181 3371 2261 3433 είς
2281 3370 2343 3422 τὸ
2364 3368 2455 3422 τὸν
2477 3368 2608 3421 Θεὸν
2626 3368 2949 3438 ἐπιπρέψαι
2978 3368 3113 3439 πρὸς
3134 3369 3344 3435 ἐαυτὸν,
3370 3370 3430 3423 τὸ
3456 3376 3746 3445 μεριμνᾷν,

2180 3455 2241 3508 τὸ
2258 3453 2650 3526 φροντίζειν,τὸ
2662 3454 2949 3522 τήκεσθαι,
2963 3454 3021 3507 τὸ
3034 3454 3336 3519 ὀδυνᾶσθαι,
3349 3458 3410 3510 τὸ
3420 3459 3575 3527 λόγον
3587 3465 3750 3515 ποιεῖ-

2182 3543 2306 3596 σθαι
2325 3542 2492 3598 αὐτοῦ
2504 3542 2602 3612 τῆς
2621 3543 2988 3613 ἀποστροφῆς.
3007 3545 3084 3595 Ὅ
3103 3544 3199 3597 καὶ
3216 3546 3424 3611 Παῦλος
3440 3548 3749 3619 Κορινθίοις

2179 3633 2406 3702 γράφων
2428 3649 2495 3685 πε
2501 3633 2554 3703 ρι
2571 3632 2764 3685 ἐαυτοῦ
2777 3648 2929 3702 φησν
2950 3632 3059 3686 Καὶ
3077 3635 3169 3698 τίς
3182 3634 3352 3688 ἐστιν
3365 3639 3399 3689 ό
3412 3638 3751 3705 εὐφραίνων

2173 3739 2270 3791 με,
2309 3723 2360 3775 εί
2390 3721 2477 3790 μὴ
2505 3724 2538 3775 ὀ
2571 3722 2951 3791 λυπούμενος
2981 3721 3053 3786 ἐξ
3088 3723 3270 3791 ἐμοῦ;
3302 3725 3377 3777 Οὐ
3412 3728 3607 3797 μικρὸν
3637 3728 3749 3799 γὰρ

2177 3810 2356 3879 τοῦτο,
2391 3810 2660 3878 ἀγαπητέ,
2697 3810 2906 3882 κέρδος,
2960 3810 3023 3863 τὸ
3074 3810 3422 3868 αἰσθάνεσθαι
3464 3816 3563 3886 τῆς
3611 3817 3749 3871 ἀπε-

2181 3900 2418 3973 στροφῆς
2457 3898 2550 3953 τοῦ
2595 3899 2760 3963 Θεοῦ,
2804 3899 2867 3953 τὸ
2895 3900 3112 3968 ἀλγεῖν,
3158 3901 3221 3955 τὸ
3250 3902 3556 3958 ὀδυνᾶσθαι.
3588 3905 3748 3961 Οὕτω

2178 4010 2286 4081 γὰρ
2331 4008 2491 4063 αὐτὸν
2532 4010 2740 4080 ταχέως
2791 4012 2930 4082 πρὸς
2967 4013 3114 4082 ἡμᾶς
3157 4013 3574 4085 ἐπιστρέψομεν.
3597 4016 3749 4081 Ἕως

2179 4101 2323 4154 πότε
2347 4098 2731 4169 ὑψωθήσεται
2758 4104 2790 4154 ὁ
2820 4100 3032 4170 ἐχθρός
3055 4119 3172 4172 μου
3193 4102 3284 4155 ἐπ’
3305 4104 3442 4172 ἐμέ;
3477 4106 3749 4161 Ἐπίᾶιε-

2179 4193 2320 4258 ψον,
2339 4188 2705 4243 είσάκουσόν
2721 4206 2863 4259 μου,
2896 4192 3070 4259 Κύριε
3096 4195 3129 4246 ὁ
3152 4193 3294 4259 Θεός
3309 4211 3450 4261 μου.
3479 4192 3763 4250 Φὼτισονλ

2179 4280 2320 4347 τοὺς
2344 4280 2685 4348 ὀφθαλμούς
2702 4297 2842 4348 μου,
2866 4278 2950 4349 μή
3001 4297 3145 4335 ποτε
3171 4282 3429 4336 ὑπνώσω
3462 4286 3549 4349 είς
3577 4283 3747 4338 θάνα-

2179 4386 2307 4424 τον.
2336 4369 2546 4440 Ὥσπερ
2584 4368 2692 4439 γὰρ
2734 4371 3091 4441 ἀντεχομένου
3145 4370 3238 4425 τοῦ
3272 4371 3440 4438 Θεοῦ,
3485 4374 3578 4428 καὶ
3625 4375 3749 4445 μεθ’

2181 4460 2336 4531 ήμῶν
2368 4460 2539 4523 δντος,
2570 4460 2638 4514 τά
2661 4460 2933 4515 λυποῦντα
2965 4462 3206 4517 ἐκποδὼν
3257 4463 3471 4518 ἅπαντα
3495 4465 3702 4534 γίνεται
3729 4484 3745 4499 ·

2181 4553 2352 4615 οὓτως
2375 4551 2707 4615 ἀποστάντος
2731 4553 2827 4623 καὶ
2848 4553 3259 4622 ἐπιλαθομένου,
3283 4556 3376 4609 καὶ
3399 4555 3545 4626 ψυχὴ
3567 4557 3748 4612 διακό-

2182 4626 2394 4707 πτεται,
2424 4644 2515 4697 καὶ
2537 4642 2731 4714 καρδία
2753 4642 3023 4710 ὸδυνᾶται,
3058 4644 3152 4699 καὶ
3176 4647 3227 4697 οἱ
3250 4644 3547 4711 λυποῦντες
3573 4651 3671 4701 ἐπε
3679 4667 3746 4720 μ-

2182 4736 2445 4796 ϐαίνουσι,
2476 4736 2571 4788 καὶ
2600 4735 2778 4789 πάντα
2814 4735 3048 4806 κρημνοὶ
3091 4736 3187 4790 καὶ
3217 4737 3487 4793 σκόπελοι.
3520 4739 3744 4809 Συγχω-

2183 4829 2357 4897 ρεῖται
2381 4827 2438 4879 δὲ
2466 4824 2640 4879 ταῦτα
2670 4825 3083 4896 συμφερόντως,
3122 4826 3262 4880 ὥστε
3289 4827 3376 4882 διά
3405 4829 3620 4882 πάντων
3653 4830 3747 4889 δα-

2181 4920 2473 4989 κνομένους
2500 4921 2625 4980 τοὺς
2655 4917 3054 4989 ῥαθυμσιέρους
3077 4919 3486 4990 σπουδαιότερον
3514 4921 3747 4975 ἐπανελσο

2182 5012 2312 5076 θεῖν,
2334 5012 2452 5064 ὅθεν
2483 5009 2631 5082 [125]
2665 5010 2937 5075 ἐξέπεσον.
2960 5009 3276 5079 Παιδεύσει
3300 5011 3411 5082 γάρ
3438 5028 3530 5076 σε,
3557 5015 3745 5083 φησὶν,

2179 5102 2217 5168 ἡ
2248 5102 2592 5155 ἀποστασία
2641 5116 2789 5163 σου,
2826 5099 2925 5153 καί
2968 5101 3007 5169 ἡ
3036 5101 3219 5154 κακία
3244 5116 3360 5179 σου
3387 5101 3618 5170 ἐλέγξει
3649 5119 3739 5156 σε.

2184 5191 2343 5243 Ὥστε
2388 5190 2480 5240 καὶ
2513 5189 2547 5257 ή
2583 5186 2965 5263 ἐγκατάλειψις
2996 5185 3089 5239 τοῦ
3127 5186 3262 5241 Θεοῦ
3313 5187 3566 5259 προνοίας
3607 5184 3749 5254 εἶδός

2181 5278 2348 5330 ἐστιν.
2368 5276 2535 5329 Ὅταν
2564 5275 2672 5345 γὰρ
2706 5273 2947 5345 προνοῶν
2973 5275 3066 5327 καὶ
3090 5274 3381 5345 κηδόμενος
3410 5275 3752 5345 καταφρονῆ-

2178 5381 2290 5427 ται,
2318 5362 2510 5433 ἀφίησι
2539 5361 2732 5431 μικρὸν
2757 5362 2850 5414 καί⁵
2882 5360 3365 5431 ἐγκαταλιμπάνει,
3393 5362 3478 5413 ἵνα
3504 5361 3622 5414 τότε
3649 5360 3749 5430 τῆς

2183 5449 2453 5523 ῥᾳθυμίας
2488 5446 2875 5518 ἐκϐληθείσης,
2931 5446 3332 5516 σπουδαιότεροι
3389 5447 3439 5499 οί
3493 5445 3747 5516 ὀλίγωροι

2179 5536 2461 5605 γένωνται.
2507 5533 2844 5603 Ἐπίϐλεψον,
2893 5533 3076 5604 φησὶν,
3114 5532 3190 5585 ἴδε
3241 5533 3331 5585 τὸν
3358 5531 3550 5604 ἐχθρὸν
3579 5531 3747 5601 ὐψού-

2180 5659 2340 5713 μενον
2370 5642 2458 5696 ἐπ’
2495 5643 2595 5713 ἐμέ
2615 5657 2628 5671 °
2664 5641 2757 5696 καί⁸
2782 5643 2832 5694 εί
2860 5640 2934 5712 μὴ
2953 5640 3039 5692 διά
3056 5640 3153 5710 τὴν
3184 5639 3325 5712 ἐμήν
3342 5640 3747 5713 ταλαιπωρίαν,

2181 5730 2317 5786 ἀλλά
2360 5730 2449 5784 διὰ
2493 5730 2589 5796 τὴν
2621 5728 2827 5782 ἐκείνου
2869 5727 3185 5792 ἀλαζονείαν
3229 5727 3325 5781 καὶ
3357 5726 3612 5781 ἀπόνοιαν
3640 5730 3754 5780 είσ-
