4084 6278
246 289 359 349 ua

237 414 393 458 ctum
421 398 649 461 circuire
681 396 924 455 videntes
945 438 963 462 ,
989 411 1058 453 ne
1086 409 1148 451 ea
1186 395 1396 466 quidem
1426 412 1545 468 qum
1581 407 1705 456 sunt
1747 411 1840 452 ευ-

238 507 580 567 pervacanea
605 491 941 557 dimittimus,
960 490 1054 546 sed
1070 491 1121 544 in
1142 504 1346 546 summa
1373 506 1548 547 rerqu
1569 488 1838 547 afﬂuentia

236 587 518 648 viventes,
567 590 778 638 sanctos
822 580 1162 650 despicimus.
1192 577 1357 636 Terra
1393 595 1577 639 rursus
1617 580 1701 637 alii
1745 580 1838 647 Dei

238 678 421 731 amico
450 682 593 731 tanta
624 672 762 727 dona
782 686 850 727 ex
875 686 973 727 suo
1001 670 1118 725 sinu
1149 671 1388 741 protulit,
1418 681 1470 727 et
1500 678 1697 727 tantam
1726 669 1837 726 [er-

242 767 517 832 tilitatem,
543 771 796 834 quantam
827 776 1115 832 numquam
1158 772 1313 818 antea
1342 756 1483 833 (Job.
1511 761 1599 816 ιε.
1633 761 1744 832 10).
1772 762 1838 819 Et

242 856 372 929 quid
417 854 630 911 miraris
652 893 668 918 ,
700 853 745 909 si
784 853 882 921 ipsi
912 861 1065 908 erant
1092 851 1424 909 venerabiles
1445 893 1462 916 .
1492 865 1614 908 cum
1662 859 1840 909 vestes

246 963 452 1014 eorum,
481 953 540 1004 et
561 945 764 1004 umbra:
787 942 1140 1007 daemonibus,
1172 943 1327 999 morti
1353 953 1408 997 et
1432 942 1632 997 morbis
1658 951 1839 999 essent

245 1039 613 1098 formidabiles
640 1038 660 1109 (
684 1037 796 1091 Act.
828 1037 915 1093 19.
950 1037 1038 1090 ll.
1073 1035 1160 1090 12.
1190 1042 1246 1090 et
1284 1035 1338 1090 5.
1374 1034 1496 1104 ιδῃ
1536 1034 1834 1101 Quinetiam

253 1131 416 1202 angeli
442 1144 658 1200 quoque
703 1128 914 1183 reveriti
945 1134 1091 1192 sunt,
1119 1135 1174 1180 et
1200 1125 1477 1198 insigniter
1506 1124 1837 1183 honorarunt

248 1223 490 1277 homines
520 1221 676 1290 (Gen.
710 1221 797 1275 18.
830 1220 882 1275 5.
911 1228 959 1277 et
986 1219 1073 1275 19.
1103 1218 1179 1288 5).
1219 1218 1413 1287 Quidni
1442 1220 1580 1272 enim
1610 1217 1837 1273 honora-

241 1321 380 1378 rent,
412 1326 549 1381 quos
578 1312 692 1380 ipse
721 1309 976 1365 Dominus
1001 1307 1297 1363 honorabat
1326 1305 1345 1378 (
1371 1306 1540 1361 Exod.
1574 1308 1660 1365 14.
1695 1307 1785 1375 t9)
1812 1307 1836 1361 Ἰ

237 1402 354 1457 Hoc
392 1412 571 1457 autem
604 1399 769 1457 videri
798 1408 975 1471 potest
1010 1398 1142 1453 etin
1185 1397 1335 1453 Novo
1359 1399 1491 1453 etin
1519 1397 1698 1455 Veteri
1728 1399 1834 1457 Te~

234 1503 510 1547 stamento
532 1491 673 1560 (Iud.
701 1489 757 1546 2.
791 1492 841 1544 1.
867 1490 1030 1547 Marc.
1060 1490 1144 1546 16.
1174 1490 1229 1545 5.
1252 1490 1364 1544 Act.
1385 1490 1439 1544 8.
1468 1490 1559 1545 26.
1588 1499 1635 1545 et
1665 1489 1747 1547 10.
1775 1491 1833 1550 3.

231 1594 282 1638 et
313 1584 401 1639 i2.
432 1585 527 1652 7).
572 1584 636 1641 Et
680 1582 800 1637 ideo
831 1581 959 1639 dicit
989 1598 1002 1634 :
1032 1580 1323 1636 Secundum
1350 1580 1666 1637 altitudinem
1694 1590 1835 1635 tuam

231 1675 592 1744 multiplicasti
619 1675 752 1743 ﬁlios
780 1676 1059 1728 hominum.
1087 1673 1220 1726 Cum
1248 1687 1377 1743 ergo
1404 1672 1833 1729 consideraveri-

231 1787 360 1825 mus
385 1769 607 1827 honoris
630 1768 1069 1840 magnitudinem,
1087 1781 1244 1837 quam
1272 1783 1368 1837 par
1390 1775 1473 1822 est
1500 1765 1834 1835 przebeamus

231 1878 340 1932 pro
389 1878 454 1918 ea
502 1862 1019 1924 remunerationem,
1066 1875 1137 1919 ne
1186 1859 1340 1921 nobis
1393 1859 1605 1915 habitus
1661 1858 1833 1915 honor

230 1955 464 2023 insignis
512 1953 584 2009 sit
625 1951 778 2007 nobis
825 1951 1074 2009 viaticum
1129 1949 1292 2006 futuri
1335 1949 1580 2021 supplicii
1611 1967 1625 2004 :
1653 1964 1683 2003 a
1727 1964 1835 2019 quo

227 2044 441 2099 utinam
470 2045 547 2117 (α)
581 2044 868 2099 liberemur
903 2055 1091 2099 Otones
1133 2049 1189 2097 et
1215 2041 1304 2111 qui
1342 2041 1598 2095 docemus
1638 2040 1738 2099 ista
1778 2049 1837 2099 et

226 2138 329 2211 qui
357 2137 619 2195 discimus
642 2177 658 2201 ,
689 2134 739 2189 in
762 2134 980 2190 Christo
1014 2131 1141 2193 Jesu
1170 2132 1394 2189 Domino
1439 2140 1640 2196 nostro,
1671 2146 1830 2200 quem

225 2228 397 2283 decet
426 2226 602 2281 ontuis
627 2225 818 2297 gloria,
851 2223 1021 2281 honor
1045 2232 1101 2280 et
1129 2223 1369 2279 adoratio
1405 2222 1458 2279 in
1497 2222 1690 2283 saecula
1732 2236 1835 2277 sae—

223 2320 506 2381 culorum.
534 2319 728 2377 Amen.

553 2449 908 2507 EXPOSITIO
947 2448 1015 2504 lN
1051 2447 1374 2505 PSALMUM
1412 2446 1523 2503 XII.

224 2591 259 2647 1
276 2630 294 2645 .
334 2588 404 2647 In
424 2588 582 2659 ﬁnem
606 2586 848 2643 Psalmus
875 2584 1061 2643 David.
1089 2585 1263 2653 Alius,
1298 2584 1405 2641 l’ro
1430 2584 1640 2641 victoria
1669 2584 1830 2639 canti-

310 2698 426 2737 cum
449 2679 641 2735 David.
669 2679 844 2745 Alius,
871 2677 941 2733 In
961 2678 1239 2738 uictoriam.

229 2815 512 2884 Usquequo
530 2855 545 2881 ,
568 2811 821 2877 Domine,
851 2809 1156 2897 oblivisceris
1196 2827 1277 2864 me
1319 2810 1373 2863 in
1417 2810 1611 2878 linem?
1639 2809 1789 2863 Alius
1813 2850 1827 2872 ,

312 2905 642 2962 Oblivisceris
691 2919 773 2956 me
811 2903 1031 2973 penitus.
1088 2899 1354 2972 Usquean
1414 2903 1596 2954 avertis
1652 2901 1832 2969 faciem

304 3011 452 3054 tuam
474 3014 510 3051 a
536 3012 615 3051 me
636 2996 661 3050 l
687 2995 856 3060 Alius,
883 2993 1185 3048 Abseondis.

226 3137 288 3191 2.
336 3131 598 3199 Quamdiu
622 3145 810 3199 ponam
836 3126 1048 3183 consilia
1071 3127 1127 3181 in
1153 3128 1326 3183 anima
1348 3143 1458 3183 mea
1474 3127 1500 3180 ?
1522 3127 1688 3193 Alius,
1710 3126 1832 3182 Sta-

308 3237 451 3279 tuam
478 3222 768 3277 sententias.
800 3219 1011 3283 Dolores
1039 3219 1095 3277 its
1137 3222 1288 3277 corde
1329 3235 1438 3297 meo
1481 3235 1571 3288 per
1619 3219 1752 3273 diem
1783 3228 1831 3273 et

308 3324 524 3368 noctem.
552 3311 728 3377 Alius,
761 3308 1171 3369 Sollicitudinem
1195 3308 1248 3367 in
1274 3309 1574 3381 cogitatione
1594 3323 1703 3365 mea
1742 3324 1832 3375 per

311 3406 469 3459 diem.

218 3532 231 3537 ’
311 3538 364 3591 1.
402 3534 520 3589 Non
558 3543 642 3588 est
671 3532 773 3586 hoc
806 3544 1027 3602 parvam
1064 3529 1293 3595 bonum,
1324 3529 1524 3585 sentire
1561 3528 1657 3584 Dei
1689 3529 1830 3583 obli-

234 3631 472 3683 vionem.
521 3625 853 3683 Oblivionem
894 3632 1073 3677 autem
1116 3636 1187 3676 ne
1222 3622 1494 3676 existimes
1536 3635 1657 3676 esse
1697 3621 1828 3675 ati‘e-

228 3732 406 3785 ctum,
432 3717 525 3771 sed
551 3714 974 3770 derelictionem.
1001 3713 1150 3769 Multi
1173 3721 1319 3769 certe
1342 3713 1533 3782 quibus
1556 3713 1656 3768 hoc
1683 3713 1825 3767 acci-

226 3811 314 3866 dit
336 3810 441 3864 hoc
466 3808 640 3877 ipsum
663 3821 835 3876 neque
854 3812 1069 3870 norunt,
1093 3819 1267 3874 neque
1283 3803 1484 3860 deﬂent
1506 3820 1520 3858 :
1541 3804 1628 3857 hic
1649 3813 1826 3857 autem

228 3902 429 3955 beatus
475 3913 583 3952 non
633 3895 805 3952 solum
849 3894 953 3949 hoc
992 3903 1247 3960 noverat,
1279 3892 1375 3947 sed
1420 3902 1632 3961 tempus
1666 3893 1828 3947 etiam

228 3992 420 4046 animo
450 3987 746 4058 reputabat.
776 3986 910 4042 Illud
948 3985 1093 4041 enim
1130 3984 1432 4054 Usquequo,
1463 3993 1544 4043 est
1588 3984 1707 4052 ejus
1740 3984 1828 4053 qui

228 4096 492 4152 magnum
525 4090 733 4149 tempus
750 4077 984 4134 ostendit
1011 4096 1025 4131 :
1055 4087 1111 4135 et
1139 4077 1263 4132 ideo
1283 4077 1444 4131 deliet
1469 4091 1534 4131 ac
1561 4077 1722 4147 luget.
1751 4076 1829 4131 Tu

228 4185 418 4229 autem
440 4172 721 4228 considera
748 4171 1018 4242 quomodo
1041 4169 1110 4224 de
1129 4170 1280 4225 nulla
1302 4184 1361 4224 re
1385 4178 1617 4246 terrena,
1635 4177 1690 4224 et
1712 4184 1831 4238 qua:

239 4268 309 4322 ad
346 4266 489 4321 hanc
524 4266 687 4320 vitam
718 4264 1016 4335 pertineat,
1044 4271 1288 4331 angatur,
1327 4276 1432 4315 non
1457 4261 1525 4318 de
1555 4262 1791 4331 pecuniis
1810 4302 1826 4327 ,

232 4375 346 4415 non
388 4359 460 4412 de
498 4357 666 4428 gloria
692 4397 706 4421 ,
734 4355 830 4411 sed
855 4354 1052 4424 ubique
1086 4353 1158 4408 de
1203 4353 1299 4408 Dei
1339 4352 1731 4408 benevolentia.
1768 4353 1832 4406 Et

233 4451 509 4504 nndenam
529 4448 696 4514 novit,
723 4446 949 4517 inquies,
969 4445 1135 4502 Deum
1154 4457 1273 4500 esse
1292 4443 1372 4498 sui
1400 4442 1621 4498 oblitum
1636 4443 1662 4497 τ
1685 4442 1832 4509 Quo—

236 4543 385 4596 niam
428 4545 653 4594 noverat
694 4537 858 4592 etiam
896 4534 1108 4605 quando
1148 4533 1501 4599 meminerat,
1552 4541 1608 4588 et
1647 4543 1861 4602 aperte.

236 4632 446 4686 sciebat
467 4628 597 4699 quid
624 4627 697 4683 sit
719 4626 934 4692 oblivio,
959 4625 1085 4695 quid
1108 4624 1367 4681 memoria
1399 4639 1412 4676 :
1445 4639 1550 4678 non
1573 4623 1829 4693 quemad-

241 4722 461 4777 modum
488 4720 677 4790 vulgus
706 4718 980 4778 hominum
1005 4715 1217 4786 quando
1236 4724 1361 4769 sunt
1388 4714 1830 4785 divites,quo

240 4811 383 4883 apud
405 4811 651 4866 homines
669 4807 893 4879 gloriam
920 4813 1294 4876 assequuntur,
1319 4803 1532 4875 quando
1556 4805 1633 4859 eis
1652 4806 1829 4859 omnia
1850 4846 1854 4850 .

239 4902 470 4959 leliciter
515 4898 842 4966 succedunt,
878 4896 1092 4968 quando
1132 4896 1351 4952 vincunt
1391 4895 1636 4955 inimicos
1660 4935 1676 4961 ,
1707 4903 1834 4950 tunc

238 4999 555 5055 existimant
608 4997 779 5052 Deum
821 5008 1008 5050 eorum
1050 4991 1400 5057 meminisse;
1458 5000 1514 5045 et
1540 4988 1682 5045 ideo
1732 5004 1857 5045 nec

236 5092 439 5157 sciunt,
456 5089 672 5161 quando
697 5089 840 5144 Deus
862 5083 1047 5142 eorum
1077 5082 1438 5161 obliviscatdr.
1460 5082 1559 5150 Qui
1588 5081 1731 5136 enim
1758 5082 1830 5137 si-

236 5199 402 5256 gnum
431 5181 706 5238 memoria
744 5180 1026 5243 nesciunt,
1054 5191 1154 5232 nec
1198 5170 1578 5231 nornnt'etiam
1621 5174 1830 5245 signum

238 5275 547 5332 oblivionis.
578 5270 635 5329 Si
661 5271 807 5327 enim
851 5285 957 5325 non
1001 5276 1198 5323 norunt
1239 5268 1387 5337 signa
1435 5266 1700 5333 amicitiae,
1732 5278 1834 5321 nec

226 5368 641 5428 inimicitiarum
660 5365 823 5421 etiam
842 5363 991 5435 signa
1021 5368 1233 5416 norunt.
1262 5360 1545 5415 Multorum
1572 5358 1716 5414 enim
1743 5357 1834 5428 qui

241 5461 358 5518 luce
381 5460 605 5525 habent,
631 5458 773 5513 Deus
797 5454 1146 5519 obliviscitur,
1169 5461 1327 5521 atque
1349 5451 1487 5508 adeo
1507 5466 1694 5508 eorum
1721 5467 1836 5507 ma-

300 5596 377 5666 (ςι)
398 5591 803 5666 meamea.
816 5603 975 5666 usque
1008 5586 1621 5666 9_9§'99T§EE}‘E..3‘L53YE1
1639 5587 1748 5666 εξεξὶ
1761 5601 1832 5666 .81

241 5647 504 5708 Bai'b'eriuo
517 5647 696 5707 Oidice
716 5647 980 5714 adjicienda
998 5663 1110 5701 esse
1126 5651 1310 5701 monuit
1325 5647 1411 5701 ille
1427 5650 1478 5701 in
1495 5647 1638 5701 notis.
1659 5651 1833 5701 Eadem

240 5718 498 5787 doxologia
521 5717 650 5782 apud
668 5713 808 5784 Coiﬁ.
835 5715 1098 5777 reperitur.

1361 284 1721 342 EXPOSITIO
1759 285 1824 342 IN
1865 285 2189 345 PSALMUM
2230 290 2347 354 XII.

3435 311 3535 370 ibi)

1953 400 2095 457 xime
2123 419 2137 456 :
2167 417 2355 459 eorum
2384 412 2562 462 autem
2592 407 2681 477 qui
2712 407 2763 463 in
2794 410 2957 467 rebus
2979 411 3217 469 adversis
3235 428 3535 484 versantur,

1946 504 2092 561 saepe
2113 494 2374 553 meminit.
2394 494 2537 551 Nihil
2553 499 2693 553 enim
2712 501 2851 569 apud
2871 502 3036 558 Deum
3058 520 3211 575 teque
3222 509 3538 565 memoriam

1949 583 2085 651 parit
2104 624 2120 647 ,
2151 593 2311 655 atque
2349 585 2471 641 boni
2503 588 2699 659 aliquid
2732 592 2939 660 lacere,
2969 610 3129 665 quam
3154 611 3276 653 esse
3301 599 3536 655 sobrium

1946 689 2012 728 ac
2041 676 2367 745 vigilantem,
2395 679 2605 736 virtutis
2629 698 2811 739 curam
2837 701 3025 757 gerere
3052 705 3066 742 :
3089 690 3537 759 quemadmodum

1946 767 2081 825 nihil
2118 784 2270 840 aeque
2310 771 2596 829 oblivionis
2622 791 2783 832 causa
2813 788 2923 844 est,
2959 789 3017 836 ut
3052 797 3179 839 esse
3223 785 3277 839 in
3306 789 3536 856 peccatio

1946 861 2288 932 avaritiaeque
2332 873 2385 918 et
2421 867 2623 936 rapina:
2660 883 2781 925 esse
2826 870 3086 927 deditum.
3129 873 3198 928 Et
3224 884 3278 930 tu
3317 892 3476 947 ergo,
3502 894 3537 934 θ

1944 949 2156 1018 dilecte,
2177 954 2392 1023 quando
2421 956 2474 1010 in
2501 946 2676 1029 aliqua
2717 961 2881 1017 lueris
2908 964 3238 1034 calamitate,
3272 983 3339 1022 ne
3364 946 3534 1036 dicas,

1947 1043 2089 1100 Deus
2117 1047 2220 1102 mei
2248 1048 2446 1102 oblitus
2484 1058 2568 1105 est
2592 1068 2606 1105 :
2634 1053 2729 1107 sed
2757 1055 2970 1123 quando
3001 1056 3169 1112 fueris
3196 1058 3250 1114 in
3279 1062 3531 1128 peccatis,

1943 1143 2002 1190 et
2026 1137 2199 1193 omnia
2232 1139 2325 1194 tibi
2354 1139 2582 1199 feliciter
2606 1145 2920 1203 succedunt.
2949 1149 3005 1203 Si
3032 1148 3134 1204 hoc
3157 1151 3300 1205 enim
3338 1165 3535 1221 cogno-

1943 1229 2108 1293 veris,
2146 1245 2176 1283 a
2217 1232 2376 1288 rebus
2413 1235 2570 1290 malis
2600 1238 2818 1307 agendis
2858 1241 2964 1295 cito
2997 1244 3231 1297 recedes.
3262 1243 3535 1315 Usqueqno

1941 1320 2125 1373 avertis
2165 1320 2348 1389 faciem
2374 1332 2513 1378 tuam
2545 1342 2579 1378 a
2605 1327 2730 1380 me!
2755 1327 2866 1383 lloc
2910 1338 2995 1384 est
3029 1333 3264 1388 maxin-a
3311 1335 3527 1389 oblivio.

1943 1407 2023 1464 Ex
2051 1409 2298 1475 humanis
2322 1414 2468 1468 enim
2498 1414 2680 1485 figuris
2700 1418 2938 1474 ostendit
2965 1420 3059 1476 Dei
3089 1424 3448 1493 operationcs,
3479 1433 3531 1481 et

1941 1504 2058 1572 ejus
2099 1504 2232 1559 iram
2274 1514 2329 1560 et
2369 1507 2625 1563 ultionem
2659 1512 2929 1580 exprimit.
2959 1514 3101 1571 Deus
3138 1526 3316 1572 autem
3345 1526 3532 1571 rursus

1943 1593 2129 1649 faciem
2157 1608 2310 1650 suam
2335 1598 2547 1664 avertit,
2578 1599 2792 1668 quando
2817 1599 3041 1677 facimus
3068 1620 3188 1673 qua:
3230 1614 3355 1660 sunt
3389 1607 3496 1660 indi
3516 1637 3530 1645 -

1939 1702 2044 1756 gna
2070 1686 2186 1755 ejus
2228 1690 2549 1759 praeceptis:
2580 1690 2797 1756 Quando
2824 1695 2956 1748 enim
2986 1698 3262 1752 extendens
3281 1738 3295 1763 ,
3330 1699 3526 1769 inquit;

1940 1795 2123 1834 atomis
2162 1791 2381 1846 vestras,
2413 1791 2635 1837 avertam
2662 1786 2834 1840 oculos
2870 1802 3008 1841 meas
3047 1803 3083 1842 a
3120 1789 3277 1843 vobis.
3327 1791 3527 1845 Deinde

1940 1885 2096 1926 causa
2123 1871 2496 1943 subjungitur:
2526 1875 2714 1932 Manus
2737 1878 2869 1932 enim
2896 1888 3072 1935 uestra
3092 1881 3337 1952 sanguine
3368 1884 3530 1951 plena:

1938 1972 2056 2018 sunt
2088 1963 2237 2037 (leni.
2265 1968 2315 2022 1.
2347 1968 2454 2036 l5).
2484 1968 2608 2025 llaec
2636 1971 2748 2040 ipsa
2781 1980 2959 2027 autem
2989 1973 3282 2040 derelictio,
3317 1984 3372 2030 et
3406 1977 3527 2029 vul-

1942 2064 2027 2110 tus
2061 2057 2305 2123 aversio,
2352 2073 2559 2128 magnae
2587 2070 2669 2115 est
2712 2075 2858 2117 curae
2904 2078 2967 2118 ac
3006 2065 3355 2133 providentia:
3384 2083 3398 2120 :
3429 2066 3530 2122 hoc

1939 2157 2117 2208 autem
2144 2148 2301 2214 facit,
2329 2159 2389 2206 ut
2411 2166 2509 2205 nos
2538 2152 2606 2207 ad
2632 2167 2691 2207 se
2716 2154 3086 2211 vehementius
3115 2159 3365 2213 attrahat.
3397 2159 3526 2214 Nam

1938 2240 2101 2294 etiam
2126 2240 2191 2307 is,
2215 2242 2305 2311 qui
2326 2250 2406 2296 est
2437 2242 2626 2298 insano
2650 2259 2835 2300 amore
2861 2255 3071 2317 captus,
3103 2264 3225 2303 eum
3263 2251 3352 2320 qui
3380 2265 3529 2305 ama-

1941 2339 2026 2383 tur
2047 2338 2477 2386 contemnentem
2502 2332 2722 2388 dimittit
2750 2349 2814 2389 ac
2840 2337 3182 2407 derelinquit,
3218 2354 3323 2394 non
3351 2340 3529 2394 animo

1938 2420 2152 2490 quidem
2195 2423 2507 2490 expellens,
2538 2424 2635 2479 sed
2675 2426 2845 2494 ipsum
2876 2428 3060 2483 volens
3100 2428 3165 2484 ad
3198 2444 3259 2485 se
3299 2445 3527 2485 conver-

1939 2522 2053 2569 tere
2074 2554 2091 2579 ,
2117 2521 2171 2569 et
2196 2515 2297 2570 sibi
2320 2513 2661 2587 conjungere.
2684 2517 2970 2589 Postquam
3001 2529 3176 2575 autem
3217 2522 3350 2576 dixit
3374 2538 3530 2578 aver-

1937 2606 2180 2669 sionem,
2219 2606 2350 2662 dicit
2387 2611 2546 2664 etiam
2588 2610 2942 2679 oblivionem,
2971 2622 3027 2667 et
3063 2630 3182 2683 quae
3219 2616 3319 2670 sibi
3358 2631 3424 2671 ex
3462 2632 3524 2670 ea

1937 2706 2250 2753 evenerunt.
2290 2697 2544 2767 Quaenam
2568 2708 2745 2756 autem
2774 2716 2837 2759 ea
2863 2703 3031 2758 sunt?
3058 2705 3132 2760 Ea
3159 2720 3277 2777 qua:
3304 2707 3525 2779 subjun-

1935 2792 2033 2861 git.
2059 2790 2246 2851 dicens
2266 2830 2283 2856 ,
2318 2793 2577 2859 Quamdiu
2601 2809 2787 2862 ponam
2821 2796 3033 2850 consilia
3067 2813 3101 2850 rt
3155 2799 3328 2852 anima
3371 2816 3480 2854 mea
3503 2801 3529 2853 .’

1936 2883 2395 2951 Quemadmodum
2424 2886 2568 2939 enim
2597 2887 2687 2956 qui
2714 2902 2746 2941 e
2775 2896 2929 2956 portu
2951 2903 3197 2959 egressus
3226 2900 3309 2946 est
3333 2892 3526 2962 ubique

1936 2985 2177 3047 vagatur,
2206 2984 2259 3031 et
2292 2976 2381 3045 qui
2412 2976 2527 3031 luce
2564 2977 2800 3046 privatus
2836 2987 2920 3034 est
2960 2979 3013 3033 in
3044 2981 3223 3035 multis
3257 2981 3478 3039 oll'endit
3509 3002 3523 3038 :

1937 3065 2008 3120 ita
2040 3066 2198 3120 etiarn
2231 3067 2318 3136 qui
2349 3066 2402 3119 in
2434 3066 2525 3122 Dei
2551 3064 2875 3123 oblivionem
2918 3069 3134 3135 incidit,
3159 3073 3337 3137 curis,
3370 3068 3530 3128 solliJ

1937 3158 2260 3215 eitudinibus
2287 3174 2352 3213 ac
2373 3157 2650 3214 doloribus
2670 3170 2929 3231 perpetuo
2955 3163 3184 3233 angitur.
3211 3164 3322 3219 Hoc
3347 3175 3531 3222 autem

1937 3266 2044 3307 non
2072 3266 2260 3321 parum
2303 3250 2513 3307 confert
2554 3252 2625 3307 ad
2663 3253 2827 3308 Deum
2863 3256 3283 3311 eonvertendum
3313 3257 3379 3312 ad
3424 3272 3483 3314 se
3506 3301 3519 3319 .

1937 3344 2079 3398 curis
2119 3352 2174 3397 et
2207 3342 2650 3399 sollicitudinibus
2690 3345 2850 3415 angi,
2880 3345 3172 3416 doloreque
3217 3356 3269 3402 et
3309 3349 3521 3404 tristitia

1936 3433 2297 3497 erubescere,
2328 3434 2623 3489 eversionis
2658 3434 2799 3489 illius
2834 3437 3093 3492 rationem
3122 3437 3339 3494 dueere.
3372 3439 3522 3507 Quod

1936 3527 2097 3583 etiam
2128 3526 2324 3581 Paulus
2347 3526 2591 3581 scribens
2617 3527 2683 3581 ad
2713 3526 3016 3585 Corinthios
3053 3529 3184 3585 dicit
3212 3531 3279 3586 de
3306 3531 3483 3601 seipse
3507 3544 3537 3586 :'

1936 3620 2008 3674 Et
2029 3620 2142 3689 quis
2159 3628 2234 3674 est
2256 3619 2343 3687 qui
2366 3634 2447 3672 me
2469 3618 2644 3672 laetitia
2664 3619 2869 3689 «meiat,
2892 3620 2990 3673 nisi
3014 3623 3100 3691 qui
3127 3637 3190 3676 ea:
3217 3639 3296 3676 me
3322 3623 3527 3677 tristitia

1935 3713 2147 3784 afﬁcitur
2173 3713 2249 3784 (9.
2271 3711 2390 3768 Cor.
2415 3710 2472 3766 2.
2493 3710 2592 3782 2)?
2618 3712 2729 3766 Hoc
2745 3716 2888 3767 enim
2915 3728 3020 3768 non
3047 3728 3231 3783 parum
3262 3715 3520 3779 incriest,

1936 3820 1977 3858 ο·
2012 3803 2228 3868 dilecte,
2276 3803 2480 3857 sentire
2521 3802 2614 3858 Dei
2650 3803 3014 3867 aversionem,
3062 3803 3280 3870 dolere,
3313 3805 3521 3859 tristitia

1935 3894 2091 3949 allici.
2133 3892 2209 3947 ita
2244 3886 2387 3947 enim
2433 3892 2604 3961 ipsum
2632 3892 2698 3946 ad
2727 3907 2826 3947 nos
2853 3893 3099 3947 celeriter
3123 3902 3518 3949 convertemus.

1936 3987 1989 4042 '5.
2023 3985 2290 4055 Usqueqno
2326 3983 2630 4037 excitabitur
2675 3984 2913 4039 inimicus
2939 3999 3078 4039 mens
3119 4000 3273 4053 super
3312 3985 3440 4039 me?
3466 3991 3520 4039 4.

1936 4075 2171 4145 Respice,
2197 4074 2385 4129 exaudi
2410 4090 2508 4140 me,
2539 4072 2756 4128 Domine
2780 4074 2920 4129 Dens
2946 4091 3102 4131 mens.
3130 4073 3379 4129 litamina
3405 4091 3526 4130 oca-

1936 4169 2012 4222 los
2040 4183 2176 4224 meos
2195 4205 2211 4230 ,
2242 4183 2305 4220 ne
2333 4181 2573 4234 uniquam
2607 4164 2920 4220 obdormiam
2955 4167 3011 4220 in
3047 4176 3225 4221 morte.
3253 4167 3522 4233 Quemado

1936 4257 2153 4313 modum
2193 4258 2334 4311 enim
2378 4270 2499 4309 cum
2539 4255 2733 4311 retinet
2773 4271 2836 4311 ac
2863 4256 3099 4312 defendit
3139 4272 3239 4312 nos
3270 4258 3441 4323 Deus,
3469 4268 3524 4310 et

1936 4360 2041 4405 stat
2065 4365 2096 4404 a
2130 4348 2305 4414 nobis,
2325 4364 2445 4419 quas
2471 4349 2768 4404 molestiam
2797 4348 3024 4404 afferunt
3050 4350 3207 4420 longe
3235 4349 3517 4408 recedunt:

1936 4441 2008 4496 ita
2032 4441 2192 4496 etiam
2222 4455 2342 4495 eum
2366 4439 2589 4495 recessit
2615 4448 2671 4494 et
2703 4439 2899 4495 oblitus
2933 4449 3035 4506 est,
3063 4441 3239 4495 anima
3264 4441 3523 4512 discerpi-

1938 4541 2042 4601 tur,
2072 4548 2135 4588 ac
2159 4548 2256 4588 cor
2295 4533 2483 4588 dolore
2514 4534 2745 4605 angitur,
2785 4544 2840 4589 et
2869 4536 2958 4604 qui
3002 4544 3197 4591 vexant
3236 4533 3540 4598 insultant,’

1938 4634 2169 4696 suntque
2193 4626 2369 4679 omnia
2399 4625 2599 4695 scopuli
2626 4640 2689 4680 ac
2717 4626 3027 4696 praecipitia.
3049 4626 3174 4681 Haec
3197 4636 3376 4681 autem
3417 4633 3523 4687 uti-

1937 4720 2061 4775 liter
2100 4720 2501 4790 permittuntur,
2544 4728 2592 4773 ut
2636 4732 2732 4789 per
2760 4719 2934 4773 omnia
2981 4720 3241 4774 stimulati
3280 4721 3366 4790 qui
3398 4736 3520 4775 sunt

1938 4810 2296 4875 seem-diores,
2327 4809 2516 4878 majori
2543 4809 2718 4864 studio
2746 4810 2968 4866 redeant
2996 4826 3063 4865 eo
3083 4852 3098 4876 ,
3129 4810 3269 4865 unde
3307 4812 3524 4866 excide-

1938 4913 2082 4959 runt.
2116 4902 2328 4957 Erudiet
2356 4906 2498 4957 enim
2523 4942 2538 4967 ,
2572 4902 2762 4973 inquit,
2794 4911 2841 4957 te
2879 4903 3092 4974 defectio
3130 4913 3235 4968 tua,
3265 4912 3312 4956 et
3335 4893 3522 4957 uitium

1939 5006 2082 5050 tuum
2123 5005 2170 5049 te
2205 4995 2470 5065 redarguet
2499 4995 2518 5065 (
2538 4993 2649 5048 Jer.
2674 4994 2729 5048 2.
2755 4994 2874 5065 19).
2913 4994 3007 5050 Dei
3047 4995 3226 5065 itaque
3249 4995 3530 5051 derelictio

1939 5099 2023 5144 est
2049 5086 2255 5158 species
2287 5087 2650 5157 providentia.
2680 5085 2903 5155 Quando
2946 5087 3087 5141 enim
3128 5086 3218 5156 qui
3251 5085 3521 5155 providet,

1938 5189 1994 5233 et
2017 5193 2198 5233 curam
2220 5179 2376 5247 gerit,
2400 5176 2777 5241 contemnitur,
2801 5191 3086 5248 parumper
3109 5175 3326 5231 dimittit
3352 5184 3405 5232 et
3433 5177 3529 5231 de-

1939 5266 2208 5342 relinquit,
2236 5280 2292 5325 ut
2318 5279 2444 5325 tunc
2469 5269 2690 5339 expulsa
2723 5269 2987 5336 socordia,
3024 5269 3354 5340 negligentes
3398 5269 3525 5322 liant

1938 5363 2302 5433 diligentiores
2351 5360 2448 5434 (a).
2498 5361 2762 5431 Respice,
2813 5361 3022 5430 inquit,
3067 5360 3187 5414 vide
3248 5351 3522 5414 inimicum

1939 5472 2154 5525 meum,
2190 5455 2279 5526 qui
2321 5454 2585 5513 exaltatur
2611 5468 2769 5524 supra
2819 5469 2907 5509 me
2940 5472 2953 5508 :
2985 5463 3039 5508 et
3075 5453 3120 5509 si
3164 5468 3272 5508 non
3309 5461 3524 5524 propter

2002 5587 2077 5650 (tt)
2111 5588 2166 5639 In
2190 5588 2297 5639 haec
2319 5582 2469 5650 verba
2491 5584 2859 5650 desinitiPSalmi
2881 5588 2963 5638 XII
2986 5584 3233 5650 Expositio
3254 5587 3380 5650 apud
3396 5587 3524 5637 Savi-

1941 5645 2090 5708 liuin',
2114 5658 2166 5699 Τ.
2194 5650 2244 5707 1,
2269 5649 2351 5712 qui
2376 5654 2543 5712 monet
2576 5645 2964 5712 Qodicemsuugt
2992 5645 3212 5712 deligere
3247 5645 3530 5712 ceteraque

1848 5770 1852 5777 _
1942 5706 2237 5766 desiderari.
2259 5706 2351 5767 sed
2382 5708 2538 5761 locum
2576 5708 2837 5777 integrarit
2856 5721 2887 5758 e
2911 5706 3082 5760 Codice
3107 5706 3363 5763 Barberino
3384 5706 3490 5760 TIS
3505 5743 3523 5770 ,
