  <div class='ocr_page' id='page_1' title='image "/cluster/home/n/w/nwhite01/storage/ocr_20150623/55/mdp.39015028539511/143.png"; bbox 0 0 4068 6288; ppageno 0'>
   <div class='ocr_carea' id='block_1_1' title="bbox 621 273 3183 343">
    <p class='ocr_par' dir='ltr' id='par_1_1' title="bbox 621 273 3183 343">
     <span class='ocr_line' id='line_1_1' title="bbox 621 273 3183 343; baseline 0 -12"><span class='ocrx_word' id='word_1_1' title='bbox 621 288 711 343; x_wconf 65' lang='lat'><strong>{51</strong></span> <span class='ocrx_word' id='word_1_2' title='bbox 1421 274 1703 333; x_wconf 83' lang='lat' dir='ltr'><strong>JOANNIS</strong></span> <span class='ocrx_word' id='word_1_3' title='bbox 1741 275 2230 334; x_wconf 74' lang='lat' dir='ltr'><strong>CIIBYSOSTOMI</strong></span> <span class='ocrx_word' id='word_1_4' title='bbox 2279 275 2595 332; x_wconf 60' lang='lat' dir='ltr'><strong>ARCHEP.</strong></span> <span class='ocrx_word' id='word_1_5' title='bbox 2640 277 3183 335; x_wconf 76' lang='lat' dir='ltr'><strong>CONSTANTINOP.</strong></span> 
     </span>
    </p>
   </div>
   <div class='ocr_carea' id='block_1_2' title="bbox 615 387 2201 459">
    <p class='ocr_par' dir='ltr' id='par_1_2' title="bbox 615 387 2201 459">
     <span class='ocr_line' id='line_1_2' title="bbox 615 387 2201 459; baseline -0.004 -10"><span class='ocrx_word' id='word_1_6' title='bbox 615 409 789 450; x_wconf 86' lang='lat' dir='ltr'><strong>tneam</strong></span> <span class='ocrx_word' id='word_1_7' title='bbox 819 391 1109 454; x_wconf 90' lang='lat' dir='ltr'><strong>miseriam,</strong></span> <span class='ocrx_word' id='word_1_8' title='bbox 1139 391 1324 445; x_wconf 84' lang='lat' dir='ltr'><strong>saltem</strong></span> <span class='ocrx_word' id='word_1_9' title='bbox 1354 397 1573 459; x_wconf 90' lang='lat' dir='ltr'><strong>propter</strong></span> <span class='ocrx_word' id='word_1_10' title='bbox 1599 387 1738 442; x_wconf 90' lang='lat' dir='ltr'><strong>illius</strong></span> <span class='ocrx_word' id='word_1_11' title='bbox 1764 388 2116 458; x_wconf 78' lang='lat' dir='ltr'><strong>arrogantiam</strong></span> <span class='ocrx_word' id='word_1_12' title='bbox 2146 397 2201 442; x_wconf 90' lang='lat' dir='ltr'><strong>et</strong></span> 
     </span>
    </p>
   </div>
   <div class='ocr_carea' id='block_1_3' title="bbox 614 479 2201 555">
    <p class='ocr_par' dir='ltr' id='par_1_3' title="bbox 614 479 2201 555">
     <span class='ocr_line' id='line_1_3' title="bbox 614 479 2201 555; baseline -0.005 -15"><span class='ocrx_word' id='word_1_13' title='bbox 614 485 917 555; x_wconf 86' lang='lat' dir='ltr'><strong>superbiam</strong></span> <span class='ocrx_word' id='word_1_14' title='bbox 954 482 1148 538; x_wconf 78' lang='lat' dir='ltr'><strong>exaudi</strong></span> <span class='ocrx_word' id='word_1_15' title='bbox 1189 496 1295 536; x_wconf 90' lang='lat' dir='ltr'><strong>me.</strong></span> <span class='ocrx_word' id='word_1_16' title='bbox 1320 481 1388 534; x_wconf 89' lang='lat' dir='ltr'><strong>Et</strong></span> <span class='ocrx_word' id='word_1_17' title='bbox 1415 480 1540 549; x_wconf 89' lang='lat' dir='ltr'><strong>quid</strong></span> <span class='ocrx_word' id='word_1_18' title='bbox 1571 480 1751 548; x_wconf 82' lang='lat' dir='ltr'><strong>petis?</strong></span> <span class='ocrx_word' id='word_1_19' title='bbox 1779 479 1846 535; x_wconf 91' lang='lat' dir='ltr'><strong>Ut</strong></span> <span class='ocrx_word' id='word_1_20' title='bbox 1884 493 2068 534; x_wconf 90' lang='lat' dir='ltr'><strong>vmcas</strong></span> <span class='ocrx_word' id='word_1_21' title='bbox 2100 479 2201 533; x_wconf 93' lang='lat' dir='ltr'><strong>ini-</strong></span> 
     </span>
    </p>
   </div>
   <div class='ocr_carea' id='block_1_4' title="bbox 621 569 2200 636">
    <p class='ocr_par' dir='ltr' id='par_1_4' title="bbox 621 569 2200 636">
     <span class='ocr_line' id='line_1_4' title="bbox 621 569 2200 636; baseline -0.004 -5"><span class='ocrx_word' id='word_1_22' title='bbox 621 577 827 632; x_wconf 84' lang='lat' dir='ltr'><strong>micos?</strong></span> <span class='ocrx_word' id='word_1_23' title='bbox 878 575 992 630; x_wconf 87' lang='lat' dir='ltr'><strong>Non</strong></span> <span class='ocrx_word' id='word_1_24' title='bbox 1052 573 1154 628; x_wconf 86' lang='lat' dir='ltr'><strong>hoc</strong></span> <span class='ocrx_word' id='word_1_25' title='bbox 1196 572 1344 636; x_wconf 84' lang='lat' dir='ltr'><strong>dicit,</strong></span> <span class='ocrx_word' id='word_1_26' title='bbox 1392 570 1507 636; x_wconf 85' lang='lat' dir='ltr'><strong>sed,</strong></span> <span class='ocrx_word' id='word_1_27' title='bbox 1545 570 1614 626; x_wconf 89' lang='lat' dir='ltr'><strong>Ut</strong></span> <span class='ocrx_word' id='word_1_28' title='bbox 1653 571 2015 626; x_wconf 84' lang='lat' dir='ltr'><strong>illuminentur</strong></span> <span class='ocrx_word' id='word_1_29' title='bbox 2059 569 2200 626; x_wconf 89' lang='lat' dir='ltr'><strong>oculi</strong></span> 
     </span>
    </p>
   </div>
   <div class='ocr_carea' id='block_1_5' title="bbox 616 661 2199 734">
    <p class='ocr_par' dir='ltr' id='par_1_5' title="bbox 616 661 2199 734">
     <span class='ocr_line' id='line_1_5' title="bbox 616 661 2199 734; baseline -0.003 -15"><span class='ocrx_word' id='word_1_30' title='bbox 616 667 815 732; x_wconf 84' lang='lat' dir='ltr'><strong>cordis,</strong></span> <span class='ocrx_word' id='word_1_31' title='bbox 848 674 903 720; x_wconf 90' lang='lat' dir='ltr'><strong>ut</strong></span> <span class='ocrx_word' id='word_1_32' title='bbox 924 665 1259 734; x_wconf 85' lang='lat' dir='ltr'><strong>expellantur</strong></span> <span class='ocrx_word' id='word_1_33' title='bbox 1286 663 1540 722; x_wconf 73' lang='lat' dir='ltr'><strong>tenebrae,</strong></span> <span class='ocrx_word' id='word_1_34' title='bbox 1571 678 1688 728; x_wconf 73' lang='lat' dir='ltr'><strong>qum</strong></span> <span class='ocrx_word' id='word_1_35' title='bbox 1716 671 1839 715; x_wconf 86' lang='lat' dir='ltr'><strong>sunt</strong></span> <span class='ocrx_word' id='word_1_36' title='bbox 1863 661 2046 715; x_wconf 68' lang='lat' dir='ltr'><strong>offusae</strong></span> <span class='ocrx_word' id='word_1_37' title='bbox 2077 677 2199 731; x_wconf 85' lang='lat' dir='ltr'><strong>per-</strong></span> 
     </span>
    </p>
   </div>
   <div class='ocr_carea' id='block_1_6' title="bbox 616 752 2200 825">
    <p class='ocr_par' dir='ltr' id='par_1_6' title="bbox 616 752 2200 825">
     <span class='ocr_line' id='line_1_6' title="bbox 616 752 2200 825; baseline -0.003 -16"><span class='ocrx_word' id='word_1_38' title='bbox 616 758 808 825; x_wconf 84' lang='lat' dir='ltr'><strong>spicaci</strong></span> <span class='ocrx_word' id='word_1_39' title='bbox 839 757 1030 810; x_wconf 69' lang='lat' dir='ltr'><strong>animre</strong></span> <span class='ocrx_word' id='word_1_40' title='bbox 1075 754 1344 817; x_wconf 81' lang='lat' dir='ltr'><strong>facultati,</strong></span> <span class='ocrx_word' id='word_1_41' title='bbox 1387 761 1441 806; x_wconf 93' lang='lat' dir='ltr'><strong>et</strong></span> <span class='ocrx_word' id='word_1_42' title='bbox 1471 753 1830 821; x_wconf 67' lang='lat' dir='ltr'><strong>intelligentia:</strong></span> <span class='ocrx_word' id='word_1_43' title='bbox 1857 752 2067 806; x_wconf 84' lang='lat' dir='ltr'><strong>oculum</strong></span> <span class='ocrx_word' id='word_1_44' title='bbox 2099 753 2200 805; x_wconf 84' lang='lat' dir='ltr'><strong>ob-</strong></span> 
     </span>
    </p>
   </div>
   <div class='ocr_carea' id='block_1_7' title="bbox 616 840 2196 914">
    <p class='ocr_par' dir='ltr' id='par_1_7' title="bbox 616 840 2196 914">
     <span class='ocr_line' id='line_1_7' title="bbox 616 840 2196 914; baseline -0.006 -9"><span class='ocrx_word' id='word_1_45' title='bbox 616 857 915 905; x_wconf 81' lang='lat' dir='ltr'><strong>scurarum.</strong></span> <span class='ocrx_word' id='word_1_46' title='bbox 964 847 1076 901; x_wconf 87' lang='lat' dir='ltr'><strong>Hoc</strong></span> <span class='ocrx_word' id='word_1_47' title='bbox 1119 858 1267 914; x_wconf 88' lang='lat' dir='ltr'><strong>peto,</strong></span> <span class='ocrx_word' id='word_1_48' title='bbox 1308 840 1551 897; x_wconf 71' lang='lat' dir='ltr'><strong>[flumina</strong></span> <span class='ocrx_word' id='word_1_49' title='bbox 1593 844 1766 898; x_wconf 85' lang='lat' dir='ltr'><strong>oculos</strong></span> <span class='ocrx_word' id='word_1_50' title='bbox 1816 860 1973 897; x_wconf 80' lang='lat' dir='ltr'><strong>meos.</strong></span> <span class='ocrx_word' id='word_1_51' title='bbox 2006 844 2058 898; x_wconf 84' lang='lat'><strong>5.</strong></span> <span class='ocrx_word' id='word_1_52' title='bbox 2092 842 2196 895; x_wconf 84' lang='lat' dir='ltr'><strong>Ne-</strong></span> 
     </span>
    </p>
   </div>
   <div class='ocr_carea' id='block_1_8' title="bbox 615 933 2197 1009">
    <p class='ocr_par' dir='ltr' id='par_1_8' title="bbox 615 933 2197 1009">
     <span class='ocr_line' id='line_1_8' title="bbox 615 933 2197 1009; baseline -0.005 -16"><span class='ocrx_word' id='word_1_53' title='bbox 615 939 818 1009; x_wconf 82' lang='lat' dir='ltr'><strong>quando</strong></span> <span class='ocrx_word' id='word_1_54' title='bbox 847 937 983 992; x_wconf 87' lang='lat' dir='ltr'><strong>dicat</strong></span> <span class='ocrx_word' id='word_1_55' title='bbox 1007 939 1244 993; x_wconf 80' lang='lat' dir='ltr'><strong>inimicus</strong></span> <span class='ocrx_word' id='word_1_56' title='bbox 1267 951 1427 997; x_wconf 85' lang='lat' dir='ltr'><strong>meus,</strong></span> <span class='ocrx_word' id='word_1_57' title='bbox 1454 949 1574 988; x_wconf 89' lang='lat' dir='ltr'><strong>cum</strong></span> <span class='ocrx_word' id='word_1_58' title='bbox 1606 949 1691 987; x_wconf 92' lang='lat' dir='ltr'><strong>me</strong></span> <span class='ocrx_word' id='word_1_59' title='bbox 1716 933 1908 988; x_wconf 91' lang='lat' dir='ltr'><strong>viderit</strong></span> <span class='ocrx_word' id='word_1_60' title='bbox 1944 934 2197 988; x_wconf 87' lang='lat' dir='ltr'><strong>deturba-</strong></span> 
     </span>
    </p>
   </div>
   <div class='ocr_carea' id='block_1_9' title="bbox 620 1023 2193 1096">
    <p class='ocr_par' dir='ltr' id='par_1_9' title="bbox 620 1023 2193 1096">
     <span class='ocr_line' id='line_1_9' title="bbox 620 1023 2193 1096; baseline -0.006 -12"><span class='ocrx_word' id='word_1_61' title='bbox 620 1041 731 1085; x_wconf 90' lang='lat' dir='ltr'><strong>tum</strong></span> <span class='ocrx_word' id='word_1_62' title='bbox 762 1029 827 1084; x_wconf 88' lang='lat' dir='ltr'><strong>ad</strong></span> <span class='ocrx_word' id='word_1_63' title='bbox 856 1036 1080 1083; x_wconf 87' lang='lat' dir='ltr'><strong>mortem</strong></span> <span class='ocrx_word' id='word_1_64' title='bbox 1111 1024 1311 1096; x_wconf 84' lang='lat' dir='ltr'><strong>peccati</strong></span> <span class='ocrx_word' id='word_1_65' title='bbox 1344 1042 1357 1078; x_wconf 90' lang='lat'><strong>:</strong></span> <span class='ocrx_word' id='word_1_66' title='bbox 1395 1023 1482 1077; x_wconf 87' lang='lat' dir='ltr'><strong>Ita</strong></span> <span class='ocrx_word' id='word_1_67' title='bbox 1511 1025 1754 1093; x_wconf 71' lang='lat' dir='ltr'><strong>prwvalui</strong></span> <span class='ocrx_word' id='word_1_68' title='bbox 1799 1024 2036 1078; x_wconf 84' lang='lat' dir='ltr'><strong>adversus</strong></span> <span class='ocrx_word' id='word_1_69' title='bbox 2059 1041 2193 1076; x_wconf 86' lang='lat' dir='ltr'><strong>eum.</strong></span> 
     </span>
    </p>
   </div>
   <div class='ocr_carea' id='block_1_10' title="bbox 615 1113 2200 1189">
    <p class='ocr_par' dir='ltr' id='par_1_10' title="bbox 615 1113 2200 1189">
     <span class='ocr_line' id='line_1_10' title="bbox 615 1113 2200 1189; baseline -0.003 -18"><span class='ocrx_word' id='word_1_70' title='bbox 615 1119 794 1189; x_wconf 85' lang='lat' dir='ltr'><strong>Ipsum</strong></span> <span class='ocrx_word' id='word_1_71' title='bbox 823 1118 1104 1188; x_wconf 79' lang='lat' dir='ltr'><strong>superavi;</strong></span> <span class='ocrx_word' id='word_1_72' title='bbox 1132 1116 1273 1184; x_wconf 90' lang='lat' dir='ltr'><strong>quod</strong></span> <span class='ocrx_word' id='word_1_73' title='bbox 1303 1114 1545 1169; x_wconf 89' lang='lat' dir='ltr'><strong>volebam</strong></span> <span class='ocrx_word' id='word_1_74' title='bbox 1575 1115 1756 1168; x_wconf 87' lang='lat' dir='ltr'><strong>videre</strong></span> <span class='ocrx_word' id='word_1_75' title='bbox 1775 1154 1790 1179; x_wconf 96' lang='lat'><strong>,</strong></span> <span class='ocrx_word' id='word_1_76' title='bbox 1821 1114 1923 1168; x_wconf 88' lang='lat' dir='ltr'><strong>hoc</strong></span> <span class='ocrx_word' id='word_1_77' title='bbox 1952 1113 2082 1169; x_wconf 91' lang='lat' dir='ltr'><strong>mihi</strong></span> <span class='ocrx_word' id='word_1_78' title='bbox 2111 1129 2200 1168; x_wconf 82' lang='lat' dir='ltr'><strong>ac-</strong></span> 
     </span>
    </p>
   </div>
   <div class='ocr_carea' id='block_1_11' title="bbox 613 1204 2198 1276">
    <p class='ocr_par' dir='ltr' id='par_1_11' title="bbox 613 1204 2198 1276">
     <span class='ocr_line' id='line_1_11' title="bbox 613 1204 2198 1276; baseline -0.006 -11"><span class='ocrx_word' id='word_1_79' title='bbox 613 1211 762 1266; x_wconf 86' lang='lat' dir='ltr'><strong>cidit.</strong></span> <span class='ocrx_word' id='word_1_80' title='bbox 789 1208 926 1276; x_wconf 84' lang='lat' dir='ltr'><strong>Quid</strong></span> <span class='ocrx_word' id='word_1_81' title='bbox 969 1217 1079 1273; x_wconf 89' lang='lat' dir='ltr'><strong>est,</strong></span> <span class='ocrx_word' id='word_1_82' title='bbox 1123 1205 1378 1260; x_wconf 76' lang='lat' dir='ltr'><strong>Prwualui</strong></span> <span class='ocrx_word' id='word_1_83' title='bbox 1421 1205 1658 1258; x_wconf 76' lang='lat' dir='ltr'><strong>adversus</strong></span> <span class='ocrx_word' id='word_1_84' title='bbox 1695 1205 1853 1258; x_wconf 81' lang='lat' dir='ltr'><strong>eum?</strong></span> <span class='ocrx_word' id='word_1_85' title='bbox 1881 1204 1994 1258; x_wconf 81' lang='lat' dir='ltr'><strong>EtSI</strong></span> <span class='ocrx_word' id='word_1_86' title='bbox 2023 1219 2117 1272; x_wconf 91' lang='lat' dir='ltr'><strong>per</strong></span> <span class='ocrx_word' id='word_1_87' title='bbox 2140 1217 2198 1257; x_wconf 89' lang='lat' dir='ltr'><strong>se</strong></span> 
     </span>
    </p>
   </div>
   <div class='ocr_carea' id='block_1_12' title="bbox 616 1294 2196 1365">
    <p class='ocr_par' dir='ltr' id='par_1_12' title="bbox 616 1294 2196 1365">
     <span class='ocr_line' id='line_1_12' title="bbox 616 1294 2196 1365; baseline -0.002 -13"><span class='ocrx_word' id='word_1_88' title='bbox 616 1315 723 1354; x_wconf 90' lang='lat' dir='ltr'><strong>non</strong></span> <span class='ocrx_word' id='word_1_89' title='bbox 745 1309 825 1356; x_wconf 88' lang='lat' dir='ltr'><strong>est</strong></span> <span class='ocrx_word' id='word_1_90' title='bbox 856 1300 1025 1361; x_wconf 88' lang='lat' dir='ltr'><strong>fortis,</strong></span> <span class='ocrx_word' id='word_1_91' title='bbox 1042 1306 1231 1354; x_wconf 86' lang='lat' dir='ltr'><strong>centra</strong></span> <span class='ocrx_word' id='word_1_92' title='bbox 1263 1311 1350 1351; x_wconf 92' lang='lat' dir='ltr'><strong>me</strong></span> <span class='ocrx_word' id='word_1_93' title='bbox 1377 1296 1591 1365; x_wconf 87' lang='lat' dir='ltr'><strong>quidem</strong></span> <span class='ocrx_word' id='word_1_94' title='bbox 1618 1306 1765 1350; x_wconf 84' lang='lat' dir='ltr'><strong>certe</strong></span> <span class='ocrx_word' id='word_1_95' title='bbox 1785 1304 1866 1349; x_wconf 87' lang='lat' dir='ltr'><strong>est</strong></span> <span class='ocrx_word' id='word_1_96' title='bbox 1894 1296 2061 1349; x_wconf 88' lang='lat' dir='ltr'><strong>fortis.</strong></span> <span class='ocrx_word' id='word_1_97' title='bbox 2092 1294 2196 1349; x_wconf 89' lang='lat' dir='ltr'><strong>No-</strong></span> 
     </span>
    </p>
   </div>
   <div class='ocr_carea' id='block_1_13' title="bbox 617 1386 2200 1457">
    <p class='ocr_par' dir='ltr' id='par_1_13' title="bbox 617 1386 2200 1457">
     <span class='ocr_line' id='line_1_13' title="bbox 617 1386 2200 1457; baseline -0.003 -12"><span class='ocrx_word' id='word_1_98' title='bbox 617 1401 724 1446; x_wconf 89' lang='lat' dir='ltr'><strong>stra</strong></span> <span class='ocrx_word' id='word_1_99' title='bbox 752 1390 931 1446; x_wconf 92' lang='lat' dir='ltr'><strong>clades</strong></span> <span class='ocrx_word' id='word_1_100' title='bbox 954 1391 1003 1444; x_wconf 90' lang='lat' dir='ltr'><strong>ei</strong></span> <span class='ocrx_word' id='word_1_101' title='bbox 1032 1388 1186 1444; x_wconf 82' lang='lat' dir='ltr'><strong>affert</strong></span> <span class='ocrx_word' id='word_1_102' title='bbox 1212 1388 1381 1452; x_wconf 91' lang='lat' dir='ltr'><strong>vires,</strong></span> <span class='ocrx_word' id='word_1_103' title='bbox 1409 1401 1636 1456; x_wconf 89' lang='lat' dir='ltr'><strong>eumque</strong></span> <span class='ocrx_word' id='word_1_104' title='bbox 1660 1386 1833 1441; x_wconf 86' lang='lat' dir='ltr'><strong>reddit</strong></span> <span class='ocrx_word' id='word_1_105' title='bbox 1853 1394 2120 1457; x_wconf 84' lang='lat' dir='ltr'><strong>potentem</strong></span> <span class='ocrx_word' id='word_1_106' title='bbox 2145 1389 2200 1442; x_wconf 67' lang='lat' dir='ltr'><strong>ei</strong></span> 
     </span>
    </p>
   </div>
   <div class='ocr_carea' id='block_1_14' title="bbox 619 1480 1445 1552">
    <p class='ocr_par' dir='ltr' id='par_1_14' title="bbox 619 1480 1445 1552">
     <span class='ocr_line' id='line_1_14' title="bbox 619 1480 1445 1552; baseline -0.004 -16"><span class='ocrx_word' id='word_1_107' title='bbox 619 1484 870 1547; x_wconf 86' lang='lat' dir='ltr'><strong>validum,</strong></span> <span class='ocrx_word' id='word_1_108' title='bbox 893 1492 946 1538; x_wconf 93' lang='lat' dir='ltr'><strong>et</strong></span> <span class='ocrx_word' id='word_1_109' title='bbox 967 1480 1445 1552; x_wconf 79' lang='lat' dir='ltr'><strong>inexpugnabilem.</strong></span> 
     </span>
    </p>
   </div>
   <div class='ocr_carea' id='block_1_15' title="bbox 685 1567 2189 1638">
    <p class='ocr_par' dir='ltr' id='par_1_15' title="bbox 685 1567 2189 1638">
     <span class='ocr_line' id='line_1_15' title="bbox 685 1567 2189 1638; baseline -0.003 -12"><span class='ocrx_word' id='word_1_110' title='bbox 685 1573 740 1626; x_wconf 74' lang='lat'><strong>2.</strong></span> <span class='ocrx_word' id='word_1_111' title='bbox 767 1571 940 1626; x_wconf 82' lang='lat' dir='ltr'><strong>Hostis</strong></span> <span class='ocrx_word' id='word_1_112' title='bbox 965 1571 1194 1624; x_wconf 85' lang='lat' dir='ltr'><strong>cladibus</strong></span> <span class='ocrx_word' id='word_1_113' title='bbox 1219 1569 1402 1623; x_wconf 82' lang='lat' dir='ltr'><strong>nostris</strong></span> <span class='ocrx_word' id='word_1_114' title='bbox 1425 1567 1587 1622; x_wconf 84' lang='lat' dir='ltr'><strong>evadit</strong></span> <span class='ocrx_word' id='word_1_115' title='bbox 1608 1567 2045 1638; x_wconf 81' lang='lat' dir='ltr'><strong>fortior.—Vides</strong></span> <span class='ocrx_word' id='word_1_116' title='bbox 2073 1582 2189 1635; x_wconf 89' lang='lat' dir='ltr'><strong>nos,</strong></span> 
     </span>
    </p>
   </div>
   <div class='ocr_carea' id='block_1_16' title="bbox 614 1659 2197 1737">
    <p class='ocr_par' dir='ltr' id='par_1_16' title="bbox 614 1659 2197 1737">
     <span class='ocr_line' id='line_1_16' title="bbox 614 1659 2197 1737; baseline -0.004 -17"><span class='ocrx_word' id='word_1_117' title='bbox 614 1665 828 1737; x_wconf 81' lang='lat' dir='ltr'><strong>quando</strong></span> <span class='ocrx_word' id='word_1_118' title='bbox 857 1679 1159 1734; x_wconf 83' lang='lat' dir='ltr'><strong>peccamus,</strong></span> <span class='ocrx_word' id='word_1_119' title='bbox 1189 1677 1293 1717; x_wconf 90' lang='lat' dir='ltr'><strong>non</strong></span> <span class='ocrx_word' id='word_1_120' title='bbox 1321 1662 1491 1716; x_wconf 87' lang='lat' dir='ltr'><strong>solum</strong></span> <span class='ocrx_word' id='word_1_121' title='bbox 1524 1661 1767 1729; x_wconf 87' lang='lat' dir='ltr'><strong>nosipsos</strong></span> <span class='ocrx_word' id='word_1_122' title='bbox 1790 1659 2052 1715; x_wconf 82' lang='lat' dir='ltr'><strong>dedecore</strong></span> <span class='ocrx_word' id='word_1_123' title='bbox 2080 1659 2197 1714; x_wconf 83' lang='lat' dir='ltr'><strong>afﬁ-</strong></span> 
     </span>
    </p>
   </div>
   <div class='ocr_carea' id='block_1_17' title="bbox 613 1751 2195 1826">
    <p class='ocr_par' dir='ltr' id='par_1_17' title="bbox 613 1751 2195 1826">
     <span class='ocr_line' id='line_1_17' title="bbox 613 1751 2195 1826; baseline -0.006 -13"><span class='ocrx_word' id='word_1_124' title='bbox 613 1773 758 1820; x_wconf 87' lang='lat' dir='ltr'><strong>cere,</strong></span> <span class='ocrx_word' id='word_1_125' title='bbox 787 1757 1031 1826; x_wconf 69' lang='lat' dir='ltr'><strong>perdere,</strong></span> <span class='ocrx_word' id='word_1_126' title='bbox 1055 1755 1118 1809; x_wconf 90' lang='lat' dir='ltr'><strong>ad</strong></span> <span class='ocrx_word' id='word_1_127' title='bbox 1147 1763 1373 1809; x_wconf 90' lang='lat' dir='ltr'><strong>mortem</strong></span> <span class='ocrx_word' id='word_1_128' title='bbox 1395 1752 1680 1819; x_wconf 81' lang='lat' dir='ltr'><strong>deducere,</strong></span> <span class='ocrx_word' id='word_1_129' title='bbox 1709 1752 1802 1808; x_wconf 90' lang='lat' dir='ltr'><strong>sed</strong></span> <span class='ocrx_word' id='word_1_130' title='bbox 1822 1766 1887 1806; x_wconf 89' lang='lat' dir='ltr'><strong>eo</strong></span> <span class='ocrx_word' id='word_1_131' title='bbox 1910 1751 2050 1821; x_wconf 90' lang='lat' dir='ltr'><strong>quod</strong></span> <span class='ocrx_word' id='word_1_132' title='bbox 2072 1751 2195 1806; x_wconf 82' lang='lat' dir='ltr'><strong>victi</strong></span> 
     </span>
    </p>
   </div>
   <div class='ocr_carea' id='block_1_18' title="bbox 615 1843 2195 1914">
    <p class='ocr_par' dir='ltr' id='par_1_18' title="bbox 615 1843 2195 1914">
     <span class='ocr_line' id='line_1_18' title="bbox 615 1843 2195 1914; baseline -0.002 -14"><span class='ocrx_word' id='word_1_133' title='bbox 615 1863 817 1910; x_wconf 86' lang='lat' dir='ltr'><strong>sumus,</strong></span> <span class='ocrx_word' id='word_1_134' title='bbox 847 1846 1090 1900; x_wconf 89' lang='lat' dir='ltr'><strong>inimicos</strong></span> <span class='ocrx_word' id='word_1_135' title='bbox 1115 1856 1324 1900; x_wconf 88' lang='lat' dir='ltr'><strong>nostros</strong></span> <span class='ocrx_word' id='word_1_136' title='bbox 1343 1845 1546 1899; x_wconf 85' lang='lat' dir='ltr'><strong>validos</strong></span> <span class='ocrx_word' id='word_1_137' title='bbox 1573 1853 1918 1913; x_wconf 89' lang='lat' dir='ltr'><strong>potentesque</strong></span> <span class='ocrx_word' id='word_1_138' title='bbox 1938 1843 2195 1914; x_wconf 77' lang='lat' dir='ltr'><strong>prtediea-</strong></span> 
     </span>
    </p>
   </div>
   <div class='ocr_carea' id='block_1_19' title="bbox 617 1936 2198 2004">
    <p class='ocr_par' dir='ltr' id='par_1_19' title="bbox 617 1936 2198 2004">
     <span class='ocr_line' id='line_1_19' title="bbox 617 1936 2198 2004; baseline -0.003 -10"><span class='ocrx_word' id='word_1_139' title='bbox 617 1955 678 1994; x_wconf 87' lang='lat' dir='ltr'><strong>re</strong></span> <span class='ocrx_word' id='word_1_140' title='bbox 708 1957 722 1992; x_wconf 92' lang='lat'>:</span> <span class='ocrx_word' id='word_1_141' title='bbox 751 1954 850 1994; x_wconf 90' lang='lat' dir='ltr'><strong>nec</strong></span> <span class='ocrx_word' id='word_1_142' title='bbox 875 1939 976 1994; x_wconf 89' lang='lat' dir='ltr'><strong>hoc</strong></span> <span class='ocrx_word' id='word_1_143' title='bbox 1001 1937 1197 2003; x_wconf 88' lang='lat' dir='ltr'><strong>solum,</strong></span> <span class='ocrx_word' id='word_1_144' title='bbox 1225 1937 1318 1992; x_wconf 81' lang='lat' dir='ltr'><strong>sed</strong></span> <span class='ocrx_word' id='word_1_145' title='bbox 1338 1938 1498 1992; x_wconf 86' lang='lat' dir='ltr'><strong>etiam</strong></span> <span class='ocrx_word' id='word_1_146' title='bbox 1521 1951 1615 1992; x_wconf 90' lang='lat' dir='ltr'><strong>eos</strong></span> <span class='ocrx_word' id='word_1_147' title='bbox 1643 1936 1693 1989; x_wconf 89' lang='lat' dir='ltr'><strong>itt</strong></span> <span class='ocrx_word' id='word_1_148' title='bbox 1717 1951 1904 2004; x_wconf 74' lang='lat' dir='ltr'><strong>magna</strong></span> <span class='ocrx_word' id='word_1_149' title='bbox 1934 1937 2114 1990; x_wconf 73' lang='lat' dir='ltr'><strong>laetitia</strong></span> <span class='ocrx_word' id='word_1_150' title='bbox 2141 1943 2198 1990; x_wconf 89' lang='lat' dir='ltr'><strong>et</strong></span> 
     </span>
    </p>
   </div>
   <div class='ocr_carea' id='block_1_20' title="bbox 614 2027 2192 2097">
    <p class='ocr_par' dir='ltr' id='par_1_20' title="bbox 614 2027 2192 2097">
     <span class='ocr_line' id='line_1_20' title="bbox 614 2027 2192 2097; baseline -0.003 -11"><span class='ocrx_word' id='word_1_151' title='bbox 614 2031 964 2086; x_wconf 82' lang='lat' dir='ltr'><strong>exsultatione</strong></span> <span class='ocrx_word' id='word_1_152' title='bbox 991 2030 1275 2085; x_wconf 83' lang='lat' dir='ltr'><strong>collocare.</strong></span> <span class='ocrx_word' id='word_1_153' title='bbox 1326 2029 1482 2097; x_wconf 54' lang='lat' dir='ltr'><strong>Papa</strong></span> <span class='ocrx_word' id='word_1_154' title='bbox 1505 2069 1520 2093; x_wconf 94' lang='lat'><strong>,</strong></span> <span class='ocrx_word' id='word_1_155' title='bbox 1565 2036 1780 2097; x_wconf 83' lang='lat' dir='ltr'><strong>quantae</strong></span> <span class='ocrx_word' id='word_1_156' title='bbox 1807 2036 1890 2082; x_wconf 90' lang='lat' dir='ltr'><strong>est</strong></span> <span class='ocrx_word' id='word_1_157' title='bbox 1917 2027 2192 2094; x_wconf 80' lang='lat' dir='ltr'><strong>stultitiae,</strong></span> 
     </span>
    </p>
   </div>
   <div class='ocr_carea' id='block_1_21' title="bbox 617 2120 2196 2192">
    <p class='ocr_par' dir='ltr' id='par_1_21' title="bbox 617 2120 2196 2192">
     <span class='ocr_line' id='line_1_21' title="bbox 617 2120 2196 2192; baseline 0 -17"><span class='ocrx_word' id='word_1_158' title='bbox 617 2123 796 2192; x_wconf 88' lang='lat' dir='ltr'><strong>quanti</strong></span> <span class='ocrx_word' id='word_1_159' title='bbox 824 2123 1055 2192; x_wconf 90' lang='lat' dir='ltr'><strong>stuporis</strong></span> <span class='ocrx_word' id='word_1_160' title='bbox 1082 2121 1404 2176; x_wconf 85' lang='lat' dir='ltr'><strong>adversariis</strong></span> <span class='ocrx_word' id='word_1_161' title='bbox 1428 2120 1684 2175; x_wconf 88' lang='lat' dir='ltr'><strong>adversus</strong></span> <span class='ocrx_word' id='word_1_162' title='bbox 1708 2122 1913 2190; x_wconf 23' lang='lat' dir='ltr'><strong>sei‘psos</strong></span> <span class='ocrx_word' id='word_1_163' title='bbox 1933 2121 2078 2175; x_wconf 80' lang='lat' dir='ltr'><strong>ferre</strong></span> <span class='ocrx_word' id='word_1_164' title='bbox 2101 2136 2196 2175; x_wconf 90' lang='lat' dir='ltr'><strong>au-</strong></span> 
     </span>
    </p>
   </div>
   <div class='ocr_carea' id='block_1_22' title="bbox 611 2211 2194 2284">
    <p class='ocr_par' dir='ltr' id='par_1_22' title="bbox 611 2211 2194 2284">
     <span class='ocr_line' id='line_1_22' title="bbox 611 2211 2194 2284; baseline -0.001 -17"><span class='ocrx_word' id='word_1_165' title='bbox 611 2214 795 2268; x_wconf 80' lang='lat' dir='ltr'><strong>xilium</strong></span> <span class='ocrx_word' id='word_1_166' title='bbox 815 2255 829 2274; x_wconf 85' lang='lat'><strong>,</strong></span> <span class='ocrx_word' id='word_1_167' title='bbox 858 2223 912 2268; x_wconf 91' lang='lat' dir='ltr'><strong>et</strong></span> <span class='ocrx_word' id='word_1_168' title='bbox 941 2213 1005 2268; x_wconf 90' lang='lat' dir='ltr'><strong>iis</strong></span> <span class='ocrx_word' id='word_1_169' title='bbox 1023 2255 1037 2278; x_wconf 92' lang='lat'><strong>,</strong></span> <span class='ocrx_word' id='word_1_170' title='bbox 1066 2214 1154 2284; x_wconf 91' lang='lat' dir='ltr'><strong>qui</strong></span> <span class='ocrx_word' id='word_1_171' title='bbox 1184 2212 1416 2267; x_wconf 89' lang='lat' dir='ltr'><strong>animam</strong></span> <span class='ocrx_word' id='word_1_172' title='bbox 1446 2221 1681 2265; x_wconf 88' lang='lat' dir='ltr'><strong>nostram</strong></span> <span class='ocrx_word' id='word_1_173' title='bbox 1706 2212 2014 2267; x_wconf 82' lang='lat' dir='ltr'><strong>excruciant</strong></span> <span class='ocrx_word' id='word_1_174' title='bbox 2034 2222 2086 2266; x_wconf 91' lang='lat' dir='ltr'><strong>et</strong></span> <span class='ocrx_word' id='word_1_175' title='bbox 2111 2211 2194 2266; x_wconf 80' lang='lat' dir='ltr'><strong>af-</strong></span> 
     </span>
    </p>
   </div>
   <div class='ocr_carea' id='block_1_23' title="bbox 613 2302 2194 2375">
    <p class='ocr_par' dir='ltr' id='par_1_23' title="bbox 613 2302 2194 2375">
     <span class='ocr_line' id='line_1_23' title="bbox 613 2302 2194 2375; baseline -0.001 -16"><span class='ocrx_word' id='word_1_176' title='bbox 613 2305 798 2375; x_wconf 84' lang='lat' dir='ltr'><strong>fligunt</strong></span> <span class='ocrx_word' id='word_1_177' title='bbox 819 2346 833 2370; x_wconf 90' lang='lat'><strong>,</strong></span> <span class='ocrx_word' id='word_1_178' title='bbox 864 2306 1058 2360; x_wconf 65' lang='lat' dir='ltr'><strong>laetitiae</strong></span> <span class='ocrx_word' id='word_1_179' title='bbox 1095 2320 1307 2359; x_wconf 87' lang='lat' dir='ltr'><strong>causam</strong></span> <span class='ocrx_word' id='word_1_180' title='bbox 1339 2313 1394 2359; x_wconf 87' lang='lat' dir='ltr'><strong>et</strong></span> <span class='ocrx_word' id='word_1_181' title='bbox 1418 2302 1784 2359; x_wconf 88' lang='lat' dir='ltr'><strong>exsultationis</strong></span> <span class='ocrx_word' id='word_1_182' title='bbox 1807 2304 2031 2358; x_wconf 79' lang='lat' dir='ltr'><strong>afferre!</strong></span> <span class='ocrx_word' id='word_1_183' title='bbox 2061 2302 2194 2358; x_wconf 82' lang='lat' dir='ltr'><strong>Vide</strong></span> 
     </span>
    </p>
   </div>
   <div class='ocr_carea' id='block_1_24' title="bbox 611 2393 2197 2466">
    <p class='ocr_par' dir='ltr' id='par_1_24' title="bbox 611 2393 2197 2466">
     <span class='ocr_line' id='line_1_24' title="bbox 611 2393 2197 2466; baseline -0.001 -18"><span class='ocrx_word' id='word_1_184' title='bbox 611 2404 741 2464; x_wconf 88' lang='lat' dir='ltr'><strong>quot</strong></span> <span class='ocrx_word' id='word_1_185' title='bbox 764 2395 1014 2450; x_wconf 88' lang='lat' dir='ltr'><strong>absurda.</strong></span> <span class='ocrx_word' id='word_1_186' title='bbox 1044 2394 1176 2449; x_wconf 88' lang='lat' dir='ltr'><strong>Cum</strong></span> <span class='ocrx_word' id='word_1_187' title='bbox 1205 2395 1474 2448; x_wconf 87' lang='lat' dir='ltr'><strong>inimicum</strong></span> <span class='ocrx_word' id='word_1_188' title='bbox 1503 2393 1719 2448; x_wconf 86' lang='lat' dir='ltr'><strong>vincere</strong></span> <span class='ocrx_word' id='word_1_189' title='bbox 1745 2402 2017 2462; x_wconf 89' lang='lat' dir='ltr'><strong>oporteret</strong></span> <span class='ocrx_word' id='word_1_190' title='bbox 2049 2393 2197 2466; x_wconf 87' lang='lat' dir='ltr'><strong>(Im-</strong></span> 
     </span>
    </p>
   </div>
   <div class='ocr_carea' id='block_1_25' title="bbox 615 2484 2194 2554">
    <p class='ocr_par' dir='ltr' id='par_1_25' title="bbox 615 2484 2194 2554">
     <span class='ocr_line' id='line_1_25' title="bbox 615 2484 2194 2554; baseline 0 -16"><span class='ocrx_word' id='word_1_191' title='bbox 615 2486 806 2540; x_wconf 62' lang='lat' dir='ltr'><strong>becillus</strong></span> <span class='ocrx_word' id='word_1_192' title='bbox 828 2487 968 2540; x_wconf 89' lang='lat' dir='ltr'><strong>enim</strong></span> <span class='ocrx_word' id='word_1_193' title='bbox 999 2488 1147 2554; x_wconf 73' lang='lat' dir='ltr'><strong>factae</strong></span> <span class='ocrx_word' id='word_1_194' title='bbox 1170 2495 1284 2538; x_wconf 83' lang='lat' dir='ltr'><strong>sunt</strong></span> <span class='ocrx_word' id='word_1_195' title='bbox 1319 2486 1429 2554; x_wconf 84' lang='lat' dir='ltr'><strong>ejus</strong></span> <span class='ocrx_word' id='word_1_196' title='bbox 1458 2487 1664 2554; x_wconf 70' lang='lat' dir='ltr'><strong>frameae</strong></span> <span class='ocrx_word' id='word_1_197' title='bbox 1682 2484 1734 2537; x_wconf 82' lang='lat' dir='ltr'><strong>in</strong></span> <span class='ocrx_word' id='word_1_198' title='bbox 1763 2484 1914 2551; x_wconf 79' lang='lat' dir='ltr'><strong>ﬁnem</strong></span> <span class='ocrx_word' id='word_1_199' title='bbox 1933 2525 1947 2549; x_wconf 92' lang='lat'><strong>,</strong></span> <span class='ocrx_word' id='word_1_200' title='bbox 1977 2493 2024 2537; x_wconf 88' lang='lat' dir='ltr'><strong>et</strong></span> <span class='ocrx_word' id='word_1_201' title='bbox 2049 2485 2194 2553; x_wconf 85' lang='lat' dir='ltr'><strong>periit</strong></span> 
     </span>
    </p>
   </div>
   <div class='ocr_carea' id='block_1_26' title="bbox 613 2574 2191 2649">
    <p class='ocr_par' dir='ltr' id='par_1_26' title="bbox 613 2574 2191 2649">
     <span class='ocr_line' id='line_1_26' title="bbox 613 2574 2191 2649; baseline -0.001 -19"><span class='ocrx_word' id='word_1_202' title='bbox 613 2576 798 2646; x_wconf 82' lang='lat' dir='ltr'><strong>impius</strong></span> <span class='ocrx_word' id='word_1_203' title='bbox 820 2574 987 2649; x_wconf 80' lang='lat' dir='ltr'><strong>(Psal.</strong></span> <span class='ocrx_word' id='word_1_204' title='bbox 1007 2575 1061 2630; x_wconf 85' lang='lat'><strong>9.</strong></span> <span class='ocrx_word' id='word_1_205' title='bbox 1081 2577 1132 2629; x_wconf 92' lang='lat'><strong>7.</strong></span> <span class='ocrx_word' id='word_1_206' title='bbox 1152 2575 1228 2641; x_wconf 85' lang='lat'><strong>6),</strong></span> <span class='ocrx_word' id='word_1_207' title='bbox 1249 2591 1393 2640; x_wconf 90' lang='lat' dir='ltr'><strong>cum,</strong></span> <span class='ocrx_word' id='word_1_208' title='bbox 1422 2576 1652 2644; x_wconf 89' lang='lat' dir='ltr'><strong>inquam,</strong></span> <span class='ocrx_word' id='word_1_209' title='bbox 1669 2574 1882 2629; x_wconf 87' lang='lat' dir='ltr'><strong>vincere</strong></span> <span class='ocrx_word' id='word_1_210' title='bbox 1901 2583 2191 2644; x_wconf 90' lang='lat' dir='ltr'><strong>oporteret,</strong></span> 
     </span>
    </p>
   </div>
   <div class='ocr_carea' id='block_1_27' title="bbox 614 2667 2194 2738">
    <p class='ocr_par' dir='ltr' id='par_1_27' title="bbox 614 2667 2194 2738">
     <span class='ocr_line' id='line_1_27' title="bbox 614 2667 2194 2738; baseline 0 -16"><span class='ocrx_word' id='word_1_211' title='bbox 614 2669 911 2734; x_wconf 90' lang='lat' dir='ltr'><strong>vincimur;</strong></span> <span class='ocrx_word' id='word_1_212' title='bbox 942 2683 1039 2722; x_wconf 91' lang='lat' dir='ltr'><strong>nec</strong></span> <span class='ocrx_word' id='word_1_213' title='bbox 1067 2667 1118 2722; x_wconf 89' lang='lat' dir='ltr'><strong>id</strong></span> <span class='ocrx_word' id='word_1_214' title='bbox 1144 2668 1335 2732; x_wconf 91' lang='lat' dir='ltr'><strong>solum,</strong></span> <span class='ocrx_word' id='word_1_215' title='bbox 1359 2667 1453 2722; x_wconf 87' lang='lat' dir='ltr'><strong>sed</strong></span> <span class='ocrx_word' id='word_1_216' title='bbox 1481 2669 1640 2722; x_wconf 88' lang='lat' dir='ltr'><strong>etiam</strong></span> <span class='ocrx_word' id='word_1_217' title='bbox 1666 2667 1898 2721; x_wconf 88' lang='lat' dir='ltr'><strong>validum</strong></span> <span class='ocrx_word' id='word_1_218' title='bbox 1923 2682 1985 2722; x_wconf 91' lang='lat' dir='ltr'><strong>ac</strong></span> <span class='ocrx_word' id='word_1_219' title='bbox 2007 2679 2194 2738; x_wconf 84' lang='lat' dir='ltr'><strong>poten-</strong></span> 
     </span>
    </p>
   </div>
   <div class='ocr_carea' id='block_1_28' title="bbox 615 2757 2194 2827">
    <p class='ocr_par' dir='ltr' id='par_1_28' title="bbox 615 2757 2194 2827">
     <span class='ocr_line' id='line_1_28' title="bbox 615 2757 2194 2827; baseline 0.003 -15"><span class='ocrx_word' id='word_1_220' title='bbox 615 2769 720 2814; x_wconf 90' lang='lat' dir='ltr'><strong>tem</strong></span> <span class='ocrx_word' id='word_1_221' title='bbox 752 2757 1024 2814; x_wconf 90' lang='lat' dir='ltr'><strong>reddimus</strong></span> <span class='ocrx_word' id='word_1_222' title='bbox 1053 2774 1070 2812; x_wconf 91' lang='lat'><strong>:</strong></span> <span class='ocrx_word' id='word_1_223' title='bbox 1101 2774 1198 2814; x_wconf 91' lang='lat' dir='ltr'><strong>nec</strong></span> <span class='ocrx_word' id='word_1_224' title='bbox 1223 2774 1460 2827; x_wconf 87' lang='lat' dir='ltr'><strong>eousque</strong></span> <span class='ocrx_word' id='word_1_225' title='bbox 1485 2759 1624 2814; x_wconf 90' lang='lat' dir='ltr'><strong>sistit</strong></span> <span class='ocrx_word' id='word_1_226' title='bbox 1645 2759 1910 2814; x_wconf 87' lang='lat' dir='ltr'><strong>dementia</strong></span> <span class='ocrx_word' id='word_1_227' title='bbox 1939 2768 1993 2814; x_wconf 91' lang='lat' dir='ltr'><strong>et</strong></span> <span class='ocrx_word' id='word_1_228' title='bbox 2017 2769 2194 2816; x_wconf 86' lang='lat' dir='ltr'><strong>extre-</strong></span> 
     </span>
    </p>
   </div>
   <div class='ocr_carea' id='block_1_29' title="bbox 613 2849 2194 2921">
    <p class='ocr_par' dir='ltr' id='par_1_29' title="bbox 613 2849 2194 2921">
     <span class='ocr_line' id='line_1_29' title="bbox 613 2849 2194 2921; baseline 0.001 -17"><span class='ocrx_word' id='word_1_229' title='bbox 613 2863 734 2904; x_wconf 90' lang='lat' dir='ltr'><strong>mus</strong></span> <span class='ocrx_word' id='word_1_230' title='bbox 773 2850 989 2905; x_wconf 90' lang='lat' dir='ltr'><strong>morbus</strong></span> <span class='ocrx_word' id='word_1_231' title='bbox 1029 2859 1243 2916; x_wconf 89' lang='lat' dir='ltr'><strong>noster,</strong></span> <span class='ocrx_word' id='word_1_232' title='bbox 1284 2849 1376 2905; x_wconf 91' lang='lat' dir='ltr'><strong>sed</strong></span> <span class='ocrx_word' id='word_1_233' title='bbox 1409 2866 1533 2921; x_wconf 68' lang='lat' dir='ltr'><strong>qua:</strong></span> <span class='ocrx_word' id='word_1_234' title='bbox 1569 2850 1618 2905; x_wconf 93' lang='lat' dir='ltr'><strong>ei</strong></span> <span class='ocrx_word' id='word_1_235' title='bbox 1661 2851 1819 2905; x_wconf 90' lang='lat' dir='ltr'><strong>etiam</strong></span> <span class='ocrx_word' id='word_1_236' title='bbox 1864 2850 2100 2905; x_wconf 67' lang='lat' dir='ltr'><strong>laetitiam</strong></span> <span class='ocrx_word' id='word_1_237' title='bbox 2140 2860 2194 2906; x_wconf 90' lang='lat' dir='ltr'><strong>et</strong></span> 
     </span>
    </p>
   </div>
   <div class='ocr_carea' id='block_1_30' title="bbox 611 2940 2188 3009">
    <p class='ocr_par' dir='ltr' id='par_1_30' title="bbox 611 2940 2188 3009">
     <span class='ocr_line' id='line_1_30' title="bbox 611 2940 2188 3009; baseline -0.001 -13"><span class='ocrx_word' id='word_1_238' title='bbox 611 2941 1016 2996; x_wconf 81' lang='lat' dir='ltr'><strong>exsultationem</strong></span> <span class='ocrx_word' id='word_1_239' title='bbox 1059 2941 1280 2996; x_wconf 77' lang='lat' dir='ltr'><strong>allerant</strong></span> <span class='ocrx_word' id='word_1_240' title='bbox 1308 2954 1695 3009; x_wconf 86' lang='lat' dir='ltr'><strong>comparamus.</strong></span> <span class='ocrx_word' id='word_1_241' title='bbox 1741 2940 1946 2995; x_wconf 82' lang='lat' dir='ltr'><strong>Revera</strong></span> <span class='ocrx_word' id='word_1_242' title='bbox 1980 2949 2062 2996; x_wconf 89' lang='lat' dir='ltr'><strong>est</strong></span> <span class='ocrx_word' id='word_1_243' title='bbox 2090 2957 2188 2995; x_wconf 84' lang='lat' dir='ltr'><strong>ex-</strong></span> 
     </span>
    </p>
   </div>
   <div class='ocr_carea' id='block_1_31' title="bbox 615 3031 2194 3100">
    <p class='ocr_par' dir='ltr' id='par_1_31' title="bbox 615 3031 2194 3100">
     <span class='ocr_line' id='line_1_31' title="bbox 615 3031 2194 3100; baseline -0.001 -13"><span class='ocrx_word' id='word_1_244' title='bbox 615 3042 785 3088; x_wconf 90' lang='lat' dir='ltr'><strong>trema</strong></span> <span class='ocrx_word' id='word_1_245' title='bbox 814 3033 1065 3098; x_wconf 79' lang='lat' dir='ltr'><strong>ebrietas,</strong></span> <span class='ocrx_word' id='word_1_246' title='bbox 1091 3041 1144 3086; x_wconf 90' lang='lat' dir='ltr'><strong>et</strong></span> <span class='ocrx_word' id='word_1_247' title='bbox 1165 3042 1429 3086; x_wconf 87' lang='lat' dir='ltr'><strong>summum</strong></span> <span class='ocrx_word' id='word_1_248' title='bbox 1457 3031 1651 3084; x_wconf 90' lang='lat' dir='ltr'><strong>malum</strong></span> <span class='ocrx_word' id='word_1_249' title='bbox 1675 3041 1974 3100; x_wconf 89' lang='lat' dir='ltr'><strong>peccatum.</strong></span> <span class='ocrx_word' id='word_1_250' title='bbox 2003 3031 2194 3086; x_wconf 61' lang='lat' dir='ltr'><strong>Exstat.</strong></span> 
     </span>
    </p>
   </div>
   <div class='ocr_carea' id='block_1_32' title="bbox 615 3120 2188 3192">
    <p class='ocr_par' dir='ltr' id='par_1_32' title="bbox 615 3120 2188 3192">
     <span class='ocr_line' id='line_1_32' title="bbox 615 3120 2188 3192; baseline 0 -16"><span class='ocrx_word' id='word_1_251' title='bbox 615 3123 786 3176; x_wconf 84' lang='lat' dir='ltr'><strong>tabunt</strong></span> <span class='ocrx_word' id='word_1_252' title='bbox 817 3124 833 3155; x_wconf 72' lang='grc' dir='ltr'>ί</span> <span class='ocrx_word' id='word_1_253' title='bbox 853 3163 869 3188; x_wconf 89' lang='grc'><strong><em>,</em></strong></span> <span class='ocrx_word' id='word_1_254' title='bbox 897 3124 940 3177; x_wconf 85' lang='lat' dir='ltr'><strong>si</strong></span> <span class='ocrx_word' id='word_1_255' title='bbox 966 3131 1130 3175; x_wconf 83' lang='lat' dir='ltr'><strong>motus</strong></span> <span class='ocrx_word' id='word_1_256' title='bbox 1156 3125 1322 3192; x_wconf 80' lang='lat' dir='ltr'><strong>fuero.</strong></span> <span class='ocrx_word' id='word_1_257' title='bbox 1348 3120 1480 3175; x_wconf 90' lang='lat' dir='ltr'><strong>Tres</strong></span> <span class='ocrx_word' id='word_1_258' title='bbox 1506 3135 1692 3175; x_wconf 88' lang='lat' dir='ltr'><strong>causas</strong></span> <span class='ocrx_word' id='word_1_259' title='bbox 1715 3120 1870 3175; x_wconf 74' lang='lat' dir='ltr'><strong>aﬂ‘ert</strong></span> <span class='ocrx_word' id='word_1_260' title='bbox 1895 3121 2148 3192; x_wconf 86' lang='lat' dir='ltr'><strong>propheta</strong></span> <span class='ocrx_word' id='word_1_261' title='bbox 2173 3163 2188 3187; x_wconf 93' lang='lat'><strong>,</strong></span> 
     </span>
    </p>
   </div>
   <div class='ocr_carea' id='block_1_33' title="bbox 614 3212 2190 3282">
    <p class='ocr_par' dir='ltr' id='par_1_33' title="bbox 614 3212 2190 3282">
     <span class='ocr_line' id='line_1_33' title="bbox 614 3212 2190 3282; baseline -0.001 -12"><span class='ocrx_word' id='word_1_262' title='bbox 614 3224 674 3270; x_wconf 89' lang='lat' dir='ltr'><strong>ut</strong></span> <span class='ocrx_word' id='word_1_263' title='bbox 695 3214 974 3271; x_wconf 91' lang='lat' dir='ltr'><strong>Dominum</strong></span> <span class='ocrx_word' id='word_1_264' title='bbox 996 3223 1208 3269; x_wconf 90' lang='lat' dir='ltr'><strong>moveat</strong></span> <span class='ocrx_word' id='word_1_265' title='bbox 1226 3220 1537 3280; x_wconf 84' lang='lat' dir='ltr'><strong>exoretque,</strong></span> <span class='ocrx_word' id='word_1_266' title='bbox 1559 3221 1617 3266; x_wconf 93' lang='lat' dir='ltr'><strong>ut</strong></span> <span class='ocrx_word' id='word_1_267' title='bbox 1637 3212 1903 3282; x_wconf 78' lang='lat' dir='ltr'><strong>reSpiciat.</strong></span> <span class='ocrx_word' id='word_1_268' title='bbox 1927 3222 1982 3268; x_wconf 89' lang='lat' dir='ltr'><strong>et</strong></span> <span class='ocrx_word' id='word_1_269' title='bbox 1999 3213 2190 3270; x_wconf 89' lang='lat' dir='ltr'><strong>faciem</strong></span> 
     </span>
    </p>
   </div>
   <div class='ocr_carea' id='block_1_34' title="bbox 612 3302 2192 3373">
    <p class='ocr_par' dir='ltr' id='par_1_34' title="bbox 612 3302 2192 3373">
     <span class='ocr_line' id='line_1_34' title="bbox 612 3302 2192 3373; baseline 0 -13"><span class='ocrx_word' id='word_1_270' title='bbox 612 3320 764 3366; x_wconf 88' lang='lat' dir='ltr'><strong>suam</strong></span> <span class='ocrx_word' id='word_1_271' title='bbox 805 3313 1112 3372; x_wconf 85' lang='lat' dir='ltr'><strong>convertat,</strong></span> <span class='ocrx_word' id='word_1_272' title='bbox 1144 3313 1199 3359; x_wconf 93' lang='lat' dir='ltr'><strong>et</strong></span> <span class='ocrx_word' id='word_1_273' title='bbox 1236 3303 1352 3373; x_wconf 86' lang='lat' dir='ltr'><strong>ejus</strong></span> <span class='ocrx_word' id='word_1_274' title='bbox 1391 3302 1683 3357; x_wconf 91' lang='lat' dir='ltr'><strong>orationem</strong></span> <span class='ocrx_word' id='word_1_275' title='bbox 1725 3303 1973 3358; x_wconf 85' lang='lat' dir='ltr'><strong>exaudiat</strong></span> <span class='ocrx_word' id='word_1_276' title='bbox 2004 3321 2018 3358; x_wconf 94' lang='lat'><strong>:</strong></span> <span class='ocrx_word' id='word_1_277' title='bbox 2051 3305 2192 3360; x_wconf 89' lang='lat' dir='ltr'><strong>vires</strong></span> 
     </span>
    </p>
   </div>
   <div class='ocr_carea' id='block_1_35' title="bbox 611 3395 2189 3465">
    <p class='ocr_par' dir='ltr' id='par_1_35' title="bbox 611 3395 2189 3465">
     <span class='ocr_line' id='line_1_35' title="bbox 611 3395 2189 3465; baseline -0.003 -11"><span class='ocrx_word' id='word_1_278' title='bbox 611 3401 947 3456; x_wconf 84' lang='lat' dir='ltr'><strong>inimicorum</strong></span> <span class='ocrx_word' id='word_1_279' title='bbox 972 3441 987 3465; x_wconf 93' lang='lat'><strong>,</strong></span> <span class='ocrx_word' id='word_1_280' title='bbox 1019 3408 1072 3453; x_wconf 91' lang='lat' dir='ltr'><strong>et</strong></span> <span class='ocrx_word' id='word_1_281' title='bbox 1107 3407 1230 3452; x_wconf 90' lang='lat' dir='ltr'><strong>aute</strong></span> <span class='ocrx_word' id='word_1_282' title='bbox 1270 3396 1322 3451; x_wconf 90' lang='lat' dir='ltr'><strong>id</strong></span> <span class='ocrx_word' id='word_1_283' title='bbox 1365 3395 1687 3452; x_wconf 90' lang='lat' dir='ltr'><strong>erectiouem</strong></span> <span class='ocrx_word' id='word_1_284' title='bbox 1727 3405 1780 3450; x_wconf 88' lang='lat' dir='ltr'><strong>et</strong></span> <span class='ocrx_word' id='word_1_285' title='bbox 1817 3397 2189 3452; x_wconf 84' lang='lat' dir='ltr'><strong>exaltationent</strong></span> 
     </span>
    </p>
   </div>
   <div class='ocr_carea' id='block_1_36' title="bbox 614 3486 2188 3558">
    <p class='ocr_par' dir='ltr' id='par_1_36' title="bbox 614 3486 2188 3558">
     <span class='ocr_line' id='line_1_36' title="bbox 614 3486 2188 3558; baseline -0.002 -12"><span class='ocrx_word' id='word_1_286' title='bbox 614 3507 830 3556; x_wconf 89' lang='lat' dir='ltr'><strong>eorum;</strong></span> <span class='ocrx_word' id='word_1_287' title='bbox 862 3491 1110 3553; x_wconf 89' lang='lat' dir='ltr'><strong>tertium,</strong></span> <span class='ocrx_word' id='word_1_288' title='bbox 1144 3489 1377 3544; x_wconf 71' lang='lat' dir='ltr'><strong>lmtitiam</strong></span> <span class='ocrx_word' id='word_1_289' title='bbox 1405 3496 1457 3542; x_wconf 91' lang='lat' dir='ltr'><strong>et</strong></span> <span class='ocrx_word' id='word_1_290' title='bbox 1486 3486 1891 3542; x_wconf 81' lang='lat' dir='ltr'><strong>exsultationem</strong></span> <span class='ocrx_word' id='word_1_291' title='bbox 1922 3489 2154 3558; x_wconf 91' lang='lat' dir='ltr'><strong>ipsorum</strong></span> <span class='ocrx_word' id='word_1_292' title='bbox 2173 3528 2188 3552; x_wconf 95' lang='lat'><strong>,</strong></span> 
     </span>
    </p>
   </div>
   <div class='ocr_carea' id='block_1_37' title="bbox 615 3579 2188 3652">
    <p class='ocr_par' dir='ltr' id='par_1_37' title="bbox 615 3579 2188 3652">
     <span class='ocr_line' id='line_1_37' title="bbox 615 3579 2188 3652; baseline -0.003 -14"><span class='ocrx_word' id='word_1_293' title='bbox 615 3581 995 3652; x_wconf 84' lang='lat' dir='ltr'><strong>propemodum</strong></span> <span class='ocrx_word' id='word_1_294' title='bbox 1015 3581 1231 3636; x_wconf 91' lang='lat' dir='ltr'><strong>dicens:</strong></span> <span class='ocrx_word' id='word_1_295' title='bbox 1250 3579 1304 3635; x_wconf 90' lang='lat' dir='ltr'><strong>Si</strong></span> <span class='ocrx_word' id='word_1_296' title='bbox 1327 3594 1432 3633; x_wconf 92' lang='lat' dir='ltr'><strong>non</strong></span> <span class='ocrx_word' id='word_1_297' title='bbox 1452 3587 1666 3649; x_wconf 88' lang='lat' dir='ltr'><strong>propter</strong></span> <span class='ocrx_word' id='word_1_298' title='bbox 1684 3594 1856 3633; x_wconf 90' lang='lat' dir='ltr'><strong>meam</strong></span> <span class='ocrx_word' id='word_1_299' title='bbox 1873 3579 2188 3645; x_wconf 88' lang='lat' dir='ltr'><strong>orationem,</strong></span> 
     </span>
    </p>
   </div>
   <div class='ocr_carea' id='block_1_38' title="bbox 615 3670 2189 3742">
    <p class='ocr_par' dir='ltr' id='par_1_38' title="bbox 615 3670 2189 3742">
     <span class='ocr_line' id='line_1_38' title="bbox 615 3670 2189 3742; baseline -0.001 -14"><span class='ocrx_word' id='word_1_300' title='bbox 615 3688 716 3729; x_wconf 88' lang='lat' dir='ltr'><strong>nec</strong></span> <span class='ocrx_word' id='word_1_301' title='bbox 742 3681 957 3742; x_wconf 83' lang='lat' dir='ltr'><strong>propter</strong></span> <span class='ocrx_word' id='word_1_302' title='bbox 984 3686 1156 3727; x_wconf 85' lang='lat' dir='ltr'><strong>meam</strong></span> <span class='ocrx_word' id='word_1_303' title='bbox 1195 3670 1462 3726; x_wconf 88' lang='lat' dir='ltr'><strong>miseriam</strong></span> <span class='ocrx_word' id='word_1_304' title='bbox 1491 3673 1760 3725; x_wconf 84' lang='lat' dir='ltr'><strong>convertis</strong></span> <span class='ocrx_word' id='word_1_305' title='bbox 1785 3672 1850 3726; x_wconf 93' lang='lat' dir='ltr'><strong>ad</strong></span> <span class='ocrx_word' id='word_1_306' title='bbox 1888 3687 1974 3726; x_wconf 89' lang='lat' dir='ltr'><strong>me</strong></span> <span class='ocrx_word' id='word_1_307' title='bbox 2004 3671 2189 3727; x_wconf 81' lang='lat' dir='ltr'><strong>faciem</strong></span> 
     </span>
    </p>
   </div>
   <div class='ocr_carea' id='block_1_39' title="bbox 614 3761 2189 3832">
    <p class='ocr_par' dir='ltr' id='par_1_39' title="bbox 614 3761 2189 3832">
     <span class='ocr_line' id='line_1_39' title="bbox 614 3761 2189 3832; baseline -0.003 -12"><span class='ocrx_word' id='word_1_308' title='bbox 614 3775 794 3830; x_wconf 87' lang='lat' dir='ltr'><strong>tuam,</strong></span> <span class='ocrx_word' id='word_1_309' title='bbox 825 3763 1080 3828; x_wconf 83' lang='lat' dir='ltr'><strong>Domine;</strong></span> <span class='ocrx_word' id='word_1_310' title='bbox 1113 3762 1300 3817; x_wconf 90' lang='lat' dir='ltr'><strong>saltem</strong></span> <span class='ocrx_word' id='word_1_311' title='bbox 1332 3769 1548 3831; x_wconf 87' lang='lat' dir='ltr'><strong>propter</strong></span> <span class='ocrx_word' id='word_1_312' title='bbox 1577 3761 1908 3817; x_wconf 90' lang='lat' dir='ltr'><strong>inimicorum</strong></span> <span class='ocrx_word' id='word_1_313' title='bbox 1934 3776 2189 3832; x_wconf 84' lang='lat' dir='ltr'><strong>arrogan-</strong></span> 
     </span>
    </p>
   </div>
   <div class='ocr_carea' id='block_1_40' title="bbox 613 3855 2190 3929">
    <p class='ocr_par' dir='ltr' id='par_1_40' title="bbox 613 3855 2190 3929">
     <span class='ocr_line' id='line_1_40' title="bbox 613 3855 2190 3929; baseline -0.003 -17"><span class='ocrx_word' id='word_1_314' title='bbox 613 3860 760 3924; x_wconf 87' lang='lat' dir='ltr'><strong>tiam,</strong></span> <span class='ocrx_word' id='word_1_315' title='bbox 795 3872 862 3914; x_wconf 92' lang='lat' dir='ltr'><strong>eo</strong></span> <span class='ocrx_word' id='word_1_316' title='bbox 889 3857 1027 3929; x_wconf 90' lang='lat' dir='ltr'><strong>quod</strong></span> <span class='ocrx_word' id='word_1_317' title='bbox 1053 3871 1175 3912; x_wconf 90' lang='lat' dir='ltr'><strong>suas</strong></span> <span class='ocrx_word' id='word_1_318' title='bbox 1199 3857 1342 3912; x_wconf 90' lang='lat' dir='ltr'><strong>vires</strong></span> <span class='ocrx_word' id='word_1_319' title='bbox 1369 3863 1655 3921; x_wconf 83' lang='lat' dir='ltr'><strong>ostentant,</strong></span> <span class='ocrx_word' id='word_1_320' title='bbox 1686 3863 1740 3909; x_wconf 93' lang='lat' dir='ltr'><strong>et</strong></span> <span class='ocrx_word' id='word_1_321' title='bbox 1766 3855 1866 3910; x_wconf 89' lang='lat' dir='ltr'><strong>sibi</strong></span> <span class='ocrx_word' id='word_1_322' title='bbox 1891 3855 2045 3910; x_wconf 90' lang='lat' dir='ltr'><strong>valde</strong></span> <span class='ocrx_word' id='word_1_323' title='bbox 2073 3855 2190 3925; x_wconf 82' lang='lat' dir='ltr'><strong>pla-</strong></span> 
     </span>
    </p>
   </div>
   <div class='ocr_carea' id='block_1_41' title="bbox 613 3947 2188 4021">
    <p class='ocr_par' dir='ltr' id='par_1_41' title="bbox 613 3947 2188 4021">
     <span class='ocr_line' id='line_1_41' title="bbox 613 3947 2188 4021; baseline -0.004 -15"><span class='ocrx_word' id='word_1_324' title='bbox 613 3962 734 4008; x_wconf 85' lang='lat' dir='ltr'><strong>cent</strong></span> <span class='ocrx_word' id='word_1_325' title='bbox 760 3968 774 4002; x_wconf 89' lang='lat'><strong>:</strong></span> <span class='ocrx_word' id='word_1_326' title='bbox 799 3952 1046 4021; x_wconf 89' lang='lat' dir='ltr'><strong>quoniam</strong></span> <span class='ocrx_word' id='word_1_327' title='bbox 1077 3949 1210 4004; x_wconf 90' lang='lat' dir='ltr'><strong>meis</strong></span> <span class='ocrx_word' id='word_1_328' title='bbox 1237 3949 1391 4003; x_wconf 88' lang='lat' dir='ltr'><strong>malis</strong></span> <span class='ocrx_word' id='word_1_329' title='bbox 1415 3947 1699 4014; x_wconf 66' lang='lat' dir='ltr'><strong>laetantur,</strong></span> <span class='ocrx_word' id='word_1_330' title='bbox 1729 3956 1784 4002; x_wconf 87' lang='lat' dir='ltr'><strong>et</strong></span> <span class='ocrx_word' id='word_1_331' title='bbox 1807 3961 1986 4002; x_wconf 91' lang='lat' dir='ltr'><strong>casum</strong></span> <span class='ocrx_word' id='word_1_332' title='bbox 2013 3961 2188 4001; x_wconf 89' lang='lat' dir='ltr'><strong>meum</strong></span> 
     </span>
    </p>
   </div>
   <div class='ocr_carea' id='block_1_42' title="bbox 613 4037 2190 4108">
    <p class='ocr_par' dir='ltr' id='par_1_42' title="bbox 613 4037 2190 4108">
     <span class='ocr_line' id='line_1_42' title="bbox 613 4037 2190 4108; baseline -0.003 -11"><span class='ocrx_word' id='word_1_333' title='bbox 613 4041 854 4100; x_wconf 86' lang='lat' dir='ltr'><strong>irrident.</strong></span> <span class='ocrx_word' id='word_1_334' title='bbox 886 4040 1090 4095; x_wconf 72' lang='lat' dir='ltr'><strong>Exaudi</strong></span> <span class='ocrx_word' id='word_1_335' title='bbox 1114 4057 1214 4106; x_wconf 88' lang='lat' dir='ltr'><strong>me,</strong></span> <span class='ocrx_word' id='word_1_336' title='bbox 1243 4039 1478 4094; x_wconf 84' lang='lat' dir='ltr'><strong>illumina</strong></span> <span class='ocrx_word' id='word_1_337' title='bbox 1505 4039 1675 4093; x_wconf 85' lang='lat' dir='ltr'><strong>oculos</strong></span> <span class='ocrx_word' id='word_1_338' title='bbox 1700 4053 1854 4092; x_wconf 72' lang='lat' dir='ltr'><strong>atros.</strong></span> <span class='ocrx_word' id='word_1_339' title='bbox 1883 4037 2047 4093; x_wconf 82' lang='lat' dir='ltr'><strong>Aufer</strong></span> <span class='ocrx_word' id='word_1_340' title='bbox 2070 4051 2190 4108; x_wconf 86' lang='lat' dir='ltr'><strong>gra-</strong></span> 
     </span>
    </p>
   </div>
   <div class='ocr_carea' id='block_1_43' title="bbox 609 4129 2191 4202">
    <p class='ocr_par' dir='ltr' id='par_1_43' title="bbox 609 4129 2191 4202">
     <span class='ocr_line' id='line_1_43' title="bbox 609 4129 2191 4202; baseline -0.002 -16"><span class='ocrx_word' id='word_1_341' title='bbox 609 4149 729 4189; x_wconf 88' lang='lat' dir='ltr'><strong>vem</strong></span> <span class='ocrx_word' id='word_1_342' title='bbox 757 4147 999 4188; x_wconf 78' lang='lat' dir='ltr'><strong>somnum</strong></span> <span class='ocrx_word' id='word_1_343' title='bbox 1029 4132 1080 4186; x_wconf 94' lang='lat' dir='ltr'><strong>in</strong></span> <span class='ocrx_word' id='word_1_344' title='bbox 1106 4131 1335 4202; x_wconf 88' lang='lat' dir='ltr'><strong>peccatis</strong></span> <span class='ocrx_word' id='word_1_345' title='bbox 1360 4131 1493 4184; x_wconf 89' lang='lat' dir='ltr'><strong>meis</strong></span> <span class='ocrx_word' id='word_1_346' title='bbox 1519 4147 1534 4185; x_wconf 87' lang='lat'><strong>:</strong></span> <span class='ocrx_word' id='word_1_347' title='bbox 1561 4146 1665 4201; x_wconf 88' lang='lat' dir='ltr'><strong>quo</strong></span> <span class='ocrx_word' id='word_1_348' title='bbox 1689 4129 1891 4200; x_wconf 88' lang='lat' dir='ltr'><strong>sopitus</strong></span> <span class='ocrx_word' id='word_1_349' title='bbox 1913 4143 2191 4202; x_wconf 82' lang='lat' dir='ltr'><strong>propemo-</strong></span> 
     </span>
    </p>
   </div>
   <div class='ocr_carea' id='block_1_44' title="bbox 612 4221 2187 4279">
    <p class='ocr_par' dir='ltr' id='par_1_44' title="bbox 612 4221 2187 4279">
     <span class='ocr_line' id='line_1_44' title="bbox 612 4221 2187 4279; baseline -0.004 0"><span class='ocrx_word' id='word_1_350' title='bbox 612 4225 738 4279; x_wconf 87' lang='lat' dir='ltr'><strong>dum</strong></span> <span class='ocrx_word' id='word_1_351' title='bbox 781 4223 847 4279; x_wconf 91' lang='lat' dir='ltr'><strong>ad</strong></span> <span class='ocrx_word' id='word_1_352' title='bbox 889 4224 1079 4278; x_wconf 74' lang='lat' dir='ltr'><strong>animae</strong></span> <span class='ocrx_word' id='word_1_353' title='bbox 1121 4231 1345 4278; x_wconf 90' lang='lat' dir='ltr'><strong>ntortem</strong></span> <span class='ocrx_word' id='word_1_354' title='bbox 1389 4221 1725 4276; x_wconf 87' lang='lat' dir='ltr'><strong>dormitando</strong></span> <span class='ocrx_word' id='word_1_355' title='bbox 1754 4221 2012 4276; x_wconf 88' lang='lat' dir='ltr'><strong>deductus</strong></span> <span class='ocrx_word' id='word_1_356' title='bbox 2048 4236 2187 4274; x_wconf 91' lang='lat' dir='ltr'><strong>sum.</strong></span> 
     </span>
    </p>
   </div>
   <div class='ocr_carea' id='block_1_45' title="bbox 613 4301 2260 4376">
    <p class='ocr_par' dir='ltr' id='par_1_45' title="bbox 613 4301 2260 4376">
     <span class='ocr_line' id='line_1_45' title="bbox 613 4301 2260 4376; baseline -0.002 -6"><span class='ocrx_word' id='word_1_357' title='bbox 613 4315 669 4370; x_wconf 91' lang='lat' dir='ltr'><strong>Si</strong></span> <span class='ocrx_word' id='word_1_358' title='bbox 708 4317 851 4369; x_wconf 89' lang='lat' dir='ltr'><strong>enim</strong></span> <span class='ocrx_word' id='word_1_359' title='bbox 895 4331 924 4368; x_wconf 87' lang='lat' dir='ltr'><strong>a</strong></span> <span class='ocrx_word' id='word_1_360' title='bbox 965 4315 1249 4370; x_wconf 89' lang='lat' dir='ltr'><strong>securitate</strong></span> <span class='ocrx_word' id='word_1_361' title='bbox 1277 4323 1362 4367; x_wconf 90' lang='lat' dir='ltr'><strong>tua</strong></span> <span class='ocrx_word' id='word_1_362' title='bbox 1403 4320 1604 4366; x_wconf 88' lang='lat' dir='ltr'><strong>tantum</strong></span> <span class='ocrx_word' id='word_1_363' title='bbox 1647 4321 1856 4365; x_wconf 90' lang='lat' dir='ltr'><strong>emotus</strong></span> <span class='ocrx_word' id='word_1_364' title='bbox 1893 4310 2081 4376; x_wconf 89' lang='lat' dir='ltr'><strong>fuero,</strong></span> <span class='ocrx_word' id='word_1_365' title='bbox 2113 4311 2191 4366; x_wconf 89' lang='lat' dir='ltr'><strong>eis</strong></span> <span class='ocrx_word' id='word_1_366' title='bbox 2241 4301 2260 4309; x_wconf 71' lang='grc'><em>’</em></span> 
     </span>
    </p>
   </div>
   <div class='ocr_carea' id='block_1_46' title="bbox 613 4402 2192 4474">
    <p class='ocr_par' dir='ltr' id='par_1_46' title="bbox 613 4402 2192 4474">
     <span class='ocr_line' id='line_1_46' title="bbox 613 4402 2192 4474; baseline -0.001 -16"><span class='ocrx_word' id='word_1_367' title='bbox 613 4405 795 4459; x_wconf 68' lang='lat' dir='ltr'><strong>lmtitia</strong></span> <span class='ocrx_word' id='word_1_368' title='bbox 819 4445 835 4470; x_wconf 93' lang='lat'><strong>,</strong></span> <span class='ocrx_word' id='word_1_369' title='bbox 862 4405 1028 4474; x_wconf 79' lang='lat' dir='ltr'><strong>gloria</strong></span> <span class='ocrx_word' id='word_1_370' title='bbox 1053 4446 1068 4468; x_wconf 94' lang='lat'><strong>,</strong></span> <span class='ocrx_word' id='word_1_371' title='bbox 1099 4415 1154 4459; x_wconf 90' lang='lat' dir='ltr'><strong>et</strong></span> <span class='ocrx_word' id='word_1_372' title='bbox 1181 4406 1349 4458; x_wconf 88' lang='lat' dir='ltr'><strong>virtus</strong></span> <span class='ocrx_word' id='word_1_373' title='bbox 1393 4403 1492 4460; x_wconf 84' lang='lat' dir='ltr'><strong>hoc</strong></span> <span class='ocrx_word' id='word_1_374' title='bbox 1530 4417 1651 4459; x_wconf 89' lang='lat' dir='ltr'><strong>esse</strong></span> <span class='ocrx_word' id='word_1_375' title='bbox 1685 4404 2020 4457; x_wconf 76' lang='lat' dir='ltr'><strong>existimatur</strong></span> <span class='ocrx_word' id='word_1_376' title='bbox 2047 4419 2061 4456; x_wconf 87' lang='lat'><strong>:</strong></span> <span class='ocrx_word' id='word_1_377' title='bbox 2091 4402 2192 4457; x_wconf 91' lang='lat' dir='ltr'><strong>hoc</strong></span> 
     </span>
    </p>
   </div>
   <div class='ocr_carea' id='block_1_47' title="bbox 613 4494 2192 4565">
    <p class='ocr_par' dir='ltr' id='par_1_47' title="bbox 613 4494 2192 4565">
     <span class='ocr_line' id='line_1_47' title="bbox 613 4494 2192 4565; baseline -0.003 -15"><span class='ocrx_word' id='word_1_378' title='bbox 613 4497 826 4550; x_wconf 91' lang='lat' dir='ltr'><strong>nomine</strong></span> <span class='ocrx_word' id='word_1_379' title='bbox 853 4510 910 4550; x_wconf 91' lang='lat' dir='ltr'><strong>se</strong></span> <span class='ocrx_word' id='word_1_380' title='bbox 931 4496 1131 4565; x_wconf 90' lang='lat' dir='ltr'><strong>jactant</strong></span> <span class='ocrx_word' id='word_1_381' title='bbox 1149 4535 1164 4559; x_wconf 90' lang='lat'><strong>,</strong></span> <span class='ocrx_word' id='word_1_382' title='bbox 1196 4507 1249 4550; x_wconf 91' lang='lat' dir='ltr'><strong>et</strong></span> <span class='ocrx_word' id='word_1_383' title='bbox 1275 4495 1374 4550; x_wconf 81' lang='lat' dir='ltr'><strong>sibi</strong></span> <span class='ocrx_word' id='word_1_384' title='bbox 1408 4495 1563 4549; x_wconf 88' lang='lat' dir='ltr'><strong>valde</strong></span> <span class='ocrx_word' id='word_1_385' title='bbox 1587 4494 1826 4562; x_wconf 88' lang='lat' dir='ltr'><strong>placent,</strong></span> <span class='ocrx_word' id='word_1_386' title='bbox 1852 4499 2082 4562; x_wconf 84' lang='lat' dir='ltr'><strong>suntque</strong></span> <span class='ocrx_word' id='word_1_387' title='bbox 2108 4494 2192 4547; x_wconf 83' lang='lat' dir='ltr'><strong>in-</strong></span> 
     </span>
    </p>
   </div>
   <div class='ocr_carea' id='block_1_48' title="bbox 616 4580 2190 4652">
    <p class='ocr_par' dir='ltr' id='par_1_48' title="bbox 616 4580 2190 4652">
     <span class='ocr_line' id='line_1_48' title="bbox 616 4580 2190 4652; baseline -0.003 -12"><span class='ocrx_word' id='word_1_388' title='bbox 616 4586 952 4650; x_wconf 87' lang='lat' dir='ltr'><strong>tolerabiles;</strong></span> <span class='ocrx_word' id='word_1_389' title='bbox 979 4587 1025 4640; x_wconf 91' lang='lat' dir='ltr'><strong>si</strong></span> <span class='ocrx_word' id='word_1_390' title='bbox 1050 4596 1224 4639; x_wconf 84' lang='lat' dir='ltr'><strong>autem</strong></span> <span class='ocrx_word' id='word_1_391' title='bbox 1247 4585 1314 4640; x_wconf 93' lang='lat' dir='ltr'><strong>ad</strong></span> <span class='ocrx_word' id='word_1_392' title='bbox 1343 4594 1565 4639; x_wconf 88' lang='lat' dir='ltr'><strong>mortem</strong></span> <span class='ocrx_word' id='word_1_393' title='bbox 1589 4584 1740 4638; x_wconf 89' lang='lat' dir='ltr'><strong>fuero</strong></span> <span class='ocrx_word' id='word_1_394' title='bbox 1763 4581 2039 4646; x_wconf 90' lang='lat' dir='ltr'><strong>deductus,</strong></span> <span class='ocrx_word' id='word_1_395' title='bbox 2063 4580 2190 4652; x_wconf 89' lang='lat' dir='ltr'><strong>quid</strong></span> 
     </span>
    </p>
   </div>
   <div class='ocr_carea' id='block_1_49' title="bbox 613 4671 2193 4744">
    <p class='ocr_par' dir='ltr' id='par_1_49' title="bbox 613 4671 2193 4744">
     <span class='ocr_line' id='line_1_49' title="bbox 613 4671 2193 4744; baseline -0.003 -13"><span class='ocrx_word' id='word_1_396' title='bbox 613 4678 648 4731; x_wconf 91' lang='lat' dir='ltr'><strong>ii</strong></span> <span class='ocrx_word' id='word_1_397' title='bbox 675 4691 780 4730; x_wconf 92' lang='lat' dir='ltr'><strong>non</strong></span> <span class='ocrx_word' id='word_1_398' title='bbox 803 4675 1067 4730; x_wconf 79' lang='lat' dir='ltr'><strong>fecerint?</strong></span> <span class='ocrx_word' id='word_1_399' title='bbox 1095 4675 1254 4728; x_wconf 85' lang='lat' dir='ltr'><strong>Vides</strong></span> <span class='ocrx_word' id='word_1_400' title='bbox 1275 4689 1432 4744; x_wconf 88' lang='lat' dir='ltr'><strong>quam</strong></span> <span class='ocrx_word' id='word_1_401' title='bbox 1460 4689 1708 4741; x_wconf 86' lang='lat' dir='ltr'><strong>magnum</strong></span> <span class='ocrx_word' id='word_1_402' title='bbox 1734 4671 1987 4725; x_wconf 86' lang='lat' dir='ltr'><strong>damnum</strong></span> <span class='ocrx_word' id='word_1_403' title='bbox 2009 4674 2193 4728; x_wconf 82' lang='lat' dir='ltr'><strong>existi-</strong></span> 
     </span>
    </p>
   </div>
   <div class='ocr_carea' id='block_1_50' title="bbox 613 4762 2192 4834">
    <p class='ocr_par' dir='ltr' id='par_1_50' title="bbox 613 4762 2192 4834">
     <span class='ocr_line' id='line_1_50' title="bbox 613 4762 2192 4834; baseline -0.004 -12"><span class='ocrx_word' id='word_1_404' title='bbox 613 4776 724 4821; x_wconf 90' lang='lat' dir='ltr'><strong>met</strong></span> <span class='ocrx_word' id='word_1_405' title='bbox 758 4764 1010 4834; x_wconf 87' lang='lat' dir='ltr'><strong>pr0plteta</strong></span> <span class='ocrx_word' id='word_1_406' title='bbox 1035 4804 1051 4829; x_wconf 96' lang='lat'><strong>,</strong></span> <span class='ocrx_word' id='word_1_407' title='bbox 1080 4772 1134 4818; x_wconf 91' lang='lat' dir='ltr'><strong>et</strong></span> <span class='ocrx_word' id='word_1_408' title='bbox 1163 4764 1326 4822; x_wconf 86' lang='lat' dir='ltr'><strong>nihilo</strong></span> <span class='ocrx_word' id='word_1_409' title='bbox 1357 4762 1529 4817; x_wconf 88' lang='lat' dir='ltr'><strong>minus</strong></span> <span class='ocrx_word' id='word_1_410' title='bbox 1554 4778 1714 4832; x_wconf 90' lang='lat' dir='ltr'><strong>quam</strong></span> <span class='ocrx_word' id='word_1_411' title='bbox 1744 4775 1950 4830; x_wconf 75' lang='lat' dir='ltr'><strong>poenam</strong></span> <span class='ocrx_word' id='word_1_412' title='bbox 1981 4777 2043 4816; x_wconf 92' lang='lat' dir='ltr'><strong>ac</strong></span> <span class='ocrx_word' id='word_1_413' title='bbox 2067 4777 2192 4832; x_wconf 54' lang='lat' dir='ltr'><strong>sup:</strong></span> 
     </span>
    </p>
   </div>
   <div class='ocr_carea' id='block_1_51' title="bbox 612 4853 2192 4932">
    <p class='ocr_par' dir='ltr' id='par_1_51' title="bbox 612 4853 2192 4932">
     <span class='ocr_line' id='line_1_51' title="bbox 612 4853 2192 4932; baseline -0.003 -19"><span class='ocrx_word' id='word_1_414' title='bbox 612 4858 827 4932; x_wconf 85' lang='lat' dir='ltr'><strong>pliciunt</strong></span> <span class='ocrx_word' id='word_1_415' title='bbox 848 4899 864 4923; x_wconf 95' lang='lat'><strong>,</strong></span> <span class='ocrx_word' id='word_1_416' title='bbox 894 4871 1229 4912; x_wconf 88' lang='lat' dir='ltr'><strong>communem</strong></span> <span class='ocrx_word' id='word_1_417' title='bbox 1268 4856 1536 4910; x_wconf 89' lang='lat' dir='ltr'><strong>inimicum</strong></span> <span class='ocrx_word' id='word_1_418' title='bbox 1567 4854 1743 4907; x_wconf 67' lang='lat' dir='ltr'><strong>laetitia</strong></span> <span class='ocrx_word' id='word_1_419' title='bbox 1770 4853 1984 4909; x_wconf 82' lang='lat' dir='ltr'><strong>allicere</strong></span> <span class='ocrx_word' id='word_1_420' title='bbox 2007 4895 2021 4920; x_wconf 88' lang='lat'><strong>,</strong></span> <span class='ocrx_word' id='word_1_421' title='bbox 2053 4866 2106 4908; x_wconf 89' lang='lat' dir='ltr'><strong>et</strong></span> <span class='ocrx_word' id='word_1_422' title='bbox 2136 4864 2192 4911; x_wconf 93' lang='lat' dir='ltr'><strong>ut</strong></span> 
     </span>
    </p>
   </div>
   <div class='ocr_carea' id='block_1_52' title="bbox 615 4944 2194 5020">
    <p class='ocr_par' dir='ltr' id='par_1_52' title="bbox 615 4944 2194 5020">
     <span class='ocr_line' id='line_1_52' title="bbox 615 4944 2194 5020; baseline -0.003 -16"><span class='ocrx_word' id='word_1_423' title='bbox 615 4954 730 5020; x_wconf 84' lang='lat' dir='ltr'><strong>ipse</strong></span> <span class='ocrx_word' id='word_1_424' title='bbox 773 4956 962 5018; x_wconf 80' lang='lat' dir='ltr'><strong>potens</strong></span> <span class='ocrx_word' id='word_1_425' title='bbox 1003 4947 1353 5014; x_wconf 76' lang='lat' dir='ltr'><strong>excelsusque</strong></span> <span class='ocrx_word' id='word_1_426' title='bbox 1393 4945 1666 5009; x_wconf 88' lang='lat' dir='ltr'><strong>videatur,</strong></span> <span class='ocrx_word' id='word_1_427' title='bbox 1694 4944 1924 4998; x_wconf 88' lang='lat' dir='ltr'><strong>eflicere.</strong></span> <span class='ocrx_word' id='word_1_428' title='bbox 1967 4944 2022 4998; x_wconf 91' lang='lat' dir='ltr'><strong>Si</strong></span> <span class='ocrx_word' id='word_1_429' title='bbox 2051 4946 2194 5001; x_wconf 88' lang='lat' dir='ltr'><strong>enim</strong></span> 
     </span>
    </p>
   </div>
   <div class='ocr_carea' id='block_1_53' title="bbox 618 5034 2188 5102">
    <p class='ocr_par' dir='ltr' id='par_1_53' title="bbox 618 5034 2188 5102">
     <span class='ocr_line' id='line_1_53' title="bbox 618 5034 2188 5102; baseline -0.005 -7"><span class='ocrx_word' id='word_1_430' title='bbox 618 5045 731 5095; x_wconf 72' lang='lat' dir='ltr'><strong>lucc</strong></span> <span class='ocrx_word' id='word_1_431' title='bbox 772 5055 876 5094; x_wconf 89' lang='lat' dir='ltr'><strong>non</strong></span> <span class='ocrx_word' id='word_1_432' title='bbox 912 5038 1240 5093; x_wconf 84' lang='lat' dir='ltr'><strong>existimaret</strong></span> <span class='ocrx_word' id='word_1_433' title='bbox 1281 5037 1418 5090; x_wconf 90' lang='lat' dir='ltr'><strong>mala</strong></span> <span class='ocrx_word' id='word_1_434' title='bbox 1456 5036 1684 5089; x_wconf 86' lang='lat' dir='ltr'><strong>maxima</strong></span> <span class='ocrx_word' id='word_1_435' title='bbox 1718 5043 1772 5090; x_wconf 91' lang='lat' dir='ltr'><strong>et</strong></span> <span class='ocrx_word' id='word_1_436' title='bbox 1801 5034 2146 5090; x_wconf 80' lang='lat' dir='ltr'><strong>intolerabilia</strong></span> <span class='ocrx_word' id='word_1_437' title='bbox 2171 5077 2188 5102; x_wconf 86' lang='lat'><strong>,</strong></span> 
     </span>
    </p>
   </div>
   <div class='ocr_carea' id='block_1_54' title="bbox 612 5125 2190 5197">
    <p class='ocr_par' dir='ltr' id='par_1_54' title="bbox 612 5125 2190 5197">
     <span class='ocr_line' id='line_1_54' title="bbox 612 5125 2190 5197; baseline -0.004 -11"><span class='ocrx_word' id='word_1_438' title='bbox 612 5149 717 5186; x_wconf 87' lang='lat' dir='ltr'><strong>ttott</strong></span> <span class='ocrx_word' id='word_1_439' title='bbox 762 5131 878 5185; x_wconf 60' lang='lat' dir='ltr'><strong>hate</strong></span> <span class='ocrx_word' id='word_1_440' title='bbox 926 5129 1290 5197; x_wconf 88' lang='lat' dir='ltr'><strong>proposuisset</strong></span> <span class='ocrx_word' id='word_1_441' title='bbox 1329 5126 1394 5179; x_wconf 92' lang='lat' dir='ltr'><strong>ad</strong></span> <span class='ocrx_word' id='word_1_442' title='bbox 1439 5126 1603 5179; x_wconf 90' lang='lat' dir='ltr'><strong>Deum</strong></span> <span class='ocrx_word' id='word_1_443' title='bbox 1645 5125 1994 5194; x_wconf 88' lang='lat' dir='ltr'><strong>placandum,</strong></span> <span class='ocrx_word' id='word_1_444' title='bbox 2037 5134 2091 5179; x_wconf 91' lang='lat' dir='ltr'><strong>et</strong></span> <span class='ocrx_word' id='word_1_445' title='bbox 2125 5126 2190 5180; x_wconf 89' lang='lat' dir='ltr'><strong>ad</strong></span> 
     </span>
    </p>
   </div>
   <div class='ocr_carea' id='block_1_55' title="bbox 613 5217 2192 5296">
    <p class='ocr_par' dir='ltr' id='par_1_55' title="bbox 613 5217 2192 5296">
     <span class='ocr_line' id='line_1_55' title="bbox 613 5217 2192 5296; baseline -0.004 -18"><span class='ocrx_word' id='word_1_446' title='bbox 613 5225 780 5296; x_wconf 88' lang='lat' dir='ltr'><strong>ipsius</strong></span> <span class='ocrx_word' id='word_1_447' title='bbox 819 5221 1245 5278; x_wconf 88' lang='lat' dir='ltr'><strong>benevolentiam</strong></span> <span class='ocrx_word' id='word_1_448' title='bbox 1275 5217 1666 5273; x_wconf 72' lang='lat' dir='ltr'><strong>attrahendum.</strong></span> <span class='ocrx_word' id='word_1_449' title='bbox 1701 5217 1772 5270; x_wconf 86' lang='lat' dir='ltr'><strong>Ita</strong></span> <span class='ocrx_word' id='word_1_450' title='bbox 1802 5218 1956 5271; x_wconf 89' lang='lat' dir='ltr'><strong>etiam</strong></span> <span class='ocrx_word' id='word_1_451' title='bbox 1987 5232 2083 5271; x_wconf 90' lang='lat' dir='ltr'><strong>nos</strong></span> <span class='ocrx_word' id='word_1_452' title='bbox 2112 5217 2192 5271; x_wconf 85' lang='lat' dir='ltr'><strong>fa-</strong></span> 
     </span>
    </p>
   </div>
   <div class='ocr_carea' id='block_1_56' title="bbox 650 5326 2192 5394">
    <p class='ocr_par' dir='ltr' id='par_1_56' title="bbox 650 5326 2192 5394">
     <span class='ocr_line' id='line_1_56' title="bbox 650 5326 2192 5394; baseline -0.005 -10"><span class='ocrx_word' id='word_1_453' title='bbox 650 5374 660 5384; x_wconf 93' lang='lat'><strong>.</strong></span> <span class='ocrx_word' id='word_1_454' title='bbox 685 5336 800 5394; x_wconf 77' lang='lat'><strong>5-8,</strong></span> <span class='ocrx_word' id='word_1_455' title='bbox 828 5335 959 5385; x_wconf 90' lang='lat' dir='ltr'><strong>unde</strong></span> <span class='ocrx_word' id='word_1_456' title='bbox 982 5331 1146 5382; x_wconf 78' lang='lat' dir='ltr'><strong>Morel.</strong></span> <span class='ocrx_word' id='word_1_457' title='bbox 1170 5343 1257 5394; x_wconf 85' lang='lat' dir='ltr'><strong>sua</strong></span> <span class='ocrx_word' id='word_1_458' title='bbox 1293 5330 1514 5394; x_wconf 78' lang='lat' dir='ltr'><strong>sumpsit.</strong></span> <span class='ocrx_word' id='word_1_459' title='bbox 1555 5335 1660 5376; x_wconf 84' lang='lat' dir='ltr'><strong>Post</strong></span> <span class='ocrx_word' id='word_1_460' title='bbox 1683 5326 1946 5394; x_wconf 74' lang='lat' dir='ltr'><strong>illaautem</strong></span> <span class='ocrx_word' id='word_1_461' title='bbox 1965 5331 2119 5394; x_wconf 86' lang='lat' dir='ltr'><strong>verba</strong></span> <span class='ocrx_word' id='word_1_462' title='bbox 2140 5330 2192 5394; x_wconf 82' lang='lat' dir='ltr'><strong>in</strong></span> 
     </span>
    </p>
   </div>
   <div class='ocr_carea' id='block_1_57' title="bbox 635 5389 2193 5457">
    <p class='ocr_par' dir='ltr' id='par_1_57' title="bbox 635 5389 2193 5457">
     <span class='ocr_line' id='line_1_57' title="bbox 635 5389 2193 5457; baseline -0.006 -9"><span class='ocrx_word' id='word_1_463' title='bbox 635 5389 1084 5448; x_wconf 45' lang='lat' dir='ltr'><strong>lodice&#39;Colbertino</strong></span> <span class='ocrx_word' id='word_1_464' title='bbox 1099 5393 1319 5457; x_wconf 78' lang='lat' dir='ltr'><strong>quaedam</strong></span> <span class='ocrx_word' id='word_1_465' title='bbox 1341 5389 1642 5457; x_wconf 71' lang='lat' dir='ltr'><strong>adjiciuntur,</strong></span> <span class='ocrx_word' id='word_1_466' title='bbox 1660 5390 1722 5438; x_wconf 89' lang='lat' dir='ltr'><strong>ab</strong></span> <span class='ocrx_word' id='word_1_467' title='bbox 1745 5391 1817 5446; x_wconf 85' lang='lat' dir='ltr'><strong>iis,</strong></span> <span class='ocrx_word' id='word_1_468' title='bbox 1835 5403 1944 5457; x_wconf 58' lang='lat' dir='ltr'><strong>qua:</strong></span> <span class='ocrx_word' id='word_1_469' title='bbox 1962 5390 2193 5457; x_wconf 60' lang='lat' dir='ltr'><strong>itttlorel.</strong></span> 
     </span>
    </p>
   </div>
   <div class='ocr_carea' id='block_1_58' title="bbox 613 5448 2191 5520">
    <p class='ocr_par' dir='ltr' id='par_1_58' title="bbox 613 5448 2191 5520">
     <span class='ocr_line' id='line_1_58' title="bbox 613 5448 2191 5520; baseline -0.004 -13"><span class='ocrx_word' id='word_1_470' title='bbox 613 5471 703 5520; x_wconf 90' lang='lat' dir='ltr'><strong>per</strong></span> <span class='ocrx_word' id='word_1_471' title='bbox 720 5465 846 5507; x_wconf 87' lang='lat' dir='ltr'><strong>totas</strong></span> <span class='ocrx_word' id='word_1_472' title='bbox 867 5460 1022 5506; x_wconf 81' lang='lat' dir='ltr'><strong>ferme</strong></span> <span class='ocrx_word' id='word_1_473' title='bbox 1038 5448 1248 5520; x_wconf 58' lang='lat' dir='ltr'><strong>quatuor</strong></span> <span class='ocrx_word' id='word_1_474' title='bbox 1263 5448 1463 5520; x_wconf 64' lang='lat' dir='ltr'><strong>paginas</strong></span> <span class='ocrx_word' id='word_1_475' title='bbox 1477 5449 1713 5509; x_wconf 87' lang='lat' dir='ltr'><strong>feruntur,</strong></span> <span class='ocrx_word' id='word_1_476' title='bbox 1732 5458 1832 5500; x_wconf 90' lang='lat' dir='ltr'><strong>toto</strong></span> <span class='ocrx_word' id='word_1_477' title='bbox 1845 5448 1966 5520; x_wconf 60' lang='lat' dir='ltr'><strong>caglo</strong></span> <span class='ocrx_word' id='word_1_478' title='bbox 1981 5451 2191 5520; x_wconf 76' lang='lat' dir='ltr'><strong>diversa.</strong></span> 
     </span>
    </p>
   </div>
   <div class='ocr_carea' id='block_1_59' title="bbox 615 5512 2199 5579">
    <p class='ocr_par' dir='ltr' id='par_1_59' title="bbox 615 5512 2199 5579">
     <span class='ocr_line' id='line_1_59' title="bbox 615 5512 2199 5579; baseline -0.004 -13"><span class='ocrx_word' id='word_1_479' title='bbox 615 5512 710 5567; x_wconf 89' lang='lat' dir='ltr'><strong>itoc</strong></span> <span class='ocrx_word' id='word_1_480' title='bbox 732 5528 896 5567; x_wconf 86' lang='lat' dir='ltr'><strong>autem</strong></span> <span class='ocrx_word' id='word_1_481' title='bbox 911 5512 1114 5579; x_wconf 78' lang='lat' dir='ltr'><strong>hujusce</strong></span> <span class='ocrx_word' id='word_1_482' title='bbox 1138 5512 1721 5579; x_wconf 55' lang='lat' dir='ltr'><strong>Culicis&#39;additantentttut</strong></span> <span class='ocrx_word' id='word_1_483' title='bbox 1739 5545 1752 5569; x_wconf 97' lang='lat'><strong>,</strong></span> <span class='ocrx_word' id='word_1_484' title='bbox 1768 5512 1914 5579; x_wconf 88' lang='lat' dir='ltr'><strong>_quod</strong></span> <span class='ocrx_word' id='word_1_485' title='bbox 1939 5525 2081 5579; x_wconf 81' lang='lat' dir='ltr'><strong>unam</strong></span> <span class='ocrx_word' id='word_1_486' title='bbox 2104 5514 2199 5579; x_wconf 61' lang='grc' dir='ltr'><strong>ρίγ-</strong></span> 
     </span>
    </p>
   </div>
   <div class='ocr_carea' id='block_1_60' title="bbox 616 5571 2196 5641">
    <p class='ocr_par' dir='ltr' id='par_1_60' title="bbox 616 5571 2196 5641">
     <span class='ocr_line' id='line_1_60' title="bbox 616 5571 2196 5641; baseline -0.004 -12"><span class='ocrx_word' id='word_1_487' title='bbox 616 5582 739 5629; x_wconf 86' lang='lat' dir='ltr'><strong>citer</strong></span> <span class='ocrx_word' id='word_1_488' title='bbox 775 5571 993 5641; x_wconf 76' lang='lat' dir='ltr'><strong>paginam</strong></span> <span class='ocrx_word' id='word_1_489' title='bbox 1026 5577 1325 5638; x_wconf 87' lang='lat' dir='ltr'><strong>compleret,</strong></span> <span class='ocrx_word' id='word_1_490' title='bbox 1358 5571 1548 5622; x_wconf 88' lang='lat' dir='ltr'><strong>videtur</strong></span> <span class='ocrx_word' id='word_1_491' title='bbox 1571 5584 1599 5621; x_wconf 91' lang='lat' dir='ltr'><strong>a</strong></span> <span class='ocrx_word' id='word_1_492' title='bbox 1621 5571 1818 5622; x_wconf 83' lang='lat' dir='ltr'><strong>librarlo</strong></span> <span class='ocrx_word' id='word_1_493' title='bbox 1832 5572 2036 5634; x_wconf 87' lang='lat' dir='ltr'><strong>quodam</strong></span> <span class='ocrx_word' id='word_1_494' title='bbox 2060 5573 2196 5636; x_wconf 84' lang='lat' dir='ltr'><strong>adje-</strong></span> 
     </span>
    </p>
   </div>
   <div class='ocr_carea' id='block_1_61' title="bbox 622 5650 767 5691">
    <p class='ocr_par' dir='ltr' id='par_1_61' title="bbox 622 5650 767 5691">
     <span class='ocr_line' id='line_1_61' title="bbox 622 5650 767 5691; baseline -0.034 0"><span class='ocrx_word' id='word_1_495' title='bbox 622 5650 767 5691; x_wconf 73' lang='grc' dir='ltr'><strong>αιιιη.</strong></span> 
     </span>
    </p>
   </div>
   <div class='ocr_carea' id='block_1_62' title="bbox 680 5691 1833 5761">
    <p class='ocr_par' dir='ltr' id='par_1_62' title="bbox 680 5691 1833 5761">
     <span class='ocr_line' id='line_1_62' title="bbox 680 5691 1833 5761; baseline -0.004 -13"><span class='ocrx_word' id='word_1_496' title='bbox 680 5704 696 5734; x_wconf 77' lang='grc' dir='ltr'><strong><em>ι</em></strong></span> <span class='ocrx_word' id='word_1_497' title='bbox 735 5696 852 5750; x_wconf 64' lang='grc' dir='ltr'><strong>βίω.</strong></span> <span class='ocrx_word' id='word_1_498' title='bbox 876 5698 1074 5761; x_wconf 81' lang='lat' dir='ltr'><strong>habent,</strong></span> <span class='ocrx_word' id='word_1_499' title='bbox 1107 5694 1400 5747; x_wconf 81' lang='lat' dir='ltr'><strong>Tribulantes</strong></span> <span class='ocrx_word' id='word_1_500' title='bbox 1419 5707 1496 5746; x_wconf 88' lang='lat' dir='ltr'><strong>me</strong></span> <span class='ocrx_word' id='word_1_501' title='bbox 1515 5691 1833 5746; x_wconf 72' lang='lat' dir='ltr'><strong>exsultabant.</strong></span> 
     </span>
    </p>
   </div>
   <div class='ocr_carea' id='block_1_63' title="bbox 3781 283 3893 340">
    <p class='ocr_par' dir='ltr' id='par_1_63' title="bbox 3781 283 3893 340">
     <span class='ocr_line' id='line_1_63' title="bbox 3781 283 3893 340; baseline 0 0"><span class='ocrx_word' id='word_1_502' title='bbox 3781 283 3893 340; x_wconf 61' lang='lat'><strong>153</strong></span> 
     </span>
    </p>
   </div>
   <div class='ocr_carea' id='block_1_64' title="bbox 2311 389 3894 454">
    <p class='ocr_par' dir='ltr' id='par_1_64' title="bbox 2311 389 3894 454">
     <span class='ocr_line' id='line_1_64' title="bbox 2311 389 3894 454; baseline 0.006 -10"><span class='ocrx_word' id='word_1_503' title='bbox 2311 389 2530 454; x_wconf 89' lang='lat' dir='ltr'><strong>ciamus,</strong></span> <span class='ocrx_word' id='word_1_504' title='bbox 2556 399 2610 445; x_wconf 91' lang='lat' dir='ltr'><strong>et</strong></span> <span class='ocrx_word' id='word_1_505' title='bbox 2628 391 3026 447; x_wconf 84' lang='lat' dir='ltr'><strong>consideremus</strong></span> <span class='ocrx_word' id='word_1_506' title='bbox 3046 401 3101 448; x_wconf 91' lang='lat' dir='ltr'><strong>et</strong></span> <span class='ocrx_word' id='word_1_507' title='bbox 3119 392 3503 449; x_wconf 88' lang='lat' dir='ltr'><strong>contendamus</strong></span> <span class='ocrx_word' id='word_1_508' title='bbox 3526 407 3596 450; x_wconf 91' lang='lat' dir='ltr'><strong>ne</strong></span> <span class='ocrx_word' id='word_1_509' title='bbox 3617 395 3894 454; x_wconf 68' lang='lat' dir='ltr'><strong>inimicum</strong></span> 
     </span>
    </p>
   </div>
   <div class='ocr_carea' id='block_1_65' title="bbox 2308 480 3896 551">
    <p class='ocr_par' dir='ltr' id='par_1_65' title="bbox 2308 480 3896 551">
     <span class='ocr_line' id='line_1_65' title="bbox 2308 480 3896 551; baseline 0.005 -17"><span class='ocrx_word' id='word_1_510' title='bbox 2308 480 2637 548; x_wconf 80' lang='lat' dir='ltr'><strong>exaltemus,</strong></span> <span class='ocrx_word' id='word_1_511' title='bbox 2671 497 2736 535; x_wconf 91' lang='lat' dir='ltr'><strong>ne</strong></span> <span class='ocrx_word' id='word_1_512' title='bbox 2767 492 3033 551; x_wconf 88' lang='lat' dir='ltr'><strong>potentem</strong></span> <span class='ocrx_word' id='word_1_513' title='bbox 3061 483 3315 538; x_wconf 85' lang='lat' dir='ltr'><strong>faciamus</strong></span> <span class='ocrx_word' id='word_1_514' title='bbox 3335 527 3350 551; x_wconf 95' lang='lat'><strong>,</strong></span> <span class='ocrx_word' id='word_1_515' title='bbox 3381 499 3448 540; x_wconf 89' lang='lat' dir='ltr'><strong>ne</strong></span> <span class='ocrx_word' id='word_1_516' title='bbox 3478 485 3657 541; x_wconf 75' lang='lat' dir='ltr'><strong>ltetitia</strong></span> <span class='ocrx_word' id='word_1_517' title='bbox 3682 487 3896 542; x_wconf 80' lang='lat' dir='ltr'><strong>afﬁcia-</strong></span> 
     </span>
    </p>
   </div>
   <div class='ocr_carea' id='block_1_66' title="bbox 2307 573 3899 646">
    <p class='ocr_par' dir='ltr' id='par_1_66' title="bbox 2307 573 3899 646">
     <span class='ocr_line' id='line_1_66' title="bbox 2307 573 3899 646; baseline 0.005 -20"><span class='ocrx_word' id='word_1_518' title='bbox 2307 587 2447 639; x_wconf 89' lang='lat' dir='ltr'><strong>mus,</strong></span> <span class='ocrx_word' id='word_1_519' title='bbox 2478 573 2574 629; x_wconf 89' lang='lat' dir='ltr'><strong>sed</strong></span> <span class='ocrx_word' id='word_1_520' title='bbox 2603 584 2787 630; x_wconf 90' lang='lat' dir='ltr'><strong>contra</strong></span> <span class='ocrx_word' id='word_1_521' title='bbox 2813 584 2866 630; x_wconf 88' lang='lat' dir='ltr'><strong>et</strong></span> <span class='ocrx_word' id='word_1_522' title='bbox 2896 575 3168 639; x_wconf 87' lang='lat' dir='ltr'><strong>humilem,</strong></span> <span class='ocrx_word' id='word_1_523' title='bbox 3191 587 3240 629; x_wconf 91' lang='lat' dir='ltr'><strong>et</strong></span> <span class='ocrx_word' id='word_1_524' title='bbox 3267 576 3549 646; x_wconf 87' lang='lat' dir='ltr'><strong>abjectum,</strong></span> <span class='ocrx_word' id='word_1_525' title='bbox 3574 587 3630 633; x_wconf 90' lang='lat' dir='ltr'><strong>et</strong></span> <span class='ocrx_word' id='word_1_526' title='bbox 3653 578 3899 634; x_wconf 81' lang='lat' dir='ltr'><strong>imbecil-</strong></span> 
     </span>
    </p>
   </div>
   <div class='ocr_carea' id='block_1_67' title="bbox 2307 662 3899 735">
    <p class='ocr_par' dir='ltr' id='par_1_67' title="bbox 2307 662 3899 735">
     <span class='ocr_line' id='line_1_67' title="bbox 2307 662 3899 735; baseline 0.006 -19"><span class='ocrx_word' id='word_1_527' title='bbox 2307 662 2436 729; x_wconf 89' lang='lat' dir='ltr'><strong>lum,</strong></span> <span class='ocrx_word' id='word_1_528' title='bbox 2473 664 2782 735; x_wconf 90' lang='lat' dir='ltr'><strong>tristemque</strong></span> <span class='ocrx_word' id='word_1_529' title='bbox 2808 675 2861 720; x_wconf 89' lang='lat' dir='ltr'><strong>et</strong></span> <span class='ocrx_word' id='word_1_530' title='bbox 2885 666 3175 720; x_wconf 87' lang='lat' dir='ltr'><strong>demissum</strong></span> <span class='ocrx_word' id='word_1_531' title='bbox 3203 666 3508 722; x_wconf 87' lang='lat' dir='ltr'><strong>reddamus.</strong></span> <span class='ocrx_word' id='word_1_532' title='bbox 3541 667 3597 722; x_wconf 91' lang='lat' dir='ltr'><strong>Si</strong></span> <span class='ocrx_word' id='word_1_533' title='bbox 3623 669 3763 724; x_wconf 89' lang='lat' dir='ltr'><strong>enim</strong></span> <span class='ocrx_word' id='word_1_534' title='bbox 3797 687 3899 726; x_wconf 86' lang='lat' dir='ltr'><strong>eos</strong></span> 
     </span>
    </p>
   </div>
   <div class='ocr_carea' id='block_1_68' title="bbox 2305 754 3890 827">
    <p class='ocr_par' dir='ltr' id='par_1_68' title="bbox 2305 754 3890 827">
     <span class='ocr_line' id='line_1_68' title="bbox 2305 754 3890 827; baseline 0.006 -21"><span class='ocrx_word' id='word_1_535' title='bbox 2305 754 2392 822; x_wconf 93' lang='lat' dir='ltr'><strong>qui</strong></span> <span class='ocrx_word' id='word_1_536' title='bbox 2427 765 2710 822; x_wconf 87' lang='lat' dir='ltr'><strong>peccarunt</strong></span> <span class='ocrx_word' id='word_1_537' title='bbox 2736 796 2750 819; x_wconf 94' lang='lat'><strong>,</strong></span> <span class='ocrx_word' id='word_1_538' title='bbox 2785 765 2929 810; x_wconf 89' lang='lat' dir='ltr'><strong>recte</strong></span> <span class='ocrx_word' id='word_1_539' title='bbox 2956 765 3010 810; x_wconf 90' lang='lat' dir='ltr'><strong>et</strong></span> <span class='ocrx_word' id='word_1_540' title='bbox 3039 771 3102 810; x_wconf 86' lang='lat' dir='ltr'><strong>ex</strong></span> <span class='ocrx_word' id='word_1_541' title='bbox 3132 757 3412 812; x_wconf 76' lang='lat' dir='ltr'><strong>virtute‘se</strong></span> <span class='ocrx_word' id='word_1_542' title='bbox 3440 772 3628 827; x_wconf 78' lang='lat' dir='ltr'><strong>gerere</strong></span> <span class='ocrx_word' id='word_1_543' title='bbox 3657 761 3846 816; x_wconf 82' lang='lat' dir='ltr'><strong>viderit</strong></span> <span class='ocrx_word' id='word_1_544' title='bbox 3877 806 3890 827; x_wconf 88' lang='lat'><strong>,</strong></span> 
     </span>
    </p>
   </div>
   <div class='ocr_carea' id='block_1_69' title="bbox 2305 842 3895 912">
    <p class='ocr_par' dir='ltr' id='par_1_69' title="bbox 2305 842 3895 912">
     <span class='ocr_line' id='line_1_69' title="bbox 2305 842 3895 912; baseline 0.006 -18"><span class='ocrx_word' id='word_1_545' title='bbox 2305 842 2421 897; x_wconf 66' lang='lat' dir='ltr'><strong>haec</strong></span> <span class='ocrx_word' id='word_1_546' title='bbox 2458 844 2633 897; x_wconf 89' lang='lat' dir='ltr'><strong>omnia</strong></span> <span class='ocrx_word' id='word_1_547' title='bbox 2673 844 2828 899; x_wconf 89' lang='lat' dir='ltr'><strong>simul</strong></span> <span class='ocrx_word' id='word_1_548' title='bbox 2860 846 3009 899; x_wconf 86' lang='lat' dir='ltr'><strong>fiunt.</strong></span> <span class='ocrx_word' id='word_1_549' title='bbox 3041 845 3096 900; x_wconf 89' lang='lat'><strong>6.</strong></span> <span class='ocrx_word' id='word_1_550' title='bbox 3125 845 3237 912; x_wconf 88' lang='lat' dir='ltr'><strong>Ego</strong></span> <span class='ocrx_word' id='word_1_551' title='bbox 3263 857 3426 900; x_wconf 89' lang='lat' dir='ltr'><strong>autem</strong></span> <span class='ocrx_word' id='word_1_552' title='bbox 3461 848 3513 900; x_wconf 82' lang='lat' dir='ltr'><strong>in</strong></span> <span class='ocrx_word' id='word_1_553' title='bbox 3543 850 3895 904; x_wconf 73' lang='lat' dir='ltr'><strong>misericordia</strong></span> 
     </span>
    </p>
   </div>
   <div class='ocr_carea' id='block_1_70' title="bbox 2304 934 3895 1006">
    <p class='ocr_par' dir='ltr' id='par_1_70' title="bbox 2304 934 3895 1006">
     <span class='ocr_line' id='line_1_70' title="bbox 2304 934 3895 1006; baseline 0.006 -20"><span class='ocrx_word' id='word_1_554' title='bbox 2304 942 2393 986; x_wconf 77' lang='lat' dir='ltr'><strong>tua</strong></span> <span class='ocrx_word' id='word_1_555' title='bbox 2419 935 2632 1004; x_wconf 75' lang='lat' dir='ltr'><strong>speravi.</strong></span> <span class='ocrx_word' id='word_1_556' title='bbox 2665 934 2800 1002; x_wconf 87' lang='lat' dir='ltr'><strong>Quid</strong></span> <span class='ocrx_word' id='word_1_557' title='bbox 2830 951 2957 1006; x_wconf 86' lang='lat' dir='ltr'><strong>ergo</strong></span> <span class='ocrx_word' id='word_1_558' title='bbox 2985 944 3128 991; x_wconf 90' lang='lat' dir='ltr'><strong>recte</strong></span> <span class='ocrx_word' id='word_1_559' title='bbox 3145 938 3314 991; x_wconf 83' lang='lat' dir='ltr'><strong>fecisti</strong></span> <span class='ocrx_word' id='word_1_560' title='bbox 3339 948 3395 991; x_wconf 93' lang='lat' dir='ltr'><strong>ut</strong></span> <span class='ocrx_word' id='word_1_561' title='bbox 3418 949 3588 1006; x_wconf 90' lang='lat' dir='ltr'><strong>petas,</strong></span> <span class='ocrx_word' id='word_1_562' title='bbox 3618 951 3675 994; x_wconf 93' lang='lat' dir='ltr'><strong>ut</strong></span> <span class='ocrx_word' id='word_1_563' title='bbox 3704 957 3895 996; x_wconf 88' lang='lat' dir='ltr'><strong>rursus</strong></span> 
     </span>
    </p>
   </div>
   <div class='ocr_carea' id='block_1_71' title="bbox 2306 1025 3895 1094">
    <p class='ocr_par' dir='ltr' id='par_1_71' title="bbox 2306 1025 3895 1094">
     <span class='ocr_line' id='line_1_71' title="bbox 2306 1025 3895 1094; baseline 0.005 -17"><span class='ocrx_word' id='word_1_564' title='bbox 2306 1031 2358 1077; x_wconf 90' lang='lat' dir='ltr'><strong>te</strong></span> <span class='ocrx_word' id='word_1_565' title='bbox 2398 1025 2685 1092; x_wconf 78' lang='lat' dir='ltr'><strong>reSpiciat,</strong></span> <span class='ocrx_word' id='word_1_566' title='bbox 2725 1037 2785 1079; x_wconf 86' lang='lat' dir='ltr'><strong>ut</strong></span> <span class='ocrx_word' id='word_1_567' title='bbox 2824 1034 2970 1079; x_wconf 88' lang='lat' dir='ltr'><strong>tuam</strong></span> <span class='ocrx_word' id='word_1_568' title='bbox 3018 1027 3312 1080; x_wconf 87' lang='lat' dir='ltr'><strong>orationem</strong></span> <span class='ocrx_word' id='word_1_569' title='bbox 3356 1029 3642 1094; x_wconf 84' lang='lat' dir='ltr'><strong>exaudiat,</strong></span> <span class='ocrx_word' id='word_1_570' title='bbox 3688 1039 3743 1084; x_wconf 88' lang='lat' dir='ltr'><strong>ttt</strong></span> <span class='ocrx_word' id='word_1_571' title='bbox 3783 1041 3895 1084; x_wconf 83' lang='lat' dir='ltr'><strong>tuae</strong></span> 
     </span>
    </p>
   </div>
   <div class='ocr_carea' id='block_1_72' title="bbox 2305 1116 3892 1178">
    <p class='ocr_par' dir='ltr' id='par_1_72' title="bbox 2305 1116 3892 1178">
     <span class='ocr_line' id='line_1_72' title="bbox 2305 1116 3892 1178; baseline 0.005 -9"><span class='ocrx_word' id='word_1_572' title='bbox 2305 1116 2501 1171; x_wconf 88' lang='lat' dir='ltr'><strong>tuentis</strong></span> <span class='ocrx_word' id='word_1_573' title='bbox 2531 1117 2669 1171; x_wconf 89' lang='lat' dir='ltr'><strong>oculi</strong></span> <span class='ocrx_word' id='word_1_574' title='bbox 2703 1117 3105 1173; x_wconf 77' lang='lat' dir='ltr'><strong>illuminentur?</strong></span> <span class='ocrx_word' id='word_1_575' title='bbox 3145 1119 3408 1173; x_wconf 89' lang='lat' dir='ltr'><strong>undenam</strong></span> <span class='ocrx_word' id='word_1_576' title='bbox 3440 1131 3615 1176; x_wconf 88' lang='lat' dir='ltr'><strong>autem</strong></span> <span class='ocrx_word' id='word_1_577' title='bbox 3648 1121 3760 1178; x_wconf 78' lang='lat' dir='ltr'><strong>hzec</strong></span> <span class='ocrx_word' id='word_1_578' title='bbox 3793 1125 3892 1178; x_wconf 83' lang='lat' dir='ltr'><strong>tibi</strong></span> 
     </span>
    </p>
   </div>
   <div class='ocr_carea' id='block_1_73' title="bbox 2302 1206 3892 1287">
    <p class='ocr_par' dir='ltr' id='par_1_73' title="bbox 2302 1206 3892 1287">
     <span class='ocr_line' id='line_1_73' title="bbox 2302 1206 3892 1287; baseline 0.008 -28"><span class='ocrx_word' id='word_1_579' title='bbox 2302 1218 2486 1276; x_wconf 73' lang='lat' dir='ltr'><strong>Speras</strong></span> <span class='ocrx_word' id='word_1_580' title='bbox 2531 1206 2745 1263; x_wconf 86' lang='lat' dir='ltr'><strong>futura?</strong></span> <span class='ocrx_word' id='word_1_581' title='bbox 2788 1211 2975 1265; x_wconf 89' lang='lat' dir='ltr'><strong>Dicant</strong></span> <span class='ocrx_word' id='word_1_582' title='bbox 3015 1211 3262 1281; x_wconf 85' lang='lat' dir='ltr'><strong>quidem,</strong></span> <span class='ocrx_word' id='word_1_583' title='bbox 3306 1213 3505 1283; x_wconf 87' lang='lat' dir='ltr'><strong>inquit,</strong></span> <span class='ocrx_word' id='word_1_584' title='bbox 3535 1215 3730 1286; x_wconf 26' lang='lat' dir='ltr'><strong>alii,lsi</strong></span> <span class='ocrx_word' id='word_1_585' title='bbox 3757 1219 3892 1287; x_wconf 82' lang='lat' dir='ltr'><strong>quid</strong></span> 
     </span>
    </p>
   </div>
   <div class='ocr_carea' id='block_1_74' title="bbox 2303 1299 3892 1377">
    <p class='ocr_par' dir='ltr' id='par_1_74' title="bbox 2303 1299 3892 1377">
     <span class='ocr_line' id='line_1_74' title="bbox 2303 1299 3892 1377; baseline 0.007 -26"><span class='ocrx_word' id='word_1_586' title='bbox 2303 1299 2508 1366; x_wconf 91' lang='lat' dir='ltr'><strong>possint</strong></span> <span class='ocrx_word' id='word_1_587' title='bbox 2548 1300 2728 1355; x_wconf 91' lang='lat' dir='ltr'><strong>dicere</strong></span> <span class='ocrx_word' id='word_1_588' title='bbox 2755 1318 2768 1355; x_wconf 90' lang='lat'><strong>:</strong></span> <span class='ocrx_word' id='word_1_589' title='bbox 2800 1318 2898 1371; x_wconf 86' lang='lat' dir='ltr'><strong>ego</strong></span> <span class='ocrx_word' id='word_1_590' title='bbox 2935 1313 3110 1358; x_wconf 92' lang='lat' dir='ltr'><strong>autem</strong></span> <span class='ocrx_word' id='word_1_591' title='bbox 3143 1319 3307 1358; x_wconf 89' lang='lat' dir='ltr'><strong>unum</strong></span> <span class='ocrx_word' id='word_1_592' title='bbox 3337 1306 3449 1360; x_wconf 91' lang='lat' dir='ltr'><strong>scio</strong></span> <span class='ocrx_word' id='word_1_593' title='bbox 3473 1348 3488 1372; x_wconf 89' lang='lat'><strong>,</strong></span> <span class='ocrx_word' id='word_1_594' title='bbox 3523 1323 3685 1362; x_wconf 92' lang='lat' dir='ltr'><strong>unum</strong></span> <span class='ocrx_word' id='word_1_595' title='bbox 3721 1310 3843 1365; x_wconf 85' lang='lat' dir='ltr'><strong>dico</strong></span> <span class='ocrx_word' id='word_1_596' title='bbox 3872 1354 3892 1377; x_wconf 85' lang='lat'><strong>,</strong></span> 
     </span>
    </p>
   </div>
   <div class='ocr_carea' id='block_1_75' title="bbox 2301 1393 3889 1470">
    <p class='ocr_par' dir='ltr' id='par_1_75' title="bbox 2301 1393 3889 1470">
     <span class='ocr_line' id='line_1_75' title="bbox 2301 1393 3889 1470; baseline 0.007 -27"><span class='ocrx_word' id='word_1_597' title='bbox 2301 1404 2517 1445; x_wconf 91' lang='lat' dir='ltr'><strong>omnem</strong></span> <span class='ocrx_word' id='word_1_598' title='bbox 2556 1406 2702 1460; x_wconf 88' lang='lat' dir='ltr'><strong>spem</strong></span> <span class='ocrx_word' id='word_1_599' title='bbox 2731 1409 2902 1446; x_wconf 89' lang='lat' dir='ltr'><strong>meam</strong></span> <span class='ocrx_word' id='word_1_600' title='bbox 2935 1393 2988 1447; x_wconf 93' lang='lat' dir='ltr'><strong>in</strong></span> <span class='ocrx_word' id='word_1_601' title='bbox 3019 1395 3107 1448; x_wconf 92' lang='lat' dir='ltr'><strong>illo</strong></span> <span class='ocrx_word' id='word_1_602' title='bbox 3136 1395 3343 1450; x_wconf 91' lang='lat' dir='ltr'><strong>colloco</strong></span> <span class='ocrx_word' id='word_1_603' title='bbox 3375 1414 3387 1450; x_wconf 90' lang='lat'>:</span> <span class='ocrx_word' id='word_1_604' title='bbox 3420 1396 3547 1450; x_wconf 92' lang='lat' dir='ltr'><strong>illud</strong></span> <span class='ocrx_word' id='word_1_605' title='bbox 3578 1399 3706 1454; x_wconf 88' lang='lat' dir='ltr'><strong>mihi</strong></span> <span class='ocrx_word' id='word_1_606' title='bbox 3754 1417 3889 1470; x_wconf 84' lang='lat' dir='ltr'><strong>pro-</strong></span> 
     </span>
    </p>
   </div>
   <div class='ocr_carea' id='block_1_76' title="bbox 2301 1483 3892 1562">
    <p class='ocr_par' dir='ltr' id='par_1_76' title="bbox 2301 1483 3892 1562">
     <span class='ocr_line' id='line_1_76' title="bbox 2301 1483 3892 1562; baseline 0.006 -28"><span class='ocrx_word' id='word_1_607' title='bbox 2301 1495 2443 1551; x_wconf 90' lang='lat' dir='ltr'><strong>pono</strong></span> <span class='ocrx_word' id='word_1_608' title='bbox 2465 1522 2480 1548; x_wconf 91' lang='lat'><strong>,</strong></span> <span class='ocrx_word' id='word_1_609' title='bbox 2512 1483 2931 1538; x_wconf 91' lang='lat' dir='ltr'><strong>misericordiam</strong></span> <span class='ocrx_word' id='word_1_610' title='bbox 2967 1493 3110 1538; x_wconf 90' lang='lat' dir='ltr'><strong>tuam</strong></span> <span class='ocrx_word' id='word_1_611' title='bbox 3135 1527 3150 1550; x_wconf 95' lang='lat'><strong>,</strong></span> <span class='ocrx_word' id='word_1_612' title='bbox 3189 1494 3332 1540; x_wconf 90' lang='lat' dir='ltr'><strong>tuam</strong></span> <span class='ocrx_word' id='word_1_613' title='bbox 3378 1487 3734 1544; x_wconf 87' lang='lat' dir='ltr'><strong>clementiam.</strong></span> <span class='ocrx_word' id='word_1_614' title='bbox 3772 1490 3892 1562; x_wconf 80' lang='lat' dir='ltr'><strong>Ego</strong></span> 
     </span>
    </p>
   </div>
   <div class='ocr_carea' id='block_1_77' title="bbox 2301 1571 3892 1649">
    <p class='ocr_par' dir='ltr' id='par_1_77' title="bbox 2301 1571 3892 1649">
     <span class='ocr_line' id='line_1_77' title="bbox 2301 1571 3892 1649; baseline 0.006 -27"><span class='ocrx_word' id='word_1_615' title='bbox 2301 1581 2488 1636; x_wconf 84' lang='lat' dir='ltr'><strong>autem,</strong></span> <span class='ocrx_word' id='word_1_616' title='bbox 2518 1571 2706 1642; x_wconf 88' lang='lat' dir='ltr'><strong>inquit,</strong></span> <span class='ocrx_word' id='word_1_617' title='bbox 2736 1574 2788 1626; x_wconf 85' lang='lat' dir='ltr'><strong>in</strong></span> <span class='ocrx_word' id='word_1_618' title='bbox 2820 1575 3161 1627; x_wconf 78' lang='lat' dir='ltr'><strong>misericordia</strong></span> <span class='ocrx_word' id='word_1_619' title='bbox 3184 1585 3271 1627; x_wconf 86' lang='lat' dir='ltr'><strong>tua</strong></span> <span class='ocrx_word' id='word_1_620' title='bbox 3292 1580 3506 1642; x_wconf 83' lang='lat' dir='ltr'><strong>speravi.</strong></span> <span class='ocrx_word' id='word_1_621' title='bbox 3544 1578 3730 1632; x_wconf 86' lang='lat' dir='ltr'><strong>Vidisti</strong></span> <span class='ocrx_word' id='word_1_622' title='bbox 3761 1596 3892 1649; x_wconf 81' lang='lat' dir='ltr'><strong>pro-</strong></span> 
     </span>
    </p>
   </div>
   <div class='ocr_carea' id='block_1_78' title="bbox 2298 1661 3891 1736">
    <p class='ocr_par' dir='ltr' id='par_1_78' title="bbox 2298 1661 3891 1736">
     <span class='ocr_line' id='line_1_78' title="bbox 2298 1661 3891 1736; baseline 0.006 -22"><span class='ocrx_word' id='word_1_623' title='bbox 2298 1661 2475 1731; x_wconf 73' lang='lat' dir='ltr'><strong>pheta:</strong></span> <span class='ocrx_word' id='word_1_624' title='bbox 2502 1661 2892 1719; x_wconf 87' lang='lat' dir='ltr'><strong>humilitatem?</strong></span> <span class='ocrx_word' id='word_1_625' title='bbox 2923 1665 3095 1718; x_wconf 85' lang='lat' dir='ltr'><strong>vidisti</strong></span> <span class='ocrx_word' id='word_1_626' title='bbox 3135 1665 3274 1734; x_wconf 90' lang='lat' dir='ltr'><strong>pium</strong></span> <span class='ocrx_word' id='word_1_627' title='bbox 3301 1675 3355 1720; x_wconf 90' lang='lat' dir='ltr'><strong>et</strong></span> <span class='ocrx_word' id='word_1_628' title='bbox 3381 1678 3587 1736; x_wconf 81' lang='lat' dir='ltr'><strong>gratum</strong></span> <span class='ocrx_word' id='word_1_629' title='bbox 3631 1671 3727 1723; x_wconf 88' lang='lat' dir='ltr'><strong>viri</strong></span> <span class='ocrx_word' id='word_1_630' title='bbox 3767 1673 3891 1724; x_wconf 87' lang='lat' dir='ltr'><strong>ani-</strong></span> 
     </span>
    </p>
   </div>
   <div class='ocr_carea' id='block_1_79' title="bbox 2300 1753 3883 1824">
    <p class='ocr_par' dir='ltr' id='par_1_79' title="bbox 2300 1753 3883 1824">
     <span class='ocr_line' id='line_1_79' title="bbox 2300 1753 3883 1824; baseline 0.003 -17"><span class='ocrx_word' id='word_1_631' title='bbox 2300 1755 2485 1807; x_wconf 89' lang='lat' dir='ltr'><strong>mum?</strong></span> <span class='ocrx_word' id='word_1_632' title='bbox 2513 1753 2664 1810; x_wconf 83' lang='lat' dir='ltr'><strong>Licet</strong></span> <span class='ocrx_word' id='word_1_633' title='bbox 2707 1763 2886 1824; x_wconf 87' lang='lat' dir='ltr'><strong>posset</strong></span> <span class='ocrx_word' id='word_1_634' title='bbox 2933 1755 3333 1810; x_wconf 89' lang='lat' dir='ltr'><strong>innumerabilia</strong></span> <span class='ocrx_word' id='word_1_635' title='bbox 3383 1772 3410 1808; x_wconf 89' lang='lat' dir='ltr'><strong>a</strong></span> <span class='ocrx_word' id='word_1_636' title='bbox 3459 1772 3517 1812; x_wconf 90' lang='lat' dir='ltr'><strong>se</strong></span> <span class='ocrx_word' id='word_1_637' title='bbox 3559 1767 3704 1813; x_wconf 88' lang='lat' dir='ltr'><strong>recte</strong></span> <span class='ocrx_word' id='word_1_638' title='bbox 3741 1760 3883 1814; x_wconf 76' lang='lat' dir='ltr'><strong>facta</strong></span> 
     </span>
    </p>
   </div>
   <div class='ocr_carea' id='block_1_80' title="bbox 2299 1843 3884 1915">
    <p class='ocr_par' dir='ltr' id='par_1_80' title="bbox 2299 1843 3884 1915">
     <span class='ocr_line' id='line_1_80' title="bbox 2299 1843 3884 1915; baseline 0.004 -19"><span class='ocrx_word' id='word_1_639' title='bbox 2299 1843 2478 1898; x_wconf 89' lang='lat' dir='ltr'><strong>dicere</strong></span> <span class='ocrx_word' id='word_1_640' title='bbox 2502 1883 2516 1907; x_wconf 96' lang='lat'><strong>,</strong></span> <span class='ocrx_word' id='word_1_641' title='bbox 2550 1852 2605 1897; x_wconf 88' lang='lat' dir='ltr'><strong>et</strong></span> <span class='ocrx_word' id='word_1_642' title='bbox 2632 1859 2726 1912; x_wconf 91' lang='lat' dir='ltr'><strong>per</strong></span> <span class='ocrx_word' id='word_1_643' title='bbox 2751 1860 2813 1898; x_wconf 90' lang='lat' dir='ltr'><strong>ea</strong></span> <span class='ocrx_word' id='word_1_644' title='bbox 2846 1845 3010 1900; x_wconf 93' lang='lat' dir='ltr'><strong>Deum</strong></span> <span class='ocrx_word' id='word_1_645' title='bbox 3051 1859 3274 1900; x_wconf 89' lang='lat' dir='ltr'><strong>exorare</strong></span> <span class='ocrx_word' id='word_1_646' title='bbox 3295 1887 3309 1911; x_wconf 90' lang='lat'><strong>,</strong></span> <span class='ocrx_word' id='word_1_647' title='bbox 3339 1861 3523 1902; x_wconf 89' lang='lat' dir='ltr'><strong>eorum</strong></span> <span class='ocrx_word' id='word_1_648' title='bbox 3553 1849 3680 1902; x_wconf 89' lang='lat' dir='ltr'><strong>nihil</strong></span> <span class='ocrx_word' id='word_1_649' title='bbox 3712 1849 3836 1904; x_wconf 89' lang='lat' dir='ltr'><strong>dicit</strong></span> <span class='ocrx_word' id='word_1_650' title='bbox 3863 1891 3884 1915; x_wconf 89' lang='lat'><strong>,</strong></span> 
     </span>
    </p>
   </div>
   <div class='ocr_carea' id='block_1_81' title="bbox 2299 1934 3880 2005">
    <p class='ocr_par' dir='ltr' id='par_1_81' title="bbox 2299 1934 3880 2005">
     <span class='ocr_line' id='line_1_81' title="bbox 2299 1934 3880 2005; baseline 0.003 -17"><span class='ocrx_word' id='word_1_651' title='bbox 2299 1934 2392 1988; x_wconf 89' lang='lat' dir='ltr'><strong>sed</strong></span> <span class='ocrx_word' id='word_1_652' title='bbox 2420 1934 2484 1988; x_wconf 91' lang='lat' dir='ltr'><strong>ad</strong></span> <span class='ocrx_word' id='word_1_653' title='bbox 2515 1937 2682 1989; x_wconf 89' lang='lat' dir='ltr'><strong>solam</strong></span> <span class='ocrx_word' id='word_1_654' title='bbox 2717 1934 2956 2005; x_wconf 77' lang='lat' dir='ltr'><strong>confugit</strong></span> <span class='ocrx_word' id='word_1_655' title='bbox 2985 1936 3080 1991; x_wconf 91' lang='lat' dir='ltr'><strong>Dei</strong></span> <span class='ocrx_word' id='word_1_656' title='bbox 3117 1938 3557 1992; x_wconf 85' lang='lat' dir='ltr'><strong>misericordiam.</strong></span> <span class='ocrx_word' id='word_1_657' title='bbox 3587 1939 3735 1995; x_wconf 91' lang='lat' dir='ltr'><strong>Unde</strong></span> <span class='ocrx_word' id='word_1_658' title='bbox 3761 1941 3880 1994; x_wconf 84' lang='lat' dir='ltr'><strong>cla-</strong></span> 
     </span>
    </p>
   </div>
   <div class='ocr_carea' id='block_1_82' title="bbox 2297 2026 3883 2103">
    <p class='ocr_par' dir='ltr' id='par_1_82' title="bbox 2297 2026 3883 2103">
     <span class='ocr_line' id='line_1_82' title="bbox 2297 2026 3883 2103; baseline 0.005 -25"><span class='ocrx_word' id='word_1_659' title='bbox 2297 2038 2415 2078; x_wconf 85' lang='lat' dir='ltr'><strong>rum</strong></span> <span class='ocrx_word' id='word_1_660' title='bbox 2443 2034 2543 2090; x_wconf 87' lang='lat' dir='ltr'><strong>est,</strong></span> <span class='ocrx_word' id='word_1_661' title='bbox 2572 2026 2717 2079; x_wconf 91' lang='lat' dir='ltr'><strong>illum</strong></span> <span class='ocrx_word' id='word_1_662' title='bbox 2745 2042 2866 2080; x_wconf 90' lang='lat' dir='ltr'><strong>cum</strong></span> <span class='ocrx_word' id='word_1_663' title='bbox 2893 2027 3006 2080; x_wconf 77' lang='lat' dir='ltr'><strong>ltzee</strong></span> <span class='ocrx_word' id='word_1_664' title='bbox 3027 2027 3173 2091; x_wconf 92' lang='lat' dir='ltr'><strong>dicit,</strong></span> <span class='ocrx_word' id='word_1_665' title='bbox 3199 2044 3415 2099; x_wconf 89' lang='lat' dir='ltr'><strong>nempe,</strong></span> <span class='ocrx_word' id='word_1_666' title='bbox 3443 2030 3505 2084; x_wconf 91' lang='lat' dir='ltr'><strong>Si</strong></span> <span class='ocrx_word' id='word_1_667' title='bbox 3526 2032 3623 2103; x_wconf 86' lang='lat' dir='ltr'><strong>feci</strong></span> <span class='ocrx_word' id='word_1_668' title='bbox 3642 2033 3789 2097; x_wconf 84' lang='lat' dir='ltr'><strong>illud,</strong></span> <span class='ocrx_word' id='word_1_669' title='bbox 3815 2033 3883 2086; x_wconf 82' lang='lat' dir='ltr'><strong>Si</strong></span> 
     </span>
    </p>
   </div>
   <div class='ocr_carea' id='block_1_83' title="bbox 2296 2114 3884 2192">
    <p class='ocr_par' dir='ltr' id='par_1_83' title="bbox 2296 2114 3884 2192">
     <span class='ocr_line' id='line_1_83' title="bbox 2296 2114 3884 2192; baseline 0.008 -26"><span class='ocrx_word' id='word_1_670' title='bbox 2296 2114 2503 2167; x_wconf 83' lang='lat' dir='ltr'><strong>retribui</strong></span> <span class='ocrx_word' id='word_1_671' title='bbox 2527 2117 2665 2170; x_wconf 90' lang='lat' dir='ltr'><strong>mala</strong></span> <span class='ocrx_word' id='word_1_672' title='bbox 2689 2133 2781 2187; x_wconf 86' lang='lat' dir='ltr'><strong>pro</strong></span> <span class='ocrx_word' id='word_1_673' title='bbox 2810 2118 2950 2170; x_wconf 84' lang='lat' dir='ltr'><strong>bonis</strong></span> <span class='ocrx_word' id='word_1_674' title='bbox 2979 2117 2998 2188; x_wconf 85' lang='lat'>(</span> <span class='ocrx_word' id='word_1_675' title='bbox 3029 2116 3167 2172; x_wconf 84' lang='lat' dir='ltr'><strong>Psal.</strong></span> <span class='ocrx_word' id='word_1_676' title='bbox 3191 2119 3244 2173; x_wconf 92' lang='lat'><strong>7.</strong></span> <span class='ocrx_word' id='word_1_677' title='bbox 3274 2121 3326 2174; x_wconf 70' lang='grc'><strong>4.</strong></span> <span class='ocrx_word' id='word_1_678' title='bbox 3353 2118 3468 2192; x_wconf 84' lang='lat'><strong>5),</strong></span> <span class='ocrx_word' id='word_1_679' title='bbox 3509 2130 3563 2175; x_wconf 91' lang='lat' dir='ltr'><strong>et</strong></span> <span class='ocrx_word' id='word_1_680' title='bbox 3600 2138 3718 2192; x_wconf 67' lang='lat' dir='ltr'><strong>qum</strong></span> <span class='ocrx_word' id='word_1_681' title='bbox 3755 2135 3884 2178; x_wconf 88' lang='lat' dir='ltr'><strong>sunt</strong></span> 
     </span>
    </p>
   </div>
   <div class='ocr_carea' id='block_1_84' title="bbox 2297 2203 3887 2278">
    <p class='ocr_par' dir='ltr' id='par_1_84' title="bbox 2297 2203 3887 2278">
     <span class='ocr_line' id='line_1_84' title="bbox 2297 2203 3887 2278; baseline 0.007 -20"><span class='ocrx_word' id='word_1_682' title='bbox 2297 2203 2599 2276; x_wconf 86' lang='lat' dir='ltr'><strong>hujusmodi</strong></span> <span class='ocrx_word' id='word_1_683' title='bbox 2621 2248 2635 2273; x_wconf 95' lang='lat'><strong>,</strong></span> <span class='ocrx_word' id='word_1_684' title='bbox 2673 2207 2724 2262; x_wconf 92' lang='lat' dir='ltr'><strong>in</strong></span> <span class='ocrx_word' id='word_1_685' title='bbox 2762 2222 3003 2278; x_wconf 85' lang='lat' dir='ltr'><strong>magnam</strong></span> <span class='ocrx_word' id='word_1_686' title='bbox 3038 2209 3323 2264; x_wconf 90' lang='lat' dir='ltr'><strong>adductum</strong></span> <span class='ocrx_word' id='word_1_687' title='bbox 3358 2213 3725 2268; x_wconf 85' lang='lat' dir='ltr'><strong>necessitatem</strong></span> <span class='ocrx_word' id='word_1_688' title='bbox 3764 2214 3887 2270; x_wconf 46' lang='lat' dir='ltr'><strong>hare</strong></span> 
     </span>
    </p>
   </div>
   <div class='ocr_carea' id='block_1_85' title="bbox 2295 2294 3887 2368">
    <p class='ocr_par' dir='ltr' id='par_1_85' title="bbox 2295 2294 3887 2368">
     <span class='ocr_line' id='line_1_85' title="bbox 2295 2294 3887 2368; baseline 0.005 -18"><span class='ocrx_word' id='word_1_689' title='bbox 2295 2294 2476 2351; x_wconf 88' lang='lat' dir='ltr'><strong>dicere</strong></span> <span class='ocrx_word' id='word_1_690' title='bbox 2505 2315 2520 2351; x_wconf 90' lang='lat'><strong>:</strong></span> <span class='ocrx_word' id='word_1_691' title='bbox 2549 2312 2666 2366; x_wconf 74' lang='lat' dir='ltr'><strong>quae</strong></span> <span class='ocrx_word' id='word_1_692' title='bbox 2695 2298 2738 2352; x_wconf 89' lang='lat' dir='ltr'><strong>si</strong></span> <span class='ocrx_word' id='word_1_693' title='bbox 2767 2315 2871 2352; x_wconf 90' lang='lat' dir='ltr'><strong>non</strong></span> <span class='ocrx_word' id='word_1_694' title='bbox 2892 2298 3048 2365; x_wconf 82' lang='lat' dir='ltr'><strong>adsit,</strong></span> <span class='ocrx_word' id='word_1_695' title='bbox 3073 2299 3201 2354; x_wconf 86' lang='lat' dir='ltr'><strong>nihil</strong></span> <span class='ocrx_word' id='word_1_696' title='bbox 3227 2301 3356 2355; x_wconf 92' lang='lat' dir='ltr'><strong>dicit</strong></span> <span class='ocrx_word' id='word_1_697' title='bbox 3381 2302 3590 2356; x_wconf 92' lang='lat' dir='ltr'><strong>illorum</strong></span> <span class='ocrx_word' id='word_1_698' title='bbox 3610 2345 3623 2368; x_wconf 90' lang='lat'><strong>,</strong></span> <span class='ocrx_word' id='word_1_699' title='bbox 3653 2305 3746 2358; x_wconf 90' lang='lat' dir='ltr'><strong>sed</strong></span> <span class='ocrx_word' id='word_1_700' title='bbox 3778 2306 3887 2358; x_wconf 81' lang='lat' dir='ltr'><strong>Illi-</strong></span> 
     </span>
    </p>
   </div>
   <div class='ocr_carea' id='block_1_86' title="bbox 2296 2386 3886 2462">
    <p class='ocr_par' dir='ltr' id='par_1_86' title="bbox 2296 2386 3886 2462">
     <span class='ocr_line' id='line_1_86' title="bbox 2296 2386 3886 2462; baseline 0.006 -23"><span class='ocrx_word' id='word_1_701' title='bbox 2296 2386 2639 2441; x_wconf 82' lang='lat' dir='ltr'><strong>sericordiam</strong></span> <span class='ocrx_word' id='word_1_702' title='bbox 2660 2395 2716 2442; x_wconf 88' lang='lat' dir='ltr'><strong>et</strong></span> <span class='ocrx_word' id='word_1_703' title='bbox 2739 2389 2831 2443; x_wconf 88' lang='lat' dir='ltr'><strong>Dei</strong></span> <span class='ocrx_word' id='word_1_704' title='bbox 2849 2389 3188 2444; x_wconf 87' lang='lat' dir='ltr'><strong>clementiam</strong></span> <span class='ocrx_word' id='word_1_705' title='bbox 3211 2405 3308 2460; x_wconf 93' lang='lat' dir='ltr'><strong>pro</strong></span> <span class='ocrx_word' id='word_1_706' title='bbox 3329 2393 3470 2445; x_wconf 92' lang='lat' dir='ltr'><strong>omni</strong></span> <span class='ocrx_word' id='word_1_707' title='bbox 3495 2393 3886 2462; x_wconf 88' lang='lat' dir='ltr'><strong>supplicatione</strong></span> 
     </span>
    </p>
   </div>
   <div class='ocr_carea' id='block_1_87' title="bbox 2297 2478 3884 2550">
    <p class='ocr_par' dir='ltr' id='par_1_87' title="bbox 2297 2478 3884 2550">
     <span class='ocr_line' id='line_1_87' title="bbox 2297 2478 3884 2550; baseline 0.006 -20"><span class='ocrx_word' id='word_1_708' title='bbox 2297 2478 2563 2546; x_wconf 87' lang='lat' dir='ltr'><strong>preponit.</strong></span> <span class='ocrx_word' id='word_1_709' title='bbox 2595 2479 2795 2534; x_wconf 88' lang='lat' dir='ltr'><strong>Deinde</strong></span> <span class='ocrx_word' id='word_1_710' title='bbox 2819 2480 3092 2535; x_wconf 89' lang='lat' dir='ltr'><strong>conlidens</strong></span> <span class='ocrx_word' id='word_1_711' title='bbox 3115 2482 3227 2536; x_wconf 85' lang='lat' dir='ltr'><strong>fore</strong></span> <span class='ocrx_word' id='word_1_712' title='bbox 3257 2490 3314 2536; x_wconf 91' lang='lat' dir='ltr'><strong>ut</strong></span> <span class='ocrx_word' id='word_1_713' title='bbox 3342 2497 3436 2550; x_wconf 91' lang='lat' dir='ltr'><strong>spe</strong></span> <span class='ocrx_word' id='word_1_714' title='bbox 3461 2498 3566 2537; x_wconf 91' lang='lat' dir='ltr'><strong>non</strong></span> <span class='ocrx_word' id='word_1_715' title='bbox 3592 2483 3884 2540; x_wconf 58' lang='lat' dir='ltr'><strong>frustrare-</strong></span> 
     </span>
    </p>
   </div>
   <div class='ocr_carea' id='block_1_88' title="bbox 2300 2569 3800 2639">
    <p class='ocr_par' dir='ltr' id='par_1_88' title="bbox 2300 2569 3800 2639">
     <span class='ocr_line' id='line_1_88' title="bbox 2300 2569 3800 2639; baseline 0.005 -16"><span class='ocrx_word' id='word_1_716' title='bbox 2300 2579 2403 2632; x_wconf 87' lang='lat' dir='ltr'><strong>tur,</strong></span> <span class='ocrx_word' id='word_1_717' title='bbox 2432 2569 2735 2639; x_wconf 89' lang='lat' dir='ltr'><strong>subjunxit,</strong></span> <span class='ocrx_word' id='word_1_718' title='bbox 2767 2569 3056 2626; x_wconf 67' lang='lat' dir='ltr'><strong>Exsultabit</strong></span> <span class='ocrx_word' id='word_1_719' title='bbox 3079 2589 3166 2628; x_wconf 87' lang='lat' dir='ltr'><strong>cor</strong></span> <span class='ocrx_word' id='word_1_720' title='bbox 3191 2589 3357 2627; x_wconf 85' lang='lat' dir='ltr'><strong>meum</strong></span> <span class='ocrx_word' id='word_1_721' title='bbox 3378 2575 3430 2628; x_wconf 85' lang='lat' dir='ltr'><strong>in</strong></span> <span class='ocrx_word' id='word_1_722' title='bbox 3455 2576 3666 2630; x_wconf 83' lang='lat' dir='ltr'><strong>salutari</strong></span> <span class='ocrx_word' id='word_1_723' title='bbox 3694 2587 3800 2630; x_wconf 89' lang='lat' dir='ltr'><strong>tuo.</strong></span> 
     </span>
    </p>
   </div>
   <div class='ocr_carea' id='block_1_89' title="bbox 2370 2660 3883 2735">
    <p class='ocr_par' dir='ltr' id='par_1_89' title="bbox 2370 2660 3883 2735">
     <span class='ocr_line' id='line_1_89' title="bbox 2370 2660 3883 2735; baseline 0.007 -20"><span class='ocrx_word' id='word_1_724' title='bbox 2370 2660 2660 2716; x_wconf 83' lang='lat' dir='ltr'><strong>Gratiarum</strong></span> <span class='ocrx_word' id='word_1_725' title='bbox 2685 2665 2816 2718; x_wconf 79' lang='lat' dir='ltr'><strong>actio</strong></span> <span class='ocrx_word' id='word_1_726' title='bbox 2843 2675 2962 2719; x_wconf 86' lang='lat' dir='ltr'><strong>ante</strong></span> <span class='ocrx_word' id='word_1_727' title='bbox 2989 2665 3304 2735; x_wconf 80' lang='lat' dir='ltr'><strong>beneﬁcium.</strong></span> <span class='ocrx_word' id='word_1_728' title='bbox 3331 2697 3403 2707; x_wconf 97' lang='lat'><strong>—</strong></span> <span class='ocrx_word' id='word_1_729' title='bbox 3427 2668 3613 2722; x_wconf 82' lang='lat' dir='ltr'><strong>VidiSIi</strong></span> <span class='ocrx_word' id='word_1_730' title='bbox 3643 2671 3883 2727; x_wconf 79' lang='lat' dir='ltr'><strong>animum</strong></span> 
     </span>
    </p>
   </div>
   <div class='ocr_carea' id='block_1_90' title="bbox 2296 2751 3889 2828">
    <p class='ocr_par' dir='ltr' id='par_1_90' title="bbox 2296 2751 3889 2828">
     <span class='ocr_line' id='line_1_90' title="bbox 2296 2751 3889 2828; baseline 0.005 -22"><span class='ocrx_word' id='word_1_731' title='bbox 2296 2751 2432 2808; x_wconf 89' lang='lat' dir='ltr'><strong>bene</strong></span> <span class='ocrx_word' id='word_1_732' title='bbox 2457 2755 2799 2822; x_wconf 80' lang='lat' dir='ltr'><strong>sperantem?</strong></span> <span class='ocrx_word' id='word_1_733' title='bbox 2824 2755 3001 2822; x_wconf 86' lang='lat' dir='ltr'><strong>Petiit,</strong></span> <span class='ocrx_word' id='word_1_734' title='bbox 3023 2763 3078 2811; x_wconf 89' lang='lat' dir='ltr'><strong>et</strong></span> <span class='ocrx_word' id='word_1_735' title='bbox 3105 2757 3409 2826; x_wconf 89' lang='lat' dir='ltr'><strong>priusquam</strong></span> <span class='ocrx_word' id='word_1_736' title='bbox 3431 2760 3714 2828; x_wconf 90' lang='lat' dir='ltr'><strong>acceperit,</strong></span> <span class='ocrx_word' id='word_1_737' title='bbox 3741 2771 3889 2814; x_wconf 85' lang='lat' dir='ltr'><strong>tam-</strong></span> 
     </span>
    </p>
   </div>
   <div class='ocr_carea' id='block_1_91' title="bbox 2296 2848 3891 2926">
    <p class='ocr_par' dir='ltr' id='par_1_91' title="bbox 2296 2848 3891 2926">
     <span class='ocr_line' id='line_1_91' title="bbox 2296 2848 3891 2926; baseline 0.006 -27"><span class='ocrx_word' id='word_1_738' title='bbox 2296 2861 2454 2916; x_wconf 85' lang='lat' dir='ltr'><strong>quam</strong></span> <span class='ocrx_word' id='word_1_739' title='bbox 2495 2848 2584 2918; x_wconf 91' lang='lat' dir='ltr'><strong>qui</strong></span> <span class='ocrx_word' id='word_1_740' title='bbox 2613 2851 2934 2918; x_wconf 88' lang='lat' dir='ltr'><strong>accepisset,</strong></span> <span class='ocrx_word' id='word_1_741' title='bbox 2967 2850 3075 2919; x_wconf 82' lang='lat' dir='ltr'><strong>agit</strong></span> <span class='ocrx_word' id='word_1_742' title='bbox 3110 2851 3340 2920; x_wconf 80' lang='lat' dir='ltr'><strong>gratias,</strong></span> <span class='ocrx_word' id='word_1_743' title='bbox 3369 2867 3432 2906; x_wconf 91' lang='lat' dir='ltr'><strong>ac</strong></span> <span class='ocrx_word' id='word_1_744' title='bbox 3471 2852 3579 2908; x_wconf 89' lang='lat' dir='ltr'><strong>Deo</strong></span> <span class='ocrx_word' id='word_1_745' title='bbox 3607 2856 3750 2909; x_wconf 88' lang='lat' dir='ltr'><strong>canit</strong></span> <span class='ocrx_word' id='word_1_746' title='bbox 3780 2854 3891 2926; x_wconf 85' lang='lat' dir='ltr'><strong>hy-</strong></span> 
     </span>
    </p>
   </div>
   <div class='ocr_carea' id='block_1_92' title="bbox 2297 2941 3886 3012">
    <p class='ocr_par' dir='ltr' id='par_1_92' title="bbox 2297 2941 3886 3012">
     <span class='ocr_line' id='line_1_92' title="bbox 2297 2941 3886 3012; baseline 0.006 -19"><span class='ocrx_word' id='word_1_747' title='bbox 2297 2955 2501 3007; x_wconf 90' lang='lat' dir='ltr'><strong>mnum,</strong></span> <span class='ocrx_word' id='word_1_748' title='bbox 2526 2941 2808 3011; x_wconf 89' lang='lat' dir='ltr'><strong>omniaque</strong></span> <span class='ocrx_word' id='word_1_749' title='bbox 2834 2941 2959 2996; x_wconf 85' lang='lat' dir='ltr'><strong>facit</strong></span> <span class='ocrx_word' id='word_1_750' title='bbox 2984 2957 3101 3011; x_wconf 71' lang='lat' dir='ltr'><strong>qute</strong></span> <span class='ocrx_word' id='word_1_751' title='bbox 3129 2945 3399 3012; x_wconf 73' lang='lat' dir='ltr'><strong>prtemissa</strong></span> <span class='ocrx_word' id='word_1_752' title='bbox 3427 2953 3571 3000; x_wconf 91' lang='lat' dir='ltr'><strong>sunt.</strong></span> <span class='ocrx_word' id='word_1_753' title='bbox 3599 2945 3886 3003; x_wconf 88' lang='lat' dir='ltr'><strong>Undenam</strong></span> 
     </span>
    </p>
   </div>
   <div class='ocr_carea' id='block_1_93' title="bbox 2295 3031 3889 3110">
    <p class='ocr_par' dir='ltr' id='par_1_93' title="bbox 2295 3031 3889 3110">
     <span class='ocr_line' id='line_1_93' title="bbox 2295 3031 3889 3110; baseline 0.007 -26"><span class='ocrx_word' id='word_1_754' title='bbox 2295 3039 2471 3085; x_wconf 90' lang='lat' dir='ltr'><strong>autem</strong></span> <span class='ocrx_word' id='word_1_755' title='bbox 2508 3040 2590 3086; x_wconf 89' lang='lat' dir='ltr'><strong>est</strong></span> <span class='ocrx_word' id='word_1_756' title='bbox 2631 3040 2738 3086; x_wconf 87' lang='lat' dir='ltr'><strong>tam</strong></span> <span class='ocrx_word' id='word_1_757' title='bbox 2780 3031 2916 3086; x_wconf 89' lang='lat' dir='ltr'><strong>bona</strong></span> <span class='ocrx_word' id='word_1_758' title='bbox 2945 3048 3039 3103; x_wconf 90' lang='lat' dir='ltr'><strong>spe</strong></span> <span class='ocrx_word' id='word_1_759' title='bbox 3067 3033 3354 3102; x_wconf 71' lang='lat' dir='ltr'><strong>praeditus?</strong></span> <span class='ocrx_word' id='word_1_760' title='bbox 3401 3035 3476 3089; x_wconf 85' lang='lat' dir='ltr'><strong>Ex</strong></span> <span class='ocrx_word' id='word_1_761' title='bbox 3508 3037 3595 3106; x_wconf 92' lang='lat' dir='ltr'><strong>pio</strong></span> <span class='ocrx_word' id='word_1_762' title='bbox 3627 3046 3682 3093; x_wconf 91' lang='lat' dir='ltr'><strong>et</strong></span> <span class='ocrx_word' id='word_1_763' title='bbox 3723 3050 3889 3110; x_wconf 85' lang='lat' dir='ltr'><strong>grato</strong></span> 
     </span>
    </p>
   </div>
   <div class='ocr_carea' id='block_1_94' title="bbox 2297 3123 3883 3199">
    <p class='ocr_par' dir='ltr' id='par_1_94' title="bbox 2297 3123 3883 3199">
     <span class='ocr_line' id='line_1_94' title="bbox 2297 3123 3883 3199; baseline 0.009 -26"><span class='ocrx_word' id='word_1_764' title='bbox 2297 3123 2512 3189; x_wconf 86' lang='lat' dir='ltr'><strong>animo,</strong></span> <span class='ocrx_word' id='word_1_765' title='bbox 2558 3138 2623 3178; x_wconf 89' lang='lat' dir='ltr'><strong>ex</strong></span> <span class='ocrx_word' id='word_1_766' title='bbox 2668 3139 2860 3196; x_wconf 86' lang='lat' dir='ltr'><strong>magno</strong></span> <span class='ocrx_word' id='word_1_767' title='bbox 2905 3134 2959 3179; x_wconf 91' lang='lat' dir='ltr'><strong>et</strong></span> <span class='ocrx_word' id='word_1_768' title='bbox 3003 3125 3302 3181; x_wconf 83' lang='lat' dir='ltr'><strong>vehementi</strong></span> <span class='ocrx_word' id='word_1_769' title='bbox 3343 3128 3518 3182; x_wconf 89' lang='lat' dir='ltr'><strong>studio</strong></span> <span class='ocrx_word' id='word_1_770' title='bbox 3560 3131 3826 3199; x_wconf 86' lang='lat' dir='ltr'><strong>petitionis</strong></span> <span class='ocrx_word' id='word_1_771' title='bbox 3867 3152 3883 3188; x_wconf 90' lang='lat'><strong>:</strong></span> 
     </span>
    </p>
   </div>
   <div class='ocr_carea' id='block_1_95' title="bbox 2295 3213 3888 3294">
    <p class='ocr_par' dir='ltr' id='par_1_95' title="bbox 2295 3213 3888 3294">
     <span class='ocr_line' id='line_1_95' title="bbox 2295 3213 3888 3294; baseline 0.007 -28"><span class='ocrx_word' id='word_1_772' title='bbox 2295 3213 2495 3268; x_wconf 89' lang='lat' dir='ltr'><strong>sciebat</strong></span> <span class='ocrx_word' id='word_1_773' title='bbox 2519 3229 2638 3268; x_wconf 91' lang='lat' dir='ltr'><strong>eum</strong></span> <span class='ocrx_word' id='word_1_774' title='bbox 2666 3215 2754 3284; x_wconf 93' lang='lat' dir='ltr'><strong>qui</strong></span> <span class='ocrx_word' id='word_1_775' title='bbox 2781 3214 2856 3270; x_wconf 90' lang='lat' dir='ltr'><strong>sic</strong></span> <span class='ocrx_word' id='word_1_776' title='bbox 2879 3224 3102 3294; x_wconf 81' lang='lat' dir='ltr'><strong>peteret,</strong></span> <span class='ocrx_word' id='word_1_777' title='bbox 3121 3232 3151 3270; x_wconf 89' lang='lat' dir='ltr'><strong>a</strong></span> <span class='ocrx_word' id='word_1_778' title='bbox 3175 3217 3283 3272; x_wconf 89' lang='lat' dir='ltr'><strong>Deo</strong></span> <span class='ocrx_word' id='word_1_779' title='bbox 3307 3219 3565 3286; x_wconf 88' lang='lat' dir='ltr'><strong>exaudiri,</strong></span> <span class='ocrx_word' id='word_1_780' title='bbox 3589 3236 3654 3276; x_wconf 85' lang='lat' dir='ltr'><strong>ex</strong></span> <span class='ocrx_word' id='word_1_781' title='bbox 3681 3237 3888 3292; x_wconf 86' lang='lat' dir='ltr'><strong>magno</strong></span> 
     </span>
    </p>
   </div>
   <div class='ocr_carea' id='block_1_96' title="bbox 2294 3304 3879 3382">
    <p class='ocr_par' dir='ltr' id='par_1_96' title="bbox 2294 3304 3879 3382">
     <span class='ocr_line' id='line_1_96' title="bbox 2294 3304 3879 3382; baseline 0.006 -24"><span class='ocrx_word' id='word_1_782' title='bbox 2294 3304 2472 3360; x_wconf 90' lang='lat' dir='ltr'><strong>cordis</strong></span> <span class='ocrx_word' id='word_1_783' title='bbox 2500 3305 2679 3360; x_wconf 89' lang='lat' dir='ltr'><strong>calore</strong></span> <span class='ocrx_word' id='word_1_784' title='bbox 2703 3315 2756 3360; x_wconf 90' lang='lat' dir='ltr'><strong>et</strong></span> <span class='ocrx_word' id='word_1_785' title='bbox 2783 3306 3085 3376; x_wconf 80' lang='lat' dir='ltr'><strong>agitatione.</strong></span> <span class='ocrx_word' id='word_1_786' title='bbox 3119 3308 3575 3376; x_wconf 85' lang='lat' dir='ltr'><strong>Quemadmodum</strong></span> <span class='ocrx_word' id='word_1_787' title='bbox 3616 3326 3742 3380; x_wconf 87' lang='lat' dir='ltr'><strong>ergo</strong></span> <span class='ocrx_word' id='word_1_788' title='bbox 3779 3316 3879 3382; x_wconf 90' lang='lat' dir='ltr'><strong>qui</strong></span> 
     </span>
    </p>
   </div>
   <div class='ocr_carea' id='block_1_97' title="bbox 2295 3397 3878 3472">
    <p class='ocr_par' dir='ltr' id='par_1_97' title="bbox 2295 3397 3878 3472">
     <span class='ocr_line' id='line_1_97' title="bbox 2295 3397 3878 3472; baseline 0.005 -22"><span class='ocrx_word' id='word_1_789' title='bbox 2295 3397 2528 3467; x_wconf 80' lang='lat' dir='ltr'><strong>segniter</strong></span> <span class='ocrx_word' id='word_1_790' title='bbox 2550 3408 2602 3452; x_wconf 91' lang='lat' dir='ltr'><strong>et</strong></span> <span class='ocrx_word' id='word_1_791' title='bbox 2625 3399 2951 3468; x_wconf 79' lang='lat' dir='ltr'><strong>negligenter</strong></span> <span class='ocrx_word' id='word_1_792' title='bbox 2973 3409 3178 3469; x_wconf 91' lang='lat' dir='ltr'><strong>petunt,</strong></span> <span class='ocrx_word' id='word_1_793' title='bbox 3203 3401 3361 3454; x_wconf 89' lang='lat' dir='ltr'><strong>etiam</strong></span> <span class='ocrx_word' id='word_1_794' title='bbox 3388 3415 3509 3454; x_wconf 93' lang='lat' dir='ltr'><strong>cum</strong></span> <span class='ocrx_word' id='word_1_795' title='bbox 3540 3403 3878 3472; x_wconf 84' lang='lat' dir='ltr'><strong>acceperint,</strong></span> 
     </span>
    </p>
   </div>
   <div class='ocr_carea' id='block_1_98' title="bbox 2295 3490 3887 3560">
    <p class='ocr_par' dir='ltr' id='par_1_98' title="bbox 2295 3490 3887 3560">
     <span class='ocr_line' id='line_1_98' title="bbox 2295 3490 3887 3560; baseline 0.005 -17"><span class='ocrx_word' id='word_1_796' title='bbox 2295 3491 2383 3544; x_wconf 90' lang='lat' dir='ltr'><strong>vix</strong></span> <span class='ocrx_word' id='word_1_797' title='bbox 2425 3490 2762 3545; x_wconf 88' lang='lat' dir='ltr'><strong>donationem</strong></span> <span class='ocrx_word' id='word_1_798' title='bbox 2808 3490 3040 3544; x_wconf 90' lang='lat' dir='ltr'><strong>sentiunt</strong></span> <span class='ocrx_word' id='word_1_799' title='bbox 3080 3508 3093 3544; x_wconf 90' lang='lat'><strong>:</strong></span> <span class='ocrx_word' id='word_1_800' title='bbox 3136 3491 3204 3544; x_wconf 89' lang='lat' dir='ltr'><strong>ita</strong></span> <span class='ocrx_word' id='word_1_801' title='bbox 3245 3490 3333 3560; x_wconf 93' lang='lat' dir='ltr'><strong>qui</strong></span> <span class='ocrx_word' id='word_1_802' title='bbox 3371 3491 3580 3546; x_wconf 91' lang='lat' dir='ltr'><strong>intenso</strong></span> <span class='ocrx_word' id='word_1_803' title='bbox 3617 3493 3791 3548; x_wconf 87' lang='lat' dir='ltr'><strong>studio</strong></span> <span class='ocrx_word' id='word_1_804' title='bbox 3819 3507 3887 3551; x_wconf 92' lang='lat' dir='ltr'><strong>et</strong></span> 
     </span>
    </p>
   </div>
   <div class='ocr_carea' id='block_1_99' title="bbox 2295 3581 3886 3654">
    <p class='ocr_par' dir='ltr' id='par_1_99' title="bbox 2295 3581 3886 3654">
     <span class='ocr_line' id='line_1_99' title="bbox 2295 3581 3886 3654; baseline 0.004 -18"><span class='ocrx_word' id='word_1_805' title='bbox 2295 3583 2596 3636; x_wconf 75' lang='lat' dir='ltr'><strong>vehementi</strong></span> <span class='ocrx_word' id='word_1_806' title='bbox 2619 3581 2778 3636; x_wconf 89' lang='lat' dir='ltr'><strong>animi</strong></span> <span class='ocrx_word' id='word_1_807' title='bbox 2799 3583 3136 3636; x_wconf 89' lang='lat' dir='ltr'><strong>contentione</strong></span> <span class='ocrx_word' id='word_1_808' title='bbox 3157 3590 3368 3651; x_wconf 88' lang='lat' dir='ltr'><strong>petunt,</strong></span> <span class='ocrx_word' id='word_1_809' title='bbox 3387 3582 3545 3637; x_wconf 91' lang='lat' dir='ltr'><strong>etiam</strong></span> <span class='ocrx_word' id='word_1_810' title='bbox 3567 3583 3886 3654; x_wconf 66' lang='lat' dir='ltr'><strong>priusquam</strong></span> 
     </span>
    </p>
   </div>
   <div class='ocr_carea' id='block_1_100' title="bbox 2295 3673 3890 3744">
    <p class='ocr_par' dir='ltr' id='par_1_100' title="bbox 2295 3673 3890 3744">
     <span class='ocr_line' id='line_1_100' title="bbox 2295 3673 3890 3744; baseline 0.003 -16"><span class='ocrx_word' id='word_1_811' title='bbox 2295 3675 2598 3744; x_wconf 63' lang='lat' dir='ltr'><strong>acveperint</strong></span> <span class='ocrx_word' id='word_1_812' title='bbox 2619 3716 2634 3741; x_wconf 88' lang='lat'><strong>,</strong></span> <span class='ocrx_word' id='word_1_813' title='bbox 2667 3689 2730 3728; x_wconf 88' lang='lat' dir='ltr'><strong>ex</strong></span> <span class='ocrx_word' id='word_1_814' title='bbox 2761 3688 2949 3744; x_wconf 86' lang='lat' dir='ltr'><strong>magna</strong></span> <span class='ocrx_word' id='word_1_815' title='bbox 2985 3682 3036 3728; x_wconf 88' lang='lat' dir='ltr'><strong>et</strong></span> <span class='ocrx_word' id='word_1_816' title='bbox 3068 3687 3195 3742; x_wconf 89' lang='lat' dir='ltr'><strong>pura</strong></span> <span class='ocrx_word' id='word_1_817' title='bbox 3225 3688 3317 3726; x_wconf 89' lang='lat' dir='ltr'><strong>sua</strong></span> <span class='ocrx_word' id='word_1_818' title='bbox 3345 3673 3622 3729; x_wconf 73' lang='lat' dir='ltr'><strong>affectione</strong></span> <span class='ocrx_word' id='word_1_819' title='bbox 3656 3676 3890 3743; x_wconf 85' lang='lat' dir='ltr'><strong>perinde</strong></span> 
     </span>
    </p>
   </div>
   <div class='ocr_carea' id='block_1_101' title="bbox 2295 3760 3888 3836">
    <p class='ocr_par' dir='ltr' id='par_1_101' title="bbox 2295 3760 3888 3836">
     <span class='ocr_line' id='line_1_101' title="bbox 2295 3760 3888 3836; baseline 0.001 -16"><span class='ocrx_word' id='word_1_820' title='bbox 2295 3781 2358 3821; x_wconf 90' lang='lat' dir='ltr'><strong>ac</strong></span> <span class='ocrx_word' id='word_1_821' title='bbox 2386 3773 2430 3821; x_wconf 90' lang='lat' dir='ltr'><strong>sl</strong></span> <span class='ocrx_word' id='word_1_822' title='bbox 2457 3760 2805 3834; x_wconf 79' lang='lat' dir='ltr'><strong>accepissent,</strong></span> <span class='ocrx_word' id='word_1_823' title='bbox 2833 3766 3029 3820; x_wconf 89' lang='lat' dir='ltr'><strong>donum</strong></span> <span class='ocrx_word' id='word_1_824' title='bbox 3057 3765 3314 3829; x_wconf 90' lang='lat' dir='ltr'><strong>sentiunt,</strong></span> <span class='ocrx_word' id='word_1_825' title='bbox 3343 3763 3520 3819; x_wconf 85' lang='lat' dir='ltr'><strong>divina</strong></span> <span class='ocrx_word' id='word_1_826' title='bbox 3542 3767 3708 3836; x_wconf 83' lang='lat' dir='ltr'><strong>gratia</strong></span> <span class='ocrx_word' id='word_1_827' title='bbox 3737 3767 3888 3822; x_wconf 77' lang='lat' dir='ltr'><strong>lani-</strong></span> 
     </span>
    </p>
   </div>
   <div class='ocr_carea' id='block_1_102' title="bbox 2295 3857 3884 3939">
    <p class='ocr_par' dir='ltr' id='par_1_102' title="bbox 2295 3857 3884 3939">
     <span class='ocr_line' id='line_1_102' title="bbox 2295 3857 3884 3939; baseline 0 -27"><span class='ocrx_word' id='word_1_828' title='bbox 2295 3859 2421 3912; x_wconf 88' lang='lat' dir='ltr'><strong>tiam</strong></span> <span class='ocrx_word' id='word_1_829' title='bbox 2463 3867 2616 3912; x_wconf 88' lang='lat' dir='ltr'><strong>antea</strong></span> <span class='ocrx_word' id='word_1_830' title='bbox 2659 3857 2976 3912; x_wconf 91' lang='lat' dir='ltr'><strong>immittente</strong></span> <span class='ocrx_word' id='word_1_831' title='bbox 3005 3874 3018 3909; x_wconf 92' lang='lat'>:</span> <span class='ocrx_word' id='word_1_832' title='bbox 3049 3865 3102 3912; x_wconf 89' lang='lat' dir='ltr'><strong>et</strong></span> <span class='ocrx_word' id='word_1_833' title='bbox 3131 3864 3410 3939; x_wconf 67' lang='lat' dir='ltr'><strong>propterea</strong></span> <span class='ocrx_word' id='word_1_834' title='bbox 3446 3867 3607 3926; x_wconf 84' lang='lat' dir='ltr'><strong>agunt</strong></span> <span class='ocrx_word' id='word_1_835' title='bbox 3632 3860 3833 3927; x_wconf 83' lang='lat' dir='ltr'><strong>gratias</strong></span> <span class='ocrx_word' id='word_1_836' title='bbox 3867 3903 3884 3928; x_wconf 93' lang='lat'><strong>,</strong></span> 
     </span>
    </p>
   </div>
   <div class='ocr_carea' id='block_1_103' title="bbox 2295 3948 3889 4020">
    <p class='ocr_par' dir='ltr' id='par_1_103' title="bbox 2295 3948 3889 4020">
     <span class='ocr_line' id='line_1_103' title="bbox 2295 3948 3889 4020; baseline 0 -15"><span class='ocrx_word' id='word_1_837' title='bbox 2295 3958 2350 4005; x_wconf 92' lang='lat' dir='ltr'><strong>et</strong></span> <span class='ocrx_word' id='word_1_838' title='bbox 2384 3950 2452 4003; x_wconf 90' lang='lat' dir='ltr'><strong>ab</strong></span> <span class='ocrx_word' id='word_1_839' title='bbox 2495 3949 2804 4019; x_wconf 89' lang='lat' dir='ltr'><strong>accipiendo</strong></span> <span class='ocrx_word' id='word_1_840' title='bbox 2845 3963 2950 4003; x_wconf 92' lang='lat' dir='ltr'><strong>non</strong></span> <span class='ocrx_word' id='word_1_841' title='bbox 2996 3949 3152 4020; x_wconf 88' lang='lat' dir='ltr'><strong>longe</strong></span> <span class='ocrx_word' id='word_1_842' title='bbox 3193 3949 3403 4003; x_wconf 90' lang='lat' dir='ltr'><strong>absunt.</strong></span> <span class='ocrx_word' id='word_1_843' title='bbox 3456 3948 3741 4003; x_wconf 70' lang='lat' dir='ltr'><strong>Exsultabit</strong></span> <span class='ocrx_word' id='word_1_844' title='bbox 3787 3967 3889 4006; x_wconf 84' lang='lat' dir='ltr'><strong>ror</strong></span> 
     </span>
    </p>
   </div>
   <div class='ocr_carea' id='block_1_104' title="bbox 2294 4041 3888 4112">
    <p class='ocr_par' dir='ltr' id='par_1_104' title="bbox 2294 4041 3888 4112">
     <span class='ocr_line' id='line_1_104' title="bbox 2294 4041 3888 4112; baseline 0.001 -17"><span class='ocrx_word' id='word_1_845' title='bbox 2294 4059 2459 4096; x_wconf 87' lang='lat' dir='ltr'><strong>meum</strong></span> <span class='ocrx_word' id='word_1_846' title='bbox 2481 4046 2534 4095; x_wconf 80' lang='lat' dir='ltr'><strong>in</strong></span> <span class='ocrx_word' id='word_1_847' title='bbox 2557 4042 2770 4096; x_wconf 85' lang='lat' dir='ltr'><strong>salutari</strong></span> <span class='ocrx_word' id='word_1_848' title='bbox 2799 4050 2901 4096; x_wconf 89' lang='lat' dir='ltr'><strong>tuo.</strong></span> <span class='ocrx_word' id='word_1_849' title='bbox 2932 4041 3064 4107; x_wconf 84' lang='lat' dir='ltr'><strong>Hoc,</strong></span> <span class='ocrx_word' id='word_1_850' title='bbox 3097 4041 3295 4112; x_wconf 90' lang='lat' dir='ltr'><strong>inquit,</strong></span> <span class='ocrx_word' id='word_1_851' title='bbox 3326 4056 3497 4096; x_wconf 87' lang='lat' dir='ltr'><strong>meam</strong></span> <span class='ocrx_word' id='word_1_852' title='bbox 3522 4044 3750 4096; x_wconf 85' lang='lat' dir='ltr'><strong>animant</strong></span> <span class='ocrx_word' id='word_1_853' title='bbox 3779 4043 3888 4097; x_wconf 76' lang='lat' dir='ltr'><strong>la:-</strong></span> 
     </span>
    </p>
   </div>
   <div class='ocr_carea' id='block_1_105' title="bbox 2295 4131 3888 4202">
    <p class='ocr_par' dir='ltr' id='par_1_105' title="bbox 2295 4131 3888 4202">
     <span class='ocr_line' id='line_1_105' title="bbox 2295 4131 3888 4202; baseline 0.001 -16"><span class='ocrx_word' id='word_1_854' title='bbox 2295 4133 2408 4186; x_wconf 90' lang='lat' dir='ltr'><strong>titia</strong></span> <span class='ocrx_word' id='word_1_855' title='bbox 2449 4131 2650 4198; x_wconf 79' lang='lat' dir='ltr'><strong>afﬁcit,</strong></span> <span class='ocrx_word' id='word_1_856' title='bbox 2679 4132 2819 4202; x_wconf 87' lang='lat' dir='ltr'><strong>quod</strong></span> <span class='ocrx_word' id='word_1_857' title='bbox 2846 4147 2876 4186; x_wconf 93' lang='lat' dir='ltr'><strong>a</strong></span> <span class='ocrx_word' id='word_1_858' title='bbox 2916 4140 2969 4187; x_wconf 91' lang='lat' dir='ltr'><strong>te</strong></span> <span class='ocrx_word' id='word_1_859' title='bbox 3004 4131 3229 4187; x_wconf 89' lang='lat' dir='ltr'><strong>salutem</strong></span> <span class='ocrx_word' id='word_1_860' title='bbox 3269 4141 3622 4201; x_wconf 85' lang='lat' dir='ltr'><strong>assequatur;</strong></span> <span class='ocrx_word' id='word_1_861' title='bbox 3663 4132 3888 4190; x_wconf 65' lang='lat' dir='ltr'><strong>lretatur</strong></span> 
     </span>
    </p>
   </div>
   <div class='ocr_carea' id='block_1_106' title="bbox 2295 4224 3232 4294">
    <p class='ocr_par' dir='ltr' id='par_1_106' title="bbox 2295 4224 3232 4294">
     <span class='ocr_line' id='line_1_106' title="bbox 2295 4224 3232 4294; baseline 0.002 -18"><span class='ocrx_word' id='word_1_862' title='bbox 2295 4224 2469 4278; x_wconf 88' lang='lat' dir='ltr'><strong>anima</strong></span> <span class='ocrx_word' id='word_1_863' title='bbox 2497 4238 2612 4278; x_wconf 91' lang='lat' dir='ltr'><strong>mea</strong></span> <span class='ocrx_word' id='word_1_864' title='bbox 2629 4263 2643 4288; x_wconf 93' lang='lat'><strong>,</strong></span> <span class='ocrx_word' id='word_1_865' title='bbox 2672 4224 2812 4294; x_wconf 91' lang='lat' dir='ltr'><strong>quod</strong></span> <span class='ocrx_word' id='word_1_866' title='bbox 2837 4224 2951 4294; x_wconf 88' lang='lat' dir='ltr'><strong>ejus</strong></span> <span class='ocrx_word' id='word_1_867' title='bbox 2976 4224 3050 4279; x_wconf 90' lang='lat' dir='ltr'><strong>sis</strong></span> <span class='ocrx_word' id='word_1_868' title='bbox 3069 4227 3232 4280; x_wconf 89' lang='lat' dir='ltr'><strong>salus.</strong></span> 
     </span>
    </p>
   </div>
   <div class='ocr_carea' id='block_1_107' title="bbox 2365 4308 3885 4376">
    <p class='ocr_par' dir='ltr' id='par_1_107' title="bbox 2365 4308 3885 4376">
     <span class='ocr_line' id='line_1_107' title="bbox 2365 4308 3885 4376; baseline 0.002 -13"><span class='ocrx_word' id='word_1_869' title='bbox 2365 4309 2416 4363; x_wconf 81' lang='lat'><strong>5.</strong></span> <span class='ocrx_word' id='word_1_870' title='bbox 2449 4308 2634 4364; x_wconf 86' lang='lat' dir='ltr'><strong>Vidisti</strong></span> <span class='ocrx_word' id='word_1_871' title='bbox 2674 4309 3078 4364; x_wconf 88' lang='lat' dir='ltr'><strong>exsultationem</strong></span> <span class='ocrx_word' id='word_1_872' title='bbox 3099 4351 3114 4372; x_wconf 89' lang='lat'><strong>,</strong></span> <span class='ocrx_word' id='word_1_873' title='bbox 3146 4319 3201 4364; x_wconf 90' lang='lat' dir='ltr'><strong>et</strong></span> <span class='ocrx_word' id='word_1_874' title='bbox 3227 4310 3663 4376; x_wconf 86' lang='lat' dir='ltr'><strong>exsultationem;</strong></span> <span class='ocrx_word' id='word_1_875' title='bbox 3695 4313 3885 4366; x_wconf 83' lang='lat' dir='ltr'><strong>inimi-</strong></span> 
     </span>
    </p>
   </div>
   <div class='ocr_carea' id='block_1_108' title="bbox 2295 4400 3881 4472">
    <p class='ocr_par' dir='ltr' id='par_1_108' title="bbox 2295 4400 3881 4472">
     <span class='ocr_line' id='line_1_108' title="bbox 2295 4400 3881 4472; baseline 0.002 -18"><span class='ocrx_word' id='word_1_876' title='bbox 2295 4414 2478 4455; x_wconf 90' lang='lat' dir='ltr'><strong>corum</strong></span> <span class='ocrx_word' id='word_1_877' title='bbox 2499 4400 2901 4455; x_wconf 86' lang='lat' dir='ltr'><strong>exsultationem</strong></span> <span class='ocrx_word' id='word_1_878' title='bbox 2921 4410 3136 4472; x_wconf 86' lang='lat' dir='ltr'><strong>propter</strong></span> <span class='ocrx_word' id='word_1_879' title='bbox 3155 4402 3379 4471; x_wconf 91' lang='lat' dir='ltr'><strong>lapsum,</strong></span> <span class='ocrx_word' id='word_1_880' title='bbox 3396 4411 3453 4458; x_wconf 89' lang='lat' dir='ltr'><strong>et</strong></span> <span class='ocrx_word' id='word_1_881' title='bbox 3466 4404 3881 4458; x_wconf 86' lang='lat' dir='ltr'><strong>exsultationem</strong></span> 
     </span>
    </p>
   </div>
   <div class='ocr_carea' id='block_1_109' title="bbox 2295 4495 3881 4565">
    <p class='ocr_par' dir='ltr' id='par_1_109' title="bbox 2295 4495 3881 4565">
     <span class='ocr_line' id='line_1_109' title="bbox 2295 4495 3881 4565; baseline 0 -16"><span class='ocrx_word' id='word_1_882' title='bbox 2295 4495 2488 4550; x_wconf 64' lang='lat' dir='ltr'><strong>animae</strong></span> <span class='ocrx_word' id='word_1_883' title='bbox 2517 4503 2734 4565; x_wconf 89' lang='lat' dir='ltr'><strong>propter</strong></span> <span class='ocrx_word' id='word_1_884' title='bbox 2767 4495 3032 4564; x_wconf 87' lang='lat' dir='ltr'><strong>propriam</strong></span> <span class='ocrx_word' id='word_1_885' title='bbox 3069 4495 3332 4549; x_wconf 69' lang='lat' dir='ltr'><strong>salutem?</strong></span> <span class='ocrx_word' id='word_1_886' title='bbox 3376 4497 3464 4550; x_wconf 91' lang='lat' dir='ltr'><strong>Illa</strong></span> <span class='ocrx_word' id='word_1_887' title='bbox 3495 4505 3579 4552; x_wconf 90' lang='lat' dir='ltr'><strong>est</strong></span> <span class='ocrx_word' id='word_1_888' title='bbox 3603 4497 3830 4565; x_wconf 91' lang='lat' dir='ltr'><strong>improbi</strong></span> <span class='ocrx_word' id='word_1_889' title='bbox 3865 4513 3881 4558; x_wconf 89' lang='lat'><strong>;</strong></span> 
     </span>
    </p>
   </div>
   <div class='ocr_carea' id='block_1_110' title="bbox 2298 4585 3888 4655">
    <p class='ocr_par' dir='ltr' id='par_1_110' title="bbox 2298 4585 3888 4655">
     <span class='ocr_line' id='line_1_110' title="bbox 2298 4585 3888 4655; baseline 0 -15"><span class='ocrx_word' id='word_1_890' title='bbox 2298 4586 2413 4640; x_wconf 79' lang='lat' dir='ltr'><strong>lucc</strong></span> <span class='ocrx_word' id='word_1_891' title='bbox 2449 4595 2533 4641; x_wconf 87' lang='lat' dir='ltr'><strong>est</strong></span> <span class='ocrx_word' id='word_1_892' title='bbox 2565 4601 2748 4640; x_wconf 87' lang='lat' dir='ltr'><strong>eorum</strong></span> <span class='ocrx_word' id='word_1_893' title='bbox 2783 4586 2872 4655; x_wconf 92' lang='lat' dir='ltr'><strong>qui</strong></span> <span class='ocrx_word' id='word_1_894' title='bbox 2899 4595 3301 4641; x_wconf 90' lang='lat' dir='ltr'><strong>conservantur.</strong></span> <span class='ocrx_word' id='word_1_895' title='bbox 3340 4585 3431 4641; x_wconf 89' lang='lat' dir='ltr'><strong>llla</strong></span> <span class='ocrx_word' id='word_1_896' title='bbox 3465 4595 3547 4641; x_wconf 90' lang='lat' dir='ltr'><strong>est</strong></span> <span class='ocrx_word' id='word_1_897' title='bbox 3573 4586 3793 4640; x_wconf 85' lang='lat' dir='ltr'><strong>exitium</strong></span> <span class='ocrx_word' id='word_1_898' title='bbox 3821 4597 3888 4640; x_wconf 75' lang='lat' dir='ltr'><strong>et</strong></span> 
     </span>
    </p>
   </div>
   <div class='ocr_carea' id='block_1_111' title="bbox 2297 4677 3883 4751">
    <p class='ocr_par' dir='ltr' id='par_1_111' title="bbox 2297 4677 3883 4751">
     <span class='ocr_line' id='line_1_111' title="bbox 2297 4677 3883 4751; baseline -0.001 -18"><span class='ocrx_word' id='word_1_899' title='bbox 2297 4679 2412 4748; x_wconf 89' lang='lat' dir='ltr'><strong>ejus</strong></span> <span class='ocrx_word' id='word_1_900' title='bbox 2453 4679 2542 4748; x_wconf 89' lang='lat' dir='ltr'><strong>qui</strong></span> <span class='ocrx_word' id='word_1_901' title='bbox 2585 4677 2860 4732; x_wconf 89' lang='lat' dir='ltr'><strong>videbatur</strong></span> <span class='ocrx_word' id='word_1_902' title='bbox 2903 4678 3170 4751; x_wconf 85' lang='lat' dir='ltr'><strong>exsultare</strong></span> <span class='ocrx_word' id='word_1_903' title='bbox 3193 4717 3208 4742; x_wconf 88' lang='lat'><strong>,</strong></span> <span class='ocrx_word' id='word_1_904' title='bbox 3241 4685 3296 4732; x_wconf 92' lang='lat' dir='ltr'><strong>et</strong></span> <span class='ocrx_word' id='word_1_905' title='bbox 3334 4677 3449 4745; x_wconf 90' lang='lat' dir='ltr'><strong>ejus</strong></span> <span class='ocrx_word' id='word_1_906' title='bbox 3484 4685 3698 4745; x_wconf 88' lang='lat' dir='ltr'><strong>propter</strong></span> <span class='ocrx_word' id='word_1_907' title='bbox 3733 4677 3883 4744; x_wconf 85' lang='lat' dir='ltr'><strong>quod</strong></span> 
     </span>
    </p>
   </div>
   <div class='ocr_carea' id='block_1_112' title="bbox 2297 4766 3886 4836">
    <p class='ocr_par' dir='ltr' id='par_1_112' title="bbox 2297 4766 3886 4836">
     <span class='ocr_line' id='line_1_112' title="bbox 2297 4766 3886 4836; baseline -0.004 -12"><span class='ocrx_word' id='word_1_908' title='bbox 2297 4769 2628 4834; x_wconf 83' lang='lat' dir='ltr'><strong>exsultabat;</strong></span> <span class='ocrx_word' id='word_1_909' title='bbox 2662 4769 2774 4822; x_wconf 64' lang='lat' dir='ltr'><strong>haec</strong></span> <span class='ocrx_word' id='word_1_910' title='bbox 2799 4777 2880 4822; x_wconf 89' lang='lat' dir='ltr'><strong>est</strong></span> <span class='ocrx_word' id='word_1_911' title='bbox 2905 4768 3049 4822; x_wconf 88' lang='lat' dir='ltr'><strong>salus</strong></span> <span class='ocrx_word' id='word_1_912' title='bbox 3073 4777 3125 4822; x_wconf 92' lang='lat' dir='ltr'><strong>et</strong></span> <span class='ocrx_word' id='word_1_913' title='bbox 3155 4767 3420 4822; x_wconf 83' lang='lat' dir='ltr'><strong>restitutio</strong></span> <span class='ocrx_word' id='word_1_914' title='bbox 3446 4766 3561 4836; x_wconf 88' lang='lat' dir='ltr'><strong>ejus</strong></span> <span class='ocrx_word' id='word_1_915' title='bbox 3584 4766 3676 4836; x_wconf 92' lang='lat' dir='ltr'><strong>qui</strong></span> <span class='ocrx_word' id='word_1_916' title='bbox 3697 4767 3886 4820; x_wconf 84' lang='lat' dir='ltr'><strong>exsul-</strong></span> 
     </span>
    </p>
   </div>
   <div class='ocr_carea' id='block_1_113' title="bbox 2298 4860 3884 4932">
    <p class='ocr_par' dir='ltr' id='par_1_113' title="bbox 2298 4860 3884 4932">
     <span class='ocr_line' id='line_1_113' title="bbox 2298 4860 3884 4932; baseline -0.002 -16"><span class='ocrx_word' id='word_1_917' title='bbox 2298 4872 2392 4916; x_wconf 89' lang='lat' dir='ltr'><strong>tat.</strong></span> <span class='ocrx_word' id='word_1_918' title='bbox 2427 4861 2537 4917; x_wconf 85' lang='lat' dir='ltr'><strong>Hae</strong></span> <span class='ocrx_word' id='word_1_919' title='bbox 2559 4877 2686 4932; x_wconf 88' lang='lat' dir='ltr'><strong>ergo</strong></span> <span class='ocrx_word' id='word_1_920' title='bbox 2707 4860 3056 4916; x_wconf 88' lang='lat' dir='ltr'><strong>exsultatione</strong></span> <span class='ocrx_word' id='word_1_921' title='bbox 3077 4868 3132 4915; x_wconf 89' lang='lat' dir='ltr'><strong>et</strong></span> <span class='ocrx_word' id='word_1_922' title='bbox 3155 4861 3334 4916; x_wconf 67' lang='lat' dir='ltr'><strong>laetitia</strong></span> <span class='ocrx_word' id='word_1_923' title='bbox 3359 4860 3601 4914; x_wconf 74' lang='lat' dir='ltr'><strong>laetemur</strong></span> <span class='ocrx_word' id='word_1_924' title='bbox 3618 4869 3673 4914; x_wconf 89' lang='lat' dir='ltr'><strong>et</strong></span> <span class='ocrx_word' id='word_1_925' title='bbox 3693 4860 3884 4913; x_wconf 86' lang='lat' dir='ltr'><strong>exsul-</strong></span> 
     </span>
    </p>
   </div>
   <div class='ocr_carea' id='block_1_114' title="bbox 2300 4947 3884 5022">
    <p class='ocr_par' dir='ltr' id='par_1_114' title="bbox 2300 4947 3884 5022">
     <span class='ocr_line' id='line_1_114' title="bbox 2300 4947 3884 5022; baseline -0.004 -12"><span class='ocrx_word' id='word_1_926' title='bbox 2300 4963 2471 5010; x_wconf 85' lang='lat' dir='ltr'><strong>temus</strong></span> <span class='ocrx_word' id='word_1_927' title='bbox 2495 4971 2508 5007; x_wconf 92' lang='lat'><strong>:</strong></span> <span class='ocrx_word' id='word_1_928' title='bbox 2533 4953 2674 5007; x_wconf 89' lang='lat' dir='ltr'><strong>illam</strong></span> <span class='ocrx_word' id='word_1_929' title='bbox 2705 4952 2962 5022; x_wconf 79' lang='lat' dir='ltr'><strong>fugiamus</strong></span> <span class='ocrx_word' id='word_1_930' title='bbox 2987 4960 3041 5005; x_wconf 91' lang='lat' dir='ltr'><strong>et</strong></span> <span class='ocrx_word' id='word_1_931' title='bbox 3064 4965 3389 5004; x_wconf 83' lang='lat' dir='ltr'><strong>aversemur.</strong></span> <span class='ocrx_word' id='word_1_932' title='bbox 3415 4949 3636 5003; x_wconf 85' lang='lat' dir='ltr'><strong>Cautabo</strong></span> <span class='ocrx_word' id='word_1_933' title='bbox 3657 4947 3884 5004; x_wconf 73' lang='lat' dir='ltr'><strong>Domino</strong></span> 
     </span>
    </p>
   </div>
   <div class='ocr_carea' id='block_1_115' title="bbox 2297 5042 3886 5115">
    <p class='ocr_par' dir='ltr' id='par_1_115' title="bbox 2297 5042 3886 5115">
     <span class='ocr_line' id='line_1_115' title="bbox 2297 5042 3886 5115; baseline -0.002 -17"><span class='ocrx_word' id='word_1_934' title='bbox 2297 5046 2379 5115; x_wconf 82' lang='lat' dir='ltr'><strong>qui</strong></span> <span class='ocrx_word' id='word_1_935' title='bbox 2406 5045 2535 5098; x_wconf 85' lang='lat' dir='ltr'><strong>bona</strong></span> <span class='ocrx_word' id='word_1_936' title='bbox 2560 5044 2729 5098; x_wconf 75' lang='lat' dir='ltr'><strong>tribuit</strong></span> <span class='ocrx_word' id='word_1_937' title='bbox 2756 5045 2899 5108; x_wconf 85' lang='lat' dir='ltr'><strong>mihi,</strong></span> <span class='ocrx_word' id='word_1_938' title='bbox 2928 5054 2973 5097; x_wconf 88' lang='lat' dir='ltr'><strong>et</strong></span> <span class='ocrx_word' id='word_1_939' title='bbox 3001 5042 3216 5112; x_wconf 72' lang='lat' dir='ltr'><strong>psallam</strong></span> <span class='ocrx_word' id='word_1_940' title='bbox 3243 5044 3432 5096; x_wconf 85' lang='lat' dir='ltr'><strong>nomini</strong></span> <span class='ocrx_word' id='word_1_941' title='bbox 3460 5042 3664 5096; x_wconf 84' lang='lat' dir='ltr'><strong>Domini</strong></span> <span class='ocrx_word' id='word_1_942' title='bbox 3686 5042 3886 5095; x_wconf 82' lang='lat' dir='ltr'><strong>altissi-</strong></span> 
     </span>
    </p>
   </div>
   <div class='ocr_carea' id='block_1_116' title="bbox 2301 5131 3885 5201">
    <p class='ocr_par' dir='ltr' id='par_1_116' title="bbox 2301 5131 3885 5201">
     <span class='ocr_line' id='line_1_116' title="bbox 2301 5131 3885 5201; baseline -0.004 -13"><span class='ocrx_word' id='word_1_943' title='bbox 2301 5137 2390 5188; x_wconf 85' lang='lat' dir='ltr'><strong>mi.</strong></span> <span class='ocrx_word' id='word_1_944' title='bbox 2439 5135 2833 5190; x_wconf 70' lang='lat' dir='ltr'><strong>Monumentum</strong></span> <span class='ocrx_word' id='word_1_945' title='bbox 2860 5175 2874 5198; x_wconf 91' lang='lat'><strong>,</strong></span> <span class='ocrx_word' id='word_1_946' title='bbox 2908 5133 3074 5201; x_wconf 87' lang='lat' dir='ltr'><strong>inquit</strong></span> <span class='ocrx_word' id='word_1_947' title='bbox 3098 5174 3112 5195; x_wconf 94' lang='lat'><strong>,</strong></span> <span class='ocrx_word' id='word_1_948' title='bbox 3144 5131 3301 5200; x_wconf 82' lang='lat' dir='ltr'><strong>hujus</strong></span> <span class='ocrx_word' id='word_1_949' title='bbox 3341 5132 3583 5187; x_wconf 85' lang='lat' dir='ltr'><strong>beneficii</strong></span> <span class='ocrx_word' id='word_1_950' title='bbox 3614 5131 3885 5185; x_wconf 86' lang='lat' dir='ltr'><strong>canticum</strong></span> 
     </span>
    </p>
   </div>
   <div class='ocr_carea' id='block_1_117' title="bbox 2301 5221 3885 5292">
    <p class='ocr_par' dir='ltr' id='par_1_117' title="bbox 2301 5221 3885 5292">
     <span class='ocr_line' id='line_1_117' title="bbox 2301 5221 3885 5292; baseline -0.005 -12"><span class='ocrx_word' id='word_1_951' title='bbox 2301 5226 2526 5280; x_wconf 86' lang='lat' dir='ltr'><strong>Domino</strong></span> <span class='ocrx_word' id='word_1_952' title='bbox 2551 5225 2768 5279; x_wconf 77' lang='lat' dir='ltr'><strong>olferam</strong></span> <span class='ocrx_word' id='word_1_953' title='bbox 2791 5264 2805 5287; x_wconf 95' lang='lat'><strong>,</strong></span> <span class='ocrx_word' id='word_1_954' title='bbox 2835 5222 2977 5292; x_wconf 89' lang='lat' dir='ltr'><strong>quod</strong></span> <span class='ocrx_word' id='word_1_955' title='bbox 3003 5237 3089 5277; x_wconf 84' lang='lat' dir='ltr'><strong>me</strong></span> <span class='ocrx_word' id='word_1_956' title='bbox 3116 5222 3373 5277; x_wconf 84' lang='lat' dir='ltr'><strong>beneficio</strong></span> <span class='ocrx_word' id='word_1_957' title='bbox 3397 5221 3636 5278; x_wconf 74' lang='lat' dir='ltr'><strong>allecerit</strong></span> <span class='ocrx_word' id='word_1_958' title='bbox 3657 5261 3672 5284; x_wconf 90' lang='lat'><strong>,</strong></span> <span class='ocrx_word' id='word_1_959' title='bbox 3701 5221 3885 5275; x_wconf 86' lang='lat' dir='ltr'><strong>inimi-</strong></span> 
     </span>
    </p>
   </div>
   <div class='ocr_carea' id='block_1_118' title="bbox 2300 5313 3884 5384">
    <p class='ocr_par' dir='ltr' id='par_1_118' title="bbox 2300 5313 3884 5384">
     <span class='ocr_line' id='line_1_118' title="bbox 2300 5313 3884 5384; baseline -0.005 -11"><span class='ocrx_word' id='word_1_960' title='bbox 2300 5333 2420 5373; x_wconf 90' lang='lat' dir='ltr'><strong>cum</strong></span> <span class='ocrx_word' id='word_1_961' title='bbox 2449 5317 2702 5372; x_wconf 91' lang='lat' dir='ltr'><strong>humilem</strong></span> <span class='ocrx_word' id='word_1_962' title='bbox 2733 5325 2786 5371; x_wconf 93' lang='lat' dir='ltr'><strong>et</strong></span> <span class='ocrx_word' id='word_1_963' title='bbox 2819 5316 3084 5384; x_wconf 88' lang='lat' dir='ltr'><strong>abjectum</strong></span> <span class='ocrx_word' id='word_1_964' title='bbox 3111 5315 3439 5382; x_wconf 85' lang='lat' dir='ltr'><strong>reddiderit,</strong></span> <span class='ocrx_word' id='word_1_965' title='bbox 3468 5313 3757 5384; x_wconf 88' lang='lat' dir='ltr'><strong>ignominia</strong></span> <span class='ocrx_word' id='word_1_966' title='bbox 3785 5314 3884 5367; x_wconf 80' lang='lat' dir='ltr'><strong>im-</strong></span> 
     </span>
    </p>
   </div>
   <div class='ocr_carea' id='block_1_119' title="bbox 2303 5403 3885 5479">
    <p class='ocr_par' dir='ltr' id='par_1_119' title="bbox 2303 5403 3885 5479">
     <span class='ocr_line' id='line_1_119' title="bbox 2303 5403 3885 5479; baseline -0.004 -15"><span class='ocrx_word' id='word_1_967' title='bbox 2303 5411 2563 5479; x_wconf 88' lang='lat' dir='ltr'><strong>pleverit,</strong></span> <span class='ocrx_word' id='word_1_968' title='bbox 2610 5407 2931 5463; x_wconf 88' lang='lat' dir='ltr'><strong>imbecillum</strong></span> <span class='ocrx_word' id='word_1_969' title='bbox 2984 5405 3317 5470; x_wconf 88' lang='lat' dir='ltr'><strong>ostenderit,</strong></span> <span class='ocrx_word' id='word_1_970' title='bbox 3364 5419 3538 5459; x_wconf 92' lang='lat' dir='ltr'><strong>meam</strong></span> <span class='ocrx_word' id='word_1_971' title='bbox 3587 5403 3885 5459; x_wconf 87' lang='lat' dir='ltr'><strong>exaudierit</strong></span> 
     </span>
    </p>
   </div>
   <div class='ocr_carea' id='block_1_120' title="bbox 2301 5496 3888 5565">
    <p class='ocr_par' dir='ltr' id='par_1_120' title="bbox 2301 5496 3888 5565">
     <span class='ocr_line' id='line_1_120' title="bbox 2301 5496 3888 5565; baseline -0.003 -10"><span class='ocrx_word' id='word_1_972' title='bbox 2301 5501 2618 5565; x_wconf 90' lang='lat' dir='ltr'><strong>orationem,</strong></span> <span class='ocrx_word' id='word_1_973' title='bbox 2648 5500 2700 5553; x_wconf 93' lang='lat' dir='ltr'><strong>in</strong></span> <span class='ocrx_word' id='word_1_974' title='bbox 2730 5513 2815 5553; x_wconf 89' lang='lat' dir='ltr'><strong>me</strong></span> <span class='ocrx_word' id='word_1_975' title='bbox 2842 5497 3044 5552; x_wconf 89' lang='lat' dir='ltr'><strong>vultum</strong></span> <span class='ocrx_word' id='word_1_976' title='bbox 3074 5512 3228 5552; x_wconf 91' lang='lat' dir='ltr'><strong>suum</strong></span> <span class='ocrx_word' id='word_1_977' title='bbox 3258 5496 3616 5562; x_wconf 89' lang='lat' dir='ltr'><strong>converterit,</strong></span> <span class='ocrx_word' id='word_1_978' title='bbox 3647 5497 3888 5551; x_wconf 75' lang='lat' dir='ltr'><strong>discussa</strong></span> 
     </span>
    </p>
   </div>
   <div class='ocr_carea' id='block_1_121' title="bbox 2303 5587 3884 5662">
    <p class='ocr_par' dir='ltr' id='par_1_121' title="bbox 2303 5587 3884 5662">
     <span class='ocr_line' id='line_1_121' title="bbox 2303 5587 3884 5662; baseline -0.003 -16"><span class='ocrx_word' id='word_1_979' title='bbox 2303 5592 2528 5662; x_wconf 85' lang='lat' dir='ltr'><strong>caligine</strong></span> <span class='ocrx_word' id='word_1_980' title='bbox 2552 5599 2608 5646; x_wconf 92' lang='lat' dir='ltr'><strong>et</strong></span> <span class='ocrx_word' id='word_1_981' title='bbox 2634 5589 2865 5644; x_wconf 87' lang='lat' dir='ltr'><strong>tenebris</strong></span> <span class='ocrx_word' id='word_1_982' title='bbox 2888 5629 2904 5654; x_wconf 89' lang='lat'><strong>,</strong></span> <span class='ocrx_word' id='word_1_983' title='bbox 2934 5604 3030 5658; x_wconf 89' lang='lat' dir='ltr'><strong>per</strong></span> <span class='ocrx_word' id='word_1_984' title='bbox 3053 5603 3186 5659; x_wconf 89' lang='lat' dir='ltr'><strong>quas</strong></span> <span class='ocrx_word' id='word_1_985' title='bbox 3215 5587 3280 5643; x_wconf 89' lang='lat' dir='ltr'><strong>ad</strong></span> <span class='ocrx_word' id='word_1_986' title='bbox 3309 5601 3534 5644; x_wconf 90' lang='lat' dir='ltr'><strong>mortem</strong></span> <span class='ocrx_word' id='word_1_987' title='bbox 3558 5589 3769 5644; x_wconf 87' lang='lat' dir='ltr'><strong>ferebar</strong></span> <span class='ocrx_word' id='word_1_988' title='bbox 3795 5609 3808 5643; x_wconf 92' lang='lat'><strong>:</strong></span> <span class='ocrx_word' id='word_1_989' title='bbox 3837 5600 3884 5641; x_wconf 74' lang='lat' dir='ltr'><strong>rt</strong></span> 
     </span>
    </p>
   </div>
   <div class='ocr_carea' id='block_1_122' title="bbox 2305 5675 3883 5758">
    <p class='ocr_par' dir='ltr' id='par_1_122' title="bbox 2305 5675 3883 5758">
     <span class='ocr_line' id='line_1_122' title="bbox 2305 5675 3883 5758; baseline -0.006 -22"><span class='ocrx_word' id='word_1_990' title='bbox 2305 5691 2522 5758; x_wconf 81' lang='lat' dir='ltr'><strong>prepter</strong></span> <span class='ocrx_word' id='word_1_991' title='bbox 2565 5681 2680 5751; x_wconf 88' lang='lat' dir='ltr'><strong>ejus</strong></span> <span class='ocrx_word' id='word_1_992' title='bbox 2723 5679 2952 5734; x_wconf 87' lang='lat' dir='ltr'><strong>salutare</strong></span> <span class='ocrx_word' id='word_1_993' title='bbox 3003 5679 3316 5748; x_wconf 87' lang='lat' dir='ltr'><strong>exsultans,</strong></span> <span class='ocrx_word' id='word_1_994' title='bbox 3361 5688 3628 5749; x_wconf 87' lang='lat' dir='ltr'><strong>tamquam</strong></span> <span class='ocrx_word' id='word_1_995' title='bbox 3667 5675 3883 5747; x_wconf 82' lang='lat' dir='ltr'><strong>aliquod</strong></span> 
     </span>
    </p>
   </div>
  </div>
