4084 6278
206 423 312 477 151

203 533 439 589 άκουσόν
475 551 598 604 μου.
632 537 742 590 Καὶ
771 538 826 591 τί
862 537 1060 600 αἰτεῖς;
1089 532 1372 601 Κρατῆσαι
1401 529 1510 582 τῶν
1536 526 1777 597 ἐχθρῶς

207 625 288 676 UO
312 622 470 676 τοῦτό
494 641 679 694 φησιν,
707 625 876 690 ἀλλὰ,
903 622 1237 695 φωτιοθῆναι
1265 619 1391 681 τοὺς
1425 618 1524 688 τῆς
1546 617 1784 688 Ικαρδίας

209 711 546 781 ὀφθαλμοὺς,
573 713 971 783 ἀποδιωχθῆναι
992 712 1052 765 τὸ
1085 708 1275 771 σκότος
1306 708 1366 760 τὸ
1394 705 1648 776 ἐπιχυθέν
1679 721 1782 774 μου

212 798 290 867 τῷ
315 797 612 867 διορατικῷ
656 800 754 869 τῆς
799 800 976 870 ψυχῆς
995 838 1009 861 ν
1053 797 1146 850 καὶ
1191 795 1442 848 σκοτίσαν
1471 793 1568 846 τὸν
1593 793 1783 862 νοητὸν

213 883 509 952 ὀφθαλμόν.
556 883 726 937 Τοῦτο
758 885 913 947 αἰτῶ,
961 885 1227 937 Φώτισον
1271 881 1411 947 τοὺς
1445 881 1785 950 ὀφθαλμούς

213 987 348 1038 μου.
373 970 471 1038 Μή
511 985 656 1024 ποτε
683 973 821 1039 εἴπῃ
856 975 888 1025 ὀ
908 971 1118 1040 ἐχθρός
1137 987 1255 1038 μου
1277 1008 1292 1032 ,
1325 967 1446 1022 ἰδών
1479 985 1542 1038 με
1572 983 1787 1020 κατενε-

219 1056 411 1124 χθέντα
431 1059 510 1119 εἰς
529 1057 621 1112 τὸν
647 1059 744 1129 τῆς
775 1059 1046 1128 ἁμαρτίας
1068 1057 1292 1110 θάνατον
1311 1073 1326 1088 ο
1345 1057 1535 1118 Οὕτως
1559 1067 1584 1096 α
1605 1056 1782 1123 ίσχυ-

225 1159 304 1195 σα
340 1143 490 1211 πρὸς
511 1145 718 1198 αὐτόν.
762 1145 1161 1215 Κατεκράτησα
1190 1144 1354 1198 αὐτοῦ
1373 1184 1387 1207 ,
1437 1145 1572 1214 ὅπερ
1595 1142 1784 1214 ήθελον

225 1231 378 1296 ἰδεῖν,
408 1231 600 1299 γέγονέ
631 1249 740 1302 μοι.
785 1233 850 1285 Τί
881 1235 1051 1296 ἐστιν,
1086 1235 1349 1301 Ἰσχυσα
1388 1231 1536 1299 πρὸς
1567 1233 1783 1294 αὺτόν;

224 1317 342 1369 Ὅτι
376 1319 423 1369 εἰ
453 1318 548 1371 καὶ
583 1320 657 1390 μὴ
693 1319 877 1382 ἁπλῶς
911 1320 1124 1390 ἰσχυρός
1150 1322 1323 1383 ἐστιν,
1354 1317 1489 1370 ἀλλά
1524 1317 1658 1386 πρὸς
1685 1317 1784 1386 ἐ.μέ

219 1405 439 1474 ἰσχυρὸς
473 1407 712 1473 γέγονεν.
750 1405 814 1458 Ἦ
851 1406 1004 1476 ἡμῶν
1033 1402 1170 1477 ἧττα
1219 1407 1369 1475 ἰσχὺν
1395 1403 1542 1474 αὐτῷ
1574 1403 1784 1475 περιτίο

216 1491 400 1560 θησιν,
437 1493 654 1564 ἰσχυρὸν
687 1494 995 1564 ἀποφαίνει,
1021 1495 1114 1548 καὶ
1143 1493 1421 1566 κραταιὸν,
1451 1492 1545 1548 καὶ
1578 1492 1784 1545 ἀκατα-

217 1593 484 1648 μαχητόν.

291 1725 360 1795 β’.
377 1726 558 1798 Ὁρᾷς,
584 1728 666 1782 ὅτι
696 1728 819 1782 όταν
840 1729 1258 1802 άμαρτάνωμεν,
1282 1731 1342 1784 οὐ
1379 1730 1536 1802 μόνον
1561 1730 1782 1793 ἑαυτοὺς

213 1816 672 1888 καταισχύνομεν,
707 1818 1033 1888 ἀπόλλυμεν,
1067 1822 1145 1882 εἰς
1175 1820 1398 1873 θάνατον
1427 1819 1781 1890 ἐμϐάλλομεν,

212 1901 355 1954 ἀλλά
392 1904 485 1955 καὶ
516 1905 636 1966 τοὺς
666 1904 890 1974 ἐχθροὺς
921 1907 1210 1975 κραταιοὺς
1254 1907 1346 1958 καὶ
1398 1905 1684 1967 δυνατοὺς,
1717 1904 1783 1956 δι’

211 1986 295 2040 ὧν
333 1990 642 2063 ἡττήμεθα,
675 1993 1119 2062 ἀνακηρύττομεν
1139 2009 1152 2024 °
1192 1994 1286 2045 καὶ
1321 1993 1379 2045 οὐ
1410 1994 1568 2063 μόνον
1591 1991 1782 2054 τοῦτο,

209 2075 358 2128 ἀλλά
392 2078 487 2130 καὶ
524 2080 581 2156 ἐν
615 2077 930 2145 ἀγαλλιάσει
961 2083 1054 2132 καὶ
1084 2080 1384 2152 εὐφροσύνῃ
1420 2081 1614 2142 αὐτοὺς
1656 2079 1785 2132 καθ-

211 2165 482 2233 ιστῶμεν.
503 2165 688 2224 Βαϐαῖ,
708 2167 879 2234 πόσης
908 2167 1110 2231 ἀνοίας,
1138 2169 1309 2238 πόσης
1331 2168 1708 2239 παραπληξίας
1725 2168 1786 2219 τὸ

205 2253 333 2312 τοῖς
373 2251 647 2322 πολεμίοις
673 2253 791 2306 καθ’
821 2254 1027 2306 ἐαυτῶν
1067 2257 1404 2325 συμμαχεῖν,
1439 2256 1532 2307 καὶ
1559 2257 1671 2316 τοῖς
1696 2254 1788 2306 λυ-

209 2336 390 2391 ποῦσι
428 2340 521 2391 καὶ
568 2339 837 2392 θλίϐουσιν
880 2341 1034 2412 ἡμῶν
1061 2341 1158 2411 τὴν
1196 2341 1371 2412 ψυχὴν
1401 2340 1785 2411 εὐφραίνεσθαι

210 2426 318 2478 καί
348 2425 706 2492 ἀγαλλιᾶσθαι
745 2429 1205 2496 παρασκευάζεινί
1252 2430 1390 2497 Ὅρα
1422 2429 1562 2481 πόσα
1590 2428 1784 2482 ἄτοπα.

210 2512 353 2564 Δέον
376 2514 530 2582 νικᾷν
554 2513 646 2567 τὸν.
664 2513 854 2584 ἐχθρὸν
877 2514 1279 2584 (Ἠσθένησαν
1300 2516 1406 2583 γὰρ
1431 2518 1489 2567 αί
1504 2515 1789 2584 ρομφαῖαι

211 2602 409 2655 αὑτοῦ
443 2604 530 2667 είς
557 2602 746 2668 τέλος,
783 2604 882 2656 καί
906 2605 1174 2658 ἀπώλετο
1213 2609 1244 2658 ὁ
1269 2605 1536 2672 ἀσεϐὴς),
1562 2605 1678 2656 δέον
1707 2622 1787 2658 νι-

213 2691 348 2760 xiv.
373 2690 660 2760 ἡττώμεθα
681 2706 695 2721 ’
725 2692 817 2744 καὶ
848 2693 908 2744 οὐ
943 2694 1100 2763 μόνον
1133 2694 1318 2756 τοῦτο,
1357 2693 1490 2745 ἀλλά
1522 2694 1616 2745 καὶ
1656 2710 1790 2762 κρα-

214 2783 375 2834 ταιὸν
401 2781 493 2833 καὶ
523 2781 739 2851 ἰσχυρὸν
762 2781 1170 2852 ἀποφαινόμεθα
1187 2796 1200 2810 ⁶
1229 2784 1321 2836 καὶ
1344 2783 1464 2835 οὐδέ
1491 2781 1789 2852 μέχρι-τού-

214 2886 318 2922 του
349 2869 563 2922 ἵσταται
592 2873 722 2940 ήμῖν
755 2872 850 2924 καὶ
865 2870 932 2924 τά
950 2871 1048 2941 τῆς
1070 2871 1284 2942 μανίας,
1307 2872 1399 2925 καὶ
1421 2871 1488 2924 τά
1512 2872 1610 2941 τῆς
1629 2871 1789 2940 ἐσχάο

213 2973 323 3027 της
368 2957 524 3009 νόσου
548 2999 563 3022 ,
592 2956 726 3009 ἀλλά
769 2956 861 3010 καὶ
901 2957 968 3010 τά
1015 2960 1094 3021 εἰς
1125 2958 1458 3029 εὐφροσύνην
1504 2957 1666 3010 αὐτοῦ
1697 2961 1790 3013 καὶ

216 3043 548 3109 ἁγαλλίασιν
580 3044 1130 3114 παρασκευαζόμεθα.
1159 3046 1365 3108 Ὄντως
1393 3043 1595 3114 ἐσχάτη
1626 3044 1786 3114 μέθη,

216 3133 318 3186 καὶ
349 3132 518 3189 κακὸν
539 3133 763 3204 ἔσχατον
782 3135 815 3204 ἡ
837 3135 1100 3206 ἁμαρτία.
1140 3134 1622 3202 Ἀγαλλιάσονται
1639 3137 1666 3174 δ
1686 3135 1792 3188 ἐὰν

219 3223 522 3278 σαλευθῶ.
545 3225 682 3296 Τρία
709 3224 1049 3295 δικαιώματα
1072 3226 1335 3296 προσάγει
1355 3227 1434 3288 εἰς
1462 3225 1520 3278 τὸ
1545 3225 1794 3296 δυσωπῆ-

224 3327 318 3362 σαι
347 3313 377 3363 ό
409 3310 699 3382 Προφήτης
734 3311 825 3365 τὸν
853 3313 1128 3384 Δεσπότην
1147 3353 1162 3374 ,
1200 3314 1346 3376 ὅπως
1376 3311 1668 3383 ἐπιϐλέψῃ,
1699 3314 1793 3365 καὶ

223 3399 530 3469 ἐπιστρέψῃ
574 3399 636 3452 τὸ
677 3400 967 3470 πρόσωπον
1004 3399 1167 3455 αὐτοῦ
1200 3401 1286 3453 ἐπ’
1318 3399 1482 3454 αὐτὸν
1505 3439 1520 3464 ,
1552 3401 1648 3454 καὶ
1679 3400 1792 3454 εἰσ·

226 3485 436 3559 σκούσῃ
467 3487 566 3556 τῆς
589 3488 825 3558 δεήσεως
855 3487 1019 3542 αὐτοῦ
1039 3503 1052 3518 '
1084 3488 1144 3542 τὸ
1170 3489 1366 3560 κράτος
1400 3488 1492 3543 καὶ
1519 3489 1615 3558 τὴν
1645 3489 1794 3558 ἰσχὺν

227 3572 334 3627 τῶν
368 3573 598 3644 ἐχθρῶν,
629 3577 722 3628 καὶ
745 3577 850 3646 πρὸ
877 3577 1065 3629 τούτου
1090 3577 1150 3629 τὸ
1177 3577 1374 3647 ὕψωμα
1401 3577 1492 3630 καὶ
1513 3577 1610 3646 τὴν
1634 3575 1796 3647 ἐπαρ-

228 3678 313 3714 σιν
341 3661 542 3723 αὐτῶν,
579 3664 672 3715 καὶ
699 3663 904 3734 τρίτον,
925 3664 1022 3734 την
1048 3663 1382 3736 εὐφροσύνην
1411 3663 1504 3715 καὶ
1535 3663 1795 3730 ἀγαλλία-

225 3765 314 3800 σιν
343 3747 545 3810 αὐτῶν,
580 3750 855 3820 μονονουχὶ
883 3750 1070 3816 λέγων,
1104 3751 1178 3812 ὡς
1214 3749 1275 3804 El
1319 3750 1392 3820 μὴ
1418 3749 1504 3802 διά
1535 3751 1631 3820 τὴν
1660 3749 1796 3820 ἐμὴν

219 3837 432 3906 δέησιν,
460 3836 545 3888 διὰ
570 3836 664 3907 τὴν
692 3838 829 3908 ἐμὴν
854 3839 1223 3906 ταλαιπωρίαν
1251 3837 1595 3908 ἐπιστρέφεις
1623 3855 1711 3906 μοι
1738 3838 1798 3889 τὸ

222 3923 521 3993 πρόσωπόν
561 3940 652 3975 σου
673 3963 688 3985 ,
717 3924 918 3995 Κύριε,
965 3924 1078 3977 ἀλλ’
1113 3921 1321 3995 οῦνμδιά
1349 3924 1445 3995 τὴν
1483 3922 1798 3986 ἀλαζονείαν

221 4011 338 4063 τῶν
373 4011 613 4081 ἐχθρῶν,
660 3993 917 4064 διότι-ἐπὶ
965 4012 1107 4083 ίσχύῖ
1145 3993 1414 4084 φρὸνοῦσιή
1446 4011 1589 4082 μέγα
1617 4026 1630 4039 ·
1664 4011 1798 4063 διότι

220 4099 575 4168 ἐπιχαίρουσι
602 4101 713 4161 τοῖς
740 4103 925 4162 κακοῖς
947 4117 1069 4168 μου,
1101 4098 1390 4170 ἐπιγελῶσί
1419 4117 1519 4168 μου
1546 4097 1624 4169 τῷ

227 4202 386 4256 ματι.
416 4184 800 4239 Είσάκουσόν
816 4204 934 4254 μου
955 4227 968 4250 ,
1000 4186 1258 4255 φώτισον
1283 4186 1422 4251 τοὺς
1457 4185 1798 4254 ὀφθαλμούς

221 4289 371 4341 μου.
409 4271 607 4340 Ἀφελε
649 4273 740 4325 τὸν
771 4273 940 4340 βαθὺν
969 4273 1132 4325 ὕπνον
1163 4273 1256 4325 ἐπὶ
1283 4275 1402 4334 ταῖς
1427 4274 1586 4342 ἐμαῖς
1616 4273 1797 4342 ἀμαρ-

225 4359 398 4421 τίαις,
409 4357 425 4428 [
438 4357 560 4428 126]
579 4358 638 4410 δν
651 4360 899 4422 ὑπνώσας
917 4359 1067 4430 παρὰ
1085 4359 1254 4429 βραχὺ
1267 4359 1402 4430 πρὸς
1417 4359 1506 4412 τὸν
1517 4360 1612 4429 τῆς
1620 4359 1798 4429 ψυχῆς

229 4445 584 4512 ἀπενύσταξα
634 4446 882 4502 θάνατον.
932 4449 995 4501 Εἰ
1038 4448 1144 4518 γὰρ
1194 4447 1352 4517 μόνον
1397 4446 1506 4500 ἀπὸ
1549 4447 1648 4518 τῆς
1701 4449 1798 4517 σῆς

233 4533 534 4602 ἀσφαλείας
577 4534 819 4588 σαλευθῶ
835 4567 865 4598 ,-
876 4534 1019 4606 χαρά
1052 4535 1253 4599 αὐτοῖς,
1293 4534 1390 4588 καὶ
1429 4535 1762 4604 μεγαλαυχία
1781 4573 1796 4598 ,

235 4621 330 4671 καὶ
352 4620 504 4688 ἰσχὺς
529 4619 688 4673 τοῦτο
711 4621 987 4691 νομίζεται
1006 4637 1024 4651 “
1046 4622 1140 4674 καὶ
1159 4621 1329 4690 τούτῳ
1361 4621 1503 4690 μέγα
1524 4623 1798 4692 φρονοῦσι,

238 4707 334 4760 καὶ
363 4707 500 4759 εἰσὶν
520 4707 828 4762 ἀνύποιστοι
843 4724 866 4740 ι
887 4708 952 4761 ἂν
972 4708 1031 4761 δὲ
1052 4709 1132 4772 εἰς
1156 4708 1382 4762 θάνατον
1404 4708 1728 4779 ητενεχθῶ,
1747 4709 1797 4762 τί

235 4795 337 4845 οὐκ
376 4794 446 4846 ἂν.
477 4786 630 4847 οὗτοι,
655 4795 972 4865 ποιήσειαν;
1020 4796 1179 4866 Ὁρᾷς
1217 4795 1307 4848 τὸν
1334 4794 1648 4865 Προφήτην,
1687 4797 1802 4859 πῶς

234 4882 451 4948 ἡγεῖται
496 4880 760 4951 μεγίστην
799 4881 1030 4951 ζημίαν,
1076 4883 1171 4936 καὶ
1214 4883 1364 4937 οὐδὲν
1413 4882 1682 4945 κολάσεως
1708 4885 1803 4936 καὶ

231 4965 504 5034 τιμωρίας
532 4966 772 5028 ἔλαττον.
801 4967 862 5020 τὸ
885 4969 1154 5039 εὐφρᾶναι.
1168 4970 1257 5023 τὸν
1287 4969 1460 5023 κοινὸν
1489 4969 1681 5040 ἐχθρὸν
1699 5011 1713 5035 ,
1745 4970 1806 5022 τὸ

235 5050 457 5120 ἰσχυρὸν
487 5052 646 5106 αὐτὸν
678 5053 942 5124 ὀφθῆναι,
967 5055 1027 5113 τὸ
1068 5055 1268 5126 ὑψηλὸν
1295 5056 1462 5122 δόξαι.
1498 5059 1560 5110 Εἰ
1593 5056 1701 5125 γὰρ
1728 5057 1803 5128 μὴ

230 5140 328 5190 καί
355 5138 588 5208 μέγιστα
617 5143 712 5194 καὶ
737 5142 982 5212 ἀφόρητα
1015 5143 1196 5212 ἡγεῖτο
1217 5143 1387 5197 ταῦτα
1414 5144 1577 5204 κακὰ,
1610 5145 1708 5196 οὐκ
1739 5146 1803 5199 ἂν

231 5225 375 5278 αὐτά
397 5227 762 5296 προύϐάλλετο
786 5229 866 5291 εἰς
891 5229 1233 5300 παράκλησιν
1256 5229 1347 5282 τοῦ
1371 5231 1526 5296 Θεοῦ,
1550 5232 1642 5283 καὶ
1672 5233 1807 5302 πρὸς

229 5313 290 5365 τὸ
320 5315 735 5368 ἐπισπάσασθαι
763 5315 861 5384 τὴν
887 5316 1163 5384 εὐμένειαν
1185 5317 1370 5372 αὐτοῦ.
1390 5317 1544 5370 Οὕτω
1567 5317 1806 5388 ποιῶμεν

231 5401 325 5452 καὶ
360 5402 524 5471 ἡμεῖς
549 5441 563 5465 ,
592 5403 686 5456 καὶ
727 5403 1036 5473 σκοπῶμεν,
1079 5405 1170 5457 καὶ
1197 5404 1589 5476 ἀγωνιζώμεθα
1614 5446 1627 5467 ,
1658 5407 1802 5469 ὅπως

234 5488 305 5558 μὴ
333 5489 644 5559 ὐψὼσωμεν
671 5490 762 5542 τὸν
783 5490 994 5560 ἐχθρὸν,
1019 5492 1164 5554 ὅπως
1189 5493 1263 5563 μὴ
1288 5494 1502 5562 ίσχυρὸν
1523 5495 1802 5565 δείξωμεν,

229 5577 372 5640 ὅπως
401 5578 480 5648 μὴ
501 5577 885 5648 εὐφράνωμεν,
908 5579 1043 5633 ἀλλά
1069 5580 1395 5646 τούναντίον,
1420 5582 1512 5635 καὶ
1533 5583 1802 5651 ταπεινὸν,

285 5745 309 5771 ι
337 5740 510 5791 Οὕτως
538 5735 686 5781 deest
721 5735 770 5782 in
806 5734 926 5782 edit.
955 5736 1180 5786 Romana.

282 5799 310 5839 δ
340 5801 464 5846 lilbl.
503 5801 550 5847 οἱ
574 5798 808 5852 θλίϐοντες
827 5813 885 5855 με
907 5798 1070 5857 ἀγαλλ.

1357 405 1829 473 ΕχροειτισιιΝ
1873 410 2196 466 PSALMUM
2242 409 2352 464 XII.

3349 410 3451 464 £52

1887 524 1980 575 καὶ
2009 521 2448 590 ἐξουθενημένον,
2473 519 2565 572 καὶ
2589 519 2810 589 ἀσθενῆ,
2838 517 2932 571 καὶ
2953 520 3192 588 κατηφῆ,
3219 517 3310 569 καὶ
3333 535 3457 572 axu-

1884 608 2098 678 θρωπὸν
2123 605 2504 678 ἐργασώμεθα.
2534 609 2629 660 Ἂν
2657 608 2762 676 γάρ
2787 603 3181 676 κατορθοῦντας
3207 604 3300 656 ἴδοι
3326 607 3453 668 τοὺς

1883 694 2312 764 ἁμαρτάνοντας,
2349 695 2527 747 πάντα
2561 693 2676 762 ἅμα
2713 693 2883 746 ταῦτα
2930 693 3158 761 γίνεται.
3201 690 3351 759 Ἐγὼ
3383 691 3452 744 δὲ

1887 782 1980 836 ἐπὶ
2006 780 2085 846 τῷ
2102 780 2256 834 ἐλέει
2279 797 2395 835 σου
2418 780 2668 849 ἤλπισα.
2688 781 2752 833 Τί
2775 776 2866 833 οὖν
2888 779 3256 851 κατορθώσας,
3279 777 3452 831 ταῦτα

1883 871 2081 932 αἰτεῖς,
2119 868 2403 938 ἐπιϐλέψαι
2443 869 2602 922 πάλιν
2647 870 2727 930 εἰς
2768 867 2847 930 σὲ,
2881 866 3197 920 εἰσακοῦσαί
3228 883 3321 918 σου
3349 865 3453 934 τῆς

1883 955 2138 1026 δεήσεως,
2189 955 2522 1026 φωτισθῆναί
2561 972 2653 1008 σου
2686 954 2783 1025 τῆς
2821 953 3057 1016 διανοίας
3097 954 3223 1016 τοὺς
3253 951 3453 1021 ὀφθαλ-

1888 1043 2054 1114 μούς;
2085 1043 2246 1097 πόθεν
2278 1044 2438 1097 δέ-σοι
2459 1043 2661 1109 ταῦτα;
2697 1045 2758 1096 Οἱ
2792 1045 2891 1114 μὲν
2915 1042 3083 1105 ἄλλοι,
3107 1043 3290 1110 φησὶν,
3317 1042 3372 1093 εί
3398 1058 3450 1093 τι

1885 1131 1980 1184 καὶ
2000 1133 2172 1185 εἰπεῖν
2197 1131 2387 1201 ἔχοιεν,
2410 1131 2718 1199 λεγέτωσαν
2733 1147 2747 1160 ο
2772 1129 2882 1198 ἐγὼ
2901 1129 2957 1181 δὲ
2980 1129 3036 1181 ἓν
3054 1127 3188 1192 οἴδα,
3207 1128 3264 1180 ἓν
3284 1127 3450 1195 λέγω,

1885 1219 2000 1270 ἐκεῖ
2049 1236 2145 1290 μου
2174 1221 2348 1273 πᾶσαν
2379 1219 2589 1289 ἦρτησα
2620 1218 2716 1288 τὴν
2746 1216 2965 1280 ἐλπίδα,
2999 1218 3175 1269 ἐκεῖνο
3210 1215 3448 1286 προϐάλ-

1885 1304 2068 1374 λομαι,
2093 1302 2154 1357 τὸ
2182 1304 2326 1367 έλεός
2356 1322 2469 1364 σου,
2497 1303 2592 1376 τὴν
2619 1303 3022 1375 φιλανθρωπίαν
3047 1320 3162 1356 σου.
3200 1301 3339 1372 Ἐγὼ
3360 1300 3449 1365 δὲ,

1886 1391 2070 1461 φησὶν,
2108 1391 2204 1444 ἐπί
2239 1389 2319 1455 τῷ
2360 1391 2514 1445 ἐλέει
2559 1407 2675 1444 σου
2717 1390 2967 1459 ἤλπισα.
3003 1385 3158 1452 Εἶδες
3197 1406 3450 1442 ταπεινο-

1887 1479 2158 1549 φροσύνην
2201 1479 2520 1552 Προφήτου;
2576 1475 2712 1542 εἶδες
2756 1477 3172 1549 εὐγνωμοσύνην
3217 1477 3450 1549 ἀνδρός;

1884 1568 2075 1620 Καίτοι
2107 1569 2274 1639 μυρία
2318 1568 2714 1639 κατορθώματα
2743 1568 2899 1638 ἔχων,
2929 1567 3024 1620 καὶ
3065 1566 3128 1621 διῗ
3160 1565 3337 1619 αὐτῶν
3365 1566 3453 1618 δυ-

1885 1654 2114 1722 νάμενος
2144 1655 2459 1724 δυσωπῆσαι
2491 1655 2581 1706 τὸν
2630 1654 2792 1715 Θεὸν,
2837 1653 2986 1706 οὐδὲν
3034 1652 3240 1706 τούτων
3269 1651 3450 1718 λέγει,

1884 1743 1998 1796 ἀλλ’
2027 1743 2120 1794 ἐπὶ
2159 1744 2318 1813 μόνον
2344 1743 2404 1796 τὸ
2434 1744 2579 1807 ἕλεος
2609 1742 2704 1794 τοῦ
2737 1741 2871 1794 Θεοῦ
2911 1741 3264 1809 καταφεύγει.
3289 1741 3452 1792 Ὥστε

1884 1830 2042 1900 δῆλον
2069 1831 2151 1884 ὅτι
2191 1831 2284 1884 καὶ
2329 1831 2418 1884 ὅτε
2446 1829 2619 1886 ταῦτα
2654 1829 2822 1898 λέγει,
2855 1828 2930 1891 ὼς
2969 1829 3050 1890 τὸ,
3094 1829 3164 1885 El
3193 1827 3454 1893 ἐποίησα

1885 1918 2082 1986 τοῦτο,
2111 1921 2180 1972 El
2208 1917 2617 1979 ἀνταπέδωκα,
2653 1917 2746 1971 καὶ
2774 1915 2842 1970 τά
2870 1915 3114 1976 τοιαῦτα,
3148 1916 3227 1973 εἰς
3253 1914 3452 1984 πολλὴν

1886 2009 2132 2076 ἀνάγκην
2169 2006 2262 2060 τοῦ
2305 2009 2476 2059 εἰπεῖν
2515 2004 2768 2076 ἐμπεσὼν
2793 2044 2808 2066 ,
2840 2003 3013 2056 ταῦτα
3057 2003 3238 2070 λέγει·
3279 1999 3346 2073 ἧς
3377 2003 3452 2072 μὴ

1887 2093 2170 2164 παρούσης
2203 2093 2354 2146 οὐδὲν
2403 2093 2628 2146 ἐκείνων
2675 2091 2862 2160 φησὶν,
2895 2089 3029 2142 ἀλλά
3070 2090 3131 2142 τὸ
3179 2089 3326 2152 ἕλεος
3359 2089 3454 2142 καὶ

1887 2182 1984 2252 τὴν
2035 2181 2444 2250 φιλανθρωπίαν
2481 2179 2575 2232 τοῦ
2608 2178 2742 2232 Θεοῦ
2786 2177 2904 2231 ἀντὶ
2946 2177 3127 2245 πάσης
3175 2176 3453 2245 ἱκετηρίας

1888 2268 2268 2338 προϐάλλεται.
2293 2262 2425 2320 Εῑτα
2450 2264 2742 2328 πεποιθὼς,
2761 2267 2842 2318 ὅτι
2874 2265 2971 2334 τῆς
3002 2263 3211 2326 ἐλπίδος
3232 2263 3290 2314 οὐ
3321 2261 3454 2331 ψευ-

1889 2355 2166 2423 σθήσεται,
2192 2354 2388 2422 ἐπάγει
2405 2371 2417 2383 ·
2451 2351 2891 2422 ἈγαΜιὰσεται
2917 2353 2953 2419 ἢ
2982 2350 3196 2418 κεῳδία
3209 2367 3329 2419 μου
3356 2349 3452 2404 ἐπὶ

1885 2440 1966 2506 τῷ
1995 2441 2261 2508 σωτηρίῳ
2290 2456 2426 2496 σου.

1957 2543 2108 2609 Εἶδες
2139 2545 2394 2598 εὐέλπιδα
2433 2544 2643 2615 ψυχήνς
2686 2546 2914 2619 ’ᾔτησα
2950 2543 3042 2596 καὶ
3068 2545 3198 2613 πρὶν
3230 2540 3454 2613 ἧλάϐῃ,

1882 2635 1982 2697 ,ὡς
2011 2633 2188 2686 λαϐὼν
2223 2635 2551 2703 εὐχαριστεῖ,
2585 2634 2680 2686 καὶ
2716 2632 2829 2702 ᾄδει
2867 2630 2944 2700 τῷ
2980 2631 3118 2700 Θεῷ,
3161 2631 3253 2683 καὶ
3280 2630 3458 2684 πάντα

1887 2724 1956 2776 τά
2002 2723 2363 2794 προειληφότα
2395 2721 2803 2791 διαπράττεται.
2847 2719 3016 2773 Πόθεν
3062 2719 3120 2772 δὲ
3171 2715 3342 2779 οὕτως
3389 2713 3456 2789 ἦν

1891 2809 2135 2874 εΰελπις;
2191 2808 2321 2861 Ἀπὸ
2369 2808 2568 2877 πολλῆς
2612 2807 3060 2876 εὐγνωμοσύνης,
3109 2804 3215 2857 ἀπὸ
3259 2804 3459 2874 πολλῆς

1893 2897 2129 2966 σπουδῆς
2179 2896 2278 2966 τῆς
2332 2895 2460 2965 περὶ
2523 2893 2620 2963 τὴν
2679 2896 2916 2963 αἴτησιν·
2981 2892 3096 2962 ᾔδει
3154 2892 3236 2945 ὅτι
3286 2889 3461 2953 οὕτως

1890 2984 2209 3055 αἰτουμένου
2265 2983 2397 3045 Θεὸς
2457 2981 2761 3048 εἰσακούει,
2816 2982 2923 3034 ἀπὸ
2985 2980 3184 3050 πολλῆς
3239 2981 3337 3049 τῆς
3402 2981 3460 3033 ἐν

1891 3074 1956 3142 τῇ
2017 3071 2212 3142 καρδίᾳ
2263 3070 2471 3140 θέρμης
2521 3069 2615 3122 καὶ
2652 3071 2938 3138 κινήσεως.
2999 3067 3212 3137 Ὥσπερ
3267 3063 3359 3119 οὖν
3411 3067 3459 3118 οἰ

1891 3159 2113 3229 νωθρῶς
2153 3159 2248 3212 καὶ
2296 3157 2639 3229 παρειμένως
2683 3154 3012 3226 αἰτούμενοι,
3061 3155 3156 3206 καὶ
3187 3153 3465 3217 λαϐόντες,

1896 3247 2047 3319 μόλις
2077 3247 2174 3317 τῆς
2215 3247 2422 3316 δωρεᾶς
2461 3245 2906 3300 ἐπαισθάνονταιο
2937 3241 3110 3305 οὕτως
3147 3243 3194 3294 οί
3242 3259 3462 3294 συνεπι-

1892 3334 2164 3405 τεταμένῃ
2201 3333 2480 3404 προθυμίᾳ
2528 3332 2622 3386 καὶ
2656 3331 2857 3402 σπουδῇ
2890 3331 2990 3401 τὴν
3024 3331 3236 3398 αἴτησιν
3281 3327 3464 3382 ποιού-

1899 3439 2069 3493 μενοι,
2097 3421 2192 3475 καί
2217 3421 2322 3490 πρὸ
2351 3419 2445 3474 τοῦ
2474 3419 2677 3482 λαϐεῖν,
2703 3418 2810 3475 ἀπὸ
2830 3417 2930 3487 τῆς
2961 3417 3080 3471 κατ’
3103 3417 3299 3479 αὐτοὺς
3330 3431 3462 3483 σφο-

1893 3510 2024 3580 δρᾶς
2045 3510 2145 3563 καὶ
2167 3495 2416 3577 καθαρᾶς
2436 3506 2746 3568 διαθέσεως,
2765 3505 2840 3568 ὡς
2865 3503 3138 3568 λαϐόντες,
3163 3503 3343 3574 έχουσι
3369 3502 3474 3558 τοῦς

1895 3597 2064 3668 δώρου
2097 3597 2462 3666 συναίσθησιν,
2488 3595 2591 3664 τῆς
2617 3594 2767 3656 θείας
2797 3593 2978 3655 αὐτοῖς
3005 3592 3225 3663 χάριτος
3250 3591 3348 3662 τὴν
3377 3591 3466 3643 εὐ-

1897 3685 2166 3754 φροσύνην
2185 3682 2588 3755 προεντιθείσης
2607 3698 2620 3710 ·
2655 3683 2750 3735 καὲι
2771 3679 3151 3751 εὐχαριστοῦσι
3175 3679 3263 3734 διά
3288 3679 3464 3738 τοῦτο,

1898 3773 1988 3828 καὶ
2013 3774 2106 3826 τοῦ
2123 3772 2306 3826 λαϐεῖν
2331 3773 2497 3840 ἐγγὺς
2522 3769 2948 3840 καθεστήκασιν.
2965 3765 3408 3835 Ἀταλλιάσεται
3425 3768 3478 3833 ἡ.

1898 3860 2109 3928 καρδία
2131 3877 2250 3928 μου
2276 3859 2375 3913 ἐπὶ
2409 3858 2488 3924 τῷ
2516 3858 2784 3925 σωτηρίῳ
2805 3871 2942 3912 σου.
2974 3853 3167 3918 Τοῦτο,
3194 3855 3346 3924 φησὶ,
3368 3854 3469 3923 τὴν

1899 3948 2035 4018 ἐμὴν
2073 3946 2354 4016 εὐφραίνει
2382 3945 2580 4015 ψυχὴν.
2621 3944 2686 3998 τὸ
2732 3942 2882 4010 παρά
2928 3940 3020 3994 σοῦ
3051 3941 3149 4010 τῆς
3195 3939 3466 4009 σωτηρίας

1899 4037 2078 4106 τυχεῖν
2098 4051 2112 4065 ·
2136 4035 2236 4105 τὴν
2266 4033 2443 4104 ψυχὴν
2483 4032 2785 4103 εὐφραίνει,
2815 4031 2899 4086 ὅτι
2935 4027 3148 4097 ταύτης,
3180 4023 3230 4080 εἷ
3270 4029 3333 4081 σὺ
3359 4044 3467 4084 ao).-

1900 4123 2085 4191 τηρία.

1969 4233 2039 4294 γ’.
2070 4221 2223 4288 Εἶδες
2265 4221 2608 4291 ἀγαλλίασιν,
2641 4221 3117 4288 καὶάγαλλίασινς
3151 4215 3476 4285 ἀγαλλίασιν.

1900 4313 2109 4386 ἐχθρῶν
2124 4313 2216 4365 ἐπὶ
2243 4309 2627 4381 πτώματι,καὶ
2656 4308 2976 4376 ἀγαλλίασιν
3001 4307 3178 4377 ψυχῆς
3200 4307 3291 4360 ἐπὶ
3315 4304 3439 4376 [1⁸27

1900 4403 2076 4473 οἰκείᾳ
2110 4400 2382 4470 σωτηρίας
2417 4398 2630 4468 Ἐκείνη
2655 4395 3029 4466 τοῦᾙονηροῦ,
3061 4395 3199 4465 αὐτη
3230 4394 3335 4447 τῶν
3363 4410 3470 4446 σω-

1901 4489 2167 4560 ζομένων.
2215 4487 2427 4556 Ἐκείνη
2456 4486 2598 4556 λύμη
2632 4484 2847 4538 καὶτοῦ
2889 4483 3169 4546 δοκοῦντος
3213 4481 3472 4552 hama.-

1905 4578 2046 4640 σθαι,
2086 4577 2181 4630 καὶ
2225 4576 2310 4644 ἐφ’
2341 4567 2385 4640 ᾧ
2415 4573 2707 4642 ήγαλλιᾶτο
2727 4588 2740 4602 ο
2771 4569 2910 4642 αὐτη
2945 4570 3186 4641 σωτηρία
3216 4570 3310 4623 καὶ
3340 4569 3471 4623 ἀνά-

1902 4667 2093 4736 κλησις
2141 4665 2234 4717 τοῦ
2285 4662 2711 4733 ἀγαλλιωμένου.
2753 4660 2968 4729 Ταύτην
3015 4661 3114 4729 τὴν
3155 4659 3472 4728 ἀγαλλίασιν

1903 4753 1998 4805 καί⁵
2047 4748 2385 4820 εὐφροσύνην
2415 4745 2806 4817 εὐφρανθῶμεν
2847 4746 2944 4798 καὶ
2985 4746 3471 4816 ἀγαλλιασὼμεθα,

1904 4839 2118 4906 ἐκείνην
2143 4838 2198 4890 δέ
2220 4836 2498 4906 φύγωμεν,
2531 4835 2623 4888 καὶ
2658 4833 3052 4906 βδελυξώμεθαι
3077 4836 3228 4904 ’ᾼσω
3253 4832 3331 4898 τῷ
3359 4837 3474 4887 Κυ-

1897 4927 2010 4994 ρίῳ
2048 4923 2128 4989 τῷ
2164 4922 2623 4993 εὐεργετήσαντι
2646 4939 2742 4990 με,
2772 4921 2871 4975 καί
2893 4920 3070 4990 ψαλῶ
3107 4920 3186 4985 τῷ
3233 4921 3474 4988 ὀνόματι

1905 5015 2126 5082 Κυρίου
2155 5013 2261 5066 τοῦ
2292 5013 2576 5080 ὑψίστου.
2611 5010 2984 5080 Μνημόσυνον,
3014 5008 3166 5078 φησὶ,
3198 5008 3297 5076 τῆς
3323 5008 3475 5073 εὐερ-

1907 5102 2093 5170 γεσίας
2119 5099 2321 5170 ταύτης
2371 5100 2512 5171 ᾠδὴν
2541 5099 2795 5169 ἀναθήσω
2840 5097 2917 5166 τῷ
2953 5096 3162 5166 Κυρίῳ,
3199 5095 3280 5146 ὅτι
3313 5095 3474 5162 εὐηρ-

1906 5191 2104 5261 γέτησέ
2137 5209 2226 5260 με,
2269 5189 2597 5243 ἐταπείνωσε
2630 5188 2720 5240 τὸν
2769 5185 2978 5255 ἐχθρὸν,
3003 5183 3263 5254 αἰσχύνης
3309 5181 3474 5249 ἐπλή-

1911 5294 2118 5346 ρωσεν,
2177 5276 2374 5346 ἀσθενῆ
2422 5275 2750 5346 ἐπήλεγξεν,
2786 5273 3071 5342 είσήκουσε
3105 5271 3201 5339 τῆς
3240 5266 3474 5336 δεήσεως

1913 5382 2034 5433 μου,
2073 5365 2370 5434 ἐπέστρεψε
2402 5379 2427 5403 ι
2451 5363 2512 5414 τὸ
2556 5363 2844 5432 πρόσωπον
2889 5355 3052 5412 αὐτοῦ
3088 5357 3171 5409 ἐπ’
3216 5354 3334 5424 ἐμὲ,
3378 5355 3476 5422 τὴν

1909 5453 2076 5521 ἀχλὺν
2104 5454 2205 5507 καί
2228 5451 2316 5504 τὸν
2347 5450 2528 5518 ζόφον,
2561 5449 2626 5500 δι’
2651 5442 2726 5500 ὧν
2753 5447 2888 5517 πρὸς
2919 5445 3010 5497 τὸν
3037 5443 3262 5497 θάνατον
3289 5442 3478 5513 ἐφερό‹

1913 5557 2044 5610 μην,
2068 5539 2451 5600 διασκεδάσας’
2485 5537 2578 5589 καὶ
2611 5537 2703 5588 ἐπὶ
2732 5535 2811 5604 τῷ
2842 5532 3092 5601 σωτηρίῳ
3109 5530 3273 5584 αὐτοῦ
3306 5529 3476 5597 ἀγαλ-

1909 5627 2192 5697 λιώμενος,
2210 5626 2398 5691 ὥσπερ
2425 5640 2477 5676 τι
2509 5623 2769 5692 μνημεῖον
2796 5619 3198 5685 ἀνεξάλειπτον,
3217 5616 3317 5689 τὴν
3337 5615 3476 5688 ᾠδὴν

1979 5810 2001 5840 ε
2024 5806 2168 5856 Sm'il.
2197 5805 2392 5868 coniicit
2414 5804 2651 5865 ἐπέτρεψε.
