4084 6278
416 315 519 372 155

412 436 825 486 monumentum
863 431 1146 489 indelebile
1169 475 1184 498 ,
1215 432 1319 489 hoc
1359 438 1621 492 canticum
1665 438 1782 508 ejus
1821 441 1872 495 in
1916 459 2003 500 me

413 521 794 575 beneficiorum
824 523 1035 588 dedico,
1069 540 1174 578 non
1203 540 1343 580 nunc
1371 527 1542 581 solum
1571 527 1673 583 hoc
1697 544 1916 597 canens,
1947 543 2004 588 et

416 611 671 669 beneficia
701 613 817 682 ejus
855 615 995 682 apud
1023 630 1109 668 me
1146 625 1325 670 mente
1356 632 1572 673 versans
1592 658 1608 682 ,
1635 619 1728 674 sed
1760 622 1916 676 etiam
1948 624 1998 678 in

415 713 686 770 posterum
724 705 951 759 cantabo
989 714 1042 760 et
1083 707 1302 775 psallam
1341 708 1543 762 nomini
1577 709 1821 778 Domini,
1853 715 2000 770 nulla

411 807 662 860 umquam
693 793 960 849 oblivione
985 795 1263 859 delendam
1297 797 1538 852 beneficii
1579 801 1996 870 magnitudinem

411 884 590 937 animo
616 883 1017 940 circumferens.
1075 886 1217 941 Talis
1245 902 1372 957 ergo
1411 889 1586 943 anima
1615 891 1766 944 malis
1798 892 1996 947 irretita

413 989 518 1027 non
548 975 719 1028 solum
746 989 776 1028 a
802 976 958 1029 malis
994 975 1250 1030 liberatur
1274 1019 1291 1042 ,
1321 977 1412 1032 sed
1443 984 1601 1033 etiam
1627 979 1684 1034 lit
1711 982 1872 1036 tutior
1894 1023 1910 1047 ,
1943 996 2000 1038 ut

412 1079 516 1116 non
544 1063 771 1132 amplius
797 1065 849 1117 in
888 1065 1081 1119 similia
1111 1065 1325 1120 incidat.
1371 1069 1595 1136 Quando
1624 1071 1764 1125 enim
1795 1072 1998 1127 benefi-

411 1157 549 1207 cium
581 1171 793 1224 semper
821 1155 978 1211 habet
1005 1156 1058 1209 in
1085 1159 1337 1212 memoria
1357 1200 1370 1223 ,
1398 1160 1600 1214 clarum
1631 1171 1712 1216 est
1737 1177 1854 1216 eam
1887 1179 1998 1217 ma-

411 1246 582 1299 lnrum
611 1261 821 1315 quoque
846 1245 1135 1312 recordari,
1164 1262 1193 1300 a
1219 1249 1411 1319 quibus
1435 1250 1650 1304 liberata
1679 1251 1993 1308 beneficium

412 1335 511 1390 fuit
551 1339 899 1408 consequuta.
946 1339 1080 1392 Cum
1121 1348 1299 1395 autem
1343 1343 1604 1397 malorum
1647 1345 1994 1414 recordetur,

412 1428 694 1496 diligenter
713 1429 853 1496 apud
874 1433 930 1484 se”
960 1438 1183 1498 reputat,
1209 1431 1471 1487 undenam
1493 1448 1555 1488 ea
1576 1434 1677 1490 sibi
1696 1437 1992 1505 evenerint,

411 1526 461 1572 et
494 1526 712 1588 prepter
736 1527 894 1587 quam
918 1534 1134 1574 causam
1167 1521 1220 1574 in
1257 1529 1454 1577 tantum
1486 1525 1681 1578 malum
1714 1525 1871 1580 fuerit
1896 1527 1994 1581 de-

414 1609 617 1662 turbata
649 1628 663 1663 :
693 1619 747 1664 et
784 1609 1034 1680 deinceps
1076 1611 1126 1665 id
1167 1621 1421 1680 reputans
1443 1655 1458 1679 ,
1491 1615 1720 1684 seipsam
1761 1617 1994 1685 undique

412 1700 600 1764 innuit,
628 1709 695 1754 n‘e
719 1700 774 1755 in
803 1701 936 1756 tales
961 1701 1161 1756 recidat
1180 1704 1542 1768 calamitates;
1569 1715 1622 1760 et
1648 1706 1716 1760 ita
1741 1707 1992 1778 deinceps

407 1805 558 1844 suam
590 1791 749 1846 vitam
795 1802 938 1848 recte
966 1803 1291 1863 componens
1317 1804 1371 1851 et
1400 1797 1699 1864 instituens,
1731 1801 1779 1854 ei
1807 1802 1896 1870 qui
1924 1801 1990 1855 li—

408 1881 614 1936 beravit
651 1899 867 1953 magnas
903 1885 1012 1954 agit
1038 1887 1234 1956 gratias
1265 1904 1276 1939 :
1313 1889 1760 1957 quemadmodum
1792 1893 1994 1949 invenit

415 1971 793 2042 liberatorem,
825 1976 894 2030 ita
932 1980 1089 2032 etiam
1132 1980 1402 2035 custodem
1440 1981 1492 2035 in
1527 1982 1758 2038 futurum
1794 1985 1992 2041 habere

409 2064 700 2132 postulans.
726 2065 871 2120 lianc
897 2083 993 2121 nos
1018 2085 1227 2139 quoque
1248 2070 1534 2136 imitemur,
1558 2082 1612 2127 et
1631 2075 1675 2127 si
1702 2074 1752 2127 in
1778 2075 1989 2145 aliquod

409 2161 682 2218 peccatum
712 2155 1052 2211 inciderimus
1076 2199 1090 2223 ,
1123 2159 1190 2214 ad
1221 2174 1320 2214 nos
1349 2161 1455 2215 cito
1485 2163 1762 2217 redeamus
1787 2206 1802 2229 ,
1831 2175 1885 2219 et
1912 2163 1990 2220 fa-

407 2243 608 2297 ciamus
634 2255 690 2298 ut
715 2245 893 2314 lapsus
922 2249 991 2303 sit
1017 2263 1174 2309 causa
1199 2251 1531 2318 securitatis,
1563 2263 1615 2307 et
1642 2255 1852 2310 occasio
1881 2271 1989 2311 non

406 2332 628 2399 amplius
651 2339 925 2404 peccandi.
949 2339 1228 2408 Quomodo
1248 2357 1377 2412 ergo
1399 2342 1600 2400 facies?
1624 2345 1799 2402 Habes
1826 2348 1987 2404 David

407 2438 804 2497 praeceptorem.
839 2433 1164 2489 Peccavisti?
1186 2435 1262 2490 Ne
1287 2437 1519 2493 dormias
1545 2439 1596 2493 in
1624 2448 1862 2509 peccato,
1891 2441 1988 2496 sed

405 2532 628 2590 exsurge
651 2562 666 2586 ,
698 2531 753 2576 et
787 2525 973 2579 Statim
998 2527 1135 2595 apud
1167 2535 1217 2581 te
1245 2527 1415 2598 cogita
1447 2530 1610 2583 Deum
1649 2545 1680 2584 a
1713 2542 1763 2585 te
1799 2530 1985 2587 faciem

403 2612 675 2675 avertisse,
706 2615 778 2667 tui
810 2615 1032 2669 oblitum
1063 2630 1184 2672 esse
1212 2635 1228 2671 :
1255 2617 1447 2672 deinde
1475 2620 1642 2687 plora,
1673 2621 1982 2690 ingemisce.

401 2701 516 2756 lava
544 2718 639 2773 per
665 2706 898 2776 singulas
925 2717 1109 2764 noctes
1144 2709 1339 2763 lectum
1381 2717 1526 2764 tuum
1563 2711 1848 2782 lacrymis,
1879 2713 1985 2768 cito

399 2795 590 2849 recede
631 2795 699 2848 ab
740 2797 806 2850 iis
843 2799 934 2868 qui
976 2809 1267 2868 operantur
1305 2802 1659 2870 iniquitatem.
1701 2803 1833 2858 Nam
1870 2805 1984 2861 haec

398 2900 609 2956 quoque
633 2896 760 2942 sunt
790 2889 1000 2944 Davidis
1024 2899 1309 2972 praecepta.
1336 2893 1428 2946 Dic
1453 2907 1571 2947 cum
1596 2895 1712 2963 ipso
1739 2911 1752 2945 :
1783 2893 1984 2962 Usque-

397 2990 514 3042 qno,
545 2975 782 3042 Domine,
801 2978 1103 3035 Oblivisceris
1127 2997 1205 3034 nte
1227 2981 1280 3034 in
1306 2982 1459 3050 finem
1476 2983 1502 3036 ?
1525 2998 1778 3053 usquequo
1804 2986 1985 3038 avertis

1388 340 1750 401 EXPOSITIO
1801 347 1864 407 lN
1903 349 2228 411 PSA‘LMUM
2264 351 2398 409 XLI.
2433 361 2502 388 '—-
2531 347 2860 405 MONITUM.

3588 351 3690 410 ιὸι

2106 449 2286 516 faciem
2313 460 2450 508 tuam
2474 471 2506 508 a
2533 471 2614 510 me
2636 455 2808 528 (Psal.
2832 457 2885 513 6.
2913 457 2964 513 7.
2987 459 3086 532 8)?
3115 460 3211 518 Dic
3239 466 3342 518 nim
3369 464 3564 538 lingua,
3593 470 3689 527 sed

2102 548 2264 599 corde
2303 546 2476 602 multo
2506 559 2634 606 ante
2663 569 2677 606 :
2711 550 2798 607 dic
2821 551 2951 608 alias
2989 554 3152 610 David
3187 563 3398 628 quoque
3424 561 3678 620 rationes.

2103 636 2329 701 Quando
2363 639 2564 697 dixeris
2601 644 2778 700 omnia
2803 686 2818 712 ,
2847 659 3002 716 spera
3041 647 3094 702 in
3135 649 3499 706 misericordia
3527 653 3645 722 ejus
3665 697 3688 724 ,

2102 743 2256 794 spera
2279 769 2296 795 ,
2327 746 2394 786 ne
2422 731 2769 790 btesitaveris.
2805 737 2907 803 Qui
2933 739 3066 792 enim
3103 740 3334 810 luesitat,
3367 742 3574 812 inquit,
3615 757 3688 801 est

2097 820 2280 873 limitis
2309 822 2458 876 unda:
2485 826 2658 891 maris,
2685 843 2798 896 quae
2816 837 2958 883 uento
2987 831 3232 884 excitatur
3260 843 3303 886 et
3328 834 3569 904 agitatur.
3606 836 3689 891 Ne

2102 927 2218 982 ergo
2252 915 2494 969 existimet
2521 919 2608 988 qui
2636 929 2707 972 est
2735 921 2981 990 ejusmodi
2998 963 3012 983 ,
3039 939 3094 977 se
3119 923 3314 993 aliquid
3339 943 3370 980 a
3399 925 3508 982 Deo
3536 942 3688 983 acce-

2104 1015 2330 1075 pturum.
2364 1005 2454 1061 Vir
2472 1011 2604 1063 enim
2625 1010 2818 1081 duplici
2835 1016 3006 1079 corde,
3029 1025 3099 1070 est
3120 1016 3365 1073 instabilis
3386 1020 3439 1073 in
3458 1021 3688 1075 omnibus

2102 1097 2191 1147 viis
2217 1097 2322 1150 suis
2374 1097 2394 1169 (
2412 1096 2591 1153 Jacob.
2626 1103 2676 1154 1.
2707 1102 2862 1171 6-8).
2899 1102 3061 1173 Spera
3092 1121 3218 1176 ergo
3249 1108 3301 1162 in
3330 1108 3444 1178 ejus
3471 1110 3686 1165 miseri-

2100 1184 2278 1239 cordia
2299 1227 2318 1254 ,
2344 1187 2473 1242 nihil
2501 1188 2750 1245 haesitans
2771 1233 2786 1258 ,
2818 1203 2871 1247 et
2903 1195 3222 1263 pOstulatutu
3250 1200 3468 1255 omnino
3489 1216 3684 1258 conse-

2101 1277 2312 1343 queris;
2343 1288 2620 1348 postquam
2660 1292 2839 1338 autem
2879 1297 3237 1356 consequutus
3276 1289 3438 1344 fueris
3461 1332 3478 1358 ,
3508 1306 3575 1346 ne
3613 1295 3688 1347 sis

2100 1365 2338 1434 ingratus
2366 1365 2417 1421 in
2445 1369 2840 1428 benefactorem
2861 1415 2874 1441 ,
2905 1376 2997 1430 sed
3031 1376 3112 1431 fac
3138 1389 3540 1436 monumentum
3571 1383 3685 1452 ejus

2099 1456 2340 1512 beneficii
2367 1501 2382 1526 ,
2414 1469 2467 1514 et
2510 1475 2606 1531 pro
2651 1464 2942 1532 gratiarum
2991 1468 3199 1524 actione
3239 1470 3464 1526 Domino
3498 1473 3684 1532 dedica

2097 1551 2380 1605 canticum.
2422 1547 2538 1608 Non
2565 1566 2715 1623 potes
2743 1557 2856 1626 ipse
2886 1551 3023 1615 forte
3057 1575 3377 1631 componere
3407 1586 3421 1621 :
3450 1581 3683 1622 convoca

2096 1656 2375 1711 pauperes,
2396 1660 2578 1700 eorum
2602 1647 2805 1716 linguas
2824 1649 3159 1706 commodata
3178 1655 3379 1724 accipe,
3398 1664 3452 1711 et
3468 1657 3559 1712 tibi
3582 1673 3673 1713 eas

2097 1746 2363 1800 compara.
2391 1733 2508 1788 Scis
2529 1752 2647 1790 eum
2673 1739 2938 1794 lubentius
2961 1741 3012 1795 id
3034 1743 3356 1812 auditurum,
3381 1762 3537 1818 quam
3558 1764 3686 1801 can-

2097 1825 2257 1879 ticum
2289 1823 2630 1898 Davidicum,
2662 1831 2803 1900 quod
2831 1832 2910 1886 illi
2938 1850 3030 1902 pro
3062 1843 3111 1890 te
3138 1838 3445 1892 cecinerim.
3479 1839 3678 1904 Quent-

2096 1915 2380 1971 admodum
2408 1919 2548 1972 enim
2575 1921 2714 1990 quod
2737 1937 2802 1976 ex
2830 1923 3054 1978 diversis
3079 1935 3161 1979 est
3183 1927 3398 1982 chordis
3427 1931 3686 1984 COllSlllll-

2096 2015 2206 2060 tum
2233 2047 2246 2070 ,
2268 2007 2638 2076 jucundiorem
2666 2012 2860 2066 emittit
2888 2013 3300 2070 modulationem
3320 2059 3333 2082 ,
3360 2033 3516 2087 quam
3543 2019 3685 2088 quod

2096 2112 2159 2151 ex
2193 2099 2343 2152 unica
2379 2115 2392 2150 :
2425 2099 2494 2153 ita
2525 2101 2687 2156 etiam
2717 2103 2857 2172 quod
2887 2113 2969 2158 est
2994 2120 3058 2158 ex
3084 2105 3310 2162 diversis
3337 2110 3698 2178 pauperibus,

2097 2188 2206 2242 Deo
2235 2189 2325 2257 qui
2364 2190 2510 2244 audit
2538 2206 2720 2245 vocem
2765 2208 3054 2262 pauperum
3075 2236 3090 2260 ,
3118 2195 3410 2264 jucundum
3440 2198 3567 2267 qqu
3596 2215 3682 2254 re-

2093 2283 2304 2337 sonabit
2338 2292 2394 2337 et
2421 2283 2664 2338 amabile.
2705 2285 2861 2354 Erige
2892 2286 2982 2340 tibi
3024 2287 3124 2357 ipsi
3155 2298 3209 2342 et
3242 2289 3350 2343 Deo
3379 2289 3682 2359 hujusmodi

2093 2381 2495 2428 monumentum
2539 2391 2552 2427 :
2595 2375 2643 2430 ei
2687 2376 2902 2446 quidem
2949 2391 3350 2435 monumentum
3395 2382 3675 2448 beneficii;

2091 2465 2185 2518 tibi
2215 2481 2340 2520 vero
2364 2466 2724 2523 ostens‘ionem
2751 2470 3039 2539 gratiarum
3066 2474 3290 2528 actionis
3309 2517 3324 2540 ,
3357 2477 3492 2544 grati
3516 2477 3680 2530 animi

2090 2565 2146 2610 et
2193 2558 2444 2612 memoris
2469 2599 2483 2621 ,
2511 2558 2718 2629 signum
2768 2570 3036 2630 perpetuae
3081 2566 3353 2619 memoria:
3377 2606 3392 2630 ,
3425 2581 3583 2636 quam
3627 2567 3680 2622 in

2089 2647 2252 2702 corde
2294 2663 2506 2719 semper
2545 2649 2745 2704 habens
2776 2650 2989 2705 infixam
3017 2693 3030 2716 ,
3061 2655 3269 2725 corrige
3301 2664 3441 2710 tuam
3471 2659 3631 2711 vitam
3663 2675 3676 2711 :

2091 2737 2200 2791 imo
2225 2752 2353 2792 vero
2392 2739 2721 2809 corrigamus
2745 2781 2759 2803 ,
2795 2749 2850 2794 ut
2878 2742 3044 2796 simus
3083 2743 3222 2813 digni
3258 2747 3548 2803 hereditate
3577 2747 3678 2802 bo-

2089 2844 2277 2882 norum
2304 2845 2423 2899 qua:
2449 2829 2558 2884 illic
2585 2841 2726 2894 sunt.
2753 2830 2804 2884 in
2829 2831 3038 2886 Christo
3064 2833 3188 2889 Jesu
3218 2836 3442 2893 Domino
3469 2849 3670 2904 nostro,

2088 2920 2172 2973 cui
2200 2919 2366 2990 gloria
2393 2929 2449 2974 et
2475 2920 2753 2990 imperium
2787 2922 2839 2975 in
2866 2921 3060 2977 saecula
3091 2926 3427 2983 saeculorum.
3458 2929 3647 2984 Amen.

424 3243 548 3282 mus
581 3250 592 3282 :
633 3227 839 3281 Rursus
866 3227 1101 3296 infelices
1134 3226 1238 3290 illi,
1273 3226 1680 3296 mortaliumque
1706 3226 1941 3280 omnium
1963 3226 2248 3280 miserrimi
2275 3225 2450 3281 Iudici
2482 3226 2782 3296 jejunaturi
2815 3237 2938 3282 sunt
2965 3245 2985 3283 :
3017 3246 3204 3284 rursus
3235 3228 3438 3284 Christi
3463 3247 3671 3301 gregem

424 3329 725 3380 muniamus
760 3341 961 3380 necesse
993 3333 1090 3378 est.
1121 3323 1557 3392 Quandoquidem
1580 3333 1629 3378 et
1657 3333 1916 3393 pastores,
1939 3323 2193 3392 quamdiu
2219 3323 2380 3377 noxia
2413 3323 2580 3378 bestia
2611 3324 3088 3388 molestanon-est,
3114 3325 3212 3380 sub
3239 3327 3410 3382 ilicem
3442 3339 3536 3381 aut
3569 3345 3668 3397 po-

423 3422 607 3488 pulum
638 3421 888 3489 porrecti,
926 3417 1110 3488 ﬁstula
1139 3427 1359 3479 canunt,
1389 3419 1615 3471 sinentes
1651 3431 1767 3472 oues
1793 3415 1952 3472 libere
1981 3433 2075 3486 pro
2107 3433 2203 3470 suo
2232 3417 2497 3471 arbitratu
2539 3435 2792 3486 pascere:
2823 3435 2998 3474 verum
3037 3420 3200 3475 simul
3231 3430 3387 3490 atque
3414 3422 3671 3474 senserint

424 3519 672 3571 alicunde
701 3517 947 3586 luporum
975 3516 1326 3569 incursionem
1360 3515 1656 3579 imminere,
1685 3528 1828 3578 mox,
1853 3513 2061 3582 objecta
2085 3512 2290 3582 fistula,
2319 3513 2540 3582 fundam
2566 3516 2854 3586 arripiunt,
2887 3525 2935 3570 et
2957 3519 3148 3571 emisso
3174 3517 3402 3582 calamo,
3440 3518 3670 3586 fustibus

420 3626 472 3666 et
501 3615 651 3667 satis
683 3613 960 3667 obarmant
985 3628 1120 3676 sese,
1143 3626 1338 3682 proque
1365 3611 1490 3664 ovili
1513 3611 1872 3674 consistentes,
1897 3627 2085 3678 magno
2117 3609 2368 3674 clamore,
2404 3613 2700 3682 ingentique
2725 3612 2935 3666 ululatu
2968 3615 3335 3682 vociferantes,
3373 3617 3672 3686 frequenter

419 3709 534 3776 ipso
562 3708 794 3762 clamore
830 3709 1018 3776 feram,
1049 3708 1357 3777 priusquam
1387 3708 1668 3776 irrumpat,
1708 3705 1948 3775 abigunt.
1981 3703 2138 3760 Hunc
2170 3705 2358 3775 utique
2401 3705 2586 3760 locum
2635 3707 2854 3777 respicit
2887 3705 3310 3780 Chrysostomus
3341 3725 3466 3764 cum
3514 3709 3671 3764 initio

424 3805 591 3872 hujus
617 3804 673 3857 in
700 3803 978 3858 Psalmum
1011 3803 1071 3857 41
1110 3802 1350 3856 Ιιοιιιίιίκ
1377 3809 1435 3856 se
1463 3803 1698 3870 pastoris
1724 3801 2034 3869 exemplum
2069 3800 2324 3856 attulisse
2351 3801 2505 3856 dicit.

494 3900 632 3953 llinc
683 3899 848 3968 igitur
905 3898 1112 3953 inferas
1162 3912 1308 3950 auito
1347 3894 1736 3948 581'liabitam
1786 3892 1958 3948 fuisse
2002 3894 2142 3948 hanc
2180 3895 2524 3957 concionem,
2551 3902 2606 3948 et
2651 3893 2892 3962 quidem,
2920 3903 2980 3948 ut
3015 3895 3247 3959 videtur,
3277 3905 3397 3964 post
3427 3910 3666 3951 mensem

423 3993 463 4047 S
498 3991 798 4060 ptembrem
823 4008 835 4042 :
870 4004 978 4058 qua
1006 3991 1073 4042 de
1101 4001 1160 4042 re
1187 3987 1306 4041 vide
1331 3986 1593 4040 Monitum
1625 3995 1870 4039 nostrum
1900 3985 1967 4039 ad
2003 3985 2268 4040 llomilias
2295 3993 2484 4041 contra
2520 3984 2756 4047 Judaeos,
2781 3984 2940 4041 Tom.
2973 3987 3025 4051 l,
3059 4001 3120 4056 p.-
3151 3984 3276 4041 583.
3308 3986 3458 4040 Licet
3487 3995 3666 4042 autem

418 4097 572 4140 extra
613 4085 808 4139 seriem
842 4082 1256 4152 Expositiouum
1289 4080 1343 4134 in
1373 4075 1624 4133 Psalmos
1652 4075 1924 4146 principio
1954 4075 2127 4146 posita
2163 4075 2333 4132 fuisse
2357 4077 2624 4141 videatur,
2661 4077 2790 4145 quia
2823 4087 3000 4132 tamen
3031 4078 3086 4130 in
3127 4076 3330 4132 Graecis
3359 4078 3526 4133 Editis
3549 4094 3669 4134 om-

420 4184 584 4236 nibus
614 4189 672 4235 et
700 4183 754 4235 in
783 4179 1110 4249 quibusdam
1145 4178 1277 4231 Mss.
1311 4177 1458 4229 hunc
1490 4173 1667 4228 locum
1697 4173 1930 4238 obtinet,
1959 4187 2080 4226 eam
2111 4178 2231 4227 loco
2258 4187 2477 4227 movere
2513 4173 2690 4226 visum
2720 4177 2828 4226 non
2867 4181 2969 4228 est.

491 4271 606 4326 lam
645 4283 758 4325 rem
794 4269 1066 4324 diﬂicilem
1096 4277 1152 4324 et
1175 4275 1461 4336 operosam
1513 4263 1896 4334 aggrediamur
1927 4272 2176 4334 oportet;
2211 4278 2405 4333 nempe
2434 4263 2788 4333 quaerendum
2841 4263 2908 4318 de
2940 4262 3244 4332 significatu
3280 4277 3475 4318 vocum
3525 4265 3666 4318 ὑπα-

415 4365 622 4428 κούειν,
652 4363 890 4433 ὑπακοή,
925 4360 1278 4430 ὑποψάλλειν,
1302 4360 1457 4429 queis
1485 4373 1627 4426 smpe
1655 4359 1827 4412 utitur
1853 4357 1910 4412 in
1952 4358 1992 4412 hu

2101 4357 2326 4411 humilia
2377 4355 2850 4428 Chrysostomus:
2895 4354 3164 4424 interpres
3216 4370 3342 4411 vero
3386 4368 3667 4427 perperam

416 4475 632 4530 semper
659 4458 932 4530 exprimit.
967 4455 1061 4512 Sic
1091 4457 1252 4526 paulo
1280 4463 1408 4525 post
1435 4455 1648 4508 initium
1675 4471 1689 4507 :
1721 4453 1825 4518 τὴν
1854 4453 1992 4524 mea,

2115 4453 2287 4523 αὐτὴν
2315 4452 2410 4507 τοῦ
2441 4453 2606 4507 Δαυὶδ
2636 4452 3154 4524 μεταχειριζόμενοι,
3184 4455 3278 4506 καὶ
3303 4454 3402 4525 τὴν
3425 4454 3666 4526 ὑπακοὴν

419 4565 494 4623 είς
528 4559 690 4630 μέσον
718 4559 962 4626 ἄγοντες,
993 4557 1058 4626 ἢν
1087 4554 1323 4616 ἅπαντες
1352 4552 1708 4622 ὑπεψάλαμεν
1751 4553 2017 4622 τήμερον.
2060 4550 2156 4613 Τίς
2209 4548 2301 4604 οὖν
2354 4553 2504 4604 ἐστιν
2555 4552 2587 4620 ἢ
2641 4551 2889 4619 ὑπακοῆς
2934 4551 3032 4604 Ὃν
3077 4552 3278 4623 τρόπον
3332 4552 3580 4606 ἐπιποθεῖ
3632 4554 3664 4622 ἡ

417 4651 614 4720 ἔλαφος
643 4649 735 4703 ἐπὶ
763 4649 866 4711 τὰς
896 4647 1078 4718 πηγὰς
1110 4645 1218 4699 τῶν
1251 4645 1480 4711 ὑδάτων,
1510 4644 1684 4707 οὕτως
1711 4643 1963 4697 ἐπιποθεῖ
1990 4646 2023 4714 ἠ
2054 4644 2198 4712 ψυχή
2230 4660 2331 4713 μου
2364 4643 2500 4713 πρὸς
2531 4643 2619 4708 σὲ,
2659 4645 2687 4696 ὁ
2724 4643 2856 4707 Θεός
2890 4662 2902 4697 :
2940 4653 2992 4698 et
3037 4653 3222 4712 postea
3258 4662 3271 4698 :
3317 4645 3412 4698 καὶ
3457 4645 3531 4716 μὴ
3577 4644 3663 4698 dii

423 4739 900 4814 ῥημάτωνμόνον,
935 4739 1072 4792 ἀλλὰ
1101 4739 1195 4792 καὶ
1222 4735 1288 4790 δι’
1319 4736 1500 4789 αὐτῶν
1533 4737 1639 4788 τῶν
1669 4735 1846 4806 ἔργων
1875 4733 2078 4804 ταύτην
2123 4733 2450 4803 ὑποψάλλειν
2483 4735 2580 4804 τὴν
2609 4735 2857 4806 ὑπακοήν
2890 4753 2904 4789 :
2951 4744 3005 4791 et
3041 4735 3178 4791 infra
3210 4755 3226 4790 :
3255 4735 3380 4791 ἀλλ’
3408 4735 3494 4791 ἵνα
3537 4738 3664 4790 ὅταν

415 4837 746 4909 anesum,
782 4835 1048 4905 συνθήκας
1076 4831 1212 4885 εἶναι
1243 4831 1468 4901 νομίσῃς
1497 4830 1595 4901 τὴν
1627 4831 1894 4899 ὑπακοὴν.

484 4935 618 4986 ltetn
649 4949 797 4986 num.
836 4930 868 4984 6
897 4931 1003 4988 ε,οὑ
1033 4930 1140 4999 γὰρ
1177 4929 1240 4998 δὴ
1275 4927 1434 4997 μόνον
1465 4927 1573 4981 ἀπὸ
1600 4929 1699 4996 τῆς
1734 4929 1980 4999 ὑπακοῆς
2006 4928 2106 4981 ταύ
2123 4945 2210 5000 της
2241 4928 2386 4982 ἔστιν
2429 4929 2556 4982 ίδεῖν
2593 4928 2758 4982 αὑτοῦ
2795 4929 2854 4981 τδ
2897 4929 3116 5000 φίλτρον
3145 4931 3237 4982 καὶ
3266 4929 3372 4982 ἀπὸ
3405 4929 3512 4981 τῶν
3540 4927 3667 4998 ἑξῆς

416 5023 677 5100 ῥημάτων
710 5045 723 5080 :
757 5039 812 5082 et
843 5043 995 5080 num.
1025 5027 1055 5079 Ἰ
1093 5042 1108 5078 :
1151 5025 1226 5096 μὴ
1255 5026 1433 5078 τοίνυν
1463 5023 1648 5086 ἁπλῶς
1678 5025 1913 5077 ενταῦθα
1941 5025 2218 5093 εἰσίωμεν,
2254 5025 2389 5094 μηδὲ
2421 5025 2518 5089 τὰς
2549 5025 2795 5088 ὑπακοὰς
2825 5025 3212 5094 ἀφωσιωμένοι
3251 5024 3612 5092 ὑπακούωμεν
3649 5039 3660 5073 :

412 5137 466 5178 et
496 5126 674 5179 infra:
710 5124 808 5188 τὰς
858 5123 1105 5186 ὑπακοὰς
1155 5123 1314 5193 μόνον
1355 5119 1684 5192 διατήρησὸν
1735 5137 1825 5189 μοι
1852 5119 1962 5172 τῶν
2001 5119 2250 5191 ψαλμῶν,
2282 5120 2350 5184 θές
2390 5119 2624 5175 ἐνταῦθα
2665 5119 3012 5190 ὐποψάλλεις,
3054 5121 3153 5190 οὐχ
3186 5117 3352 5183 ἅπαξ,
3383 5119 3443 5171 οὐ
3472 5119 3573 5182 δὶς,
3600 5121 3661 5170 οὐ

409 5221 552 5290 τρ“·ς,
588 5219 722 5271 ἀλλὰ
758 5220 850 5271 καὶ
879 5217 1158 5280 πολλάκις,
1191 5225 1297 5271 etc.
1337 5215 1506 5269 Paulo
1540 5225 1661 5282 post
1691 5225 1870 5269 autem
1903 5231 1918 5266 :
1951 5218 1992 5268 oi

2096 5214 2234 5286 αὕτη
2267 5216 2322 5269 δὲ
2365 5218 2543 5287 μόνον,
2575 5217 2711 5270 ἀλλὰ
2751 5217 2844 5269 καὶ
2892 5215 3094 5284 ἑκάστη
3131 5216 3346 5286 ὑπακοὴ
3371 5216 3462 5267 τὸν
3499 5215 3663 5267 αὑτὸν

411 5311 544 5382 ἡμῖν
571 5309 862 5380 παρέξεται
898 5308 1145 5371 πλοῦτον,
1181 5307 1284 5361 κᾶν
1319 5307 1480 5379 εἴπῃς
1504 5307 1685 5374 πάλιν,
1711 5307 2000 5376 Μακάριος
2039 5308 2178 5379 ἀνὴρ
2200 5310 2230 5360 ὁ
2261 5309 2594 5380 φοΰούμενος
2624 5311 2720 5362 τὸν
2750 5309 2974 5379 Κύριον.
3013 5309 3068 5362 Ιιι
3100 5307 3205 5360 fine
3234 5315 3414 5360 autem
3441 5323 3454 5359 :
3490 5306 3577 5360 ἵνα
3603 5306 3661 5360 δὲ

414 5407 490 5478 μὴ
519 5407 811 5478 μακρύνων
843 5406 934 5459 τὸν
962 5405 1121 5474 λόγον
1144 5405 1280 5470 δόξω
1306 5405 1542 5475 ἐνοχλεῖν
1587 5407 1702 5469 τοῖς
1730 5405 2208 5475 φιλοωνωτέροις,
2239 5405 2553 5459 καταλιπὼν
2597 5407 2836 5478 ἑκάστην
2875 5404 3122 5474 ἐκλέγειν
3145 5401 3411 5475 ὑπακοὴν,
3441 5403 3535 5456 καὶ
3559 5403 3660 5472 τὴν

407 5498 840 5566 ἐναποκειμένην
867 5497 1002 5566 αὐτῇ
1036 5495 1264 5564 δύναμιν
1291 5494 1684 5565 διερευνᾶσθαι,
1713 5493 1948 5548 ἐνταῦθα
1978 5495 2270 5549 καταλύσω
2287 5496 2379 5548 τὸν
2396 5494 2575 5564 λόγον,
2606 5498 2790 5549 ἐκεῖνα
2815 5498 3150 5566 παραινέσας
3175 5495 3329 5566 ὑμῶν
3353 5498 3419 5567 τῇ
3445 5496 3658 5566 ἀγάπῃ,

413 5592 489 5661 μὴ
523 5591 717 5652 ἁπλῶς.
745 5589 976 5644 ἐνταῦθα
1012 5590 1270 5657 εἰσιέναι,
1299 5591 1413 5642 ἀλλ’
1452 5590 1643 5658 ὥσπερ
1687 5590 2031 5660 μαργαρίτας
2075 5591 2174 5655 τὰς
2221 5589 2466 5652 ὑπακοὰς
2499 5587 2872 5658 λαμϐάνοντας
2917 5589 3228 5659 διατηρεῖν,
3277 5589 3372 5641 καὶ
3407 5587 3655 5660 μελετᾷν.

482 5686 638 5756 Apud
669 5685 1002 5740 Methodium
1033 5686 1159 5739 item
1191 5687 1242 5739 in
1277 5685 1541 5741 Convivio
1572 5688 1864 5758 virginum,
1889 5702 1943 5755 p.

2128 5706 2141 5741 :
2180 5687 2280 5756 τὴν
2319 5685 2530 5738 Θέκλαν
2573 5684 2744 5754 μέσην
2782 5682 2880 5752 μὲν
2925 5682 3036 5735 τῶν
3076 5681 3380 5752 παρθένων,
3423 5683 3547 5750 ἔφη.
3595 5683 3659 5732 ἐκ

405 5779 600 5844 δ;ξιῶν
637 5779 694 5833 δὲ
724 5779 823 5849 τῆς
848 5779 1049 5848 ἀρετῆς
1081 5781 1284 5834 στᾶσαν
1320 5781 1562 5851 κοσμίως
1591 5779 1829 5849 ψάλλειν·
1855 5781 1951 5843 τὰς
1981 5779 2040 5832 δὲ
2065 5778 2253 5842 λοιπὰς
2280 5781 2338 5834 ἐν
2367 5776 2548 5847 κύκλῳ
2575 5775 2822 5846 καθάπερ
2848 5776 2906 5828 ἐν
2929 5773 3087 5845 χοροῦ
3120 5775 3358 5845 σχήματι
3385 5775 3656 5836 συστάσας
