4084 6278
482 345 578 402 155

1165 341 1223 399 S.
1258 343 1545 402 JOANNIS
1579 343 2066 402 CHRYSOSTOMI
2107 337 2427 398 ARCHIEP.
2461 330 3016 392 CONSTANTINOP.

3615 329 3718 384 156

469 463 768 550 ὑπακούειν
800 462 962 534 αὐτῇ,
997 462 1304 531 respondere
1331 463 1432 517 illi.
1469 462 1568 518 Illo
1595 478 1758 519 sensu
1788 464 1948 518 etiam
1985 462 2060 515 ὑπ

2169 459 2283 511 ύειν
2318 469 2418 510 usu
2445 451 2592 506 venit
2616 449 2736 504 Job.
2775 448 2859 514 M,
2889 447 2976 509 i5,
3018 442 3108 500 ubi
3154 459 3261 498 ιιι
3311 443 3512 498 habent
3543 459 3556 496 :
3601 436 3724 496 εἶτα

469 545 743 623 καλέσεις,
769 558 880 627 ἐγὼ
899 559 957 612 δέ
987 577 1070 612 σοι
1096 559 1496 630 ὑπακούσομαι,
1529 559 1622 614 ubi
1657 560 1903 630 Vulgata,
1950 557 2056 611 Voc

2165 572 2174 608 ς
2206 569 2306 616 me,
2338 559 2386 604 et
2409 564 2500 617 ego
2531 543 2849 613 respondebo
2879 541 2994 595 tibi.

541 655 702 709 Clare
735 652 1092 718 Athanasius,
1117 628 1390 723 Apologia
1410 654 1479 707 de
1500 651 1625 723 fuga
1658 628 1784 717 sua,
1807 669 1862 720 p.
1898 651 2004 705 554
2035 668 2048 704 :

2165 645 2374 707 8560qu
2398 642 2489 696 ἐπὶ
2510 638 2607 692 τοῦ
2627 637 2846 710 Θρὸνου,
2869 634 3205 704 προέτρεπον
3231 628 3324 682 τὸν
3353 631 3452 700 μὲν
3473 630 3724 685 διάκονον

471 744 869 814 ἀναγινώσκειν
899 746 1131 817 ψαλμόν·
1165 745 1291 807 τοὺς
1313 744 1370 796 δὲ
1404 743 1566 806 λαοὺς
1594 743 1912 807 ὑπακούειν,
1944 742 2060 793 ’Ὁτι

2165 756 2174 800 ς
2203 737 2293 790 τὸν
2326 732 2500 787 αἰῶνα
2529 729 2588 784 τὸ
2616 729 2762 790 ἕλεος
2785 726 2952 780 αὐτοῦ
2978 745 2991 780 :
3025 724 3091 778 In
3135 725 3322 778 throno
3371 722 3553 776 sedens
3585 737 3725 790 prte-

472 844 584 910 cepi
612 842 836 896 diacono
872 851 932 895 ut
978 840 1254 894 Psalmum
1301 839 1510 910 legeret,
1551 837 1840 906 populoque
1881 847 1938 890 ut
1980 830 2352 902 responderet:
2387 825 2653 893 Quoniam
2697 822 2754 875 in
2801 830 3054 875 internum
3097 815 3464 870 misericordia
3496 813 3630 882 ejus.
3665 811 3730 864 Et

475 908 712 1006 Epistula
740 937 806 991 ad
835 934 1212 991 Marcellinum
1238 908 1514 999 comitem,
1556 948 1610 1002 p.
1639 932 1743 986 998
1769 948 1782 984 :
1811 930 1988 992 Θέλεις
2012 928 2060 999 ψη

2165 943 2238 979 ειν
2272 920 2517 991 ὑπακοὴν
2545 919 2773 989 ἔχουσαν
2801 917 2861 970 τὸ
2899 912 3210 984 ἀλληλούια,
3255 911 3345 965 Vis
3375 909 3601 978 psallere
3630 908 3728 976 hy—

471 1050 664 1101 pacaen
697 1033 974 1087 habentem
1004 1032 1224 1086 alleluia
1250 1047 1272 1084 :
1302 1031 1376 1085 ibi
1413 1045 1542 1085 vero
1559 1001 1814 1084 Psalmos
1853 1025 2057 1080 iudicat

2165 1023 2229 1088 ιι,
2282 1019 2404 1082 105,
2451 1017 2575 1083 too,
2625 1011 3062 1079 “0,111,112,
3114 1008 3238 1070 us,
3289 1001 3728 1071 114,115,rts,

475 1130 598 1194 154,
630 1128 753 1195 166⁷,
787 1130 904 1194 147,
934 1129 1055 1194 148,
1085 1129 1209 1191 149,
1253 1128 1378 1182 150.

549 1225 628 1280 Ex
671 1226 823 1281 hisce
849 1225 1176 1280 testimoniis
1210 1223 1380 1292 liquot
1409 1222 1707 1275 ὑπακούειν
1732 1230 1785 1275 et
1819 1219 2060 1290 ὑποψάλλ

2185 1212 2514 1286 signiﬁca-re,
2550 1207 2796 1264 recitanti
2831 1202 3162 1273 respondere,
3201 1197 3285 1252 vel
3309 1196 3523 1249 canenti
3562 1191 3735 1245 sucei-

479 1337 598 1376 uere
621 1340 639 1388 ;
665 1331 829 1392 atque
856 1322 992 1377 adeo
1015 1322 1262 1392 ὑπακοήν
1293 1336 1414 1375 esse
1444 1334 1773 1388 responsum,
1803 1316 1886 1370 vel
1911 1313 2295 1385 responsionem
2320 1326 2338 1363 :
2365 1314 2557 1364 contra
2583 1318 2749 1374 quam
2777 1301 2939 1356 vertit
2970 1296 3274 1353 Gentianus
3305 1289 3602 1351 llervetus,
3636 1283 3733 1352 qui

478 1432 506 1468 a
554 1416 718 1470 verbo
762 1417 950 1468 audire
1009 1429 1224 1488 semper
1271 1413 1774 1484 interpretationem
1816 1417 2025 1480 petens,
2077 1403 2379 1462 sententias
2426 1398 2761 1472 pessumdat.
2809 1395 3010 1450 Contra
3057 1405 3220 1460 quam
3269 1385 3434 1440 etiam
3487 1377 3738 1445 intelligit

481 1506 694 1562 Goarus
723 1506 779 1560 i'n
817 1485 1153 1576 Euehologio
1197 1520 1252 1574 p.
1301 1505 1390 1568 57,
1419 1469 1532 1557 'ubi
1568 1469 1832 1572 ὑπακοήν.
1852 1469 2022 1553 vertit
2067 1469 2783 1561 auditionem—quamquam
2829 1483 3192 1540 subdubitans
3225 1478 3505 1532 variorum
3549 1469 3739 1525 efferat

481 1601 802 1656 sententias.
827 1600 993 1672 igitur
1014 1599 1310 1656 ὑπακούειν
1348 1607 1402 1654 et
1429 1565 2060 1667 unaddnuadicebatul

2165 1591 2366 1660 )pulus,
2408 1603 2534 1643 cum
2561 1586 2642 1653 vel
2671 1585 2900 1638 diacono
2932 1580 3016 1634 vel
3057 1573 3434 1633 sacerdotibus
3461 1568 3544 1622 vel
3581 1565 3742 1622 cleri-

482 1699 560 1753 cis
595 1665 1016 1768 praecinentibus
1045 1696 1383 1762 succinebat,
1419 1695 1503 1749 vel
1537 1665 1894 1749 recitantibus
1918 1683 2553 1758 respondebat;orraxoi)
2590 1695 2721 1735 vero
2760 1675 2913 1749 H50]
2954 1673 3085 1729 illud
3122 1673 3298 1741 ipsum
3342 1665 3489 1736 quod
3523 1677 3744 1732 respon-

481 1761 748 1860 debatur;
783 1794 1017 1863 exempli
1051 1808 1238 1856 causa,
1265 1794 1363 1845 Ὃν
1389 1790 1591 1860 τρόπον
1632 1787 1886 1842 ἐπιποθεῖ
1925 1787 1959 1857 ή
2000 1785 2058 1838 ἐλ

2165 1801 2232 1848 ες,
2275 1789 2382 1836 etc.
2429 1773 2887 1844 Quemadmodum
2937 1772 3198 1824 desiderat
3239 1782 3416 1820 cervus
3458 1761 3526 1814 ad
3572 1763 3739 1832 fontes

483 1901 770 1955 aquarum,
800 1885 878 1938 ita
911 1883 1178 1940 desiderat
1208 1883 1389 1936 anima
1422 1897 1535 1934 mea
1563 1879 1633 1932 ad
1662 1889 1730 1943 te,
1763 1879 1923 1943 Deus,
1957 1876 2070 1931 haec
2101 1883 2220 1928 erat
2247 1871 2463 1941 ὑπακοή
2499 1884 2594 1924 seu
2629 1865 2954 1936 responsio;
2987 1862 3106 1916 alia:
3141 1861 3266 1915 item
3303 1855 3540 1911 ὑπακοαί
3565 1861 3741 1914 erant,

507 1986 2238 2012 MM

972 2148 1037 2204 ΙΝ
1068 2146 1186 2203 PSA
1198 2144 1388 2201 LMUM
1416 2143 1556 2200 XLI.

484 2285 920 2357 Quemdmodum
963 2281 1214 2336 desiderat
1254 2295 1430 2333 cervus
1476 2275 1544 2329 ad
1595 2277 1759 2346 fontes
1807 2285 2056 2339 aquarum

556 2389 627 2436 tv.
648 2381 724 2451 9).
747 2379 810 2433 Et
829 2391 1058 2446 quanam
1083 2375 1150 2430 de
1169 2387 1327 2428 causa
1345 2367 1588 2422 Psalmus
1610 2366 1662 2420 in
1685 2365 1844 2420 vitam
1885 2361 2057 2414 intro-

551 2474 743 2528 ductus
767 2471 974 2524 canitur
1005 2481 1124 2522 cum
1147 2464 1376 2519 cantico.
1406 2460 1473 2515 Et
1502 2459 1570 2515 de
1596 2459 1694 2514 Dei
1737 2457 1956 2511 leuitate
1996 2469 2059 2509 ac

554 2560 822 2633 patientia.

551 2702 603 2755 1.
639 2698 742 2754 Vos
788 2694 1000 2767 quidem
1031 2710 1128 2749 nos
1155 2706 1333 2762 nuper
1362 2685 1790 2751 admirabamini,
1847 2680 2058 2754 quando

477 2795 637 2850 verba
666 2792 886 2848 fecimus
912 2792 978 2847 de
1009 2785 1400 2842 Melchisedech
1435 2780 1532 2855 (τι),
1558 2789 1775 2852 propter
1821 2792 2006 2832 eorum
2039 2815 2055 2841 ,

474 2903 596 2956 qum
625 2885 761 2940 dicta
793 2889 936 2947 sunt,
970 2878 1354 2949 longitudinem
1392 2895 1405 2930 :
1438 2891 1538 2946 ego
1563 2884 1736 2926 autem
1763 2887 1860 2924 vos
1886 2868 2055 2922 admi-

477 2981 634 3033 rabar
686 2983 902 3047 propter
933 2981 1168 3026 vestram
1215 2969 1268 3022 in
1319 2964 1585 3021 audiendo
1623 2961 1972 3017 attentionem
2002 2966 2056 3012 et

476 3069 812 3140 sapientiam,
852 3073 905 3121 et
931 3063 1072 3136 quod
1096 3076 1216 3117 cum
1247 3059 1504 3130 prolixior
1524 3072 1581 3111 se
1622 3055 1905 3109 obtulisset
1928 3065 2053 3105 ora-

480 3164 574 3229 tio,
609 3175 706 3215 nos
733 3159 798 3214 ad
839 3157 998 3212 linem
1032 3167 1195 3223 usque
1221 3147 1535 3219 consequuti
1561 3148 1712 3208 estis,
1738 3155 2057 3215 quamquam

480 3270 590 3306 non
613 3251 786 3304 solum
815 3254 930 3303 erat
980 3245 1134 3313 longa
1161 3242 1331 3296 oratio
1349 3281 1364 3306 ,
1423 3237 1515 3293 sed
1546 3250 1789 3306 magnam
1817 3235 1976 3288 etiam
2005 3235 2057 3285 in

477 3361 536 3399 se
579 3341 804 3396 habebat
834 3335 1222 3393 difficultatem.
1265 3331 1370 3388 Sed
1412 3345 1582 3399 neque
1609 3325 1905 3397 longitudo,
1959 3339 2060 3380 nec

481 3437 556 3490 rei
597 3431 884 3489 difﬁcultas
931 3429 1057 3484 vicit
1085 3435 1316 3481 vestram
1357 3421 1518 3476 animi
1547 3420 1898 3475 alacritatem.
1947 3416 2060 3485 Age

478 3541 607 3596 ergo
656 3538 750 3581 vos
783 3535 881 3592 pro
924 3519 1015 3574 illo
1068 3517 1250 3573 labore
1299 3525 1724 3574 remunercmur,
1778 3505 2058 3562 dilucidius

480 3617 639 3672 hodie
655 3614 927 3670 vobiscum
957 3611 1343 3680 colloquentes.
1363 3607 1543 3674 Neque
1571 3603 1714 3657 enim
1740 3609 1823 3655 est
1846 3611 2059 3666 semper

479 3704 837 3763 intendendus
855 3702 1160 3758 auditorum
1189 3697 1396 3753 animus
1420 3711 1436 3759 ;
1465 3693 1620 3750 facile
1658 3690 1802 3745 enim
1829 3689 2060 3743 disrum-

480 3802 654 3868 pitur:
689 3810 788 3851 nec
816 3808 1002 3849 rursus
1030 3804 1248 3860 semper
1300 3783 1650 3842 remittendus
1691 3797 1756 3834 ac
1812 3779 2058 3834 relaxan-

477 3895 612 3957 dus;
639 3889 763 3944 hinc
787 3887 930 3943 enim
958 3899 1143 3939 rursus
1196 3880 1437 3936 redditur
1474 3877 1717 3930 otiosior.
1751 3873 1876 3928 Ideo
1901 3881 2056 3925 uten-

474 3987 603 4040 dum
640 3991 726 4038 est
771 3978 918 4036 vario
965 3975 1190 4032 docendi
1242 3986 1437 4042 genere
1485 3988 1498 4024 :
1548 3976 1603 4022 et
1646 3981 1786 4023 nunc
1830 3964 2051 4034 quidem

477 4074 825 4146 populariori,
851 4081 906 4127 et
929 4069 998 4124 ad
1027 4065 1393 4123 delectandam
1421 4061 1734 4117 concionem
1750 4071 2058 4112 accommo-

476 4167 671 4223 datiori
697 4165 940 4220 oratione
970 4158 1226 4214 utendum
1253 4165 1334 4210 est
1357 4196 1372 4218 ,
1397 4169 1536 4207 nunc
1563 4160 1740 4206 autem
1770 4148 2060 4214 acriori,et

477 4259 544 4312 ad
592 4252 1020 4312 contendendum
1048 4247 1265 4320 aptiori.
1295 4241 1752 4312 Quemadmodum
1779 4254 1906 4309 ergo
1935 4247 2059 4292 tunc

478 4348 756 4412 dicebam,
808 4343 948 4414 quod
977 4341 1102 4396 dum
1147 4338 1258 4406 lupi
1303 4351 1516 4407 gregem
1548 4331 1826 4394 invadunt,
1874 4330 2058 4382 relicta

482 4439 681 4500 ttstula,
713 4436 926 4490 fundam
957 4433 1009 4486 in
1042 4445 1256 4484 manum
1279 4435 1495 4481 sumunt
1517 4433 1756 4494 pastores
1781 4439 1795 4476 :
1825 4422 1894 4475 ita
1919 4433 2059 4473 nunc

479 4539 603 4592 dum
634 4533 764 4588 festa
794 4529 1097 4586 Judatorum
1134 4523 1527 4595 prteterierunt,
1559 4517 1648 4589 qui
1678 4525 1803 4572 sunt
1836 4515 2056 4585 quibus-

479 4629 561 4682 vis
601 4622 742 4694 lupis
803 4618 1168 4681 immaniores,
1201 4613 1384 4669 relicta
1420 4626 1603 4666 rursus
1646 4609 1829 4672 funda,
1868 4607 2058 4662 redea-

479 4735 598 4777 nuts
624 4715 693 4770 ad
719 4713 987 4769 fistulam:
1019 4718 1071 4765 et
1099 4724 1130 4763 a
1153 4705 1566 4763 contentiosiore
1593 4701 1806 4758 dicendi
1861 4713 2059 4770 genere

479 4817 775 4872 cessantes,
807 4806 980 4874 aliqua
1024 4801 1126 4855 aha
1151 4799 1417 4868 apertiora
1445 4796 1816 4866 aggrediamur
1836 4830 1850 4858 ,
1894 4790 2060 4860 ipsius

480 4902 648 4960 David
669 4900 929 4956 citharam
949 4897 1002 4951 in
1025 4909 1237 4950 manum
1254 4897 1550 4957 sumentes,
1577 4899 1633 4944 et
1651 4899 1964 4955 responsum
1985 4882 2058 4952 (ὁ)

539 5084 613 5148 (a)
647 5080 782 5148 Circa
799 5078 905 5128 haec
927 5075 1078 5127 verba
1100 5073 1213 5122 vide
1231 5071 1484 5148 Monitum;
1529 5125 1663 5148 MM:

650 5124 918 5208 ini‘éiaéEo',
1115 5175 1128 5194 ,
1153 5146 1306 5208 quam
1331 5142 1499 5204 vocent
1529 5125 1788 5208 Gentianus
1822 5124 2067 5208 l—lervet'us

629 5179 928 5264 δοῖ-[ξίῖῖἇῶ
945 5179 1438 5264 Ῐίῖἆέὶὶιέῗζὴῖξῐεὶωτ
1471 5192 1967 5264 ϋξῇοὑιῨ-ςξξξῖᾒέὶξιν
1986 5179 2065 5264 ξ

475 5216 605 5259 male
629 5216 795 5264 verut,
851 5216 928 5252 uae
949 5216 1118 5249 auatta
1139 5216 1267 5246 sinu.
1289 5216 1435 5254 tguut-
1471 5216 1656 5238 mum
1680 5216 1731 5232 ι..
1753 5216 1966 5242 “Vw...”
1990 5216 2037 5228 ν.

475 5272 681 5321 «vehatur
702 5216 926 5331 populus.
951 5274 1090 5331 eum,
1126 5257 1219 5330 vel.
1235 5241 2066 5331 Pisaeus:téiﬁfﬁfﬂﬂﬂbi‘izjf‘

695 5306 1392 5392 prvelim-nentibtis'suocinebat,
1420 5306 1499 5392 vel
1530 5306 1846 5392 recitantibus
1864 5315 2068 5392 r‘eslpon-

476 5365 1311 5449 Ii'eiiii'ftﬁﬁ'iéiﬁﬁha“ipsum
1337 5365 1443 5449 erat
1472 5371 1600 5449 quond
1629 5365 2023 5449 resutmdebatur
2045 5377 2062 5442 _:

476 5424 629 5505 gigni:
643 5424 1338 5512 lo'éﬁitéﬁiinﬁansiiaus
1353 5471 1368 5495 ,
1394 5424 1530 5512 haec:
1552 5424 1957 5512 Quemadmodum
1983 5424 2067 5474 de-

481 5499 850 5567 natalium;
871 5508 936 5558 ad
963 5509 1110 5562 fontes
1131 5510 1386 5564 aquarum,
1411 5503 1526 5550 etc.,
1554 5499 2068 5567 erantkgoqseuire:

470 5546 1144 5641 εῖξηίνέπῖιῖιι
1159 5546 1425 5641 Msa
1803 5546 2069 5641 signa?

468 5609 1143 5692 Eé‘iﬁgi'gﬁ
1161 5609 1406 5692 Missi,
1423 5621 1493 5692 sic
1515 5609 1665 5692 liabet
1689 5627 1703 5663 τ
1729 5609 2068 5692 optinenti-se;

472 5670 878 5761 iit;
892 5670 1187 5759 ὀῦἦῦἦᾶξᾶ
1197 5670 1441 5761 piratarum
1478 5680 1653 5748 legeret
1669 5723 1701 5761 IL

473 5738 850 5826 ῑτὲέῑῖοιῖάέῖξῑ
863 5738 1448 5826 eammeam:

808 5795 1136 5868 I'la‘i'celliutuu
1153 5795 1397 5861 comitem,
1420 5814 1464 5861 ιν.
1490 5803 1581 5854 998
1654 5803 1730 5849 Vis
1751 5797 1958 5862 psallere
1986 5795 2068 5857 by.

2239 1965 3730 1998 _______________._.__._..___...__——-——-

2175 2138 2228 2192 in
2284 2137 2516 2193 medium
2547 2139 2894 2203 adducentes,
2927 2139 3070 2209 quod
3115 2154 3304 2194 omnes
3330 2139 3488 2194 hodie
3515 2139 3752 2195 succini-

2167 2244 2305 2284 mus.
2337 2231 2616 2296 Quodnam
2649 2232 2808 2300 igitur
2832 2245 3144 2300 reSponsum
3173 2232 3196 2286 ‘I
3223 2231 3276 2285 2.
3313 2231 3748 2299 Quemadmodum

2165 2319 2416 2374 desiderat
2443 2336 2615 2376 ceruus
2639 2322 2708 2374 ad
2754 2321 2917 2392 fontes
2955 2338 3222 2392 aquarum,
3254 2323 3324 2376 ita
3353 2323 3604 2378 desiderat
3628 2324 3746 2377 ani-

2165 2427 2248 2464 ma
2275 2429 2385 2466 mea
2414 2413 2484 2466 ad
2506 2422 2572 2480 te,
2597 2413 2756 2469 Deus.

2236 2501 2449 2558 Musij
2473 2505 2545 2558 vis
2557 2521 2578 2570 ,°
2600 2503 2798 2558 Psalmi
2815 2522 2904 2558 cur
2928 2506 3136 2570 inventi;
3165 2505 3500 2561 Psallendum
3530 2522 3648 2560 cum
3667 2507 3747 2559 ἰη-

2165 2592 2459 2665 telligentia.
2492 2625 2557 2635 —
2586 2595 2698 2650 lmo
2734 2611 2860 2651 vero
2886 2598 3112 2665 primum
3137 2605 3219 2652 est
3272 2598 3631 2652 necessarium
3657 2597 3744 2650 di-

2164 2698 2307 2752 cere,
2337 2703 2565 2757 quanam
2589 2687 2656 2742 de
2677 2703 2836 2742 causa
2862 2688 3105 2743 Psalmus
3125 2689 3178 2742 in
3205 2697 3440 2744 nostram
3473 2689 3631 2741 vitam
3661 2697 3745 2742 est

2166 2779 2524 2842 introductus,
2557 2788 2610 2833 et
2631 2794 2750 2833 cum
2773 2779 2982 2833 cantico
3008 2781 3235 2834 maxime
3259 2779 3371 2833 haec
3398 2778 3593 2834 dicitur
3618 2793 3746 2848 pro—-

2166 2873 2364 2944 phctia.
2393 2872 2634 2940 Quanam
2665 2887 2794 2940 ergo
2838 2871 2905 2925 de
2929 2887 3088 2926 causa
3121 2871 3327 2925 dicatur
3355 2886 3475 2926 cum
3506 2871 3744 2936 cantico,

2164 2965 2308 3020 audi.
2332 2965 2465 3019 Cum
2499 2965 2636 3019 Deus
2668 2965 2887 3019 vidissu
2915 2964 3109 3019 multos
3135 2963 3381 3018 homines
3407 2979 3528 3018 esse
3557 2977 3745 3017 socor-

2165 3057 2365 3124 diorcs,
2396 3072 2494 3112 nec
2521 3057 2588 3111 ad
2619 3057 2840 3131 legenda
2871 3057 3165 3126 spiritualia
3196 3057 3442 3112 lubenter
3462 3056 3741 3121 accedere,

2166 3164 2266 3204 nec
2294 3149 2384 3219 qui
2415 3150 2466 3204 in
2503 3164 2568 3204 eo
2615 3149 2822 3218 capitur
2847 3149 3083 3203 laborem
3115 3150 3362 3215 tolerare,
3417 3148 3602 3202 volens
3628 3163 3744 3217 gra-

2166 3241 2355 3295 tiorem
2383 3241 2615 3295 laborem
2635 3240 2867 3304 efﬁcere,
2887 3240 3105 3310 ejusque
3122 3255 3335 3295 sensum
3361 3239 3738 3308 prmscindere,

2163 3332 2447 3387 admiscuit
2494 3331 2786 3402 prophetiae
2841 3330 3161 3395 melodiam,
3211 3339 3269 3384 ut
3305 3344 3492 3384 omnes
3550 3329 3742 3383 cantici

2164 3422 2528 3477 modulatione
2553 3421 2798 3476 delectati
2823 3461 2837 3486 ,
2867 3436 2988 3475 cum
3030 3435 3221 3490 magna
3265 3421 3425 3473 animi
3456 3420 3740 3474 alacritate

2163 3531 2346 3572 sacros
2365 3514 2663 3586 ei'hymnos
2689 3516 2955 3570 emittant.
2985 3513 3128 3569 Nihil
3154 3513 3294 3567 enim
3317 3514 3546 3567 animam
3587 3529 3742 3583 :eque

2163 3606 2342 3676 erigit,
2387 3608 2686 3676 alatamque
2715 3604 3108 3675 quodammodo
3148 3604 3328 3668 efficit,
3359 3613 3518 3673 atque
3537 3616 3568 3655 a
3598 3611 3739 3657 terra

2164 3699 2373 3760 liberat,
2407 3707 2461 3752 et
2484 3697 2715 3752 exsolvit
2741 3711 2772 3751 a
2800 3696 3031 3752 vinculis
3053 3694 3310 3765 corporis,
3343 3708 3633 3762 amoreque
3653 3706 3742 3747 sa-

2164 3791 2378 3860 pientiae
2401 3790 2586 3856 afficit,
2614 3799 2669 3844 et
2706 3798 2766 3844 ut
2800 3803 2888 3844 res
2929 3803 3118 3843 omnes
3142 3787 3209 3842 ad
3245 3786 3384 3840 hanc
3412 3785 3574 3839 vitam
3613 3799 3742 3852 per-

2167 3883 2398 3936 tinentes
2427 3881 2666 3945 irrideat,
2700 3879 2928 3950 perlicit,
2957 3889 3010 3932 ut
3034 3890 3221 3934 cantus
3252 3876 3655 3941 modulationis,
3687 3884 3743 3929 et

2163 3975 2396 4029 divinum
2424 3973 2689 4027 canticum
2730 3985 2954 4025 numero
2975 3970 3349 4040 compositum.
3383 3967 3570 4022 Nostra
3594 3974 3740 4020 certa

2164 4075 2349 4119 natura
2371 4079 2540 4133 usque
2569 4064 2703 4117 adeo
2728 4063 3020 4116 delectatur
3057 4061 3276 4115 canticis
3295 4068 3349 4112 et
3373 4057 3698 4113 carminibus
3723 4096 3741 4117 .

2163 4168 2224 4211 ut
2251 4157 2333 4211 vel
2357 4156 2585 4211 infantes
2609 4155 2679 4210 ab
2705 4154 2957 4208 uberibus
2988 4153 3301 4222 pendentes,
3330 4152 3373 4204 si
3402 4150 3564 4204 ﬂeant
3587 4157 3641 4203 et
3665 4147 3745 4200 af-

2162 4249 2449 4310 ﬂictentur,
2476 4261 2538 4301 ea
2564 4247 2772 4300 ratione
2823 4245 3120 4313 sopiantur.
3166 4243 3414 4297 Nutrices
3441 4250 3586 4297 certe
3623 4256 3747 4310 qua:

2163 4357 2257 4396 eos
2292 4349 2503 4411 gestant
2529 4340 2584 4392 in
2619 4339 2782 4404 ulnis,
2809 4353 2951 4406 saepe
2969 4338 3230 4391 abeuntes
3255 4345 3308 4390 et
3336 4336 3645 4398 redeuntes,
3690 4343 3747 4388 et

2164 4433 2405 4502 quaedam
2430 4431 2652 4501 puerilia
2679 4431 2759 4486 eis
2783 4430 3020 4484 carmina
3065 4427 3433 4488 decantantes,
3463 4423 3747 4493 supercilia

2163 4540 2350 4580 eorum
2401 4524 2471 4578 ita
2502 4524 2735 4591 sopiunt.
2767 4522 3025 4588 Quocirca
3072 4534 3214 4590 saepe
3249 4533 3460 4588 quoque
3513 4518 3744 4572 viatores

2165 4618 2389 4674 meridie
2436 4626 2656 4686 agentes
2677 4615 2872 4684 jugalia
2902 4613 3153 4668 animalia
3184 4613 3287 4666 hoc
3316 4611 3515 4666 faciunt
3540 4624 3744 4663 canen-

2164 4719 2268 4775 tes,
2299 4709 2510 4764 itineris
2529 4707 2826 4761 molestiam
2858 4706 2963 4759 illis
2990 4704 3210 4758 canticis
3240 4702 3602 4756 consolantes.
3632 4698 3745 4752 Nec

2165 4803 2334 4856 solum
2361 4802 2612 4865 viatores,
2643 4799 2737 4853 sed
2771 4798 2931 4852 etiam
2979 4795 3224 4866 agricola:
3251 4809 3380 4848 uvas
3407 4793 3457 4845 in
3491 4790 3740 4845 torculari

2166 4895 2454 4958 ca'cautes,
2477 4890 2888 4952 vindemiantes,
2935 4896 2990 4942 et
3029 4887 3164 4941 vites
3203 4884 3466 4950 colentes,
3493 4890 3547 4936 et
3571 4879 3742 4949 quod-

2166 4999 2393 5054 cumque
2442 4983 2582 5037 aliud
2610 4997 2742 5051 opus
2789 4979 3062 5042 facientes,
3095 4987 3238 5045 saape
3263 4983 3498 5030 cantant.
3550 4971 3735 5026 Nauke

2167 5093 2378 5150 quoque
2433 5088 2611 5130 remos
2644 5073 2977 5142 impellentes
3019 5069 3118 5122 hoc
3177 5066 3396 5120 faciunt.
3452 5063 3570 5118 Jam
3622 5077 3748 5115 vero

2168 5169 2420 5227 mulieres
2443 5181 2654 5237 quoque
2685 5173 2949 5230 texentes,
2975 5169 3031 5217 et
3071 5159 3289 5215 confusa
3329 5158 3556 5213 stamina
3588 5155 3738 5211 radio

2169 5349 2632 5418 pacoenuhaoentem
2667 5344 2865 5418 alleluia
2887 5357 2916 5418 ς.
2934 5345 3001 5394 ibi
3018 5338 3583 5418 veroipsalmosjntlieat
3600 5334 3751 5418 “illi”,

2170 5398 2546 5474 563,106,110,
2561 5398 2628 5459 iet
2640 5407 2837 5474 similes
2857 5405 2991 5456 aiios.
3018 5398 3248 5474 Enemplo
3264 5409 3427 5472 autem
3451 5398 3755 5474 patebitquo

2170 5460 2412 5542 patilo—hie,
2432 5460 2776 5542 responsiones
2802 5469 3004 5542 fierent:
3035 5460 3266 5542 Diaconos
3290 5463 3395 5510 sive
3419 5460 3654 5542 quinslsiam

2170 5519 2414 5600 ἕῆἧῐυέῧ
2433 5519 2844 5600 Quemadmodum
2867 5527 3110 5600 desiderat
3145 5537 3312 5600 cervus
3327 5557 3343 5584 ,
3489 5519 3756 5600 nepeteliat

2169 5580 2933 5664 prlium—“populus:hunclversum,
2952 5580 3384 5664 Quemadmodum,
3399 5591 3494 5632 etc.
3515 5580 3758 5664 Plergelet

2172 5643 2616 5712 Biiéiinﬁé‘ﬁtiim
2639 5643 2805 5706 anima
2825 5643 3074 5713 mea-,‘etc.
3102 5643 3618 5713 Besumebaupopulus
3642 5651 3755 5713 ver-

2172 5704 2768 5784 Ed'rﬁfiigiemh'dﬁtbaggd,
2797 5724 2922 5784 e_tc.,
2938 5704 3088 5784 'etnsic
3111 5722 3267 5780 usque
3293 5708 3356 5784 ad
3378 5704 3524 5755 tinem
3568 5704 3754 5754 Psalnu.

2167 5770 2511 5844 Sic—intelligas
2535 5779 2597 5828 de
2618 5773 2728 5826 aliis
2753 5770 3019 5831 huiusmodi
3044 5770 3454 5836 responsionibus.
