4084 6278
358 349 458 405 155
1462 347 1831 406 EXI’OSITIO
1868 348 1936 405 IN
1978 349 2303 408 PSALMUM
2342 349 2477 405 XLI.
3509 352 3611 407 156

355 470 417 519 ut
444 462 561 531 ipse
589 474 753 532 supra
776 461 1013 531 indicat;
1045 460 1384 533 alteriusque
1421 464 1798 533 responsionis
1830 479 1940 533 spei

2043 480 2105 519 en
2137 464 2315 529 affert,
2344 478 2558 534 nempe,
2585 463 2875 534 Μακάριος
2910 464 3051 536 ἀνὴρ
3079 465 3109 518 ὁ
3145 462 3481 537 φοϐούμενος
3518 468 3615 522 τὸν

358 555 579 628 Κύριον,
605 554 805 609 Beatus
832 556 912 609 uir
935 554 1026 623 qui
1054 552 1205 609 timet
1223 554 1551 619 Dominum;
1581 557 1745 610 aliam
1778 555 1907 610 item
1935 574 1940 601 τ

2043 558 2185 628 ,κοήν
2215 557 2381 611 refert
2419 571 2583 628 supra
2617 557 2970 622 Athanasius,
2997 571 3214 627 nempe,
3242 557 3362 611 Ὀτι
3398 559 3479 621 είς
3520 559 3617 611 τὸν

359 648 528 703 αἰῶνα
548 647 610 701 τὸ
641 646 792 712 ἔλεος
822 646 1012 714 αὐτοῦ,
1044 648 1307 714 Quoniam
1338 650 1394 703 in
1421 650 1677 704 swculum
1709 649 1940 704 miserisa

2043 669 2072 704 a
2121 652 2258 721 ejus.
2310 651 2437 709 Haec
2480 652 2644 724 igitur
2687 652 3049 721 respondebat
3090 652 3344 722 populus,
3384 651 3618 706 diacono

358 755 448 800 aut
481 745 764 801 sacerdote
793 745 1218 816 praecinentibus
1247 753 1342 800 aut
1363 746 1705 816 legentibus;
1736 745 2029 817 multaeque
2065 760 2217 807 erant
2249 748 2561 820 huiusmodi
2593 747 2832 802 ὑπακοαί
2877 763 2973 803 seu
3008 748 3395 817 responsiones,
3440 743 3619 813 inquit

357 841 801 911 Chrysostomus.

422 936 542 992 Jan:
575 937 841 1007 quaeritur
872 938 1096 1008 quinam
1132 937 1494 1008 respondendi
1519 940 1716 995 modus
1738 949 1904 1004 esset,
1931 953 1996 993 ac
2016 939 2368 1009 quandonam
2402 940 2636 1010 populus
2664 942 3041 1012 responderet.
3066 940 3226 1000 Certe
3248 939 3371 995 illas
3402 955 3621 1010 respon-

356 1034 539 1087 siones
571 1047 679 1087 non
708 1034 898 1097 semel,
927 1041 1022 1089 aut
1050 1033 1152 1097 bis,
1179 1043 1274 1087 aut
1297 1043 1400 1098 ter,
1420 1033 1514 1088 sed
1544 1048 1687 1103 saepe
1707 1035 1938 1089 emissas
1962 1048 1993 1088 a
2019 1033 2221 1104 p0pulo
2261 1032 2432 1088 fuisse
2461 1035 2665 1089 diserte
2705 1036 2783 1089 ait
2821 1035 3245 1105 Chrysostomus
3270 1051 3285 1099 ;
3319 1033 3463 1087 unde
3498 1032 3615 1102 pla-

356 1140 488 1178 num
520 1123 683 1179 fuerit
716 1125 973 1194 populum
1001 1125 1307 1180 alternatim
1338 1141 1463 1180 cum
1494 1125 1725 1181 diacono
1769 1126 1854 1180 vel
1911 1127 2195 1182 sacerdote
2235 1126 2478 1184 locutum
2519 1128 2728 1183 luisse:
2762 1127 3112 1198 quandonam
3161 1134 3344 1180 autem
3379 1126 3611 1194 populus

355 1219 652 1273 :-lternaret
676 1232 859 1284 voces,
887 1212 1237 1273 subindicare
1268 1218 1481 1275 videtur
1524 1233 1688 1288 supra
1719 1218 2054 1275 Athanasius
2094 1234 2218 1276 cum
2266 1223 2382 1277 ait:
2425 1220 2489 1275 In
2532 1221 2719 1274 throno
2774 1221 2958 1275 sedens
3010 1219 3234 1286 praecepi
3273 1218 3521 1283 diacono,
3556 1226 3616 1270 ut

357 1308 631 1363 i’salmum
660 1309 867 1379 legeret,
897 1309 1191 1380 populoque
1219 1318 1277 1362 ut
1306 1310 1661 1380 responderet,
1698 1310 1963 1376 Quoniam
1993 1313 2048 1366 in
2078 1321 2332 1366 internum
2375 1311 2744 1366 misericordia
2777 1311 2912 1379 ejus.
2952 1308 3057 1364 Ubi
3093 1307 3370 1363 Psalmum
3407 1308 3622 1360 videtur

356 1407 645 1478 designare
677 1406 943 1474 CXXXV,
974 1409 1030 1463 in
1061 1422 1171 1479 quo
1197 1407 1397 1478 singuli
1436 1424 1628 1464 versus
1655 1409 1915 1464 desinunt
1950 1410 2004 1464 in
2035 1408 2296 1473 Quoniam
2323 1411 2380 1464 in
2415 1419 2666 1464 aternum
2709 1408 3074 1462 misericordia
3098 1406 3213 1475 ejus
3241 1421 3259 1458 :
3306 1417 3619 1474 quanquam

358 1514 464 1551 non
487 1498 665 1553 ausim
700 1500 883 1555 dicere
918 1500 1061 1555 hanc
1098 1500 1349 1570 ὑπακοήν
1382 1499 1512 1556 huic
1544 1500 1645 1556 soli
1692 1499 1913 1556 Psalmo
1956 1502 2250 1569 addic'am,
2291 1517 2393 1558 nec
2434 1502 2592 1557 alteri
2638 1515 2900 1572 umquam
2930 1508 3171 1571 aptatam
3202 1496 3371 1553 fuisse
3416 1497 3473 1552 in
3516 1494 3622 1549 illis

354 1592 727 1650 Orientalibus
759 1594 1040 1650 Ecclesiis.

424 1686 506 1740 Ex
531 1687 635 1742 hoc
659 1686 948 1742 Athanasii
978 1687 1100 1742 loco
1129 1684 1538 1758 deprehendere
1569 1684 1717 1750 licet,
1751 1684 1805 1739 ni
1835 1684 2015 1750 fallor,
2051 1700 2163 1756 quo
2189 1695 2372 1755 pacto,
2396 1700 2617 1756 quoque
2662 1694 2908 1757 tempore
2954 1683 3313 1755 responderet
3361 1679 3618 1751 populus,

353 1782 713 1851 eamdemque
750 1782 958 1851 pluries
998 1782 1406 1853 responsionem
1439 1789 1727 1853 repeteret.
1767 1780 1837 1837 Ut
1867 1792 2050 1837 autem
2096 1798 2188 1838 res
2226 1783 2477 1851 exemplo
2514 1782 2801 1846 doceatur,
2846 1783 3021 1853 ipsam
3065 1782 3347 1851 ὑπακοήν,
3380 1779 3497 1836 sive
3536 1798 3622 1835 re-

353 1879 711 1948 sponsionem,
743 1894 772 1933 a
797 1878 1188 1950 Chrysostomo
1217 1886 1577 1933 memoratam
1610 1877 1919 1948 saepiusque
1952 1879 2169 1933 allatam
2213 1877 2269 1931 in
2308 1878 2546 1932 medium
2582 1877 2939 1933 adducemus.
2992 1875 3266 1930 Diaconus
3316 1873 3431 1929 sive
3467 1875 3624 1942 quis-

354 1975 500 2041 piam
532 1974 671 2030 alius
700 1974 994 2044 incipiebat
1024 1994 1037 2030 :
1068 1975 1166 2028 'Ov
1191 1976 1395 2047 τρόπον
1425 1975 1680 2030 ἔπιποθεί
1702 1976 1736 2046 ή
1764 1973 1940 2042 ἔλαφοι

2043 1976 2082 2028 ιὶ
2120 1975 2222 2037 τὰς
2262 1973 2445 2045 πηγάς
2484 1973 2592 2028 τῶν
2636 1973 2876 2039 ὑδάτων,
2909 1971 3082 2035 οὕτως
3118 1970 3372 2024 ἐπιποθεῖ
3402 1971 3436 2042 ἡ
3473 1970 3619 2044 ψυχή

356 2085 463 2141 μου
495 2067 630 2139 πρὸς
665 2066 746 2133 σὲ,
778 2068 807 2119 ό
837 2066 972 2132 Θεός
999 2083 1013 2119 :
1055 2066 1515 2134 Quemadmodum
1542 2066 1807 2121 desiderat
1833 2083 2012 2121 cervus
2039 2068 2107 2122 ad
2140 2068 2308 2136 fontes
2339 2083 2619 2137 aquarum,
2650 2068 2728 2119 ita
2759 2067 3024 2119 desiderat
3074 2064 3256 2117 anima
3298 2078 3412 2116 mea
3443 2063 3514 2114 ad
3548 2072 3620 2127 te,

359 2164 521 2217 Deus.
558 2161 855 2233 Repetebat
876 2164 1056 2234 primo
1087 2164 1317 2233 populus
1341 2163 1488 2217 hunc
1515 2176 1757 2227 versum,
1790 2163 1889 2215 'Ov
1913 2179 1940 2215 τ

2043 2179 2136 2226 ιον,
2168 2171 2273 2216 etc.
2305 2161 2570 2231 Pergebat
2614 2160 2918 2215 diaconus:
2955 2157 3245 2229 Ἐδίψησεν
3282 2154 3485 2226 ὴψυχή
3519 2170 3623 2224 μου

358 2260 496 2328 πρὸς
518 2259 608 2313 τὸν
634 2259 769 2313 Θεὸν
797 2260 888 2315 τὸν
918 2258 1117 2323 ζῶντα·
1154 2260 1285 2313 πότε
1315 2259 1420 2326 ἔξω
1449 2259 1542 2313 καὶ
1568 2257 1878 2330 ὀφθήσομαι
1917 2276 1940 2312 τ

2043 2258 2316 2329 προσώπῳ
2361 2258 2457 2311 τοῦ
2511 2257 2689 2311 Θεοῦε
2734 2256 2913 2312 Sitivit
2962 2257 3143 2310 anima
3194 2269 3313 2308 mea
3357 2252 3429 2306 ad-
3453 2251 3622 2305 Deum

357 2356 553 2420 vivum,
576 2364 682 2411 etc.
713 2354 1045 2412 Besumebat
1076 2356 1309 2427 populus
1340 2371 1583 2421 versum,
1622 2357 1719 2411 Ὃν
1743 2357 1940 2427 τρόπον

2047 2356 2241 2422 ιποοεῖ,
2270 2365 2325 2411 et
2355 2356 2437 2411 sic
2483 2370 2659 2425 usque
2691 2355 2758 2409 ad
2802 2356 2965 2409 tlnem
3007 2352 3245 2415 Psalmi;
3292 2351 3365 2405 ita
3414 2360 3476 2406 ut
3511 2364 3624 2404 non

360 2452 554 2515 semel,
582 2459 679 2506 aut
704 2453 810 2515 bis,
834 2458 932 2507 aut
961 2461 1062 2516 ter,
1087 2452 1204 2518 sed,
1239 2461 1298 2507 ut
1328 2452 1406 2506 ait
1443 2468 1609 2521 supra
1643 2452 2103 2523 Chrysostomus,
2146 2452 2350 2523 pluries
2387 2452 2502 2505 haec
2543 2451 2761 2521 ὑπακοή
2818 2464 2913 2504 seu
2965 2447 3233 2516 responsio
3264 2445 3622 2516 proferretur.

364 2545 427 2598 Et
455 2543 541 2597 sic
570 2541 840 2613 intelligas
876 2542 945 2598 de
974 2542 1098 2597 aliis
1126 2542 1441 2610 huiusmodi
1469 2543 1956 2612 responsionibus;
2002 2543 2152 2597 verbi
2198 2558 2385 2609 causa,
2440 2540 2635 2596 Beatus
2678 2542 2759 2596 vir
2799 2541 2890 2610 qui
2929 2540 3074 2594 timet
3125 2538 3415 2593 Dominum
3441 2552 3460 2589 :
3501 2551 3626 2606 quae

361 2644 485 2706 post
509 2636 977 2706 singulos-versus
1003 2650 1033 2689 a
1064 2634 1274 2704 populo
1295 2634 1662 2704 repetebatur.
1707 2634 1880 2705 Igitur
1910 2633 2212 2689 ὑπακούειν
2255 2642 2341 2689 est
2381 2633 2711 2701 respondere,
2756 2631 2852 2685 illo
2889 2646 3086 2700 nempe
3137 2628 3345 2691 modo:
3384 2626 3622 2696 ὑπακοή,

360 2726 634 2794 responsio
651 2744 669 2789 ;
692 2723 1023 2794 ύποψάλλειν
1046 2733 1228 2779 autem
1263 2734 1348 2779 est
1369 2724 1657 2788 succinere,
1686 2725 1909 2795 quando

2043 2727 2194 2780 .lmus
2225 2724 2342 2796 μετ’
2371 2723 2535 2795 ᾠδῆς,
2563 2739 2683 2777 eum
2708 2732 2867 2776 cantu
2888 2762 2903 2787 ,
2953 2731 3013 2775 ut
3050 2721 3129 2775 ait
3172 2718 3624 2790 Chrysostomus,

362 2820 659 2888 profertur.
692 2818 1020 2873 Ἐπακούειν
1053 2820 1218 2874 etiam
1240 2818 1492 2874 eumdem
1522 2798 1818 2887 aliquando
1845 2818 2211 2889 signiﬁcatum
2239 2817 2443 2873 habere
2470 2815 2830 2888 probavimus
2863 2815 2918 2868 in
2941 2811 3298 2868 Onomastico
3322 2810 3389 2866 ad
3418 2811 3623 2882 calcem

360 2918 603 2983 Operum
635 2913 938 2969 Athanasii.

3476 3020 3605 3037 -ῳ

749 3134 860 3190 ΕΙΣ
900 3132 1036 3189 ΤΟΝ
1069 3135 1188 3190 MA'
1223 3131 1546 3189 ‘I’AAMON.

365 3245 388 3280 ι
417 3230 534 3284 '01-
562 3227 790 3298 τρόπον
822 3224 1096 3298 ἐπιπορεῖ
1130 3227 1170 3298 ’ἡ
1201 3225 1427 3298 ἔλαφος
1470 3222 1568 3298 ἐπὶ
1597 3221 1705 3298 τὰς
1739 3221 1936 3298 πηγάς

430 3302 553 3355 τῶν
584 3290 839 3352 ὖδάτων.
875 3313 895 3347 ι
926 3295 1038 3348 Καὶ
1090 3290 1256 3360 τίν-ος
1300 3290 1475 3361 χάριν
1504 3296 1538 3346 ό
1569 3290 1813 3361 ψαλμὸς
1832 3295 1934 3361 -είς

430 3371 543 3424 τὸν
566 3369 714 3432 βίον
749 3364 1112 3433 stoer-exacte
1135 3359 1262 3432 μετ’
1288 3359 1450 3429 ᾠδῆς
1477 3359 1796 3431 dediderat.
1820 3359 1935 3413 Καὶ

430 3440 568 3509 περὶ
597 3436 710 3507 τῆς
738 3434 846 3489 τοῦ
884 3432 1033 3489 Θεοῦ
1058 3432 1484 3503 μακροθυμίας.

432 3543 505 3590 α’.
547 3535 736 3603 Ὑμεῖς
772 3532 872 3602 μὲν
904 3532 1054 3601 ἡμᾶς
1089 3528 1431 3599 ἐθαυμάζετε
1469 3526 1690 3598 πρώην,
1717 3525 1807 3578 ὅτε
1842 3523 1937 3577 τὸν

362 3622 493 3693 περὶ
510 3618 610 3673 τοῦ
635 3614 972 3686 Μελχισεδὲκ
989 3615 1324 3683 ὲκινήσαμεν
1348 3612 1528 3679 λόγον,
1555 3611 1654 3663 ἐπὶ
1671 3608 1745 3678 τῷ
1773 3610 1934 3693 μήκει

361 3690 471 3758 τῶν
500 3700 831 3772 εἰρημένων·
865 3695 980 3766 ἐγὼ
1013 3696 1073 3749 δὲ
1108 3696 1255 3766 ὑμᾶς
1284 3693 1594 3764 ἐθαύμαζον
1622 3693 1715 3744 ἐπὶ
1742 3694 1810 3762 τῇ
1838 3690 1937 3760 τῆς

367 3783 685 3857 ἀκροάσεως
711 3779 989 3852 προθυμίᾳ
1025 3794 1086 3831 τε
1115 3778 1209 3831 καὶ
1243 3773 1478 3843 συνέσει,
1509 3774 1604 3828 καὶ
1629 3775 1709 3827 ὅτι
1738 3789 1941 3843 μακρο-

363 3871 530 3940 τέρου
558 3865 652 3920 τοῦ
690 3864 851 3932 λόγου
878 3861 1258 3934 προελθόντος,
1282 3861 1443 3931 μέχρι
1471 3858 1658 3940 τέλους
1687 3872 1936 3940 παρηκο-

364 3937 672 4023 λουθήσατε
717 3950 883 4018 ἡμῖν’
928 3947 1104 4004 καίτοι
1133 3961 1198 4013 γε
1253 3945 1313 4023 οὐ
1365 3941 1575 4013 μακρὸς
1617 3937 1939 4023 ἦν-όῌλόγος

370 4018 555 4107 μόνον,
591 4032 729 4086 ἀλλά
756 4032 851 4085 καὶ
887 4029 1206 4099 δυσχέρειαν
1242 4022 1355 4096 εἶχε
1390 4019 1783 4107 πολλήνηἌλλ
1815 4018 1939 4072 οὔτε

364 4101 427 4169 τὸ
454 4119 650 4189 μῆκος,
671 4112 792 4167 οὔτε
820 4114 854 4183 ἡ
880 4110 1134 4164 δυσκολία
1153 4107 1253 4178 τὴν
1286 4106 1558 4177 ὑμετέραν
1587 4101 1781 4189 ἡλεγξε
1810 4118 1942 4189 προς

367 4183 589 4271 θυμίαν.
606 4198 743 4270 Φέρε
764 4190 856 4250 οὖν
887 4195 1015 4268 ὑμῖν
1040 4192 1275 4263 ἀμοιϐὴν
1299 4189 1585 4258 ἀποδῶμεν
1617 4186 1825 4271 ἐκείνου
1846 4183 1940 4237 τοῦ

367 4267 557 4346 πόνου,
593 4267 933 4348 σαφεστέραν
961 4275 1099 4346 πρὸς
1134 4274 1278 4344 ὑμᾶς
1313 4272 1552 4343 τήμερον
1586 4267 1941 4337 ποιησάμενοι

364 4365 465 4438 τὴν
488 4363 744 4427 διάλεξιν.
761 4360 895 4414 Οὐδὲ
920 4358 1027 4428 γὰρ
1056 4356 1346 4410 ἐπιτείνειν
1369 4356 1457 4408 ἀεὶ
1475 4354 1556 4407 δεῖ
1578 4353 1687 4438 τὴν
1703 4352 1940 4438 διάνοιαν

366 4434 474 4505 τῶν
497 4443 784 4520 ἀκροατῶν
802 4442 1215 4514 (διαῤῥήγνυται
1230 4441 1339 4509 γὰρ
1362 4438 1614 4511 ταχέως),
1632 4434 1755 4520 οὔτε
1772 4435 1943 4520 χαλᾷν

369 4533 454 4585 ἀεὶ
486 4515 589 4584 καί
616 4528 859 4582 ἀνιέναι’
899 4525 996 4578 καὶ
1034 4524 1143 4599 γάρ
1179 4520 1430 4575 ἐντεῦθεν
1474 4518 1752 4594 ἀργοτέρα
1790 4515 1941 4588 [151]

369 4614 582 4683 γίνεται
610 4609 791 4665 πάλιν.
814 4607 905 4660 Διδ
931 4605 1226 4660 ποικίλλειν
1251 4603 1357 4675 χρὴ
1378 4602 1438 4656 τὸ
1464 4602 1564 4673 τῆς
1593 4599 1943 4662 διδασκαλίας

368 4682 531 4760 εἶδος,
557 4693 651 4747 καὶ
673 4691 769 4745 νῦν
805 4691 902 4761 μὲν
924 4686 1482 4758 πανηγυρικωτέρων,
1521 4682 1617 4736 νῦν
1650 4683 1707 4736 δὲ
1738 4683 1942 4750 ἀγωνιο

370 4778 715 4849 στικωτέρων
741 4771 1008 4830 ἅπτεσθαι
1030 4770 1227 4839 λόγων.
1248 4770 1458 4838 ’Ὥσπερ
1479 4761 1571 4819 οὖν
1593 4766 1711 4849 τότε
1736 4764 1941 4849 ἔλεγον,

367 4864 448 4917 ὅτι
474 4865 525 4917 οἱ
545 4847 827 4930 ποιμένες,
854 4852 962 4913 τῶν
997 4855 1177 4908 λύκων
1201 4852 1463 4911 ἐπιόντων
1492 4852 1560 4921 τῇ
1596 4847 1821 4919 ποίμνῃ,
1844 4848 1944 4917 τὴν

305 4971 339 5016 ι
370 4946 608 5017 σύριγγα
651 4943 884 5011 ἀφέντες
906 4977 923 5004 ,
954 4939 1052 5008 τὴν
1102 4935 1400 5017 σφενδόνην
1435 4930 1940 5017 μεταχειρίζονται·

320 5012 336 5040 ἶ
367 5012 520 5081 οὕτω.
544 5012 644 5080 νῦν
687 5025 751 5095 δὴ
783 5018 1169 5099 παρελθουσῶν
1200 5016 1311 5070 τῶν
1350 5013 1552 5085 ἑορτῶν
1582 5012 1697 5099 τῶν
1723 5013 1943 5066 Ἰουδαῖ-

369 5112 504 5176 κῶν,
533 5109 583 5163 ο¹ί
611 5094 792 5161 λύκων
820 5094 1075 5158 ἁπάντων
1096 5099 1204 5153 εἰσὶ
1226 5098 1618 5175 χαλεπώτεροι,
1648 5094 1746 5165 τὴν
1786 5112 1946 5163 σφεν-

367 5197 525 5266 δόνην
557 5192 718 5247 πάλιν
762 5189 990 5257 ἀφέντες
1013 5224 1028 5249 ,
1062 5185 1155 5238 ἐπὶ
1194 5184 1295 5266 τὴν
1333 5181 1570 5266 σύριγγα
1599 5178 1941 5266 ὲπανᾳίωμενο

369 5260 636 5338 καὶ-τοὺς
675 5269 1213 5343 ἀγωνιστικωτέρους
1258 5262 1675 5325 ἀναπαύσαντες
1731 5260 1941 5343 λόγους,

369 5358 574 5428 ἐτέρων
605 5341 769 5410 τινῶν
816 5350 1169 5422 σαφεστέρων
1215 5345 1526 5428 ἁψώμεθα,
1560 5344 1661 5428 τὴν
1710 5341 1944 5428 κιθάραν

366 5422 540 5510 αὐτὴν
569 5437 663 5492 τοῦ
697 5435 859 5490 Δαυῒδ
889 5428 1428 5510 μεταχειριζόμενοι,
1448 5427 1543 5510 καὶ
1574 5425 1672 5495 τὴν
1700 5422 1945 5510 ὑπακοὴν

368 5527 451 5587 είς
480 5507 646 5592 μέσον
673 5522 920 5589 ἄγοντες,
945 5520 1011 5588 ἢν
1027 5516 1267 5573 ἅπαντες
1298 5508 1654 5592 ὑπεψάλαμεν
1683 5507 1940 5592 τήμερον,

370 5587 493 5668 Τίς*
520 5600 612 5659 οὖν
651 5587 796 5656 ἐστιν
833 5602 868 5670 ἡ
913 5596 1156 5667 ύπακοή;
1208 5596 1311 5647 Ὃν
1341 5592 1564 5659 τρόπον
1609 5587 1879 5642 ἐπιποθεῖ
1903 5589 1942 5657 ἡ

375 5689 601 5755 ἔλαφος
630 5685 729 5739 ἐπὶ
759 5683 865 5748 τὰς
914 5678 1111 5749 πηγὰς
1150 5674 1268 5730 τῶν
1294 5672 1548 5740 ὑδάτων,
1587 5672 1774 5740 οὕτως
1812 5671 1941 5727 ἐπι-

376 5770 551 5825 ποθεῖ
569 5773 607 5830 1i
638 5769 805 5831 ψυχή
830 5784 945 5830 μου
978 5780 1041 5832 π]
1059 5764 1125 5829 εις
1146 5762 1239 5827 σὲ,
1259 5764 1289 5814 c'
1317 5760 1478 5823 Θεός.

2106 3130 2326 3185 Μᾶλλον
2353 3131 2411 3184 δὲ
2445 3132 2746 3199 ἀναγκαῖον
2782 3130 2957 3183 εἰπεῖν
2986 3129 3219 3201 πρῶτον,
3246 3129 3390 3193 τίνος
3421 3130 3607 3184 ἕνεκεν

2033 3213 2062 3266 ό
2081 3212 2295 3283 ψαλμδς
2314 3216 2395 3279 είς
2418 3213 2511 3266 τὸν
2539 3212 2653 3282 βίον
2682 3213 3054 3282 εἰσενήνεκται
3075 3212 3167 3266 τὸν
3191 3212 3480 3285 ἡμέτερον,
3511 3213 3608 3264 καὶ

2039 3298 2155 3366 μετ’
2176 3296 2318 3367 ᾠδῆς
2352 3297 2585 3367 μάλιστα
2618 3294 2758 3366 αὕτη
2786 3297 2819 3366 ἡ
2849 3295 3157 3366 προφητεία
3184 3295 3420 3365 λέγεται.
3452 3296 3607 3359 Τίνος

2034 3375 2127 3434 οὖν
2148 3379 2334 3432 ἕνεκεν
2366 3379 2582 3447 λέγεται
2621 3377 2738 3449 μετ’
2769 3378 2934 3449 ᾠδῆς,
2960 3379 3211 3433 ἄκουσον·
3244 3377 3479 3442 Πολλοὺς
3497 3378 3607 3432 τῶν

2036 3460 2340 3531 ἀνθρώπων
2374 3460 2607 3514 κατιδὼν
2630 3462 2661 3512 ὀ
2690 3460 2822 3523 Θεὸς
2854 3460 3253 3535 ρᾳθυμοτέρους
3293 3461 3471 3523 ὄντας,
3511 3463 3608 3515 καὶ

2038 3543 2174 3613 πρὸς
2223 3542 2324 3613 τὴν
2375 3542 2483 3596 τῶν
2535 3541 2922 3610 πνευματικῶν
2968 3542 3276 3611 ἀνάγνωσιν
3333 3543 3608 3615 δυσχερῶς

2037 3624 2282 3694 εχοντας,
2315 3626 2410 3677 καὶ
2441 3623 2533 3678 τὸν
2557 3623 2768 3677 ἐκεῖθεν
2794 3625 2891 3694 οὐχ
2926 3624 3093 3694 ἡδέως
3120 3625 3487 3697 ὑπομένοντας
3513 3625 3610 3679 κά-

2041 3723 2231 3777 ματον,
2275 3706 2648 3776 ποθεινότερον
2680 3706 2909 3774 ποιῆσαι
2939 3705 3032 3757 τὸν
3062 3707 3224 3760 πόνον
3265 3707 3605 3777 βουλόμενος,

2038 3790 2134 3842 καὶ
2153 3788 2247 3842 τοῦ
2270 3789 2518 3859 καμάτου
2538 3788 2638 3859 τὴν
2659 3787 2911 3856 αἴσθησιν
2936 3786 3324 3856 ὑποτεμέσθαι.
3346 3788 3608 3859 μελῳδίαν

2038 3870 2263 3942 ἀνέμιξε
2293 3872 2361 3940 τῇ
2405 3871 2737 3940 προφητείᾳ,
2793 3870 2880 3922 ἵνα
2925 3869 3002 3938 τῷ
3036 3869 3227 3940 ῥυθμῷ
3269 3869 3365 3923 τοῦ
3414 3870 3609 3939 μέλους

2038 3951 2526 4022 ψυχαγωγούμενοι
2556 3952 2774 4015 πάντες,
2803 3950 2941 4021 μετὰ
2962 3950 3159 4020 πολλῆς
3184 3952 3282 4019 τῆς
3304 3951 3608 4021 προθυμίας

2039 4037 2166 4095 τοὺς
2211 4035 2389 4105 ἱεροὺς
2416 4035 2812 4103 ἀναπέμπωσιν
2846 4032 2996 4102 αὐτῷ
3027 4032 3247 4102 ὕμνους.
3275 4032 3439 4085 Οὐδὲν
3477 4032 3607 4102 γὰρ,

2041 4118 2193 4171 οὐδὲν
2215 4116 2389 4179 οὕτως
2410 4117 2661 4185 ἀνίστησι
2689 4116 2892 4185 ψυχὴν,
2914 4115 3008 4168 καὶ
3033 4115 3243 4183 πτεροί,
3264 4114 3478 4181 καὶτῆς
3506 4114 3609 4182 γῆς

2042 4199 2401 4261 ἀπαλλάττει,
2440 4198 2535 4250 καὶ
2562 4198 2669 4250 τῶν
2700 4197 2793 4250 τοῦ
2837 4196 3087 4266 σώματος
3116 4195 3337 4249 ἀπολύει
3373 4190 3609 4265 δεσμῶν,

2043 4282 2139 4335 καὶ
2176 4280 2485 4350 φιλοσοφεῖν
2527 4282 2701 4342 ποιεῖ,
2751 4278 2846 4331 καὶ
2892 4278 3110 4330 πάντων
3158 4277 3464 4347 καταγελᾷν
3504 4278 3610 4332 τῶν

2047 4362 2340 4432 βιωτικῶν,
2375 4362 2452 4424 ὡς
2482 4361 2640 4432 μέλος
2669 4359 3008 4429 συμφωνίας.
3035 4359 3130 4413 καὶ
3166 4358 3354 4430 ῥυθμῷ
3393 4359 3611 4427 συγκεί-

2047 4463 2206 4517 μενον
2232 4444 2373 4498 θεῖον
2404 4440 2577 4515 ᾆσμα.
2605 4441 2762 4497 Οὕτω
2789 4441 2919 4510 γοῦν
2948 4441 3104 4512 ἡμῶν
3132 4443 3163 4511 ἡ
3194 4442 3355 4510 φύσις
3385 4441 3521 4512 πρὸς
3544 4441 3613 4494 τὰ

2043 4529 2266 4600 ᾄσματα
2305 4528 2402 4581 καὶ
2434 4527 2503 4579 τὰ
2535 4526 2671 4596 μέλη
2702 4525 2874 4595 ἡδέως
2902 4524 3015 4593 ἔχει
3039 4525 3133 4578 καὶ
3158 4525 3393 4589 οίκείως,
3417 4525 3492 4586 ὡς
3518 4526 3613 4577 καὶ

2042 4612 2112 4665 τά
2167 4610 2445 4680 ύπομάζια
2492 4607 2680 4662 παιδία
2729 4605 3240 4679 κλαυθμυριζόμενα
3285 4607 3379 4659 καὶ
3420 4606 3613 4677 δυσχε-

2046 4693 2319 4765 ραίνοντα,
2355 4689 2498 4745 οὕτω
2526 4688 3035 4760 κατακοιμίζεσθαι.
3064 4691 3131 4743 At
3164 4689 3294 4758 γοῦν
3335 4688 3615 4743 τίτθαι.ὲν

2042 4780 2164 4840 ταῖς
2209 4773 2476 4843 ἀγκάλαις
2514 4774 2655 4828 αὐτὰ
2698 4771 3083 4843 βαστάζουσαι,
3125 4772 3389 4834 πολλάκις
3428 4773 3616 4825 ἀπιοῦ-

2046 4858 2138 4912 σαί
2157 4874 2218 4911 τε
2240 4858 2336 4910 καὶ
2363 4854 2702 4919 ὲπανιοῦσαι,
2740 4854 2834 4908 καί
2856 4873 2975 4908 τινα
3004 4855 3187 4917 αὐτοῖς
3215 4853 3615 4924 κατεπᾴδουσαι

2044 4940 2264 5011 ᾅσματα
2288 4937 2533 5001 παιδικά,
2572 4937 2744 5000 οὕτως
2774 4937 2954 4989 αὐτῶν
2988 4935 3057 4989 τά
3090 4936 3333 5006 βλέφαρα
3365 4951 3608 4987 κατακοι-

2048 5024 2286 5098 μίζουσι.
2317 5023 2415 5076 Διά
2445 5020 2605 5075 τοῦτο
2634 5022 2725 5073 καὶ
2758 5019 3026 5090 ὁδοιπόροι
3058 5018 3315 5098 πολλάκις
3348 5016 3489 5070 κατά
3511 5033 3616 5098 *με-

2046 5095 2115 5176 στι
2123 5105 2320 5176 μόρίαν
2337 5105 2387 5157 ὲ)
2398 5103 2649 5165 αύνοντες
2664 5101 2957 5170 ὑποζύγια,
2976 5101 3189 5171 ᾄδοντες
3205 5097 3362 5151 τοῦτο
3382 5095 3613 5159 ποιοῦσι,

2045 5187 2141 5257 τὴν
2166 5188 2231 5240 ἐκ
2264 5187 2363 5257 τῆς
2399 5184 2706 5255 ὁδοιπορίας
2727 5183 3101 5253 ταλαιπωρίαν
3139 5183 3257 5243 ταῖς
3285 5180 3447 5250 ᾠδαῖς
3479 5177 3615 5231 ὲκεί-

2046 5286 2165 5332 ναις
2193 5266 2696 5339 παραμυθούμενοι.
2733 5267 2845 5336 Οὐχ
2876 5264 3144 5333 ὁδοιπόροι
3173 5263 3230 5314 δὲ
3267 5263 3448 5330 μόνον,
3480 5260 3615 5314 ἀλλὰ

2046 5352 2139 5407 καὶ
2174 5351 2403 5422 γηπόνοι
2434 5348 2876 5418 ληνοὸατοῦντες,
2912 5347 3005 5399 καὶ
3040 5345 3369 5414 τρυγῶντες,
3394 5345 3488 5396 καὶ
3513 5345 3606 5413 ἀμ-

2049 5434 2244 5497 πέλους
2293 5431 2710 5504 θεραπεύοντες,
2738 5430 2830 5483 καὶ
2859 5428 2987 5483 ἄλλο
3015 5425 3215 5501 ὁτιοῦν-
3238 5424 3617 5495 ἐργαζόμενοι.

2048 5516 2307 5578 πολλάκις
2350 5514 2557 5584 ᾅδουσι.
2590 5513 2700 5566 Καὶ
2747 5510 2937 5563 ναῦται
2981 5505 3429 5575 κωπηλατοῶτες
3462 5505 3616 5559 τοῦτο

2052 5597 2315 5653 ποιοῦσιν.
2340 5595 2478 5665 Ἤδη
2509 5594 2566 5647 δὲ
2596 5595 2691 5647 καὶ
2719 5595 2972 5661 γυναῖκες
3003 5589 3404 5659 ίστουργοῦσαι,
3431 5589 3524 5642 καὶ
3552 5593 3615 5657 τῇ

2051 5679 2263 5750 κερκίδι
2293 5679 2418 5741 τοὺς
2453 5677 2727 5746 στήμονας
2757 5671 3194 5741 συγκεχυμένους
3222 5670 3615 5740 διακρίνουσαι.

2052 5765 2309 5830 πολλάκις
2345 5765 2441 5835 μὲν
2482 5761 2574 5815 καὶ
2615 5757 2738 5812 καθ’
2767 5755 2964 5827 ἑαυτὴν
3002 5753 3230 5821 ἑκάστη,
3267 5752 3525 5817 πολλάκις
3559 5753 3616 5806 δὲ
