4068 6288
458 331 554 388 I57
1134 328 1193 387 S.
1230 327 1516 386 JOA‘NNIS
1552 323 2043 385 CIIRYSOSTOMI'
2077 322 2398 380 ARCHIEP.
2437 320 2983 381 OO‘NSTANTINOP.
3600 319 3700 377 158

451 448 546 501 καὶ
571 441 878 516 συμφώνως
919 443 1148 506 ἅπασαι.
1187 446 1321 516 μίαν
1353 446 1474 500 τινά
1508 441 1774 515 μελῳδίαν
1814 441 2018 511 ᾅδουσι.

451 527 675 583 Ποιοῦσι
723 529 782 581 δὲ
809 525 966 581 τοῦτο
1008 533 1103 582 καὶ
1146 530 1434 597 γυναῖκες.
1466 527 1561 581 καὶ
1599 524 1890 594 ὁδοιπόροι,
1930 521 2027 575 καὶ

451 612 704 682 γηπόνοι,
750 611 847 663 καὶ
878 611 1102 672 ναῦται,
1132 611 1212 681 τῷ
1243 600 1452 680 ᾅσματι
1489 608 1579 662 τὸν
1615 609 1682 661 ἐκ
1711 606 1817 660 τῶν
1848 605 2025 676 ἐργων

451 696 614 749 πόνον
664 694 1163 765 παραμυθήσασθαι
1210 692 1551 756 σπεύδοντες,
1582 692 1657 754 ὡς
1700 692 1799 762 τῆς
1824 690 2025 760 ψυχῆς,

452 780 502 831 εί
540 770 733 847 μέλους
765 776 1013 830 ἀκούσειε
1048 776 1143 829 καὶ
1170 775 1333 846 ᾠδῆς,
1370 770 1500 845 ῥᾷον
1537 775 1751 827 ἅπαντα
1785 774 2028 840 ἐνεγκεῖν

452 861 757 930 δυναμένης
788 860 856 911 τά
879 858 1085 929 ὀχληρά
1115 859 1209 911 καὶ
1241 858 1492 910 ἐπίπονα.
1524 856 1677 909 Ἐπεὶ
1698 853 1792 909 οῦν
1813 855 2027 916 οίκείως

456 940 608 1013 [132]
635 942 764 1013 ἡμῖν
804 943 941 1012 πρὸς
977 940 1133 994 τοῦτο
1166 940 1278 1010 ἔχει
1313 940 1376 992 τὸ
1426 937 1566 1002 εἶδος
1593 938 1696 1008 τῆς
1721 937 1965 1009 τέρψεως
1993 937 2033 1006 ή

453 1025 617 1095 ψυχὴ.
641 1026 729 1077 ἵνα
751 1025 824 1095 μὴ
851 1023 1084 1093 πορνικά
1111 1023 1331 1094 ᾄσματα
1350 1023 1401 1075 οί
1420 1023 1672 1091 δαίμονες
1693 1021 2029 1088 εἰσάγοντες,

454 1107 672 1161 ἅπαντα
723 1108 1103 1176 ἀνατρέπουσι.
1141 1106 1267 1167 τοὺς
1314 1104 1560 1174 ψαλμοὺς
1618 1103 1955 1173 ἐπετείχισεν
2000 1103 2031 1155 6

453 1189 613 1252 Θεὸς,
633 1188 774 1242 ῶστε
800 1188 936 1259 ὁμοῦ
962 1189 1055 1241 καὶ
1079 1187 1269 1258 ἡδονὴν
1300 1189 1362 1240 τὸ
1387 1189 1620 1258 πρᾶγμα
1644 1187 1740 1240 καὶ
1765 1185 2030 1253 ὠφέλειαν

455 1268 613 1327 εἶναι.
659 1273 792 1326 ’Δπὸ
821 1273 919 1343 μὲν
949 1272 1058 1342 γάρ
1076 1270 1186 1325 τῶν
1215 1270 1413 1335 ἔξωθεν
1437 1271 1696 1343 ᾀσμάτων
1721 1268 1912 1340 βλάϐη,
1937 1268 2030 1322 καὶ

453 1357 694 1428 ὄλεθρος.
718 1358 809 1409 καὶ
847 1355 1015 1408 πολλὰ
1042 1355 1107 1407 ἂν
1137 1354 1413 1425 εἰσαχθείη
1444 1354 1620 1408 δεινά·
1649 1353 1719 1406 τά
1746 1352 1854 1423 γὰρ
1875 1352 2031 1405 ἀσελ-

453 1438 687 1509 γέστερα
708 1440 801 1491 καὶ
828 1436 1261 1509 παρανομώτεροι
1282 1434 1389 1489 τῶν
1415 1436 1673 1508 ᾀσμάτων
1692 1436 1898 1488 τούτων
1921 1437 2030 1498 τοῖς

453 1520 553 1591 τῆς
573 1520 750 1591 ψυχῆς
792 1521 1015 1590 μέρεσιν
1059 1519 1405 1588 ἐγγινόμενα,
1442 1517 1836 1588 ἀσθενεστέραν
1859 1516 2030 1585 αὐτὴν

454 1605 549 1657 καὶ
575 1604 970 1675 μαλακωτέραν
1008 1601 1253 1655 ποιοῦσιν
1272 1618 1284 1632 ·
1316 1600 1425 1655 61:6
1453 1601 1510 1654 δὲ
1538 1600 1649 1671 τῶν
1667 1599 1897 1670 ψαλμῶν
1920 1596 2033 1652 τῶν

440 1685 841 1757 πνευματικῶν
868 1686 1003 1739 πολὺ
1046 1686 1143 1756 μὲν
1172 1685 1232 1738 τὸ
1272 1684 1485 1755 κέρδος,
1531 1682 1700 1755 πολλὴ
1732 1683 1790 1736 δέ
1829 1683 1863 1753 ﬂ
1889 1680 2033 1747 ὠφέ-

452 1772 571 1825 λεια
595 1782 639 1835 ’,ν
671 1771 838 1833 πολὺς
874 1770 931 1823 δέ
969 1771 997 1823 6
1030 1771 1323 1839 ἁγιασμὸς,
1369 1770 1462 1822 καὶ
1495 1768 1676 1838 πάσης
1714 1764 2033 1836 φιλοσοφίας

455 1855 711 1916 ὑπόθεσις
737 1854 935 1922 γένοιτ’
968 1852 1057 1911 ἂν.
1091 1852 1201 1906 τῶν
1236 1869 1297 1905 τε
1325 1852 1585 1922 ῥημάτων
1609 1849 1708 1920 τήν
1733 1848 1908 1918 ψυχὴν
1940 1847 2033 1899 ἐκ-

455 1938 846 2010 καθαιρόντων,
871 1936 965 1991 τοῦ
1003 1954 1063 1990 τε
1094 1936 1251 2004 ἁγίου
1283 1935 1600 2005 Πνεύματος
1624 1936 1688 2005 τῇ
1722 1933 1791 1987 τά
1811 1931 2031 1986 τοιαῦτα

452 2022 732 2094 ψαλλούσῃ
751 2021 955 2092 ταχέως
980 2020 1348 2090 ἐφιπταμένω
1364 2018 1529 2090 ψυχῇ.
1548 2019 1668 2072 Ὀτι
1687 2018 1792 2086 γὰρ
1820 2017 1868 2069 οἱ
1893 2014 2032 2085 μετὰ

456 2105 727 2167 συνέσεως
750 2103 1045 2174 ψάλλοντες
1071 2103 1170 2174 τὴν
1209 2102 1303 2155 τοῦ
1339 2102 1656 2173 Πνεύματος
1683 2099 1908 2154 καλοῦσι
1936 2098 2035 2169 χά-

457 2200 561 2259 ριν,
603 2184 832 2241 ἄκουσον
857 2187 910 2239 τί
961 2203 1127 2258 φησιν
1159 2188 1187 2239 ό
1228 2184 1473 2247 Παῦλος·
1511 2184 1607 2251 Μὴ
1658 2184 2033 2253 μεθύσκεσθε

453 2270 617 2333 οϊνῳ,
660 2269 730 2323 ὲν
776 2261 825 2334 ᾧ
865 2269 1035 2322 ἐστιν
1070 2268 1326 2331 ἀσωτία,
1359 2264 1520 2321 ἀλλὰ
1563 2265 1910 2334 πληροῦσθε
1963 2262 2036 2318 ἐν

452 2353 772 2421 Πνεύμαιτι.
808 2352 1084 2421 Ἐπήγαγε
1115 2350 1172 2402 δὲ
1204 2350 1297 2401 καὶ
1326 2349 1418 2401 τὸν
1455 2348 1656 2417 τρόπον
1684 2349 1785 2417 τῆς
1813 2346 2034 2416 πληρώ-

457 2450 616 2499 σεωςο.
664 2436 941 2505 ᾍδοντες
975 2433 1073 2486 καὶ
1106 2433 1453 2500 3961101028;-
1500 2432 1569 2484 ἐν
1605 2430 1735 2496 ταῖς
1764 2430 2032 2497 καρδίαις

452 2518 621 2587 ὑμῶν
642 2518 725 2583 τῷ
752 2517 1043 2585 Κυρίφ.Τί
1066 2517 1233 2576 ἐστιν,
1265 2516 1361 2567 Ἐν
1385 2513 1513 2580 ταῖς
1542 2515 1813 2581 καρδίαις
1833 2513 1997 2582 ὑμῶν
2012 2530 2035 2577 ;

453 2600 609 2655 Μετὰ
627 2600 915 2662 συνέσεως,
944 2598 1107 2668 φησίν
1130 2614 1142 2626 ο
1174 2599 1260 2650 ἵνα
1288 2597 1362 2667 μὴ
1384 2596 1444 2648 τὸ
1474 2596 1648 2666 στόμα
1678 2598 1779 2666 μὲν
1803 2596 1941 2667 λαλῇ
1964 2597 2032 2650 :6

454 2684 750 2755 ῥήματα,ή
783 2681 991 2735 διάνοια
1014 2676 1070 2733 δὲ
1101 2678 1205 2744 ἔξω
1237 2678 1487 2750 διατρίϐῃ
1510 2677 1784 2748 πανταχοῦ
1814 2679 2031 2732 πλανω-

455 2767 614 2838 μένη.
650 2764 767 2818 ἀλλ’
799 2764 885 2818 ἴνα
913 2762 1086 2834 ἀκούῃ
1108 2764 1140 2834 ή
1165 2761 1312 2833 ψυχὴ
1333 2763 1430 2832 τῆς
1460 2761 1724 2832 γλώττης,

492 2860 497 2865 ’
524 2868 583 2939 β’.
604 2868 713 2921 Καὶ
729 2865 976 2936 καθάπερ
992 2865 1118 2917 ἔνθα
1137 2863 1234 2934 μὲν
1252 2862 1528 2934 βόρΰορος,
1544 2863 2030 2933 χοῖροιτρέχουσινο

452 2952 581 3006 ἔνθα
610 2951 667 3004 δὲ
690 2947 958 3019 ἀρώματα
991 2949 1086 3001 καὶ
1112 2946 1452 3016 θυμιάματα,
1483 2945 1729 3015 μέλιτται
1758 2962 2032 3015 κατασκη-

452 3034 635 3089 νοῦσιν
656 3050 685 3067 ·-
712 3030 885 3094 οὕτως
914 3029 1043 3083 ἔνθα
1093 3030 1190 3099 μὲν
1232 3027 1453 3098 ᾅσματα
1496 3027 1747 3096 πορνικὰ,
1779 3026 2031 3097 δαίμονες

452 3114 881 3185 ἐπισωρεύονται
897 3131 910 3145 ·
934 3112 1067 3165 ἔνθα
1085 3111 1140 3165 δέ
1163 3111 1298 3182 μέλη
1317 3111 1682 3180 πνευματικὰ,
1698 3112 1733 3181 ή
1758 3109 1852 3164 τοῦ
1869 3109 2032 3164 Πνεύ-

456 3216 625 3271 ματος
643 3197 937 3268 ἐφίπταται
971 3196 1151 3266 χάρις,
1186 3195 1278 3247 καὶ
1313 3192 1377 3245 τὸ
1402 3193 1576 3263 στόμα
1608 3193 1702 3246 καὶ
1725 3193 1823 3263 τὴν
1851 3192 2028 3263 ψυχὴν

453 3281 692 3352 ἁγιάζει.
724 3278 912 3332 Ταῦτα
943 3280 1102 3345 Λέγω,
1138 3277 1236 3347 οὐχ
1263 3276 1353 3328 ἵνα
1379 3276 1639 3346 ἐπαινῆτε
1685 3276 1865 3346 μόνον,
1911 3275 2027 3329 ἀλλ’

454 3367 543 3418 ἵνα
574 3364 670 3418 καὶ
708 3362 903 3424 παῖδας
936 3362 1030 3414 καὶ
1067 3362 1330 3427 γυναῖκας
1364 3358 1435 3411 τά
1472 3356 1694 3410 τοιαῦτα
1739 3357 2027 3427 διδάσκητε

452 3451 674 3521 ᾅσματα
701 3445 866 3516 ᾅδειν,
882 3444 982 3496 οὐκ
1006 3447 1063 3496 ἐν
1094 3445 1258 3505 ίστοῖς
1285 3442 1463 3512 μόνον,
1485 3440 1607 3495 οὑδέ
1631 3442 1688 3494 ἐν
1713 3442 1824 3503 τοῖς
1847 3439 2028 3503 ἄλλοις

453 3533 655 3603 ἔργοις,
694 3528 832 3582 ἀλλὰ
866 3527 1098 3597 μάλιστα
1128 3528 1185 3578 ἐν
1233 3524 1502 3596 τραπέζῃ.
1555 3523 1771 3594 Ἐπειδὴ
1802 3521 1911 3593 γὰρ
1951 3522 2027 3585 ὡς

450 3613 723 3667 τὰπολλὰ
753 3612 810 3663 ἐν
855 3608 1177 3680 συμποσίοις
1211 3609 1239 3660 ό
1270 3607 1511 3668 διάϐολος
1539 3605 1817 3677 ἐφεδρεύει
1856 3604 2025 3675 μέθην

450 3700 546 3752 καὶ
576 3695 881 3766 ἀδηφαγίαν
908 3693 1046 3763 ἔχων
1074 3691 1222 3762 αὐτῷ
1256 3690 1671 3760 συμμαχοῦσαν,
1696 3690 1789 3743 καὶ
1815 3689 2026 3756 γέλωτα

450 3782 711 3843 ἄτακτον,
729 3780 823 3832 καὶ
843 3777 1021 3848 ψυχήν
1058 3775 1368 3845 ἀνειμένην,
1405 3773 1636 3844 μάλιστα
1667 3773 1788 3839 τότε
1811 3770 1894 3825 δεῖ

448 3866 559 3937 πρὸ
609 3863 890 3935 τραπέζης
918 3901 932 3924 ,
983 3861 1078 3913 καὶ
1128 3860 1264 3930 μετά
1316 3857 1630 3929 τράπεζαν,
1672 3855 2023 3926 ἐπιτειχίζειν

446 3948 599 4020 αὑτῷ
639 3949 749 4019 τὴν·
791 3947 900 4000 ἀπὸ
935 3944 1044 3997 τῶν
1073 3943 1305 4014 ψαλμῶν
1356 3943 1689 4010 ἀσφάλειαν,
1723 3943 1818 3995 καὶ
1867 3943 2020 4012 κοινῇ

451 4033 589 4105 μετὰ
617 4031 718 4101 τῆς
750 4030 1006 4099 γυναικὸς
1038 4030 1132 4081 καὶ
1163 4026 1270 4080 τῶν
1299 4026 1504 4078 παίδων
1539 4024 1874 4087 ἀναστάντας
1915 4024 2023 4077 ἀπὸ

446 4116 541 4169 τοῦ
570 4115 898 4184 συμποσίου,
921 4114 1046 4175 τοὺς
1075 4112 1253 4180 ἱεροὺς
1280 4110 1426 4182 ᾄδειν
1454 4110 1656 4179 ὕμνους
1682 4110 1758 4180 τῷ
1793 4108 1933 4178 Θεῷ.
1958 4108 2023 4161 Et

446 4203 557 4271 γὰρ
582 4200 613 4251 6
648 4198 857 4260 Παῦλος
908 4197 1179 4265 μάστιγας
1218 4193 1356 4264 ἔχων
1400 4195 1707 4265 ἀφορήτους
1741 4192 2025 4261 ἐπικειμέ-

444 4301 564 4347 νας,
600 4283 695 4335 καὶ
734 4280 875 4349 ξύλῳ
904 4277 1360 4349 προσδεδεμένος,
1406 4278 1503 4329 καὶ
1542 4276 1915 4348 δεσμωτήριον
1941 4278 2021 4327 0!-

446 4366 587 4428 κῶν,
612 4367 671 4417 ἐν
719 4364 861 4435 μέσῃ
904 4363 1081 4422 νυκτὶ,
1115 4360 1205 4413 ὅτε
1252 4360 1485 4431 μάλιστα
1520 4360 1725 4427 γλυκὺς
1775 4361 1803 4413 6
1854 4358 2023 4421 ὕπνος

445 4448 733 4517 ἐφίσταται
765 4446 932 4506 πᾶσι,
979 4442 1115 4513 μετά
1152 4442 1246 4495 τοῦ
1300 4442 1429 4496 Σίλα
1478 4442 1703 4495 διετέλει
1753 4441 1845 4493 ¹ιιὸν
1888 4441 2021 4493 Θεὸν

444 4528 653 4601 ὑμνῶν.
692 4527 788 4579 καὶ
817 4524 940 4578 οὔτε
978 4524 1084 4578 ἀπὸ
1108 4524 1203 4577 τοῦ
1248 4524 1438 4592 τόπου,
1473 4524 1596 4579 οὔτε
1624 4522 1849 4578 ἀπὸτοῦ
1895 4540 2022 4577 και-

447 4612 564 4685 ροῦ,
592 4609 714 4663 οὔτε
747 4607 856 4662 ἀπὸ
882 4608 982 4677 τῆς
1009 4607 1308 4675 φροντίδος,
1340 4608 1463 4662 οὔτε
1505 4610 1614 4663 ἀπὸ
1645 4609 1745 4678 τῆς
1771 4607 2023 4679 τυραννί-

441 4696 530 4758 δος
566 4691 660 4746 τοῦ
692 4690 885 4754 ὕπνου,
927 4688 1048 4743 οὕτε
1095 4691 1204 4744 ἀπὸ
1239 4691 1339 4761 τῆς
1369 4691 1661 4762 ἀλγηδόνος
1692 4692 1802 4745 τῶν
1843 4693 2022 4745 πόνων

442 4779 691 4839 ἐκείνων,
714 4774 838 4828 06::
868 4773 1087 4829 ἂλλοθεν
1110 4774 1409 4844 οὐδαμόθεν
1426 4775 1741 4845 ἠναγκάσθη
1763 4775 2023 4842 καθυφεῖ-

441 4881 532 4919 ναι
566 4861 667 4932 τῆς
708 4858 1006 4931 μελῳδίας·
1040 4857 1221 4927 πολλῷ
1254 4858 1451 4928 μᾶλλον
1478 4860 1627 4929 ημᾶς
1662 4859 2023 4929 εὐφραινομέ-

440 4963 590 5010 νους.
622 4944 717 4999 καὶ
745 4942 854 4997 τῶν
884 4938 1106 5009 ἀγαθῶν
1144 4940 1513 5005 ἀπολαύοντας
1546 4941 1639 4994 τοῦ
1668 4941 1825 5003 Θεοῦ,
1858 4943 2021 5011 εὐχα-

442 5028 758 5103 ριστηρίους
785 5022 987 5096 ὕμνους
1009 5024 1354 5094 ἀναπέμπειν
1377 5024 1527 5094 αὺτῷ
1555 5025 1683 5095 χρὴ,
1717 5024 1811 5077 ἵνα·
1836 5025 1939 5078 κάν
1968 5042 2020 5079 τι

437 5102 664 5184 γένηται
699 5110 852 5181 παρὰ
878 5109 979 5177 τῆς
1030 5108 1200 5179 μέθης
1226 5110 1319 5161 καὶ
1346 5108 1443 5177 τῆς
1472 5107 1783 5176 ἀδηφαγίας
1822 5102 2020 5162 ἄτοπον

437 5198 518 5259 είς
541 5195 639 5266 τὴν
677 5192 856 5265 ψυχὴν
889 5191 985 5261 τὴν
1013 5191 1307 5262 ήμετέραν,
1341 5190 1441 5260 τῆς
1473 5188 1791 5259 ψαλμῳδίας
1831 5191 2015 5245 ἐπεισ-

435 5278 731 5349 ελθούσης,
768 5275 1097 5346 ἀπο-πηδήσῃ
1152 5276 1327 5329 πάντα
1358 5276 1541 5328 ἐκεῖνα
1589 5271 1658 5325 τά
1697 5274 1873 5327 ἄτοπα
1924 5275 2017 5328 καὶ

436 5362 650 5431 πονηρά
682 5360 1047 5431 βουλεύματα.
1081 5356 1185 5413 Καὶ
1210 5356 1461 5429 καθάπερ
1500 5355 1683 5410 πολλοὶ
1722 5358 1830 5411 τῶν
1862 5373 2017 5412 πλου-

441 5444 671 5499 τούντων
697 5443 794 5515 τὴν
818 5444 1089 5512 σπογγίαν
1120 5441 1396 5513 βαλσάμου
1425 5440 1727 5511 πλήσαντες
1747 5440 1889 5495 οὕτω
1916 5442 2015 5507 τὰς

436 5524 711 5597 τραπέζας
738 5527 1171 5597 ἀπομάσσουσιν,
1209 5524 1295 5577 ἵνα
1322 5522 1379 5576 εί
1401 5541 1484 5587 τις
1513 5523 1617 5577 ἀπὸ
1640 5522 1747 5578 τῶν
1786 5524 2015 5595 ἐδεσμά-

492 5682 703 5733 ⁸(’.οόετ
743 5696 871 5746 unus
907 5684 1035 5745 apud
1069 5681 1220 5735 SaviI.
1267 5682 1515 5746 ἀσφάλεια·
1543 5694 1656 5744 qua:
1680 5688 1828 5731 etiam
1865 5682 2013 5732 lectio

426 5745 692 5808 «μηδι-πει
712 5744 774 5796 ad
792 5746 995 5797 seriem.

2130 456 2238 494 των
2275 440 2499 512 γένηται
2543 440 2723 511 κηλὶς,
2752 439 3129 512 παρασθρεῖσα
3161 435 3405 509 καθαρὰν
3429 432 3579 507 δείξῃ
3601 435 3704 506 τὴν

2132 523 2440 593 τράπεζανο
2473 522 2621 577 οὕτω
2663 524 2735 594 δή
2764 525 2863 578 καὶ
2903 524 3065 592 ἡμεῖς
3097 521 3362 587 ποιῶμεν,
3386 520 3508 572 ἀντὶ
3550 516 3703 591 [155]

2136 604 2412 678 βαλσάμου
2439 608 2502 661 τὸ
2530 608 2707 677 στόμα
2743 607 3121 679 ἐμπλήσαντες
3168 604 3431 675 μελῳδίας
3460 618 3705 672 πνευμαμ-

2131 688 2313 759 τικῆς,
2344 690 2432 743 ἵνα
2459 689 2513 743 εί
2548 708 2632 754 τις
2674 690 2891 759 ἐγένετο
2924 689 3081 759 κηλὶς
3107 688 3215 742 ἀπὸ
3259 688 3359 759 τῆς
3399 685 3704 758 ἀδηφαγίας

2135 766 2192 826 ἐν
2219 772 2286 844 τῇ
2317 773 2484 845 ψυχῇ.
2505 768 2593 826 διὰ
2616 774 2714 843 τῆς
2743 772 3006 844 μελῳδίας
3031 770 3439 843 ἀποσμήξωμεν
3469 770 3702 840 ἐκείνης.

2134 855 2230 907 καὶ
2260 855 2506 924 λέγωμεν
2536 859 2688 927 κοινῇ
2722 857 2944 920 στάντες
2964 873 2978 885 ο
3017 856 3338 924 Εοῦεορανας
3376 850 3554 922 ἡμᾶς,
3591 852 3708 906 Κύ-

2128 955 2241 1006 ριε.
2269 938 2341 993 ἐν
2367 936 2448 1004 τῷ
2484 941 2767 1009 ποιήματι
2792 957 2931 1005 σου,
2963 940 3060 993 καὶ
3103 938 3175 992 ἐν
3202 938 3325 1004 τοῖς
3364 938 3559 1008 ἔργοις
3586 932 3709 988 τῶν

2136 1021 2352 1091 χειρῶν
2400 1036 2516 1078 σου
2564 1024 3071 1093 ἀγκίλλιασόμεθα.
3109 1022 3214 1077 Καὶ
3261 1022 3393 1092 εὐχὴ
3427 1019 3564 1092 μετά
3608 1019 3707 1088 τὴν

2133 1104 2453 1177 ψαλμῳδίαν
2481 1105 2844 1177 προσκείσθω,
2875 1107 2963 1159 ἵνα
2992 1105 3129 1176 μετά
3152 1106 3252 1176 τῆς
3279 1104 3458 1176 ψυχῆς
3483 1103 3579 1156 καὶ
3608 1100 3708 1171 τὴν

2134 1190 2318 1243 οὶκίαν
2334 1189 2504 1261 αὐτὴν
2532 1188 2867 1260 ἀγιάξωμεν.
2898 1190 3113 1260 Ὠσπερ
3138 1187 3247 1258 γὰρ
3269 1190 3319 1241 οἱ
3361 1188 3582 1259 μίμους,
3612 1184 3710 1240 καὶ

2136 1272 2428 1343 ὀρχηστὰς,
2454 1274 2549 1327 καὶ
2572 1274 2777 1345 πόρνας
2798 1276 3059 1342 γυναῖκας
3092 1274 3172 1335 είς
3194 1271 3268 1325 :6
3293 1270 3577 1341 συμπόσια
3594 1271 3708 1323 είσ-

2138 1355 2381 1423 άγοντες.
2410 1356 2669 1427 δαίμονας
2690 1357 2783 1410 καὶ
2813 1356 2902 1409 τὸν
2927 1348 3170 1409 διάϐολον
3194 1356 3313 1408 ἐκεῖ
3336 1355 3582 1415 καλοῦσι,
3612 1352 3710 1407 καὶ

2140 1437 2347 1507 μυρίων
2376 1438 2627 1510 πολέμων
2662 1440 2761 1503 τὰς
2797 1436 2976 1493 αὐτῶν
3012 1432 3355 1509 ἐμπιπλῶσιν
3388 1435 3562 1498 οἰκίας
3591 1434 3712 1504 (ἐν-

2136 1519 2324 1574 τεῦθεν
2371 1520 2506 1590 γοῦν
2548 1521 2869 1593 ζηλοτυπίαι
2919 1522 3013 1574 καὶ
3051 1521 3283 1592 μοιχεῖαι
3327 1518 3422 1572 καὶ
3465 1520 3712 1590 πορνεῖαι

2136 1602 2231 1656 καὶ
2251 1602 2319 1656 :6
2363 1604 2530 1676 μυρία
2562 1604 2774 1676 δεινά)·
2809 1604 2982 1666 οὕτως
3006 1603 3072 1676 οίλ
3092 1602 3184 1655 τὸν
3226 1598 3386 1655 Δαυῖδ
3422 1597 3712 1662 καλοῦντες

2140 1686 2280 1755 μετά
2310 1668 2411 1755 τῆς
2441 1668 2692 1759 κιθάρας,
2721 1668 2881 1741 ’ἔνδον
2917 1686 3011 1740 τὸν
3043 1668 3279 1757 Χριστὸν
3304 1683 3377 1737 δι’
3400 1681 3565 1737 αὐτοῦ
3607 1699 3713 1737 κα-

2135 1768 2524 1823 λοῦσιν.”οπου
2551 1770 2609 1823 δὲ
2631 1771 2660 1821 ό
2688 1769 2941 1841 Χριστὸς,
2964 1768 3173 1839 δαίμων
3205 1767 3304 1837 μὲν
3334 1767 3508 1829 οὐδεὶς
3534 1766 3714 1818 ἐπεισο

2136 1851 2331 1917 ελθεῖν,
2368 1852 2567 1922 μᾶλλον
2597 1854 2656 1908 δε
2692 1854 2814 1907 ούδέ
2853 1850 3189 1923 παρακύψαι.
3216 1849 3510 1921 τολμήσειέ
3540 1864 3671 1902 ποτε
3690 1862 3707 1878 '

2137 1937 2328 2007 εἰρήνη
2356 1936 2433 1990 δὲ.
2464 1938 2559 1990 καὶ
2583 1938 2772 2009 ἀγάπη
2793 1976 2809 2000 ,
2840 1938 2934 1991 καὶ
2967 1936 3147 2003 πάντα
3187 1934 3375 2006 ὥσπερ
3407 1936 3484 1988 ἐκ·
3519 1933 3712 2002 πηγῶν

2136 2020 2256 2087 ἥξει
2286 2030 2353 2073 τα
2385 2019 2583 2089 ἀγαθά.
2615 2021 2842 2074 Ἐκεῖνοι
2876 2020 3088 2075 ποιοῦσι
3129 2020 3353 2091 θέατρον
3396 2020 3494 2091 τὴν
3532 2018 3714 2071 οἰκίαν

2137 2101 2316 2155 αὐτῶν
2333 2120 2346 2134 ·
2378 2105 2442 2155 σὺ
2471 2104 2697 2175 ποίησον
2717 2104 3017 2174 ἐκκλησίαν
3040 2104 3100 2158 τὸ
3121 2104 3389 2174 δωμάτιόν
3421 2103 3716 2158 σου.¹Ἐνθα

2137 2190 2247 2255 γὰρ
2278 2184 2521 2255 ψαλμὸς,
2574 2187 2666 2239 καὶ
2707 2183 2860 2258 εὐχὴ,
2896 2187 2992 2239 καὶ
3045 2186 3337 2258 προφητῶν
3372 2186 3578 2258 χορεία,
3618 2188 3717 2240 καὶ

2137 2266 2344 2321 διάνοια
2376 2268 2483 2321 τῶν
2519 2268 2753 2339 ᾀδόντων
2782 2269 3069 2341 θεοφιλὴς,
3115 2271 3214 2323 οὐκ
3246 2270 3311 2325 ἀν
3353 2287 3439 2334 τις
3476 2271 3715 2341 ἁμάρτοι

2137 2350 2234 2421 τὴν
2271 2352 2487 2405 σύνοδον
2529 2352 2732 2423 ταύτην
2767 2351 3078 2424 προσειπὼν
3123 2353 3432 2424 ἐκκλησίαν.
3485 2351 3601 2406 Κάν
3638 2352 3716 2424 μὴ

2138 2433 2283 2500 εἰδῇς
2310 2435 2411 2504 τὴν
2438 2433 2667 2504 δύναμιν
2688 2434 2796 2489 τῶν
2822 2437 3103 2506 ῥημάτων,
3129 2436 3262 2491 αὐτὸ
3287 2436 3431 2499 τέως·
3449 2436 3517 2489 τὸ
3542 2436 3719 2505 στόμα

2139 2517 2424 2571 παίδευσον
2445 2519 2514 2572 τὰ
2544 2520 2764 2590 ῥήματα
2795 2519 2995 2588 λέγειν.
3022 2520 3334 2589 Ἆγιάζεται
3362 2521 3475 2592 γὰρ
3498 2520 3592 2574 καὶ
3622 2520 3718 2574 διὰ

2140 2602 2403 2671 ῥημάτων
2435 2603 2468 2671 ή
2495 2601 2733 2671 γλῶττα.
2763 2604 2892 2657 ὅταν
2918 2604 3058 2675 μετά
3086 2605 3398 2675 προθυμίας
3427 2605 3600 2659 ταῦτα
3628 2604 3719 2658 λέ-

2138 2704 2322 2757 γηται.
2365 2687 2491 2742 Ἐὰν
2519 2691 2600 2753 είς
2634 2687 2837 2757 ταύτην
2877 2689 3111 2753 ἑαυτοὺς
3152 2692 3582 2759 καταστήσωμεν
3614 2689 3725 2759 τὴν

2139 2771 2448 2841 συνήθειαν,
2470 2772 2591 2825 οὐδὲ
2621 2772 3000 2837 ἐκόντες,οὐδέ
3033 2772 3404 2843 ῥᾳθυμοῦντές
3432 2790 3560 2827 ποτε
3589 2789 3724 2845 προσ

2136 2855 2383 2926 ησόμεθα
2415 2856 2513 2927 τὴν
2559 2854 2729 2926 καλὴν
2775 2855 2982 2926 ταύτην
3024 2855 3387 2928 λειτουργίαν,
3414 2856 3510 2911 τοῦ
3560 2857 3725 2923 ἔθους

2137 2937 2230 2989 καὶ
2250 2938 2480 2999 ἄκοντας
2499 2938 2644 3009 ἡμᾶς
2671 2935 3070 3007 ἀναγκάζοντος
3095 2936 3216 2992 καθ’
3244 2939 3479 3011 ἑκάστην
3502 2941 3722 3012 ἡμέραν

2135 3020 2235 3090 τήν
2268 3020 2437 3092 καλὴν
2462 3020 2666 3091 ταύτην
2695 3022 2962 3075 ἐπιτελεῖν
2994 3022 3271 3094 λατρείαν.
3289 3024 3412 3077 Ἐπὶ
3451 3025 3551 3095 τῆς
3581 3026 3721 3097 μελ-

2135 3100 2298 3171 ῳδίας
2350 3102 2575 3172 ταύτης,
2621 3101 2722 3155 κάν
2750 3101 3077 3174 γεγηρακώς
3112 3114 3196 3168 τις
3223 3100 3281 3177 ᾖ,
3313 3104 3415 3159 κάν
3444 3106 3580 3169 νέος,
3612 3105 3724 3161 κᾶν

2135 3180 2465 3251 δασύφωνος,
2516 3181 2619 3236 κᾶν
2652 3181 2858 3253 ῥυθμοῦ
2908 3183 3108 3247 παντὸς
3134 3184 3381 3257 ἄπειρος,
3437 3186 3590 3240 οὐδὲν
3618 3186 3721 3255 ἐγ-

2136 3258 2321 3328 κλημα
2370 3258 2600 3327 γίνεται.
2638 3259 2714 3313 Τὸ
2766 3259 2877 3331 γὰρ
2908 3261 3239 3333 ζητούμενον
3284 3263 3539 3328 ἐνταῦθα,
3567 3264 3727 3336 ψυχὴ

2134 3338 2398 3406 νήφουσα,
2447 3336 2844 3409 διεγηγερμένη
2893 3338 3127 3404 διάνοια,
3169 3341 3364 3411 καρδία
3427 3358 3725 3396 κατανενυ-

2133 3415 2330 3485 γμένη.
2369 3414 2626 3484 λογισμὸς
2653 3416 2981 3485 ἐρρωμένος,
3038 3418 3274 3481 συνειδὸς
3305 3420 3722 3492 ἐκκεκαθαρμέ-

2134 3508 2241 3549 νον.
2262 3495 2387 3547 Ἐὰν
2415 3492 2588 3547 ταῦτα
2618 3493 2755 3564 ἔχων
2780 3496 3025 3567 εἰσέλθῃς
3051 3497 3132 3560 είς
3160 3498 3251 3550 τὸν
3278 3499 3433 3567 ἅγιον
3459 3500 3553 3552 τοῦ
3577 3500 3727 3554 Θεοῦ

2133 3573 2312 3643 χορὸν,
2345 3571 2474 3643 παρ’
2504 3571 2666 3625 αὐτὸν
2698 3572 2903 3645 δυνήσῃ
2926 3574 3117 3645 στῆναι
3132 3576 3221 3628 τὸν
3235 3577 3417 3632 Δαυΐδ.
3452 3576 3721 3631 Ἐνταῦθα

2131 3653 2192 3705 06
2222 3651 2378 3724 χρεία
2407 3653 2655 3721 κιθάρας,
2677 3652 2794 3706 οὐδὲ
2823 3654 3029 3724 νεύρων
3063 3656 3394 3725 τεταμένων,
3421 3656 3545 3710 οὔτε
3572 3658 3718 3728 πλή-

2131 3746 2296 3801 κτρου
2321 3730 2416 3783 καὶ
2439 3730 2656 3802 τέχνης,
2683 3731 2803 3785 οὐδέ
2827 3733 3069 3802 ὀργάνων
3114 3735 3293 3788 τινῶν’
3326 3736 3441 3788 ἀλλ’
3470 3736 3565 3789 ἐὰν
3623 3736 3723 3789 θέ-

2130 3807 2248 3879 λῃς,
2285 3811 2348 3863 σὺ
2377 3809 2570 3862 σαυτὸν
2603 3810 2812 3882 ἐργάσῃ
2859 3810 3109 3883 κιθάραν,
3145 3814 3425 3884 νεκρὼσας
3463 3814 3530 3868 τὰ
3574 3814 3717 3888 μέλη

2129 3887 2230 3955 τῆς
2268 3888 2487 3959 σαρκὸς,
2512 3889 2605 3943 καλ⁸
2637 3888 2834 3960 πολλὴν
2868 3889 2946 3959 τῷ
2980 3891 3191 3959 σώματι
3233 3893 3367 3963 πρὸς
3389 3894 3486 3963 τήν
3536 3894 3723 3964 ψυχὴν

2130 3968 2364 4035 ποιήσας
2386 3966 2494 4037 ⁴τὴν
2524 3967 3039 4037 συμφωνίαν.’⁸οταν
3066 3968 3175 4040 γάρ
3211 3970 3285 4041 μὴ
3314 3970 3554 4043 ἐπιθυμῇ
3572 3973 3720 4027 κατά

2128 4049 2222 4102 τοῦ
2257 4048 2567 4119 πνεύματος
2600 4051 2633 4119 ή
2676 4049 2845 4121 σὰρξ,
2897 4050 3012 4104 ἀλλ’
3046 4053 3173 4123 εῖκῃ
3214 4055 3325 4117 τοῖς
3372 4055 3719 4125 ἐπιτάγμασι

2128 4134 2242 4195 τοῖς
2273 4132 2502 4196 ἐκείνου,
2527 4132 2619 4185 καὶ
2639 4133 2718 4195 εἰς
2743 4134 2915 4202 πέρας
2945 4132 3053 4205 ἄγῃ
3089 4135 3116 4174 ιο
3135 4134 3337 4206 ταύτην
3366 4137 3459 4189 ἐπὶ
3478 4137 3577 4208 τὴν
3591 4137 3719 4206 ἀρί-

2132 4231 2264 4285 στην
2300 4215 2393 4268 καί
2422 4212 2740 4285 θαυμαστὴν
2797 4215 2936 4280 ὁδὸν,
2988 4216 3159 4280 οὕτως
3186 4219 3397 4292 ἐργάσῃ
3445 4219 3717 4291 μελῳδίαν

2130 4298 2525 4367 πνευματικήν.
2549 4297 2623 4350 Οὐ
2651 4298 2808 4368 χρεία
2835 4298 3029 4369 τέχνης
3050 4299 3284 4352 ἐνταῦθα
3313 4301 3487 4372 χρόνῳ
3516 4302 3717 4375 μακρῷ

2130 4378 2741 4452 κατορθουμένης,ἀλλά
2763 4382 3131 4452 προαιρέσεως
3154 4383 3236 4437 δεῖ
3249 4384 3502 4451 γενναίας
3530 4388 3712 4456 μόνον,

2129 4464 2223 4518 καὶ
2250 4461 2511 4535 δεξόμεθα
2532 4463 2628 4536 τὴν
2662 4458 2949 4536 ἐμπειρίαν
2986 4466 3044 4518 ἐν
3075 4464 3309 4538 βραχείᾳ
3335 4468 3524 4538 καιροῦ
3544 4472 3711 4542 ῥοπῇ.

2129 4550 2202 4602 06
2240 4549 2395 4620 χρεία
2422 4549 2606 4611 τόπου,
2636 4548 2695 4600 06
2729 4549 2885 4619 χρεία
2915 4550 3128 4622 χρόνου,
3176 4550 3311 4603 ἀλλά
3341 4552 3433 4605 καί
3454 4554 3512 4604 ἐν
3547 4555 3714 4608 παντὶ

2127 4635 2298 4705 τόπῳ,
2336 4635 2430 4687 καὶ
2468 4635 2525 4686 ἐν
2548 4633 2710 4685 παντὶ
2739 4630 2915 4703 καιρῷ
2956 4633 3177 4702 ψάλλειν
3202 4631 3378 4698 ἔξεστι
3422 4635 3562 4689 κατά
3593 4636 3714 4692 διάη

2128 4734 2294 4770 νοιαν.
2343 4715 2458 4770 Κάν
2491 4715 2598 4785 γὰρ
2638 4716 2694 4767 ἐν
2736 4715 2911 4787 ἀγορᾷ
2946 4715 3181 4789 βαδίζῃς,
3212 4717 3316 4771 κᾶν
3352 4712 3410 4771 ἐν
3436 4717 3573 4782 ὁδοῖς
3618 4715 3709 4793 ᾖς,

2128 4799 2232 4853 κᾶν
2274 4800 2447 4868 φίλοις
2479 4796 2823 4870 συνεδρεύῃς,
2875 4794 3047 4865 ἔξεστι
3081 4799 3344 4872 διεγεῖραι
3378 4802 3477 4874 τήν
3508 4802 3707 4875 ψυχὴν,

2128 4881 2303 4946 ἔξεστι
2324 4882 2559 4951 σιγῶντα
2594 4881 2740 4952 βοᾷν.
2801 4880 2958 4935 Οὕτω
2997 4883 3138 4937 καὶὸ
3164 4876 3407 4956 Μωῡσῆς
3434 4885 3581 4951 ἐϐόα,
3614 4889 3712 4943 καὶ

2127 4968 2159 5018 6
2182 4966 2313 5029 Θεὸς
2344 4967 2564 5036 ἢκουσε.
2607 4963 2724 5018 Κᾶν
2752 4967 3094 5037 χειροτέχνης
3130 4959 3217 5037 ᾖς,
3262 4969 3322 5020 ἐν
3360 4971 3709 5042 ἐργαστηρίῳ

2129 5048 2431 5118 καθήμενος
2456 5048 2550 5102 καὶ
2600 5046 2983 5118 ἐργαζόμενος,
3023 5051 3226 5122 δυνήσῃ
3280 5050 3519 5120 ψάλλειν.
3585 5055 3708 5107 ΚΞν

2129 5129 2279 5203 [1541
2306 5129 2644 5202 στρατιώτης
2676 5125 2765 5203 ᾗς.
2820 5132 2877 5185 ἐν
2901 5131 3234 5204 δικαστηρίῳ
3256 5135 3630 5207 προσεδρεύων
3651 5147 3707 5204 ε,

2121 5213 2327 5286 δυνήσῃ
2353 5213 2415 5265 τὸ
2443 5213 2572 5267 αὐτὸ
2604 5212 2760 5265 τοῦτο
2785 5216 2977 5270 ποιεῖν.

2182 5370 2212 5409 b
2246 5370 2340 5440 Καὶ
2374 5371 2439 5426 εἷς
2462 5369 2606 5431 πέρας
2637 5368 2748 5440 ἄγῃ.
2801 5370 2951 5440 δενίῑ.
2985 5390 2997 5419 ι
3040 5370 3192 5440 (“Nisi
3233 5372 3325 5440 ἄγῃ
3359 5381 3579 5424 sumatur
3610 5389 3701 5438 pro

2120 5434 2333 5496 secugnda
2370 5444 2579 5496 persona
2607 5432 2907 5496 _sub;urgcli_vi
2958 5432 3128 5490 medii,
3169 5432 3499 5496 quod'umen
3539 5432 3701 5486 rufum

2120 5501 2217 5547 est.
2243 5492 2448 5541 herebi:
2482 5498 2583 5541 tota
2605 5492 2752 5554 hujus
2775 5492 2869 5541 loci
2898 5496 3133 5553 syntaxis.
3158 5492 3372 5545 .A'culiss.
3412 5498 3599 5546 Bohius
3628 5501 3701 5548 sic

2119 5555 2641 5625 ex‘conjgclura‘legtl
2673 5570 2685 5603 :
2712 5555 2794 5625 καὶ
2817 5555 2901 5625 εξς-
2916 5555 3062 5625 πέρας
3214 5558 3305 5618 (sc.
3408 5559 3699 5625 ἐπιτάγματα

2117 5614 2208 5681 τοῦ
2229 5614 2512 5681 πνεύματος)
2536 5614 2683 5681 ταύτῃ
2711 5617 2937 5664 ἐπιτελῶν
2968 5614 3054 5673 τήν
3092 5614 3290 5681 ἀρίστην
3312 5619 3395 5668 καὶ

2118 5678 2262 5741 ᾠδὴν,
2284 5675 2434 5741 οβτως
2456 5675 2654 5735 ἐργάσῃ.
2669 5681 2775 5741 etc.
2792 5694 2810 5727 ι

2183 5742 2205 5769 c
2229 5737 2392 5789 Codex
2430 5734 2558 5785 umis
2589 5740 2713 5800 apud
2745 5734 2891 5789 ωιτη.
2928 5739 3249 5803 παρεδρεύων.

3905 2250 3928 2295 Γ

3910 2302 3926 2347 1
