4084 6278
468 426 573 484 157

467 542 862 603 discernentes,
889 544 1033 603 sape
1053 527 1272 600 quidem
1297 565 1315 591 ,
1347 528 1402 579 ot
1425 535 1522 593 per
1549 529 1608 573 se
1632 514 1881 597 singula,
1908 522 2057 579 saepe

470 644 649 689 autem
679 629 843 685 etiam
862 636 1052 680 omnes
1069 616 1406 676 concorditer
1445 624 1607 667 uitam
1626 606 1915 678 quamdam
1938 616 2054 657 me-

476 726 675 783 lodiam
702 718 1019 777 concinnat.
1057 713 1173 768 Hoc
1199 718 1379 765 autem
1400 705 1602 760 faciunt
1629 699 1903 763 mulieres,
1944 696 2057 749 via-

483 828 652 880 tores,
674 809 927 883 agricolae
952 814 1008 862 et
1030 811 1227 869 nautae,
1255 799 1347 883 qui
1373 813 1439 852 ex
1459 807 1621 866 opere
1654 788 1895 846 faciendo
1933 800 2056 841 sus-

482 908 677 979 cipitur
720 882 965 959 laborem
1016 905 1177 953 cantu
1224 882 1491 949 consolari
1543 886 1783 941 volentes
1805 916 1825 944 υ
1876 886 2063 949 utpote

481 1017 609 1056 cum
630 997 835 1059 anima,
863 994 909 1047 si
934 1003 1152 1047 carmen
1170 996 1227 1040 et
1264 982 1530 1038 cautium
1554 974 1799 1039 audierit,
1832 971 2063 1026 moirsta

484 1104 540 1151 et
576 1089 813 1148 difficilia
834 1088 904 1140 sit
931 1082 1135 1138 facilius
1163 1079 1471 1133 toleratura.
1499 1068 1761 1138 Quoniam
1793 1078 1924 1134 ergo
1955 1062 2059 1116 hoc

485 1199 656 1257 genus
679 1174 1052 1237 delectationis
1074 1179 1156 1228 est
1185 1176 1385 1224 nostra:
1404 1162 1596 1217 anime
1620 1155 1778 1212 valde
1803 1155 2068 1215 innatlsm,

495 1245 567 1335 ne
613 1272 888 1331 daemones
938 1267 1133 1323 lasciva
1161 1273 1216 1321 et
1249 1256 1549 1316 meretricia
1586 1252 1791 1308 cantica
1818 1245 2067 1304 introdu-

487 1376 699 1430 centes,
724 1362 904 1419 omnia
924 1361 1253 1418 everterent,
1283 1350 1534 1405 Psalmos
1554 1345 1701 1399 Deus
1718 1338 1988 1410 opposuit,
2009 1343 2073 1389 ut

491 1475 555 1514 ex
585 1471 652 1512 ea
678 1427 739 1509 re
757 1449 916 1507 simul
941 1452 1226 1516 caperetur
1253 1439 1498 1508 voluptas
1515 1442 1574 1490 et
1599 1430 1819 1487 utilitas.
1868 1427 1943 1482 Ex
1969 1439 2068 1479 ex-

493 1548 658 1604 ternis
701 1543 849 1599 enim
879 1514 1102 1594 canticis
1130 1533 1408 1592 damnum,
1435 1535 1492 1580 et
1514 1522 1732 1579 exitium
1758 1559 1777 1584 ,
1807 1525 1867 1572 et
1902 1514 2071 1570 multa-

490 1638 673 1710 gravia
712 1631 1035 1690 invehuntur
1065 1645 1077 1680 :
1108 1639 1231 1679 nam
1263 1636 1385 1677 cum
1414 1632 1534 1689 qua:
1554 1622 1681 1669 sunt
1702 1612 1755 1666 in
1783 1609 1871 1664 his
1895 1605 2070 1662 canti-

495 1697 573 1787 cis
602 1725 886 1784 lasciviora
929 1732 983 1777 et
1006 1717 1264 1786 iniquiora
1287 1756 1304 1781 ,
1340 1710 1579 1782 partibus
1622 1705 1815 1761 anima:
1853 1697 2071 1754 insede-

499 1823 608 1876 rint
635 1859 654 1883 ,
699 1830 820 1871 eam
848 1808 1257 1868 imbecilliorem
1294 1800 1522 1858 reddunt
1546 1805 1606 1853 et
1633 1792 1935 1849 molliorem
1963 1807 1977 1842 :
2007 1803 2075 1843 ex

502 1909 724 1966 Psalmis
751 1915 929 1962 autem
958 1897 1318 1971 spiritualibus
1344 1892 1473 1948 lucri
1498 1888 1719 1960 quidem
1745 1884 2035 1955 plurimum
2054 1914 2074 1945 ,

507 2000 735 2055 maxima
781 2003 959 2049 autem
1012 1990 1211 2046 utilitas
1259 1982 1583 2055 insignisque
1612 1973 1986 2032 sanctificatio.
2019 1978 2078 2025 et

500 2092 674 2147 omnis
707 2082 1058 2158 philosophia:
1087 2078 1298 2136 occasio
1326 2071 1668 2145 processerit,
1693 2081 1814 2123 cum
1842 2072 1901 2120 et
1916 2062 2076 2117 verba

503 2154 732 2239 animam
757 2154 973 2247 expiem
992 2217 1009 2241 ,
1036 2182 1093 2229 et
1123 2179 1340 2226 sanctus
1363 2164 1591 2236 Spiritus
1618 2162 1675 2216 in
1695 2157 1934 2214 canentis
1968 2154 2084 2209 ani-

505 2291 643 2330 mam
682 2270 928 2328 celeriter
970 2264 1199 2321 advolet.
1248 2258 1402 2327 Quod
1451 2256 1600 2310 enim
1620 2251 1710 2322 qui
1746 2256 1940 2305 canunt
1956 2260 2083 2301 cum

506 2366 849 2435 intelligentia
875 2400 897 2426 ,
920 2366 1115 2411 vocent
1136 2351 1363 2422 Spiritus
1405 2346 1656 2417 gratiam,
1684 2340 1806 2397 audi
1834 2336 1963 2409 quid
1993 2336 2079 2390 di-

509 2467 598 2517 cat
625 2429 818 2511 Paulus
846 2469 860 2506 :
891 2448 1069 2502 Nolite
1089 2441 1324 2498 inebriari
1351 2439 1493 2502 vino,
1515 2436 1570 2490 in
1593 2450 1692 2506 quo
1724 2442 1797 2486 est
1826 2429 2033 2484 muria
2061 2440 2081 2479 :

507 2548 595 2603 sed
627 2540 911 2615 implemim'
962 2536 1183 2607 Spiritu.
1225 2528 1509 2600 Subiungit
1537 2533 1715 2582 autem
1743 2523 1911 2577 etiam.
1932 2533 2084 2589 quin-

512 2655 633 2696 nam
663 2610 733 2692 sit
758 2630 1013 2704 implendi
1043 2627 1178 2682 ratio
1203 2643 1216 2679 :
1247 2623 1489 2678 Cauentes
1526 2626 1573 2673 et
1598 2614 1871 2688 psallentes
1893 2610 1946 2664 in
1974 2624 2086 2662 cor-

514 2732 659 2785 dibus
676 2699 852 2782 vestris
880 2722 1096 2776 Domino
1122 2715 1340 2788 (Ephes.
1368 2714 1422 2768 5.
1450 2710 1538 2766 is.
1566 2708 1675 2779 t9).
1703 2704 1839 2774 Quid
1874 2709 1983 2767 est,
2020 2699 2087 2761 In

515 2820 744 2876 cordibus
772 2815 947 2872 uestris
967 2810 991 2867 ?
1009 2812 1145 2866 Cum
1176 2802 1542 2875 intelligentia,
1582 2797 1752 2868 inquit
1776 2813 1790 2849 :
1813 2803 1999 2850 utnon
2028 2805 2090 2846 os

517 2913 752 2985 quidem,
802 2906 999 2978 inquit,
1018 2901 1181 2958 verba
1211 2899 1483 2969 loquatur,
1532 2905 1685 2948 mens
1724 2897 1900 2943 autem
1939 2894 2090 2939 extra

517 2975 754 3058 versetur
803 2975 1036 3066 undique
1080 3005 1274 3062 vagans
1307 3005 1320 3042 :
1350 2985 1448 3042 sed
1496 2992 1557 3038 ut
1587 2982 1762 3051 lingua
1809 2977 1879 3033 ab
1904 2975 2089 3031 anima

519 3093 779 3148 audiatur.

590 3183 646 3237 2.
673 3179 1021 3238 Conuiuiorum
1067 3174 1283 3228 cantica.
1332 3168 1502 3224 Simili
1558 3164 1735 3235 probat
1760 3204 1775 3228 ,
1817 3160 1880 3215 ab
1933 3157 2097 3230 epulis

523 3280 803 3350 gratiarum
829 3272 1073 3326 actionem
1100 3263 1428 3321 reddendam.
1457 3290 1529 3301 —
1556 3252 1625 3315 Et
1651 3253 2097 3328 quemadmodum

525 3348 621 3424 ubi
639 3376 722 3424 est
748 3379 960 3422 omnum
982 3402 996 3426 ,
1028 3375 1093 3416 eo
1122 3356 1267 3429 porci
1286 3360 1641 3427 concurrunt:
1670 3348 1756 3403 ubi
1782 3355 1955 3401 autem
1978 3353 2102 3397 sunt

529 3467 769 3514 aromata
818 3464 874 3511 et
916 3452 1149 3516 sufiitus,
1169 3462 1298 3519 apes
1327 3447 1433 3500 illic
1458 3443 1697 3498 habitant
1724 3457 1736 3494 :
1766 3439 1836 3492 ita
1865 3437 1951 3492 ubi
1980 3442 2105 3490 sunt

528 3551 742 3619 quidem
769 3543 1067 3602 meretricia
1091 3541 1317 3603 cantica,
1349 3537 1456 3590 illic
1480 3538 1874 3603 congregantur
1897 3528 2103 3582 daemo-

531 3618 627 3697 nes
656 3659 673 3695 :
701 3640 786 3694 ubi
811 3645 988 3692 autem
1013 3632 1216 3687 cantica
1243 3626 1558 3698 spiritualia,
1586 3624 1711 3677 illuc
1741 3620 1955 3676 advolat
1983 3618 2096 3686 Spi-

531 3735 665 3788 ritus
691 3731 879 3801 gratia,
910 3742 1029 3797 qua:
1054 3739 1115 3779 os
1142 3720 1440 3778 sanctificat
1458 3731 1515 3775 et
1528 3718 1781 3772 animam.
1812 3714 1937 3769 Haec
1961 3711 2104 3776 dico,

534 3840 642 3880 non
672 3829 731 3877 ut
756 3836 850 3876 vos
882 3828 1107 3877 tantum,
1136 3813 1361 3870 laudetis
1380 3851 1395 3877 ,
1436 3811 1530 3865 sed
1559 3818 1617 3863 ut
1666 3806 1804 3861 ﬁlios
1830 3813 1884 3860 et
1911 3818 2107 3860 uxores

535 3916 769 3972 doceatis
798 3912 919 3968 talia
947 3918 1163 3966 cantare
1210 3905 1437 3967 cantica,
1462 3917 1569 3956 non
1595 3899 1766 3954 solum
1797 3898 1850 3951 in
1880 3894 2111 3951 texendo

537 4010 711 4065 aliove
736 4020 900 4078 opere
931 3999 1197 4064 faciendo,
1227 3997 1323 4053 sed
1375 3994 1609 4050 maxime
1650 3992 1702 4046 in
1734 3984 1939 4045 mensa.
1979 3984 2111 4041 Cum

538 4101 680 4156 enim
700 4097 962 4161 diabolus,
995 4091 1352 4163 utplurimum
1403 4083 1686 4141 insidietur
1724 4081 1778 4135 in
1808 4078 2067 4134 conviviis
2096 4116 2112 4143 ,

539 4190 809 4248 ebrietatis
833 4228 850 4253 ,
896 4185 1144 4257 ingluviei
1171 4224 1189 4250 ,
1241 4182 1486 4249 risusque
1537 4172 1760 4245 profusi,
1802 4179 1859 4228 et
1904 4169 2114 4242 remissi

540 4281 703 4336 animi
731 4279 931 4335 auxilio
961 4284 1140 4341 utatur
1167 4289 1181 4326 :
1213 4280 1345 4326 tunc
1386 4266 1617 4323 maxime
1642 4268 1857 4332 oportet
1893 4269 1948 4315 et
1991 4267 2118 4313 ante

543 4387 809 4438 mensam,
838 4376 896 4424 et
924 4375 1045 4438 post
1073 4377 1314 4420 mensam
1340 4400 1357 4427 ,
1409 4373 1470 4414 se
1521 4355 1730 4412 munire
1780 4351 2116 4408 Psalmorum

545 4462 813 4534 praesidio,
845 4469 900 4514 et
926 4456 1085 4513 simul
1112 4468 1233 4510 cum
1266 4465 1434 4506 uxore
1458 4463 1523 4503 ac
1551 4444 1735 4501 liberis
1765 4451 2045 4512 surgentes
2087 4455 2119 4493 a

545 4553 812 4620 convivio,
847 4551 1074 4621 hymnos
1099 4558 1284 4601 sacros
1316 4543 1426 4597 Deo
1458 4552 1676 4595 canere.
1711 4534 1766 4590 Si
1796 4535 1942 4589 enim
1989 4532 2123 4586 Pau—

547 4644 651 4709 lus,
681 4645 765 4699 cui
791 4637 1142 4697 intolerabilia
1169 4632 1375 4704 ﬂagella
1405 4628 1789 4692 imminebant,
1815 4638 1938 4680 cum
1978 4622 2121 4703 ligno

549 4737 789 4807 alligatus
815 4734 868 4788 in
908 4743 1125 4786 carcere
1174 4699 1462 4788 habitaret,
1501 4719 1676 4775 media
1700 4724 1880 4782 nocte,
1908 4699 2122 4785 quando

552 4804 906 4883 cst—omnibus
934 4833 1155 4875 somnus
1176 4813 1616 4886 iucundissimus,
1647 4822 1769 4863 cum
1800 4805 1911 4861 Sila
1952 4804 2120 4860 Deum

554 4927 808 4989 perpetuo
834 4913 1102 4975 laudabat,
1123 4919 1178 4966 et
1201 4924 1298 4964 nec
1324 4907 1496 4972 locus,
1522 4919 1622 4959 nec
1645 4910 1874 4971 tempus,
1895 4913 1996 4954 nec
2016 4898 2128 4953 sol-

552 5009 873 5074 licitudines,
907 5020 1005 5061 nec
1026 5003 1200 5059 somni
1233 4998 1494 5073 tyrannis,
1525 5009 1624 5051 nec
1645 4994 1721 5049 illi
1750 4994 1959 5048 labores
1981 5032 1997 5056 ,
2030 5006 2131 5047 nec

554 5102 793 5165 dolores,
821 5113 922 5154 nec
947 5096 1233 5167 quidquam
1275 5090 1420 5146 aliud
1449 5103 1570 5144 eum
1599 5086 1774 5156 coegit
1806 5082 2129 5139 modulatio-

557 5211 676 5251 nem
715 5193 861 5248 illam
909 5189 1263 5245 intermittere
1292 5185 1437 5254 (Act.
1482 5182 1568 5236 l6.
1590 5180 1686 5249 25)
1719 5196 1732 5234 :
1765 5178 1931 5232 multo
1963 5176 2131 5246 magis

558 5304 675 5354 nos,
697 5288 782 5357 qui
801 5283 1039 5356 jucunde
1065 5281 1319 5337 vivimus.
1350 5285 1406 5332 et
1438 5275 1528 5330 Dei
1569 5271 1724 5328 bouis
1756 5269 2001 5333 fruimur,
2038 5270 2134 5340 hy-

559 5393 710 5432 mnos
729 5419 745 5441 ,
771 5375 967 5446 quibus
996 5373 1107 5428 Deo
1131 5370 1317 5441 gratiae
1345 5376 1568 5437 agantur
1586 5405 1601 5429 ,
1628 5369 1841 5433 Oportet
1867 5361 2131 5424 emittere,

563 5478 619 5522 ut
644 5468 688 5524 si
710 5468 793 5523 vel
814 5467 1072 5528 ebrietas,
1101 5464 1183 5516 vel
1237 5459 1501 5530 ingluvies
1529 5466 1725 5511 nostra:
1764 5453 1958 5507 anima:
1982 5461 2137 5519 turpe

563 5567 655 5625 aut
681 5557 970 5613 absurdum
999 5552 1125 5621 quid
1173 5549 1380 5616 fecerit,
1409 5547 1496 5602 ubi
1529 5546 1766 5617 ingressa
1795 5542 1959 5598 fuerit
1988 5541 2138 5611 psal-

564 5649 780 5715 modia,
839 5647 1018 5703 omnia
1058 5645 1146 5699 illa
1183 5643 1322 5698 mala
1377 5649 1432 5695 et
1461 5638 1700 5708 improba
1740 5635 1958 5692 consilia
2003 5633 2140 5687 resi-

567 5728 717 5785 liant.
746 5733 817 5791 Et
840 5728 1286 5802 quemadmodum
1306 5724 1547 5782 nonnulli
1576 5723 1768 5778 divites
1792 5719 2009 5788 impleta
2029 5715 2143 5769 bal-

565 5839 714 5883 samo
743 5828 964 5900 spongia
985 5840 1198 5881 mensas
1227 5822 1536 5893 abstergunt
1567 5858 1579 5871 .
1618 5827 1671 5872 ut
1710 5816 1754 5870 si
1780 5829 1847 5870 ex
1870 5811 2003 5867 cibis
2033 5809 2138 5864 ulla

1635 387 1993 457 EXPOSl'flO
2027 384 2095 448 lN
2131 384 2453 447 PSALliUM
2479 381 2621 446 XLI.

3642 390 3743 452 158

2168 505 2486 562 remanserit
2503 504 2733 570 macula,
2757 510 2821 559 ea
2839 510 3074 558 extracta
3103 518 3291 574 puram
3313 520 3553 565 mensam
3572 518 3746 567 osten-

2162 599 2291 652 dam
2325 599 2558 653 πίθησθε
2584 611 2795 668 quoque
2817 596 3068 652 faciamus
3115 610 3213 666 pro
3260 597 3501 655 balsamo
3543 617 3604 658 os
3646 605 3748 659 im-

2165 689 2369 757 pientes
2394 680 2623 743 melodia
2651 688 2908 757 spirituaii
2932 706 2954 742 ει
2982 690 3107 743 utsi
3135 702 3199 744 ex
3231 693 3526 758 saturitate,
3556 695 3658 747 ulla
3690 695 3744 750 in

2164 781 2340 835 anima
2385 780 2593 835 macula
2634 781 2969 847 remanserit,
3014 794 3133 835 eam
3178 792 3274 850 per
3319 783 3466 839 iitam
3506 787 3750 840 modula-

2164 873 2364 928 tionem
2392 872 2795 942 abstergamus,
2836 880 2892 927 et
2929 873 3091 926 simui
3129 882 3316 929 omines
3362 882 3565 932 stantes
3600 877 3748 933 dica~

2166 972 2286 1024 mus
2331 981 2349 1018 :
2395 962 2673 1018 Delectain
2706 974 2816 1029 nos,
2865 964 3098 1031 Domine,
3143 967 3195 1019 in
3226 967 3425 1035 factum
3461 972 3567 1037 tua,
3616 973 3751 1028 etin

2167 1056 2404 1124 operibus
2444 1068 2685 1110 manuum
2726 1065 2933 1111 tuarum
2970 1058 3330 1114 exsultabimus
3363 1056 3530 1131 (P'sal.
3558 1058 3751 1137 91.5).

2170 1146 2297 1202 Fosi
2325 1146 2675 1215 psalmodiam
2701 1148 2880 1201 autem
2903 1146 3128 1202 addatur
3149 1150 3308 1203 etiam
3330 1152 3520 1217 oratio,
3550 1164 3605 1207 tit
3630 1160 3751 1209 cum

2170 1238 2346 1291 anima
2395 1239 2563 1307 ipsam
2608 1244 2818 1306 quoque
2872 1237 3094 1293 domina
3135 1241 3546 1298 sanctificemus.
3610 1244 3759 1301 Sicut

2171 1328 2319 1382 enim
2359 1327 2450 1396 qui
2488 1328 2698 1393 mimos,
2752 1328 2807 1382 ei
2851 1329 3157 1397 Saltatores,
3194 1340 3248 1386 et
3287 1333 3539 1388 muiieres
3577 1344 3755 1391 more.

2175 1421 2337 1476 frices
2370 1421 2709 1476 introduCunt
2736 1421 2793 1475 in
2813 1422 3073 1487 convitia,
3114 1422 3384 1479 dat-mones
3410 1428 3467 1480 et
3482 1422 3755 1483 diabolum

2173 1512 2298 1567 illnc
2327 1514 2548 1577 Vocant,
2593 1514 2649 1567 et
2677 1513 2866 1568 domos
2890 1518 3012 1568 snas
3038 1513 3257 1583 implent
3284 1513 3437 1571 bellis
3465 1514 3760 1575 innumeris

2176 1602 2323 1675 (hinc
2348 1610 2495 1658 certe
2519 1602 2818 1672 zelotypiae,
2851 1603 3129 1670 adulteria,
3159 1612 3363 1673 sttmra,
3395 1616 3447 1661 et
3472 1608 3573 1662 alia
3601 1609 3761 1663 innu-

2177 1695 2389 1765 mera):
2420 1692 2489 1748 ita
2514 1693 2601 1764 qui
2638 1700 2831 1748 vocant
2858 1692 3019 1749 David
3041 1702 3167 1749 cum
3192 1696 3414 1761 cithara,
3440 1697 3581 1753 intus
3608 1699 3764 1755 Chria

2177 1788 2316 1840 stum
2340 1796 2438 1854 per
2461 1786 2643 1854 ipsum
2675 1792 2885 1839 vocant.
2910 1780 3021 1841 Ubi‘
3038 1790 3217 1841 autem
3247 1788 3331 1843 est
3350 1783 3614 1856 Christus,
3645 1792 3766 1845 nul-

2180 1878 2266 1934 lus
2291 1876 2499 1933 damon
2530 1872 2751 1947 quidem
2776 1872 3001 1946 ingredi,
3029 1876 3113 1932 vel
3145 1880 3322 1948 potius
3349 1893 3417 1934 ne
3445 1880 3619 1936 obiter
3642 1883 3763 1952 qui-

2178 1965 2308 2025 dem
2333 1968 2595 2039 inspicere
2622 1974 2789 2025 ausus
2810 1966 2968 2024 fuerit
2998 1982 3021 2023 τ’
3042 1978 3139 2038 pax
3184 1977 3363 2026 autem
3383 2009 3400 2038 ,
3424 1978 3478 2028 et
3519 1972 3767 2043 diiectio,

2179 2070 2237 2117 et
2280 2061 2462 2115 omnia
2506 2070 2776 2130 tamquam
2816 2072 2882 2115 ex
2925 2056 3158 2115 fontibus
3182 2057 3323 2117 bona
3351 2064 3764 2132 proma‘na'hunt.

2183 2149 2261 2211 illi
2290 2154 2506 2211 domum
2531 2162 2685 2209 suam
2706 2148 2905 2208 faciunt
2928 2152 3228 2221 theatrum;
3282 2164 3337 2210 ru
3376 2156 3667 2211 ecclesiam
3687 2160 3768 2213 fac

2186 2250 2333 2301 tuam
2359 2240 2756 2301 dom‘uncuiam.
2789 2240 2890 2301 Ubi
2916 2246 3067 2301 enim
3086 2254 3171 2300 est
3196 2247 3451 2316 pssimus,
3499 2257 3554 2303 et
3577 2251 3770 2315 oratio,

2185 2334 2461 2392 cichorea
2488 2336 2892 2407 prophetamm‘,
2944 2344 3002 2393 et
3043 2338 3161 2407 pius
3214 2340 3770 2408 canentium'snimus,

2190 2442 2303 2483 non
2324 2426 2654 2483 aherraverit
2696 2429 2955 2497 quis-piam
3017 2431 3105 2498 qui
3147 2428 3291 2485 hunc
3339 2440 3535 2487 ctutum
3579 2432 3776 2488 dixerit

2188 2518 2490 2572 ecclesiam.
2521 2514 2743 2572 Etiamsi
2771 2520 2880 2572 vim
2898 2512 3190 2573 verborum
3222 2528 3325 2574 non
3362 2523 3595 2587 noveris,
3642 2512 3777 2578 doce

2191 2609 2400 2662 interea
2444 2607 2617 2678 ipsum
2665 2622 2726 2663 os
2772 2608 2937 2663 verba
2970 2608 3170 2665 dicere;
3218 2609 3587 2667 Sanctificatur
3629 2615 3774 2670 enim

2191 2701 2350 2755 etiam
2378 2699 2553 2770 lingua
2581 2712 2674 2769 per
2694 2700 2879 2766 verba,
2922 2701 3135 2770 quando
3163 2712 3226 2758 ea
3254 2702 3502 2759 dicuntur
3533 2715 3779 2777 prompto

2193 2800 2245 2846 et
2271 2790 2432 2847 alacri
2456 2791 2652 2847 animo.
2686 2790 2749 2847 Si
2782 2805 2881 2847 nos
2926 2793 3073 2862 ipsos
3108 2787 3491 2850 deduxerimus
3527 2798 3595 2853 ad
3643 2798 3781 2857 hanc

2195 2883 2653 2949 consuetudinem,
2708 2898 2807 2939 nec
2860 2894 3045 2940 nasus
3081 2895 3306 2955 sponte,
3348 2897 3452 2943 nec
3477 2896 3571 2957 per
3595 2900 3782 2946 socor-

2202 2973 2351 3028 diam
2391 2972 2671 3044 pulchrum
2716 2972 2818 3029 hoc
2867 2976 3336 3044 praetermittemus
3383 2977 3780 3045 ministerium,

2198 3078 2347 3120 more
2405 3064 2490 3121 vel
2532 3065 2730 3120 invitos
2778 3081 2878 3120 nos
2949 3075 3175 3137 cogente
3235 3067 3378 3124 hunc
3435 3068 3528 3126 Diti
3583 3071 3784 3126 cultum

2200 3156 2441 3228 quotidie
2487 3171 2761 3227 peragere.
2822 3158 2879 3212 lu
2922 3156 3020 3212 hac
3076 3159 3470 3224 modulatione,
3526 3170 3623 3216 seu
3669 3163 3788 3233 quis

2204 3250 2368 3306 fuerit
2390 3251 2540 3306 senio
2573 3248 2866 3317 confectus,
2909 3265 3004 3306 seu
3028 3252 3262 3321 juvenis,
3299 3266 3394 3308 seu
3421 3264 3551 3309 voce
3575 3262 3787 3325 aspera,

2205 3358 2307 3398 seu
2351 3343 2524 3397 omnis
2569 3341 2780 3412 penitus
2823 3341 3029 3397 numeri
3079 3343 3325 3414 ignarus,
3380 3342 3511 3400 nihil
3559 3347 3609 3402 ei
3660 3346 3791 3401 vitio

2206 3432 2438 3487 dabitur.
2487 3431 2647 3499 Quod
2692 3433 2837 3487 enim
2863 3432 2949 3487 hic
2977 3434 3252 3503 qtueritnr,
3283 3442 3365 3488 est
3390 3434 3566 3490 sobria
3592 3436 3789 3503 anima,

2208 3532 2361 3580 mens
2389 3524 2630 3595 vigilans,
2662 3534 2757 3579 cor
2782 3532 3177 3594 eompuucmm',
3216 3523 3386 3582 valida
3415 3528 3571 3593 ratio,
3595 3543 3791 3596 expur-
3826 3558 3829 3561 -

2210 3627 2330 3687 gata
2366 3617 2712 3672 conscientia.
2758 3616 2812 3671 Si
2857 3614 2977 3671 hmo
3020 3614 3254 3684 habens,
3311 3619 3582 3688 ingressus
3632 3618 3795 3676 fueris

2212 3709 2265 3763 in
2310 3712 2551 3763 sanctum
2598 3708 2693 3763 Dei
2726 3706 2979 3773 chorum,
3020 3704 3170 3778 juxta
3217 3710 3389 3778 ipSum
3444 3708 3610 3765 David
3656 3719 3798 3765 stare

2213 3799 2434 3868 poteris.
2496 3792 2591 3854 Hic
2639 3813 2747 3853 non
2804 3804 2886 3853 eSt
2936 3810 3071 3868 Opus
3114 3798 3353 3863 cithara,
3404 3810 3577 3869 neque
3623 3801 3801 3855 nervis

2215 3891 2474 3956 extensis,
2520 3904 2693 3959 neque
2732 3889 2954 3959 plectro,
2988 3903 3088 3943 nec
3132 3897 3264 3954 arte,
3309 3904 3406 3943 nec
3436 3889 3559 3943 ullis
3606 3888 3803 3945 instru-

2219 3985 2415 4040 mentis
2445 4002 2458 4038 :
2485 3984 2585 4039 sed“
2609 3985 2651 4039 si
2681 3985 2834 4050 velis,
2877 3983 3102 4053 tcipsum
3132 3982 3335 4039 efficies
3361 3984 3618 4038 citharam
3637 4026 3652 4051 ,
3679 4000 3802 4039 cum

2218 4076 2394 4129 carnis
2436 4076 2673 4129 membra
2717 4073 3141 4139 mortificaveris,
3180 4084 3237 4129 et
3272 4074 3475 4128 aninne‘
3519 4086 3638 4129 cum
3680 4090 3804 4129 cor-

2224 4178 2350 4235 pore
2382 4166 2673 4235 pulchrum
2705 4172 3022 4219 concentum
3067 4158 3328 4218 eﬂ'eceris.
3394 4156 3616 4230 Quando
3662 4162 3804 4218 enim

2223 4272 2329 4312 non
2375 4255 2703 4325 concupierit
2739 4267 2866 4310 caro
2914 4254 3174 4308 adversus
3218 4251 3471 4321 Spiritum
3516 4246 3708 4323 (Galat.
3751 4247 3807 4309 5.

2225 4346 2338 4418 Π),
2384 4347 2479 4403 sed
2510 4345 2652 4402 illius
2678 4345 2838 4417 jussis
2866 4343 3107 4411 cesserit,
3148 4354 3204 4399 et
3231 4352 3348 4399 eam
3381 4342 3610 4398 tamdem
3639 4343 3810 4399 duxe-

2225 4441 2338 4496 rit‘
2386 4440 2438 4495 in
2491 4440 2630 4494 viam
2682 4438 2937 4508 optimam
2969 4443 3025 4491 et
3050 4437 3279 4492 maxime
3300 4432 3684 4501 admirabilem,
3740 4436 3812 4491 ita

2227 4532 2509 4588 melodiam
2538 4530 2738 4588 ellicies
2763 4529 3114 4601 Spirituaiem.
3138 4527 3257 4584 Non
3285 4526 3377 4584 me
3398 4532 3537 4598 opus
3555 4536 3645 4583 εει·
3667 4535 3780 4581 arte
3796 4568 3811 4593 ,

2229 4636 2349 4695 qum
2375 4626 2534 4695 longe
2558 4630 2799 4692 tempore
2831 4621 3103 4691 perﬁcitur
3136 4634 3153 4675 :
3183 4610 3287 4675 scd‘
3315 4616 3457 4676 liena
3484 4628 3687 4674 tantum
3715 4633 3814 4672 vo-

2232 4716 2452 4780 luntate,
2472 4725 2531 4770 et
2542 4718 2804 4786 generoso
2829 4712 2994 4768 animi
3022 4712 3262 4768 instituto
3288 4724 3423 4782 opus
3447 4721 3549 4776 est,
3577 4727 3640 4767 ac
3668 4711 3815 4766 brevi

2234 4818 2481 4881 tempore
2514 4808 2670 4879 periti
2714 4806 3022 4863 evademus.
3071 4798 3193 4861 Non
3228 4814 3363 4876 opus
3406 4811 3495 4858 est
3538 4803 3680 4868 luco,
3712 4816 3817 4857 non

2235 4916 2368 4974 Opus
2412 4906 2501 4958 est
2533 4910 2793 4973 tempore,
2847 4898 2940 4954 sed
2983 4898 3035 4953 in
3078 4896 3223 4952 omni
3263 4898 3403 4962 loco,
3432 4904 3486 4950 et
3507 4895 3653 4949 omni
3683 4904 3819 4949 tem-

2238 5008 2387 5067 pore,
2419 4994 2547 5050 iicet
2581 5000 2762 5049 mente
2787 5004 3000 5047 canere.
3025 4987 3165 5044 Nam
3186 4990 3299 5043 sive
3325 4989 3378 5041 in
3408 4982 3524 5040 foro
3557 4986 3818 5053 ambules,

2239 5089 2352 5143 sive
2377 5086 2481 5143 iter
2502 5082 2838 5157 ingrediaris,
2871 5081 2983 5136 sive
3008 5092 3128 5135 cum
3158 5076 3343 5133 amicis
3371 5076 3669 5142 considea's,
3702 5076 3824 5129 licet

2240 5181 2473 5236 excitare
2501 5179 2758 5242 animum,
2784 5177 2908 5230 licet
2934 5173 3021 5228 vel
3048 5169 3243 5226 tacenti
3265 5169 3515 5224 clamare.
3560 5168 3631 5223 ita
3662 5168 3822 5222 etiam

2238 5273 2415 5328 Moses
2437 5270 2721 5333 clamabat,
2753 5277 2809 5322 ct
2836 5265 2974 5320 Deus
3002 5263 3251 5318 audiebat
3279 5258 3473 5330 (Exod.
3503 5258 3587 5313 l4.
3615 5257 3729 5326 i5).
3762 5260 3826 5313 Et

2245 5368 2287 5419 si
2318 5363 2480 5419 fueris
2506 5359 2709 5432 cpifex,
2757 5362 2957 5429 poteris
2983 5357 3034 5411 in
3062 5353 3273 5410 officina
3301 5352 3494 5407 sedens
3520 5362 3575 5406 et
3600 5360 3827 5421 open-aus

2241 5456 2491 5528 psallere.
2540 5450 2608 5508 Et
2630 5452 2673 5506 si
2701 5451 2854 5506 miles
2881 5451 2977 5518 sis,
3023 5457 3115 5504 aut
3142 5445 3329 5502 sedeas
3354 5445 3406 5498 in
3424 5441 3644 5514 judicio,
3683 5453 3828 5511 ιτοιθ-

2247 5552 2325 5602 ris
2348 5547 2449 5602 hoc
2473 5547 2643 5616 ipsum
2676 5544 2872 5600 facere.

2313 5744 2342 5819 ξ.
2372 5746 2424 5819 S_i
2457 5739 2643 5819 Saiilii_
2670 5740 3473 5819 coniecturn'iidens.adhibeatur
3488 5775 3507 5804 ,
3555 5737 3823 5803 legendum

2252 5805 2367 5869 erit,
2389 5809 2436 5857 in
2462 5804 2673 5856 secunda
2701 5798 2931 5866 persona,
2964 5798 3183 5852 duxeris.
