4068 6288
311 399 415 455 159

381 515 434 569 5.
478 509 706 565 Gemitus
725 508 932 580 spiritus
955 508 1066 578 quis
1090 509 1174 562 sit.
1193 507 1425 561 -â€”Licet
1453 506 1612 560 etiam
1650 505 1765 559 sine
1795 518 1888 558 vo-

308 621 372 658 ce
405 605 650 672 psallere,
683 618 802 656 cum
831 618 984 656 mens
1029 602 1169 655 intus
1196 610 1434 655 resonet.
1463 599 1578 654 Non
1617 601 1759 654 enini
1791 598 1888 652 hn-

310 694 543 748 minibus
572 693 831 755 canimus,
859 691 952 746 sed
985 692 1122 757 Deo,
1167 692 1254 759 qui
1286 699 1458 758 potest
1488 691 1574 744 vel
1601 689 1763 744 corda
1790 703 1887 742 au-

313 786 448 849 dire,
479 793 532 838 et
559 784 609 837 in
635 786 826 838 tuentis
850 791 1046 837 nostra:
1070 796 1259 835 arcana
1281 781 1505 849 ingredi.
1539 781 1650 834 lloc
1677 793 1888 849 quoque

313 876 508 929 Paulus
536 875 822 928 ostendens
850 871 1189 938 vociferatur,
1234 871 1453 925 dicens:
1485 870 1606 940 Ipse
1659 871 1886 940 Spiritus

308 963 596 1032 interpellat
642 979 732 1032 pro
758 963 897 1016 nobis
920 963 1181 1032 gemitibus
1202 961 1637 1014 inenarrabilibus.
1663 959 1764 1025 Qui
1791 975 1890 1011 au-

311 1067 410 1108 tent
434 1064 686 1108 scrutatur
712 1053 888 1119 corda,
915 1053 1005 1106 scit
1031 1051 1152 1123 quid
1180 1050 1426 1104 desideret
1455 1051 1680 1120 Spiritus
1703 1091 1719 1114 ,
1748 1047 1886 1118 quod

313 1145 592 1200 secundum
613 1144 776 1198 Deum
797 1144 1012 1214 postulet
1031 1159 1121 1212 pro
1145 1141 1331 1196 sanctis
1357 1140 1537 1212 (Rom.
1567 1141 1622 1195 8.
1652 1140 1740 1195 26.
1771 1137 1889 1210 27).

310 1240 421 1293 lloc
450 1247 627 1291 autem
656 1235 885 1298 dicebat,
934 1249 1040 1289 non
1086 1233 1226 1302 quod
1254 1233 1483 1302 Spiritus
1499 1239 1762 1300 gemeret,
1790 1229 1886 1284 sed

309 1331 450 1399 quod
475 1331 572 1384 viri
601 1328 924 1399 spirituales,
967 1327 1058 1397 qui
1089 1325 1289 1380 habent
1313 1324 1452 1377 dona
1496 1323 1724 1392 Spiritus
1748 1362 1769 1387 ,
1792 1337 1889 1390 pro

310 1421 623 1490 propinquis
652 1428 899 1481 orantes,
931 1427 984 1470 et
1009 1413 1424 1485 supplicationes
1461 1409 1891 1475 otierentes,hoc

311 1513 676 1565 l'accrentcum
695 1509 1105 1578 compunctioue
1121 1516 1173 1560 et
1187 1505 1490 1575 gemitibus.
1515 1503 1626 1558 lloc
1647 1518 1744 1556 nos
1759 1519 1890 1571 quo-

311 1617 410 1670 que
455 1601 742 1664 faciamus,
784 1608 837 1652 et
876 1597 1112 1667 quotidie
1154 1597 1318 1650 Deum
1367 1595 1766 1662 iuterpellemus
1795 1607 1889 1661 per

308 1694 540 1762 psalmos
572 1701 625 1746 et
652 1691 940 1745 orationes.
969 1689 1047 1744 Ne
1085 1697 1264 1743 autem
1293 1688 1454 1742 verba
1481 1686 1654 1740 solum
1695 1683 1888 1739 offera-

309 1801 443 1850 mus,
478 1783 571 1838 sed
605 1783 772 1853 ipsam
798 1782 958 1834 etiam
987 1779 1222 1842 sciamus
1263 1778 1366 1832 vim
1411 1777 1701 1832 dictionum
1726 1817 1743 1842 ,
1792 1790 1890 1845 ago

309 1878 478 1942 ipsum
499 1874 654 1942 hujus
673 1872 863 1925 Psalmi
883 1870 1196 1939 prooemium
1215 1871 1267 1922 in
1286 1867 1518 1924 medium
1540 1866 1892 1921 adducamus.

310 1965 461 2031 Quod
487 1974 571 2019 est
613 1979 741 2034 ergo
771 1962 1127 2031 prommium?
1171 1959 1611 2028 Quemadmodum
1641 1958 1892 2012 desiderat

305 2073 477 2111 cervus
502 2057 568 2109 ad
593 2059 752 2128 fontes
772 2071 1051 2125 aquarum,
1097 2054 1168 2106 ita
1195 2053 1445 2106 desiderat
1475 2051 1647 2104 anima
1671 2065 1783 2101 mea
1823 2047 1890 2100 ad

309 2165 374 2216 te,
400 2149 557 2202 Deus.
590 2149 683 2202 Hic
706 2157 790 2201 est
811 2162 928 2200 mos
953 2145 1265 2210 amantium,
1290 2157 1526 2196 amorem
1545 2140 1756 2194 silentio
1780 2153 1888 2193 non

310 2243 501 2307 celare,
535 2240 631 2296 sed
655 2240 930 2295 enuntiare
952 2237 1159 2301 vicinis,
1190 2243 1245 2290 et
1265 2235 1444 2289 dicere
1471 2247 1530 2287 se
1555 2246 1754 2286 amare.
1788 2231 1890 2283 Ar-

308 2335 441 2388 tlens
461 2333 601 2388 enim
633 2348 718 2387 res
740 2340 822 2386 est
842 2342 1029 2385 natura
1055 2327 1376 2392 dilectionis,
1398 2340 1499 2380 nec
1523 2332 1696 2392 poteSt
1713 2322 1891 2377 anima

307 2427 591 2490 sustinere,
626 2435 679 2477 ut
703 2439 820 2478 eam
847 2422 1060 2476 silentio
1077 2427 1276 2475 teneat.
1303 2420 1369 2472 Et
1395 2418 1514 2472 ideo
1539 2431 1726 2470 amans
1757 2429 1890 2484 quo-

307 2530 414 2584 que
462 2515 656 2568 Paulus
698 2514 908 2568 dicebat
955 2511 1243 2566 Corinthiis
1274 2528 1288 2564 :
1316 2507 1388 2563 Os
1433 2518 1659 2562 nostrum
1699 2507 1767 2559 ad
1807 2523 1890 2560 vos

306 2617 538 2677 apertum
564 2615 656 2672 est,
689 2606 939 2660 Corinthii
970 2603 988 2676 (
1012 2606 1061 2658 1.
1090 2604 1207 2658 Cor.
1235 2602 1290 2657 6.
1325 2601 1413 2671 11)
1442 2618 1454 2654 :
1488 2601 1588 2655 hoc
1615 2609 1723 2667 est,
1771 2599 1889 2656 Non

310 2713 525 2766 possum
553 2698 849 2762 continere,
888 2705 942 2752 et
965 2695 1179 2750 silentio
1207 2708 1451 2764 premere
1498 2692 1832 2747 dilectionem
1863 2733 1882 2758 ,

306 2788 399 2842 sed
440 2802 532 2842 vos
559 2802 770 2856 semper
797 2796 852 2841 et
879 2786 1092 2855 ubique,
1115 2793 1170 2839 et
1219 2785 1273 2838 in
1314 2791 1490 2838 mente
1518 2792 1571 2836 et
1610 2783 1664 2836 in
1708 2783 1887 2852 lingua

307 2877 644 2934 circumfero.
681 2878 752 2931 Ita
779 2879 937 2932 etiam
961 2877 1048 2932 hic
1073 2879 1259 2932 beatus
1287 2877 1453 2930 Deum
1485 2890 1689 2940 amans,
1716 2883 1771 2928 et
1795 2889 1885 2928 ar-

307 2973 440 3024 tlens
461 2983 664 3033 amore,
693 2984 799 3022 non
819 2977 996 3039 potest
1017 2969 1066 3021 in
1084 2971 1318 3020 animum
1340 2967 1590 3020 inducere
1617 2973 1676 3018 ut
1697 2973 1887 3032 taceat,

307 3063 399 3116 sed
421 3061 702 3130 aliquando
730 3062 944 3131 quidem
975 3060 1102 3114 dicit
1126 3077 1137 3112 :
1178 3057 1612 3123 Quemadmodum
1638 3057 1889 3110 desiderat

305 3169 477 3204 cervus
499 3152 565 3204 ad
587 3154 747 3221 fontes
764 3168 1030 3220 aquarum,
1050 3152 1122 3202 ita
1143 3150 1389 3203 desiderat
1410 3149 1581 3202 anima
1601 3163 1710 3200 mea
1730 3149 1797 3202 ad
1816 3159 1886 3215 te,

308 3243 463 3298 Deus.
491 3243 787 3313 Aliquando
815 3253 994 3298 autem
1017 3242 1175 3307 Deus,
1206 3241 1342 3297 Deus
1366 3259 1526 3306 meus,
1548 3244 1617 3297 ad
1646 3252 1693 3298 te
1718 3243 1782 3296 de
1809 3243 1890 3296 lu-

307 3353 362 3388 ce
383 3335 553 3404 vigilo.
584 3333 755 3390 Sitit-it
781 3335 848 3388 ad
873 3345 919 3388 te
939 3336 1110 3387 anima
1133 3351 1262 3396 utea.
1291 3335 1419 3388 sicut
1449 3345 1582 3388 terra
1605 3336 1888 3401 inaccessa,

305 3428 414 3478 sine
441 3443 594 3496 aqua,
623 3436 670 3478 et
695 3425 890 3479 deserta
918 3426 935 3497 (
958 3425 1104 3479 Psul.
1129 3425 1215 3480 62.
1243 3425 1316 3498 1).
1340 3425 1414 3480 lla
1439 3427 1579 3480 enim
1601 3427 1731 3480 dixit
1753 3427 1888 3480 alius

307 3518 589 3584 interpres.
607 3517 868 3583 Quoniam
889 3517 1030 3570 enim
1056 3532 1164 3570 non
1192 3526 1369 3586 potest
1391 3519 1627 3571 oratione
1648 3533 1885 3574 amorem

309 3606 615 3671 ostendere,
657 3605 762 3660 huc
789 3615 842 3660 et
873 3607 996 3660 illuc
1021 3607 1133 3661 obit
1160 3623 1402 3676 quarens
1431 3609 1734 3678 exemplum
1761 3651 1777 3675 ,
1830 3619 1888 3666 ut

311 3697 392 3750 vel
418 3712 480 3750 ea
508 3696 712 3750 ratione
742 3696 892 3750 nobis
914 3711 1064 3750 suum
1095 3712 1332 3752 amorem
1359 3698 1576 3764 indicet,
1609 3708 1663 3754 et
1687 3702 1887 3756 amoris

306 3802 404 3840 nos
429 3789 586 3843 faciat
607 3789 908 3858 participes.
934 3788 993 3842 Ei
1017 3804 1145 3853 ergo
1181 3788 1476 3856 credamus,
1509 3799 1563 3845 et
1599 3791 1675 3845 sie
1701 3807 1884 3848 amare

307 3877 627 3935 ediscamus.

374 3973 558 4027 Amare
585 3972 748 4026 Deum
775 3987 1040 4043 possumus
1063 4013 1076 4037 ,
1123 3974 1213 4027 etsi
1251 3990 1354 4027 non
1379 3974 1656 4028 videamus.
1680 4005 1752 4015 â€”
1776 3974 1885 4031 Nec

306 4068 450 4120 dicat
498 4067 628 4119 mihi
682 4066 987 4136 quispiam:
1023 4066 1087 4119 Et
1133 4065 1401 4133 quomodo
1446 4081 1658 4134 possunt
1705 4083 1884 4121 amare

305 4158 492 4222 Deum,
519 4171 674 4226 quem
707 4171 810 4210 non
842 4155 1042 4210 video?
1071 4156 1262 4210 Multos
1288 4157 1432 4212 enim
1462 4172 1725 4223 amamus,
1759 4159 1882 4214 licet

302 4264 396 4302 eos
422 4264 526 4303 non
574 4249 882 4313 videamus,
934 4249 1379 4317 quemadmodum
1423 4249 1624 4304 amicos
1673 4262 1882 4307 nostros

305 4357 529 4410 peregre
549 4343 830 4407 profectos,
848 4341 931 4394 vel
954 4340 1110 4404 ï¬lios,
1132 4341 1214 4394 vel
1240 4351 1504 4408 parentes,
1533 4342 1614 4395 vel
1631 4352 1881 4412 cognatos

303 4431 669 4486 necessarios:
699 4445 796 4484 nec
822 4430 888 4483 ad
918 4429 968 4483 id
996 4433 1160 4484 ullum
1178 4432 1326 4486 aï¬â€˜ert
1350 4432 1503 4485 nobis
1530 4432 1878 4502 impedimen-

304 4534 412 4574 tum
433 4519 572 4589 quod
602 4534 694 4573 eos
719 4535 826 4574 non
849 4519 1142 4582 videamus,
1166 4521 1273 4575 imo
1293 4537 1420 4576 vero
1447 4524 1546 4577 hoc
1576 4523 1745 4592 ipsum
1771 4541 1881 4578 ma-

299 4616 380 4681 gis
410 4611 659 4665 accendit
687 4625 924 4664 amorem
946 4651 961 4676 ,
1011 4621 1065 4666 et
1099 4620 1256 4681 auget
1282 4613 1624 4668 desiderium.
1668 4615 1734 4670 Et
1762 4616 1880 4671 ideo

304 4705 370 4756 de
400 4703 545 4756 Mose
565 4715 776 4770 quoque
801 4701 986 4754 dicens
1017 4701 1230 4766 Paulus,
1259 4703 1398 4771 quod
1435 4705 1633 4761 relictis
1665 4707 1880 4763 thesau-

303 4795 374 4847 ris
417 4801 472 4847 et
511 4793 724 4861 Opibus,
773 4790 1029 4860 regnique
1076 4791 1335 4856 claritate,
1393 4802 1448 4849 et
1489 4797 1632 4849 omni
1688 4799 1793 4852 alio
1824 4802 1876 4854 in

300 4886 532 4957 Aï¬‚gypto
561 4884 866 4954 splendore,
892 4883 1072 4937 maluit
1093 4900 1211 4938 cum
1234 4884 1432 4940 Judmis
1451 4888 1609 4957 amigi
1638 4905 1652 4942 :
1687 4889 1878 4945 deinde

303 4993 399 5032 nos
427 4990 642 5030 causam
666 4974 885 5037 docens,
919 4975 1061 5044 quod
1089 4974 1201 5029 hzrc
1233 4976 1408 5029 omnia
1438 4975 1634 5032 faceret
1661 4989 1880 5048 propter

302 5072 488 5132 Deum,
516 5056 710 5136 adjecit
741 5080 755 5119 :
785 5065 1093 5119 lnoisibitem
1114 5067 1247 5119 enim
1274 5075 1528 5136 tamquam
1563 5069 1736 5122 videns
1761 5086 1876 5125 sus-

299 5161 445 5214 tinuit
492 5159 510 5230 (
541 5159 698 5212 Hebr.
733 5159 818 5213 11.
851 5157 921 5212 25
947 5188 974 5197 -
1000 5158 1124 5227 27).
1172 5157 1286 5210 Non
1327 5158 1473 5214 vides
1526 5158 1692 5212 Deum
1716 5199 1732 5225 ,
1780 5161 1876 5215 sed

298 5253 445 5307 rides
470 5251 586 5320 ejus
613 5259 906 5314 creaturas,
937 5248 1084 5302 vides
1109 5249 1223 5316 ejus
1243 5263 1406 5318 opera
1430 5289 1444 5312 ,
1489 5248 1676 5303 caelum
1695 5289 1710 5314 ,
1761 5257 1874 5304 ter-

291 5360 432 5408 ram,
463 5353 513 5396 et
545 5359 707 5396 mare.
737 5342 836 5409 Qui
865 5350 1038 5395 autem
1069 5339 1258 5409 diligit,
1286 5340 1330 5393 si
1357 5340 1532 5394 dilecti
1565 5354 1697 5409 Opus
1727 5339 1874 5397 vide-

295 5436 384 5498 rit,
408 5433 449 5485 si
472 5433 730 5496 calceum,
763 5432 807 5484 si
837 5441 1059 5496 vestem,
1088 5431 1132 5484 si
1155 5428 1377 5499 quodvis
1405 5429 1546 5484 aliud
1567 5472 1581 5496 ,
1628 5432 1872 5487 accendi-

295 5536 397 5580 tur.
422 5525 536 5580 Non
567 5525 712 5579 vich
738 5525 927 5592 Deum,
950 5527 1046 5581 sed
1066 5525 1212 5580 vides
1232 5523 1346 5594 ejus
1373 5523 1616 5589 famulos,
1643 5526 1864 5593 amicos,

292 5619 457 5681 viros,
489 5617 723 5684 inquam,
755 5625 990 5682 sanctos,
1022 5626 1077 5670 et
1097 5616 1185 5686 qui
1216 5615 1408 5671 habent
1429 5613 1564 5684 apud
1586 5630 1702 5670 eum
1737 5615 1868 5670 fidu-

293 5710 451 5761 riam.
487 5707 608 5762 Illos
636 5723 773 5761 nunc
791 5707 1013 5761 observa
1035 5717 1086 5761 et
1112 5708 1248 5772 cole,
1279 5716 1331 5762 ct
1356 5703 1576 5762 habebis
1602 5723 1707 5761 non
1749 5707 1866 5763 leve

291 5798 533 5852 solatium
558 5802 630 5856 tui
663 5800 931 5857 desiderii.
979 5801 1183 5856 Etenim
1225 5802 1276 5857 in
1304 5800 1606 5858 hominibus
1635 5817 1738 5854 non
1770 5815 1853 5854 so-

963 395 1024 452 s.
1061 393 1338 452 JOANNIS
1373 390 1846 447 cunvsosrout
1870 344 2208 447 ~uitentur.
2247 393 2778 456 CONSTANTl-NOP.

3478 406 3580 462 160

1998 528 2106 581 lum
2133 538 2344 584 nostros
2370 531 2590 596 amicos,
2615 533 2708 588 sed
2733 549 2828 590 eos
2856 536 3014 591 etiam
3045 537 3139 607 qui
3162 538 3362 596 abillis
3390 557 3579 598 aman-

1998 631 2102 685 tur,
2131 635 2312 674 amare
2330 623 2722 677 consuevimus.
2756 623 2824 678 Et
2847 627 2893 679 si
2916 626 3113 682 dixerit
3138 631 3400 702 quispiam
3427 651 3488 689 es
3519 637 3581 689 iis

1993 711 2085 780 qui
2109 719 2354 765 amantur
2379 726 2407 764 a
2439 713 2612 780 nobis,
2647 715 2798 770 Hunc
2827 719 2909 772 vel
2943 719 3090 775 illum
3120 722 3280 794 diligo
3300 767 3315 790 ,
3346 736 3403 781 et
3445 724 3490 782 si
3537 729 3582 783 is

1997 800 2258 856 beneï¬cio
2280 804 2458 872 aliquo
2499 805 2660 861 fuerit
2695 806 2938 873 affectus,
2991 826 3090 881 ego
3131 829 3217 869 me
3259 816 3577 876 beneï¬cium

1994 893 2267 960 accepisse
2294 895 2540 949 existimo
2569 914 2584 950 :
2613 899 2792 953 omnia
2836 894 3058 958 faciams
3086 914 3140 959 et
3177 921 3530 976 procuratnus
3557 954 3576 979 ,

1996 991 2053 1034 ut
2082 984 2303 1052 perinde
2323 999 2386 1038 ac
2408 986 2454 1038 si
2479 987 2728 1042 dilectum
2760 990 3083 1060 videremus,
3108 998 3177 1051 ita
3207 1012 3366 1056 omne
3385 1003 3438 1056 in
3453 1019 3575 1059 eum

1995 1073 2233 1127 studium
2271 1077 2632 1133 ostendamus.
2684 1081 2792 1136 Hoc
2832 1085 3004 1154 ipsum
3037 1088 3087 1141 iu
3119 1089 3336 1146 Christo
3365 1109 3577 1166 quoque

1994 1167 2250 1235 praeclare
2277 1167 2450 1223 facere
2477 1186 2782 1240 possumus.
2805 1178 2983 1233 Dixit:
3016 1182 3185 1254 Diligo
3203 1201 3495 1257 pauperes:
3523 1202 3578 1247 et

1995 1259 2040 1311 si
2078 1259 2111 1311 ii
2138 1259 2264 1313 boni
2300 1259 2500 1330 aliquid
2533 1268 2854 1335 acceperint,
2895 1273 3116 1340 perinde
3147 1291 3210 1331 ae
3239 1279 3284 1333 si
3326 1281 3450 1349 ipsc-
3485 1299 3572 1339 re-

1995 1351 2290 1420 cepissem,
2336 1354 2501 1409 reddo
2531 1363 3010 1417 remunerationem
3047 1365 3267 1438 (Matth.
3312 1372 3397 1426 19.
3439 1373 3570 1442 21).

1995 1446 2100 1500 Pro
2124 1448 2202 1502 eis
2229 1448 2472 1504 coiendis
2493 1459 2548 1503 et
2569 1451 2914 1509 sublevandis
2952 1458 3084 1512 nihil
3118 1476 3224 1516 non
3273 1462 3530 1521 faciamus
3555 1485 3572 1522 :

1995 1542 2103 1598 imo
2118 1558 2246 1598 vero
2265 1547 2317 1600 in
2341 1546 2484 1615 ipsos
2503 1564 2687 1605 omnes
2702 1561 2912 1607 nostras
2928 1553 3202 1610 facultates
3217 1557 3569 1628 eï¬undamus,

1995 1635 2273 1690 credentes
2301 1652 2397 1705 per
2435 1639 2580 1707 ipsos
2621 1641 2789 1696 Deum
2823 1644 2988 1699 alere.
3029 1647 3178 1712 Quod
3209 1650 3350 1702 enim
3381 1651 3505 1706 dum
3535 1654 3569 1708 ii

1995 1726 2230 1791 aluntur,
2260 1727 2374 1795 ipse
2396 1729 2588 1794 alitur,
2620 1731 2742 1787 audi
2771 1734 2896 1804 quid
2931 1736 3075 1791 dicat
3112 1738 3356 1796 Christus
3391 1760 3404 1796 :
3439 1743 3576 1799 Esu-

1993 1819 2204 1872 rientem
2229 1835 2310 1872 me
2333 1821 2544 1886 vidistis,
2568 1823 2757 1894 inquit,
2779 1837 2827 1881 et
2855 1827 3051 1882 aluistis
3074 1846 3093 1883 :
3123 1832 3387 1900 sitientem,
3414 1846 3462 1889 et
3480 1853 3580 1907 poa

1995 1919 2102 1962 tum
2126 1911 2333 1966 dedistis
2358 1927 2378 1966 :
2405 1914 2619 1979 nudum,
2652 1924 2698 1969 et
2726 1933 2805 1971 me
2831 1922 3095 1989 operuistis
3123 1923 3333 1994 (Matth.
3358 1927 3450 1981 25.
3477 1930 3564 1984 55.

1996 2000 2101 2074 56)
2122 2003 2464 2074 {multasque
2494 2006 2642 2061 dedit
2669 2009 2822 2064 nobis
2845 2011 3080 2070 rationes
3100 2017 3290 2085 quibus
3308 2021 3573 2088 possimus

1996 2101 2237 2147 nostrum
2265 2095 2424 2149 solari
2455 2095 2801 2154 desiderium.

2064 2185 2298 2239 Amorem
2345 2189 2442 2241 tria
2485 2191 2773 2245 conciliant.
2825 2191 3164 2252 Pulchritudo
3215 2199 3330 2254 Dei.
3357 2203 3584 2259 â€”-Jam=

1993 2289 2123 2329 vero
2150 2275 2281 2330 alias
2311 2291 2521 2348 quoque
2540 2280 2639 2334 tria
2659 2290 2782 2335 sunt
2803 2299 2920 2353 qua:
2941 2300 3178 2342 amorem
3203 2290 3466 2359 apud'nos
3489 2295 3572 2348 ef-

1995 2366 2156 2421 ï¬cere
2188 2381 2578 2425 consueverunt
2596 2413 2610 2437 ,
2654 2373 2826 2429 forma
2853 2380 3112 2447 corporis,
3141 2384 3446 2451 magnitudo
3475 2386 3571 2440 be-

1995 2458 2191 2524 neï¬cii,
2225 2460 2308 2514 vei
2333 2461 2474 2530 quod
2493 2462 2560 2516 ab
2582 2478 2649 2518 eo
2675 2479 2933 2521 amemur.
2980 2468 3406 2544 Unumquodque
3429 2477 3569 2530 enim

1994 2561 2178 2602 eorum
2211 2565 2308 2618 per
2350 2566 2410 2606 se
2457 2560 2635 2621 potest
2680 2554 2733 2608 in
2783 2558 2938 2612 nobis
2985 2575 3221 2615 amorem
3268 2578 3569 2632 procreare.

1993 2640 2105 2694 Etsi
2135 2643 2277 2696 enim
2300 2643 2502 2698 nullum
2531 2645 2844 2704 beneï¬cium
2872 2651 2939 2706 ab
2979 2653 3157 2724 aliquo
3180 2660 3562 2727 acceperimus,

1994 2735 2167 2789 solum
2193 2745 2371 2791 autem
2402 2738 2702 2808 audiamus,
2724 2757 2845 2797 eum
2873 2760 2972 2800 nos
2999 2757 3256 2816 perpetuo
3277 2765 3487 2818 amare,
3517 2762 3573 2807 ut

1992 2829 2080 2897 qui
2111 2845 2208 2885 nos
2233 2830 2411 2886 laudet
2436 2843 2490 2888 et
2513 2833 2828 2901 admiretur,
2854 2837 2902 2891 ei
2932 2839 3212 2894 confestim
3235 2843 3571 2914 conglutina-

1992 2936 2131 2985 mur,
2162 2929 2216 2975 et
2244 2937 2364 2976 eum
2407 2931 2672 2993 tamquam
2722 2927 3115 2986 benefactorem
3161 2933 3473 3005 diligimus:
3518 2938 3570 2993 in

1992 3011 2102 3066 Deo
2130 3023 2306 3069 autem
2337 3029 2442 3069 non
2471 3016 2571 3072 hoc
2593 3021 2787 3087 solum,
2819 3021 2913 3076 sed
2937 3022 3051 3078 haec
3079 3025 3240 3080 etiam
3261 3028 3360 3081 tria
3389 3029 3569 3084 videre

1993 3103 2116 3158 licet
2149 3114 2314 3174 tanta,
2342 3118 2396 3162 et
2418 3117 2526 3164 tam
2567 3110 2791 3181 insignia
2811 3156 2827 3181 ,
2857 3124 2912 3168 ut
2935 3115 3077 3170 nulla
3103 3133 3165 3172 ea
3193 3120 3359 3188 possit
3399 3122 3571 3192 expli-

1991 3210 2114 3250 care
2141 3198 2330 3253 oratio.
2377 3199 2443 3253 Et
2468 3202 2696 3268 primum
2727 3205 3062 3272 pulchritudo
3101 3208 3239 3263 illius
3268 3210 3434 3265 beata:
3457 3253 3473 3279 ,
3517 3221 3578 3267 et-

1991 3288 2058 3342 ab
2083 3290 2296 3344 interitu
2333 3279 2518 3347 alienae
2540 3303 2762 3361 natura,
2792 3312 2879 3352 res
2903 3298 3239 3368 estquzedam
3269 3301 3489 3366 inï¬nita,
3518 3312 3571 3358 et

1990 3382 2133 3437 nulla
2151 3383 2356 3440 ratione
2377 3387 2692 3454 superabilis
2715 3389 2756 3455 â€™,
2783 3405 2901 3458 quae
2931 3405 3143 3446 omnem
3169 3393 3385 3448 excedit
3404 3395 3569 3448 ratio-

1991 3489 2133 3537 nem,
2165 3483 2220 3528 et
2246 3489 2458 3530 onmem
2489 3477 2672 3548 effugit
2707 3481 3098 3550 cogitationem.
3142 3483 3368 3550 Quando
3393 3497 3572 3540 autem.

1992 3563 2435 3632 pulchritudinem
2457 3568 2742 3636 audiveris,
2772 3570 2912 3625 nihilâ€˜
2923 3587 3237 3642 corporeum
3262 3576 3578 3646 suspiceris,

1989 3673 2022 3711 Î¿
2042 3657 2253 3722 dilecte,
2283 3659 2375 3713 sed
2405 3661 2625 3729 gloriam
2647 3663 2930 3731 quamdam
2959 3665 3349 3736 incorpoream,
3379 3679 3432 3723 et
3453 3685 3565 3723 ma-

1989 3753 2344 3823 gniï¬centiam
2376 3754 2712 3812 inetiabilcm.

2058 3846 2111 3898 4.
2160 3844 2306 3900 Hanc
2347 3847 2526 3915 itaque
2564 3849 2841 3903 declarans
2881 3851 3142 3920 propheta
3187 3853 3396 3908 dicebat
3439 3871 3450 3905 :
3501 3853 3568 3910 Et

1990 3935 2263 4003 Seraphim
2303 3938 2499 3992 stabant
2546 3939 2598 3992 in
2639 3941 2850 3993 circuitu
2873 3943 2982 4012 ejus
3005 3983 3020 4006 ,
3067 3952 3115 3996 et
3150 3943 3343 3998 duabus
3368 3947 3576 4014 quidem.

1989 4027 2376 4094 pennisvultum
2406 4029 2670 4098 tegebant,
2720 4032 2914 4086 duabus
2952 4048 3066 4087 vero
3112 4034 3337 4105 tegebant
3379 4037 3564 4106 pedes,

1988 4114 2185 4169 duabus
2210 4127 2375 4170 autem
2397 4120 2626 4172 volabant
2647 4130 2694 4174 et
2719 4119 3024 4189 clamabant,
3056 4124 3294 4189 Sanctus,
3321 4126 3560 4188 Sanctus,

1988 4206 2208 4262 Sanctus
2236 4206 2385 4278 (Isai.
2419 4211 2470 4264 6.
2498 4209 2551 4262 2.
2581 4209 2635 4282 5)
2656 4252 2674 4276 ,
2715 4228 2780 4267 ex
2820 4225 3034 4282 stupore
3055 4257 3068 4279 ,
3100 4231 3165 4270 ex
3194 4216 3573 4284 admiratione,

1987 4315 2052 4353 ex
2082 4299 2175 4353 illo
2201 4299 2413 4365 decore,
2447 4317 2510 4355 ex
2532 4303 2716 4371 gloria.
2750 4305 2816 4358 Et
2843 4321 3026 4360 rursus
3056 4307 3217 4361 David
3241 4322 3360 4361 cum
3389 4319 3566 4364 mente

1985 4389 2422 4459 apprehendisset
2466 4390 2602 4446 hanc
2631 4393 2799 4461 ipsam
2829 4394 2997 4449 beatw
3041 4396 3178 4451 illius
3208 4407 3409 4452 natura:
3446 4399 3565 4467 pul-

1985 4483 2358 4550 chritudinem,
2381 4493 2431 4539 et
2452 4485 2674 4555 gloriam
2703 4485 3079 4557 obstupuisset,
3110 4489 3319 4544 dicebat
3343 4506 3356 4543 :
3379 4490 3564 4543 Accin-

1985 4591 2098 4645 gere
2131 4573 2301 4645 gladio
2332 4586 2416 4629 tuo
2441 4593 2592 4644 super
2616 4576 2779 4646 femur
2809 4588 2972 4644 tuum,
3015 4581 3374 4649 potentissime,
3403 4583 3566 4650 specie

1986 4676 2070 4719 tua
2108 4675 2154 4718 ct
2201 4665 2576 4735 pulchritudine
2602 4677 2689 4721 tua
2733 4667 2902 4740 (Psal.
2934 4671 3022 4724 44.
3067 4670 3120 4724 4.
3151 4671 3229 4740 5).
3273 4670 3562 4740 Propterea

1985 4755 2158 4810 Moses
2184 4757 2329 4810 illum
2357 4773 2499 4826 szepe
2525 4759 2770 4829 cupiebat
2797 4759 2994 4825 videre,
3025 4759 3325 4816 hocamore
3353 4763 3560 4816 saucia-

1986 4856 2087 4913 tus,
2117 4857 2168 4901 et
2199 4849 2339 4902 illam
2365 4864 2550 4903 amans
2572 4850 2792 4921 gloriam
2821 4849 3015 4920 (Exod.
3042 4853 3130 4906 55.
3162 4853 3270 4922 15).
3302 4853 3562 4919 Quocirca

1983 4939 2194 4994 dicebat
2233 4956 2443 5011 quoque
2473 4941 2747 5011 Philippus
2779 4960 2792 4994 :
2829 4942 3049 4997 Ostende
3083 4944 3223 4997 nobis
3255 4943 3484 5008 Patrem,
3519 4957 3562 4997 et

1982 5033 2160 5102 sufï¬cit
2203 5034 2341 5087 nobis
2382 5031 2560 5107 (Joan.
2609 5034 2693 5088 M.
2723 5033 2800 5104 5).
2851 5032 2946 5088 Vel
2990 5034 3165 5104 potius
3213 5050 3562 5105 quacumque

1982 5125 2270 5180 dixerimus
2289 5167 2303 5190 ,
2331 5142 2398 5180 ne
2427 5139 2645 5195 parvum
2671 5126 2882 5196 quidem
2907 5167 2923 5191 ,
2957 5126 3065 5180 imo
3093 5141 3160 5180 ne
3182 5126 3324 5181 exite
3345 5127 3558 5194 quidem

1981 5217 2257 5287 vestigium
2309 5218 2449 5272 illius
2494 5217 2702 5272 decoris
2745 5217 3038 5286 poterimus
3092 5218 3378 5286 explicare.
3453 5216 3561 5272 Sed

1976 5311 2061 5364 vis
2102 5311 2358 5366 beneï¬cia
2402 5309 2829 5364 enutneremus?
2879 5307 2958 5362 Ne
2998 5323 3060 5362 ea
3105 5308 3316 5376 quidem
3363 5311 3559 5376 poterit

1976 5402 2147 5456 oratio
2167 5401 2440 5470 consequi.
2469 5401 2534 5454 Et
2557 5400 2676 5454 ideo
2700 5398 2909 5453 dicebat
2939 5399 3131 5452 Paulus
3154 5415 3168 5451 :
3201 5397 3377 5452 Gratia
3393 5409 3556 5451 autem

1979 5494 2195 5548 Domino
2224 5503 2427 5563 propter
2456 5493 2644 5545 donum
2671 5493 2781 5562 ejus
2811 5490 3145 5544 inenarrabile
3189 5495 3206 5556 (
3233 5490 3287 5542 2.
3335 5489 3452 5544 Cor.
3498 5491 3551 5544 9.

1975 5588 2087 5657 15).
2117 5589 2182 5642 Î•Î¹
2208 5600 2391 5642 rursus
2420 5604 2432 5640 :
2467 5586 2593 5653 Qua:
2609 5587 2784 5640 oculus
2805 5602 2905 5640 non
2929 5585 3072 5648 vidit,
3101 5593 3148 5638 et
3171 5584 3310 5636 auris
3338 5602 3438 5638 non
3465 5602 3556 5637 au-

2037 5753 2052 5779 Î¹
2087 5757 2167 5798 me
2191 5761 2363 5805 voces,
2387 5754 2433 5796 et
2462 5747 2594 5798 nulla
2629 5751 2810 5800 ratione
2842 5745 3127 5809 superabilis
3146 5782 3160 5807 ,
3185 5746 3361 5796 desunt
3386 5747 3432 5794 in
3460 5759 3555 5795 lltto

1965 5813 2139 5864 Codice
2163 5810 2286 5872 apud
2311 5809 2451 5859 Savil.
