4084 6278
535 340 642 398 139

597 460 668 525 γ’.
694 450 910 519 Ἔξεστι
947 449 1042 504 καὶ
1074 448 1245 521 χωρὶς
1274 446 1455 518 φωνῆς
1479 447 1722 517 ψάλλειν,
1745 449 1842 519 τῆς
1873 448 2111 510 διανοίας

528 543 672 599 ἔνδον
700 541 957 613 ἡκούσης.
1003 540 1078 593 Οὐ
1130 538 1240 609 γάρ
1281 537 1588 610 ἀνθρώποις
1638 538 1933 608 ψάλλομεν,
1976 538 2111 593 ἀλλὰ

521 629 648 700 ’Θεῷ
675 627 751 699 τῷ
787 627 1068 697 δυναμένῳ
1094 626 1188 679 καὶ
1221 625 1444 696 καρδίας
1484 625 1733 689 ἀκοῦσαι,
1762 625 1855 679 καὶ
1909 625 1988 687 είς
2039 625 2108 678 τά

529 714 817 785 ἀπόρρητα
842 714 939 783 τῆς
976 712 1213 775 διανοίας
1267 711 1427 782 ἡμῶν
1482 711 1760 767 εἰσελθεῖν.
1791 711 1900 765 Καὶ
1935 711 2110 766 ταῦτα

528 801 736 864 Παῦλος
767 799 1172 870 ἐνδεικνύμενος
1193 798 1312 870 βοᾷ,
1342 798 1535 867 λέγων·
1565 799 1722 854 Αὑτὸ
1762 799 1827 853 τὸ
1868 798 2111 868 Πνεῦμα

526 889 877 958 ἐντυγχάνει
913 886 1065 954 ὑπὲρ
1084 886 1254 955 ἡμῶν
1283 886 1637 957 στεναγμοῖς
1666 886 2009 953 ἀλαλήτοις.
2047 888 2109 941 '0

527 974 596 1028 δὲ
625 973 887 1044 ἐρευνῶν
919 972 1026 1037 τὰς
1051 972 1319 1041 καρδίας,
1361 970 1484 1027 εἶδε
1506 975 1564 1027 τί
1590 974 1656 1028 τὸ
1685 975 1958 1043 φρόνημα
2003 973 2108 1028 τοῦ

527 1062 890 1131 Πνεύματος,
913 1059 1000 1113 ὅτι
1017 1060 1166 1114 κατὰ
1187 1060 1333 1114 Θεὸν
1356 1061 1705 1130 ἐντυγχάνει
1732 1062 1883 1129 ὑπὲρ
1906 1060 2107 1132 ἁγίων.

528 1146 699 1200 Τοῦτο
733 1146 790 1199 δέ
814 1146 1020 1214 ἔλεγεν,
1076 1147 1175 1200 οὐκ
1216 1147 1402 1218 ἐπειδὴ
1460 1148 1524 1201 τὸ
1553 1147 1775 1219 Πνεῦμα
1803 1148 2107 1212 ἐστέναξεν,

524 1232 646 1287 ἀλλ’
669 1233 856 1303 ἐπειδὴ
885 1233 934 1285 οί
968 1235 1331 1303 πνευματικοὶ
1358 1234 1569 1305 ἄνδρες,
1624 1237 1673 1289 οί
1702 1235 1771 1289 τὰ
1798 1237 2109 1307 χαρίσματα

520 1318 622 1373 ’τοῦ
651 1319 966 1389 Πνεύματος
996 1318 1228 1388 ἔχοντες,
1262 1320 1403 1392 ὑπὲρ
1429 1320 1536 1374 τῶν
1561 1321 1785 1391 πλησίον
1807 1323 2108 1393 εὐχόμενοι,

520 1406 623 1460 καὶ
651 1405 749 1469 τὰς
779 1405 1056 1475 ἱκετηρίας
1082 1406 1463 1478 ἀναφέροντες,
1498 1408 1634 1477 μετά
1654 1407 1996 1473 κατανύξεως
2016 1412 2109 1462 καὶ

520 1493 850 1566 στεναγμῶν
886 1494 1043 1548 τοῦτο
1072 1496 1303 1550 ἐποίουν.
1345 1495 1514 1549 Τοῦτο
1542 1497 1635 1550 καὶ
1660 1499 1821 1567 ἡμεῖς
1844 1498 2105 1568 ποιῶμεν,

528 1585 626 1638 καὶ
647 1582 770 1637 καθ’
805 1583 1041 1653 ἐκάστην
1083 1582 1294 1653 ἡμέραν
1328 1583 1742 1655 ἐντυγχάνωμεν
1767 1583 1848 1654 τῷ
1874 1584 1992 1654 Θεῷ
2019 1584 2109 1638 διά

519 1684 590 1723 ’τε
613 1670 842 1740 ψαλμῶν
870 1670 965 1724 καὶ
985 1670 1177 1740 εὐχῶν.
1215 1672 1331 1725 Ἵνα
1361 1671 1419 1724 δέ
1461 1671 1536 1742 μὴ
1563 1671 1630 1725 τά
1685 1673 1904 1743 ῥήματα
1949 1673 2108 1742 μόνον

532 1756 946 1827 προσφέρωμεν,
978 1755 1113 1810 ἀλλά
1144 1756 1243 1827 τὴν
1272 1755 1498 1827 δύναμιν
1526 1757 1696 1828 αὐτὴν
1724 1757 1951 1827 είδῶμεν
1998 1759 2108 1812 τῶν

532 1844 766 1915 ῥήσεων,
785 1845 938 1914 φέρε,
961 1844 1023 1896 τὸ
1060 1843 1343 1913 προοίμιον
1380 1843 1512 1896 αὐτὸ
1539 1843 1633 1897 τοῦ
1662 1844 1879 1914 ψαλμοῦ
1910 1846 1989 1908 είς
2013 1845 2106 1915 μέ-

534 1914 625 1981 σον
650 1914 965 1998 ἀγάγωμεν.
988 1929 1053 1981 Τί
1074 1925 1167 1982 οὖν
1186 1931 1301 1983 ἐστι
1324 1930 1385 1983 τὸ
1408 1929 1718 2001 προοίμιον,
1753 1929 1867 1984 “Or
1886 1914 2109 1998 τρόπον

530 2015 802 2071 ἐπιποθεῖ
816 2015 855 2082 ἡ
871 2015 1095 2085 ἔλαφος
1118 2016 1218 2069 ἐπὶ
1250 2015 1358 2081 τὰς
1390 2030 1471 2083 πη
1480 2015 1585 2086 γὰς
1599 2015 1718 2070 τῶν
1738 2016 1992 2081 ὑδάτων,
2009 2017 2108 2070 οῦ-

530 2101 924 2166 τωςιὲπιποθεῐ
937 2102 976 2169 ἡ
997 2100 1166 2169 ψυχή
1188 2118 1309 2170 μου
1332 2087 1485 2169 πρὸς
1498 2102 1594 2169 σὲ,
1612 2105 1646 2157 δ
1671 2103 1837 2169 Θεός.
1856 2102 2107 2157 Τοιοῦτον

529 2187 638 2241 τῶν
674 2186 919 2258 ἐρώντων
944 2187 1005 2240 τὸ
1038 2187 1176 2252 ἔθος,
1205 2188 1279 2259 μὴ
1310 2188 1560 2259 κατέχειν
1611 2191 1734 2260 σιγῇ
1784 2189 1878 2242 τὸν
1907 2189 2103 2261 ἐρωτα,

532 2273 644 2326 ἀλλ’
661 2276 741 2338 εἰς
756 2275 885 2338 τοὺς
910 2275 1133 2345 πλησίον
1156 2275 1430 2345 ἐκφέρειν,
1451 2276 1545 2329 καὶ
1570 2274 1746 2343 λέγειν
1769 2275 1850 2329 ὅτι
1872 2275 2107 2345 φιλοῦσι.

530 2361 741 2431 θερμὸν
782 2360 891 2431 γάρ
934 2378 987 2414 τι
1034 2362 1266 2431 πρᾶγμα
1296 2362 1393 2430 τῆς
1444 2362 1663 2432 ἀγάπης
1701 2363 1735 2432 ἡ
1780 2362 1962 2432 φύσις,
2015 2364 2109 2416 καὶ

535 2450 657 2518 σιγῇ
708 2447 921 2515 στέγειν
972 2446 1141 2518 αὐτὴν
1195 2447 1293 2501 οὐκ
1346 2447 1412 2501 ἂν
1449 2448 1694 2517 ἀνέχοιτο
1732 2450 1766 2518 ἡ
1808 2447 1974 2518 ψυχή.
2009 2449 2109 2503 Διά

530 2535 688 2588 τοῦτο
713 2536 806 2589 καὶ
840 2534 1048 2598 Παῦλος
1084 2535 1236 2604 ἐλεγε
1266 2533 1568 2605 Κορινθίοις
1602 2535 1791 2604 φιλῶν·
1826 2536 1897 2589 Τὸ
1917 2537 2110 2606 στόμα

531 2619 940 2691 ἠμῶνὰνέῳγε
968 2620 1115 2687 πρὸς
1143 2619 1316 2689 ὑμᾶς,
1345 2618 1672 2689 Κορίνθιοι·
1689 2620 1955 2686 τουτέστι,
1979 2622 2109 2674 Στέ-

506 2725 649 2777 -γειν
677 2711 773 2763 καὶ
804 2710 927 2779 σιγῇ
958 2708 1203 2778 κατέχειν
1231 2708 1329 2779 τὴν
1356 2710 1573 2780 ἀγάπην
1602 2709 1664 2762 οὐ
1695 2709 1946 2779 δύναμαι,
1974 2708 2110 2762 ἀλλά

532 2795 621 2851 διὰ
660 2795 859 2860 παντὸς
897 2796 1060 2865 ὑμᾶς,
1109 2796 1202 2850 καὶ
1252 2794 1548 2866 πανταχοῦ,
1593 2796 1687 2849 καὶ
1731 2795 1825 2849 ἐπὶ
1854 2796 1955 2866 τῆς
1990 2797 2109 2850 διαη

532 2883 699 2947 νοίας,
735 2883 830 2937 καὶ
865 2883 957 2935 ἐπὶ
993 2883 1095 2953 τῆς
1139 2881 1384 2954 γλώττης
1429 2883 1729 2954 περιφέρω.
1765 2883 1921 2937 Οὕτω
1963 2883 2059 2937 καὶ
2082 2884 2110 2935 ό

538 2971 803 3042 μακάριος
826 2962 981 3033 οὗτος
1019 2968 1185 3037 φιλῶν
1213 2968 1304 3023 τὸν
1331 2970 1482 3034 Θεὸν,
1512 2971 1606 3023 καὶ
1634 2970 1919 3041 καιόμενος
1949 2970 2007 3023 ἐν
2031 2969 2110 3039 τῷ

535 3057 728 3126 φιλεῖν,
783 3058 885 3110 οὐκ
920 3056 1168 3126 ἀνέχεται
1204 3057 1379 3127 σιγᾷν,
1439 3055 1573 3108 ἀλλά
1599 3058 1728 3110 ποτέ
1777 3058 1877 3127 μέν
1924 3072 2105 3126 φησιν·

538 3145 649 3196 ὀν
677 3144 898 3211 τρόπον
927 3141 1251 3210 ἐπιποθεῖὴ
1281 3143 1505 3211 ἔλαφος
1526 3143 1626 3196 ἐπὶ
1643 3142 1750 3208 τὰς
1770 3144 1966 3213 πηγὰς
1992 3144 2113 3200 τῶν

532 3232 787 3296 ὑδάτων,
810 3232 996 3297 οὕτως
1017 3231 1291 3285 ἐπιποθεῖ
1318 3233 1357 3300 ὴ
1398 3232 1568 3302 ψυχή
1594 3250 1715 3303 μου
1767 3235 1917 3303 πρὸς
1945 3237 2040 3296 σὲ.
2077 3241 2110 3292 ό

536 3317 698 3382 Θεός·
713 3316 842 3368 ποτέ
863 3316 940 3368 δέ·
958 3316 1010 3367 Ὀ
1035 3316 1200 3382 Θεὸς,
1220 3319 1254 3368 ό
1284 3317 1574 3385 Θεόςμου,
1596 3319 1744 3387 πρὸς
1764 3319 1839 3373 σὲ
1854 3320 2107 3388 ὀρθρίζω.

545 3404 836 3472 Ἐδίψησέ
863 3419 936 3458 σε
958 3405 997 3473 ἡ
1026 3403 1195 3472 ψυχή
1228 3422 1369 3472 μου,
1403 3407 1483 3471 ὡς
1510 3405 1585 3475 γῆ
1625 3406 1841 3473 ἄϐατος
1872 3409 1971 3462 και
2010 3408 2111 3463 ἇν-

534 3491 715 3559 υδρος
736 3492 834 3544 καί
866 3490 1083 3560 ἕρημος
1110 3502 1157 3544 δ.
1187 3490 1341 3545 Οῦτω
1371 3492 1477 3563 γὰρ
1505 3493 1692 3564 ἕτερος
1718 3494 1825 3547 τῶν
1848 3495 2111 3569 ἑρμηνευ-

532 3578 642 3633 τῶν
672 3574 842 3632 εἶπεν.
884 3577 1098 3648 Ἐπειδὴ
1143 3578 1250 3648 γὰρ
1274 3577 1416 3649 λόγῳ
1441 3581 1788 3651 παραστῆσαι
1816 3580 1908 3636 τὸν
1933 3582 2110 3652 ἔρωτα

534 3666 844 3737 οὐκίσχύει,
897 3666 1243 3737 περιέρχεται
1295 3667 1469 3737 ζητῶν
1509 3668 1827 3739 ὑπόδειγμα,
1887 3669 1973 3723 ἵνα
2009 3671 2110 3724 κᾶν

535 3754 674 3807 οῦτω
731 3753 792 3806 τὸ
839 3753 1058 3823 φίλτρον
1103 3756 1233 3822 ἡμῖν
1289 3753 1623 3823 ἐνδείξηται,
1672 3755 1765 3808 καὶ
1824 3758 2111 3821 κοινωνοὺς

540 3844 736 3914 ποιήσῃ
763 3841 859 3896 τοῦ
882 3842 1099 3913 ἔρωτος.
1136 3841 1459 3912 Πειθώμεθα
1477 3843 1664 3898 ’τοίνυν
1691 3844 1859 3915 αὐτῷ,
1882 3846 1976 3899 καὶ
2009 3846 2110 3916 μά-

540 3928 719 4001 θωμεν
746 3928 916 3993 οὕτως
952 3931 1101 4000 ἐρᾷν.

607 4016 818 4087 Καὶιμὴ
858 4033 946 4086 μοι
976 4015 1179 4085 λεγέτω
1234 4033 1335 4079 τις·
1364 4017 1474 4069 Kal
1521 4016 1640 4080 πῶς
1682 4016 1913 4088 δύναμαι
1939 4018 2110 4087 φιλεῖν

535 4103 626 4157 τὸν
652 4104 784 4158 Θεὸν
810 4104 867 4157 ὃν
898 4105 959 4157 οὐ
1003 4104 1222 4174 βλέπω;
1263 4106 1373 4159 Καὶ
1401 4105 1510 4176 γάρ
1543 4106 1769 4170 πολλοὺς
1810 4108 1908 4177 οὐχ
1937 4106 2109 4177 ὁρῶν-

532 4209 625 4254 τες
683 4190 962 4262 φιλοῦμεν,
1008 4186 1120 4244 οἷον
1162 4193 1289 4254 τοὺς
1335 4194 1393 4246 ἐν
1427 4193 1703 4265 ἀποδημίᾳ
1736 4193 1921 4262 φίλους
1955 4193 2112 4257 ὁντας

536 4279 688 4349 ἡμῖν,
711 4278 742 4349 ἢ
767 4278 958 4340 παῖδας
980 4279 1072 4331 καὶ
1092 4279 1350 4349 πατέρας,
1373 4279 1406 4350 ἢ
1438 4282 1715 4348 συγγενεῖς
1737 4280 1830 4333 καὶ
1856 4279 2109 4344 οἰκείους·

537 4364 631 4418 καὶ
656 4366 808 4418 οὐδὲν
836 4365 1043 4432 γίνεται
1059 4365 1286 4436 κώλυμα
1314 4368 1377 4419 ἐκ
1403 4365 1495 4419 τοῦ
1525 4366 1602 4437 μὴ
1625 4368 1778 4437 ὁρᾷν,
1826 4366 1940 4419 ἀλλ’
1979 4369 2111 4422 αὐτὸ

534 4452 600 4522 δὴ
627 4452 783 4505 τοῦτο
803 4451 1034 4521 μάλιστα
1061 4451 1344 4505 ἐκκαίειτὸ
1371 4451 1610 4524 φίλτρον,
1633 4451 1784 4517 αὔξει
1811 4453 1904 4507 τὸν
1925 4454 2106 4509 πόθον.

536 4538 636 4591 Διά
650 4537 805 4591 τοῦτο
837 4539 931 4592 καὶ
961 4540 1089 4610 περὶ
1108 4538 1383 4602 Μωῦσέως
1414 4540 1585 4608 λέγων
1602 4543 1630 4593 ὁ
1649 4540 1879 4606 Παῦλος,
1906 4542 1988 4595 ὅτι
2014 4559 2113 4596 κα-

534 4625 777 4679 ταλιπὼν
798 4625 1123 4696 θησαυροὺς,
1141 4627 1233 4680 καὶ
1262 4625 1507 4692 πλοῦτον,
1537 4628 1632 4681 καὶ
1655 4627 1927 4697 βασιλείας
1956 4646 2112 4700 περι-

536 4713 780 4779 φάνειαν,
808 4712 902 4765 καὶ⁵
955 4714 1052 4782 τὴν
1081 4711 1246 4782 ἄλλην
1294 4713 1508 4767 ἃπασαν
1540 4713 1896 4785 λαμπρότητα
1924 4715 2020 4787 τὴν
2053 4719 2111 4771 ἐν

535 4801 812 4871 Αίγύπτῳ,
844 4800 1016 4853 εἵλετο
1057 4801 1193 4871 μετὰ
1220 4800 1327 4854 τῶν
1385 4800 1649 4854 Ἰουδαίων
1699 4803 2105 4874 κακουχεὴθαι·

536 4884 656 4944 εἷτα
690 4890 786 4960 τὴν
818 4889 997 4953 αἰτίαν,
1019 4889 1165 4959 ἡμᾶς
1205 4888 1486 4955 διδάσκων,
1539 4889 1620 4942 ὅτι
1645 4888 1708 4959 δὴ
1730 4889 1900 4943 ταῦτα
1933 4891 2110 4945 πάντα

537 4977 707 5031 ἐποίει
728 4977 815 5029 διὰ
838 4977 928 5030 τὸν
959 4975 1112 5040 Θεὸν,
1160 4976 1484 5047 προσέθηκε·
1539 4976 1650 5030 Τὸν
1694 4977 1804 5046 γὰρ
1855 4979 2111 5047 ἀόρατον

537 5063 616 5129 ὠς
645 5062 797 5131 ὁρῶν
840 5061 1155 5131 ἐκαρτέρει.
1195 5063 1303 5131 Οὐχ
1335 5063 1465 5133 ὁρᾷς
1496 5062 1589 5115 τὸν
1635 5063 1786 5124 Θεὸν,
1816 5063 1929 5117 ἀλλ’
1959 5064 2107 5137 [155]

536 5152 665 5221 ὁρᾷς
699 5153 768 5204 τά
785 5150 1255 5221 δημιουργήματα,
1289 5150 1419 5223 ὁρᾷς
1453 5149 1614 5204 αὐτοῦ
1641 5152 1709 5204 τὰ
1746 5151 1903 5222 ἔργα,
1947 5153 2111 5224 οὐρα-

537 5239 645 5302 νὸν,
674 5239 767 5291 καὶ
793 5238 918 5307 γῆν,
946 5238 1041 5291 καὶ
1074 5236 1358 5291 θάλατταν.
1406 5238 1465 5291 '0
1502 5238 1557 5292 δὲ
1582 5237 1771 5306 φιλῶν,
1802 5238 1902 5293 κᾶν
1948 5238 2108 5311 ἔργον

540 5324 621 5396 ῐδη
649 5325 742 5378 τοῦ
776 5325 1117 5395 φιλουμένου,
1146 5323 1247 5377 κᾶν
1275 5323 1543 5396 ὑπόδημα,
1590 5325 1693 5379 κᾶν
1714 5324 1947 5394 ἱμάτιον,
2002 5326 2108 5380 κᾶν

536 5411 710 5463 ὁτιοῦν
736 5412 943 5481 ἕτερον,
981 5409 1434 5481 διαθερμαίνεται.
1478 5411 1589 5481 Οὐχ
1633 5413 1764 5482 ὁρᾷς
1810 5410 1900 5464 τὸν
1953 5410 2106 5476 Θεὸν,

538 5497 650 5551 ἀλλ’
676 5500 806 5570 ὁρᾷς
829 5498 993 5552 αὐτοῦ
1012 5498 1136 5562 τοὺς
1160 5498 1393 5563 οἰκέτας,
1408 5499 1531 5561 τοὺς
1549 5498 1754 5567 φίλους,
1777 5498 1901 5561 τοῦς
1923 5498 2109 5567 ἀγίους

549 5669 828 5792 ἱεέοιξῖῗυγῆ
855 5671 1088 5729 ἄϐατος...
1136 5672 1327 5735 ἔρημος.
1372 5671 1491 5731 Quis
1513 5672 1764 5734 interpres
1789 5672 1855 5723 ita
1895 5673 2103 5722 verterit

1654 329 2025 389 EYPOSITIO
2064 330 2133 385 ΙΝ
2166 328 2500 385 PSALMUM
2547 328 2684 384 XLI.

3683 329 3790 387 £60

2214 445 2412 518 ἄνδρας
2463 447 2609 516 λέγω
2660 446 2756 500 καὶ
2806 445 3114 516 παρρησίαν
3151 444 3390 515 ἔχοντας.
3443 445 3791 518 Θεράπευσον

2212 535 2452 599 ἐκείνους
2466 534 2584 599 νῦν,
2617 535 2713 589 καὶ
2752 532 2895 598 ἔξεις
2913 534 3006 587 τοῦ
3036 533 3199 587 πόθου
3232 534 3583 604 παραμυθίαν
3607 536 3667 588 οὐ
3691 537 3791 606 τὴν

2210 622 2500 692 τυχοῦσαν.
2530 622 2639 675 Kal
2688 620 2797 692 γὰρ
2827 621 2913 674 ἐπ’
2946 620 3266 691 ἀνθρώπων.
3292 621 3413 691 οὐχί¹
3454 622 3580 683 τοὺς
3607 622 3790 691 φίλους

2211 708 2369 780 ἡμῶν
2399 709 2577 780 μόνον,
2608 707 2743 762 ἀλλά
2767 709 2861 762 καὶ
2893 709 3018 771 τοὺς
3042 708 3133 761 ὑπ’
3185 706 3408 760 ἐκείνων
3440 707 3791 777 φιλουμένους

2212 795 2386 865 φιλεῖν
2408 795 2695 867 είιῖιθαμεν.
2744 794 2863 849 Κᾶν
2912 796 3038 866 εἴπῃ
3064 812 3147 858 τις
3196 794 3306 847 τῶν
3343 795 3631 865 ἐρωμένων
3683 796 3791 849 τῶν

2209 882 2511 954 ἡμετέρων,
2541 883 2739 938 ὅτιΤὸν
2767 881 2913 935 δεῖνα
2943 880 3099 949 φιλῶ,
3160 879 3264 934 κᾶν
3290 879 3496 943 ἐκεῖνός
3539 897 3593 933 τι
3643 879 3790 951 πάθῃ

2208 969 2466 1040 χρηστὸν,
2528 968 2638 1037 ἐγὼ
2687 968 2787 1037 τῆς
2845 968 3162 1038 εὐεργεσίας
3218 965 3512 1020 ἀπολαύειν
3564 965 3789 1035 νομίζω·

2211 1056 2387 1110 πάντα
2411 1056 2673 1126 ποιοῦμεν
2710 1055 2805 1108 καὶ
2860 1054 3380 1126 πραγματευόμεθα,
3415 1053 3603 1123 ὥσπερ
3630 1052 3792 1107 αὐτὸν

2208 1143 2299 1196 τὸν
2336 1142 2606 1214 ἐρώμενον
2630 1142 2881 1212 ὁρῶντες,
2908 1142 3049 1196 οὕτω
3079 1143 3259 1196 πᾶσαν
3292 1142 3418 1211 περὶ
3448 1142 3652 1195 ἐκεῖνον
3674 1146 3792 1195 ἐπι·
3824 1147 3829 1187 ί

2207 1227 2482 1293 δείξασθαι
2518 1230 2773 1299 σπουδήν.
2828 1228 3046 1295 Ἔξεστι
3101 1229 3372 1282 τοῦτοκαὶ
3404 1228 3496 1280 ἐπὶ
3537 1227 3632 1281 τοῦ
3657 1229 3792 1298 Χρι-
3821 1241 3828 1247 ·

2211 1314 2337 1367 στοῦ
2368 1315 2710 1386 κατορθῶσαι
2732 1314 2847 1368 νῦν.
2878 1311 3068 1378 Εἶπεν,
3096 1316 3175 1369 ὅτι
3202 1316 3338 1378 Τοὺς
3363 1316 3601 1384 πένητας
3627 1315 3789 1384 φιλῶ·

2208 1402 2309 1456 κᾶν
2343 1398 2486 1457 οὗτοί
2510 1422 2561 1457 τι
2588 1404 2831 1458 πάθωσιν
2848 1405 3068 1473 ἀγαθὸν,
3097 1404 3172 1466 ὡς
3198 1403 3358 1467 αὐτὸς
3386 1403 3788 1468 ἀπολελαυκὼς,

2207 1488 2379 1553 οὕτως
2430 1490 2729 1559 ἀποδίδωμι
2786 1491 2886 1560 τὴν
2934 1490 3189 1562 ἀμοιϐήν.
3246 1491 3433 1544 Πάντα
3478 1493 3791 1561 ποιήσωμεν

2209 1576 2349 1647 ὑπὲρ
2372 1577 2469 1647 τῆς
2501 1578 2580 1639 είς
2608 1577 2803 1640 αὐτοὺς
2852 1576 3163 1648 θεραπείας·
3209 1577 3409 1647 μᾶλλον
3444 1576 3500 1630 δὲ
3520 1578 3698 1631 πάντα
3724 1580 3792 1632 τὰ

2207 1664 2335 1715 ὁντα
2366 1661 2689 1733 κενώσωμεν
2723 1665 2802 1726 είς
2840 1663 3058 1725 αὐτοὺς,
3091 1665 3436 1728 πιστεύοντες
3461 1664 3550 1719 διά
3586 1662 3791 1718 τούτων

2206 1748 2297 1801 τὸν
2324 1749 2454 1802 Θεὸν
2475 1749 2711 1820 τρέφειν.
2749 1748 2872 1802 ’Ότι
2902 1749 3011 1818 γὰρ
3057 1749 3219 1812 αὐτὸς
3272 1751 3531 1821 τρέφεται
3583 1750 3790 1804 τούτων

2205 1836 2572 1907 τρεφομένων,
2590 1837 2817 1891 ἄκουσον
2837 1838 2930 1890 τοῦ
2955 1836 3190 1908 Χριστοῦ
3220 1837 3272 1890 τί
3305 1853 3457 1909 φησι·
3487 1837 3791 1892 Πεινῶντὰ

2201 1941 2277 1993 με
2304 1924 2410 1994 γὰρ
2434 1923 2641 1989 εἴδετε,
2696 1924 2850 1993 φησὶ,
2884 1926 2980 1978 καὶ
3010 1924 3316 1993 ἐθρέψατε·
3346 1924 3635 1993 διψῶντα,
3689 1927 3788 1978 καὶ

2205 2009 2541 2064 ἐποτίσατε·
2597 2011 2846 2080 γυμνὸν,
2877 2010 2973 2063 καί
3027 2011 3424 2078 περιεϐάλετε·
3465 2013 3560 2066 καλ⁸
3589 2011 3790 2074 πολλὰς

2207 2098 2337 2168 ἡμῖν
2365 2096 2563 2150 ἔδωκεν
2595 2097 2848 2168 ἀφορμὰς
2876 2097 2970 2151 τοῦ
3008 2098 3450 2169 παραμυθεῖσθαι
3503 2099 3594 2154 τὸν
3627 2100 3815 2169 πόθον,

2206 2184 2296 2238 τὸν
2326 2178 2612 2254 ἡμέτερον.

2281 2272 2488 2336 ⁸’Λλλως
2534 2271 2591 2324 δέ
2636 2271 2728 2326 τὸν
2761 2271 2939 2343 ἔρωτα
2982 2272 3074 2327 τὸν
3116 2274 3245 2343 παρ’
3277 2275 3410 2345 ἡμῖν
3451 2273 3577 2345 τρία
3616 2275 3788 2328 ταῦτα

2206 2363 2375 2413 ποιεῖν
2438 2359 2657 2427 εἴωθεν,
2725 2362 2757 2432 ἢ
2821 2359 3091 2429 εὐμορφία
3144 2359 3424 2431 σώματος,
3479 2360 3512 2430 ἢ
3568 2361 3789 2432 εὐεργε-

2210 2448 2332 2512 σίας
2385 2448 2642 2519 μέγεθος,
2690 2448 2723 2520 ἡ
2764 2449 2825 2503 τὸ
2872 2451 3139 2518 φιλεῖσθαι
3179 2452 3309 2521 παρ’
3345 2450 3531 2504 αὐτοῦ.
3572 2450 3789 2504 Τούτων

2207 2533 2314 2606 γὰρ
2382 2534 2610 2588 ἕκαστον
2661 2536 2792 2588 αὐτὸ
2850 2535 2971 2589 καθ’
3040 2536 3198 2590 ἑαυτὸ
3255 2537 3475 2591 δύναται
3539 2537 3787 2607 ἐμποιεῖν
3836 2582 3854 2596 ,

2210 2622 2429 2692 φίλτρον
2454 2623 2605 2692 ἡμῖν.
2632 2622 2870 2693 Κᾶνγάρ
2898 2622 3060 2694 μηδὲν
3090 2618 3239 2694 ὦμεν
3267 2620 3326 2678 εὖ
3356 2623 3619 2688 παθόντες
3641 2624 3790 2688 παρά

2207 2725 2370 2773 τινος,
2402 2709 2686 2779 ἀκούωμεν
2704 2708 2783 2772 δέ,
2803 2710 2884 2763 ὅτι
2912 2710 3080 2779 φιλῶν
3100 2713 3248 2782 ἡμᾶς
3272 2711 3522 2775 διατελεῖ,
3551 2713 3789 2764 ἐπαινῶν

2207 2797 2378 2866 ἡμᾶς,
2412 2796 2507 2848 καὶ
2552 2795 2881 2865 θαυμάζων,
2919 2796 3120 2859 εὐθέως
3144 2795 3294 2866 αὐτῷ
3344 2795 3787 2866 συγκολλώμεθα,

2210 2883 2303 2936 καὶ
2337 2882 2637 2954 στέργομεν
2668 2883 2743 2946 ὡς
2774 2883 3085 2954 εὐεργέτην·
3135 2883 3228 2937 ἐπὶ
3273 2883 3368 2936 τοῦ
3419 2883 3553 2937 Θεοῦ
3584 2883 3641 2936 δέ
3668 2886 3789 2953 οὐχὶ

2208 2970 2380 3025 ταῦτα
2408 2972 2587 3042 μόνον,
2610 2971 2745 3025 ἀλλά
2777 2972 2871 3025 καὶ
2890 2971 2959 3023 τά
2985 2971 3110 3043 τρία
3136 2971 3309 3024 ταῦτα
3331 2971 3478 3025 ἐστιν
3510 2971 3637 3025 ίδεῖν
3669 2972 3787 3041 μεθ’

2211 3057 2518 3130 ὑπερϐολῆς
2542 3058 2844 3129 τοσαύτης,
2898 3058 3031 3129 ὅσην
3080 3058 3200 3111 οὐδὲ
3243 3056 3400 3126 λόγος
3442 3058 3789 3130 παραστῆσαι

2209 3145 2512 3217 δυνήσεται.
2557 3146 2668 3198 Kal
2705 3144 2920 3217 πρῶτον
2944 3183 2958 3206 ,
3008 3144 3071 3198 τὸ
3117 3144 3313 3208 κάλλος
3357 3144 3457 3215 τῆς
3513 3145 3789 3216 μακαρίας

2211 3233 2425 3302 ἐκείνης
2451 3231 2544 3285 καὶ
2593 3232 2870 3303 ἀκηράτου
2923 3230 3157 3300 φύσεως,
3194 3232 3275 3285 ὅτι
3312 3232 3589 3302 ἀμήχανον
3647 3231 3789 3285 οὓτω

2213 3320 2328 3383 πώς
2350 3320 2465 3372 ἐστι
2487 3320 2583 3373 καὶ
2608 3319 2818 3390 άμαχον
2841 3319 2891 3380 ιι.
2923 3319 3017 3373 καὶ
3046 3319 3223 3373 πάντα
3257 3320 3581 3391 ὑπερὸαῖνον
3607 3319 3786 3387 λόγον,

2210 3405 2306 3459 καὶ
2336 3407 2512 3460 πᾶσαν
2550 3405 2817 3474 ἐκφεῦγον
2848 3406 3104 3462 διάνοιαν.
3148 3406 3359 3471 Κάλλος
3385 3407 3443 3461 δὲ
3471 3408 3599 3461 ὅταν
3622 3407 3790 3461 ἀκού-

2213 3508 2332 3565 σῃς,
2379 3492 2543 3564 μηδὲν
2576 3492 2887 3562 σωματικὸν
2931 3494 3299 3568 ὑποπτεύσῃς,
3349 3494 3622 3566 ἀγαπητέ,
3650 3493 3788 3547 ἀλλά

2211 3578 2500 3650 ἀσώματόν
2550 3596 2670 3633 τινα
2722 3580 2878 3644 δόξαν
2933 3583 3028 3636 καὶ
3091 3581 3560 3654 μεγαλοπρέπειαν
3610 3582 3787 3652 ἄφρα-

2213 3683 2357 3721 στον.

2279 3755 2340 3808 δ’.
2356 3756 2400 3808 Τ
2402 3755 2571 3826 αὐτην
2592 3750 2682 3810 οὖν
2704 3757 2733 3810 ὁ
2761 3758 3048 3829 προφήτης
3070 3758 3341 3829 ἐκφαίνων
3370 3758 3542 3826 ἔλεγε·
3571 3757 3683 3811 Καὶ
3714 3759 3786 3812 τὰ

2211 3845 2504 3913 Σεραφεὶμ
2519 3844 2908 3909 εἰστήκεισαν
2936 3847 3140 3912 κύκλῳ
3167 3847 3372 3911 αὑτοῦ,
3406 3847 3505 3900 καὶ
3531 3846 3655 3912 ταῖς
3674 3847 3787 3913 μὲν

2210 3930 2352 3983 δυσὶ
2380 3930 2626 3998 πτέρυξι
2643 3930 3097 3985 κατεκάλυπτον
3111 3932 3177 3984 τὸ
3201 3933 3545 3998 πρόσωπον,
3575 3931 3703 3996 ταῖς
3716 3932 3786 3984 δὲ

2210 4016 2353 4071 δυσὶ
2369 4017 2819 4072 κατεκάλυπτω
2830 4017 2971 4082 τοὺς
2987 4017 3196 4083 πόδας,
3218 4016 3348 4082 ταῖς
3361 4017 3429 4069 δὲ
3444 4016 3625 4071 δυσὶν
3639 4019 3778 4070 ἐπέ-

2211 4119 2405 4165 τοντο,
2434 4102 2532 4156 καὶ
2558 4103 2803 4170 ἔκραζον
2822 4116 2866 4167 ε,
2898 4104 3110 4172 Ἄγιος,
3135 4103 3321 4173 ἅγιος,
3349 4103 3534 4172 ἅγιος,
3559 4104 3665 4157 ἀπὸ
3681 4105 3782 4174 τῆς

2211 4188 2544 4259 ἐκπλήξεως,
2575 4189 2681 4241 ἀπὸ
2706 4188 2799 4242 τοῦ
2829 4187 3123 4259 θαύματος,
3152 4189 3259 4242 ἀπὸ
3307 4189 3407 4258 τῆς
3451 4189 3785 4259 εὐπρεπείας

2211 4274 2447 4346 ἐκείνης,
2506 4275 2613 4327 ἀπὸ
2640 4275 2739 4345 τῆς
2796 4274 2971 4345 δόξης.
3009 4275 3118 4329 Kal
3158 4275 3319 4328 πάλιν
3348 4278 3377 4328 ὁ
3417 4274 3577 4329 Δαυῒδ
3617 4293 3786 4330 κατα-

2212 4365 2410 4433 νοήσας
2442 4364 2572 4416 αὐτὸ
2602 4364 2760 4416 τοῦτο
2792 4363 2853 4415 τὸ
2892 4362 3105 4426 κάλλος,
3144 4365 3236 4416 καὶ
3273 4362 3371 4434 τὴν
3396 4360 3551 4427 δόξαν
3584 4363 3786 4417 ἐκπλα-

2212 4450 2329 4518 γεὶς
2374 4449 2466 4520 τῆς
2509 4448 2781 4521 μακαρίας
2812 4449 3027 4521 ἐκείνης
3061 4449 3294 4518 φύσεως,
3333 4449 3516 4519 ἔλεγε·
3546 4452 3787 4520 Περίζὶυ-

2211 4550 2315 4591 σαι
2344 4536 2459 4603 τὴν
2470 4538 2773 4606 ῥομφαίαν
2786 4551 2901 4590 σου
2921 4536 3017 4590 ἐπὶ
3045 4537 3154 4590 τόν
3169 4538 3362 4606 μηρόν
3388 4553 3524 4603 σου,
3542 4537 3782 4604 δυνατὲ,

2211 4621 2287 4689 τῇ
2313 4622 2623 4690 ὡραιότητί
2642 4637 2759 4676 σου
2783 4623 2881 4676 καὶ
2900 4622 2979 4687 τῷ
2999 4624 3208 4677 κάλλει
3230 4640 3367 4678 σου.
3396 4624 3494 4678 Διά
3519 4624 3675 4678 τοῦτο
3693 4627 3786 4677 καὶ

2210 4711 2451 4779 Μωῦσῆς
2501 4711 2765 4783 ἐπεθύμει
2807 4711 3062 4776 πολλάκις
3097 4713 3259 4768 αὐτὸν
3295 4714 3443 4775 ίδεῖν,
3473 4714 3549 4783 τῷ
3578 4713 3785 4782 φίλτρῳ

2209 4797 2437 4868 τρωθεὶς
2469 4797 2661 4867 τούτῳ,
2681 4799 2775 4851 καὶ
2785 4798 2884 4868 τῆς
2912 4798 3068 4869 δόξης
3089 4800 3301 4871 ἐκείνης
3319 4801 3481 4872 ἐρῶν.
3508 4801 3604 4853 Διά
3628 4800 3784 4852 τοῦτο

2211 4884 2308 4938 καὶ
2331 4883 2594 4947 Φίλιππος
2619 4884 2772 4953 ἔλεγε
2791 4902 2806 4917 ·
2841 4884 3050 4950 Δεῖξον
3077 4887 3222 4955 ἡμῖν
3257 4887 3365 4940 τὸν
3394 4884 3645 4953 Πατέρα,
3683 4885 3784 4938 καὶ

2214 4970 2367 5043 [156]
2396 4971 2568 5041 ἀρκεῖ
2605 4972 2771 5040 ἡμῖν.
2807 4972 3022 5026 Μᾶλλον
3051 4974 3108 5026 δέ
3141 4974 3241 5027 ὅσα
3277 4973 3343 5026 ἂν
3375 4972 3639 5042 είπωμεν,
3663 4972 3784 5024 οὐδέ

2214 5059 2428 5130 μικρὸν.
2457 5060 2576 5112 οὐδὲ
2602 5060 2838 5130 ἀμυδρὸν
2852 5061 2995 5130 ῑχνος
3014 5078 3066 5114 τι
3088 5061 3186 5131 τῆς
3208 5052 3539 5131 εὐπρεπείας
3564 5060 3782 5129 ἐκείνης

2212 5147 2562 5218 παραστῆσαι
2595 5147 2956 5217 δυνησόμεθα.
2988 5147 3149 5200 Ἀλλά
3163 5146 3264 5210 τὰς
3290 5146 3603 5216 εὐεργεσίας
3618 5145 3782 5217 βούλῃ

2210 5232 2621 5304 καταλξωμεη
2661 5233 2803 5287 Ἀλλ’
2851 5234 2971 5287 οὐδέ
3003 5233 3208 5296 ταύτας
3240 5233 3395 5300 λόγος
3432 5233 3781 5302 παραστῆσαι

2209 5316 2515 5389 δυνήσεται.
2546 5321 2644 5374 Διά
2669 5320 2827 5374 τοῦτο
2860 5324 2889 5375 ὁ
2920 5321 3131 5384 Παῦλος
3161 5320 3313 5387 ἔλεγε
3333 5335 3347 5351 ·
3395 5319 3574 5387 Χάρις
3600 5319 3670 5373 δὲ
3702 5317 3783 5384 τῷ

2208 5409 2405 5474 Κυρίῳ
2430 5407 2529 5459 ἐπὶ
2554 5407 2631 5474 τῇ
2657 5408 3062 5479 ἀνεκδιηγήτῳ
3095 5408 3282 5464 αὑτοῦ
3305 5407 3512 5476 δωρεᾷ.
3543 5409 3649 5461 Kal
3679 5408 3783 5466 ua-

2210 5491 2322 5546 λιν·
2360 5496 2420 5547 Ἃ
2468 5494 2774 5563 ὀφθαλμὸς
2825 5498 2937 5550 οὐκ
2966 5491 3109 5559 είδε,
3136 5494 3231 5548 καί
3261 5490 3369 5562 οὖς
3390 5498 3499 5550 οὐκ
3525 5495 3778 5564 ἤκουσε,

2272 5667 2299 5706 ι’
2322 5668 2414 5716 Ka‘:
2435 5667 2619 5731 ἀμαχον
2637 5668 2782 5731 ἀθεει
2814 5667 2863 5716 in
2881 5682 2977 5731 uno
3002 5671 3118 5731 cod.
3143 5671 3271 5731 apud
3302 5670 3449 5719 Savil.

2274 5732 2296 5760 ο
2320 5731 2372 5778 lu
2395 5727 2694 5777 editionibus
2725 5730 2820 5776 τῶν
2848 5732 2906 5777 0'
2926 5727 3272 5790 έπέταντο,’καὶ
3299 5731 3549 5794 ἐκέκραγεν
3575 5728 3775 5790 legitur.

3822 1315 3837 1409 ξ
