2042 3139
161 180 207 208 Ili!
719 173 897 204 EXPOSITIO
914 174 947 203 IN
965 174 1125 203 PSALHUM
1146 174 1212 202 XLI.

159 236 237 268 diuit,
257 229 279 262 εἰ
302 235 327 261 in
344 242 389 262 cor
408 234 517 262 hominis
538 242 588 260 non
607 232 791 265 ascenderunt,
812 240 868 267 qua
881 231 951 259 Deus

156 280 312 315 preparavit
330 280 361 307 iis
383 281 426 315 qui
448 281 531 313 ipsum
545 278 654 313 diligunt
670 278 714 313 (1.
732 277 789 305 Cor.
805 276 833 304 2.
844 277 890 312 9).
917 277 951 304 Et

161 334 252 355 rursus
266 335 273 353 :
288 325 315 353 υ
328 325 438 353 altitudo
451 325 605 357 diuitiarum,
620 328 644 351 et
655 323 796 359 sapientiai,
809 328 832 351 et
840 323 952 351 scientia

159 371 216 402 Dei,
233 379 308 406 trram
321 370 495 397 insuutabilia
509 375 567 396 sunt
576 369 675 405 judicia
688 370 753 403 eius,
765 373 788 395 et
799 369 950 404 imperasti-

158 417 252 454 gabiles
263 417 312 443 sic
329 416 385 451 ejus
404 414 494 449 (Rom.
511 415 554 443 11.
569 414 633 450 55)ἰ
657 414 721 449 Ejus
742 418 830 441 autem
851 413 877 440 in
902 420 950 440 nos

160 469 279 490 amorem
292 468 414 496 qua-nam
426 460 566 495 eaplicarit
579 459 683 487 oratio?
701 459 767 489 Eum
781 461 853 485 certe
865 456 952 484 admia

159 515 222 535 rans
238 506 345 539 dicebat
353 505 488 534 Joannes:
503 505 548 532 Sic
560 505 629 532 enim
638 504 707 531 Deus
722 504 809 531 dilexit
817 502 949 534 mundum,

159 558 188 580 ut
204 552 301 579 Filiam
311 559 388 579 suum
397 552 474 578 daret
486 551 643 585 unigenitum
658 549 747 585 (Joan.
763 549 790 576 3.
806 548 863 583 16).
874 547 950 581 Quod

160 599 183 626 si
198 599 240 626 vis
259 598 318 632 ejus
338 597 419 624 verba
433 596 543 628 audire,
558 600 587 622 et
603 602 764 630 cognoscere
778 593 949 622 desiderium.

159 644 220 674 audi
231 643 295 678 quid
306 643 377 670 dicat
390 650 437 677 per
451 642 606 677 prophetam
619 650 626 668 :
644 641 773 675 Numquid
794 639 950 666 obliviscetur

157 691 252 717 mulier
275 690 387 716 misereri
409 695 526 715 natorum
547 688 611 714 uteri
638 687 697 714 sui?
722 686 797 719 Quod
820 686 841 711 si
865 692 951 711 eorum

159 736 236 762 etiam
249 735 410 762 obliviscatur
422 735 521 765 mulier,
545 742 590 768 ego
606 738 689 759 tanien
702 741 751 759 non
770 732 901 758 obliviscar
915 730 951 756 tui

160 782 237 817 (lsui.
251 782 296 809 ιθ.
318 781 373 816 15).
400 780 433 807 Et
451 781 520 807 sicut
538 779 582 807 hic
596 779 717 806 diccbat:
735 776 951 810 Quemadmodum

160 829 288 856 desiderat
297 835 382 854 cervus
397 827 430 853 ad
442 828 522 862 fontes
535 834 668 861 aquarum,
683 825 719 850 ita
731 824 855 850 desiderat
867 823 951 849 anima

159 882 218 901 mea
229 873 263 899 ad
275 877 308 904 te,
323 872 406 899 Deus:
416 872 451 898 ita
462 871 540 898 etiam
549 871 613 897 dicit
625 869 747 897 Christus
759 877 765 894 :
783 867 952 901 Quemadmo-

160 919 224 945 dum
237 922 369 952 congregat
381 916 476 951 gallina
487 915 568 951 pullos
583 923 641 942 suos
653 936 660 947 ,
671 915 706 940 ita
716 914 782 941 colui
800 920 952 947 congregare

160 964 230 998 ﬁlios
243 968 344 995 vestros,
357 968 379 989 et
392 962 507 989 noluistis
522 961 627 998 (Matth.
641 961 686 988 25.
703 960 759 994 57).
786 959 820 986 Ει
836 965 928 985 l‘tll'SUS
943 966 951 985 :

160 1009 238 1036 Sicut
257 1008 388 1034 miseretur
414 1012 485 1041 pater
509 1007 619 1040 ﬁliorum
641 1013 761 1037 suorum,
782 1004 896 1030 misertus
917 1008 952 1029 est

160 1053 287 1081 Dominus
296 1060 382 1079 eorum
393 1052 436 1086 qui
446 1053 528 1087 ipsum
548 1051 634 1077 timent
649 1049 735 1084 (Psal.
756 1049 817 1077 10⁸2.
840 1048 896 1083 15).
920 1049 953 1074 Et

160 1105 254 1127 rursus
269 1107 275 1125 :
294 1098 419 1131 Quoniam
439 1097 577 1125 secundum
595 1096 754 1123 altitudinem
772 1095 828 1122 cteli
851 1103 867 1121 a
886 1100 952 1120 terra

159 1145 320 1178 conﬁrmavit
332 1144 455 1171 Dominus
469 1143 666 1170 misericordiam
677 1150 748 1168 suam
759 1149 833 1176 super
841 1141 952 1167 timentes

160 1192 246 1226 ipsum
254 1189 335 1224 (Ibid.
346 1189 429 1224 11.“).
445 1189 476 1216 Et
487 1187 709 1223 quemadmodum
720 1186 846 1221 propheta
862 1193 953 1213 exem-

161 1237 236 1271 plum
268 1236 364 1270 quaarit
391 1239 421 1262 ut
446 1241 524 1262 suum
546 1233 668 1260 ostendat
694 1232 854 1260 desiderium
879 1239 885 1256 :
917 1231 951 1257 ita

160 1282 244 1309 eliam
260 1281 329 1308 Deus
343 1280 426 1307 utitur
439 1279 596 1314 quibusdam
616 1277 744 1311 exemplis
754 1298 762 1310 ,
778 1281 808 1304 ut
822 1276 952 1310 signiﬁcet

161 1327 241 1355 nobis
263 1334 339 1353 suum
364 1333 481 1352 amorem
507 1329 606 1352 nostra:
637 1323 739 1351 salutis.
770 1323 803 1350 Et
824 1322 951 1356 propheta

160 1372 270 1408 quidem
285 1372 352 1404 dixit
365 1378 470 1398 cervam
492 1370 636 1401 sitientem,
657 1373 683 1396 et
699 1373 795 1397 terram
809 1368 929 1394 adustam
944 1376 951 1393 :

163 1421 234 1447 Deus
248 1425 337 1447 autem
352 1418 509 1453 gallinarum
520 1418 545 1444 in
558 1417 643 1451 pullos
653 1417 801 1447 caritatem,
813 1420 839 1442 ct
849 1420 953 1449 patrmn

161 1473 254 1494 curam
267 1472 299 1491 ac
312 1463 526 1496 sollicitudinem,
540 1468 567 1490 et
584 1462 643 1489 celi
660 1470 675 1488 a
690 1466 759 1488 terra
774 1461 951 1491 altitudinem,

161 1516 192 1538 et
207 1515 321 1537 matrum
335 1510 436 1536 viscera
448 1529 456 1541 ,
473 1515 526 1535 non
549 1507 617 1542 quod
641 1507 725 1534 solum
749 1511 851 1534 tantum
870 1510 950 1536 amet,

161 1561 293 1592 quantum
302 1559 387 1582 mater
397 1554 489 1585 ﬁlium,
503 1553 549 1581 sed
558 1553 681 1588 quoniam
693 1553 733 1580 his
743 1551 951 1582 deﬁnitionibus,

163 1602 283 1636 regulis,
298 1605 326 1628 et
343 1599 472 1634 exemplis
492 1606 543 1626 non
557 1604 617 1625 sunt
634 1598 702 1632 apud
716 1605 764 1624 nos
782 1598 832 1624 alia
852 1596 952 1630 majora

163 1648 238 1682 signa
251 1651 278 1674 et
286 1650 439 1680 argumenta
448 1644 580 1672 amicitim.
592 1644 656 1671 Nam
668 1643 737 1678 quod
749 1650 797 1670 nos
806 1651 857 1670 non
868 1643 953 1669 solum

164 1696 267 1719 tantum
282 1694 371 1722 amet,
386 1694 511 1725 quantum
529 1694 613 1716 mater
629 1688 669 1723 pia
693 1688 761 1715 ﬁlios
773 1708 780 1719 ,
804 1688 851 1715 sed
875 1688 954 1714 etiam

164 1739 248 1766 multo
262 1737 363 1772 magis,
379 1736 439 1764 audi
458 1735 521 1770 quid
539 1735 604 1763 dicit
623 1744 628 1761 :
653 1735 726 1768 Quod
746 1735 767 1763 si
783 1734 858 1761 etiam
877 1734 954 1760 oblita

165 1785 242 1821 fuerit
254 1789 334 1811 mater
345 1784 458 1817 filiorum
470 1790 583 1813 suorum,
599 1789 643 1816 ego
658 1787 740 1808 tamen
755 1781 790 1808 tui
808 1789 858 1807 non
868 1780 955 1806 oblivi-

164 1839 221 1858 scar
237 1829 317 1866 (ικαὶ.
333 1829 377 1856 49.
396 1828 452 1862 15).
479 1827 534 1854 Hoc
558 1832 645 1854 autem
667 1826 772 1853 dicebat
792 1826 953 1860 signiﬁcans,

164 1884 243 1904 suum
261 1876 288 1902 in
302 1883 351 1902 nos
365 1873 524 1901 desiderium
545 1879 605 1900 esse
625 1872 698 1899 omni
719 1871 828 1898 caritate
843 1870 955 1898 naturali

165 1921 312 1950 ardentius.
339 1920 399 1947 Hac
415 1923 503 1947 autem
522 1918 611 1945 omnia
624 1917 694 1951 apud
707 1918 819 1950 teipsum
835 1916 955 1943 conside-

165 1975 213 2000 ra,
237 1970 264 1994 et
285 1972 403 1992 amorem
424 1964 608 1992 vehementem
632 1961 781 1993 accendes,
805 1961 956 1995 claramque

167 2013 302 2040 ﬂammam
325 2011 537 2046 resplendentem
559 2009 675 2036 caritatis
695 2007 803 2036 efﬁcies.
825 2006 955 2040 Quoniam

166 2066 232 2094 ergo
245 2058 310 2085 nihil
327 2057 397 2092 apud
412 2064 461 2084 nos
483 2056 604 2083 homines
627 2062 703 2089 teque
721 2054 791 2082 solet
811 2052 957 2080 accendere

166 2104 325 2136 amicitiam,
342 2107 370 2131 ut
389 2102 494 2130 assidue
515 2101 668 2129 meminisse
689 2100 878 2127 beneﬁciorum
898 2106 956 2133 qua:

166 2150 322 2184 accepimus
337 2158 343 2176 :
358 2149 408 2175 hoc
421 2149 498 2175 etiam
513 2148 538 2174 iu
551 2148 604 2174 Deo
616 2146 753 2174 faciamus.

202 2195 329 2228 Beneﬁcia
351 2193 398 2221 Dei
419 2194 446 2220 in
467 2201 522 2220 nos.
543 2207 578 2213 —
595 2192 670 2226 Apud
689 2199 738 2219 nos
759 2191 956 2219 consideremus

167 2247 342 2276 quacumque
356 2239 418 2266 fecit
432 2243 540 2274 propter
555 2245 612 2269 nos,
625 2238 710 2272 ipsum
724 2236 833 2268 uelum,
846 2241 954 2265 terram,

167 2294 252 2319 mare,
266 2293 354 2313 aerem
371 2294 378 2312 :
394 2293 453 2320 qua:
465 2285 490 2311 in
506 2289 572 2311 terra
588 2288 660 2315 sunt,
675 2283 793 2313 arbores,
808 2283 896 2310 varios
907 2281 957 2311 llo-

168 2331 363 2367 res,jumenta,
374 2330 475 2364 reptilia
492 2337 498 2355 :
523 2337 552 2356 ea
565 2336 623 2363 qum
638 2334 699 2356 sunt
714 2328 739 2354 iu
751 2327 817 2355 mari
836 2336 843 2354 :
859 2335 917 2362 quae
930 2327 955 2354 in

168 2385 231 2404 aere
241 2376 330 2403 medio
343 2385 350 2404 :
364 2381 434 2402 astra
448 2382 508 2410 qua:
521 2380 583 2402 sunt
596 2374 621 2400 in
636 2374 701 2400 caelo
713 2393 720 2405 ,
740 2373 834 2405 solem,
857 2372 955 2403 lunam.

169 2427 195 2449 et
213 2427 242 2448 ut
262 2421 346 2449 semel
366 2421 470 2453 dicam,
495 2420 583 2447 omnia
605 2427 663 2453 qua:
678 2418 818 2449 videntur,
837 2417 953 2452 fulgura,

170 2473 318 2502 temporum
330 2466 467 2501 pulchrum
482 2465 602 2493 ordinem
614 2485 622 2496 ,
642 2465 692 2491 dici
707 2469 732 2490 et
751 2464 836 2491 noctis
849 2471 957 2491 succes-

169 2513 288 2544 sionem,
311 2519 414 2539 auuuas
433 2512 631 2538 conversiones.
656 2510 778 2536 Animam
801 2508 956 2542 inspiravit,

170 2559 298 2586 rationem
316 2557 442 2588 donavit,
457 2557 572 2583 maximo
585 2555 724 2582 honoravit
740 2554 861 2588 imperio.
888 2553 958 2581 Misit

169 2603 290 2638 angelos,
303 2604 375 2630 misit
385 2602 537 2637 prophetas,
553 2607 644 2636 postea
665 2600 759 2627 Filium
778 2607 854 2627 suum
869 2600 958 2634 unige-

171 2650 266 2677 nitum.
291 2650 325 2676 Et
346 2654 405 2682 post
426 2649 467 2675 illa
482 2655 573 2675 rursus
594 2648 650 2681 ipse
666 2654 772 2682 quoque
790 2651 817 2673 et
832 2653 877 2679 per
891 2653 919 2672 se
932 2650 958 2672 ct

172 2702 220 2730 per
232 2694 329 2722 Filium
345 2694 510 2729 unigenitum
531 2693 652 2720 hortatur
675 2697 704 2720 ut
718 2697 745 2718 tu
762 2690 894 2721 serveris;
910 2697 960 2717 nec

171 2745 258 2768 cessat
272 2740 369 2768 Paulus
383 2740 409 2767 in
423 2739 580 2768 hodiernum
595 2745 678 2771 usque
697 2737 766 2767 diem
777 2737 868 2763 dicere
884 2744 890 2762 :
909 2734 959 2761 Pro

173 2785 270 2813 Christo
285 2785 408 2820 legatione
420 2784 560 2820 fungimur,
584 2791 673 2818 nempe
699 2783 751 2810 Deo
775 2790 820 2817 per
841 2790 886 2808 nos
899 2781 958 2808 lior-

174 2837 248 2862 tante,
262 2831 419 2858 obsecramus
428 2838 473 2865 pro
482 2829 590 2861 Christo,
597 2828 792 2860 reconciliumiui
799 2827 851 2854 Deo
858 2825 957 2862 βίον.

175 2874 201 2910 ζ.
213 2875 270 2904 20L
288 2876 320 2904 Et
332 2883 365 2903 ue
375 2875 417 2902 hic
431 2874 536 2911 quidem
551 2874 681 2906 constitit,
696 2872 743 2900 sed
760 2880 792 2900 ex
809 2877 853 2900 tua
868 2873 962 2897 natura

1742 177 1793 205 “32

1003 235 1127 266 acceptas
1144 231 1275 267 primitias
1293 231 1429 260 Concidere
1444 232 1503 267 fecit
1516 241 1594 267 super
1605 240 1703 262 suum
1720 238 1793 269 prin-

1003 277 1125 312 cipatum,
1142 281 1308 310 potestatem,
1331 281 1354 304 et
1375 276 1548 310 dominatum.
1570 282 1594 306 et
1607 286 1681 308 omne
1702 286 1792 308 mpm.

1003 323 1072 358 quod
1082 323 1227 350 nominatur
1240 331 1290 350 non
1304 323 1386 350 solum
1400 323 1427 350 in
1438 323 1485 350 hoc
1497 324 1606 356 seculo,
1621 324 1665 353 sed
1678 325 1753 354 etiam
1766 326 1792 352 in

1003 370 1088 404 futuro
1103 368 1211 405 (Ephes.
1232 369 1259 396 t.
1284 368 1340 403 Si).
1364 368 1440 397 Nunc
1464 376 1526 397 vero
1547 374 1588 399 est
1612 375 1791 405 opportunum

1002 414 1091 442 dicere
1106 422 1113 441 :
1126 414 1191 447 Quis
1203 414 1318 449 loquetur
1330 414 1453 450 potentias
1472 414 1586 445 Domini.
1600 420 1623 443 et
1638 416 1739 444 auditas
1751 418 1791 450 [n-

1003 461 1049 487 det
1068 468 1154 491 omnes
1175 460 1333 487 laudationes
1353 461 1407 496 ejus
1426 459 1513 495 (Psal.
1529 461 1589 489 105.
1605 461 1654 495 2)?
1676 461 1710 494 Et
1730 462 1793 490 illud

1002 513 1096 533 rursus
1111 514 1117 532 :
1135 505 1202 537 Quid
1217 506 1351 532 retribuam
1363 505 1484 537 Domino,
1499 514 1545 540 pro
1554 505 1669 537 omnibus
1678 514 1736 541 qua
1747 515 1792 533 re-

1003 550 1090 577 tribuit
1102 551 1164 577 miln'
1177 549 1268 585 (Paul.
1283 550 1343 578 115.
1357 550 1421 585 12>τ
1444 550 1512 584 Quid
1531 551 1602 580 enim
1623 556 1708 585 potest
1731 558 1791 578 cum

1005 595 1055 622 hoc
1070 595 1170 623 honore
1183 595 1308 628 conferri,
1322 595 1371 622 nisi
1383 596 1488 630 quando
1500 597 1621 630 primitiae
1631 597 1735 630 generis
1747 605 1794 623 uo-

1004 641 1061 671 stri,
1076 641 1145 675 quod
1158 641 1183 667 in
1196 645 1247 668 tam
1262 641 1353 667 multis
1368 640 1493 673 oﬁ‘endit,
1509 641 1578 675 quod
1600 641 1740 675 ignominia
1765 647 1793 673 et

1003 686 1133 713 dedecore
1148 692 1188 713 est
1202 686 1335 718 all'cctum,
1347 687 1372 713 in
1389 691 1460 714 tanta
1472 687 1564 714 sedent
1577 687 1726 718 altitudine.
1736 692 1794 714 tau-

1004 737 1084 767 toque
1109 734 1210 759 honore
1235 741 1304 760 nunc
1319 733 1459 760 lruuutur'!
1480 732 1534 761 Nec
1559 741 1622 761 vero
1643 735 1795 761 communia

1003 779 1089 806 solum
1102 779 1241 810 beneﬁcia,
1256 779 1302 806 sed
1317 779 1396 806 etiam
1413 779 1516 813 propria
1528 783 1554 807 et
1569 779 1668 813 privata
1684 779 1753 813 apud
1769 785 1795 807 te

1004 830 1107 858 reputa,
1123 824 1346 859 quemadmodum
1368 825 1390 852 si
1402 825 1506 858 quando
1519 824 1614 852 fuisses
1632 825 1735 852 dolatus
1749 833 1796 859 pt-r

1004 869 1175 899 calumniam,
1186 869 1321 899 absolutus
1333 877 1406 897 esses
1421 869 1454 896 ab
1468 871 1796 904 accusationezsiquando

1004 922 1064 941 cum
1079 914 1164 941 media
1175 918 1203 941 et
1215 915 1371 948 intempesta
1383 919 1461 942 nocte
1476 914 1613 941 incidisses
1626 915 1653 943 in
1667 915 1794 947 latrones,

1005 960 1143 995 elfugisses
1170 960 1272 987 illorum
1288 960 1396 994 insidias
1411 969 1418 987 :
1434 961 1455 989 si
1471 960 1579 995 quando
1593 968 1624 987 ex
1639 961 1736 991 damno
1750 962 1796 988 tibi

1004 1006 1077 1032 illato
1093 1009 1119 1032 te
1132 1006 1310 1039 expedivisses
1323 1014 1328 1031 :
1344 1006 1365 1032 si
1379 1013 1438 1034 cum
1450 1006 1476 1034 in
1493 1006 1615 1035 morbum
1628 1013 1735 1041 grarem
1755 1006 1796 1033 in-

1005 1051 1126 1083 eidisses,
1142 1056 1277 1078 recreatus
1291 1059 1375 1078 esses.

1040 1097 1067 1125 5.
1090 1096 1192 1131 Reputa
1208 1104 1267 1131 qua:
1282 1104 1331 1131 per
1344 1100 1426 1124 totam
1445 1101 1515 1125 tuam
1531 1098 1611 1124 vitam
1633 1097 1757 1131 accepisti
1782 1106 1797 1124 a

1007 1142 1061 1169 Deo
1084 1142 1225 1174 beneﬁcia,
1251 1142 1359 1170 omnino
1381 1149 1411 1169 ea
1432 1142 1563 1176 permulta
1589 1143 1717 1175 invenies,
1745 1151 1796 1169 non

1007 1189 1093 1216 solum
1105 1189 1130 1215 in
1145 1193 1201 1215 tota
1215 1188 1278 1220 vita,
1296 1188 1342 1215 sed
1358 1188 1399 1216 vel
1414 1188 1439 1214 in
1454 1196 1507 1214 uno
1523 1188 1567 1215 die
1582 1197 1588 1214 :
1603 1188 1624 1214 si
1635 1189 1713 1221 vellet
1727 1188 1796 1215 Deus

1005 1235 1094 1262 omnia
1108 1235 1244 1266 beneﬁcia,
1261 1234 1357 1269 quibus
1370 1241 1418 1261 nos
1434 1233 1552 1267 quotidie
1574 1234 1673 1265 afﬁcit,
1696 1234 1798 1267 impru-

1006 1280 1131 1308 dentibus
1146 1280 1222 1308 nobis
1236 1284 1269 1306 et~
1284 1279 1474 1310 nescientibus,
1501 1279 1527 1305 in
1550 1279 1666 1306 medium
1691 1279 1795 1310 :ulTerre,

1006 1334 1040 1353 ne
1063 1333 1093 1352 ea
1107 1326 1213 1360 quidem
1240 1332 1397 1352 enumerare
1417 1332 1565 1359 possemus.
1583 1325 1652 1357 Quot
1664 1324 1798 1351 daemones

1006 1371 1128 1398 feruntur
1142 1378 1188 1405 per
1203 1370 1273 1397 hunc
1288 1370 1397 1397 aerem?
1416 1373 1479 1403 quot
1493 1369 1611 1397 adversae
1635 1371 1798 1403 potestates?

1006 1416 1034 1444 Si
1047 1424 1110 1451 ergo
1122 1417 1160 1444 eis
1172 1416 1257 1443 solum
1274 1415 1439 1449 permitteret
1455 1414 1599 1441 terribilem
1624 1415 1696 1441 illum
1719 1422 1796 1441 suurn

1006 1467 1034 1489 et
1046 1461 1207 1488 horrendum
1218 1466 1353 1495 aspectum
1364 1461 1439 1489 nobis
1451 1460 1602 1491 ostendere,
1612 1468 1699 1486 annon
1710 1466 1798 1487 mente

1006 1507 1223 1535 dimoveremur?
1244 1514 1331 1534 annon
1352 1506 1518 1541 periremus?
1531 1513 1619 1532 annon
1634 1507 1742 1534 omnino
1757 1505 1798 1532 in-

1007 1553 1167 1580 teriremus?
1188 1552 1249 1579 Haec
1263 1553 1350 1580 omnia
1365 1556 1536 1586 reputantes,
1557 1558 1606 1578 nec
1624 1559 1675 1578 non
1690 1556 1795 1586 peccata

1007 1605 1179 1633 quaecumque
1203 1598 1244 1625 vel
1269 1602 1373 1631 sponte,
1390 1597 1433 1623 vel
1449 1597 1590 1623 inscientes
1613 1596 1795 1624 admittimus‘

1008 1644 1082 1677 (nam
1097 1643 1147 1670 hoc
1160 1650 1264 1677 quoque
1280 1650 1331 1670 non
1347 1647 1387 1668 est
1403 1649 1512 1675 parvum
1528 1641 1702 1675 reputandqu
1718 1641 1799 1668 bene-

1008 1689 1107 1721 ﬁcium,
1120 1688 1190 1722 quod
1206 1696 1257 1714 nou
1273 1688 1383 1722 singulis
1395 1687 1489 1714 diebus
1502 1688 1569 1714 Deus
1583 1692 1672 1714 nostra
1686 1687 1798 1713 ulcisca—

1008 1740 1052 1761 tur
1071 1733 1190 1768 delicta),
1209 1734 1354 1767 poteritnus
1371 1733 1452 1760 Deum
1466 1733 1586 1768 diligere.
1603 1733 1713 1766 Quando
1728 1733 1798 1759 enim

1007 1778 1164 1813 cogitaveris
1179 1783 1243 1812 quot
1259 1783 1363 1811 peccata
1377 1778 1497 1812 quotidie
1518 1778 1674 1809 committis,
1688 1783 1712 1804 et
1736 1782 1800 1811 quot

1008 1825 1117 1859 singulis
1131 1825 1224 1851 diebus
1242 1825 1369 1852 beneﬁcia
1385 1824 1497 1859 accipis.
1513 1829 1610 1859 quanta
1627 1825 1671 1850 Dei
1689 1824 1798 1851 leuitate

1007 1877 1034 1899 et
1046 1871 1187 1898 clementia
1202 1870 1306 1902 frueris,
1322 1876 1349 1898 et
1363 1870 1433 1905 quod
1445 1871 1468 1898 si
1489 1870 1559 1898 Deus
1572 1871 1699 1903 \’('llli>50l
1711 1870 1799 1904 quoti-

1008 1918 1051 1944 die
1062 1918 1095 1945 de
1110 1918 1161 1944 tuis
1175 1918 1290 1952 peccatis
1305 1924 1396 1951 ptenas
1408 1924 1513 1943 sumere
1525 1936 1532 1948 ,
1548 1924 1581 1943 ne
1600 1916 1674 1943 brevi
1692 1916 1798 1950 quidem

1009 1968 1128 1997 tempore
1143 1963 1263 1994 vixisses,
1277 1962 1367 1998 (prout
1382 1962 1445 1989 dicit
1459 1961 1585 1996 propheta
1598 1971 1603 1987 :
1616 1962 1645 1987 Si
1657 1961 1800 1995 iniquitates

1009 2010 1185 2041 observaveris,
1208 2009 1331 2040 Domine,
1347 2008 1468 2039 Domine,
1483 2007 1537 2041 quis
1556 2006 1685 2035 sustinebit
1710 2005 1795 2041 [PsaL

1010 2056 1070 2084 129.
1086 2055 1152 2092 3]?)
1167 2055 1191 2082 ei
1214 2062 1274 2089 ages
1293 2054 1401 2088 gratias,
1417 2057 1444 2080 et
1468 2053 1531 2080 nihil
1553 2052 1603 2081 erit
1618 2052 1662 2079 tibi
1675 2060 1755 2087 grave
1768 2061 1799 2079 ac

1009 2102 1150 2129 molestum
1165 2108 1256 2127 eorum
1278 2107 1337 2134 qua:
1358 2098 1502 2126 acciderint
1528 2106 1535 2123 :
1561 2097 1608 2127 sed
1630 2097 1750 2130 videbis,
1774 2103 1800 2128 te

1009 2147 1112 2175 etiamsi
1128 2147 1264 2173 innumera
1279 2145 1355 2178 longe
1368 2145 1488 2178 graviora
1503 2143 1670 2174 occiditisent,
1682 2143 1798 2173 nondum

1010 2198 1097 2220 tamen
1112 2192 1217 2219 dedisse
1235 2198 1326 2224 prunas
1339 2197 1405 2224 cuius
1426 2196 1560 2219 mei-ueras
1575 2197 1581 2214 :
1597 2193 1623 2218 ct
1642 2188 1675 2218 ita
1690 2188 1799 2215 affectus

1010 2246 1133 2274 magnum
1146 2238 1276 2264 accendes
1289 2235 1449 2263 desidt-rium
1462 2255 1468 2265 .
1484 2240 1510 2261 et
1525 2235 1624 2269 poteris
1637 2234 1724 2260 dicere
1740 2243 1798 2261 cum

1009 2286 1136 2320 propheta
1154 2293 1160 2310 :
1179 2282 1393 2317 Quemadmodum
1418 2281 1542 2308 desiderat
1565 2288 1649 2310 ceruus
1666 2281 1700 2306 ad
1716 2282 1796 2315 fontes

1009 2339 1148 2365 aquarum,
1171 2330 1205 2355 ita
1224 2329 1348 2355 desiderat
1373 2327 1458 2354 anima
1471 2335 1524 2353 mea
1539 2326 1573 2351 ad
1588 2331 1626 2355 le,
1650 2325 1728 2353 Dens.
1753 2326 1798 2352 Est

1009 2381 1096 2404 autem
1111 2382 1199 2409 opera:
1214 2375 1326 2408 pretium
1340 2380 1469 2407 qumrcre.
1486 2380 1597 2405 quianam
1609 2372 1642 2404 de
1656 2379 1733 2398 causa
1748 2372 1798 2397 hoc

1009 2424 1105 2451 animal
1126 2424 1151 2450 in
1172 2422 1286 2449 medium
1302 2421 1451 2447 adduxerit.
1467 2420 1568 2449 Cervus
1582 2424 1622 2445 cst
1636 2418 1796 2449 sitibundus.

1010 2476 1037 2498 et
1048 2471 1107 2497 ideo
1120 2470 1269 2503 frequenter
1283 2467 1365 2494 currit
1376 2467 1408 2493 ad
1423 2466 1510 2493 fontes
1524 2473 1661 2499 aquarum.
1678 2464 1799 2492 El‘ﬁcitnr

1009 2522 1097 2543 autem
1109 2515 1256 2542 sitibundus
1268 2519 1293 2540 et
1305 2521 1318 2538 a
1331 2517 1433 2539 natura.
1447 2516 1472 2538 et
1487 2519 1519 2538 cx
1530 2519 1562 2537 eo
1575 2510 1644 2544 quod
1658 2515 1795 2543 serpentes

1010 2562 1149 2593 comedat,
1165 2567 1191 2587 et
1212 2560 1316 2586 illorum
1332 2559 1417 2585 alatur
1430 2556 1596 2591 corporibus.
1620 2555 1691 2590 Ergo
1705 2560 1731 2581 lu
1747 2554 1797 2580 hoc

1010 2617 1114 2644 quoquc
1128 2608 1168 2634 fac
1182 2616 1189 2634 :
1204 2611 1354 2641 serpentem
1368 2604 1557 2638 intelligibilem
1567 2603 1676 2630 comede
1688 2610 1696 2632 :
1706 2609 1800 2635 pecca-

1011 2660 1064 2681 tum
1080 2653 1152 2680 lmmi
1175 2658 1328 2687 proslerue,
1350 2656 1376 2677 et
1389 2650 1489 2685 poteris
1502 2649 1575 2676 sitire
1595 2647 1641 2674 Dei
1654 2646 1797 2679 desiderio.

1010 2697 1236 2733 Quemadmodum
1250 2697 1320 2723 enim
1334 2695 1401 2722 mala
1412 2692 1573 2722 conscientia
1585 2692 1665 2719 efﬁcit
1680 2699 1728 2720 nos
1741 2699 1798 2717 sor-

1010 2746 1096 2778 didos,
1106 2750 1133 2771 ct
1146 2743 1252 2770 adducit
1268 2749 1316 2769 nos
1328 2742 1360 2768 ad
1374 2740 1584 2775 desperationem
1597 2747 1603 2764 :
1621 2739 1666 2769 ita,
1677 2737 1699 2764 si
1708 2733 1796 2764 nostra

1042 2813 1049 2823 '
1066 2811 1124 2838 Hic,
1135 2811 1199 2833 teste
1211 2807 1303 2832 savilio.
1316 2807 1339 2830 in
1351 2805 1439 2838 Codice
1451 2804 1524 2838 Regio
1536 2803 1609 2838 raris;
1620 2803 1719 2838 legitur.
1730 2807 1796 2836 gua-

1016 2832 1212 2873 cumqne'suonte.
1222 2844 1322 2871 qutecun
1332 2841 1376 2867 que
1388 2832 1523 2865 ignoraaies
1533 2832 1796 2864 beneficiu’ocripinns.

1013 2875 1035 2896 et
1044 2875 1138 2903 peccata
1148 2872 1236 2895 nostra.
