4084 6278
473 356 576 411 165
1200 350 1256 405 S.
1297 345 1571 404 JOANNIS
1603 346 2080 404 CIIRYSOSTOMI
2115 348 2430 404 ARCHIEP.
2473 349 3006 406 CONSTANTINOP.
3628 359 3731 412 164

465 482 677 542 peccata
706 469 850 526 humi
878 467 1339 539 prostraverimus,
1361 465 1404 520 si
1427 461 2042 532 improbitatem‘expur—
2156 477 2217 516 ea
2249 463 2512 531 patiamur
2539 475 2754 533 propter
2772 479 2893 518 eum
2921 480 3076 533 quem
3100 464 3340 534 diligunt.

462 568 786 636 gaverimus,
817 563 1111 633 poterimus
1137 559 1402 627 respicere
1427 555 1494 610 ad
1518 554 1792 624 spirituale
1828 552 2044 608 deside-
2067 572 2129 583 -ί
2223 553 2276 609 6.
2299 554 2556 622 Quocirca
2578 556 2770 611 Paulus
2792 572 3022 626 quoque,
3040 571 3159 611 cum
3181 570 3321 613 esset
3343 560 3397 614 in
3415 561 3734 630 quotidiani:

462 661 624 724 rium,
674 672 796 712 cum
841 668 1028 724 magna
1057 653 1218 705 animi
1248 649 1520 704 alacritate
1547 649 1712 702 Deum
1739 660 1954 710 vocare,
1989 652 2046 699 et

465 749 916 805 vehementiorem
941 759 1177 800 amorem
1195 742 1509 806 accendere,
1535 755 1634 795 nec
1650 739 1828 794 verbis
1847 739 2040 802 solum,

464 839 560 895 sed
587 839 746 894 etiam
777 837 927 892 factis
956 836 1058 890 hoc
1085 848 1398 902 responsum
1421 831 1717 886 succincre.
1759 829 2043 898 Propterea

464 936 607 986 enim
654 930 888 999 psalmos
932 927 1082 981 nobis
1112 925 1306 980 cecinit
1353 924 1440 978 ille
1481 923 1707 986 beatus,
1739 922 1824 975 vel
1870 921 2046 990 potius

463 1021 632 1092 gratia
661 1020 890 1088 Spiritus
913 1058 929 1082 ,
981 1031 1086 1072 non
1129 1027 1187 1070 ut
1211 1015 1372 1070 verba
1399 1022 1600 1068 tantum
1630 1012 1903 1077 dicamus,
1948 1010 2042 1066 sed

465 1127 560 1167 eos
589 1110 743 1166 factis
769 1124 978 1180 quoque
1009 1107 1346 1162 meditemur.
1394 1105 1470 1160 Ne
1506 1119 1634 1175 ergo
1680 1103 1953 1157 existimes
1994 1112 2047 1156 te

467 1211 743 1272 propterea
770 1201 875 1254 huc
896 1198 1120 1269 ingredi,
1151 1205 1209 1251 ut
1232 1196 1393 1250 verba
1429 1204 1631 1248 tantum
1660 1195 1804 1249 dicas
1822 1234 1837 1257 ,
1870 1193 1963 1248 sed
1989 1202 2048 1246 ut

465 1291 683 1362 quando
731 1291 999 1352 succinis,
1049 1302 1364 1358 responsum
1415 1285 1540 1340 illud
1589 1295 1739 1354 pacta
1781 1297 2045 1339 conventa

467 1398 588 1437 esse
613 1383 905 1437 arbitreris.
931 1379 1151 1447 Quando
1170 1379 1312 1433 enim
1341 1376 1541 1432 dixeris
1569 1392 1582 1430 :
1613 1374 2047 1442 Quemadmodum

466 1475 718 1530 desiderat
748 1489 919 1528 cervus
949 1473 1014 1526 ad
1041 1473 1203 1540 fontes
1227 1486 1494 1540 aquarum,
1517 1469 1588 1522 ita
1610 1467 1858 1520 desiderat
1877 1469 2050 1520 animo

465 1584 578 1621 mea
603 1568 671 1619 ad
696 1577 762 1630 te,
790 1565 928 1618 Deus
957 1580 976 1618 :
1013 1579 1133 1618 cum
1163 1563 1271 1618 Deo
1315 1571 1520 1630 pactum
1562 1559 1758 1622 fecisti,
1791 1559 2049 1628 scripsisti

466 1659 822 1731 syngrapham
851 1659 1049 1726 absque
1075 1655 1259 1709 charta
1298 1663 1352 1708 et
1384 1659 1715 1716 atramento,
1747 1665 1878 1705 voce
1921 1665 2048 1718 pro-

468 1753 638 1808 fessus
684 1763 735 1807 te
776 1753 947 1820 ipsum
991 1750 1212 1818 diligere
1249 1748 1366 1817 plus
1405 1746 1684 1810 omnibus,
1732 1753 1787 1799 et
1827 1744 1958 1798 nihil
1999 1745 2048 1798 ei

469 1843 744 1914 praeferre,
774 1842 996 1910 ejusque
1023 1853 1205 1893 amore
1231 1837 1439 1892 ardere.
1465 1837 1518 1892 Si
1545 1851 1672 1906 ergo
1705 1851 1950 1906 egressus
1975 1837 2047 1889 vi-

465 1934 612 1989 deris
644 1931 930 1986 formosam
966 1929 1196 1998 aliquam
1238 1936 1294 1982 et
1331 1927 1649 1998 impudicam
1690 1927 1963 1981 mulierem
1999 1935 2051 1981 te

457 2026 832 2088 'inescantem,
867 2030 922 2075 et
951 2019 1016 2074 ad
1044 2020 1122 2074 sui
1154 2033 1390 2072 amorem
1420 2017 1771 2088 pellicientem
1796 2058 1811 2081 ,
1841 2017 1926 2072 dic
1951 2017 1998 2071 ei
2032 2032 2046 2070 :

470 2115 584 2170 Non
613 2129 832 2185 possum
861 2121 914 2166 te
949 2109 1130 2181 sequi,
1161 2124 1282 2164 cum
1312 2109 1419 2163 Deo
1449 2118 1659 2178 pactum
1685 2109 1801 2175 feci,
1831 2118 1887 2163 et
1913 2124 2050 2177 pra”:-

469 2209 707 2264 sentibus
731 2207 1001 2270 fratribus,
1028 2203 1413 2268 sacerdotibus,
1430 2201 1753 2266 doctoribus,
1779 2202 2053 2270 professus

467 2315 584 2354 sunt
615 2308 668 2354 et
697 2299 912 2368 promisi
942 2314 1035 2367 per
1053 2311 1368 2366 reSponsum
1397 2295 1553 2360 illud,
1596 2309 1682 2348 me
1710 2308 1832 2347 eum
1868 2293 1936 2348 ita
1967 2293 2052 2346 di-

471 2392 654 2462 ligere,
691 2390 1123 2457 Quemadmodum
1152 2388 1402 2442 desiderat
1431 2403 1603 2440 cervus
1627 2385 1696 2439 ad
1717 2390 1881 2454 fontes
1897 2403 2053 2455 aqua-

469 2499 602 2536 rum.
648 2482 846 2536 Vereor
875 2491 1024 2549 pacta
1065 2489 1321 2534 conventa
1349 2477 1678 2547 transgredi,
1721 2477 1864 2530 illum
1892 2493 2053 2531 unum
2093 2499 2099 2504 ·

471 2575 726 2643 deinceps
752 2589 990 2626 amorem
1019 2571 1264 2626 meditor.
1284 2570 1338 2626 Si
1363 2570 1555 2631 videris
1574 2577 1848 2638 argentum
1866 2569 1918 2621 in
1939 2568 2054 2624 foro

469 2669 629 2723 situm
652 2711 666 2732 ,
697 2676 786 2720 aut
812 2673 987 2720 vestes
1012 2679 1198 2719 aureas
1217 2705 1231 2730 ,
1261 2663 1393 2717 alios
1431 2663 1661 2732 gloriose
1702 2660 2009 2716 incedentes
2033 2702 2049 2726 ,

470 2756 694 2825 stipatos
721 2753 944 2816 famulis,
977 2761 1030 2804 et
1058 2750 1312 2804 habentes
1337 2763 1502 2818 equos
1529 2747 1690 2802 frenis
1724 2747 1956 2812 auratis,
1986 2761 2054 2801 ne

473 2833 525 2900 te
550 2852 759 2900 tnoveat
787 2844 872 2896 illa
902 2857 1116 2913 pompa,
1144 2840 1238 2894 sed
1272 2839 1362 2892 tibi
1389 2853 1570 2893 rursus
1600 2847 1824 2903 cane,et
1848 2837 1934 2891 dic
1951 2847 2053 2891 tute

471 2941 662 2992 anima:
695 2954 707 2987 :
737 2934 904 2989 Paulo
932 2945 1055 2987 ante
1077 2932 1367 2986 cecinimus
1393 2969 1409 2995 ,
1459 2927 1895 2996 Quemadmodum
1918 2929 2054 2981 desi-

469 3034 615 3084 derat
648 3045 822 3081 cervus
868 3025 934 3078 ad
975 3029 1135 3091 fontes
1170 3039 1450 3091 aquarum,
1491 3023 1562 3074 ita
1605 3021 1850 3074 desiderat
1885 3021 2055 3074 anima

473 3138 585 3176 mea
613 3120 680 3172 ad
708 3129 772 3183 te,
803 3117 978 3181 Deus;
1004 3125 1059 3171 ct
1083 3114 1222 3184 quod
1251 3114 1505 3183 scriptum
1533 3119 1616 3165 est
1632 3111 1784 3166 nobis
1808 3110 2054 3166 attribui-

473 3226 613 3278 tnus,
647 3211 806 3280 idque
829 3219 1067 3263 nostrum
1099 3221 1218 3261 esse
1242 3206 1482 3260 fecimus.
1508 3203 1646 3257 Nihil
1666 3219 1792 3273 ergo
1815 3218 2056 3258 amemus

471 3320 657 3358 eorum
687 3317 804 3371 qua!
834 3301 898 3353 ad
931 3300 1066 3353 hanc
1091 3298 1252 3352 vitam
1280 3296 1563 3366 pertinent,
1590 3302 1646 3348 ut
1667 3294 1756 3348 ille
1778 3309 1929 3348 amor
1955 3309 2055 3348 no-

473 3396 553 3448 bis
583 3405 744 3460 pnrus
773 3398 983 3443 maneat
1008 3396 1063 3442 et
1085 3387 1310 3455 integer,
1338 3393 1392 3438 ct
1417 3400 1484 3438 ne
1522 3383 1722 3437 divisus
1769 3384 1860 3437 liat
1886 3383 2053 3438 imbe-

471 3487 660 3540 cillior.
686 3483 778 3536 Hae
805 3482 998 3536 divitia:
1018 3494 1204 3533 omnes
1225 3477 1457 3541 divitias,
1485 3491 1694 3530 onmem
1722 3474 2054 3541 thesaurum,

471 3589 686 3629 omnem
707 3573 951 3644 gloriam,
981 3585 1194 3624 onmem
1216 3568 1680 3632 existimationem,
1707 3581 1919 3622 omnem
1942 3567 2060 3621 cla-

477 3667 688 3720 ritatem
739 3663 890 3717 nobis
936 3660 1113 3730 largiri
1164 3667 1432 3728 poterunt.
1476 3658 1578 3712 Eas
1605 3657 1961 3722 obtineamus,
2003 3667 2058 3710 et

474 3757 618 3812 nulla
649 3770 708 3810 re
743 3755 842 3808 alia
874 3752 1168 3822 egebimus.
1199 3750 1255 3804 Si
1280 3749 1421 3804 enim
1451 3748 1538 3817 qui
1588 3747 1727 3816 turpi
1766 3762 1950 3800 amore
1980 3755 2060 3800 le-

475 3856 690 3905 uentur.
710 3855 762 3900 et
779 3845 1002 3913 alicujus
1022 3842 1226 3912 puellae,
1241 3856 1384 3909 saepe
1398 3840 1556 3894 etiam
1575 3837 1849 3903 deformis,
1867 3837 2058 3891 ardore

475 3939 870 4001 incenduntur,
905 3950 1002 3988 nec
1047 3943 1325 4004 parentum
1374 3931 1566 3993 minas,
1620 3944 1719 3983 nec
1765 3928 2055 3982 amicorum

472 4031 747 4095 convicia,
801 4041 902 4082 nec
946 4025 1172 4080 aliorum
1221 4023 1508 4077 multorum
1553 4021 1821 4090 quidpiam
1866 4029 2057 4074 curant

474 4121 966 4192 reprehensionem,
1011 4117 1104 4172 sed
1149 4115 1216 4170 ad
1267 4115 1409 4169 illam
1453 4124 1718 4183 tamquam
1746 4113 1812 4168 ad
1839 4127 2057 4181 scopum

474 4213 776 4277 tendentes,
807 4222 862 4267 et
890 4210 1106 4265 domum
1128 4207 1447 4276 despiciunt,
1476 4217 1530 4260 et
1550 4217 1825 4276 paternam
1849 4205 2062 4260 heredi-

473 4314 678 4371 tatem,
727 4304 952 4373 gloriam
1007 4309 1062 4355 et
1122 4297 1604 4361 existimationem,
1661 4301 2059 4367 amicorumque

473 4395 873 4450 adhortationes
921 4399 1308 4455 contemnunt,
1351 4390 1679 4444 :estimantes
1726 4405 1784 4442 se
1814 4404 2057 4458 magnam

477 4487 674 4540 habere
699 4486 840 4538 circa
869 4483 987 4538 haec
1013 4484 1190 4537 omnia
1217 4482 1656 4544 consolationem,
1687 4481 1728 4535 si
1755 4481 1892 4550 apud
1922 4481 2060 4534 ami-

475 4591 595 4630 cam
629 4584 829 4628 tantum
861 4576 912 4628 in
960 4575 1128 4644 pretio
1155 4582 1211 4627 et
1239 4573 1443 4626 honore
1486 4571 1701 4637 fuerint,
1751 4572 1875 4626 licet
1915 4572 2058 4637 vilis,

477 4667 705 4730 famosa,
737 4675 796 4718 et
822 4679 1173 4735 quaecumque
1201 4677 1262 4716 ea
1286 4662 1480 4716 fuerit:
1513 4663 1603 4732 qui
1633 4663 1796 4717 Deum
1819 4671 1876 4716 ut
1902 4677 2064 4730 opor-

480 4765 558 4812 tet
581 4757 825 4827 diligunt,
857 4756 1156 4810 sentientne
1179 4770 1426 4822 umquam
1451 4770 1570 4823 qua:
1595 4764 1720 4808 sunt
1741 4754 1879 4807 inter
1901 4753 2066 4808 homi-

480 4865 579 4906 nes
602 4856 694 4904 aut
721 4848 996 4918 praeclara,
1026 4857 1115 4902 aut
1136 4847 1397 4901 molesta?
1421 4845 1528 4900 Nec
1549 4847 1824 4914 praesentis
1847 4847 2062 4916 quidem

479 4944 602 4996 vita:
629 4955 874 5012 pompam
898 4939 1316 5009 apprehendent,
1350 4945 1408 4990 ut
1433 4939 1523 5006 qui
1551 4937 1616 4990 ad
1647 4937 1794 4990 illum
1825 4952 2061 4992 amorem

477 5034 791 5103 dirigantur,
824 5030 916 5084 sed
937 5045 1149 5083 onmem
1177 5029 1426 5082 ridebunt
1449 5028 1876 5096 prUSperitatem,
1895 5036 1947 5082 et
1976 5044 2063 5082 res

477 5142 664 5182 omnes
694 5125 945 5180 adversas
971 5131 1313 5178 contemnent
1337 5162 1353 5188 ,
1392 5131 1448 5174 ut
1474 5123 1560 5190 qui
1593 5121 1698 5174 sint
1726 5120 1925 5188 alligati
1971 5121 2061 5174 Dei

479 5218 783 5280 desiderio,
817 5227 871 5271 et
915 5215 1043 5268 nihil
1072 5213 1214 5267 aliud
1255 5221 1476 5267 cernant
1522 5221 1874 5281 prwterquam
1919 5212 2063 5265 illum

485 5313 680 5375 solum,
709 5319 762 5364 et
789 5325 910 5364 cum
938 5323 1152 5376 semper
1181 5307 1446 5376 cogitent,
1490 5315 1545 5359 et
1578 5320 1636 5360 se
1676 5319 1795 5359 esse
1819 5305 2064 5360 omnibus

483 5401 744 5455 beatiores
784 5402 1110 5456 existiment.
1170 5398 1316 5452 Licet
1357 5397 1410 5452 in
1452 5405 1800 5466 paupertate,
1845 5397 1970 5451 licet
2013 5398 2063 5450 in

486 5494 798 5560 ignominia,
830 5492 952 5549 licet
981 5496 1032 5548 in
1065 5493 1306 5555 vinculis,
1341 5491 1462 5544 licet
1492 5491 1543 5544 in
1575 5477 1966 5555 afﬂictionibus,
1996 5491 2064 5543 li-

483 5596 569 5640 cet
592 5587 699 5638 sitit
719 5586 770 5639 in
792 5587 1044 5641 extremis
1066 5585 1218 5640 malis
1252 5602 1265 5637 :
1296 5583 1347 5638 in
1376 5583 1623 5637 omnibus
1648 5599 1764 5652 quae
1794 5581 2069 5651 patiuntur

485 5677 868 5732 existimabunt
895 5695 952 5732 se
966 5677 1198 5732 melioris
1215 5691 1333 5731 esse
1351 5676 1688 5740 conditionis,
1709 5691 1867 5744 quam
1890 5689 2066 5744 reges,

485 5767 854 5825 admirabilem
883 5770 1164 5839 quamdam
1182 5769 1440 5824 habentes
1456 5769 1895 5837 consolationem,
1925 5771 2064 5840 quod

2152 645 2443 709 mortibus,
2473 649 2523 700 in
2550 647 2884 713 carceribus,
2913 648 2965 702 in
2997 647 3282 718 naufragiis
3301 693 3314 714 ,
3348 652 3400 705 in
3431 653 3728 709 solitudini-

2153 738 2283 800 bus,
2318 739 2368 791 in
2399 737 2622 807 ﬂagellis
2644 779 2659 806 ,
2693 741 2744 793 in
2775 740 3244 796 innumerabilibus
3270 742 3388 796 aliis
3421 745 3691 814 suppliciis
3711 795 3726 815 ,

2153 827 2415 896 gaudebat
2436 867 2451 891 ,
2483 830 2780 885 exsultabat
2803 841 2856 884 et
2882 831 3206 899 gloriabatur
3251 833 3340 902 (2.
3374 832 3490 888 Cor.
3520 835 3606 889 lt.
3634 835 3735 891 23-

2152 918 2253 989 27)
2287 936 2300 974 :
2333 927 2386 972 ct
2418 933 2557 972 nunc
2582 920 2793 989 quidem
2825 921 3033 976 dicebat
3066 940 3078 973 :
3111 921 3235 976 Non
3275 924 3437 978 solum
3479 936 3644 980 autem
3684 931 3734 981 in

2151 1025 2241 1078 spe
2281 1010 2456 1078 gloria:
2496 1008 2624 1074 Dei,
2667 1011 2754 1064 sed
2799 1013 2948 1064 etiam
2989 1011 3266 1082 gloriamur
3301 1014 3355 1066 in
3393 1015 3738 1086 afﬂictionibus

2157 1099 2338 1168 (Rom.
2369 1100 2420 1154 5.
2453 1100 2508 1153 2.
2540 1101 2595 1169 5)
2622 1117 2636 1164 ;
2665 1117 2806 1156 nunc
2835 1114 3013 1157 autem
3042 1119 3226 1160 rursus
3254 1120 3270 1158 :
3299 1104 3507 1160 Gaudeo
3534 1108 3584 1161 in
3615 1125 3730 1176 pus-

2151 1189 2395 1256 sionibus,
2423 1200 2470 1243 et
2493 1193 2743 1260 adimpleo
2767 1210 2880 1264 quia
2902 1195 3078 1248 desunt
3106 1196 3448 1266 aﬁiictionibas
3473 1197 3656 1253 Christi
3683 1202 3737 1254 in

2152 1297 2304 1336 carne
2332 1299 2441 1336 mea
2470 1281 2686 1352 (Coloss.
2721 1287 2771 1340 1.
2801 1287 2926 1358 24);
2953 1297 3008 1341 et
3031 1291 3252 1358 gratiam
3275 1305 3391 1344 eam
3423 1308 3532 1346 rem
3557 1305 3734 1361 vorat,

2155 1372 2224 1424 ita
2251 1374 2511 1429 conﬁtens
2543 1383 2598 1428 et
2625 1375 2808 1431 dicens
2839 1395 2852 1432 :
2883 1377 3045 1432 Nobis
3078 1381 3148 1432 ita
3180 1381 3337 1450 gratis
3361 1399 3393 1434 a
3418 1382 3615 1437 Christo
3638 1387 3736 1438 do-

2154 1474 2328 1517 natum
2346 1475 2439 1531 est,
2467 1477 2524 1519 ut
2548 1483 2646 1522 non
2668 1469 2828 1522 solum
2845 1470 2899 1522 iu
2917 1471 3080 1539 ipsum
3105 1473 3385 1540 credamus,
3409 1474 3496 1527 sed
3515 1487 3569 1528 ut
3589 1477 3741 1529 etiam

2157 1573 2250 1622 pro
2277 1557 2388 1626 ipso
2425 1560 2679 1628 patiamur
2707 1560 2725 1630 (
2749 1559 2979 1631 Philipp.
3013 1564 3063 1617 1.
3095 1562 3221 1633 29).
3252 1564 3360 1621 Nos
3389 1581 3598 1637 quoque
3625 1577 3740 1622 stu-

2155 1646 2374 1701 deamus
2412 1664 2532 1704 esse
2573 1650 2760 1704 eodem
2804 1657 2982 1706 animo
3005 1694 3019 1718 ,
3051 1663 3105 1708 et
3132 1670 3318 1710 omnes
3345 1672 3464 1726 qua:
3502 1658 3740 1714 incidunt

2157 1739 2428 1794 molestias
2449 1782 2462 1804 ,
2495 1742 2700 1810 placide
2729 1752 2783 1797 et
2813 1744 3054 1800 lubenter
3083 1747 3331 1802 feramus.
3365 1749 3526 1805 Ferre
3558 1760 3738 1807 autem

2159 1831 2448 1896 poterimus
2467 1871 2482 1896 ,
2513 1832 2556 1886 si
2595 1832 2760 1886 Deum
2790 1834 2857 1888 ita
2885 1836 3238 1892 amaverimus
3257 1880 3270 1904 ,
3300 1847 3356 1892 ut
3381 1841 3577 1895 amavit
3615 1857 3740 1910 pro-

2158 1921 2336 1992 pheta.
2365 1923 2479 1978 Non
2509 1925 2682 1980 solum
2709 1928 2851 1982 enim
2876 1944 2942 1983 ex
2972 1945 3230 1999 responso
3252 1933 3341 1986 illo
3365 1933 3478 2003 ejus
3501 1949 3738 1989 amorem

2158 2015 2338 2070 videre
2363 2031 2663 2084 possumus,
2687 2019 2778 2074 sed
2805 2021 2964 2074 etiam
2989 2037 3053 2076 cx
3078 2023 3155 2077 eis
3179 2039 3298 2092 quin
3322 2036 3739 2095 consequuntur.

2156 2104 2290 2158 Cum
2337 2107 2479 2160 enim
2521 2107 2744 2163 dixisset
2774 2127 2788 2164 :
2820 2110 3255 2177 Quemadmodum
3294 2115 3542 2170 desiderat
3569 2134 3743 2172 cerrus

2158 2197 2225 2248 ad
2245 2201 2409 2265 fontes
2427 2215 2692 2267 aquarum,
2719 2203 2791 2254 ita
2814 2201 3061 2256 desiderat
3082 2204 3251 2258 anima
3275 2222 3384 2259 mea
3407 2207 3476 2259 ad
3496 2216 3562 2271 te,
3585 2206 3739 2272 Deus,

2159 2288 2430 2358 subjunxit
2452 2291 2632 2346 dicens
2658 2309 2670 2343 :
2694 2291 2746 2345 ὅ.
2773 2292 2942 2346 Sitivit
2966 2295 3136 2348 anima
3159 2311 3268 2347 mea
3293 2298 3362 2349 ad
3380 2295 3541 2350 Deum
3561 2297 3742 2366 [ortam

2159 2382 2323 2434 vivum
2353 2384 2596 2452 :quando
2631 2385 2824 2438 veniam
2863 2395 2906 2438 et
2943 2385 3194 2456 apparebo
3233 2397 3350 2441 ante
3387 2389 3566 2458 faciem
3606 2387 3745 2443 Dei!

2159 2473 2275 2528 Non
2307 2472 2438 2528 dixit
2464 2491 2479 2528 :
2508 2475 2714 2528 Amavit
2744 2476 2920 2528 anima
2951 2491 3066 2530 mea
3098 2477 3261 2555 Deum
3288 2478 3463 2532 vivum
3487 2517 3502 2543 ,
3531 2495 3702 2548 neque
3724 2522 3739 2542 ,

2161 2563 2354 2617 Dilexit
2393 2567 2566 2618 anima
2615 2581 2732 2620 mea
2775 2565 2938 2620 Deum
2979 2566 3202 2622 vivum:
3235 2567 3328 2623 sed
3355 2576 3414 2622 ut
3437 2569 3745 2624 ostenderet

2159 2652 2424 2720 allectum,
2458 2670 2694 2711 amorem
2736 2657 2877 2710 sitim
2911 2658 3142 2724 vocavit,
3174 2658 3330 2713 ambo
3361 2659 3512 2714 nobis
3537 2660 3744 2730 signiti-

2159 2761 2287 2801 cans
2307 2789 2321 2812 ,
2353 2757 2406 2802 et
2434 2748 2680 2802 ardorem
2710 2749 2908 2804 amoris
2927 2791 2942 2815 ,
2971 2758 3026 2803 et
3047 2749 3285 2819 ejusdem
3314 2753 3743 2821 perpetuitatem.

2161 2836 2618 2903 Quemadmodum
2647 2841 2788 2894 enim
2815 2840 2906 2909 qui
2937 2841 3148 2904 sitiunt,
3179 2857 3284 2895 non
3316 2841 3416 2895 hoc
3446 2841 3498 2895 in
3528 2856 3635 2896 uno
3658 2842 3747 2896 die

2163 2929 2452 3001 patiuntur,
2477 2939 2533 2984 et
2559 2930 2782 2996 duobus,
2817 2940 2871 2986 et
2895 2931 3085 2996 tribus,
3113 2932 3203 2986 sed
3247 2947 3340 3001 per
3366 2941 3528 2986 totam
3559 2933 3743 2994 vitam,

2162 3019 2230 3074 ad
2273 3018 2374 3074 hoc
2405 3035 2503 3075 nos
2525 3020 2752 3076 ducente
2778 3032 2962 3075 natura
2995 3038 3012 3076 :
3041 3023 3107 3076 ita
3136 3026 3297 3078 etiam
3329 3023 3512 3078 beatus
3541 3023 3628 3077 ille
3651 3066 3664 3088 ,
3693 3035 3748 3078 et

2161 3125 2349 3166 omnes
2377 3112 2568 3178 sancti,
2598 3127 2704 3166 non
2730 3128 2835 3166 uno
2861 3112 3032 3166 solum
3061 3112 3148 3167 die
3175 3113 3390 3167 fuerunt
3411 3114 3462 3167 in
3488 3129 3748 3183 compun-

2161 3205 2337 3258 ctione
2359 3243 2375 3268 ,
2407 3203 2544 3258 sicut
2567 3203 2720 3257 multi
2747 3203 2988 3258 homines
3011 3243 3026 3269 ,
3056 3219 3155 3258 nec
3183 3204 3388 3259 duobus
3407 3244 3423 3267 ,
3451 3219 3552 3260 nec
3577 3205 3748 3259 tribus

2163 3295 2301 3366 (hoc
2329 3296 2470 3350 enim
2498 3309 2603 3348 non
2630 3304 2772 3350 esset
2801 3295 3163 3365 mirandum),
3195 3296 3290 3350 sed
3318 3295 3530 3352 assidue
3557 3306 3612 3352 et
3638 3298 3748 3351 sin-

2161 3390 2298 3458 gulis
2334 3389 2523 3444 diebus
2556 3389 2801 3459 religiose
2829 3404 3010 3444 amare
3037 3389 3447 3458 perseverabant
3468 3430 3482 3452 ,
3511 3399 3567 3445 et
3593 3405 3746 3445 amo-

2163 3497 2274 3536 rem
2305 3480 2585 3551 augebant.
2617 3481 2766 3547 Quod
2797 3481 3011 3550 quidem
3049 3485 3162 3551 ipse
3197 3497 3409 3552 quoque
3445 3483 3748 3552 significans

2163 3571 2370 3626 dicebat
2403 3589 2416 3626 :
2447 3571 2617 3626 Sitivit
2659 3572 2830 3625 anima
2865 3589 2977 3626 mea
3013 3571 3082 3625 ad
3122 3571 3288 3626 Deum
3327 3574 3508 3643 fortem
3544 3573 3744 3637 vivum,

2161 3663 2317 3718 simul
2359 3673 2412 3718 et
2448 3678 2659 3717 causam
2691 3664 2875 3717 volens
2911 3663 3090 3718 dicere
3112 3705 3127 3729 ,
3157 3673 3213 3717 ut
3251 3679 3345 3733 per
3375 3672 3428 3718 te
3461 3664 3702 3719 ostendat
3729 3705 3746 3728 ,

2162 3754 2432 3824 quomodo
2459 3758 2580 3825 quis
2607 3755 2773 3809 Deum
2804 3758 2882 3809 sic
2909 3771 3088 3810 amare
3131 3758 3314 3825 possit.
3346 3757 3457 3811 Hoc
3479 3757 3620 3810 enim
3651 3759 3748 3810 dc-

2162 3847 2380 3901 claravit
2405 3861 2500 3914 per
2522 3861 2583 3900 ea
2608 3862 2727 3915 quae
2752 3856 3066 3916 sequuntur,
3094 3862 3214 3900 cum
3240 3847 3374 3901 dixit
3400 3866 3411 3900 :
3442 3847 3613 3902 Sitivit
3637 3850 3750 3899 ani-

2163 3956 2247 3992 ma
2278 3955 2387 3992 utea
2411 3939 2479 3991 ad
2507 3938 2672 3992 Deum
2693 3980 2708 4004 ,
2736 3947 2791 3993 et
2818 3939 3084 4008 subjnngit
3122 3938 3296 3992 Vivum
3317 3955 3336 3991 :
3361 3940 3747 4010 propemodum

2163 4029 2392 4085 suadens
2415 4039 2471 4083 et
2498 4029 2796 4083 vociferans
2827 4029 3075 4084 omnibus
3109 4031 3197 4099 qui
3245 4031 3404 4085 rebus
3445 4030 3599 4098 hujus
3624 4032 3748 4085 vitae

2165 4119 2372 4173 inhiant
2397 4137 2412 4172 :
2436 4119 2572 4185 Quid
2599 4119 2651 4173 in
2675 4134 2896 4188 corpora
2925 4119 3202 4174 insanitis?
3221 4119 3344 4188 qttid
3369 4135 3591 4190 corpora
3611 4137 3751 4174 ama-

2166 4209 2271 4263 tis?
2300 4209 2424 4278 quid
2465 4209 2686 4278 gloriam
2716 4208 3072 4263 desideratis?
3095 4209 3222 4280 quid
3250 4211 3624 4280 concupiscitis
3649 4228 3750 4265 vo-

2168 4300 2457 4368 luptatem?
2500 4299 2641 4354 Nihil
2674 4315 2860 4354 eorum
2899 4310 3074 4356 manet
3101 4313 3154 4355 et
3179 4301 3305 4354 vivit
3333 4312 3620 4370 perpetuo,
3654 4302 3749 4357 sed

2165 4392 2355 4447 difﬂuit
2381 4401 2435 4446 et
2463 4393 2725 4462 praeterit,
2753 4402 2807 4447 et
2833 4402 2916 4448 est
2943 4395 3126 4448 umbra
3156 4394 3392 4462 inanius,
3423 4396 3749 4464 somniisqne

2167 4483 2408 4541 fallacius
2430 4525 2445 4549 ,
2479 4498 2541 4537 ac
2565 4485 2719 4538 citius
2747 4500 2904 4554 quam
2934 4486 3080 4539 verni
3123 4486 3282 4541 ﬂores
3309 4486 3668 4556 corrumpitur
3697 4498 3751 4541 et

2166 4574 2367 4628 interit.
2397 4573 2588 4639 Quidni
2618 4575 2758 4629 enim
2789 4575 2946 4628 citius
2970 4576 3238 4644 corrumpi
3278 4576 3449 4629 dicam
3488 4585 3541 4629 et
3579 4576 3752 4630 inter-

2167 4665 2247 4719 ire
2266 4707 2280 4729 ,
2309 4680 2428 4719 cum
2459 4665 2559 4719 alia
2589 4665 2802 4735 quidem
2844 4681 2942 4719 nos
2982 4666 3281 4736 relinquant
3308 4666 3466 4720 simul
3494 4681 3614 4720 cum
3645 4668 3750 4720 vita

2169 4755 2438 4824 prmsenti,
2460 4755 2560 4810 alia
2585 4757 2742 4810 etiant
2769 4766 2892 4810 ante
2912 4756 3307 4812 dissolvantur?
3332 4757 3534 4812 Incerta
3553 4767 3635 4812 est
3662 4773 3754 4811 eo-

2169 4862 2288 4901 rum
2319 4847 2605 4917 possessio,
2643 4847 2902 4902 instabilis
2926 4863 3110 4903 eorum
3141 4864 3267 4903 usus
3293 4858 3346 4904 et
3371 4849 3566 4917 fruitio,
3595 4851 3752 4905 velox

2167 4947 2251 4990 est
2277 4939 2500 4991 mutatio
2527 4955 2540 4990 :
2570 4938 2621 4991 in
2651 4939 2760 4991 Deo
2785 4948 2960 4993 autem
2987 4939 3113 4993 nihil
3141 4949 3223 4993 est
3245 4939 3525 5009 ejusmodi,
3552 4941 3644 4996 sed
3677 4944 3754 4995 vi—

2167 5030 2244 5082 vit
2268 5030 2480 5099 quidem
2513 5039 2568 5084 et
2597 5039 2774 5084 manet
2798 5041 3054 5098 perpetuo
3077 5072 3091 5094 ,
3130 5032 3326 5085 nullam
3369 5034 3712 5087 mutationem
3741 5074 3754 5096 ,

2173 5135 2270 5175 nec
2307 5121 2466 5174 ullam
2509 5122 2908 5175 conversionem
2952 5121 3264 5192 suscipiens.
3295 5122 3517 5177 Caducis
3543 5138 3670 5192 ergo
3702 5134 3754 5177 et

2171 5211 2554 5266 momentaneis
2582 5211 2780 5266 relictis
2801 5253 2815 5279 ,
2844 5228 2962 5266 eum
2991 5214 3078 5282 qui
3109 5222 3192 5266 est
3219 5224 3451 5268 aeternus
3477 5226 3530 5268 et
3557 5229 3752 5285 perpe-

2173 5313 2292 5358 tuus
2320 5319 2577 5359 amemus.
2609 5303 2790 5375 Neque
2817 5305 2958 5359 enim
2991 5305 3101 5358 fieri
3141 5315 3312 5373 potest
3333 5347 3348 5367 ,
3381 5315 3438 5359 ut
3475 5307 3560 5376 qui
3605 5307 3751 5360 illum

2171 5405 2334 5462 amat,
2366 5395 2567 5465 pudore
2597 5409 2843 5462 umquam
2873 5396 3174 5449 afﬁciatur:
3205 5395 3315 5451 fieri
3351 5411 3455 5449 non
3499 5403 3671 5463 potest
3702 5405 3755 5449 ut

2173 5490 2240 5544 ab
2266 5505 2330 5545 eo
2356 5489 2562 5545 excidat
2590 5508 2602 5542 :
2632 5491 2744 5545 fieri
2773 5505 2878 5544 non
2912 5499 3083 5559 potest
3108 5500 3166 5544 ut
3189 5505 3254 5543 eo
3277 5507 3432 5560 quem
3461 5502 3624 5556 amat,
3657 5495 3756 5548 de-

2176 5582 2446 5636 stituatur.
2474 5581 2572 5650 Qui
2597 5591 2740 5637 amat
2765 5584 3016 5652 pecunias
3039 5625 3054 5645 ,
3080 5582 3163 5636 vel
3203 5592 3374 5636 morte
3401 5583 3712 5636 adveniente
3733 5620 3750 5645 ,

2177 5675 2257 5728 vel
2286 5675 2445 5729 etiam
2475 5683 2598 5729 ante
2626 5687 2851 5731 mortem
2882 5674 3112 5730 nudatur
3141 5675 3204 5728 iis
3231 5690 3349 5745 qua:
3373 5674 3657 5729 desiderat.
3689 5672 3747 5726 Ei

2177 5777 2388 5831 quoque
2422 5767 2510 5838 qui
2555 5775 2867 5837 prtesentem
2893 5775 3031 5820 amat
3071 5765 3323 5834 gloriam,
3353 5768 3580 5838 idipsum
3613 5779 3755 5832 saepe
