4084 6278
360 302 464 361 165

359 412 569 471 accilit.
600 408 893 482 Corporum
935 420 1113 465 autem
1158 406 1495 480 pulchritudo
1520 423 1664 478 saepe
1694 409 1757 463 iis
1782 450 1797 473 .
1825 423 1947 478 qua:

360 504 611 578 prodicta
653 498 817 571 sunt,
856 503 1025 560 multo
1066 502 1222 559 cilius
1260 501 1614 573 exstinguitur
1644 520 1659 557 :
1688 512 1746 558 et
1771 502 1948 556 omnia

358 613 476 668 quae
508 596 577 652 ad
603 596 740 651 hanc
765 595 926 651 vitam
944 636 963 664 ,
988 604 1046 650 ut
1071 595 1240 651 semel
1266 593 1439 650 dicam
1457 635 1474 661 ,
1500 593 1797 665 pertinent,
1825 602 1952 651 sunt

356 690 556 747 caduca
582 699 639 745 et
669 698 1057 754 momentanea,
1085 702 1149 744 ac
1174 688 1483 758 priusquam
1506 686 1685 743 adsint
1704 696 1760 743 et
1788 701 1950 758 appa-

358 793 541 847 reant,
583 782 827 867 prqtinus
866 782 1130 838 resiliunt.
1176 781 1540 852 Spiritualium
1583 790 1760 836 autem
1797 795 1951 837 amor

354 884 544 930 contra
569 889 631 930 se
660 873 839 935 habet,
869 872 1083 930 assidue
1111 874 1256 945 viget
1278 881 1332 929 et
1359 872 1530 939 ﬂoret,
1561 887 1666 929 non
1693 874 1840 928 novit
1864 888 1950 929 ae-

358 967 502 1020 aimu
524 1005 541 1031 ,
573 980 682 1020 non
719 964 943 1035 suscipit
977 972 1334 1031 vetustatem,
1364 978 1464 1019 nec
1501 964 1592 1019 ulli
1632 963 1946 1029 mutationi,

356 1056 733 1123 conversioni,
761 1066 817 1114 et
854 1057 1167 1127 ignorantiae.
1211 1055 1507 1112 futurorqu
1540 1066 1624 1112 est
1649 1055 1945 1122 obnoxius;

361 1149 451 1202 sed
491 1147 581 1202 hic
618 1146 777 1203 etiam
810 1146 968 1214 juvat
996 1161 1092 1202 eos
1127 1146 1216 1217 qui
1257 1146 1562 1216 possident,
1593 1160 1688 1201 eos
1717 1146 1948 1216 undique

361 1238 519 1292 vallat
543 1279 560 1303 ,
582 1250 781 1307 eosque
804 1237 895 1307 qui
928 1250 996 1292 ex
1036 1236 1144 1290 vita
1173 1236 1530 1299 excesserint,
1560 1251 1665 1291 non
1693 1235 1944 1302 dimittit,

358 1329 455 1384 sed
483 1343 585 1383 una
613 1343 734 1383 cum
763 1328 868 1382 illis
895 1328 1279 1399 peregrinatur,
1308 1335 1364 1382 et
1393 1343 1494 1382 una
1521 1342 1642 1382 cum
1672 1327 1774 1383 illis
1800 1343 1947 1383 rere-

355 1422 467 1485 dit,
498 1430 552 1476 et
578 1421 709 1492 ipsis
732 1420 1080 1476 luminaribus
1103 1434 1199 1477 eos
1228 1419 1404 1475 reddit
1443 1420 1533 1475 illo
1557 1420 1645 1475 die
1669 1420 1943 1476 clariores.

356 1514 490 1582 Qua:
537 1513 755 1583 quidem
799 1513 977 1567 sciens
1017 1527 1228 1583 quoque
1276 1512 1463 1567 beatus
1508 1511 1709 1575 David,
1756 1512 1806 1565 iu
1850 1511 1945 1566 Dei

357 1619 546 1659 amore
573 1602 973 1674 perseveravit,
1000 1616 1342 1670 amoremque
1371 1601 1510 1655 intus
1530 1601 1809 1656 continere
1840 1618 1946 1655 non

357 1697 642 1763 sustinuit,
669 1695 766 1750 sed
789 1695 1126 1750 audientibus
1150 1694 1294 1749 omni
1322 1695 1529 1749 ratione
1558 1694 1732 1765 ignem
1761 1702 1945 1749 osten-

354 1787 488 1841 dere
502 1784 799 1849 contendit,
821 1800 930 1855 quo
949 1786 1090 1840 intus
1110 1784 1350 1840 ardebat.
1373 1783 1507 1839 Cum
1527 1784 1671 1841 enim
1691 1784 1909 1840 dixisset
1929 1802 1943 1839 :

358 1877 533 1932 Sitivit
559 1876 729 1930 anima
766 1892 876 1930 mea
904 1875 972 1929 ad
1000 1874 1167 1929 Deum
1192 1879 1372 1948 fortem
1394 1876 1561 1929 uirum
1587 1916 1602 1939 ,
1628 1873 1901 1943 subjuuxit
1920 1890 1941 1931 ηε

360 1967 583 2035 Quando
609 1967 804 2021 ueniam
829 1975 877 2021 et
901 1967 1158 2036 apparebo
1181 1977 1298 2020 ante
1319 1967 1499 2036 faciem
1531 1964 1670 2021 Dei.’
1697 1966 1826 2022 Vide
1852 1982 1943 2021 ar-

353 2059 570 2114 dentem
598 2057 889 2125 hominem,
918 2058 1038 2114 vide
1071 2058 1475 2113 inﬂammatum.
1504 2058 1688 2115 Sciens
1717 2058 1856 2114 enim
1885 2073 1946 2114 se

354 2168 481 2206 eum
511 2152 631 2208 hinc
657 2153 961 2219 recesserit,
984 2167 1111 2207 eum
1141 2168 1261 2208 esse
1294 2152 1551 2217 visurum,
1583 2167 1648 2207 ne
1671 2162 1944 2221 exspectat

353 2244 577 2314 quidem
610 2244 922 2300 dilationem
951 2259 1308 2315 :moramque
1336 2258 1440 2299 non
1484 2245 1706 2313 patitur,
1734 2243 1828 2299 scd
1862 2245 1946 2301 hic

350 2336 516 2391 nobis
538 2337 781 2407 spiritum
802 2336 1039 2391 ostendit
1067 2337 1436 2405 apostolicum.
1463 2335 1679 2391 Etenim
1704 2335 1791 2391 ille
1815 2351 1946 2406 quo-

348 2444 461 2498 que
501 2429 881 2500 ingemiscebat
918 2435 1133 2499 propter
1160 2427 1560 2483 diuturnitatem
1605 2427 1759 2498 hujus
1787 2442 1942 2498 pcre-

351 2520 691 2591 grinatiouis.
731 2519 968 2588 ldipsum
1004 2519 1125 2574 huic
1162 2533 1375 2589 quoque
1414 2518 1678 2573 usuvenit.
1720 2517 1788 2573 Et
1824 2516 1944 2575 ideo

351 2611 597 2677 dicebat,
641 2610 858 2676 Quando
896 2610 1090 2664 uertique
1115 2620 1162 2665 ct
1189 2608 1443 2682 apparebo
1477 2618 1594 2665 ante
1629 2610 1810 2678 {aciem
1846 2606 1944 2664 Dei

350 2704 450 2776 (Β.
485 2703 598 2758 Cor.
631 2704 685 2759 5.
710 2701 745 2756 2
762 2701 828 2775 )‘t
856 2701 925 2757 Et
947 2702 993 2757 si
1019 2712 1169 2758 esset
1193 2702 1406 2772 quidem
1450 2702 1688 2770 privatus
1711 2700 1939 2771 aliquis,

351 2797 676 2866 humilisque
703 2804 758 2850 et
781 2795 1055 2863 abjectus,
1084 2802 1142 2849 et
1164 2794 1350 2848 vivens
1379 2794 1430 2848 iu
1459 2802 1797 2864 paupertate,
1826 2808 1940 2848 ma-

347 2902 516 2959 guum
551 2887 767 2957 quidem
805 2896 948 2942 esset
988 2885 1073 2942 vel
1110 2887 1188 2941 sic
1217 2885 1376 2939 vitam
1410 2891 1733 2957 praesentem
1758 2894 1942 2941 emite-

345 2993 579 3035 muere:
612 2977 707 3032 sed
744 2993 850 3032 non
886 2986 1030 3033 esset
1065 2976 1139 3032 ita
1185 2983 1469 3047 magnum,
1499 2986 1558 3031 ut
1592 2990 1733 3031 nunc
1761 2991 1941 3047 regem

346 3071 537 3127 videre
563 3070 723 3125 tantis
744 3069 1014 3125 {mentem
1041 3070 1247 3126 deliciis
1265 3110 1280 3134 ,
1309 3079 1573 3138 tantaeque
1600 3068 1783 3141 gloriae
1807 3084 1941 3124 cou-

340 3175 575 3226 sortem,
600 3162 1014 3219 innumerabiles
1035 3163 1282 3217 victorias
1301 3171 1711 3233 Consequutum,
1737 3163 1790 3216 in
1817 3161 1944 3217 utul-

342 3256 414 3311 tis
443 3254 601 3310 hellis
628 3254 885 3309 victorem
912 3254 1058 3308 omni
1082 3269 1146 3310 ex
1174 3265 1325 3324 parte
1350 3255 1571 3320 clarum,
1604 3255 1865 3325 insignem
1889 3263 1943 3309 et

343 3348 649 3412 illustrem;
682 3348 796 3403 lucc
836 3349 1014 3403 omnia
1047 3348 1298 3413 irridere,
1334 3349 1575 3414 divitias,
1600 3349 1860 3418 gloriam.
1889 3360 1942 3405 et

336 3452 538 3494 omnes
562 3437 786 3493 delicias
805 3479 823 3504 ,
851 3438 915 3494 ad
943 3438 1117 3493 futura
1144 3447 1320 3495 autem
1346 3440 1589 3510 aspirare
1613 3451 1667 3494 ct
1691 3441 1895 3497 inhiare
1921 3458 1935 3495 :

338 3529 449 3585 hoc
475 3529 756 3600 estmagni
781 3529 1054 3600 cujusdam
1079 3539 1131 3585 et
1152 3530 1346 3585 excelsi
1374 3531 1555 3594 animi,
1587 3531 1688 3586 hoc
1711 3542 1795 3586 cst
1821 3532 1938 3586 aui-

343 3637 448 3678 mae
480 3639 598 3693 qua:
628 3631 839 3678 tenente
877 3622 1057 3678 studio
1092 3623 1397 3694 sapientiae,
1424 3633 1478 3678 ct
1514 3624 1718 3679 eadem
1753 3640 1938 3680 ξυνίει-ο

338 3730 475 3772 vere
500 3724 659 3786 capta
680 3726 785 3772 est.

411 3811 474 3864 Ἰ.
500 3809 641 3865 Eum
663 3825 765 3866 nos
784 3824 999 3881 quoque
1027 3810 1331 3874 imitemur,
1359 3826 1427 3867 ne
1462 3811 1741 3883 praesentia
1766 3812 1937 3868 admi-

337 3915 545 3964 remur,
577 3910 638 3955 ut
670 3900 996 3957 admiremur
1030 3900 1206 3957 futura
1240 3920 1252 3956 :
1282 3902 1367 3957 vel
1400 3903 1578 3970 poti
1609 3903 1937 3960 admiremur

338 3993 551 4059 futura,
576 4009 647 4050 nc
683 3993 1010 4050 admiremur
1045 3993 1347 4065 praesentia.
1382 3994 1436 4050 Si
1465 3994 1608 4050 enim
1635 3995 1689 4049 in
1714 3995 1818 4051 illis
1842 4010 1935 4051 eo-

332 4086 574 4158 gitnndis
600 4097 855 4159 perpetuo
881 4102 1178 4153 versemur,
1202 4096 1257 4143 et
1281 4102 1503 4159 regnum
1528 4088 1805 4152 caelorum,
1834 4089 1935 4142 im-

334 4177 719 4236 mortalitatem
744 4220 759 4244 ,
799 4179 961 4234 vitam
999 4194 1120 4250 qttae
1147 4194 1433 4250 numquam
1459 4178 1667 4235 desinet
1685 4220 1701 4246 ,
1729 4178 1931 4236 ducen-

335 4269 465 4325 dam
513 4285 641 4327 eum
685 4271 891 4341 angelis
927 4270 1229 4336 eboreum,
1275 4271 1507 4327 laturam
1550 4286 1672 4327 eum
1717 4270 1932 4328 Christo

336 4362 826 4428 numerationem,
850 4363 1073 4434 gloriam
1103 4364 1247 4419 illam
1270 4379 1394 4435 qua
1420 4378 1709 4434 numquam
1751 4364 1932 4421 interit

335 4462 427 4509 aut
445 4455 844 4525 corrumpitur;
864 4456 1026 4510 vitam
1046 4464 1224 4511 autem
1245 4456 1313 4510 ab
1332 4456 1475 4511 omni
1498 4456 1684 4513 dolore
1701 4457 1926 4513 liberam

331 4545 479 4615 apud
505 4560 613 4600 nos
637 4544 783 4615 ipsos
802 4547 1227 4607 consideremus,
1255 4556 1311 4601 et
1336 4548 1477 4618 quod
1505 4549 1772 4621 lacrymzc,
1799 4565 1927 4621 pre-

338 4637 450 4701 hra,
482 4636 786 4703 maledicta,
814 4652 980 4703 nicas,
1011 4637 1245 4704 tristitia,
1275 4639 1446 4704 labor,
1476 4650 1743 4708 senectus,
1776 4657 1923 4695 mor-

338 4726 453 4794 bus,
487 4727 772 4798 :Pgritudo,
801 4742 1087 4800 paupertas
1110 4737 1167 4785 et
1194 4729 1479 4791 calumnia,
1512 4730 1759 4795 viduitas,
1797 4747 1923 4802 pec-

332 4829 513 4877 catum
537 4830 592 4874 et
614 4821 1012 4888 condemnatio,
1039 4836 1197 4891 paena
1220 4832 1272 4876 et
1298 4823 1635 4892 supplicium,
1659 4835 1712 4878 et
1732 4824 1776 4877 si
1797 4825 1922 4893 quid

334 4919 418 4964 est
456 4910 603 4966 aliud
638 4912 688 4965 in
730 4911 834 4966 vita
874 4913 1121 4982 μαιευτιιὶ
1155 4913 1435 4966 molestum
1460 4921 1518 4968 et
1547 4913 1832 4977 acerbum,
1860 4930 1921 4970 ea

333 5001 513 5055 outnia
547 5001 766 5070 expulsa
811 5010 931 5056 sunt
964 5019 976 5054 :
1013 5003 1130 5057 loco
1169 5011 1347 5058 autem
1386 5017 1575 5057 eorum
1624 5003 1920 5058 introducta

335 5101 461 5146 sunt
500 5109 621 5162 pax,
653 5094 866 5159 lenit-ts.
907 5095 1282 5157 titansaetudo.
1312 5095 1547 5161 dilectio,
1579 5095 1781 5161 laetitia,
1810 5100 1922 5166 gla-

332 5185 410 5240 ria
430 5226 447 5253 ,
476 5190 668 5252 honor,
697 5187 971 5257 splendor,
1002 5197 1053 5243 et
1080 5189 1180 5244 alia
1202 5231 1218 5255 ,
1245 5205 1366 5260 quae
1393 5205 1461 5245 uo
1499 5199 1679 5259 posset
1706 5190 1918 5260 quidem

334 5279 507 5333 oratio
539 5281 813 5351 consequi,
844 5281 975 5336 nihil
1020 5295 1118 5337 nos
1147 5298 1322 5337 rerum
1351 5283 1526 5353 capiet
1553 5284 1917 5354 prznseutium,

333 5367 430 5423 sed
480 5372 771 5440 poterimus
818 5388 917 5428 nos
956 5389 1169 5445 quoque
1215 5374 1395 5430 dicere
1444 5390 1564 5430 cum
1620 5373 1914 5443 proiiheta,

332 5455 551 5522 Quando
575 5463 769 5516 ueniam
796 5472 846 5517 et
873 5464 1126 5534 apparebo
1155 5474 1273 5520 ante
1297 5466 1476 5534 faciem
1499 5463 1637 5519 Dei?
1661 5476 1714 5520 et
1746 5467 1813 5519 ita
1841 5467 1919 5520 af-

335 5547 502 5605 fectos
524 5568 625 5609 nec
648 5570 736 5610 res
755 5556 1048 5625 Splendida:
1072 5563 1127 5611 et
1151 5556 1400 5611 secundae
1427 5572 1524 5611 nos
1538 5555 1790 5622 ederent,
1817 5573 1916 5614 nec

337 5638 622 5701 insolentes
646 5644 919 5712 efﬁcient;
951 5663 1046 5703 uec
1075 5663 1193 5718 qum
1222 5655 1347 5704 sunt
1374 5648 1594 5703 molesta
1627 5663 1687 5702 ac
1710 5649 1912 5718 gravia,

328 5733 541 5790 tristitia
568 5738 801 5794 aiticieut
826 5754 840 5801 ;
869 5754 979 5793 non
1020 5738 1246 5805 invidia,
1283 5753 1388 5796 non
1411 5754 1544 5792 vana
1574 5737 1738 5808 gloria
1760 5780 1776 5805 ,
1801 5754 1911 5796 nou

1479 294 1837 352 EXPOSI'HO
1874 294 1939 350 ιΝ
1980 292 2300 357 PSALMUM
2342 300 2476 357 XLI.

3541 310 3649 378 ΗΘ

2057 409 2254 481 aliquid
2276 412 2420 469 aliud
2444 429 2541 471 nos
2568 430 2814 487 umquam
2838 417 3041 475 ell'erct.
3066 420 3142 475 Nc
3164 421 3267 476 huc
3287 438 3417 493 ergo
3439 433 3645 482 temere

2057 501 2434 573 ingrediamur.
2462 523 2635 578 neque
2655 525 2908 581 responsa
2931 511 3292 583 perfunctorie
3311 517 3642 587 omittamus,

2055 594 2149 649 sed
2176 610 2238 649 ea
2266 611 2361 665 pro
2398 596 2587 657 baculo
2624 612 2899 659 sumentes
2925 603 3281 674 egrediamur.
3312 603 3520 664 Sullicit
3543 624 3642 666 auo

2056 690 2161 738 tem
2190 686 2552 759 unusquisque
2578 704 2767 747 versus
2790 701 2848 747 ut
2870 693 3025 749 nobis
3048 704 3324 765 comparet
3355 695 3643 767 plurimum

2057 773 2428 847 philosophiae,
2460 788 2518 833 ut
2545 780 2778 852 corrigat
2797 782 3107 854 dugmatum
3136 788 3479 854 sententiam,
3506 798 3562 845 et
3587 800 3645 845 ut

2054 865 2239 922 alt‘crat
2267 871 2552 926 maximam
2575 873 2695 928 vitae
2722 875 3001 932 utilitatem
3028 894 3043 930 :
3069 886 3124 933 et
3143 879 3190 934 si
3216 895 3645 952 unamquamque

2052 956 2336 1016 dictionem
2358 971 2544 1019 exacte
2564 974 2979 1034 perscrutemur,
3002 967 3287 1026 admodum
3309 970 3498 1028 uberes
3520 973 3643 1030 inde

2012 1126 2021 1131 Δ
2053 1046 2257 1105 fructus
2276 1050 2610 1123 colligemus.
2636 1053 2821 1126 Neque
2847 1059 2989 1113 enim
3016 1071 3400 1131 paupertatem,
3425 1078 3525 1120 nec
3549 1081 3645 1120 no-

2051 1138 2229 1208 gotia,
2261 1156 2361 1196 nec
2404 1143 2706 1200 tarditatem
2747 1145 2835 1202 hic
2871 1156 3008 1219 opus
3046 1159 3130 1206 est
3173 1165 3485 1223 praetexere.
3530 1155 3641 1215 Etsi

2051 1231 2194 1285 enim
2221 1232 2294 1287 sis
2320 1248 2539 1304 pauper,
2563 1245 2615 1290 et
2642 1248 2858 1308 propter
2878 1251 3243 1310 paupertatem
3264 1244 3415 1301 libris
3434 1261 3640 1312 careas,

2052 1325 2134 1379 vel
2170 1325 2334 1381 libros
2367 1328 2586 1397 quidem
2622 1328 2822 1387 habeas
2845 1374 2861 1398 ,
2901 1350 3009 1389 non
3051 1344 3299 1407 suppetat
3338 1351 3515 1395 autem
3548 1341 3642 1395 tibi

2051 1418 2217 1472 otium
2239 1461 2254 1484 ,
2285 1418 2417 1475 mihi
2456 1431 2659 1478 tantum
2702 1440 2959 1496 responsa
3005 1428 3336 1485 Psalmorum
3373 1433 3638 1498 observa,

2053 1524 2170 1578 quae
2199 1509 2284 1567 ltic
2311 1511 2618 1569 succinuisti
2648 1530 2753 1571 non
2780 1518 2966 1585 semel,
2996 1534 3103 1575 non
3139 1521 3241 1587 bis,
3277 1538 3382 1578 non
3416 1534 3515 1591 ter,
3546 1525 3643 1580 sed

2051 1612 2196 1668 saepe
2217 1642 2235 1667 ,
2266 1609 2322 1656 et
2346 1616 2410 1655 cx
2440 1617 2505 1658 eo
2535 1620 2780 1675 magnam
2808 1609 2988 1679 capies
3025 1611 3471 1671 consolationem.
3515 1615 3643 1673 Vide

2050 1707 2179 1763 ergo
2207 1704 2463 1764 quantum
2505 1697 2658 1752 nobis
2694 1699 3005 1757 thesaurum
3043 1708 3312 1774 aperuerit
3347 1706 3433 1763 vel
3469 1708 3641 1778 ipsum

2048 1797 2387 1852 responsura.
2416 1784 2525 1842 Nec
2552 1786 2680 1843 mihi
2711 1787 2857 1846 dicat
2885 1793 3146 1862 quispiam
3167 1835 3181 1858 ,
3214 1798 3349 1850 Ante
3372 1796 3640 1869 interpre-

2052 1873 2306 1929 tationem
2348 1876 2655 1931 ncsciebam
2694 1879 2819 1949 quid
2859 1880 3083 1938 valeret.
3143 1882 3272 1938 Nam
3317 1886 3477 1940 etiam
3517 1897 3643 1946 ante

2050 1963 2543 2035 interpretationem
2580 1971 2723 2024 omni
2768 1982 3005 2042 tempore
3040 1990 3067 2027 a
3110 1975 3325 2032 volente
3353 1987 3643 2051 utcumque

2049 2057 2282 2111 animum
2311 2058 2565 2115 adhibere
2597 2062 2732 2117 bene
2771 2075 2944 2133 νοτε-1
2973 2066 3190 2138 intelligi
3219 2084 3558 2140 responsum.
3585 2073 3642 2130 Si

2048 2150 2190 2204 enim
2234 2150 2460 2220 teips-um
2499 2154 2836 2211 solummodo
2862 2157 3110 2214 docueris
3135 2161 3314 2217 dicere
3339 2205 3352 2226 ,
3381 2163 3641 2231 Qucmnd~

2047 2241 2254 2295 modum
2281 2242 2535 2299 desiderat
2562 2263 2736 2303 cervus
2759 2249 2827 2302 ad
2848 2253 3011 2320 fontes
3032 2267 3316 2321 aquarum,
3341 2255 3413 2308 ita
3440 2257 3642 2311 deside-

2045 2340 2129 2385 rat
2155 2332 2325 2387 anima
2351 2350 2461 2389 mea
2483 2336 2551 2390 ad
2577 2346 2644 2403 te,
2675 2335 2814 2394 Deus
2837 2354 2857 2393 :
2875 2340 3029 2394 sitirit
3052 2342 3222 2396 anima
3249 2359 3360 2398 mea
3382 2345 3451 2399 ad
3479 2344 3641 2401 Βίωνι

2048 2420 2228 2490 fortem
2257 2425 2425 2479 riuum
2455 2445 2471 2481 :
2502 2429 2705 2498 quando
2743 2432 2936 2485 urniam
2967 2443 3014 2487 et
3042 2434 3297 2504 apparebo
3323 2446 3440 2492 ante
3461 2437 3641 2507 [aciem

2049 2512 2191 2568 Dei?
2219 2515 2268 2569 id
2304 2517 2386 2572 vel
2428 2529 2552 2573 ante
2597 2520 3089 2591 interpretationem
3131 2523 3402 2584 suffecerit
3441 2529 3535 2585 tibi
3574 2531 3641 2586 ad

2048 2620 2263 2663 omnem
2293 2609 2732 2666 iutroduccuthtm
2770 2613 3181 2684 philosophiam.
3212 2617 3395 2688 Neque
3423 2618 3524 2676 hoc
3548 2637 3640 2674 so-

2044 2697 2183 2766 lum,
2210 2698 2305 2755 sed
2330 2701 2489 2755 etiam
2517 2704 2933 2774 unumquodque
2964 2723 3277 2776 responsqu
3305 2711 3521 2767 easdem
3547 2728 3634 2766 uo-

2048 2789 2130 2845 bis
2154 2793 2509 2862 suppeditabit
2536 2794 2770 2849 divitias.
2798 2796 2928 2851 Nam
2957 2800 3000 2852 si
3031 2813 3217 2855 rursus
3240 2801 3440 2857 dixeris
3467 2821 3480 2856 :
3510 2800 3639 2858 Bea-

2038 2890 2127 2938 tua
2156 2885 2232 2939 vir
2253 2885 2339 2954 qui
2368 2885 2504 2940 timet
2534 2886 2805 2941 Dominum
2834 2889 2854 2959 (
2876 2888 3016 2945 Paul.
3050 2891 3173 2946 111.
3207 2891 3258 2962 l)
3285 2911 3296 2946 :
3326 2903 3380 2948 et
3405 2897 3639 2964 potueris

2045 2975 2185 3032 scire
2213 2976 2466 3047 quidnam
2504 2979 2572 3032 sit
2605 2978 2662 3032 id
2703 2980 2842 3049 quod
2883 2980 3017 3037 dicis
3045 3002 3058 3036 :
3086 2996 3195 3038 non
3229 2983 3447 3040 divitem
3470 3026 3489 3054 ,
3532 3000 3636 3042 non

2044 3066 2363 3137 primipem,
2392 3083 2496 3123 non
2515 3067 2836 3136 tortuosum,
2863 3086 2968 3128 non
2985 3086 3115 3129 eum
3139 3075 3229 3146 qui
3252 3075 3391 3131 valet
3414 3076 3634 3141 viribus.

2046 3172 2151 3210 non
2176 3172 2301 3211 eum
2322 3157 2419 3229 qui
2448 3157 2590 3213 ardes
2618 3161 2857 3229 possidet
2886 3162 3194 3234 magnificas
3219 3206 3234 3230 ,
3266 3180 3371 3221 non
3392 3181 3521 3223 eum
3547 3168 3636 3239 qui

2044 3251 2180 3319 gerit
2203 3252 2563 3321 magistratus,
2594 3269 2698 3307 non
2725 3269 2846 3308 eum
2873 3254 2962 3324 qui
2993 3256 3042 3310 in
3072 3257 3216 3329 regia
3246 3258 3494 3327 nutritur,
3517 3261 3636 3316 ntt‘l-

2043 3342 2153 3396 lnm
2180 3341 2410 3412 denique
2434 3343 2595 3398 alium
2621 3387 2634 3410 ,
2663 3346 2767 3399 nisi
2799 3361 2919 3400 cum
2948 3346 3037 3416 qui
3065 3358 3146 3402 est
3180 3349 3299 3419 pius
3326 3366 3387 3406 ac
3415 3352 3633 3424 religio-

2043 3447 2136 3487 sus
2158 3473 2174 3497 ,
2203 3433 2291 3503 qui
2317 3434 2494 3488 studio
2524 3436 2800 3505 sapientia:
2832 3446 3083 3506 tenetur,
3103 3442 3198 3511 qui
3238 3442 3402 3498 Deum
3444 3444 3589 3500 timet
3617 3488 3631 3511 ,

2043 3523 2257 3581 beatum
2286 3526 2450 3582 duces
2474 3567 2487 3589 ,
2511 3541 2622 3582 non
2650 3527 2823 3583 solum
2862 3539 3080 3602 propter
3103 3531 3279 3587 futura
3301 3575 3317 3599 ,
3346 3534 3440 3592 sed
3470 3537 3630 3593 etiam

2037 3628 2263 3686 propter
2290 3618 2592 3688 praesentia.
2622 3619 2754 3676 Nam
2784 3621 2944 3678 etiam
2971 3623 3023 3678 in
3056 3625 3156 3682 hac
3180 3627 3283 3681 vita
3310 3627 3398 3684 hic
3421 3644 3633 3702 quoque

2039 3717 2124 3764 est
2149 3709 2242 3765 illo
2268 3711 2556 3781 potentior.
2592 3710 2725 3767 Nam
2755 3712 2802 3768 si
2833 3715 3051 3769 morbus
3077 3717 3396 3789 quandoque
3425 3721 3630 3776 invase-

2041 3799 2128 3863 rit,
2155 3799 2247 3855 ille
2271 3800 2482 3871 quidem
2513 3801 2729 3858 indutus
2752 3818 2983 3876 purpura
3015 3806 3146 3861 nihil
3173 3824 3202 3863 a
3231 3810 3549 3868 satellitibus
3575 3826 3630 3870 et

2039 3892 2269 3962 superbo
2300 3892 2391 3946 illo
2417 3894 2668 3949 exteriori
2701 3906 2955 3967 apparatu
2994 3897 3222 3968 juvatur-
3245 3900 3314 3956 ad
3347 3903 3623 3958 solandam

2038 3984 2410 4054 agritudiuem
2430 4029 2445 4051 ,
2477 3987 2571 4043 sed
2598 3988 2930 4047 domcsﬁcis.
2977 3993 3284 4060 parentibus
3302 4037 3316 4061 ,
3345 3996 3623 4053 omnibus-

2037 4091 2144 4145 que
2170 4078 2538 4145 prtesentibus,
2564 4089 2622 4135 et
2643 4081 2819 4135 aureis
2843 4082 3079 4137 vestibus
3106 4100 3267 4154 super
3287 4101 3408 4141 cum
3438 4091 3626 4160 positis

2037 4178 2197 4241 atque
2235 4169 2548 4235 substratis,
2584 4172 2728 4240 jacet
2764 4172 2852 4228 ille
2880 4174 3074 4230 ardens
3107 4177 3268 4232 veluti
3304 4178 3355 4233 in
3388 4179 3624 4239 fornace.

2035 4259 2134 4328 Qui
2166 4248 2253 4315 cst.
2273 4269 2449 4315 autem
2481 4262 2630 4330 pius,
2661 4272 2714 4317 et
2755 4263 2915 4317 Deum
2946 4265 3123 4327 timet,
3153 4282 3260 4322 non
3298 4279 3485 4339 patre,
3515 4288 3620 4327 non

2035 4367 2221 4417 servo,
2252 4369 2359 4406 non
2400 4352 2508 4407 ullo
2550 4353 2658 4408 alio
2703 4366 2998 4424 prasente,
3035 4365 3312 4428 postquam
3344 4360 3396 4416 in
3432 4364 3617 4418 etclam

2030 4459 2145 4499 non
2172 4459 2346 4516 saepe,
2373 4445 2466 4500 scd
2497 4445 2578 4502 bis
2601 4458 2650 4501 et
2682 4456 2763 4502 ter
2791 4449 3061 4519 suspexit,
3084 4464 3300 4507 omnem
3340 4453 3481 4508 illam
3511 4455 3623 4511 fur-

2035 4553 2217 4593 nacetu
2247 4538 2519 4593 exstinxit.
2555 4538 2666 4593 Hoc
2690 4540 2850 4594 etiam
2890 4542 3082 4597 viderit
3113 4544 3374 4615 quispiam
3405 4551 3618 4605 evenire

2033 4630 2086 4687 in
2110 4632 2275 4687 rebus
2297 4632 2534 4687 adversis
2551 4674 2565 4700 ,
2596 4640 2652 4687 et
2690 4634 2740 4687 in
2772 4634 3018 4689 omnibus
3037 4652 3157 4707 qme
3185 4636 3455 4708 inopinato
3475 4634 3645 4697 acri?

2029 4725 2195 4791 dunt,
2220 4738 2314 4780 eos
2347 4724 2558 4794 quidem
2586 4726 2676 4795 qui
2711 4726 2910 4780 divitiis
2945 4725 3203 4796 afﬂuunt,
3232 4731 3467 4803 clarique
3495 4744 3618 4787 sum

2028 4826 2083 4873 et
2106 4817 2355 4886 insignes,
2381 4815 2584 4870 turbari
2609 4833 2622 4868 :
2646 4831 2740 4871 eos
2763 4832 2940 4872 autem
2962 4820 3048 4888 qui
3073 4829 3197 4874 sunt
3222 4822 3313 4891 pii,
3339 4833 3391 4877 et
3416 4823 3615 4892 sapionc

2028 4908 2118 4963 tias
2158 4906 2417 4973 studiosi,
2447 4908 2623 4961 omnia
2665 4906 2804 4962 ferre
2834 4908 2986 4964 facile
3010 4918 3061 4965 et
3090 4911 3316 4980 placide.
3339 4912 3455 4968 Jam
3488 4930 3616 4968 vero

2027 5008 2153 5054 ante
2180 5013 2241 5054 ea
2272 4999 2473 5064 omnia,
2502 4999 2547 5053 si
2575 4999 2703 5053 nihil
2726 5014 2887 5069 grave
2911 5003 3170 5068 evenerit,
3195 5003 3313 5070 ejus
3332 5004 3420 5074 qui
3448 5004 3611 5061 Deum

2027 5095 2179 5148 timet
2205 5093 2531 5149 conscientia
2556 5101 2642 5148 est
2667 5101 2723 5147 et
2748 5092 2932 5163 majori
2962 5103 3017 5147 et
3044 5094 3321 5149 sincer-iuri
3347 5096 3613 5167 voluptate

2028 5185 2217 5255 plena,
2248 5202 2404 5256 quam
2443 5185 2624 5241 divitis
2661 5185 2861 5239 anima.
2897 5185 2990 5241 Ille
3027 5187 3206 5251 enim,
3248 5187 3348 5241 etsi
3387 5200 3613 5244 esterno

2023 5280 2147 5335 cibo
2183 5279 2388 5338 fruatur
2410 5279 2450 5347 ',
2491 5278 2704 5349 gravius
2737 5276 3029 5332 aﬂlictatur
3057 5279 3302 5334 omnibus
3341 5281 3429 5349 qui
3468 5280 3612 5336 ﬁrme

2026 5379 2305 5436 vexantur,
2331 5372 2456 5425 dum
2477 5386 2570 5424 sua
2600 5370 2736 5424 mala
2764 5371 2815 5424 in
2844 5370 3155 5426 memoriam
3183 5370 3396 5442 redigit,
3415 5380 3609 5430 etcum

2026 5464 2162 5519 mala
2191 5462 2319 5516 vivit
2358 5462 2682 5517 conscientia
2713 5479 2727 5515 :
2760 5461 2852 5516 hic
2889 5472 3069 5519 autem
3093 5505 3110 5530 ,
3147 5463 3272 5518 licet
3309 5468 3614 5521 necessario

2023 5556 2278 5613 alimento
2304 5561 2481 5607 careat
2501 5593 2518 5619 ,
2544 5552 2647 5606 erit
2674 5553 3027 5620 tranquilliori
3058 5563 3115 5608 et
3151 5554 3396 5609 alaeriori
3428 5555 3608 5612 animo

2024 5663 2180 5719 quam
2205 5647 2237 5700 ii
2261 5644 2350 5716 qui
2378 5643 2622 5697 fruuntur
2644 5641 2889 5694 omnibus
2911 5641 3139 5706 deliciis,
3163 5655 3216 5697 ut
3244 5647 3332 5714 qui
3359 5646 3493 5701 bona
3512 5658 3610 5715 spe

2088 5744 2104 5772 ⁸
2137 5744 2381 5788 ttervetus
2407 5749 2419 5785 :
2453 5731 2541 5785 ctsi
2556 5738 2759 5783 caterua
2783 5729 3017 5793 voluptate
3037 5731 3250 5797 (matur.
