4084 6278
404 342 510 395 167

409 458 601 519 alatur,
627 462 680 509 et
701 466 917 508 suorum
943 460 1086 503 recte
1115 447 1370 502 factorum
1399 441 1854 498 remumrationes
1874 451 2005 506 quo-

413 549 539 604 tidie
564 555 857 618 exspectet.
883 543 987 599 Sed
1022 559 1085 596 In:
1119 540 1339 608 longiori
1371 546 1522 591 ulcus
1547 534 1789 588 oratione
1817 531 1996 585 videar

412 642 604 694 afferre
632 636 930 692 molestiam
954 676 966 698 ,
997 633 1302 702 relinquens
1330 630 1393 682 iis
1421 629 1508 698 qui
1546 634 1671 682 Sunt
1698 623 1853 693 paulo
1882 631 1995 674 stu-

412 732 676 788 diosiores
699 727 978 799 legendum
1010 722 1422 793 unumquodque
1446 732 1780 787 responsum,
1804 723 1857 769 et
1882 726 1999 783 qua:

414 829 469 881 in
496 841 563 882 eo
584 826 683 880 sita
715 833 816 888 est,
848 820 1187 877 scrutandam
1217 817 1343 879 vim,
1368 814 1454 868 hic
1477 812 1654 866 ﬁniam
1679 810 1995 872 orationem,

416 922 506 976 illa
545 918 777 974 suadens
819 924 1013 970 vestrae
1051 908 1357 972 dilccﬁoni,
1399 915 1457 961 ιιι
1500 919 1607 958 non
1647 903 1771 956 hinc
1809 900 2001 954 frustra

418 1006 767 1081 egrediamini
789 1047 806 1074 ,
837 1005 930 1060 sed
963 1015 1216 1072 responsa
1260 1009 1526 1068 tamquam
1568 994 1881 1059 margaritas
1910 1006 2002 1044 su-

420 1111 650 1168 mentes,
679 1116 740 1156 ea
770 1100 912 1155 domi
940 1104 1193 1166 perpetuo
1216 1090 1545 1148 conscrvetis
1574 1098 1625 1141 et
1654 1081 1999 1147 meditemini,

419 1196 709 1264 amicisque
735 1202 787 1246 et
815 1189 1069 1245 nsoribus
1094 1202 1153 1240 ea
1186 1184 1363 1237 omnia
1389 1180 1577 1235 dicatis
1601 1195 1614 1231 :
1638 1186 1691 1231 et
1715 1178 1758 1230 si
1783 1175 1887 1230 ulla
1912 1187 2005 1226 ros

418 1296 582 1342 vexet
604 1283 766 1339 animi
799 1276 1145 1351 perturbatio,
1172 1274 1216 1342 si
1239 1272 1499 1328 excitetur
1523 1267 1806 1337 cupiditas,
1830 1266 1872 1317 si
1906 1265 2004 1325 ira,

422 1389 515 1437 aut
536 1377 738 1450 qumvis
767 1375 867 1428 alia
893 1387 923 1425 a
954 1369 1160 1425 ratione
1185 1367 1356 1421 aliena
1389 1359 1717 1435 perturbatio
1743 1400 1757 1423 ,
1784 1374 1843 1410 ea
1871 1355 2005 1408 assi-

423 1472 529 1528 tlue
556 1448 769 1524 canalis
798 1482 812 1519 :
840 1471 897 1519 ut
925 1471 979 1517 et
1013 1462 1068 1515 in
1112 1459 1212 1515 hac
1244 1458 1350 1511 vita
1396 1468 1586 1524 magna
1630 1448 2010 1518 tranquillitate

426 1566 684 1627 fruamur,
713 1568 767 1613 et
791 1560 842 1612 in
875 1559 1047 1610 futura
1071 1556 1176 1607 vita
1205 1552 1340 1607 bona
1368 1559 1568 1603 :cterna
1599 1557 2006 1613 consequamur,

421 1655 591 1727 gratia
627 1665 679 1707 et
720 1649 1045 1720 benignitate
1072 1644 1282 1701 Domini
1315 1641 1481 1697 nostri
1510 1638 1635 1694 Iesu
1661 1636 1889 1701 Chrisd,
1918 1648 2012 1702 per

426 1724 580 1818 quem
614 1756 669 1801 et
695 1759 814 1799 eum
846 1755 951 1812 quo
990 1739 1131 1794 Patri
1163 1746 1216 1790 et
1251 1743 1435 1789 sancto
1462 1729 1681 1802 Spiritui
1708 1728 1778 1782 sit
1802 1724 1967 1796 gloria
1993 1766 2009 1791 ,

429 1838 708 1907 imperium
734 1875 750 1899 ,
781 1834 983 1897 honor,
1008 1844 1148 1883 nunc
1176 1835 1228 1883 et
1256 1838 1499 1895 semper,
1526 1830 1580 1877 et
1608 1820 1659 1875 in
1688 1818 1878 1873 saecula
1909 1831 2011 1870 sa:-

427 1932 686 1985 culorum.
723 1929 911 1980 Amen.

860 2054 922 2111 IN
953 2050 1272 2109 PSALllUM
1299 2046 1457 2105 XLlll
1492 2045 1588 2116 (η).

785 2172 836 2226 1.
881 2168 1114 2222 Victoria:
1146 2166 1334 2219 auctori
1367 2162 1487 2233 ﬁliis
1513 2160 1659 2215 Core.

428 2282 482 2342 εὶ.
515 2287 666 2351 Dt'us,
694 2283 899 2339 auribus
919 2281 1100 2336 nostris
1123 2277 1425 2338 audivimus,
1447 2284 1610 2346 patres
1632 2273 1787 2326 nostri
1813 2287 2015 2343 annun-

501 2382 749 2434 tiat'erunt
796 2375 935 2429 nobis
973 2388 1101 2442 Opus
1138 2369 1272 2439 quod
1305 2376 1540 2436 aperatns
1564 2381 1616 2417 es
1652 2364 1703 2416 in
1728 2363 1899 2416 diebus
1930 2377 2017 2413 eo—

502 2488 638 2536 rum,
667 2477 716 2524 et
755 2469 809 2522 iu
853 2465 1028 2519 diebus
1070 2461 1312 2531 antiquis.
1355 2459 1505 2513 Alius
1543 2457 1805 2525 interpres
1835 2453 1926 2517 ait,
1953 2450 2020 2504 1η

503 2562 676 2619 diebus
706 2557 973 2631 prioribus.
996 2554 1165 2620 Alius,
1191 2550 1258 2605 In
1287 2550 1458 2604 diebus
1484 2548 1545 2602 ab
1576 2547 1737 2600 initio.

508 2702 559 2756 ι.
591 2698 743 2754 Hunc
778 2690 1049 2749 Psalmum
1091 2686 1218 2742 dicit
1263 2681 1520 2754 praphcta
1556 2695 1660 2734 non
1701 2694 1763 2733 ex
1796 2691 2022 2746 persona

434 2791 669 2866 propria,
708 2786 801 2844 sed
837 2800 904 2840 ex
943 2795 1164 2853 per-oua
1216 2775 1668 2837 Maccabmorum,
1715 2785 1936 2825 narrans
1971 2776 2027 2825 et

436 2859 730 2955 praedicens
772 2892 888 2948 quae
928 2874 1102 2929 futura
1145 2879 1298 2925 erant
1343 2869 1395 2922 in
1441 2866 1535 2920 illo
1557 2875 1818 2933 tempore.
1867 2859 2025 2915 Tales

440 2977 583 3034 enim
626 2981 751 3029 sunt
799 2966 1068 3040 propheta:
1111 2982 1126 3020 :
1174 2962 1351 3018 omnia
1396 2968 1634 3028 tempora
1686 2962 2022 3025 percurrunt,

441 3066 743 3141 prmsentia,
793 3059 1080 3135 prmterita,
1130 3055 1320 3111 l'utm'a.
1362 3053 1587 3121 Quinam
1622 3057 1744 3104 sunt
1770 3058 1944 3103 autem
1975 3046 2027 3102 hi

439 3139 744 3221 llaccabazi,
771 3151 1004 3226 quidque
1042 3146 1179 3219 passi
1226 3153 1368 3210 sunt,
1400 3152 1455 3198 et
1479 3139 1605 3211 quid
1645 3139 1902 3203 fecerunt,
1935 3152 2030 3193 ne-

440 3251 730 3319 cessarium
762 3254 846 3302 est
879 3240 1105 3313 primum
1135 3238 1345 3299 dicere,
1390 3241 1446 3287 ιιι
1491 3232 1597 3289 sint
1624 3230 1886 3299 apertiora
1912 3243 2029 3297 qua:

443 3318 496 3401 in
527 3348 842 3410 argumento
889 3334 1157 3390 dicuntur.
1200 3329 1239 3385 li
1266 3327 1428 3390 enim,
1475 3339 1595 3380 cum
1626 3320 1907 3376 invasisset
1933 3318 2030 3375 Ju-

445 3409 615 3489 δίκαιιί
641 3426 955 3492 Antiochus,
982 3424 1071 3494 qui
1096 3422 1268 3477 dictus
1305 3426 1386 3473 est
1418 3415 1739 3486 Epiphanes,
1772 3421 1824 3466 et
1853 3409 2030 3464 omnia

444 3525 775 3580 devastasset
810 3527 864 3579 et
890 3516 1084 3570 multos
1120 3512 1208 3582 qui
1248 3521 1372 3564 tunc
1413 3515 1585 3571 erant,
1613 3520 1643 3559 a
1675 3504 1856 3572 patriis
1885 3501 2036 3556 iusti—

448 3617 573 3671 tntis
602 3612 809 3668 resilire
847 3608 1130 3676 cet-gisset,
1178 3607 1583 3672 permanserunt
1627 3597 1777 3651 illaesi
1821 3595 1888 3648 ab
1932 3594 2035 3649 illis

454 3700 915 3773 tentationibosu.
947 3696 1177 3752 Maccab.
1205 3696 1257 3748 l.
1284 3694 1366 3748 ll.
1391 3691 1549 3762 sqq.):
1576 3699 1628 3744 et
1649 3686 1858 3757 quando
1877 3701 2037 3755 grave

448 3795 662 3867 quidem
693 3794 890 3848 bellum
930 3785 1224 3858 ingruebat,
1257 3797 1357 3838 nec
1381 3779 1665 3851 quidquam
1696 3785 1935 3847 poterant
1962 3774 2037 3830 fa-

449 3903 572 3944 cere
623 3883 765 3955 quod
812 3880 1106 3951 prodesset,
1151 3891 1209 3931 se
1245 3871 1658 3929 abscondebam.
1687 3868 1839 3937 Quod
1878 3868 2037 3923 etiam

452 3982 689 4036 fecerunt
710 3973 954 4047 apostoli.
984 3971 1096 4026 Non
1123 3970 1262 4024 enim
1292 3981 1503 4035 semper
1520 3971 1819 4035 praesentes
1841 3960 1891 4014 in
1929 3974 2040 4015 tne-

451 4072 535 4126 dia
562 4068 830 4124 irruebant
856 4062 1110 4136 pericula.
1138 4059 1232 4115 sed
1268 4070 1662 4125 nonnumquam
1704 4062 1757 4109 et
1784 4053 2040 4123 fugientes

452 4173 506 4218 et
536 4162 758 4217 latentes
777 4156 1056 4213 cedebant.
1088 4152 1373 4223 Postquam
1401 4158 1575 4202 autent
1596 4162 1791 4217 parum
1820 4145 2042 4215 respira—

455 4263 662 4319 verant,
693 4261 959 4322 tamquam
987 4244 1232 4318 generosi
1258 4242 1470 4314 quidam
1511 4238 1740 4294 leunculi
1767 4253 1831 4292 ex
1875 4236 2042 4291 antris

455 4346 782 4409 exsilientes,
811 4352 864 4396 ct
890 4357 921 4396 e
958 4338 1176 4395 latebris
1219 4345 1573 4405 emergentes,
1605 4330 1909 4386 statuebant
1936 4345 2041 4384 non

456 4455 516 4495 se
542 4435 770 4507 amplius
796 4433 939 4487 solos
964 4443 1198 4500 servare,
1221 4425 1313 4481 sed
1335 4426 1490 4479 etiam
1515 4423 1666 4486 alios,
1691 4432 2045 4490 quotcumque

460 4536 679 4600 possent
709 4544 725 4582 :
751 4534 806 4580 et
828 4523 1099 4580 civitatem
1131 4527 1185 4574 et
1214 4518 1480 4586 regionem
1506 4531 1719 4569 omnem
1762 4514 2042 4579 obeuntes,

458 4624 787 4692 collegerunt
809 4616 1401 4688 quotquotinveuerunt
1436 4610 1608 4665 adlmc
1645 4622 1803 4666 sanos
1830 4618 1883 4661 et
1913 4607 2051 4662 inte-

460 4730 585 4787 gros
619 4730 637 4770 :
666 4721 721 4769 et
762 4710 957 4764 multos
1003 4707 1163 4764 etiam
1206 4704 1295 4776 qui
1339 4703 1671 4767 laborabant,
1722 4712 1777 4755 et
1813 4700 2047 4768 corrupti

461 4817 634 4872 erant,
676 4805 728 4860 in
777 4812 971 4858 statum
1011 4800 1288 4871 pristinum
1337 4799 1675 4867 redegerunt,
1706 4794 1785 4849 eis
1835 4809 2051 4862 persua-

462 4903 672 4968 dentes,
703 4897 877 4955 redire
904 4894 973 4949 ad
1020 4893 1189 4964 legem
1237 4890 1480 4960 patriam.
1523 4889 1687 4942 Deum
1732 4885 1873 4939 enim
1903 4886 2049 4939 dice-

463 4994 594 5050 bant
618 5006 740 5046 csse
769 4987 1056 5058 benignum
1083 4991 1136 5040 et
1159 4982 1496 5045 clementem,
1534 4993 1639 5032 nec
1662 4991 1910 5045 umquatu
1933 4975 2051 5028 adi-

466 5100 612 5141 mere
637 5083 887 5147 salutem,
928 5093 1047 5150 qua:
1089 5073 1441 5146 proﬁciscitur
1466 5086 1529 5126 ex
1561 5067 1889 5139 pamitentia.
1929 5066 2053 5122 llaec

465 5187 642 5231 autem
663 5174 921 5235 dicentes,
942 5169 1243 5225 habuerunt
1261 5164 1523 5219 delectum
1548 5159 1762 5215 fortium
1794 5158 2049 5210 virorum.

466 5268 581 5324 Non
609 5267 751 5323 enim
785 5279 881 5334 pro
907 5260 1181 5322 uxoribus,
1212 5257 1393 5312 liberis
1425 5263 1477 5308 et
1504 5251 1731 5312 ancillis,
1763 5249 2051 5319 patriteque

466 5359 745 5415 eversione
785 5365 837 5410 et
875 5353 1201 5424 captivitate,
1233 5345 1325 5402 sed
1356 5361 1452 5418 pro
1477 5345 1593 5416 lege
1618 5354 1672 5398 et
1699 5343 1862 5412 patria
1889 5356 2053 5408 repu-

469 5453 605 5509 blica
644 5448 947 5521 pugnabant
975 5463 987 5499 :
1018 5458 1202 5501 eorum
1240 5448 1418 5494 autem
1454 5437 1559 5493 dux
1590 5444 1705 5491 erat
1733 5434 1893 5489 Deus.
1920 5431 2050 5487 Cum

467 5559 597 5613 ergo
622 5542 793 5598 aciem
812 5537 1121 5609 dirigerent,
1145 5542 1197 5590 ct
1214 5531 1455 5604 proprias
1475 5544 1541 5586 ex
1551 5535 1809 5600 ponerent
1828 5524 2050 5590 animas,

529 5726 609 5790 (tt)
644 5725 708 5790 l_n_
726 5723 857 5790 hunc
876 5717 1208 5790 _P_saltuum_et_
1223 5718 1272 5768 in
1290 5721 1562 5790 sequeptes
1596 5713 1775 5764 utimur
1799 5707 2055 5763 (iudicibus

470 5778 631 5852 Regiis
660 5786 776 5837 1903
802 5791 852 5835 ct
874 5780 1013 5843 2320,
1039 5788 1091 5833 et
1111 5778 1390 5831 Colbertiuo
1414 5778 1489 5828 lO.

1131 334 1186 388 S.
1226 330 1504 387 JUANNIS
1541 318 2013 381 ριιιιγδυδίὐιιι
2063 316 2377 373 ARClIlEP.
2406 310 2938 369 CONSTANTINOP.

3591 308 3690 367 n33
3722 271 3726 275 ’

2104 434 2398 488 fundebant
2438 431 2789 495 adversarios,
2832 444 2934 483 non
2979 425 3140 481 armis
3173 425 3414 484 ﬁdentes.
3447 425 3540 480 sed
3573 426 3690 480 loco

2103 524 2277 579 omnis
2292 534 2572 578 armaturae
2592 536 2778 593 pugnae
2799 534 3012 575 causam
3037 516 3285 573 sufﬁcere
3302 518 3575 572 ducentes.
3610 520 3689 574 Ad

2104 614 2298 669 bellum
2330 624 2505 668 autem
2534 622 2744 676 euntes,
2776 627 2881 665 non
2912 609 3197 681 tragtcdias
3223 610 3552 673 excitabant,
3582 627 3689 665 non

2106 720 2284 774 paeana
2315 704 2594 769 canebant,
2621 704 2756 757 sicut
2777 702 3013 756 nonnulli
3042 701 3233 755 faciunt
3254 715 3269 764 ;
3293 716 3397 754 non
3423 700 3689 756 adscisce-

2107 798 2224 851 ban:
2253 796 2511 859 tibicines,
2543 804 2600 848 ut
2631 794 2689 848 ﬁt
2718 794 2768 847 in
2795 792 2912 847 aliis
2938 792 3131 847 castris
3163 804 3177 846 :
3209 792 3301 845 sed
3346 791 3436 845 Dei
3464 806 3694 862 superne

2105 887 2357 941 auxilium
2393 886 2726 946 invocabant,
2753 893 2805 937 ut
2841 884 3071 946 adesset,
3099 898 3254 952 opem
3289 881 3473 947 ferret,
3505 892 3556 937 et
3585 898 3694 936 ma-

2106 995 2232 1033 num
2266 979 2546 1048 praeberet,
2593 986 2807 1047 propter
2841 990 2998 1044 quem
3043 975 3238 1030 bellum
3284 975 3561 1044 gerebant,
3599 990 3696 1043 pro

2107 1070 2259 1139 Cujus
2300 1069 2462 1139 gloria
2518 1069 2880 1123 decertabant.
2932 1067 3216 1120 Videamus
3261 1080 3389 1135 ergo
3428 1066 3549 1134 quid
3574 1065 3695 1117 iure

2108 1173 2280 1218 castra
2315 1164 2404 1217 Dei
2435 1165 2735 1228 loquantur,
2763 1179 2880 1231 qua:
2917 1169 3041 1214 sunt
3069 1160 3328 1232 spirituali
3365 1162 3565 1214 munita
3604 1177 3697 1212 an-

2111 1257 2254 1315 xilio.
2283 1272 2403 1310 cum
2432 1265 2557 1309 sunt
2589 1255 2771 1309 hostes
2811 1268 3141 1323 aggressum.
3176 1251 3334 1317 Deus,
3371 1252 3573 1305 auribus
3596 1268 3695 1304 no-

2110 1349 2226 1403 stris
2257 1347 2561 1401 audirimus.
2604 1347 2735 1413 Quia
2772 1345 2912 1400 enim
2960 1343 3200 1398 nonnulli
3247 1358 3431 1396 eorum
3460 1344 3546 1412 qui
3575 1358 3697 1396 cum

2113 1439 2241 1509 ipsis
2275 1438 2482 1492 stabant
2518 1437 2569 1491 in
2612 1437 2747 1501 acie,
2776 1435 3020 1490 Antiochi
3059 1433 3472 1496 multitudinem,
3503 1435 3700 1488 instru-

2115 1536 2256 1583 ctam
2296 1528 2485 1593 acietn,
2534 1537 2588 1582 et
2611 1527 2885 1581 victoriam
2919 1524 3193 1591 videntes,
3234 1524 3479 1594 quodque
3520 1524 3699 1579 omnia

2116 1620 2285 1690 primo
2323 1620 2521 1689 impetu
2557 1620 2822 1688 cepisset,
2872 1618 3243 1686 propriamque
3289 1614 3701 1671 imbecillitatem

2116 1722 2168 1768 et
2198 1713 2513 1783 paucitatem
2554 1710 2981 1783 Considerantes,
3021 1709 3291 1763 molliores
3330 1720 3480 1763 erant
3509 1717 3564 1762 et
3602 1710 3703 1761 im-

2120 1806 2417 1861 becilliorcs
2451 1822 2467 1858 :
2507 1820 2691 1858 eorum
2737 1803 2942 1856 animos
2983 1802 3299 1872 spiritusque
3346 1803 3614 1866 excitans,
3652 1810 3706 1854 et

2118 1897 2405 1954 Ostendcns
2428 1897 2479 1950 in
2508 1896 2600 1951 Dei
2626 1895 2784 1950 ductu
2812 1895 3117 1948 universum
3156 1894 3313 1948 situm
3341 1908 3481 1957 esse,
3505 1902 3559 1948 et
3584 1894 3631 1946 al
3653 1908 3705 1946 s-

2119 2006 2221 2061 que
2249 1989 2504 2054 exercitu,
2526 1989 2571 2042 si
2601 1988 2646 2042 is
2664 2005 2819 2057 opem
2849 1987 2999 2053 ferat,
3035 2001 3190 2056 posse
3218 1987 3387 2056 parari
3409 1986 3702 2046 victoriam,

2121 2081 2288 2135 instar
2330 2079 2649 2151 precationis
2701 2080 3048 2148 compositam
3085 2084 3386 2132 suasionem
3424 2087 3477 2131 et
3508 2077 3705 2132 exhor-

2122 2172 2374 2225 tationem
2405 2170 2559 2225 etlert
2599 2170 2664 2224 ad
2694 2170 3105 2233 commilitones,
3135 2177 3190 2224 et
3238 2169 3403 2223 Deum
3434 2169 3707 2238 alloquens

2120 2276 2214 2318 eos
2240 2262 2591 2331 promptiores
2630 2260 2804 2315 reddit
2829 2268 2885 2315 et
2920 2260 3226 2314 alacriores.
3269 2258 3382 2313 Non
3414 2267 3496 2312 est
3532 2268 3708 2312 autem

2124 2353 2239 2408 lure
2280 2368 2433 2422 parva
2474 2368 2597 2423 pars
2637 2351 3040 2406 adhortationis.
3085 2350 3266 2420 Neque
3311 2351 3453 2405 enim
3501 2359 3704 2403 tantum

2124 2446 2313 2500 virium
2348 2445 2618 2499 habuisset
2664 2444 2727 2498 ad
2776 2458 2870 2498 cos
2910 2458 3165 2498 conversa
3217 2442 3407 2508 oratio,
3460 2442 3595 2497 sicut
3643 2442 3712 2495 ad

2127 2538 2295 2593 Deum
2325 2537 2544 2591 directa.
2576 2537 2643 2590 Et
2672 2535 2792 2590 ideo
2820 2534 3114 2606 procedens
3141 2534 3280 2588 dixit
3310 2550 3326 2586 :
3356 2532 3478 2588 Non
3524 2534 3575 2587 in
3600 2532 3713 2603 glu-

2126 2629 2210 2684 dio
2235 2644 2327 2683 suo
2356 2627 2683 2700 possederunt
2711 2636 2916 2690 terram,
2938 2634 2996 2679 ret
3029 2624 3430 2678 derteraeorum
3473 2640 3573 2677 non
3610 2625 3716 2678 sul-

2126 2721 2258 2776 varit
2296 2738 2378 2775 eos
2415 2717 2482 2790 (υ.
2515 2719 2591 2790 4).
2626 2718 2736 2773 Hoc
2760 2726 2841 2773 est
2869 2715 3010 2771 enim
3053 2714 3167 2786 ejus
3201 2716 3286 2788 qui
3315 2729 3408 2770 eos
3438 2722 3643 2769 recreat
3663 2724 3718 2767 et

2128 2812 2318 2878 reﬁcit,
2351 2811 2439 2880 qui
2468 2821 2587 2864 sunt
2621 2809 2849 2864 molliori
2879 2817 2933 2864 et
2967 2807 3301 2863 imbecilliori
3330 2808 3508 2861 animo
3538 2806 3602 2860 ad
3637 2806 3720 2858 la-

2130 2904 2288 2959 bores
2317 2902 2702 2973 suscipiendos,
2723 2902 2811 2973 qui
2835 2900 3371 2972 qumruntvictoriam
3394 2915 3456 2955 ex
3485 2899 3715 2954 humana

2133 3011 2311 3051 rerum
2336 2995 2493 3049 serie.
2516 2994 2704 3048 Omnis
2732 3008 2859 3063 ergo
2888 2993 3000 3047 haec
3026 2991 3260 3063 precatio
3298 3000 3379 3045 est
3418 2990 3482 3045 ad
3525 2990 3720 3045 milites

2132 3088 2595 3158 adhortatio,’qua:
2620 3085 2772 3155 jubet
2799 3084 2976 3139 omnia
3008 3084 3061 3139 in
3096 3085 3257 3139 Deum
3286 3083 3572 3153 conjicere,
3605 3094 3717 3137 sta-

2134 3188 2388 3250 tuereque
2408 3196 2478 3235 ex
2507 3195 2603 3249 spe
2637 3178 2687 3232 in
2713 3178 2859 3232 illum
2888 3176 3120 3247 pendere
3146 3177 3444 3231 victoriam.
3487 3180 3598 3230 ιλιι·
3629 3191 3723 3229 an.

2135 3278 2243 3325 tem
2275 3287 2377 3325 non
2401 3270 2538 3324 dixit
2558 3270 2818 3335 absolute,
2847 3267 3179 3330 Audivimus,
3207 3266 3320 3330 sed,
3349 3265 3553 3320 Nostris
3579 3265 3720 3319 auri-

2136 3364 2225 3418 bus
2255 3362 2574 3416 audivimus?
2598 3362 2836 3429 Quanam
2877 3362 3018 3413 enim
3049 3359 3147 3413 alia
3175 3359 3411 3427 corporis
3450 3365 3597 3426 parte
3622 3372 3722 3409 au-

2137 3457 2317 3514 ditur?
2358 3456 2620 3526 Numquid
2670 3469 2789 3525 qua:
2833 3453 3080 3507 dicuntur
3120 3464 3244 3504 sunt
3286 3449 3726 3519 supervacanea?

2142 3549 2330 3603 Absit:
2363 3547 2454 3602 sed
2510 3547 2596 3601 hic
2634 3555 2719 3599 est
2771 3558 2887 3597 mos
2938 3541 3237 3597 communis
3280 3539 3586 3605 hominum,
3628 3538 3725 3608 qui

2139 3640 2354 3713 quando
2375 3640 2548 3710 aliqua
2576 3644 2812 3702 narrant,
2840 3635 2908 3690 de
2927 3611 3118 3704 quintis
3144 3642 3266 3686 sunt
3291 3630 3413 3686 facti
3445 3631 3724 3692 errtiorcs,

2141 3744 2193 3789 et
2223 3748 2309 3787 res
2339 3746 2555 3801 magnas
2582 3738 2637 3783 et
2667 3727 2843 3797 magni
2872 3726 3123 3797 ponderis
3153 3725 3406 3787 referunt,
3443 3724 3506 3776 iis
3530 3724 3727 3792 quibus

2143 3842 2203 3880 ea
2226 3842 2329 3879 non
2357 3836 2478 3884 sunt
2507 3836 2673 3893 usque
2700 3821 2832 3875 adeo
2853 3830 3019 3885 certa,
3043 3832 3199 3872 aures
3219 3831 3430 3887 seraper
3453 3814 3727 3884 adjiciunt,

2143 3919 2381 3974 dict'ntes
2410 3933 2467 3970 se
2492 3916 2711 3972 auribus
2741 3913 3026 3966 audivisse.
3073 3910 3184 3963 Non
3230 3909 3281 3963 in
3319 3909 3415 3961 hac
3442 3919 3617 3962 autem
3642 3923 3734 3961 so-

2144 4011 2251 4065 lum
2283 4011 2511 4071 actione,
2540 4007 2632 4062 sed
2658 4007 2816 4061 etiam
2847 4003 2898 4057 in
2923 4002 3042 4056 aliis
3073 4002 3173 4054 hoc
3200 4001 3374 4069 ipsum
3400 4000 3570 4053 facere
3592 4014 3732 4052 con-

2146 4104 2434 4161 suevimus,
2470 4106 2680 4152 nostros
2720 4096 2954 4165 ipsorum
2984 4107 3171 4145 sensus
3200 4090 3548 4159 producentes
3570 4090 3620 4141 in
3651 4098 3733 4143 te-

2146 4195 2475 4250 stimonium.
2523 4192 2615 4245 Est
2652 4203 2779 4258 ergo
2810 4202 2992 4241 eorum
3021 4185 3110 4254 qui
3151 4183 3330 4237 volunt
3378 4182 3531 4235 ﬁdem
3562 4181 3735 4235 facere

2147 4286 2398 4351 auditori,
2430 4298 2587 4339 aures
2613 4281 2918 4350 adjungere.
2953 4277 3083 4332 Nam
3117 4277 3167 4330 iu
3194 4275 3569 4338 oculis-etiam,
3599 4284 3654 4329 et
3681 4275 3732 4327 in

2149 4379 2392 4433 manibus
2423 4375 2525 4431 hoc
2550 4375 2720 4443 ipsum
2744 4372 2983 4433 facimus,
3016 4378 3073 4422 ut
3092 4366 3307 4437 quando
3326 4365 3552 4420 dicimus
3580 4382 3592 4417 :
3621 4365 3734 4418 Ma-

2149 4470 2306 4523 nibus
2355 4466 2550 4521 nosttis
2598 4463 2946 4534 palpavituus.
2994 4458 3243 4513 Dicebant
3291 4455 3416 4509 item
3460 4455 3735 4525 apostoli:

2156 4561 2282 4626 Qua:
2310 4558 2536 4613 viderunt
2564 4555 2696 4609 oculi
2736 4553 2914 4615 nostri,
2957 4562 3004 4605 et
3034 4566 3213 4604 manus
3247 4557 3433 4602 nostra:
3457 4556 3738 4601 contrecta-

2152 4662 2323 4707 verunt
2354 4651 2426 4721 (ι.
2458 4648 2614 4702 Joan.
2654 4650 2702 4703 l.
2739 4644 2811 4719 l).
2838 4644 2969 4700 Vide
2996 4652 3171 4698 autem
3201 4657 3384 4696 eorum
3415 4641 3498 4695 vel
3525 4641 3646 4694 hinc
3671 4656 3735 4694 ex

2154 4746 2412 4817 prooemio
2432 4744 2704 4802 virtutem,
2733 4739 2821 4807 qui
2848 4753 2969 4793 eum
2993 4744 3069 4790 tot
3096 4742 3311 4790 ettanta
3334 4742 3552 4804 propter
3574 4733 3738 4788 lleum

2154 4840 2294 4910 passi
2321 4845 2523 4901 essent,
2544 4850 2572 4888 a
2595 4833 2760 4903 patria
2792 4839 2845 4884 et
2871 4830 3112 4883 libertate
3141 4826 3480 4883 excidissent.
3511 4824 3741 4894 pericttia

2155 4928 2427 4989 adiisscnt,
2469 4926 2555 4981 alii
2587 4932 2760 4977 autem
2801 4921 2852 4975 in
2881 4919 3051 4989 fugam
3075 4916 3203 4981 acti,
3238 4923 3443 4970 montes
3467 4923 3523 4967 et
3558 4913 3744 4966 solito.

2155 5021 2307 5076 dines
2351 5021 2815 5087 persequerentur,
2870 5011 3000 5064 nihil
3051 5023 3235 5064 eorum
3283 5006 3493 5061 interim
3538 5004 3742 5068 dicunt,

2157 5111 2423 5174 videlicet,
2454 5108 2563 5162 lioc
2592 5115 2646 5159 et
2674 5103 2802 5157 illud
2832 5101 2969 5172 passi
3002 5114 3186 5155 sumus
3214 5108 3423 5169 propter
3454 5106 3524 5158 te.
3551 5094 3619 5151 da
3650 5111 3745 5150 no-

2159 5203 2240 5259 bis
2265 5202 2558 5256 auxilium:
2591 5196 2683 5251 sed
2726 5205 2993 5264 tamquam
3046 5191 3160 5245 luce
3201 5190 3280 5243 eis
3318 5188 3587 5249 deessent,
3628 5201 3746 5256 quae

2154 5295 2275 5364 jure
2300 5291 2489 5347 afferre
2519 5296 2754 5358 possent,
2789 5300 2887 5341 nec
2935 5283 3178 5338 ﬁduciam
3206 5297 3273 5336 ex
3316 5279 3426 5334 suis
3474 5280 3625 5334 factis
3656 5283 3744 5330 ba-

2160 5387 2366 5451 berent,
2410 5384 2476 5438 ad
2514 5397 2577 5435 ea
2608 5398 2725 5451 qua:
2768 5380 2907 5434 Deus
2945 5376 3234 5445 majoribus
3274 5375 3486 5428 illorum
3526 5374 3745 5436 fect-rat,

2158 5477 2489 5547 confugiunt.
2520 5473 2624 5528 Eos
2650 5472 2792 5526 enim
2828 5470 2917 5541 qui
2950 5467 3193 5523 ﬁduciam
3225 5481 3329 5520 non
3373 5464 3588 5526 habent,
3634 5463 3747 5516 huic

2162 5570 2467 5625 facerenon
2498 5575 2578 5619 εει
2610 5561 2928 5623 mirandum,
2976 5574 3097 5613 cum
3147 5558 3290 5628 ipsos
3334 5555 3400 5609 ad
3447 5555 3547 5610 hoc
3576 5553 3746 5609 trahat

2163 5662 2452 5719 necessitas
2483 5676 2495 5713 :
2523 5674 2643 5714 cum
2675 5667 2853 5712 autem
2895 5653 2991 5722 illi,
3022 5651 3110 5724 qui
3137 5650 3387 5722 quoniam
3420 5658 3564 5706 recte
3608 5648 3746 5703 fece-

2169 5761 2312 5818 runt,
2343 5750 2618 5822 magniﬁce
2657 5747 2797 5819 loqui
2845 5754 3089 5819 possunt,
3135 5743 3313 5798 nolunt
3344 5758 3406 5798 ex
3439 5742 3502 5797 iis
3526 5743 3749 5808 servari,
