4084 6278
370 404 468 461 ise
1178 366 1182 370 ’
1467 394 1824 453 EXPOSITIO
1864 392 1931 448 In
1968 393 1975 446 ι

2083 392 2282 449 .LMUll
2325 396 2478 451 XLlll
2489 435 2500 449 .
3281 462 3284 464 _
3575 405 3673 458 ΗΘ

367 522 460 576 sed
491 535 556 574 ex
591 519 682 573 Dei
729 517 1070 588 benignitate,
1104 529 1204 586 qua
1246 515 1299 570 in
1342 522 1518 586 patres
1547 529 1674 572 usus
1714 521 1819 579 est,
1862 510 1964 566 hoc

368 623 447 670 est
477 625 727 683 magnum
755 619 1125 680 argumentum
1144 621 1328 664 eorum
1353 604 1702 661 humilitatis:
1737 601 1964 674 prompti

370 713 546 760 autem
578 713 632 762 et
657 702 848 756 alacris
875 703 958 758 sui
987 701 1148 755 animi
1177 716 1282 754 non
1323 713 1544 770 parvam
1593 696 1717 751 hinc
1758 709 1969 766 quoque

369 813 583 855 causam
615 803 872 850 statuunt.
903 793 1111 849 Sufficit
1138 793 1276 848 enim
1312 791 1404 846 Dei
1435 791 1517 846 vel
1543 788 1656 844 sola
1684 785 1969 859 appellatio

369 891 434 948 ad
462 888 792 962 proﬂiganda
824 887 965 944 bella
996 887 1294 941 innumera.

445 983 501 1037 Ξ.
539 980 722 1037 Patres
745 980 894 1051 ofﬁcii
913 980 994 1034 sui
1021 987 1304 1033 monentur.
1327 977 1676 1031 Historiarum
1705 990 1967 1029 sacrarum

371 1074 586 1129 utilitas.
613 1102 685 1113 —
711 1090 730 1126 ς
769 1071 951 1126 Patres
979 1070 1138 1126 nostri
1162 1069 1584 1124 annuntiarerunt
1614 1065 1774 1120 nobis.
1807 1083 1826 1117 ι
1862 1064 1970 1118 Au-

370 1169 509 1237 dite,
524 1175 784 1238 quotquot
807 1164 1035 1220 liliorum
1064 1163 1261 1217 nullam
1284 1177 1466 1217 curam
1484 1160 1666 1231 geritis
1691 1177 1702 1212 :
1723 1157 1968 1229 quicum-

369 1277 474 1332 que
502 1275 598 1316 eos
643 1257 881 1313 carmina
927 1255 1189 1312 diabolica
1237 1263 1492 1310 canentes
1534 1251 1796 1316 toleratis,
1838 1262 1967 1303 cou-

371 1351 610 1409 temnitis
633 1366 764 1406 vero
793 1348 999 1404 divinas
1038 1345 1392 1402 narrationes.
1425 1341 1531 1400 Sed
1573 1359 1677 1396 non
1723 1341 1775 1395 hi
1820 1339 1965 1410 ejus-

372 1443 539 1509 modi,
569 1443 664 1497 sed
706 1443 758 1497 in
805 1439 1200 1496 narrationibus
1252 1438 1626 1510 pratclarorum
1672 1433 1764 1489 Dei
1805 1431 1970 1487 facto-

373 1553 491 1592 runt
519 1537 678 1590 vitam
717 1533 932 1588 assidue
981 1531 1395 1597 consumebant;
1436 1537 1490 1584 et
1525 1527 1716 1598 duplex
1763 1526 1966 1581 lucrum

372 1629 660 1684 faciebant.
707 1625 839 1681 Nam
892 1632 944 1681 et
991 1625 1081 1696 qui
1131 1623 1392 1680 beneficio
1433 1621 1606 1676 allecti
1637 1629 1809 1684 erant,
1841 1619 1967 1675 dum

371 1719 757 1778 beneficiorum
802 1717 1230 1777 recordati-cutus.
1264 1715 1514 1770 meliores
1542 1711 1840 1768 evadebant
1871 1730 1884 1765 :
1916 1719 1971 1766 et

373 1811 482 1882 qui‘
507 1827 572 1866 ex
606 1809 707 1865 illis
750 1809 850 1864 orti
891 1815 1062 1872 erant,
1095 1823 1199 1863 non
1248 1821 1464 1876 parvum
1516 1805 1612 1859 Dei
1651 1803 1970 1876 cognitionis

372 1910 750 1973 argumentum
778 1899 1062 1954 sumebant
1089 1914 1152 1955 ex
1197 1897 1280 1952 his
1320 1895 1733 1961 narrationibus,
1761 1903 1812 1949 et
1839 1893 1972 1949 inci-

374 1996 626 2049 tubantur
651 1991 717 2048 ad
743 1990 1049 2046 imitandam
1077 1991 1344 2044 virtutem.
1373 1988 1466 2042 Eis
1504 1987 1644 2042 enim
1675 1985 1794 2040 libri
1819 1992 1973 2039 erant

372 2101 469 2140 ora
497 2099 706 2149 eorum,
735 2084 824 2153 qui
855 2082 1000 2150 ipsos
1043 2089 1358 2152 genueram,
1403 2078 1684 2149 omnisque
1712 2077 1895 2132 schola
1918 2085 1972 2130 et

372 2176 555 2232 omnis
583 2175 808 2231 diatriba
845 2174 942 2229 has
969 2174 1198 2229 habebat
1226 2173 1579 2238 narrationes,
1612 2169 1806 2240 quibus
1841 2168 1972 2224 nihil

371 2279 494 2326 erat
517 2267 822 2340 jucundius,
865 2266 996 2321 nihil
1035 2267 1233 2321 utilius.
1288 2265 1344 2320 Si
1388 2263 1530 2318 enim
1573 2278 1752 2318 rerum
1801 2262 1984 2318 solum.

373 2362 733 2424 narrationes,
767 2358 1082 2429 fabula-que,
1114 2365 1168 2413 et
1196 2355 1441 2425 figmenta
1469 2355 1641 2409 solent
1668 2368 1810 2424 saepe
1837 2351 1974 2408 mul-

374 2465 462 2508 tos
489 2450 752 2512 consolari
797 2449 1067 2504 auditores
1097 2465 1111 2502 :
1154 2448 1320 2502 multo
1359 2447 1530 2518 magis
1568 2445 1684 2501 hmc
1711 2460 1829 2516 qua:
1855 2459 1972 2498 ma-

373 2560 540 2615 gnam
568 2542 920 2598 ostendebant
959 2540 1388 2607 beneficentiam,
1417 2538 1729 2610 potentiam,
1758 2535 1972 2606 sapien-

373 2636 528 2700 tiam,
576 2647 782 2700 curam,
814 2639 868 2688 et
909 2646 1014 2686 una
1041 2645 1162 2686 cum
1189 2629 1458 2700 voluptate
1495 2627 1790 2687 auditorem
1830 2627 1976 2681 exci-

376 2727 600 2790 tabant,
633 2733 687 2780 et
713 2725 994 2780 meliorem
1019 2721 1341 2777 reddebant.
1374 2719 1481 2787 Qui
1513 2717 1658 2775 enim
1691 2718 1821 2774 dum
1847 2717 1966 2773 haec
1992 2751 1998 2758 -

375 2815 1083 2892 agerenturinterfuerant,
1097 2819 1152 2869 et
1169 2813 1290 2868 visu
1309 2819 1662 2883 exceperant,
1677 2825 1739 2866 ea
1752 2808 1966 2866 auditui

377 2911 699 2973 tradebant,
723 2917 776 2964 et
803 2907 871 2963 ad
901 2906 1058 2962 fidem
1089 2904 1394 2960 faciendam
1423 2919 1533 2959 non
1553 2903 1736 2960 minus
1754 2903 1969 2958 valebat

376 3003 802 3071 auditus,quam
819 3001 993 3056 visus.
1007 2996 1126 3052 Non
1147 2998 1329 3052 minus
1345 2996 1489 3051 enim
1505 2996 1803 3052 credebant
1819 2996 1855 3050 ii
1874 2995 1969 3067 qui

375 3113 494 3151 non
525 3094 840 3158 adfuerant,
865 3108 967 3148 nec
994 3091 1269 3154 viderant,
1297 3103 1462 3160 quam
1488 3089 1525 3143 ii
1558 3088 1651 3157 qui
1681 3087 1972 3144 adfuerant

372 3197 432 3244 et
457 3187 709 3242 viderant
749 3206 762 3241 :
803 3187 911 3240 hoc
943 3199 1165 3255 quoque
1189 3198 1284 3238 eos
1320 3197 1429 3237 non
1461 3197 1655 3253 parum
1680 3181 1973 3236 exercebat

374 3281 446 3333 a:l
472 3278 655 3333 fidem.
685 3277 988 3333 Videamus
1010 3283 1192 3330 autem
1224 3274 1319 3345 qui
1341 3273 1640 3336 narrarint,
1666 3281 1720 3328 et
1748 3287 1876 3326 num
1900 3271 1974 3326 si-

376 3371 528 3424 milis
569 3366 881 3440 argumenti
913 3365 1286 3422 meminerint.
1334 3363 1438 3431 Qui
1467 3365 1616 3420 enim
1651 3371 1736 3419 est
1767 3363 1975 3434 aliquid

377 3471 700 3532 rogaturus,
720 3468 773 3515 et
794 3459 1129 3529 postulatum
1149 3465 1570 3521 consecuturus,
1601 3473 1664 3513 ex
1695 3456 1820 3510 data
1854 3456 1978 3512 aliis

376 3553 560 3626 gratia
591 3567 716 3607 eum
739 3557 955 3621 oportet
988 3557 1169 3620 petere
1192 3549 1412 3604 similia.
1433 3547 1589 3615 Quod
1619 3556 1801 3604 autem
1827 3548 1974 3611 dico,

375 3656 469 3703 est
500 3644 808 3716 ejusmodi:
838 3643 973 3715 petit
996 3643 1198 3712 aliquis
1226 3642 1466 3697 lattiulus
1491 3657 1519 3696 a
1549 3642 1709 3697 nobis
1735 3642 1974 3697 donum:

378 3741 425 3796 si
450 3739 758 3796 ostenderit
777 3737 945 3792 alium
968 3751 1190 3808 quoque
1211 3737 1264 3790 id
1279 3735 1581 3806 accepisse,
1597 3735 1889 3789 maximam
1903 3733 1979 3788 af-

377 3833 494 3888 fert
517 3829 812 3896 rationem,
841 3844 940 3884 cur
964 3829 1016 3885 id
1037 3829 1231 3884 debeat
1248 3828 1518 3899 accipere,
1547 3828 1654 3884 nisi
1670 3827 1978 3898 exemplum

378 3920 551 3982 laedat
583 3919 915 3976 differentia.
953 3919 1324 3975 Difl‘erentiam
1361 3911 1702 3973 autem'dico
1732 3932 1981 3989 persona:

380 4015 474 4075 vel
509 4020 608 4072 rei.
635 4013 692 4070 Si
707 4016 852 4071 enim
886 4015 978 4086 qui
999 4014 1376 4084 aceepit,talis
1396 4013 1487 4074 sit,
1502 4011 1684 4082 qualis
1701 4011 1795 4080 qui
1824 4013 1977 4081 petit,

381 4117 454 4168 et;
471 4107 525 4168 id
547 4107 690 4179 quod
718 4108 941 4176 petitur,
966 4106 1168 4169 simile,
1190 4113 1300 4161 stat
1321 4105 1665 4176 exemplum:
1689 4104 1773 4159 sin
1796 4113 1978 4159 autem

383 4201 481 4256 ille
506 4200 727 4274 quidem
753 4199 881 4269 jure
911 4197 1148 4268 accepit,
1173 4197 1264 4252 hic
1297 4206 1479 4252 autem
1511 4213 1621 4252 non
1657 4195 1866 4261 itidem,
1891 4209 1981 4266 po-

382 4294 687 4357 stulatione
702 4292 896 4361 majori
917 4293 1021 4347 erit
1034 4307 1193 4362 opus.
1214 4291 1451 4348 Necesse
1463 4299 1548 4347 est
1568 4287 1819 4345 autemid
1833 4288 1980 4358 quod

385 4387 518 4448 dico
532 4385 885 4440 manifestum
901 4383 1084 4440 facere
1100 4401 1165 4440 ex
1181 4383 1818 4454 Scripluris.Chanana‘a
1833 4386 1981 4454 post-

387 4492 560 4552 quam
584 4475 913 4541 audiil,N0n
931 4486 1009 4531 est
1033 4479 1225 4532 bonum
1244 4478 1481 4546 accipere
1506 4491 1694 4544 panem
1717 4474 1978 4545 ﬁliorum,

387 4583 438 4630 et
476 4569 605 4623 dare
621 4567 868 4635 canibus,
889 4569 1024 4624 dicit
1050 4587 1062 4623 :
1098 4567 1302 4634 Etiam,
1329 4567 1725 4623 Domiuemam
1741 4579 1790 4622 et
1815 4565 1983 4621 catuli

383 4657 541 4711 edunt
568 4656 632 4711 de
664 4657 1024 4716 micismenste
1049 4656 1368 4711 dominorum
1395 4673 1599 4711 suorum
1647 4655 1862 4727 (Matth.
1891 4654 1979 4710 l5.

386 4750 480 4811 9.6.
506 4748 621 4822 27).
652 4750 716 4805 Et
742 4749 1152 4806 Paulusrnrsus
1182 4749 1490 4814 ‘-scribeus,
1522 4749 1767 4804 diccbat:
1802 4749 1863 4804 Si
1890 4746 1980 4802 alii

385 4853 566 4900 vestrm
608 4844 864 4914 potestatis
906 4856 1024 4898 sunt
1070 4843 1360 4916 participes,
1394 4843 1553 4896 multo
1582 4842 1744 4913 ntagis
1787 4858 1880 4896 nos
1903 4841 1979 4913 (l.

389 4935 506 4990 (Sor.
538 4935 590 4990 9.
629 4937 718 5004 l2)
749 4954 762 4989 :
795 4951 862 4991 ex
899 4951 1138 5006 persome
1166 4935 1465 4992 differentia
1494 4950 1553 4990 se
1580 4935 1698 5004 plus
1716 4934 1849 5004 juris
1879 4935 1981 4990 ha-

390 5031 516 5086 bere
545 5029 854 5086 ostendens.
901 5030 971 5085 Et
1009 5045 1192 5086 rursus
1227 5029 1469 5087 scribens
1496 5027 1561 5085 ad
1591 5027 1980 5096 Philemonem,

385 5121 598 5178 dicebat
633 5139 648 5177 :
677 5122 812 5191 Quia
850 5123 1040 5178 viscera
1079 5132 1369 5179 sanctorum
1417 5125 1762 5194 requieverunt
1799 5139 1888 5195 per
1915 5132 1980 5190 te,

389 5216 550 5283 frater
577 5231 596 5268 :
621 5223 826 5287 prapter
850 5216 986 5287 quod
1015 5217 1229 5270 multam
1265 5217 1505 5285 fiduciam
1543 5216 1731 5271 habens
1757 5217 1810 5271 in
1837 5216 1984 5272 Chri-

389 5314 468 5358 sto
507 5303 634 5360 Jcsu
663 5307 952 5377 imperandi
999 5307 1086 5360 tibi
1115 5307 1268 5378 quod
1292 5307 1359 5361 ad
1385 5324 1488 5362 rem
1515 5308 1749 5381 pertinet,
1780 5319 1986 5378 propter

391 5398 653 5451 caritatem
689 5400 850 5470 magis
887 5399 1091 5455 obsecro
1124 5399 1367 5470 (Philem.
1401 5416 1449 5454 υ.
1481 5400 1533 5454 7.
1565 5399 1642 5474 8).
1683 5399 1780 5455 Hic
1812 5409 1981 5456 estex

389 5506 540 5567 arquo
584 5493 907 5563 exemplum.
935 5492 1160 5561 Quando
1175 5493 1326 5548 enim
1357 5493 1558 5564 primus
1599 5493 1757 5550 fuerit
1782 5494 1871 5564 qui
1898 5509 1985 5548 ac-

391 5583 550 5648 cepit,
575 5583 737 5638 veluti
781 5585 1065 5655 quamdam
1095 5584 1329 5640 secundo
1373 5584 1588 5653 ianuam
1616 5585 1808 5654 aperit,
1836 5585 1880 5643 si
1912 5585 1984 5640 si-

393 5672 528 5726 milis
556 5674 626 5728 sit
655 5674 744 5744 qui
779 5683 861 5729 est
908 5674 1188 5744 petiturus,
1235 5674 1316 5731 vel
1346 5677 1388 5730 si
1437 5675 1622 5732 eadem
1673 5685 1835 5748 petat.
1871 5676 1985 5733 Non

454 5850 467 5878 ¹
505 5850 558 5905 lu
584 5850 749 5905 Morel.
777 5864 891 5912 vox.
918 5852 1295 5914 rursus,_deest.

2085 509 2255 564 Solum
2284 523 2458 567 autent
2503 528 2572 568 ex
2607 513 2692 580 iis,
2729 530 2847 584 qua:
2891 516 3011 576 aliis
3039 516 3159 576 data
3203 528 3345 584 sunt,
3386 521 3584 578 sed-ﬁes.
3608 525 3673 578 iis

2077 601 2234 656 etiam
2266 616 2383 672 qua:
2427 603 2479 658 in
2511 617 2608 658 nos
2653 605 2796 674 ipsos
2835 616 2989 662 antea
3034 607 3224 664 collata
3269 613 3669 682 sumptis-sinite

2077 691 2254 746 valida
2281 694 2565 763 postulatio
2608 714 2620 749 :
2656 696 2797 767 quod
2828 698 2987 754 etiam
3026 698 3150 758 fecit
3184 699 3380 758 Paulus
3422 701 3666 760 scribens

2075 784 2140 840 ad
2171 783 2556 856 Philippenses,
2587 799 2642 844 et
2661 789 2843 845 dicens
2869 810 2882 845 :
2910 791 3161 859 Quoniam
3183 802 3228 848 et
3256 791 3667 849 Thessalonicam

2075 875 2228 928 semel
2252 887 2298 929 et
2326 871 2512 932 iterum
2549 879 2683 948 quod
2727 880 2853 934 milii
2896 884 3009 936 usui
3057 883 3284 952 futurum
3329 895 3436 940 erat
3463 885 3668 941 misistis

2079 966 2336 1040 (Philipp.
2361 970 2413 1024 4.
2449 970 2562 1042 16).
2595 971 2659 1026 Et
2689 972 2810 1027 ideo
2841 973 2988 1029 multi
3015 974 3104 1045 qui
3133 975 3311 1031 multis
3336 975 3535 1036 donant
3564 979 3664 1034 hec

2075 1059 2410 1129 principium,
2441 1076 2510 1116 ne
2536 1061 2588 1116 id
2614 1061 2795 1118 dicant
2828 1063 2946 1121 aliis
2972 1082 2982 1114 :
3017 1079 3084 1120 ne
3112 1065 3164 1121 in
3191 1081 3354 1124 unum
3380 1070 3514 1125 facta
3539 1084 3666 1140 gra-

2075 1151 2168 1219 tia,
2197 1153 2244 1205 ei
2272 1151 2361 1223 qui
2389 1151 2553 1217 dedit,
2589 1154 2783 1209 multos
2813 1156 3066 1226 petitores
3095 1159 3312 1223 excitet,
3342 1168 3522 1231 utpote
3543 1173 3666 1217 etnn

2075 1258 2180 1297 non
2228 1244 2395 1312 possit
2441 1245 2825 1317 subterfuglum
2869 1249 3107 1306 invenire
3145 1252 3232 1322 qui
3263 1251 3431 1320 dedit,
3459 1256 3671 1324 quomi~

2075 1350 2176 1390 nus
2205 1335 2296 1390 det
2316 1336 2452 1390 aliis.
2497 1337 2562 1392 Et
2593 1338 2694 1393 hoc
2719 1338 2934 1410 quidem
2976 1341 3166 1400 merito
3187 1343 3375 1414 jubent
3399 1345 3666 1412 homines,

2075 1434 2130 1479 ut
2177 1425 2265 1496 qui
2313 1425 2490 1482 dando
2542 1426 2670 1484 fiant
2715 1431 3104 1503 pauperiores:
3137 1434 3514 1494 Deus-autem.-
3544 1451 3672 1494 eon-

2076 1521 2154 1569 tra
2182 1515 2434 1586 praedicat
2474 1527 2530 1573 et
2567 1521 2860 1591 proclamat
2894 1537 2960 1578 ea
2995 1539 3114 1594 qua:
3149 1524 3246 1582 dat
3267 1527 3423 1595 aliis,
3438 1580 3451 1586 ..
3467 1537 3524 1583 ut
3549 1529 3669 1585 aliis

2077 1606 2236 1661 etiam
2287 1609 2522 1678 praebeat
2570 1613 2903 1670 occasionem
2956 1631 3145 1674 rursus
3204 1618 3274 1674 ab
3319 1635 3386 1676 eo
3433 1623 3666 1693 petendi.

2074 1695 2259 1753 Danda
2285 1700 2425 1754 enim
2454 1701 2684 1772 majores
2704 1705 2820 1778 ejus
2845 1710 3201 1767 ostenduntur
3217 1712 3436 1770 divitiae.
3463 1715 3530 1770 Et
3551 1714 3672 1772 ideo

2075 1789 2205 1845 dicit
2235 1791 2428 1848 Paulus
2465 1811 2478 1848 :
2509 1793 2610 1860 Qui
2639 1796 2776 1852 dives
2805 1809 2878 1854 est
2925 1801 2978 1854 in
3022 1819 3214 1870 omnes,
3259 1814 3304 1860 et
3329 1823 3482 1879 super
3501 1824 3674 1864 omnes

2075 1881 2361 1940 invocantes
2389 1901 2501 1940 eum
2526 1885 2700 1959 (Rom.
2734 1889 2820 1947 l0.
2852 1891 2963 1962 12).
3006 1893 3194 1950 Vidisti
3243 1913 3434 1953 novatn
3480 1915 3673 1970 quam-

2077 1974 2212 2035 dam.
2253 1986 2497 2033 naturam
2547 1979 2894 2039 divitiarum?
2941 1985 3070 2042 Eam
3117 2000 3173 2044 tu
3218 2005 3430 2062 quoque
3468 1994 3674 2050 imitare

2077 2072 2544 2140 magniﬁcentiam.
2592 2077 2816 2148 Quando
2862 2081 3005 2136 enim
3051 2098 3180 2152 opes
3234 2086 3496 2156 repositas
3545 2103 3674 2146 cou-

2077 2165 2392 2236 sumpseris,
2417 2173 2542 2222 tunc
2571 2166 2714 2238 ipsas
2756 2171 2924 2241 magis
2961 2173 3181 2244 augebis
3212 2193 3227 2232 :
3259 2176 3304 2230 si
3329 2186 3504 2233 autem
3535 2180 3644 2236 info
3663 2210 3675 2219 —

2077 2255 2243 2325 deris,
2275 2257 2418 2328 ipsas
2458 2270 2588 2322 tunc
2621 2263 2789 2334 magis
2817 2263 3107 2322 diminues.
3137 2267 3202 2324 Et
3240 2267 3366 2338 quid
3395 2272 3585 2328 mirum
3631 2273 3674 2327 si

2079 2346 2182 2402 hoc
2226 2349 2419 2406 accidit
2463 2350 2517 2408 in
2566 2353 2952 2422 spiritualibus,
3004 2371 3125 2412 cum
3173 2357 3278 2414 hoc
3319 2360 3593 2420 flatetiam
3623 2362 3674 2416 in

2078 2440 2516 2504 earnalibnsl-Si
2545 2445 2664 2515 quis
2706 2447 2850 2506 enim
2893 2461 3111 2518 propter
3137 2451 3522 2522 pareimoniam
3565 2454 3673 2510 fru-

2079 2542 2317 2590 mentum
2347 2533 2491 2590 dumi
2539 2536 2700 2593 situm
2743 2554 2849 2596 non
2873 2543 3304 2610 consumpserit,
3345 2559 3446 2600 nec
3477 2545 3528 2600 in
3562 2556 3676 2602 terv

2080 2638 2192 2679 ram
2220 2625 2439 2695 jecerit,
2473 2626 2528 2682 id
2555 2627 2826 2684 vermibus
2850 2630 3196 2688 exedendum
3233 2634 3391 2689 tradit
3423 2651 3438 2688 :
3469 2636 3550 2694 sin
3578 2653 3675 2692 au-

2083 2726 2188 2776 tem
2213 2717 2550 2788 disperserit,
2568 2721 2824 2795 majorem
2854 2738 3083 2780 messem
3105 2725 3340 2796 colliget.

2152 2810 2206 2866 3.
2251 2810 2708 2870 Divitumsuutma
2736 2826 3032 2886 paupertas.
3079 2847 3144 2858 —-
3176 2818 3372 2876 Audite
3411 2830 3669 2893 quotquot

2082 2901 2214 2960 esus
2229 2902 2367 2959 tardi
2399 2901 2464 2958 ad
2495 2903 2913 2977 eleemosynam.
2945 2907 3139 2964 Audite
3165 2909 3258 2979 qui
3287 2909 3435 2966 vobis
3462 2911 3676 2970 divitias

2081 2995 2343 3052 servando
2371 2995 2697 3054 diminuitis.
2729 3000 2923 3059 Audite
2956 3001 3048 3072 qui
3091 3003 3256 3060 nihilo
3281 3005 3476 3061 melius
3500 3006 3672 3063 allecti

2083 3088 2236 3154 esas,
2262 3104 2422 3159 quam
2469 3090 2562 3160 qui
2607 3100 2731 3148 sunt
2780 3092 2836 3150 in
2871 3093 3094 3150 somniis
3133 3095 3346 3154 divites.
3373 3097 3506 3166 Qua:
3554 3112 3678 3154 sunt

2082 3180 2224 3235 enim
2282 3182 2604 3250 praesentia,
2636 3193 2776 3246 sunt
2817 3185 3029 3241 somnio
3069 3186 3237 3243 nihilo
3289 3188 3510 3245 meliora
3535 3206 3551 3246 :
3579 3192 3674 3248 sed

2082 3271 2534 3342 quemadmodum
2574 3275 2664 3346 qui
2711 3277 2766 3332 in
2819 3279 3043 3337 somniis
3072 3279 3173 3334 sibi
3207 3279 3454 3339 videntur
3478 3282 3676 3342 habere

2085 3366 2356 3435 pecunias,
2388 3366 2512 3422 licet
2537 3365 2736 3429 fuerint
2774 3371 2935 3439 regia
2975 3386 3120 3442 gaza:
3145 3372 3365 3438 domini,
3396 3390 3518 3430 cum
3561 3375 3678 3433 dies

2085 3453 2338 3520 illuxerit,
2367 3466 2492 3511 sunt
2516 3458 2752 3514 omnium
2782 3462 3103 3534 pauperrimi
3130 3480 3142 3516 :
3171 3463 3242 3518 ita
3287 3464 3450 3522 etiam
3491 3467 3542 3521 iu
3573 3466 3674 3521 vita

2084 3547 2357 3616 prtesenti,
2389 3548 2478 3618 qui
2508 3549 2796 3606 nihililluc
2818 3550 3029 3608 auferre
3049 3554 3302 3624 potuerit,
3327 3565 3411 3611 est
3439 3558 3675 3612 omnium

2085 3641 2476 3711 pauperrimus,
2501 3641 2631 3702 licet
2649 3643 2826 3701 omuia
2854 3646 3182 3715 possederit;
3218 3649 3269 3703 in
3293 3650 3515 3707 somniis
3535 3650 3676 3706 enim

2084 3731 2254 3792 solum
2279 3732 2429 3788 dives
2451 3733 2566 3790 fuit.
2597 3734 2651 3792 Si
2681 3735 2812 3792 velis
2827 3752 2956 3808 ergo
2978 3737 3104 3794 mihi
3126 3739 3412 3798 ostendere
3433 3738 3674 3803 divitem.

2086 3831 2212 3879 tunc
2260 3824 2388 3880 mihi
2432 3825 2660 3882 ostendo
2699 3828 2914 3899 quando
2944 3828 3109 3888 fuerit
3147 3831 3296 3898 dies,
3348 3833 3566 3904 quando
3622 3835 3676 3890 in

2086 3913 2231 3970 illam
2262 3915 2487 3984 patriam
2514 3919 2899 3978 recesserimus
2920 3938 2940 3974 :
2970 3931 3319 3980 nunc.autem
3349 3939 3455 3980 non
3480 3932 3665 3995 potero

2084 4004 2392 4066 discernere
2416 4006 2634 4064 divitem
2662 4018 2718 4064 et
2745 4025 3053 4080 pauperem.
3085 4011 3201 4068 Non
3227 4015 3373 4072 enim
3392 4025 3473 4070 ρει
3498 4030 3676 4072 rerum

2086 4097 2303 4162 veritas.
2335 4097 2428 4154 sed
2461 4100 2634 4168 potius
2661 4103 3037 4171 sunt-iucunda
3063 4113 3116 4159 et
3135 4105 3376 4174 speciosa
3397 4109 3675 4164 vocabula.

2085 4188 2543 4258 Quemadmodum
2571 4191 2716 4246 enim
2743 4194 3278 4265 nonnulli-appellant
3302 4213 3476 4256 c:ecos
3529 4211 3678 4257 πολυ-

2084 4289 2358 4350 ϐλιποντας,
2389 4279 2490 4337 hoc
2536 4291 2638 4350 est,
2675 4284 2902 4342 multum
2931 4285 3202 4352 videntes,
3221 4287 3346 4360 licet
3373 4305 3459 4346 res
3485 4309 3678 4348 nomen

2087 4387 2196 4427 non
2221 4381 2494 4448 sequatur,
2522 4374 2630 4430 imo
2667 4375 2704 4430 ii
2733 4377 2842 4435 sint
2877 4377 3120 4440 maxime
3142 4381 3514 4440 nouidentes
3551 4401 3565 4440 :
3607 4385 3679 4441 ita

2088 4465 2249 4521 etiam
2275 4481 2469 4522 nomen
2496 4467 2719 4524 divitum
2757 4469 2844 4527 hie
2881 4470 3004 4527 dico
3028 4472 3359 4532 circumferri
3379 4491 3567 4537 eorum
3587 4481 3678 4551 qui

2089 4557 2221 4616 nihil
2263 4557 2371 4618 illic
2407 4559 2700 4636 possident.
2727 4562 2951 4632 Quando
2992 4566 3135 4622 enim
3177 4567 3267 4627 hic
3301 4568 3450 4626 dives
3497 4570 3677 4639 fuerit,

2089 4658 2216 4708 tunc
2241 4665 2362 4710 eum
2390 4652 2503 4709 scio
2532 4654 2760 4712 maxime
2785 4671 2904 4712 esse
2925 4673 3212 4730 pauperem
3245 4679 3259 4717 :
3289 4662 3396 4720 nisi
3418 4666 3562 4722 enim
3591 4681 3682 4722 es-

2089 4753 2173 4805 set
2196 4743 2350 4802 valde
2393 4760 2617 4816 pauper,
2650 4762 2756 4803 non
2790 4749 2945 4810 valde
2987 4749 3295 4811 ditesceret.
3322 4756 3680 4823 Quemadmo-

2090 4833 2214 4890 dum
2239 4835 2381 4892 euim
2409 4851 2628 4906 caecum,
2662 4839 2762 4896 nisi
2791 4843 3010 4900 omnino
3033 4853 3179 4902 esset
3215 4857 3534 4914 exmeatus,
3575 4866 3680 4906 non

2090 4927 2451 4997 appellassent
2495 4929 2669 5000 ipsum
2723 4939 3090 4998 πολυϐλεποντα.
3121 4935 3222 4992 hoc
3269 4946 3388 5004 est,
3455 4939 3678 4996 ntultunt

2091 5018 2360 5078 videntem
2385 5036 2399 5079 :
2431 5019 2501 5076 ita
2529 5021 2614 5077 hic
2636 5022 2797 5079 etiam
2822 5023 3114 5093 putandum
3143 5035 3244 5080 est.
3272 5025 3524 5098 Deposita
3549 5043 3679 5100 ergo

2092 5112 2408 5186 deceptione
2437 5115 2732 5183 nominum,
2757 5119 3032 5174 veritatem
3055 5120 3392 5189 arripiamus.
3409 5121 3520 5176 {les
3539 5122 3681 5177 enim

2093 5221 2199 5262 non
2241 5209 2541 5266 consistunt
2585 5208 2637 5268 in
2681 5209 3007 5277 nominibus,
3041 5211 3136 5266 sed
3165 5228 3345 5269 rerum
3388 5223 3571 5270 natura
3600 5218 3677 5270 ef-

2097 5300 2243 5373 fingit
2261 5302 2473 5358 nomina
2491 5317 2559 5358 ex
2581 5303 2792 5374 prepria
2816 5304 3132 5360 substantia.
3159 5305 3257 5362 llic
3275 5317 3491 5364 vocatur
3507 5308 3679 5371 dives.

2095 5394 2191 5452 sed
2221 5410 2326 5450 non
2349 5404 2450 5452 est.
2498 5395 2565 5450 Et
2604 5397 2873 5467 quomodo
2899 5414 3010 5454 non
3057 5407 3160 5466 est,
3198 5400 3412 5471 quando
3457 5402 3680 5458 inultum

2095 5487 2321 5558 argenti,
2349 5486 2570 5542 multum
2601 5489 2738 5553 auri,
2771 5488 2973 5558 lapides
3013 5490 3256 5560 pretiosi,
3278 5501 3454 5548 vestes
3479 5507 3677 5556 aurem,

2097 5587 2155 5634 et
2177 5578 2351 5634 omnia
2391 5578 2490 5632 alia
2521 5577 2567 5634 ei
2597 5577 2853 5634 afﬂuunt?
2879 5581 3141 5645 Quoniam
3187 5599 3292 5638 non
3333 5599 3544 5648 aurum,
3587 5599 3686 5639 nee

2098 5679 2299 5736 vestes,
2332 5684 2430 5727 nec
2461 5669 2723 5740 pecunizn,
2765 5669 2858 5725 sed
2900 5669 3241 5744 eicemosyna
3277 5674 3404 5731 facit
3441 5673 3683 5730 divitem.

2101 5762 2224 5817 llaec
2245 5762 2385 5816 enim
2416 5769 2540 5816 sunt
2577 5759 2800 5824 frenum,
2832 5759 2946 5816 haec
2985 5762 3125 5832 ligna
3165 5775 3220 5821 et
3262 5767 3475 5837 stipula.
3504 5764 3684 5830 Qualis

2106 5855 2265 5922 enim,
2308 5855 2410 5922 dic,
2449 5869 2649 5926 (ματ-ευ,
2679 5854 2908 5911 vestium
2935 5854 3158 5912 amictus
3189 5856 3334 5914 illum
3361 5861 3424 5920 ad
3455 5856 3685 5912 terribile.
