  <div class='ocr_page' id='page_1' title='image "/cluster/home/n/w/nwhite01/storage/ocr_20150623/55/mdp.39015028539511/163.png"; bbox 0 0 4068 6288; ppageno 0'>
   <div class='ocr_carea' id='block_1_1' title="bbox 402 355 2945 422">
    <p class='ocr_par' dir='ltr' id='par_1_1' title="bbox 402 355 2945 422">
     <span class='ocr_line' id='line_1_1' title="bbox 402 355 2945 422; baseline -0.004 -2"><span class='ocrx_word' id='word_1_1' title='bbox 402 362 518 422; x_wconf 62' lang='grc'><strong>171</strong></span> <span class='ocrx_word' id='word_1_2' title='bbox 1134 358 1193 417; x_wconf 82' lang='lat' dir='ltr'><strong>S.</strong></span> <span class='ocrx_word' id='word_1_3' title='bbox 1230 357 1508 418; x_wconf 76' lang='lat' dir='ltr'><strong>IOANNlS</strong></span> <span class='ocrx_word' id='word_1_4' title='bbox 1545 356 2015 417; x_wconf 68' lang='lat' dir='ltr'><strong>CHRYSOSTOMI</strong></span> <span class='ocrx_word' id='word_1_5' title='bbox 2056 358 2373 418; x_wconf 70' lang='lat' dir='ltr'><strong>ARClllEl‘.</strong></span> <span class='ocrx_word' id='word_1_6' title='bbox 2413 355 2945 415; x_wconf 64' lang='lat' dir='ltr'><strong>CONSTANTINOP.</strong></span> 
     </span>
    </p>
   </div>
   <div class='ocr_carea' id='block_1_2' title="bbox 420 469 2010 542">
    <p class='ocr_par' dir='ltr' id='par_1_2' title="bbox 420 469 2010 542">
     <span class='ocr_line' id='line_1_2' title="bbox 420 469 2010 542; baseline -0.003 -11"><span class='ocrx_word' id='word_1_7' title='bbox 420 474 551 532; x_wconf 89' lang='lat' dir='ltr'><strong>illud</strong></span> <span class='ocrx_word' id='word_1_8' title='bbox 577 472 807 531; x_wconf 81' lang='lat' dir='ltr'><strong>tribunal</strong></span> <span class='ocrx_word' id='word_1_9' title='bbox 838 470 1037 529; x_wconf 85' lang='lat' dir='ltr'><strong>nudum</strong></span> <span class='ocrx_word' id='word_1_10' title='bbox 1072 481 1302 528; x_wconf 89' lang='lat' dir='ltr'><strong>stantem</strong></span> <span class='ocrx_word' id='word_1_11' title='bbox 1342 470 1554 542; x_wconf 88' lang='lat' dir='ltr'><strong>operire</strong></span> <span class='ocrx_word' id='word_1_12' title='bbox 1588 469 1822 540; x_wconf 86' lang='lat' dir='ltr'><strong>poterit?</strong></span> <span class='ocrx_word' id='word_1_13' title='bbox 1858 470 2010 539; x_wconf 85' lang='lat' dir='ltr'><strong>Quod</strong></span> 
     </span>
    </p>
   </div>
   <div class='ocr_carea' id='block_1_3' title="bbox 422 560 2012 636">
    <p class='ocr_par' dir='ltr' id='par_1_3' title="bbox 422 560 2012 636">
     <span class='ocr_line' id='line_1_3' title="bbox 422 560 2012 636; baseline -0.006 -14"><span class='ocrx_word' id='word_1_14' title='bbox 422 567 815 636; x_wconf 71' lang='lat' dir='ltr'><strong>pertimescens</strong></span> <span class='ocrx_word' id='word_1_15' title='bbox 845 564 1041 621; x_wconf 79' lang='lat' dir='ltr'><strong>Paulus</strong></span> <span class='ocrx_word' id='word_1_16' title='bbox 1076 561 1286 617; x_wconf 83' lang='lat' dir='ltr'><strong>dicebat</strong></span> <span class='ocrx_word' id='word_1_17' title='bbox 1314 578 1330 618; x_wconf 91' lang='lat'>:</span> <span class='ocrx_word' id='word_1_18' title='bbox 1369 560 1428 616; x_wconf 89' lang='lat' dir='ltr'><strong>Si</strong></span> <span class='ocrx_word' id='word_1_19' title='bbox 1457 560 1657 632; x_wconf 83' lang='lat' dir='ltr'><strong>quidem</strong></span> <span class='ocrx_word' id='word_1_20' title='bbox 1694 560 1879 625; x_wconf 83' lang='lat' dir='ltr'><strong>induti,</strong></span> <span class='ocrx_word' id='word_1_21' title='bbox 1913 577 2012 614; x_wconf 86' lang='lat' dir='ltr'><strong>non</strong></span> 
     </span>
    </p>
   </div>
   <div class='ocr_carea' id='block_1_4' title="bbox 420 650 2010 726">
    <p class='ocr_par' dir='ltr' id='par_1_4' title="bbox 420 650 2010 726">
     <span class='ocr_line' id='line_1_4' title="bbox 420 650 2010 726; baseline -0.003 -16"><span class='ocrx_word' id='word_1_22' title='bbox 420 658 545 711; x_wconf 83' lang='lat' dir='ltr'><strong>nudi</strong></span> <span class='ocrx_word' id='word_1_23' title='bbox 570 657 878 726; x_wconf 77' lang='lat' dir='ltr'><strong>reperiemur</strong></span> <span class='ocrx_word' id='word_1_24' title='bbox 909 654 983 725; x_wconf 72' lang='lat'><strong>(2.</strong></span> <span class='ocrx_word' id='word_1_25' title='bbox 1031 652 1151 708; x_wconf 90' lang='lat' dir='ltr'><strong>Cor.</strong></span> <span class='ocrx_word' id='word_1_26' title='bbox 1182 652 1236 708; x_wconf 89' lang='lat'><strong>5.</strong></span> <span class='ocrx_word' id='word_1_27' title='bbox 1266 650 1343 724; x_wconf 79' lang='grc'><strong>5).</strong></span> <span class='ocrx_word' id='word_1_28' title='bbox 1372 650 1501 719; x_wconf 63' lang='lat' dir='ltr'><strong>Quae</strong></span> <span class='ocrx_word' id='word_1_29' title='bbox 1531 652 1769 721; x_wconf 73' lang='lat' dir='ltr'><strong>pecunia:</strong></span> <span class='ocrx_word' id='word_1_30' title='bbox 1810 666 1931 704; x_wconf 89' lang='lat' dir='ltr'><strong>eum</strong></span> <span class='ocrx_word' id='word_1_31' title='bbox 1959 651 2010 705; x_wconf 88' lang='lat' dir='ltr'><strong>in</strong></span> 
     </span>
    </p>
   </div>
   <div class='ocr_carea' id='block_1_5' title="bbox 423 742 2008 819">
    <p class='ocr_par' dir='ltr' id='par_1_5' title="bbox 423 742 2008 819">
     <span class='ocr_line' id='line_1_5' title="bbox 423 742 2008 819; baseline -0.003 -20"><span class='ocrx_word' id='word_1_32' title='bbox 423 747 717 819; x_wconf 62' lang='lat' dir='ltr'><strong>perieulum</strong></span> <span class='ocrx_word' id='word_1_33' title='bbox 761 746 1045 800; x_wconf 84' lang='lat' dir='ltr'><strong>adductum</strong></span> <span class='ocrx_word' id='word_1_34' title='bbox 1092 753 1340 815; x_wconf 90' lang='lat' dir='ltr'><strong>poterunt</strong></span> <span class='ocrx_word' id='word_1_35' title='bbox 1373 742 1647 798; x_wconf 80' lang='lat' dir='ltr'><strong>eximere?</strong></span> <span class='ocrx_word' id='word_1_36' title='bbox 1692 742 1779 812; x_wconf 88' lang='lat' dir='ltr'><strong>qui</strong></span> <span class='ocrx_word' id='word_1_37' title='bbox 1829 742 2008 797; x_wconf 75' lang='lat' dir='ltr'><strong>famuli</strong></span> 
     </span>
    </p>
   </div>
   <div class='ocr_carea' id='block_1_6' title="bbox 421 832 2012 910">
    <p class='ocr_par' dir='ltr' id='par_1_6' title="bbox 421 832 2012 910">
     <span class='ocr_line' id='line_1_6' title="bbox 421 832 2012 910; baseline -0.003 -19"><span class='ocrx_word' id='word_1_38' title='bbox 421 848 669 910; x_wconf 74' lang='lat' dir='ltr'><strong>poterunt</strong></span> <span class='ocrx_word' id='word_1_39' title='bbox 701 836 887 891; x_wconf 58' lang='lat' dir='ltr'><strong>adesse</strong></span> <span class='ocrx_word' id='word_1_40' title='bbox 926 835 1145 891; x_wconf 85' lang='lat' dir='ltr'><strong>domino</strong></span> <span class='ocrx_word' id='word_1_41' title='bbox 1170 836 1256 904; x_wconf 86' lang='lat' dir='ltr'><strong>qui</strong></span> <span class='ocrx_word' id='word_1_42' title='bbox 1287 832 1618 904; x_wconf 78' lang='lat' dir='ltr'><strong>flagellatur?</strong></span> <span class='ocrx_word' id='word_1_43' title='bbox 1640 850 1757 904; x_wconf 64' lang='lat' dir='ltr'><strong>quae</strong></span> <span class='ocrx_word' id='word_1_44' title='bbox 1784 832 2012 887; x_wconf 79' lang='lat' dir='ltr'><strong>domus?</strong></span> 
     </span>
    </p>
   </div>
   <div class='ocr_carea' id='block_1_7' title="bbox 423 924 2011 1001">
    <p class='ocr_par' dir='ltr' id='par_1_7' title="bbox 423 924 2011 1001">
     <span class='ocr_line' id='line_1_7' title="bbox 423 924 2011 1001; baseline -0.003 -18"><span class='ocrx_word' id='word_1_45' title='bbox 423 933 514 1001; x_wconf 82' lang='lat' dir='ltr'><strong>qui</strong></span> <span class='ocrx_word' id='word_1_46' title='bbox 547 931 749 1000; x_wconf 67' lang='lat' dir='ltr'><strong>lapides</strong></span> <span class='ocrx_word' id='word_1_47' title='bbox 779 927 1035 1000; x_wconf 89' lang='lat' dir='ltr'><strong>pretiosi?</strong></span> <span class='ocrx_word' id='word_1_48' title='bbox 1064 942 1182 998; x_wconf 75' lang='lat' dir='ltr'><strong>qua:</strong></span> <span class='ocrx_word' id='word_1_49' title='bbox 1209 926 1397 981; x_wconf 89' lang='lat' dir='ltr'><strong>balnea</strong></span> <span class='ocrx_word' id='word_1_50' title='bbox 1429 932 1676 995; x_wconf 88' lang='lat' dir='ltr'><strong>poterunt</strong></span> <span class='ocrx_word' id='word_1_51' title='bbox 1703 924 2011 994; x_wconf 79' lang='lat' dir='ltr'><strong>abstergere</strong></span> 
     </span>
    </p>
   </div>
   <div class='ocr_carea' id='block_1_8' title="bbox 423 1017 2012 1092">
    <p class='ocr_par' dir='ltr' id='par_1_8' title="bbox 423 1017 2012 1092">
     <span class='ocr_line' id='line_1_8' title="bbox 423 1017 2012 1092; baseline -0.003 -17"><span class='ocrx_word' id='word_1_52' title='bbox 423 1023 610 1078; x_wconf 80' lang='lat' dir='ltr'><strong>sordes</strong></span> <span class='ocrx_word' id='word_1_53' title='bbox 635 1031 910 1092; x_wconf 86' lang='lat' dir='ltr'><strong>susceptas</strong></span> <span class='ocrx_word' id='word_1_54' title='bbox 941 1035 1009 1076; x_wconf 85' lang='lat' dir='ltr'><strong>ex</strong></span> <span class='ocrx_word' id='word_1_55' title='bbox 1049 1019 1313 1091; x_wconf 76' lang='lat' dir='ltr'><strong>peccatis?</strong></span> <span class='ocrx_word' id='word_1_56' title='bbox 1338 1018 1627 1089; x_wconf 82' lang='lat' dir='ltr'><strong>Quousque</strong></span> <span class='ocrx_word' id='word_1_57' title='bbox 1660 1017 1901 1087; x_wconf 87' lang='lat' dir='ltr'><strong>vosipsns</strong></span> <span class='ocrx_word' id='word_1_58' title='bbox 1929 1031 2012 1071; x_wconf 87' lang='lat' dir='ltr'><strong>se-</strong></span> 
     </span>
    </p>
   </div>
   <div class='ocr_carea' id='block_1_9' title="bbox 419 1106 2009 1182">
    <p class='ocr_par' dir='ltr' id='par_1_9' title="bbox 419 1106 2009 1182">
     <span class='ocr_line' id='line_1_9' title="bbox 419 1106 2009 1182; baseline -0.004 -17"><span class='ocrx_word' id='word_1_59' title='bbox 419 1112 648 1169; x_wconf 87' lang='lat' dir='ltr'><strong>ducitis?</strong></span> <span class='ocrx_word' id='word_1_60' title='bbox 694 1116 971 1182; x_wconf 77' lang='lat' dir='ltr'><strong>queusque</strong></span> <span class='ocrx_word' id='word_1_61' title='bbox 1021 1125 1201 1166; x_wconf 91' lang='lat' dir='ltr'><strong>rerum</strong></span> <span class='ocrx_word' id='word_1_62' title='bbox 1256 1109 1532 1164; x_wconf 87' lang='lat' dir='ltr'><strong>veritatem</strong></span> <span class='ocrx_word' id='word_1_63' title='bbox 1586 1122 1691 1162; x_wconf 90' lang='lat' dir='ltr'><strong>non</strong></span> <span class='ocrx_word' id='word_1_64' title='bbox 1743 1106 1961 1161; x_wconf 90' lang='lat' dir='ltr'><strong>cernitis</strong></span> <span class='ocrx_word' id='word_1_65' title='bbox 1993 1148 2009 1172; x_wconf 92' lang='lat'><strong>,</strong></span> 
     </span>
    </p>
   </div>
   <div class='ocr_carea' id='block_1_10' title="bbox 422 1198 2010 1275">
    <p class='ocr_par' dir='ltr' id='par_1_10' title="bbox 422 1198 2010 1275">
     <span class='ocr_line' id='line_1_10' title="bbox 422 1198 2010 1275; baseline -0.003 -18"><span class='ocrx_word' id='word_1_66' title='bbox 422 1205 520 1260; x_wconf 85' lang='lat' dir='ltr'><strong>sed</strong></span> <span class='ocrx_word' id='word_1_67' title='bbox 547 1204 771 1259; x_wconf 88' lang='lat' dir='ltr'><strong>somniis</strong></span> <span class='ocrx_word' id='word_1_68' title='bbox 798 1203 1032 1268; x_wconf 89' lang='lat' dir='ltr'><strong>inhiatis,</strong></span> <span class='ocrx_word' id='word_1_69' title='bbox 1063 1218 1182 1259; x_wconf 93' lang='lat' dir='ltr'><strong>cum</strong></span> <span class='ocrx_word' id='word_1_70' title='bbox 1226 1217 1393 1275; x_wconf 83' lang='lat' dir='ltr'><strong>prope</strong></span> <span class='ocrx_word' id='word_1_71' title='bbox 1421 1210 1473 1256; x_wconf 89' lang='lat' dir='ltr'><strong>et</strong></span> <span class='ocrx_word' id='word_1_72' title='bbox 1520 1201 1570 1254; x_wconf 92' lang='lat' dir='ltr'><strong>in</strong></span> <span class='ocrx_word' id='word_1_73' title='bbox 1603 1201 1804 1254; x_wconf 89' lang='lat' dir='ltr'><strong>foribus</strong></span> <span class='ocrx_word' id='word_1_74' title='bbox 1829 1200 1896 1252; x_wconf 72' lang='lat' dir='ltr'><strong>sit</strong></span> <span class='ocrx_word' id='word_1_75' title='bbox 1919 1198 2010 1269; x_wconf 83' lang='lat' dir='ltr'><strong>ju-</strong></span> 
     </span>
    </p>
   </div>
   <div class='ocr_carea' id='block_1_11' title="bbox 423 1294 2009 1363">
    <p class='ocr_par' dir='ltr' id='par_1_11' title="bbox 423 1294 2009 1363">
     <span class='ocr_line' id='line_1_11' title="bbox 423 1294 2009 1363; baseline -0.006 -13"><span class='ocrx_word' id='word_1_76' title='bbox 423 1295 663 1351; x_wconf 72' lang='lat' dir='ltr'><strong>(licium?</strong></span> <span class='ocrx_word' id='word_1_77' title='bbox 695 1294 800 1351; x_wconf 85' lang='lat' dir='ltr'><strong>Sed</strong></span> <span class='ocrx_word' id='word_1_78' title='bbox 847 1303 1178 1351; x_wconf 79' lang='lat' dir='ltr'><strong>revertamur</strong></span> <span class='ocrx_word' id='word_1_79' title='bbox 1203 1294 1268 1349; x_wconf 89' lang='lat' dir='ltr'><strong>ad</strong></span> <span class='ocrx_word' id='word_1_80' title='bbox 1312 1309 1372 1346; x_wconf 86' lang='lat' dir='ltr'><strong>ea</strong></span> <span class='ocrx_word' id='word_1_81' title='bbox 1417 1308 1535 1363; x_wconf 73' lang='lat' dir='ltr'><strong>qum</strong></span> <span class='ocrx_word' id='word_1_82' title='bbox 1562 1301 1683 1346; x_wconf 89' lang='lat' dir='ltr'><strong>sunt</strong></span> <span class='ocrx_word' id='word_1_83' title='bbox 1719 1295 2009 1362; x_wconf 83' lang='lat' dir='ltr'><strong>proposita.</strong></span> 
     </span>
    </p>
   </div>
   <div class='ocr_carea' id='block_1_12' title="bbox 426 1381 2009 1453">
    <p class='ocr_par' dir='ltr' id='par_1_12' title="bbox 426 1381 2009 1453">
     <span class='ocr_line' id='line_1_12' title="bbox 426 1381 2009 1453; baseline -0.005 -13"><span class='ocrx_word' id='word_1_84' title='bbox 426 1388 607 1442; x_wconf 77' lang='lat' dir='ltr'><strong>Patres</strong></span> <span class='ocrx_word' id='word_1_85' title='bbox 636 1388 794 1442; x_wconf 79' lang='lat' dir='ltr'><strong>nostri</strong></span> <span class='ocrx_word' id='word_1_86' title='bbox 832 1386 1255 1441; x_wconf 78' lang='lat' dir='ltr'><strong>annuntiauerunt</strong></span> <span class='ocrx_word' id='word_1_87' title='bbox 1282 1384 1421 1438; x_wconf 82' lang='lat' dir='ltr'><strong>nobis</strong></span> <span class='ocrx_word' id='word_1_88' title='bbox 1450 1399 1576 1453; x_wconf 82' lang='lat' dir='ltr'><strong>Opus</strong></span> <span class='ocrx_word' id='word_1_89' title='bbox 1614 1382 1751 1451; x_wconf 83' lang='lat' dir='ltr'><strong>quod</strong></span> <span class='ocrx_word' id='word_1_90' title='bbox 1773 1381 1934 1451; x_wconf 78' lang='lat' dir='ltr'><strong>fecisti</strong></span> <span class='ocrx_word' id='word_1_91' title='bbox 1960 1381 2009 1433; x_wconf 86' lang='lat' dir='ltr'><strong>iu</strong></span> 
     </span>
    </p>
   </div>
   <div class='ocr_carea' id='block_1_13' title="bbox 423 1472 2013 1548">
    <p class='ocr_par' dir='ltr' id='par_1_13' title="bbox 423 1472 2013 1548">
     <span class='ocr_line' id='line_1_13' title="bbox 423 1472 2013 1548; baseline -0.003 -16"><span class='ocrx_word' id='word_1_92' title='bbox 423 1480 599 1535; x_wconf 74' lang='lat' dir='ltr'><strong>diebus</strong></span> <span class='ocrx_word' id='word_1_93' title='bbox 640 1496 832 1545; x_wconf 79' lang='lat' dir='ltr'><strong>comm,</strong></span> <span class='ocrx_word' id='word_1_94' title='bbox 885 1479 937 1532; x_wconf 90' lang='lat' dir='ltr'><strong>in</strong></span> <span class='ocrx_word' id='word_1_95' title='bbox 988 1478 1162 1533; x_wconf 82' lang='lat' dir='ltr'><strong>diebus</strong></span> <span class='ocrx_word' id='word_1_96' title='bbox 1205 1477 1439 1548; x_wconf 76' lang='lat' dir='ltr'><strong>antiquis.</strong></span> <span class='ocrx_word' id='word_1_97' title='bbox 1490 1475 1672 1529; x_wconf 80' lang='lat' dir='ltr'><strong>Potest</strong></span> <span class='ocrx_word' id='word_1_98' title='bbox 1710 1475 1869 1528; x_wconf 89' lang='lat' dir='ltr'><strong>etiam</strong></span> <span class='ocrx_word' id='word_1_99' title='bbox 1911 1472 2013 1527; x_wconf 81' lang='lat' dir='ltr'><strong>hoc</strong></span> 
     </span>
    </p>
   </div>
   <div class='ocr_carea' id='block_1_14' title="bbox 422 1565 2012 1639">
    <p class='ocr_par' dir='ltr' id='par_1_14' title="bbox 422 1565 2012 1639">
     <span class='ocr_line' id='line_1_14' title="bbox 422 1565 2012 1639; baseline -0.002 -19"><span class='ocrx_word' id='word_1_100' title='bbox 422 1572 642 1625; x_wconf 80' lang='lat' dir='ltr'><strong>verbum</strong></span> <span class='ocrx_word' id='word_1_101' title='bbox 671 1571 806 1624; x_wconf 91' lang='lat' dir='ltr'><strong>sumi</strong></span> <span class='ocrx_word' id='word_1_102' title='bbox 833 1567 1144 1639; x_wconf 81' lang='lat' dir='ltr'><strong>anagogiec.</strong></span> <span class='ocrx_word' id='word_1_103' title='bbox 1177 1568 1288 1623; x_wconf 82' lang='lat' dir='ltr'><strong>Etsi</strong></span> <span class='ocrx_word' id='word_1_104' title='bbox 1317 1568 1459 1621; x_wconf 92' lang='lat' dir='ltr'><strong>cnim</strong></span> <span class='ocrx_word' id='word_1_105' title='bbox 1493 1565 1597 1621; x_wconf 90' lang='lat' dir='ltr'><strong>illis</strong></span> <span class='ocrx_word' id='word_1_106' title='bbox 1628 1577 1805 1635; x_wconf 72' lang='lat' dir='ltr'><strong>patres</strong></span> <span class='ocrx_word' id='word_1_107' title='bbox 1831 1580 2012 1619; x_wconf 86' lang='lat' dir='ltr'><strong>narra-</strong></span> 
     </span>
    </p>
   </div>
   <div class='ocr_carea' id='block_1_15' title="bbox 422 1656 2011 1729">
    <p class='ocr_par' dir='ltr' id='par_1_15' title="bbox 422 1656 2011 1729">
     <span class='ocr_line' id='line_1_15' title="bbox 422 1656 2011 1729; baseline -0.005 -12"><span class='ocrx_word' id='word_1_108' title='bbox 422 1672 635 1729; x_wconf 80' lang='lat' dir='ltr'><strong>vcruut,</strong></span> <span class='ocrx_word' id='word_1_109' title='bbox 670 1669 844 1716; x_wconf 78' lang='lat' dir='ltr'><strong>tamen</strong></span> <span class='ocrx_word' id='word_1_110' title='bbox 877 1660 1030 1715; x_wconf 89' lang='lat' dir='ltr'><strong>nobis</strong></span> <span class='ocrx_word' id='word_1_111' title='bbox 1071 1660 1229 1714; x_wconf 80' lang='lat' dir='ltr'><strong>etiam</strong></span> <span class='ocrx_word' id='word_1_112' title='bbox 1274 1658 1421 1713; x_wconf 87' lang='lat' dir='ltr'><strong>dedit</strong></span> <span class='ocrx_word' id='word_1_113' title='bbox 1458 1658 1547 1729; x_wconf 68' lang='lat' dir='ltr'><strong>Dei</strong></span> <span class='ocrx_word' id='word_1_114' title='bbox 1588 1656 1780 1727; x_wconf 83' lang='lat' dir='ltr'><strong>gratia,</strong></span> <span class='ocrx_word' id='word_1_115' title='bbox 1814 1664 1868 1708; x_wconf 89' lang='lat' dir='ltr'><strong>ut</strong></span> <span class='ocrx_word' id='word_1_116' title='bbox 1894 1670 2011 1725; x_wconf 67' lang='lat' dir='ltr'><strong>qua:</strong></span> 
     </span>
    </p>
   </div>
   <div class='ocr_carea' id='block_1_16' title="bbox 421 1749 2009 1823">
    <p class='ocr_par' dir='ltr' id='par_1_16' title="bbox 421 1749 2009 1823">
     <span class='ocr_line' id='line_1_16' title="bbox 421 1749 2009 1823; baseline -0.004 -17"><span class='ocrx_word' id='word_1_117' title='bbox 421 1754 559 1823; x_wconf 81' lang='lat' dir='ltr'><strong>apud</strong></span> <span class='ocrx_word' id='word_1_118' title='bbox 600 1754 719 1808; x_wconf 91' lang='lat' dir='ltr'><strong>illos</strong></span> <span class='ocrx_word' id='word_1_119' title='bbox 760 1753 898 1808; x_wconf 90' lang='lat' dir='ltr'><strong>facta</strong></span> <span class='ocrx_word' id='word_1_120' title='bbox 941 1761 1084 1816; x_wconf 78' lang='lat' dir='ltr'><strong>sunt,</strong></span> <span class='ocrx_word' id='word_1_121' title='bbox 1124 1765 1218 1821; x_wconf 87' lang='lat' dir='ltr'><strong>per</strong></span> <span class='ocrx_word' id='word_1_122' title='bbox 1247 1752 1414 1805; x_wconf 82' lang='lat' dir='ltr'><strong>sancti</strong></span> <span class='ocrx_word' id='word_1_123' title='bbox 1456 1750 1684 1820; x_wconf 84' lang='lat' dir='ltr'><strong>Spiritus</strong></span> <span class='ocrx_word' id='word_1_124' title='bbox 1726 1749 2009 1805; x_wconf 79' lang='lat' dir='ltr'><strong>adventum</strong></span> 
     </span>
    </p>
   </div>
   <div class='ocr_carea' id='block_1_17' title="bbox 422 1838 2012 1912">
    <p class='ocr_par' dir='ltr' id='par_1_17' title="bbox 422 1838 2012 1912">
     <span class='ocr_line' id='line_1_17' title="bbox 422 1838 2012 1912; baseline -0.001 -17"><span class='ocrx_word' id='word_1_125' title='bbox 422 1847 772 1901; x_wconf 75' lang='lat' dir='ltr'><strong>disceremus.</strong></span> <span class='ocrx_word' id='word_1_126' title='bbox 813 1842 1092 1912; x_wconf 73' lang='lat' dir='ltr'><strong>Quomodo</strong></span> <span class='ocrx_word' id='word_1_127' title='bbox 1132 1852 1310 1896; x_wconf 86' lang='lat' dir='ltr'><strong>autem</strong></span> <span class='ocrx_word' id='word_1_128' title='bbox 1355 1842 1549 1911; x_wconf 84' lang='lat' dir='ltr'><strong>poterit</strong></span> <span class='ocrx_word' id='word_1_129' title='bbox 1588 1841 1847 1909; x_wconf 76' lang='lat' dir='ltr'><strong>quispiam</strong></span> <span class='ocrx_word' id='word_1_130' title='bbox 1898 1838 2012 1893; x_wconf 76' lang='lat' dir='ltr'><strong>lucc</strong></span> 
     </span>
    </p>
   </div>
   <div class='ocr_carea' id='block_1_18' title="bbox 422 1930 2011 2005">
    <p class='ocr_par' dir='ltr' id='par_1_18' title="bbox 422 1930 2011 2005">
     <span class='ocr_line' id='line_1_18' title="bbox 422 1930 2011 2005; baseline -0.006 -16"><span class='ocrx_word' id='word_1_131' title='bbox 422 1951 637 1990; x_wconf 82' lang='lat' dir='ltr'><strong>sumere</strong></span> <span class='ocrx_word' id='word_1_132' title='bbox 681 1932 1005 2005; x_wconf 74' lang='lat' dir='ltr'><strong>anagogicc?</strong></span> <span class='ocrx_word' id='word_1_133' title='bbox 1053 1932 1107 1988; x_wconf 88' lang='lat' dir='ltr'><strong>Si</strong></span> <span class='ocrx_word' id='word_1_134' title='bbox 1152 1948 1211 1986; x_wconf 90' lang='lat' dir='ltr'><strong>ea</strong></span> <span class='ocrx_word' id='word_1_135' title='bbox 1256 1932 1431 1985; x_wconf 85' lang='lat' dir='ltr'><strong>trahat</strong></span> <span class='ocrx_word' id='word_1_136' title='bbox 1457 1930 1521 1985; x_wconf 88' lang='lat' dir='ltr'><strong>ad</strong></span> <span class='ocrx_word' id='word_1_137' title='bbox 1563 1930 1816 2000; x_wconf 60' lang='lat' dir='ltr'><strong>praeclara</strong></span> <span class='ocrx_word' id='word_1_138' title='bbox 1860 1943 2011 1982; x_wconf 73' lang='lat' dir='ltr'><strong>nova:</strong></span> 
     </span>
    </p>
   </div>
   <div class='ocr_carea' id='block_1_19' title="bbox 421 2020 2015 2097">
    <p class='ocr_par' dir='ltr' id='par_1_19' title="bbox 421 2020 2015 2097">
     <span class='ocr_line' id='line_1_19' title="bbox 421 2020 2015 2097; baseline -0.005 -15"><span class='ocrx_word' id='word_1_139' title='bbox 421 2029 601 2097; x_wconf 75' lang='lat' dir='ltr'><strong>gratia:</strong></span> <span class='ocrx_word' id='word_1_140' title='bbox 630 2025 886 2091; x_wconf 87' lang='lat' dir='ltr'><strong>facinora,</strong></span> <span class='ocrx_word' id='word_1_141' title='bbox 913 2025 1052 2096; x_wconf 81' lang='lat' dir='ltr'><strong>quod</strong></span> <span class='ocrx_word' id='word_1_142' title='bbox 1094 2024 1150 2078; x_wconf 90' lang='lat' dir='ltr'><strong>in</strong></span> <span class='ocrx_word' id='word_1_143' title='bbox 1191 2024 1379 2078; x_wconf 61' lang='lat' dir='ltr'><strong>calum</strong></span> <span class='ocrx_word' id='word_1_144' title='bbox 1408 2022 1598 2077; x_wconf 85' lang='lat' dir='ltr'><strong>sublati</strong></span> <span class='ocrx_word' id='word_1_145' title='bbox 1641 2022 1829 2087; x_wconf 89' lang='lat' dir='ltr'><strong>simus,</strong></span> <span class='ocrx_word' id='word_1_146' title='bbox 1869 2020 2015 2088; x_wconf 89' lang='lat' dir='ltr'><strong>quod</strong></span> 
     </span>
    </p>
   </div>
   <div class='ocr_carea' id='block_1_20' title="bbox 421 2111 2009 2189">
    <p class='ocr_par' dir='ltr' id='par_1_20' title="bbox 421 2111 2009 2189">
     <span class='ocr_line' id='line_1_20' title="bbox 421 2111 2009 2189; baseline -0.004 -16"><span class='ocrx_word' id='word_1_147' title='bbox 421 2134 588 2189; x_wconf 82' lang='lat' dir='ltr'><strong>regno</strong></span> <span class='ocrx_word' id='word_1_148' title='bbox 613 2118 760 2189; x_wconf 80' lang='lat' dir='ltr'><strong>digni</strong></span> <span class='ocrx_word' id='word_1_149' title='bbox 787 2117 954 2172; x_wconf 89' lang='lat' dir='ltr'><strong>simus</strong></span> <span class='ocrx_word' id='word_1_150' title='bbox 986 2114 1171 2182; x_wconf 86' lang='lat' dir='ltr'><strong>habiti,</strong></span> <span class='ocrx_word' id='word_1_151' title='bbox 1200 2115 1339 2185; x_wconf 93' lang='lat' dir='ltr'><strong>quod</strong></span> <span class='ocrx_word' id='word_1_152' title='bbox 1375 2115 1512 2169; x_wconf 90' lang='lat' dir='ltr'><strong>Deus</strong></span> <span class='ocrx_word' id='word_1_153' title='bbox 1541 2113 1701 2169; x_wconf 86' lang='lat' dir='ltr'><strong>homo</strong></span> <span class='ocrx_word' id='word_1_154' title='bbox 1728 2111 1898 2167; x_wconf 91' lang='lat' dir='ltr'><strong>factus</strong></span> <span class='ocrx_word' id='word_1_155' title='bbox 1918 2111 2009 2179; x_wconf 87' lang='lat' dir='ltr'><strong>sit,</strong></span> 
     </span>
    </p>
   </div>
   <div class='ocr_carea' id='block_1_21' title="bbox 420 2201 2010 2280">
    <p class='ocr_par' dir='ltr' id='par_1_21' title="bbox 420 2201 2010 2280">
     <span class='ocr_line' id='line_1_21' title="bbox 420 2201 2010 2280; baseline -0.003 -19"><span class='ocrx_word' id='word_1_156' title='bbox 420 2210 559 2280; x_wconf 82' lang='lat' dir='ltr'><strong>qttntl</strong></span> <span class='ocrx_word' id='word_1_157' title='bbox 590 2208 765 2263; x_wconf 85' lang='lat' dir='ltr'><strong>solvat</strong></span> <span class='ocrx_word' id='word_1_158' title='bbox 792 2206 1160 2262; x_wconf 69' lang='lat' dir='ltr'><strong>intermedium</strong></span> <span class='ocrx_word' id='word_1_159' title='bbox 1184 2207 1326 2277; x_wconf 82' lang='lat' dir='ltr'><strong>sest</strong></span> <span class='ocrx_word' id='word_1_160' title='bbox 1358 2204 1656 2259; x_wconf 87' lang='lat' dir='ltr'><strong>maceriam.</strong></span> <span class='ocrx_word' id='word_1_161' title='bbox 1689 2201 1794 2258; x_wconf 86' lang='lat' dir='ltr'><strong>Sed</strong></span> <span class='ocrx_word' id='word_1_162' title='bbox 1824 2202 2010 2258; x_wconf 87' lang='lat' dir='ltr'><strong>redea-</strong></span> 
     </span>
    </p>
   </div>
   <div class='ocr_carea' id='block_1_22' title="bbox 422 2297 2009 2370">
    <p class='ocr_par' dir='ltr' id='par_1_22' title="bbox 422 2297 2009 2370">
     <span class='ocr_line' id='line_1_22' title="bbox 422 2297 2009 2370; baseline -0.004 -15"><span class='ocrx_word' id='word_1_163' title='bbox 422 2315 543 2357; x_wconf 77' lang='lat' dir='ltr'><strong>mus</strong></span> <span class='ocrx_word' id='word_1_164' title='bbox 569 2301 635 2356; x_wconf 85' lang='lat' dir='ltr'><strong>ad</strong></span> <span class='ocrx_word' id='word_1_165' title='bbox 667 2300 962 2355; x_wconf 75' lang='lat' dir='ltr'><strong>historiam.</strong></span> <span class='ocrx_word' id='word_1_166' title='bbox 986 2298 1127 2369; x_wconf 80' lang='lat' dir='ltr'><strong>Opus</strong></span> <span class='ocrx_word' id='word_1_167' title='bbox 1146 2299 1280 2370; x_wconf 83' lang='lat' dir='ltr'><strong>quod</strong></span> <span class='ocrx_word' id='word_1_168' title='bbox 1309 2308 1542 2369; x_wconf 74' lang='lat' dir='ltr'><strong>operatus</strong></span> <span class='ocrx_word' id='word_1_169' title='bbox 1565 2314 1616 2352; x_wconf 78' lang='lat' dir='ltr'><strong>es</strong></span> <span class='ocrx_word' id='word_1_170' title='bbox 1646 2298 1698 2350; x_wconf 87' lang='lat' dir='ltr'><strong>in</strong></span> <span class='ocrx_word' id='word_1_171' title='bbox 1724 2297 1895 2350; x_wconf 82' lang='lat' dir='ltr'><strong>diebus</strong></span> <span class='ocrx_word' id='word_1_172' title='bbox 1923 2311 2009 2350; x_wconf 81' lang='lat' dir='ltr'><strong>eo-</strong></span> 
     </span>
    </p>
   </div>
   <div class='ocr_carea' id='block_1_23' title="bbox 417 2389 2010 2462">
    <p class='ocr_par' dir='ltr' id='par_1_23' title="bbox 417 2389 2010 2462">
     <span class='ocr_line' id='line_1_23' title="bbox 417 2389 2010 2462; baseline -0.003 -16"><span class='ocrx_word' id='word_1_173' title='bbox 417 2410 549 2459; x_wconf 86' lang='lat' dir='ltr'><strong>rum,</strong></span> <span class='ocrx_word' id='word_1_174' title='bbox 591 2394 643 2447; x_wconf 85' lang='lat' dir='ltr'><strong>in</strong></span> <span class='ocrx_word' id='word_1_175' title='bbox 693 2391 866 2447; x_wconf 85' lang='lat' dir='ltr'><strong>diebus</strong></span> <span class='ocrx_word' id='word_1_176' title='bbox 905 2392 1142 2462; x_wconf 77' lang='lat' dir='ltr'><strong>antiquis.</strong></span> <span class='ocrx_word' id='word_1_177' title='bbox 1181 2390 1421 2445; x_wconf 83' lang='lat' dir='ltr'><strong>Meminit</strong></span> <span class='ocrx_word' id='word_1_178' title='bbox 1466 2389 1743 2458; x_wconf 88' lang='lat' dir='ltr'><strong>cujusdam</strong></span> <span class='ocrx_word' id='word_1_179' title='bbox 1781 2389 2010 2457; x_wconf 63' lang='lat' dir='ltr'><strong>antiquae</strong></span> 
     </span>
    </p>
   </div>
   <div class='ocr_carea' id='block_1_24' title="bbox 419 2478 2006 2552">
    <p class='ocr_par' dir='ltr' id='par_1_24' title="bbox 419 2478 2006 2552">
     <span class='ocr_line' id='line_1_24' title="bbox 419 2478 2006 2552; baseline -0.004 -15"><span class='ocrx_word' id='word_1_180' title='bbox 419 2482 758 2547; x_wconf 86' lang='lat' dir='ltr'><strong>narrationis,</strong></span> <span class='ocrx_word' id='word_1_181' title='bbox 785 2490 837 2536; x_wconf 92' lang='lat' dir='ltr'><strong>et</strong></span> <span class='ocrx_word' id='word_1_182' title='bbox 863 2496 983 2552; x_wconf 77' lang='lat' dir='ltr'><strong>qua:</strong></span> <span class='ocrx_word' id='word_1_183' title='bbox 1030 2480 1282 2550; x_wconf 69' lang='lat' dir='ltr'><strong>praeclare</strong></span> <span class='ocrx_word' id='word_1_184' title='bbox 1307 2479 1432 2535; x_wconf 90' lang='lat' dir='ltr'><strong>olim</strong></span> <span class='ocrx_word' id='word_1_185' title='bbox 1462 2479 1593 2535; x_wconf 89' lang='lat' dir='ltr'><strong>facta</strong></span> <span class='ocrx_word' id='word_1_186' title='bbox 1622 2488 1746 2533; x_wconf 91' lang='lat' dir='ltr'><strong>sunt</strong></span> <span class='ocrx_word' id='word_1_187' title='bbox 1774 2478 2006 2533; x_wconf 82' lang='lat' dir='ltr'><strong>adducit.</strong></span> 
     </span>
    </p>
   </div>
   <div class='ocr_carea' id='block_1_25' title="bbox 419 2568 2009 2640">
    <p class='ocr_par' dir='ltr' id='par_1_25' title="bbox 419 2568 2009 2640">
     <span class='ocr_line' id='line_1_25' title="bbox 419 2568 2009 2640; baseline -0.003 -13"><span class='ocrx_word' id='word_1_188' title='bbox 419 2574 483 2628; x_wconf 77' lang='lat' dir='ltr'><strong>Et</strong></span> <span class='ocrx_word' id='word_1_189' title='bbox 502 2587 599 2627; x_wconf 87' lang='lat' dir='ltr'><strong>cur</strong></span> <span class='ocrx_word' id='word_1_190' title='bbox 619 2587 723 2625; x_wconf 93' lang='lat' dir='ltr'><strong>non</strong></span> <span class='ocrx_word' id='word_1_191' title='bbox 755 2571 983 2640; x_wconf 87' lang='lat' dir='ltr'><strong>alicujus</strong></span> <span class='ocrx_word' id='word_1_192' title='bbox 1012 2571 1133 2625; x_wconf 91' lang='lat' dir='ltr'><strong>novi</strong></span> <span class='ocrx_word' id='word_1_193' title='bbox 1165 2571 1445 2626; x_wconf 82' lang='lat' dir='ltr'><strong>meminit?</strong></span> <span class='ocrx_word' id='word_1_194' title='bbox 1466 2569 1728 2637; x_wconf 89' lang='lat' dir='ltr'><strong>Quoniam</strong></span> <span class='ocrx_word' id='word_1_195' title='bbox 1752 2568 1891 2639; x_wconf 90' lang='lat' dir='ltr'><strong>apud</strong></span> <span class='ocrx_word' id='word_1_196' title='bbox 1911 2568 2009 2622; x_wconf 88' lang='lat' dir='ltr'><strong>ho-</strong></span> 
     </span>
    </p>
   </div>
   <div class='ocr_carea' id='block_1_26' title="bbox 418 2661 2012 2733">
    <p class='ocr_par' dir='ltr' id='par_1_26' title="bbox 418 2661 2012 2733">
     <span class='ocr_line' id='line_1_26' title="bbox 418 2661 2012 2733; baseline -0.002 -15"><span class='ocrx_word' id='word_1_197' title='bbox 418 2664 589 2718; x_wconf 86' lang='lat' dir='ltr'><strong>mines</strong></span> <span class='ocrx_word' id='word_1_198' title='bbox 616 2661 837 2733; x_wconf 88' lang='lat' dir='ltr'><strong>quidem</strong></span> <span class='ocrx_word' id='word_1_199' title='bbox 866 2661 991 2733; x_wconf 87' lang='lat' dir='ltr'><strong>jure</strong></span> <span class='ocrx_word' id='word_1_200' title='bbox 1032 2677 1116 2730; x_wconf 90' lang='lat' dir='ltr'><strong>ea,</strong></span> <span class='ocrx_word' id='word_1_201' title='bbox 1157 2676 1277 2733; x_wconf 79' lang='lat' dir='ltr'><strong>quae</strong></span> <span class='ocrx_word' id='word_1_202' title='bbox 1320 2671 1444 2716; x_wconf 90' lang='lat' dir='ltr'><strong>sunt</strong></span> <span class='ocrx_word' id='word_1_203' title='bbox 1470 2675 1659 2717; x_wconf 90' lang='lat' dir='ltr'><strong>recens</strong></span> <span class='ocrx_word' id='word_1_204' title='bbox 1700 2671 1835 2726; x_wconf 85' lang='lat' dir='ltr'><strong>acta,</strong></span> <span class='ocrx_word' id='word_1_205' title='bbox 1884 2675 2012 2715; x_wconf 90' lang='lat' dir='ltr'><strong>nar-</strong></span> 
     </span>
    </p>
   </div>
   <div class='ocr_carea' id='block_1_27' title="bbox 418 2753 2007 2825">
    <p class='ocr_par' dir='ltr' id='par_1_27' title="bbox 418 2753 2007 2825">
     <span class='ocr_line' id='line_1_27' title="bbox 418 2753 2007 2825; baseline -0.001 -16"><span class='ocrx_word' id='word_1_206' title='bbox 418 2770 597 2811; x_wconf 89' lang='lat' dir='ltr'><strong>ramus</strong></span> <span class='ocrx_word' id='word_1_207' title='bbox 622 2774 637 2811; x_wconf 86' lang='lat'><strong>:</strong></span> <span class='ocrx_word' id='word_1_208' title='bbox 666 2762 721 2811; x_wconf 89' lang='lat' dir='ltr'><strong>et</strong></span> <span class='ocrx_word' id='word_1_209' title='bbox 738 2770 833 2824; x_wconf 88' lang='lat' dir='ltr'><strong>per</strong></span> <span class='ocrx_word' id='word_1_210' title='bbox 856 2770 920 2810; x_wconf 88' lang='lat' dir='ltr'><strong>ea</strong></span> <span class='ocrx_word' id='word_1_211' title='bbox 945 2755 1088 2825; x_wconf 81' lang='lat' dir='ltr'><strong>ipsos</strong></span> <span class='ocrx_word' id='word_1_212' title='bbox 1107 2753 1443 2820; x_wconf 87' lang='lat' dir='ltr'><strong>attrahimus,</strong></span> <span class='ocrx_word' id='word_1_213' title='bbox 1477 2755 1607 2825; x_wconf 85' lang='lat' dir='ltr'><strong>quia</strong></span> <span class='ocrx_word' id='word_1_214' title='bbox 1627 2768 1813 2809; x_wconf 90' lang='lat' dir='ltr'><strong>eorum</strong></span> <span class='ocrx_word' id='word_1_215' title='bbox 1836 2753 2007 2808; x_wconf 90' lang='lat' dir='ltr'><strong>imbe-</strong></span> 
     </span>
    </p>
   </div>
   <div class='ocr_carea' id='block_1_28' title="bbox 417 2843 2009 2914">
    <p class='ocr_par' dir='ltr' id='par_1_28' title="bbox 417 2843 2009 2914">
     <span class='ocr_line' id='line_1_28' title="bbox 417 2843 2009 2914; baseline -0.001 -13"><span class='ocrx_word' id='word_1_216' title='bbox 417 2847 540 2901; x_wconf 90' lang='lat' dir='ltr'><strong>cilla</strong></span> <span class='ocrx_word' id='word_1_217' title='bbox 593 2855 678 2902; x_wconf 89' lang='lat' dir='ltr'><strong>est</strong></span> <span class='ocrx_word' id='word_1_218' title='bbox 731 2846 1036 2901; x_wconf 87' lang='lat' dir='ltr'><strong>memoria:</strong></span> <span class='ocrx_word' id='word_1_219' title='bbox 1080 2845 1191 2900; x_wconf 83' lang='lat' dir='ltr'><strong>Deo</strong></span> <span class='ocrx_word' id='word_1_220' title='bbox 1235 2854 1413 2899; x_wconf 80' lang='lat' dir='ltr'><strong>autent</strong></span> <span class='ocrx_word' id='word_1_221' title='bbox 1463 2861 1615 2914; x_wconf 73' lang='lat' dir='ltr'><strong>teque</strong></span> <span class='ocrx_word' id='word_1_222' title='bbox 1662 2853 1787 2899; x_wconf 92' lang='lat' dir='ltr'><strong>sunt</strong></span> <span class='ocrx_word' id='word_1_223' title='bbox 1832 2843 2009 2899; x_wconf 81' lang='lat' dir='ltr'><strong>omnia</strong></span> 
     </span>
    </p>
   </div>
   <div class='ocr_carea' id='block_1_29' title="bbox 415 2935 2011 3009">
    <p class='ocr_par' dir='ltr' id='par_1_29' title="bbox 415 2935 2011 3009">
     <span class='ocr_line' id='line_1_29' title="bbox 415 2935 2011 3009; baseline -0.002 -16"><span class='ocrx_word' id='word_1_224' title='bbox 415 2938 651 3009; x_wconf 72' lang='lat' dir='ltr'><strong>cognita,</strong></span> <span class='ocrx_word' id='word_1_225' title='bbox 679 2947 736 2994; x_wconf 84' lang='lat' dir='ltr'><strong>et</strong></span> <span class='ocrx_word' id='word_1_226' title='bbox 773 2947 976 3003; x_wconf 78' lang='lat' dir='ltr'><strong>vetera,</strong></span> <span class='ocrx_word' id='word_1_227' title='bbox 1025 2946 1082 2992; x_wconf 85' lang='lat' dir='ltr'><strong>et</strong></span> <span class='ocrx_word' id='word_1_228' title='bbox 1122 2952 1276 2991; x_wconf 84' lang='lat' dir='ltr'><strong>nova.</strong></span> <span class='ocrx_word' id='word_1_229' title='bbox 1306 2935 1439 2990; x_wconf 80' lang='lat' dir='ltr'><strong>Ecce</strong></span> <span class='ocrx_word' id='word_1_230' title='bbox 1480 2937 1661 3001; x_wconf 89' lang='lat' dir='ltr'><strong>enim,</strong></span> <span class='ocrx_word' id='word_1_231' title='bbox 1712 2937 1914 3005; x_wconf 88' lang='lat' dir='ltr'><strong>inquit,</strong></span> <span class='ocrx_word' id='word_1_232' title='bbox 1956 2946 2011 2990; x_wconf 85' lang='lat' dir='ltr'><strong>tu</strong></span> 
     </span>
    </p>
   </div>
   <div class='ocr_carea' id='block_1_30' title="bbox 415 3025 2006 3100">
    <p class='ocr_par' dir='ltr' id='par_1_30' title="bbox 415 3025 2006 3100">
     <span class='ocr_line' id='line_1_30' title="bbox 415 3025 2006 3100; baseline 0.001 -19"><span class='ocrx_word' id='word_1_233' title='bbox 415 3029 692 3099; x_wconf 75' lang='lat' dir='ltr'><strong>cognovisti</strong></span> <span class='ocrx_word' id='word_1_234' title='bbox 718 3030 910 3096; x_wconf 76' lang='lat' dir='ltr'><strong>omnia,</strong></span> <span class='ocrx_word' id='word_1_235' title='bbox 941 3027 1211 3082; x_wconf 83' lang='lat' dir='ltr'><strong>novissima</strong></span> <span class='ocrx_word' id='word_1_236' title='bbox 1240 3036 1287 3081; x_wconf 90' lang='lat' dir='ltr'><strong>et</strong></span> <span class='ocrx_word' id='word_1_237' title='bbox 1310 3028 1519 3100; x_wconf 74' lang='lat' dir='ltr'><strong>antiqua</strong></span> <span class='ocrx_word' id='word_1_238' title='bbox 1549 3025 1722 3100; x_wconf 73' lang='lat' dir='ltr'><strong>(Psat.</strong></span> <span class='ocrx_word' id='word_1_239' title='bbox 1776 3027 1896 3083; x_wconf 76' lang='grc'><strong>158.</strong></span> <span class='ocrx_word' id='word_1_240' title='bbox 1928 3026 2006 3099; x_wconf 78' lang='lat'><strong>5).</strong></span> 
     </span>
    </p>
   </div>
   <div class='ocr_carea' id='block_1_31' title="bbox 416 3117 2007 3181">
    <p class='ocr_par' dir='ltr' id='par_1_31' title="bbox 416 3117 2007 3181">
     <span class='ocr_line' id='line_1_31' title="bbox 416 3117 2007 3181; baseline -0.001 -6"><span class='ocrx_word' id='word_1_241' title='bbox 416 3120 540 3175; x_wconf 83' lang='lat' dir='ltr'><strong>Nilil</strong></span> <span class='ocrx_word' id='word_1_242' title='bbox 595 3129 772 3175; x_wconf 89' lang='lat' dir='ltr'><strong>autem</strong></span> <span class='ocrx_word' id='word_1_243' title='bbox 818 3117 986 3174; x_wconf 81' lang='lat' dir='ltr'><strong>refert</strong></span> <span class='ocrx_word' id='word_1_244' title='bbox 1035 3134 1103 3174; x_wconf 85' lang='lat' dir='ltr'><strong>an</strong></span> <span class='ocrx_word' id='word_1_245' title='bbox 1159 3127 1417 3181; x_wconf 86' lang='lat' dir='ltr'><strong>veterem,</strong></span> <span class='ocrx_word' id='word_1_246' title='bbox 1464 3133 1531 3173; x_wconf 90' lang='lat' dir='ltr'><strong>an</strong></span> <span class='ocrx_word' id='word_1_247' title='bbox 1586 3132 1778 3172; x_wconf 88' lang='lat' dir='ltr'><strong>novam</strong></span> <span class='ocrx_word' id='word_1_248' title='bbox 1826 3133 2007 3173; x_wconf 85' lang='lat' dir='ltr'><strong>n:.rra-</strong></span> 
     </span>
    </p>
   </div>
   <div class='ocr_carea' id='block_1_32' title="bbox 417 3211 2005 3282">
    <p class='ocr_par' dir='ltr' id='par_1_32' title="bbox 417 3211 2005 3282">
     <span class='ocr_line' id='line_1_32' title="bbox 417 3211 2005 3282; baseline -0.001 -16"><span class='ocrx_word' id='word_1_249' title='bbox 417 3212 620 3268; x_wconf 89' lang='lat' dir='ltr'><strong>tionem</strong></span> <span class='ocrx_word' id='word_1_250' title='bbox 659 3212 787 3282; x_wconf 85' lang='lat' dir='ltr'><strong>quis</strong></span> <span class='ocrx_word' id='word_1_251' title='bbox 824 3211 1041 3275; x_wconf 80' lang='lat' dir='ltr'><strong>dixerit,</strong></span> <span class='ocrx_word' id='word_1_252' title='bbox 1085 3211 1248 3267; x_wconf 90' lang='lat' dir='ltr'><strong>modo</strong></span> <span class='ocrx_word' id='word_1_253' title='bbox 1274 3212 1346 3265; x_wconf 92' lang='lat' dir='ltr'><strong>sit</strong></span> <span class='ocrx_word' id='word_1_254' title='bbox 1372 3211 1643 3282; x_wconf 88' lang='lat' dir='ltr'><strong>pr0posito</strong></span> <span class='ocrx_word' id='word_1_255' title='bbox 1663 3212 2005 3267; x_wconf 80' lang='lat' dir='ltr'><strong>conveniens.</strong></span> 
     </span>
    </p>
   </div>
   <div class='ocr_carea' id='block_1_33' title="bbox 417 3304 2057 3375">
    <p class='ocr_par' dir='ltr' id='par_1_33' title="bbox 417 3304 2057 3375">
     <span class='ocr_line' id='line_1_33' title="bbox 417 3304 2057 3375; baseline 0 -16"><span class='ocrx_word' id='word_1_256' title='bbox 417 3306 716 3373; x_wconf 82' lang='lat' dir='ltr'><strong>Quamnam</strong></span> <span class='ocrx_word' id='word_1_257' title='bbox 782 3315 960 3360; x_wconf 78' lang='lat' dir='ltr'><strong>autem</strong></span> <span class='ocrx_word' id='word_1_258' title='bbox 1015 3304 1126 3359; x_wconf 81' lang='lat' dir='ltr'><strong>vult</strong></span> <span class='ocrx_word' id='word_1_259' title='bbox 1185 3305 1454 3375; x_wconf 87' lang='lat' dir='ltr'><strong>antiquam</strong></span> <span class='ocrx_word' id='word_1_260' title='bbox 1513 3304 1694 3359; x_wconf 86' lang='lat' dir='ltr'><strong>dicere</strong></span> <span class='ocrx_word' id='word_1_261' title='bbox 1748 3306 2011 3359; x_wconf 86' lang='lat' dir='ltr'><strong>narratio-</strong></span> <span class='ocrx_word' id='word_1_262' title='bbox 2056 3344 2057 3347; x_wconf 59' lang='grc' dir='ltr'><strong>η</strong></span> 
     </span>
    </p>
   </div>
   <div class='ocr_carea' id='block_1_34' title="bbox 423 3397 2007 3469">
    <p class='ocr_par' dir='ltr' id='par_1_34' title="bbox 423 3397 2007 3469">
     <span class='ocr_line' id='line_1_34' title="bbox 423 3397 2007 3469; baseline -0.001 -16"><span class='ocrx_word' id='word_1_263' title='bbox 423 3399 596 3454; x_wconf 87' lang='lat' dir='ltr'><strong>nem?</strong></span> <span class='ocrx_word' id='word_1_264' title='bbox 635 3398 948 3454; x_wconf 75' lang='lat' dir='ltr'><strong>Audiamus.</strong></span> <span class='ocrx_word' id='word_1_265' title='bbox 991 3399 1044 3453; x_wconf 80' lang='grc'><strong>5.</strong></span> <span class='ocrx_word' id='word_1_266' title='bbox 1099 3397 1287 3453; x_wconf 71' lang='lat' dir='ltr'><strong>Manus</strong></span> <span class='ocrx_word' id='word_1_267' title='bbox 1335 3407 1420 3451; x_wconf 81' lang='lat' dir='ltr'><strong>tua</strong></span> <span class='ocrx_word' id='word_1_268' title='bbox 1460 3408 1630 3469; x_wconf 83' lang='lat' dir='ltr'><strong>gentes</strong></span> <span class='ocrx_word' id='word_1_269' title='bbox 1677 3397 2007 3468; x_wconf 73' lang='lat' dir='ltr'><strong>disperdidit,</strong></span> 
     </span>
    </p>
   </div>
   <div class='ocr_carea' id='block_1_35' title="bbox 418 3490 2011 3562">
    <p class='ocr_par' dir='ltr' id='par_1_35' title="bbox 418 3490 2011 3562">
     <span class='ocr_line' id='line_1_35' title="bbox 418 3490 2011 3562; baseline 0.002 -17"><span class='ocrx_word' id='word_1_270' title='bbox 418 3503 468 3546; x_wconf 76' lang='lat' dir='ltr'><strong>et</strong></span> <span class='ocrx_word' id='word_1_271' title='bbox 512 3491 753 3562; x_wconf 74' lang='lat' dir='ltr'><strong>ploutosti</strong></span> <span class='ocrx_word' id='word_1_272' title='bbox 796 3507 881 3545; x_wconf 77' lang='lat' dir='ltr'><strong>eos</strong></span> <span class='ocrx_word' id='word_1_273' title='bbox 921 3510 940 3544; x_wconf 90' lang='lat'><strong><em>:</em></strong></span> <span class='ocrx_word' id='word_1_274' title='bbox 986 3491 1205 3562; x_wconf 69' lang='lat' dir='ltr'><strong>aﬂliristi</strong></span> <span class='ocrx_word' id='word_1_275' title='bbox 1247 3491 1489 3562; x_wconf 81' lang='lat' dir='ltr'><strong>populos,</strong></span> <span class='ocrx_word' id='word_1_276' title='bbox 1538 3499 1587 3544; x_wconf 78' lang='lat' dir='ltr'><strong>et</strong></span> <span class='ocrx_word' id='word_1_277' title='bbox 1628 3490 1863 3560; x_wconf 76' lang='lat' dir='ltr'><strong>expulisti</strong></span> <span class='ocrx_word' id='word_1_278' title='bbox 1905 3506 2011 3549; x_wconf 78' lang='lat' dir='ltr'><strong>eos.</strong></span> 
     </span>
    </p>
   </div>
   <div class='ocr_carea' id='block_1_36' title="bbox 418 3581 2014 3654">
    <p class='ocr_par' dir='ltr' id='par_1_36' title="bbox 418 3581 2014 3654">
     <span class='ocr_line' id='line_1_36' title="bbox 418 3581 2014 3654; baseline -0.002 -15"><span class='ocrx_word' id='word_1_279' title='bbox 418 3582 801 3654; x_wconf 75' lang='lat' dir='ltr'><strong>Agttovistisne</strong></span> <span class='ocrx_word' id='word_1_280' title='bbox 853 3581 1123 3653; x_wconf 82' lang='lat' dir='ltr'><strong>quodnam</strong></span> <span class='ocrx_word' id='word_1_281' title='bbox 1179 3582 1372 3637; x_wconf 89' lang='lat' dir='ltr'><strong>bellum</strong></span> <span class='ocrx_word' id='word_1_282' title='bbox 1419 3581 1600 3649; x_wconf 83' lang='lat' dir='ltr'><strong>dicat,</strong></span> <span class='ocrx_word' id='word_1_283' title='bbox 1643 3598 1800 3652; x_wconf 83' lang='lat' dir='ltr'><strong>quant</strong></span> <span class='ocrx_word' id='word_1_284' title='bbox 1842 3582 2014 3637; x_wconf 83' lang='lat' dir='ltr'><strong>victo-</strong></span> 
     </span>
    </p>
   </div>
   <div class='ocr_carea' id='block_1_37' title="bbox 427 3672 2014 3744">
    <p class='ocr_par' dir='ltr' id='par_1_37' title="bbox 427 3672 2014 3744">
     <span class='ocr_line' id='line_1_37' title="bbox 427 3672 2014 3744; baseline 0 -16"><span class='ocrx_word' id='word_1_285' title='bbox 427 3675 587 3740; x_wconf 84' lang='lat' dir='ltr'><strong>riam,</strong></span> <span class='ocrx_word' id='word_1_286' title='bbox 618 3672 758 3744; x_wconf 91' lang='lat' dir='ltr'><strong>quod</strong></span> <span class='ocrx_word' id='word_1_287' title='bbox 788 3672 1091 3742; x_wconf 65' lang='lat' dir='ltr'><strong>tropaeum?</strong></span> <span class='ocrx_word' id='word_1_288' title='bbox 1118 3687 1323 3742; x_wconf 81' lang='lat' dir='ltr'><strong>opusne</strong></span> <span class='ocrx_word' id='word_1_289' title='bbox 1365 3672 1590 3738; x_wconf 85' lang='lat' dir='ltr'><strong>habetis,</strong></span> <span class='ocrx_word' id='word_1_290' title='bbox 1623 3681 1683 3727; x_wconf 90' lang='lat' dir='ltr'><strong>ut</strong></span> <span class='ocrx_word' id='word_1_291' title='bbox 1710 3673 1765 3728; x_wconf 89' lang='lat' dir='ltr'><strong>id</strong></span> <span class='ocrx_word' id='word_1_292' title='bbox 1802 3688 1831 3726; x_wconf 90' lang='lat' dir='ltr'><strong>a</strong></span> <span class='ocrx_word' id='word_1_293' title='bbox 1859 3673 2014 3728; x_wconf 84' lang='lat' dir='ltr'><strong>nobis</strong></span> 
     </span>
    </p>
   </div>
   <div class='ocr_carea' id='block_1_38' title="bbox 420 3764 2012 3836">
    <p class='ocr_par' dir='ltr' id='par_1_38' title="bbox 420 3764 2012 3836">
     <span class='ocr_line' id='line_1_38' title="bbox 420 3764 2012 3836; baseline 0.003 -19"><span class='ocrx_word' id='word_1_294' title='bbox 420 3764 760 3822; x_wconf 79' lang='lat' dir='ltr'><strong>declaretur?</strong></span> <span class='ocrx_word' id='word_1_295' title='bbox 789 3765 1049 3820; x_wconf 81' lang='lat' dir='ltr'><strong>Existimo</strong></span> <span class='ocrx_word' id='word_1_296' title='bbox 1073 3764 1286 3835; x_wconf 89' lang='lat' dir='ltr'><strong>quidem</strong></span> <span class='ocrx_word' id='word_1_297' title='bbox 1316 3764 1512 3820; x_wconf 87' lang='lat' dir='ltr'><strong>multos</strong></span> <span class='ocrx_word' id='word_1_298' title='bbox 1535 3765 1649 3836; x_wconf 59' lang='lat' dir='ltr'><strong>jam</strong></span> <span class='ocrx_word' id='word_1_299' title='bbox 1687 3766 2012 3821; x_wconf 58' lang='lat' dir='ltr'><strong>intellexisse</strong></span> 
     </span>
    </p>
   </div>
   <div class='ocr_carea' id='block_1_39' title="bbox 420 3856 2006 3927">
    <p class='ocr_par' dir='ltr' id='par_1_39' title="bbox 420 3856 2006 3927">
     <span class='ocr_line' id='line_1_39' title="bbox 420 3856 2006 3927; baseline 0.001 -17"><span class='ocrx_word' id='word_1_300' title='bbox 420 3857 567 3927; x_wconf 86' lang='lat' dir='ltr'><strong>quod</strong></span> <span class='ocrx_word' id='word_1_301' title='bbox 593 3856 829 3923; x_wconf 88' lang='lat' dir='ltr'><strong>dicitur;</strong></span> <span class='ocrx_word' id='word_1_302' title='bbox 882 3865 1101 3926; x_wconf 87' lang='lat' dir='ltr'><strong>propter</strong></span> <span class='ocrx_word' id='word_1_303' title='bbox 1136 3872 1230 3912; x_wconf 92' lang='lat' dir='ltr'><strong>eos</strong></span> <span class='ocrx_word' id='word_1_304' title='bbox 1259 3865 1437 3912; x_wconf 87' lang='lat' dir='ltr'><strong>autem</strong></span> <span class='ocrx_word' id='word_1_305' title='bbox 1472 3859 1560 3926; x_wconf 90' lang='lat' dir='ltr'><strong>qui</strong></span> <span class='ocrx_word' id='word_1_306' title='bbox 1597 3856 1862 3926; x_wconf 79' lang='lat' dir='ltr'><strong>ignorant,</strong></span> <span class='ocrx_word' id='word_1_307' title='bbox 1915 3868 2006 3911; x_wconf 90' lang='lat' dir='ltr'><strong>ne-</strong></span> 
     </span>
    </p>
   </div>
   <div class='ocr_carea' id='block_1_40' title="bbox 420 3947 2008 4020">
    <p class='ocr_par' dir='ltr' id='par_1_40' title="bbox 420 3947 2008 4020">
     <span class='ocr_line' id='line_1_40' title="bbox 420 3947 2008 4020; baseline -0.001 -17"><span class='ocrx_word' id='word_1_308' title='bbox 420 3962 572 4003; x_wconf 80' lang='lat' dir='ltr'><strong>cesse</strong></span> <span class='ocrx_word' id='word_1_309' title='bbox 599 3948 902 4018; x_wconf 72' lang='lat' dir='ltr'><strong>estaliquid</strong></span> <span class='ocrx_word' id='word_1_310' title='bbox 947 3957 1185 4004; x_wconf 85' lang='lat' dir='ltr'><strong>nostrum</strong></span> <span class='ocrx_word' id='word_1_311' title='bbox 1224 3947 1439 4003; x_wconf 85' lang='lat' dir='ltr'><strong>addere.</strong></span> <span class='ocrx_word' id='word_1_312' title='bbox 1471 3948 1707 4017; x_wconf 80' lang='lat' dir='ltr'><strong>Quorum</strong></span> <span class='ocrx_word' id='word_1_313' title='bbox 1744 3964 1870 4020; x_wconf 81' lang='lat' dir='ltr'><strong>ergo</strong></span> <span class='ocrx_word' id='word_1_314' title='bbox 1901 3958 2008 4002; x_wconf 86' lang='lat' dir='ltr'><strong>tro-</strong></span> 
     </span>
    </p>
   </div>
   <div class='ocr_carea' id='block_1_41' title="bbox 425 4036 2013 4111">
    <p class='ocr_par' dir='ltr' id='par_1_41' title="bbox 425 4036 2013 4111">
     <span class='ocr_line' id='line_1_41' title="bbox 425 4036 2013 4111; baseline 0.004 -22"><span class='ocrx_word' id='word_1_315' title='bbox 425 4054 683 4107; x_wconf 74' lang='lat' dir='ltr'><strong>pzcornm,</strong></span> <span class='ocrx_word' id='word_1_316' title='bbox 713 4054 943 4111; x_wconf 87' lang='lat' dir='ltr'><strong>quorum</strong></span> <span class='ocrx_word' id='word_1_317' title='bbox 986 4036 1279 4095; x_wconf 86' lang='lat' dir='ltr'><strong>facinorum</strong></span> <span class='ocrx_word' id='word_1_318' title='bbox 1329 4040 1615 4095; x_wconf 83' lang='lat' dir='ltr'><strong>meminit?</strong></span> <span class='ocrx_word' id='word_1_319' title='bbox 1655 4040 1853 4095; x_wconf 87' lang='lat' dir='ltr'><strong>Eorum</strong></span> <span class='ocrx_word' id='word_1_320' title='bbox 1894 4055 2013 4111; x_wconf 51' lang='lat' dir='ltr'><strong>quae.</strong></span> 
     </span>
    </p>
   </div>
   <div class='ocr_carea' id='block_1_42' title="bbox 423 4131 2010 4205">
    <p class='ocr_par' dir='ltr' id='par_1_42' title="bbox 423 4131 2010 4205">
     <span class='ocr_line' id='line_1_42' title="bbox 423 4131 2010 4205; baseline 0.001 -20"><span class='ocrx_word' id='word_1_321' title='bbox 423 4135 478 4187; x_wconf 83' lang='lat' dir='ltr'><strong>in</strong></span> <span class='ocrx_word' id='word_1_322' title='bbox 527 4131 792 4205; x_wconf 63' lang='lat' dir='ltr'><strong>Egyplo,</strong></span> <span class='ocrx_word' id='word_1_323' title='bbox 833 4147 1020 4187; x_wconf 85' lang='lat' dir='ltr'><strong>eorum</strong></span> <span class='ocrx_word' id='word_1_324' title='bbox 1068 4148 1185 4202; x_wconf 75' lang='lat' dir='ltr'><strong>qua:</strong></span> <span class='ocrx_word' id='word_1_325' title='bbox 1232 4133 1285 4187; x_wconf 89' lang='lat' dir='ltr'><strong>in</strong></span> <span class='ocrx_word' id='word_1_326' title='bbox 1320 4132 1535 4187; x_wconf 87' lang='lat' dir='ltr'><strong>deserto</strong></span> <span class='ocrx_word' id='word_1_327' title='bbox 1556 4175 1569 4197; x_wconf 91' lang='lat'><strong>,</strong></span> <span class='ocrx_word' id='word_1_328' title='bbox 1599 4147 1782 4187; x_wconf 85' lang='lat' dir='ltr'><strong>eorum</strong></span> <span class='ocrx_word' id='word_1_329' title='bbox 1811 4149 1929 4203; x_wconf 79' lang='lat' dir='ltr'><strong>qua:</strong></span> <span class='ocrx_word' id='word_1_330' title='bbox 1962 4133 2010 4186; x_wconf 89' lang='lat' dir='ltr'><strong>in</strong></span> 
     </span>
    </p>
   </div>
   <div class='ocr_carea' id='block_1_43' title="bbox 422 4222 2011 4295">
    <p class='ocr_par' dir='ltr' id='par_1_43' title="bbox 422 4222 2011 4295">
     <span class='ocr_line' id='line_1_43' title="bbox 422 4222 2011 4295; baseline 0.001 -18"><span class='ocrx_word' id='word_1_331' title='bbox 422 4234 569 4278; x_wconf 86' lang='lat' dir='ltr'><strong>terra</strong></span> <span class='ocrx_word' id='word_1_332' title='bbox 620 4223 994 4295; x_wconf 78' lang='lat' dir='ltr'><strong>promissionis</strong></span> <span class='ocrx_word' id='word_1_333' title='bbox 1052 4222 1187 4279; x_wconf 86' lang='lat' dir='ltr'><strong>facta</strong></span> <span class='ocrx_word' id='word_1_334' title='bbox 1241 4232 1411 4286; x_wconf 87' lang='lat' dir='ltr'><strong>sunt,</strong></span> <span class='ocrx_word' id='word_1_335' title='bbox 1462 4224 1546 4278; x_wconf 84' lang='lat' dir='ltr'><strong>vel</strong></span> <span class='ocrx_word' id='word_1_336' title='bbox 1605 4224 1779 4294; x_wconf 87' lang='lat' dir='ltr'><strong>potius</strong></span> <span class='ocrx_word' id='word_1_337' title='bbox 1826 4241 2011 4280; x_wconf 89' lang='lat' dir='ltr'><strong>eorum</strong></span> 
     </span>
    </p>
   </div>
   <div class='ocr_carea' id='block_1_44' title="bbox 421 4315 2016 4387">
    <p class='ocr_par' dir='ltr' id='par_1_44' title="bbox 421 4315 2016 4387">
     <span class='ocr_line' id='line_1_44' title="bbox 421 4315 2016 4387; baseline -0.002 -17"><span class='ocrx_word' id='word_1_338' title='bbox 421 4332 545 4384; x_wconf 76' lang='lat' dir='ltr'><strong>qua:</strong></span> <span class='ocrx_word' id='word_1_339' title='bbox 594 4316 649 4370; x_wconf 92' lang='lat' dir='ltr'><strong>in</strong></span> <span class='ocrx_word' id='word_1_340' title='bbox 694 4317 1070 4387; x_wconf 83' lang='lat' dir='ltr'><strong>promissione.</strong></span> <span class='ocrx_word' id='word_1_341' title='bbox 1122 4315 1306 4386; x_wconf 80' lang='lat' dir='ltr'><strong>Neque</strong></span> <span class='ocrx_word' id='word_1_342' title='bbox 1342 4316 1485 4371; x_wconf 91' lang='lat' dir='ltr'><strong>enim</strong></span> <span class='ocrx_word' id='word_1_343' title='bbox 1531 4316 1566 4370; x_wconf 90' lang='lat' dir='ltr'><strong>ii</strong></span> <span class='ocrx_word' id='word_1_344' title='bbox 1610 4318 1697 4386; x_wconf 92' lang='lat' dir='ltr'><strong>qui</strong></span> <span class='ocrx_word' id='word_1_345' title='bbox 1735 4332 1797 4371; x_wconf 86' lang='lat' dir='ltr'><strong>ex</strong></span> <span class='ocrx_word' id='word_1_346' title='bbox 1847 4316 2016 4387; x_wconf 66' lang='lat' dir='ltr'><strong>Egy-</strong></span> 
     </span>
    </p>
   </div>
   <div class='ocr_carea' id='block_1_45' title="bbox 421 4406 2014 4477">
    <p class='ocr_par' dir='ltr' id='par_1_45' title="bbox 421 4406 2014 4477">
     <span class='ocr_line' id='line_1_45' title="bbox 421 4406 2014 4477; baseline 0.002 -17"><span class='ocrx_word' id='word_1_347' title='bbox 421 4416 517 4477; x_wconf 85' lang='lat' dir='ltr'><strong>pto</strong></span> <span class='ocrx_word' id='word_1_348' title='bbox 560 4409 759 4477; x_wconf 71' lang='lat' dir='ltr'><strong>egressi</strong></span> <span class='ocrx_word' id='word_1_349' title='bbox 808 4415 970 4469; x_wconf 85' lang='lat' dir='ltr'><strong>sunt,</strong></span> <span class='ocrx_word' id='word_1_350' title='bbox 1013 4417 1370 4476; x_wconf 86' lang='lat' dir='ltr'><strong>pervenerunt</strong></span> <span class='ocrx_word' id='word_1_351' title='bbox 1414 4408 1466 4461; x_wconf 92' lang='lat' dir='ltr'><strong>in</strong></span> <span class='ocrx_word' id='word_1_352' title='bbox 1517 4406 1875 4472; x_wconf 80' lang='lat' dir='ltr'><strong>Pala-stinam,</strong></span> <span class='ocrx_word' id='word_1_353' title='bbox 1920 4408 2014 4463; x_wconf 85' lang='lat' dir='ltr'><strong>sed</strong></span> 
     </span>
    </p>
   </div>
   <div class='ocr_carea' id='block_1_46' title="bbox 422 4499 2010 4570">
    <p class='ocr_par' dir='ltr' id='par_1_46' title="bbox 422 4499 2010 4570">
     <span class='ocr_line' id='line_1_46' title="bbox 422 4499 2010 4570; baseline 0.001 -18"><span class='ocrx_word' id='word_1_354' title='bbox 422 4514 613 4554; x_wconf 85' lang='lat' dir='ltr'><strong>omnes</strong></span> <span class='ocrx_word' id='word_1_355' title='bbox 654 4499 960 4555; x_wconf 86' lang='lat' dir='ltr'><strong>ceciderunt</strong></span> <span class='ocrx_word' id='word_1_356' title='bbox 989 4500 1041 4554; x_wconf 95' lang='lat' dir='ltr'><strong>in</strong></span> <span class='ocrx_word' id='word_1_357' title='bbox 1066 4499 1327 4570; x_wconf 80' lang='lat' dir='ltr'><strong>deserlo(</strong></span> <span class='ocrx_word' id='word_1_358' title='bbox 1356 4500 1614 4557; x_wconf 70' lang='lat' dir='ltr'><strong>Nam“.</strong></span> <span class='ocrx_word' id='word_1_359' title='bbox 1642 4501 1734 4566; x_wconf 77' lang='lat'><strong>23;</strong></span> <span class='ocrx_word' id='word_1_360' title='bbox 1766 4500 1924 4555; x_wconf 84' lang='lat' dir='ltr'><strong>Hebr.</strong></span> <span class='ocrx_word' id='word_1_361' title='bbox 1955 4502 2010 4556; x_wconf 75' lang='lat'><strong>3.</strong></span> 
     </span>
    </p>
   </div>
   <div class='ocr_carea' id='block_1_47' title="bbox 428 4588 2013 4669">
    <p class='ocr_par' dir='ltr' id='par_1_47' title="bbox 428 4588 2013 4669">
     <span class='ocr_line' id='line_1_47' title="bbox 428 4588 2013 4669; baseline 0.001 -24"><span class='ocrx_word' id='word_1_362' title='bbox 428 4591 561 4660; x_wconf 81' lang='grc'><strong>17).</strong></span> <span class='ocrx_word' id='word_1_363' title='bbox 588 4588 814 4655; x_wconf 85' lang='lat' dir='ltr'><strong>Quando</strong></span> <span class='ocrx_word' id='word_1_364' title='bbox 838 4605 966 4660; x_wconf 76' lang='lat' dir='ltr'><strong>ergo</strong></span> <span class='ocrx_word' id='word_1_365' title='bbox 994 4590 1083 4660; x_wconf 86' lang='lat' dir='ltr'><strong>qui</strong></span> <span class='ocrx_word' id='word_1_366' title='bbox 1128 4606 1192 4645; x_wconf 89' lang='lat' dir='ltr'><strong>ex</strong></span> <span class='ocrx_word' id='word_1_367' title='bbox 1249 4592 1356 4645; x_wconf 85' lang='lat' dir='ltr'><strong>illis</strong></span> <span class='ocrx_word' id='word_1_368' title='bbox 1408 4592 1516 4669; x_wconf 80' lang='lat' dir='ltr'><strong>nati</strong></span> <span class='ocrx_word' id='word_1_369' title='bbox 1565 4603 1709 4657; x_wconf 88' lang='lat' dir='ltr'><strong>sunt,</strong></span> <span class='ocrx_word' id='word_1_370' title='bbox 1758 4600 1813 4647; x_wconf 91' lang='lat' dir='ltr'><strong>et</strong></span> <span class='ocrx_word' id='word_1_371' title='bbox 1841 4593 1933 4663; x_wconf 91' lang='lat' dir='ltr'><strong>qui</strong></span> <span class='ocrx_word' id='word_1_372' title='bbox 1961 4593 2013 4647; x_wconf 93' lang='lat' dir='ltr'><strong>in</strong></span> 
     </span>
    </p>
   </div>
   <div class='ocr_carea' id='block_1_48' title="bbox 423 4681 2014 4754">
    <p class='ocr_par' dir='ltr' id='par_1_48' title="bbox 423 4681 2014 4754">
     <span class='ocr_line' id='line_1_48' title="bbox 423 4681 2014 4754; baseline 0.001 -16"><span class='ocrx_word' id='word_1_373' title='bbox 423 4683 641 4738; x_wconf 83' lang='lat' dir='ltr'><strong>deserto</strong></span> <span class='ocrx_word' id='word_1_374' title='bbox 668 4690 793 4736; x_wconf 76' lang='lat' dir='ltr'><strong>sunt</strong></span> <span class='ocrx_word' id='word_1_375' title='bbox 826 4681 1035 4737; x_wconf 85' lang='lat' dir='ltr'><strong>educati</strong></span> <span class='ocrx_word' id='word_1_376' title='bbox 1059 4723 1074 4747; x_wconf 90' lang='lat'><strong>,</strong></span> <span class='ocrx_word' id='word_1_377' title='bbox 1118 4684 1344 4754; x_wconf 81' lang='lat' dir='ltr'><strong>ingrcssi</strong></span> <span class='ocrx_word' id='word_1_378' title='bbox 1386 4693 1511 4739; x_wconf 89' lang='lat' dir='ltr'><strong>sunt</strong></span> <span class='ocrx_word' id='word_1_379' title='bbox 1545 4686 1596 4739; x_wconf 94' lang='lat' dir='ltr'><strong>in</strong></span> <span class='ocrx_word' id='word_1_380' title='bbox 1643 4685 1976 4741; x_wconf 68' lang='lat' dir='ltr'><strong>Palmstinam</strong></span> <span class='ocrx_word' id='word_1_381' title='bbox 1998 4725 2014 4751; x_wconf 90' lang='lat'><strong>,</strong></span> 
     </span>
    </p>
   </div>
   <div class='ocr_carea' id='block_1_49' title="bbox 426 4770 2014 4845">
    <p class='ocr_par' dir='ltr' id='par_1_49' title="bbox 426 4770 2014 4845">
     <span class='ocr_line' id='line_1_49' title="bbox 426 4770 2014 4845; baseline 0.003 -19"><span class='ocrx_word' id='word_1_382' title='bbox 426 4772 621 4843; x_wconf 85' lang='lat' dir='ltr'><strong>inquit,</strong></span> <span class='ocrx_word' id='word_1_383' title='bbox 644 4772 724 4827; x_wconf 90' lang='lat' dir='ltr'><strong>eis</strong></span> <span class='ocrx_word' id='word_1_384' title='bbox 751 4787 860 4827; x_wconf 91' lang='lat' dir='ltr'><strong>non</strong></span> <span class='ocrx_word' id='word_1_385' title='bbox 904 4770 1005 4826; x_wconf 77' lang='lat' dir='ltr'><strong>fuit</strong></span> <span class='ocrx_word' id='word_1_386' title='bbox 1022 4788 1157 4839; x_wconf 77' lang='lat' dir='ltr'><strong>opus</strong></span> <span class='ocrx_word' id='word_1_387' title='bbox 1183 4775 1368 4838; x_wconf 81' lang='lat' dir='ltr'><strong>annis,</strong></span> <span class='ocrx_word' id='word_1_388' title='bbox 1398 4775 1488 4830; x_wconf 89' lang='lat' dir='ltr'><strong>sed</strong></span> <span class='ocrx_word' id='word_1_389' title='bbox 1513 4776 1595 4830; x_wconf 91' lang='lat' dir='ltr'><strong>vel</strong></span> <span class='ocrx_word' id='word_1_390' title='bbox 1623 4777 1737 4845; x_wconf 86' lang='lat' dir='ltr'><strong>ipso</strong></span> <span class='ocrx_word' id='word_1_391' title='bbox 1757 4777 1873 4831; x_wconf 87' lang='lat' dir='ltr'><strong>solo</strong></span> <span class='ocrx_word' id='word_1_392' title='bbox 1902 4777 2014 4832; x_wconf 85' lang='lat' dir='ltr'><strong>cia-</strong></span> 
     </span>
    </p>
   </div>
   <div class='ocr_carea' id='block_1_50' title="bbox 425 4865 2012 4938">
    <p class='ocr_par' dir='ltr' id='par_1_50' title="bbox 425 4865 2012 4938">
     <span class='ocr_line' id='line_1_50' title="bbox 425 4865 2012 4938; baseline 0.001 -17"><span class='ocrx_word' id='word_1_393' title='bbox 425 4881 580 4922; x_wconf 87' lang='lat' dir='ltr'><strong>morc</strong></span> <span class='ocrx_word' id='word_1_394' title='bbox 600 4865 764 4921; x_wconf 83' lang='lat' dir='ltr'><strong>urbes</strong></span> <span class='ocrx_word' id='word_1_395' title='bbox 789 4874 1084 4936; x_wconf 76' lang='lat' dir='ltr'><strong>ceperunt:</strong></span> <span class='ocrx_word' id='word_1_396' title='bbox 1113 4874 1310 4925; x_wconf 79' lang='lat' dir='ltr'><strong>etcum</strong></span> <span class='ocrx_word' id='word_1_397' title='bbox 1341 4866 1631 4923; x_wconf 85' lang='lat' dir='ltr'><strong>Iordanem</strong></span> <span class='ocrx_word' id='word_1_398' title='bbox 1655 4869 2012 4938; x_wconf 78' lang='lat' dir='ltr'><strong>tmnsiissent,</strong></span> 
     </span>
    </p>
   </div>
   <div class='ocr_carea' id='block_1_51' title="bbox 426 4956 2013 5028">
    <p class='ocr_par' dir='ltr' id='par_1_51' title="bbox 426 4956 2013 5028">
     <span class='ocr_line' id='line_1_51' title="bbox 426 4956 2013 5028; baseline 0.003 -15"><span class='ocrx_word' id='word_1_399' title='bbox 426 4959 658 5028; x_wconf 66' lang='lat' dir='ltr'><strong>primum</strong></span> <span class='ocrx_word' id='word_1_400' title='bbox 683 4956 869 5012; x_wconf 84' lang='lat' dir='ltr'><strong>urbem</strong></span> <span class='ocrx_word' id='word_1_401' title='bbox 895 4972 1016 5027; x_wconf 66' lang='lat' dir='ltr'><strong>qua:</strong></span> <span class='ocrx_word' id='word_1_402' title='bbox 1040 4958 1120 5013; x_wconf 87' lang='lat' dir='ltr'><strong>eis</strong></span> <span class='ocrx_word' id='word_1_403' title='bbox 1146 4960 1402 5026; x_wconf 84' lang='lat' dir='ltr'><strong>occurrit,</strong></span> <span class='ocrx_word' id='word_1_404' title='bbox 1433 4959 1680 5028; x_wconf 88' lang='lat' dir='ltr'><strong>Iericho,</strong></span> <span class='ocrx_word' id='word_1_405' title='bbox 1708 4960 2013 5017; x_wconf 83' lang='lat' dir='ltr'><strong>saltantium</strong></span> 
     </span>
    </p>
   </div>
   <div class='ocr_carea' id='block_1_52' title="bbox 426 5048 2011 5127">
    <p class='ocr_par' dir='ltr' id='par_1_52' title="bbox 426 5048 2011 5127">
     <span class='ocr_line' id='line_1_52' title="bbox 426 5048 2011 5127; baseline 0.002 -22"><span class='ocrx_word' id='word_1_406' title='bbox 426 5052 606 5120; x_wconf 81' lang='lat' dir='ltr'><strong>potius</strong></span> <span class='ocrx_word' id='word_1_407' title='bbox 658 5065 819 5121; x_wconf 79' lang='lat' dir='ltr'><strong>quam</strong></span> <span class='ocrx_word' id='word_1_408' title='bbox 864 5048 1174 5105; x_wconf 78' lang='lat' dir='ltr'><strong>bellantium</strong></span> <span class='ocrx_word' id='word_1_409' title='bbox 1215 5052 1319 5106; x_wconf 89' lang='lat' dir='ltr'><strong>ritu</strong></span> <span class='ocrx_word' id='word_1_410' title='bbox 1368 5053 1649 5107; x_wconf 88' lang='lat' dir='ltr'><strong>diruerunt</strong></span> <span class='ocrx_word' id='word_1_411' title='bbox 1694 5050 2011 5127; x_wconf 72' lang='lat' dir='ltr'><strong>(Iosue6).</strong></span> 
     </span>
    </p>
   </div>
   <div class='ocr_carea' id='block_1_53' title="bbox 428 5144 2014 5219">
    <p class='ocr_par' dir='ltr' id='par_1_53' title="bbox 428 5144 2014 5219">
     <span class='ocr_line' id='line_1_53' title="bbox 428 5144 2014 5219; baseline 0.004 -21"><span class='ocrx_word' id='word_1_412' title='bbox 428 5144 632 5200; x_wconf 77' lang='lat' dir='ltr'><strong>Armati</strong></span> <span class='ocrx_word' id='word_1_413' title='bbox 661 5145 805 5200; x_wconf 84' lang='lat' dir='ltr'><strong>enim</strong></span> <span class='ocrx_word' id='word_1_414' title='bbox 832 5159 939 5199; x_wconf 94' lang='lat' dir='ltr'><strong>non</strong></span> <span class='ocrx_word' id='word_1_415' title='bbox 963 5152 1229 5215; x_wconf 85' lang='lat' dir='ltr'><strong>tamquam</strong></span> <span class='ocrx_word' id='word_1_416' title='bbox 1258 5145 1323 5199; x_wconf 91' lang='lat' dir='ltr'><strong>ad</strong></span> <span class='ocrx_word' id='word_1_417' title='bbox 1350 5161 1601 5216; x_wconf 79' lang='lat' dir='ltr'><strong>pugnam,</strong></span> <span class='ocrx_word' id='word_1_418' title='bbox 1631 5145 1725 5202; x_wconf 89' lang='lat' dir='ltr'><strong>sed</strong></span> <span class='ocrx_word' id='word_1_419' title='bbox 1748 5156 2014 5219; x_wconf 86' lang='lat' dir='ltr'><strong>tamquam</strong></span> 
     </span>
    </p>
   </div>
   <div class='ocr_carea' id='block_1_54' title="bbox 422 5236 2016 5308">
    <p class='ocr_par' dir='ltr' id='par_1_54' title="bbox 422 5236 2016 5308">
     <span class='ocr_line' id='line_1_54' title="bbox 422 5236 2016 5308; baseline 0.004 -17"><span class='ocrx_word' id='word_1_420' title='bbox 422 5236 492 5292; x_wconf 80' lang='lat' dir='ltr'><strong>ad</strong></span> <span class='ocrx_word' id='word_1_421' title='bbox 537 5237 880 5294; x_wconf 80' lang='lat' dir='ltr'><strong>festivitatem</strong></span> <span class='ocrx_word' id='word_1_422' title='bbox 930 5253 996 5293; x_wconf 81' lang='lat' dir='ltr'><strong>ac</strong></span> <span class='ocrx_word' id='word_1_423' title='bbox 1042 5237 1293 5295; x_wconf 88' lang='lat' dir='ltr'><strong>choream</strong></span> <span class='ocrx_word' id='word_1_424' title='bbox 1327 5237 1530 5308; x_wconf 80' lang='lat' dir='ltr'><strong>egressi</strong></span> <span class='ocrx_word' id='word_1_425' title='bbox 1586 5248 1750 5306; x_wconf 89' lang='lat' dir='ltr'><strong>sunt,</strong></span> <span class='ocrx_word' id='word_1_426' title='bbox 1797 5249 2016 5298; x_wconf 92' lang='lat' dir='ltr'><strong>ornatus</strong></span> 
     </span>
    </p>
   </div>
   <div class='ocr_carea' id='block_1_55' title="bbox 437 5329 2015 5402">
    <p class='ocr_par' dir='ltr' id='par_1_55' title="bbox 437 5329 2015 5402">
     <span class='ocr_line' id='line_1_55' title="bbox 437 5329 2015 5402; baseline 0.003 -18"><span class='ocrx_word' id='word_1_427' title='bbox 437 5329 614 5397; x_wconf 79' lang='lat' dir='ltr'><strong>potius</strong></span> <span class='ocrx_word' id='word_1_428' title='bbox 641 5331 844 5400; x_wconf 72' lang='lat' dir='ltr'><strong>gratia,</strong></span> <span class='ocrx_word' id='word_1_429' title='bbox 876 5346 1036 5402; x_wconf 75' lang='lat' dir='ltr'><strong>quam</strong></span> <span class='ocrx_word' id='word_1_430' title='bbox 1089 5340 1147 5386; x_wconf 91' lang='lat' dir='ltr'><strong>ut</strong></span> <span class='ocrx_word' id='word_1_431' title='bbox 1192 5332 1416 5386; x_wconf 86' lang='lat' dir='ltr'><strong>tutiores</strong></span> <span class='ocrx_word' id='word_1_432' title='bbox 1457 5339 1638 5387; x_wconf 87' lang='lat' dir='ltr'><strong>essent</strong></span> <span class='ocrx_word' id='word_1_433' title='bbox 1665 5374 1680 5399; x_wconf 94' lang='lat'><strong>,</strong></span> <span class='ocrx_word' id='word_1_434' title='bbox 1721 5334 1884 5387; x_wconf 85' lang='lat' dir='ltr'><strong>armis</strong></span> <span class='ocrx_word' id='word_1_435' title='bbox 1931 5333 2015 5389; x_wconf 90' lang='lat' dir='ltr'><strong>in-</strong></span> 
     </span>
    </p>
   </div>
   <div class='ocr_carea' id='block_1_56' title="bbox 428 5420 2017 5488">
    <p class='ocr_par' dir='ltr' id='par_1_56' title="bbox 428 5420 2017 5488">
     <span class='ocr_line' id='line_1_56' title="bbox 428 5420 2017 5488; baseline 0.004 -14"><span class='ocrx_word' id='word_1_436' title='bbox 428 5420 643 5483; x_wconf 78' lang='lat' dir='ltr'><strong>structi,</strong></span> <span class='ocrx_word' id='word_1_437' title='bbox 668 5431 723 5476; x_wconf 86' lang='lat' dir='ltr'><strong>et</strong></span> <span class='ocrx_word' id='word_1_438' title='bbox 755 5423 925 5478; x_wconf 79' lang='lat' dir='ltr'><strong>sacris</strong></span> <span class='ocrx_word' id='word_1_439' title='bbox 944 5422 1183 5478; x_wconf 75' lang='lat' dir='ltr'><strong>vestibus</strong></span> <span class='ocrx_word' id='word_1_440' title='bbox 1210 5423 1381 5477; x_wconf 88' lang='lat' dir='ltr'><strong>induti</strong></span> <span class='ocrx_word' id='word_1_441' title='bbox 1410 5463 1425 5488; x_wconf 91' lang='lat'><strong>,</strong></span> <span class='ocrx_word' id='word_1_442' title='bbox 1450 5432 1503 5478; x_wconf 89' lang='lat' dir='ltr'><strong>et</strong></span> <span class='ocrx_word' id='word_1_443' title='bbox 1524 5421 1785 5479; x_wconf 87' lang='lat' dir='ltr'><strong>habentes</strong></span> <span class='ocrx_word' id='word_1_444' title='bbox 1806 5423 2017 5480; x_wconf 67' lang='lat' dir='ltr'><strong>Levitis</strong></span> 
     </span>
    </p>
   </div>
   <div class='ocr_carea' id='block_1_57' title="bbox 434 5510 2015 5582">
    <p class='ocr_par' dir='ltr' id='par_1_57' title="bbox 434 5510 2015 5582">
     <span class='ocr_line' id='line_1_57' title="bbox 434 5510 2015 5582; baseline 0.003 -17"><span class='ocrx_word' id='word_1_445' title='bbox 434 5510 529 5580; x_wconf 85' lang='lat' dir='ltr'><strong>qui</strong></span> <span class='ocrx_word' id='word_1_446' title='bbox 556 5519 739 5567; x_wconf 69' lang='lat' dir='ltr'><strong>casm</strong></span> <span class='ocrx_word' id='word_1_447' title='bbox 759 5512 1134 5582; x_wconf 61' lang='lat' dir='ltr'><strong>praecedebant</strong></span> <span class='ocrx_word' id='word_1_448' title='bbox 1160 5556 1175 5579; x_wconf 90' lang='lat'><strong>,</strong></span> <span class='ocrx_word' id='word_1_449' title='bbox 1203 5528 1392 5569; x_wconf 80' lang='lat' dir='ltr'><strong>muros</strong></span> <span class='ocrx_word' id='word_1_450' title='bbox 1424 5514 1727 5570; x_wconf 80' lang='lat' dir='ltr'><strong>cinxerunt.</strong></span> <span class='ocrx_word' id='word_1_451' title='bbox 1754 5516 1820 5570; x_wconf 87' lang='lat' dir='ltr'><strong>Et</strong></span> <span class='ocrx_word' id='word_1_452' title='bbox 1847 5515 2015 5569; x_wconf 90' lang='lat' dir='ltr'><strong>videri</strong></span> 
     </span>
    </p>
   </div>
   <div class='ocr_carea' id='block_1_58' title="bbox 422 5604 2012 5676">
    <p class='ocr_par' dir='ltr' id='par_1_58' title="bbox 422 5604 2012 5676">
     <span class='ocr_line' id='line_1_58' title="bbox 422 5604 2012 5676; baseline 0.003 -19"><span class='ocrx_word' id='word_1_453' title='bbox 422 5609 635 5672; x_wconf 79' lang='lat' dir='ltr'><strong>poterat</strong></span> <span class='ocrx_word' id='word_1_454' title='bbox 670 5604 1030 5671; x_wconf 79' lang='lat' dir='ltr'><strong>spectaculum</strong></span> <span class='ocrx_word' id='word_1_455' title='bbox 1061 5604 1395 5669; x_wconf 86' lang='lat' dir='ltr'><strong>admirabile,</strong></span> <span class='ocrx_word' id='word_1_456' title='bbox 1422 5615 1477 5660; x_wconf 89' lang='lat' dir='ltr'><strong>et</strong></span> <span class='ocrx_word' id='word_1_457' title='bbox 1513 5621 1651 5676; x_wconf 86' lang='lat' dir='ltr'><strong>pene</strong></span> <span class='ocrx_word' id='word_1_458' title='bbox 1679 5606 2012 5675; x_wconf 84' lang='lat' dir='ltr'><strong>incredibile,</strong></span> 
     </span>
    </p>
   </div>
   <div class='ocr_carea' id='block_1_59' title="bbox 430 5692 2014 5755">
    <p class='ocr_par' dir='ltr' id='par_1_59' title="bbox 430 5692 2014 5755">
     <span class='ocr_line' id='line_1_59' title="bbox 430 5692 2014 5755; baseline 0.004 -7"><span class='ocrx_word' id='word_1_459' title='bbox 430 5703 512 5750; x_wconf 87' lang='lat' dir='ltr'><strong>tot</strong></span> <span class='ocrx_word' id='word_1_460' title='bbox 538 5692 702 5749; x_wconf 81' lang='lat' dir='ltr'><strong>millia</strong></span> <span class='ocrx_word' id='word_1_461' title='bbox 730 5694 999 5749; x_wconf 65' lang='lat' dir='ltr'><strong>exercitus</strong></span> <span class='ocrx_word' id='word_1_462' title='bbox 1024 5707 1182 5751; x_wconf 82' lang='lat' dir='ltr'><strong>certo</strong></span> <span class='ocrx_word' id='word_1_463' title='bbox 1201 5698 1391 5753; x_wconf 85' lang='lat' dir='ltr'><strong>ordine</strong></span> <span class='ocrx_word' id='word_1_464' title='bbox 1437 5706 1493 5753; x_wconf 89' lang='lat' dir='ltr'><strong>et</strong></span> <span class='ocrx_word' id='word_1_465' title='bbox 1538 5713 1824 5754; x_wconf 86' lang='lat' dir='ltr'><strong>numerose</strong></span> <span class='ocrx_word' id='word_1_466' title='bbox 1866 5698 2014 5755; x_wconf 83' lang='lat' dir='ltr'><strong>ince-</strong></span> 
     </span>
    </p>
   </div>
   <div class='ocr_carea' id='block_1_60' title="bbox 424 5784 2011 5861">
    <p class='ocr_par' dir='ltr' id='par_1_60' title="bbox 424 5784 2011 5861">
     <span class='ocr_line' id='line_1_60' title="bbox 424 5784 2011 5861; baseline 0.003 -19"><span class='ocrx_word' id='word_1_467' title='bbox 424 5784 609 5842; x_wconf 71' lang='lat' dir='ltr'><strong>(lentia</strong></span> <span class='ocrx_word' id='word_1_468' title='bbox 633 5828 648 5855; x_wconf 94' lang='lat'><strong>,</strong></span> <span class='ocrx_word' id='word_1_469' title='bbox 679 5785 732 5843; x_wconf 84' lang='lat' dir='ltr'><strong>in</strong></span> <span class='ocrx_word' id='word_1_470' title='bbox 781 5784 998 5839; x_wconf 76' lang='lat' dir='ltr'><strong>silentio</strong></span> <span class='ocrx_word' id='word_1_471' title='bbox 1025 5801 1235 5842; x_wconf 82' lang='lat' dir='ltr'><strong>sommo</strong></span> <span class='ocrx_word' id='word_1_472' title='bbox 1263 5831 1277 5855; x_wconf 90' lang='lat'><strong>,</strong></span> <span class='ocrx_word' id='word_1_473' title='bbox 1307 5788 1635 5861; x_wconf 83' lang='lat' dir='ltr'><strong>honesteque</strong></span> <span class='ocrx_word' id='word_1_474' title='bbox 1664 5805 1727 5846; x_wconf 88' lang='lat' dir='ltr'><strong>ac</strong></span> <span class='ocrx_word' id='word_1_475' title='bbox 1772 5788 1965 5847; x_wconf 88' lang='lat' dir='ltr'><strong>decore</strong></span> <span class='ocrx_word' id='word_1_476' title='bbox 1993 5831 2011 5860; x_wconf 84' lang='lat'><strong>,</strong></span> 
     </span>
    </p>
   </div>
   <div class='ocr_carea' id='block_1_61' title="bbox 3609 360 3710 421">
    <p class='ocr_par' dir='ltr' id='par_1_61' title="bbox 3609 360 3710 421">
     <span class='ocr_line' id='line_1_61' title="bbox 3609 360 3710 421; baseline 0.03 -5"><span class='ocrx_word' id='word_1_477' title='bbox 3609 360 3710 421; x_wconf 73' lang='lat'><strong>172</strong></span> 
     </span>
    </p>
   </div>
   <div class='ocr_carea' id='block_1_62' title="bbox 2129 471 3709 548">
    <p class='ocr_par' dir='ltr' id='par_1_62' title="bbox 2129 471 3709 548">
     <span class='ocr_line' id='line_1_62' title="bbox 2129 471 3709 548; baseline 0.004 -21"><span class='ocrx_word' id='word_1_478' title='bbox 2129 471 2352 543; x_wconf 85' lang='lat' dir='ltr'><strong>perinde</strong></span> <span class='ocrx_word' id='word_1_479' title='bbox 2379 487 2444 527; x_wconf 87' lang='lat' dir='ltr'><strong>ac</strong></span> <span class='ocrx_word' id='word_1_480' title='bbox 2467 473 2510 527; x_wconf 90' lang='lat' dir='ltr'><strong>si</strong></span> <span class='ocrx_word' id='word_1_481' title='bbox 2542 472 2717 527; x_wconf 90' lang='lat' dir='ltr'><strong>nullus</strong></span> <span class='ocrx_word' id='word_1_482' title='bbox 2748 472 2977 537; x_wconf 86' lang='lat' dir='ltr'><strong>adesset,</strong></span> <span class='ocrx_word' id='word_1_483' title='bbox 3012 486 3132 526; x_wconf 88' lang='lat' dir='ltr'><strong>cum</strong></span> <span class='ocrx_word' id='word_1_484' title='bbox 3179 472 3425 530; x_wconf 85' lang='lat' dir='ltr'><strong>tubarum</strong></span> <span class='ocrx_word' id='word_1_485' title='bbox 3461 473 3709 548; x_wconf 81' lang='lat' dir='ltr'><strong>clangere</strong></span> 
     </span>
    </p>
   </div>
   <div class='ocr_carea' id='block_1_63' title="bbox 2120 562 3705 643">
    <p class='ocr_par' dir='ltr' id='par_1_63' title="bbox 2120 562 3705 643">
     <span class='ocr_line' id='line_1_63' title="bbox 2120 562 3705 643; baseline 0.003 -21"><span class='ocrx_word' id='word_1_486' title='bbox 2120 575 2176 622; x_wconf 87' lang='lat' dir='ltr'><strong>et</strong></span> <span class='ocrx_word' id='word_1_487' title='bbox 2207 562 2568 621; x_wconf 88' lang='lat' dir='ltr'><strong>modulatione</strong></span> <span class='ocrx_word' id='word_1_488' title='bbox 2596 563 2774 620; x_wconf 84' lang='lat' dir='ltr'><strong>omnia</strong></span> <span class='ocrx_word' id='word_1_489' title='bbox 2805 574 2954 620; x_wconf 87' lang='lat' dir='ltr'><strong>recte</strong></span> <span class='ocrx_word' id='word_1_490' title='bbox 2977 566 3228 637; x_wconf 66' lang='lat' dir='ltr'><strong>gessiSsc.</strong></span> <span class='ocrx_word' id='word_1_491' title='bbox 3258 563 3587 643; x_wconf 83' lang='lat' dir='ltr'><strong>Erubescant</strong></span> <span class='ocrx_word' id='word_1_492' title='bbox 3617 573 3705 642; x_wconf 86' lang='lat' dir='ltr'><strong>qui</strong></span> 
     </span>
    </p>
   </div>
   <div class='ocr_carea' id='block_1_64' title="bbox 2122 655 3709 717">
    <p class='ocr_par' dir='ltr' id='par_1_64' title="bbox 2122 655 3709 717">
     <span class='ocr_line' id='line_1_64' title="bbox 2122 655 3709 717; baseline 0.004 -6"><span class='ocrx_word' id='word_1_493' title='bbox 2122 655 2510 711; x_wconf 89' lang='lat' dir='ltr'><strong>tumultuantur</strong></span> <span class='ocrx_word' id='word_1_494' title='bbox 2538 657 2589 710; x_wconf 93' lang='lat' dir='ltr'><strong>in</strong></span> <span class='ocrx_word' id='word_1_495' title='bbox 2616 657 2863 711; x_wconf 80' lang='lat' dir='ltr'><strong>ecclesia.</strong></span> <span class='ocrx_word' id='word_1_496' title='bbox 2900 656 2956 711; x_wconf 87' lang='lat' dir='ltr'><strong>Si</strong></span> <span class='ocrx_word' id='word_1_497' title='bbox 3000 657 3141 711; x_wconf 72' lang='lat' dir='ltr'><strong>enim</strong></span> <span class='ocrx_word' id='word_1_498' title='bbox 3172 657 3258 712; x_wconf 90' lang='lat' dir='ltr'><strong>ubi</strong></span> <span class='ocrx_word' id='word_1_499' title='bbox 3301 659 3441 713; x_wconf 61' lang='lat' dir='ltr'><strong>tubae</strong></span> <span class='ocrx_word' id='word_1_500' title='bbox 3487 675 3709 717; x_wconf 82' lang='lat' dir='ltr'><strong>resona-</strong></span> 
     </span>
    </p>
   </div>
   <div class='ocr_carea' id='block_1_65' title="bbox 2120 726 3704 816">
    <p class='ocr_par' dir='ltr' id='par_1_65' title="bbox 2120 726 3704 816">
     <span class='ocr_line' id='line_1_65' title="bbox 2120 726 3704 816; baseline 0.004 -15"><span class='ocrx_word' id='word_1_501' title='bbox 2120 748 2264 810; x_wconf 86' lang='lat' dir='ltr'><strong>bant,</strong></span> <span class='ocrx_word' id='word_1_502' title='bbox 2302 755 2406 801; x_wconf 92' lang='lat' dir='ltr'><strong>tam</strong></span> <span class='ocrx_word' id='word_1_503' title='bbox 2441 746 2662 816; x_wconf 86' lang='lat' dir='ltr'><strong>pulcher</strong></span> <span class='ocrx_word' id='word_1_504' title='bbox 2710 756 2827 801; x_wconf 88' lang='lat' dir='ltr'><strong>erat</strong></span> <span class='ocrx_word' id='word_1_505' title='bbox 2881 747 3046 810; x_wconf 83' lang='lat' dir='ltr'><strong>ordo,</strong></span> <span class='ocrx_word' id='word_1_506' title='bbox 3080 756 3133 802; x_wconf 89' lang='lat' dir='ltr'><strong>et</strong></span> <span class='ocrx_word' id='word_1_507' title='bbox 3178 726 3322 802; x_wconf 83' lang='lat' dir='ltr'><strong>tanta</strong></span> <span class='ocrx_word' id='word_1_508' title='bbox 3363 750 3658 808; x_wconf 89' lang='lat' dir='ltr'><strong>moderatio</strong></span> <span class='ocrx_word' id='word_1_509' title='bbox 3690 771 3704 807; x_wconf 91' lang='lat'><strong>:</strong></span> 
     </span>
    </p>
   </div>
   <div class='ocr_carea' id='block_1_66' title="bbox 2120 839 3705 913">
    <p class='ocr_par' dir='ltr' id='par_1_66' title="bbox 2120 839 3705 913">
     <span class='ocr_line' id='line_1_66' title="bbox 2120 839 3705 913; baseline 0.004 -21"><span class='ocrx_word' id='word_1_510' title='bbox 2120 839 2206 893; x_wconf 89' lang='lat' dir='ltr'><strong>ubi</strong></span> <span class='ocrx_word' id='word_1_511' title='bbox 2248 840 2387 893; x_wconf 83' lang='lat' dir='ltr'><strong>Deus</strong></span> <span class='ocrx_word' id='word_1_512' title='bbox 2428 839 2542 909; x_wconf 90' lang='lat' dir='ltr'><strong>ipse</strong></span> <span class='ocrx_word' id='word_1_513' title='bbox 2578 839 2843 909; x_wconf 90' lang='lat' dir='ltr'><strong>loquitur,</strong></span> <span class='ocrx_word' id='word_1_514' title='bbox 2873 853 3029 908; x_wconf 88' lang='lat' dir='ltr'><strong>quam</strong></span> <span class='ocrx_word' id='word_1_515' title='bbox 3066 840 3276 895; x_wconf 88' lang='lat' dir='ltr'><strong>veniam</strong></span> <span class='ocrx_word' id='word_1_516' title='bbox 3322 854 3705 913; x_wconf 60' lang='lat' dir='ltr'><strong>assequentur,</strong></span> 
     </span>
    </p>
   </div>
   <div class='ocr_carea' id='block_1_67' title="bbox 2117 930 3708 1004">
    <p class='ocr_par' dir='ltr' id='par_1_67' title="bbox 2117 930 3708 1004">
     <span class='ocr_line' id='line_1_67' title="bbox 2117 930 3708 1004; baseline 0.005 -23"><span class='ocrx_word' id='word_1_517' title='bbox 2117 930 2208 1000; x_wconf 90' lang='lat' dir='ltr'><strong>qui</strong></span> <span class='ocrx_word' id='word_1_518' title='bbox 2239 939 2456 1000; x_wconf 91' lang='lat' dir='ltr'><strong>propter</strong></span> <span class='ocrx_word' id='word_1_519' title='bbox 2483 946 2608 985; x_wconf 91' lang='lat' dir='ltr'><strong>suos</strong></span> <span class='ocrx_word' id='word_1_520' title='bbox 2631 931 2889 985; x_wconf 89' lang='lat' dir='ltr'><strong>tumultus</strong></span> <span class='ocrx_word' id='word_1_521' title='bbox 2920 930 3236 1000; x_wconf 90' lang='lat' dir='ltr'><strong>impediunt,</strong></span> <span class='ocrx_word' id='word_1_522' title='bbox 3271 948 3340 987; x_wconf 90' lang='lat' dir='ltr'><strong>ne</strong></span> <span class='ocrx_word' id='word_1_523' title='bbox 3369 950 3488 1004; x_wconf 67' lang='lat' dir='ltr'><strong>qua:</strong></span> <span class='ocrx_word' id='word_1_524' title='bbox 3518 935 3708 992; x_wconf 82' lang='lat' dir='ltr'><strong>dicun-</strong></span> 
     </span>
    </p>
   </div>
   <div class='ocr_carea' id='block_1_68' title="bbox 2119 1021 3705 1094">
    <p class='ocr_par' dir='ltr' id='par_1_68' title="bbox 2119 1021 3705 1094">
     <span class='ocr_line' id='line_1_68' title="bbox 2119 1021 3705 1094; baseline 0.006 -20"><span class='ocrx_word' id='word_1_525' title='bbox 2119 1029 2225 1084; x_wconf 91' lang='lat' dir='ltr'><strong>tur,</strong></span> <span class='ocrx_word' id='word_1_526' title='bbox 2258 1021 2578 1077; x_wconf 85' lang='lat' dir='ltr'><strong>audiantur?</strong></span> <span class='ocrx_word' id='word_1_527' title='bbox 2603 1022 2706 1078; x_wconf 89' lang='lat' dir='ltr'><strong>Sed</strong></span> <span class='ocrx_word' id='word_1_528' title='bbox 2736 1037 2851 1087; x_wconf 85' lang='lat' dir='ltr'><strong>cur,</strong></span> <span class='ocrx_word' id='word_1_529' title='bbox 2886 1022 3078 1094; x_wconf 90' lang='lat' dir='ltr'><strong>inquit,</strong></span> <span class='ocrx_word' id='word_1_530' title='bbox 3111 1039 3216 1076; x_wconf 92' lang='lat' dir='ltr'><strong>non</strong></span> <span class='ocrx_word' id='word_1_531' title='bbox 3245 1026 3491 1080; x_wconf 86' lang='lat' dir='ltr'><strong>meminit</strong></span> <span class='ocrx_word' id='word_1_532' title='bbox 3519 1041 3705 1083; x_wconf 83' lang='lat' dir='ltr'><strong>eorum</strong></span> 
     </span>
    </p>
   </div>
   <div class='ocr_carea' id='block_1_69' title="bbox 2116 1114 3708 1188">
    <p class='ocr_par' dir='ltr' id='par_1_69' title="bbox 2116 1114 3708 1188">
     <span class='ocr_line' id='line_1_69' title="bbox 2116 1114 3708 1188; baseline 0.005 -20"><span class='ocrx_word' id='word_1_533' title='bbox 2116 1118 2205 1185; x_wconf 89' lang='lat' dir='ltr'><strong>qui</strong></span> <span class='ocrx_word' id='word_1_534' title='bbox 2229 1123 2577 1171; x_wconf 71' lang='lat' dir='ltr'><strong>excesserunt</strong></span> <span class='ocrx_word' id='word_1_535' title='bbox 2600 1131 2664 1172; x_wconf 82' lang='lat' dir='ltr'><strong>ex</strong></span> <span class='ocrx_word' id='word_1_536' title='bbox 2690 1114 2961 1188; x_wconf 64' lang='lat' dir='ltr'><strong>Egypto?</strong></span> <span class='ocrx_word' id='word_1_537' title='bbox 2990 1117 3255 1183; x_wconf 85' lang='lat' dir='ltr'><strong>Quoniam</strong></span> <span class='ocrx_word' id='word_1_538' title='bbox 3283 1132 3472 1173; x_wconf 89' lang='lat' dir='ltr'><strong>omnes</strong></span> <span class='ocrx_word' id='word_1_539' title='bbox 3498 1120 3708 1175; x_wconf 86' lang='lat' dir='ltr'><strong>cecide-</strong></span> 
     </span>
    </p>
   </div>
   <div class='ocr_carea' id='block_1_70' title="bbox 2117 1208 3710 1279">
    <p class='ocr_par' dir='ltr' id='par_1_70' title="bbox 2117 1208 3710 1279">
     <span class='ocr_line' id='line_1_70' title="bbox 2117 1208 3710 1279; baseline 0.003 -16"><span class='ocrx_word' id='word_1_540' title='bbox 2117 1220 2276 1274; x_wconf 86' lang='lat' dir='ltr'><strong>runt,</strong></span> <span class='ocrx_word' id='word_1_541' title='bbox 2303 1208 2552 1279; x_wconf 89' lang='lat' dir='ltr'><strong>quoniam</strong></span> <span class='ocrx_word' id='word_1_542' title='bbox 2607 1224 2791 1278; x_wconf 68' lang='lat' dir='ltr'><strong>prunas</strong></span> <span class='ocrx_word' id='word_1_543' title='bbox 2832 1208 3115 1266; x_wconf 87' lang='lat' dir='ltr'><strong>dederunt.</strong></span> <span class='ocrx_word' id='word_1_544' title='bbox 3162 1211 3268 1264; x_wconf 87' lang='lat' dir='ltr'><strong>Cur</strong></span> <span class='ocrx_word' id='word_1_545' title='bbox 3301 1219 3478 1266; x_wconf 78' lang='lat' dir='ltr'><strong>autem</strong></span> <span class='ocrx_word' id='word_1_546' title='bbox 3521 1228 3710 1267; x_wconf 81' lang='lat' dir='ltr'><strong>omnes</strong></span> 
     </span>
    </p>
   </div>
   <div class='ocr_carea' id='block_1_71' title="bbox 2121 1298 3707 1370">
    <p class='ocr_par' dir='ltr' id='par_1_71' title="bbox 2121 1298 3707 1370">
     <span class='ocr_line' id='line_1_71' title="bbox 2121 1298 3707 1370; baseline 0.004 -17"><span class='ocrx_word' id='word_1_547' title='bbox 2121 1299 2440 1367; x_wconf 88' lang='lat' dir='ltr'><strong>perierunt?</strong></span> <span class='ocrx_word' id='word_1_548' title='bbox 2469 1299 2601 1366; x_wconf 90' lang='lat' dir='ltr'><strong>Quia</strong></span> <span class='ocrx_word' id='word_1_549' title='bbox 2646 1298 2797 1354; x_wconf 88' lang='lat' dir='ltr'><strong>valde</strong></span> <span class='ocrx_word' id='word_1_550' title='bbox 2827 1310 3142 1370; x_wconf 85' lang='lat' dir='ltr'><strong>peccarunt.</strong></span> <span class='ocrx_word' id='word_1_551' title='bbox 3177 1298 3313 1356; x_wconf 82' lang='lat' dir='ltr'><strong>Hine</strong></span> <span class='ocrx_word' id='word_1_552' title='bbox 3342 1311 3518 1357; x_wconf 88' lang='lat' dir='ltr'><strong>autem</strong></span> <span class='ocrx_word' id='word_1_553' title='bbox 3565 1305 3707 1359; x_wconf 84' lang='lat' dir='ltr'><strong>aliud</strong></span> 
     </span>
    </p>
   </div>
   <div class='ocr_carea' id='block_1_72' title="bbox 2116 1389 3707 1463">
    <p class='ocr_par' dir='ltr' id='par_1_72' title="bbox 2116 1389 3707 1463">
     <span class='ocr_line' id='line_1_72' title="bbox 2116 1389 3707 1463; baseline 0.005 -22"><span class='ocrx_word' id='word_1_554' title='bbox 2116 1404 2329 1460; x_wconf 86' lang='lat' dir='ltr'><strong>quoque</strong></span> <span class='ocrx_word' id='word_1_555' title='bbox 2355 1389 2606 1458; x_wconf 88' lang='lat' dir='ltr'><strong>providit,</strong></span> <span class='ocrx_word' id='word_1_556' title='bbox 2637 1391 2808 1458; x_wconf 90' lang='lat' dir='ltr'><strong>utqui</strong></span> <span class='ocrx_word' id='word_1_557' title='bbox 2841 1389 3179 1445; x_wconf 64' lang='lat' dir='ltr'><strong>Palatstinam</strong></span> <span class='ocrx_word' id='word_1_558' title='bbox 3220 1401 3372 1446; x_wconf 82' lang='lat' dir='ltr'><strong>erant</strong></span> <span class='ocrx_word' id='word_1_559' title='bbox 3396 1395 3707 1463; x_wconf 85' lang='lat' dir='ltr'><strong>occupaturi</strong></span> 
     </span>
    </p>
   </div>
   <div class='ocr_carea' id='block_1_73' title="bbox 2123 1479 3701 1556">
    <p class='ocr_par' dir='ltr' id='par_1_73' title="bbox 2123 1479 3701 1556">
     <span class='ocr_line' id='line_1_73' title="bbox 2123 1479 3701 1556; baseline -0.007 -14"><span class='ocrx_word' id='word_1_560' title='bbox 2123 1486 2264 1542; x_wconf 84' lang='lat' dir='ltr'><strong>mala</strong></span> <span class='ocrx_word' id='word_1_561' title='bbox 2295 1501 2417 1556; x_wconf 68' lang='lat' dir='ltr'><strong>qua:</strong></span> <span class='ocrx_word' id='word_1_562' title='bbox 2460 1490 2616 1538; x_wconf 90' lang='lat' dir='ltr'><strong>erant</strong></span> <span class='ocrx_word' id='word_1_563' title='bbox 2645 1482 2700 1536; x_wconf 86' lang='lat' dir='ltr'><strong>in</strong></span> <span class='ocrx_word' id='word_1_564' title='bbox 2732 1480 2967 1553; x_wconf 66' lang='lat' dir='ltr'><strong>Egypto</strong></span> <span class='ocrx_word' id='word_1_565' title='bbox 3015 1495 3121 1534; x_wconf 92' lang='lat' dir='ltr'><strong>non</strong></span> <span class='ocrx_word' id='word_1_566' title='bbox 3162 1479 3436 1543; x_wconf 82' lang='lat' dir='ltr'><strong>viderent,</strong></span> <span class='ocrx_word' id='word_1_567' title='bbox 3484 1495 3701 1534; x_wconf 88' lang='lat' dir='ltr'><strong>omnem</strong></span> 
     </span>
    </p>
   </div>
   <div class='ocr_carea' id='block_1_74' title="bbox 2121 1572 3703 1648">
    <p class='ocr_par' dir='ltr' id='par_1_74' title="bbox 2121 1572 3703 1648">
     <span class='ocr_line' id='line_1_74' title="bbox 2121 1572 3703 1648; baseline -0.004 -14"><span class='ocrx_word' id='word_1_568' title='bbox 2121 1594 2315 1647; x_wconf 86' lang='lat' dir='ltr'><strong>nempe</strong></span> <span class='ocrx_word' id='word_1_569' title='bbox 2360 1576 2832 1648; x_wconf 88' lang='lat' dir='ltr'><strong>superstitionem,</strong></span> <span class='ocrx_word' id='word_1_570' title='bbox 2872 1589 3089 1629; x_wconf 90' lang='lat' dir='ltr'><strong>omnem</strong></span> <span class='ocrx_word' id='word_1_571' title='bbox 3142 1572 3497 1642; x_wconf 85' lang='lat' dir='ltr'><strong>impietatem,</strong></span> <span class='ocrx_word' id='word_1_572' title='bbox 3548 1580 3602 1627; x_wconf 88' lang='lat' dir='ltr'><strong>et</strong></span> <span class='ocrx_word' id='word_1_573' title='bbox 3645 1579 3703 1627; x_wconf 86' lang='lat' dir='ltr'><strong>ut</strong></span> 
     </span>
    </p>
   </div>
   <div class='ocr_carea' id='block_1_75' title="bbox 2120 1663 3703 1740">
    <p class='ocr_par' dir='ltr' id='par_1_75' title="bbox 2120 1663 3703 1740">
     <span class='ocr_line' id='line_1_75' title="bbox 2120 1663 3703 1740; baseline -0.006 -14"><span class='ocrx_word' id='word_1_574' title='bbox 2120 1668 2670 1740; x_wconf 72' lang='lat' dir='ltr'><strong>tantzeimprohitalis</strong></span> <span class='ocrx_word' id='word_1_575' title='bbox 2695 1667 2905 1722; x_wconf 93' lang='lat' dir='ltr'><strong>nullum</strong></span> <span class='ocrx_word' id='word_1_576' title='bbox 2931 1666 3254 1735; x_wconf 85' lang='lat' dir='ltr'><strong>magistrum</strong></span> <span class='ocrx_word' id='word_1_577' title='bbox 3276 1666 3561 1719; x_wconf 87' lang='lat' dir='ltr'><strong>haberent.</strong></span> <span class='ocrx_word' id='word_1_578' title='bbox 3596 1663 3703 1717; x_wconf 81' lang='lat' dir='ltr'><strong>Eos</strong></span> 
     </span>
    </p>
   </div>
   <div class='ocr_carea' id='block_1_76' title="bbox 2121 1754 3705 1831">
    <p class='ocr_par' dir='ltr' id='par_1_76' title="bbox 2121 1754 3705 1831">
     <span class='ocr_line' id='line_1_76' title="bbox 2121 1754 3705 1831; baseline -0.005 -16"><span class='ocrx_word' id='word_1_579' title='bbox 2121 1762 2265 1816; x_wconf 86' lang='lat' dir='ltr'><strong>enim</strong></span> <span class='ocrx_word' id='word_1_580' title='bbox 2296 1759 2367 1813; x_wconf 91' lang='lat' dir='ltr'><strong>ita</strong></span> <span class='ocrx_word' id='word_1_581' title='bbox 2397 1764 2809 1831; x_wconf 70' lang='lat' dir='ltr'><strong>prazoccuparat</strong></span> <span class='ocrx_word' id='word_1_582' title='bbox 2834 1755 3223 1828; x_wconf 69' lang='lat' dir='ltr'><strong>Egyptiorum</strong></span> <span class='ocrx_word' id='word_1_583' title='bbox 3253 1754 3619 1821; x_wconf 88' lang='lat' dir='ltr'><strong>consuetudo,</strong></span> <span class='ocrx_word' id='word_1_584' title='bbox 3648 1762 3705 1809; x_wconf 82' lang='lat' dir='ltr'><strong>et</strong></span> 
     </span>
    </p>
   </div>
   <div class='ocr_carea' id='block_1_77' title="bbox 2120 1855 3711 1927">
    <p class='ocr_par' dir='ltr' id='par_1_77' title="bbox 2120 1855 3711 1927">
     <span class='ocr_line' id='line_1_77' title="bbox 2120 1855 3711 1927; baseline -0.004 -13"><span class='ocrx_word' id='word_1_585' title='bbox 2120 1874 2216 1914; x_wconf 87' lang='lat' dir='ltr'><strong>eos</strong></span> <span class='ocrx_word' id='word_1_586' title='bbox 2244 1857 2317 1911; x_wconf 90' lang='lat' dir='ltr'><strong>ita</strong></span> <span class='ocrx_word' id='word_1_587' title='bbox 2343 1865 2584 1927; x_wconf 86' lang='lat' dir='ltr'><strong>ceperat,</strong></span> <span class='ocrx_word' id='word_1_588' title='bbox 2622 1863 2832 1926; x_wconf 73' lang='lat' dir='ltr'><strong>utpost</strong></span> <span class='ocrx_word' id='word_1_589' title='bbox 2869 1863 2949 1910; x_wconf 90' lang='lat' dir='ltr'><strong>tot</strong></span> <span class='ocrx_word' id='word_1_590' title='bbox 2985 1855 3252 1910; x_wconf 89' lang='lat' dir='ltr'><strong>miracula</strong></span> <span class='ocrx_word' id='word_1_591' title='bbox 3286 1872 3354 1909; x_wconf 87' lang='lat' dir='ltr'><strong>ne</strong></span> <span class='ocrx_word' id='word_1_592' title='bbox 3392 1856 3445 1909; x_wconf 91' lang='lat' dir='ltr'><strong>in</strong></span> <span class='ocrx_word' id='word_1_593' title='bbox 3482 1856 3711 1911; x_wconf 75' lang='lat' dir='ltr'><strong>deserto</strong></span> 
     </span>
    </p>
   </div>
   <div class='ocr_carea' id='block_1_78' title="bbox 2122 1944 3709 2021">
    <p class='ocr_par' dir='ltr' id='par_1_78' title="bbox 2122 1944 3709 2021">
     <span class='ocr_line' id='line_1_78' title="bbox 2122 1944 3709 2021; baseline -0.003 -20"><span class='ocrx_word' id='word_1_594' title='bbox 2122 1948 2338 2021; x_wconf 79' lang='lat' dir='ltr'><strong>quidem</strong></span> <span class='ocrx_word' id='word_1_595' title='bbox 2374 1966 2508 2020; x_wconf 87' lang='lat' dir='ltr'><strong>pure</strong></span> <span class='ocrx_word' id='word_1_596' title='bbox 2526 1949 2733 2003; x_wconf 73' lang='lat' dir='ltr'><strong>erroris</strong></span> <span class='ocrx_word' id='word_1_597' title='bbox 2759 1944 3021 2019; x_wconf 85' lang='lat' dir='ltr'><strong>reliquias</strong></span> <span class='ocrx_word' id='word_1_598' title='bbox 3044 1948 3440 2018; x_wconf 79' lang='lat' dir='ltr'><strong>abstergerent.</strong></span> <span class='ocrx_word' id='word_1_599' title='bbox 3467 1946 3623 2015; x_wconf 90' lang='lat' dir='ltr'><strong>Quod</strong></span> <span class='ocrx_word' id='word_1_600' title='bbox 3655 1948 3709 2003; x_wconf 86' lang='lat' dir='ltr'><strong>si.</strong></span> 
     </span>
    </p>
   </div>
   <div class='ocr_carea' id='block_1_79' title="bbox 2119 2041 3709 2115">
    <p class='ocr_par' dir='ltr' id='par_1_79' title="bbox 2119 2041 3709 2115">
     <span class='ocr_line' id='line_1_79' title="bbox 2119 2041 3709 2115; baseline -0.005 -13"><span class='ocrx_word' id='word_1_601' title='bbox 2119 2048 2281 2102; x_wconf 89' lang='lat' dir='ltr'><strong>etiam</strong></span> <span class='ocrx_word' id='word_1_602' title='bbox 2302 2046 2578 2115; x_wconf 88' lang='lat' dir='ltr'><strong>cepissent</strong></span> <span class='ocrx_word' id='word_1_603' title='bbox 2601 2045 2942 2101; x_wconf 74' lang='lat' dir='ltr'><strong>Cbananacos</strong></span> <span class='ocrx_word' id='word_1_604' title='bbox 2962 2043 3240 2113; x_wconf 89' lang='lat' dir='ltr'><strong>prioribus</strong></span> <span class='ocrx_word' id='word_1_605' title='bbox 3260 2041 3562 2097; x_wconf 73' lang='lat' dir='ltr'><strong>deteriores</strong></span> <span class='ocrx_word' id='word_1_606' title='bbox 3588 2059 3671 2094; x_wconf 88' lang='lat' dir='ltr'><strong>ma</strong></span> <span class='ocrx_word' id='word_1_607' title='bbox 3687 2072 3709 2082; x_wconf 67' lang='grc' dir='ltr'><strong><em>τ</em></strong></span> 
     </span>
    </p>
   </div>
   <div class='ocr_carea' id='block_1_80' title="bbox 2119 2132 3711 2210">
    <p class='ocr_par' dir='ltr' id='par_1_80' title="bbox 2119 2132 3711 2210">
     <span class='ocr_line' id='line_1_80' title="bbox 2119 2132 3711 2210; baseline -0.003 -20"><span class='ocrx_word' id='word_1_608' title='bbox 2119 2139 2468 2210; x_wconf 82' lang='lat' dir='ltr'><strong>gistrus,quo</strong></span> <span class='ocrx_word' id='word_1_609' title='bbox 2502 2152 2609 2191; x_wconf 92' lang='lat' dir='ltr'><strong>non</strong></span> <span class='ocrx_word' id='word_1_610' title='bbox 2647 2135 2922 2206; x_wconf 85' lang='lat' dir='ltr'><strong>erupisset</strong></span> <span class='ocrx_word' id='word_1_611' title='bbox 2951 2150 3141 2190; x_wconf 88' lang='lat' dir='ltr'><strong>eorum</strong></span> <span class='ocrx_word' id='word_1_612' title='bbox 3175 2134 3464 2204; x_wconf 82' lang='lat' dir='ltr'><strong>impietas?</strong></span> <span class='ocrx_word' id='word_1_613' title='bbox 3486 2132 3552 2188; x_wconf 84' lang='lat' dir='ltr'><strong>Et</strong></span> <span class='ocrx_word' id='word_1_614' title='bbox 3582 2134 3711 2186; x_wconf 71' lang='lat' dir='ltr'><strong>idco-</strong></span> 
     </span>
    </p>
   </div>
   <div class='ocr_carea' id='block_1_81' title="bbox 2117 2227 3712 2302">
    <p class='ocr_par' dir='ltr' id='par_1_81' title="bbox 2117 2227 3712 2302">
     <span class='ocr_line' id='line_1_81' title="bbox 2117 2227 3712 2302; baseline -0.004 -13"><span class='ocrx_word' id='word_1_615' title='bbox 2117 2247 2217 2289; x_wconf 90' lang='lat' dir='ltr'><strong>eos</strong></span> <span class='ocrx_word' id='word_1_616' title='bbox 2248 2231 2338 2302; x_wconf 78' lang='lat' dir='ltr'><strong>qui</strong></span> <span class='ocrx_word' id='word_1_617' title='bbox 2388 2231 2505 2285; x_wconf 86' lang='lat' dir='ltr'><strong>nati</strong></span> <span class='ocrx_word' id='word_1_618' title='bbox 2548 2239 2706 2286; x_wconf 86' lang='lat' dir='ltr'><strong>erant</strong></span> <span class='ocrx_word' id='word_1_619' title='bbox 2736 2230 3008 2286; x_wconf 92' lang='lat' dir='ltr'><strong>continuit</strong></span> <span class='ocrx_word' id='word_1_620' title='bbox 3053 2230 3108 2284; x_wconf 89' lang='lat' dir='ltr'><strong>in</strong></span> <span class='ocrx_word' id='word_1_621' title='bbox 3144 2229 3384 2291; x_wconf 87' lang='lat' dir='ltr'><strong>deserto,</strong></span> <span class='ocrx_word' id='word_1_622' title='bbox 3417 2227 3592 2285; x_wconf 89' lang='lat' dir='ltr'><strong>donec</strong></span> <span class='ocrx_word' id='word_1_623' title='bbox 3634 2228 3712 2283; x_wconf 61' lang='lat' dir='ltr'><strong>ad:</strong></span> 
     </span>
    </p>
   </div>
   <div class='ocr_carea' id='block_1_82' title="bbox 2119 2320 3384 2394">
    <p class='ocr_par' dir='ltr' id='par_1_82' title="bbox 2119 2320 3384 2394">
     <span class='ocr_line' id='line_1_82' title="bbox 2119 2320 3384 2394; baseline -0.005 -15"><span class='ocrx_word' id='word_1_624' title='bbox 2119 2326 2364 2379; x_wconf 87' lang='lat' dir='ltr'><strong>virorqu</strong></span> <span class='ocrx_word' id='word_1_625' title='bbox 2392 2333 2607 2378; x_wconf 67' lang='lat' dir='ltr'><strong>natalem</strong></span> <span class='ocrx_word' id='word_1_626' title='bbox 2632 2323 3016 2394; x_wconf 86' lang='lat' dir='ltr'><strong>pervenissent</strong></span> <span class='ocrx_word' id='word_1_627' title='bbox 3044 2337 3235 2376; x_wconf 89' lang='lat' dir='ltr'><strong>eorum</strong></span> <span class='ocrx_word' id='word_1_628' title='bbox 3266 2320 3384 2375; x_wconf 89' lang='lat' dir='ltr'><strong>filii.</strong></span> 
     </span>
    </p>
   </div>
   <div class='ocr_carea' id='block_1_83' title="bbox 2189 2408 3713 2487">
    <p class='ocr_par' dir='ltr' id='par_1_83' title="bbox 2189 2408 3713 2487">
     <span class='ocr_line' id='line_1_83' title="bbox 2189 2408 3713 2487; baseline -0.005 -16"><span class='ocrx_word' id='word_1_629' title='bbox 2189 2416 2244 2471; x_wconf 75' lang='grc'><strong>4.</strong></span> <span class='ocrx_word' id='word_1_630' title='bbox 2288 2414 2411 2469; x_wconf 65' lang='lat' dir='ltr'><strong>llaec</strong></span> <span class='ocrx_word' id='word_1_631' title='bbox 2439 2422 2619 2469; x_wconf 85' lang='lat' dir='ltr'><strong>autem</strong></span> <span class='ocrx_word' id='word_1_632' title='bbox 2654 2414 2929 2487; x_wconf 86' lang='lat' dir='ltr'><strong>|oquimur</strong></span> <span class='ocrx_word' id='word_1_633' title='bbox 2953 2429 3061 2467; x_wconf 89' lang='lat' dir='ltr'><strong>non</strong></span> <span class='ocrx_word' id='word_1_634' title='bbox 3082 2429 3147 2468; x_wconf 83' lang='lat' dir='ltr'><strong>ex</strong></span> <span class='ocrx_word' id='word_1_635' title='bbox 3180 2412 3360 2475; x_wconf 84' lang='lat' dir='ltr'><strong>nobis,</strong></span> <span class='ocrx_word' id='word_1_636' title='bbox 3384 2408 3477 2466; x_wconf 86' lang='lat' dir='ltr'><strong>sed</strong></span> <span class='ocrx_word' id='word_1_637' title='bbox 3498 2427 3529 2466; x_wconf 87' lang='lat' dir='ltr'><strong>e</strong></span> <span class='ocrx_word' id='word_1_638' title='bbox 3552 2410 3713 2466; x_wconf 78' lang='lat' dir='ltr'><strong>Scri-</strong></span> 
     </span>
    </p>
   </div>
   <div class='ocr_carea' id='block_1_84' title="bbox 2122 2498 3761 2577">
    <p class='ocr_par' dir='ltr' id='par_1_84' title="bbox 2122 2498 3761 2577">
     <span class='ocr_line' id='line_1_84' title="bbox 2122 2498 3761 2577; baseline -0.001 -19"><span class='ocrx_word' id='word_1_639' title='bbox 2122 2504 2300 2577; x_wconf 80' lang='lat' dir='ltr'><strong>pluris</strong></span> <span class='ocrx_word' id='word_1_640' title='bbox 2343 2504 2688 2573; x_wconf 87' lang='lat' dir='ltr'><strong>deprompta.</strong></span> <span class='ocrx_word' id='word_1_641' title='bbox 2721 2501 2858 2557; x_wconf 82' lang='lat' dir='ltr'><strong>Nam</strong></span> <span class='ocrx_word' id='word_1_642' title='bbox 2904 2518 3001 2573; x_wconf 90' lang='lat' dir='ltr'><strong>per</strong></span> <span class='ocrx_word' id='word_1_643' title='bbox 3051 2501 3393 2557; x_wconf 82' lang='lat' dir='ltr'><strong>Ezechielem</strong></span> <span class='ocrx_word' id='word_1_644' title='bbox 3430 2501 3574 2556; x_wconf 87' lang='lat' dir='ltr'><strong>Dens</strong></span> <span class='ocrx_word' id='word_1_645' title='bbox 3604 2498 3761 2557; x_wconf 58' lang='lat' dir='ltr'><strong>hoc-</strong></span> 
     </span>
    </p>
   </div>
   <div class='ocr_carea' id='block_1_85' title="bbox 2120 2593 3705 2670">
    <p class='ocr_par' dir='ltr' id='par_1_85' title="bbox 2120 2593 3705 2670">
     <span class='ocr_line' id='line_1_85' title="bbox 2120 2593 3705 2670; baseline -0.006 -17"><span class='ocrx_word' id='word_1_646' title='bbox 2120 2598 2299 2670; x_wconf 88' lang='lat' dir='ltr'><strong>ipsum</strong></span> <span class='ocrx_word' id='word_1_647' title='bbox 2324 2597 2404 2651; x_wconf 89' lang='lat' dir='ltr'><strong>eis</strong></span> <span class='ocrx_word' id='word_1_648' title='bbox 2422 2596 2737 2668; x_wconf 77' lang='lat' dir='ltr'><strong>exprobrat,</strong></span> <span class='ocrx_word' id='word_1_649' title='bbox 2758 2594 2904 2664; x_wconf 93' lang='lat' dir='ltr'><strong>quod</strong></span> <span class='ocrx_word' id='word_1_650' title='bbox 2929 2611 3050 2649; x_wconf 90' lang='lat' dir='ltr'><strong>cum</strong></span> <span class='ocrx_word' id='word_1_651' title='bbox 3080 2610 3174 2649; x_wconf 87' lang='lat' dir='ltr'><strong>eos</strong></span> <span class='ocrx_word' id='word_1_652' title='bbox 3195 2598 3247 2649; x_wconf 91' lang='lat' dir='ltr'><strong>in</strong></span> <span class='ocrx_word' id='word_1_653' title='bbox 3266 2594 3542 2651; x_wconf 87' lang='lat' dir='ltr'><strong>desertum</strong></span> <span class='ocrx_word' id='word_1_654' title='bbox 3570 2593 3705 2649; x_wconf 55' lang='lat' dir='ltr'><strong>edu’</strong></span> 
     </span>
    </p>
   </div>
   <div class='ocr_carea' id='block_1_86' title="bbox 2118 2684 3705 2755">
    <p class='ocr_par' dir='ltr' id='par_1_86' title="bbox 2118 2684 3705 2755">
     <span class='ocr_line' id='line_1_86' title="bbox 2118 2684 3705 2755; baseline -0.005 -9"><span class='ocrx_word' id='word_1_655' title='bbox 2118 2690 2314 2755; x_wconf 85' lang='lat' dir='ltr'><strong>xissct,</strong></span> <span class='ocrx_word' id='word_1_656' title='bbox 2332 2697 2388 2744; x_wconf 89' lang='lat' dir='ltr'><strong>et</strong></span> <span class='ocrx_word' id='word_1_657' title='bbox 2416 2688 2646 2742; x_wconf 90' lang='lat' dir='ltr'><strong>multum</strong></span> <span class='ocrx_word' id='word_1_658' title='bbox 2677 2703 2801 2741; x_wconf 91' lang='lat' dir='ltr'><strong>cum</strong></span> <span class='ocrx_word' id='word_1_659' title='bbox 2818 2686 2899 2742; x_wconf 88' lang='lat' dir='ltr'><strong>eis</strong></span> <span class='ocrx_word' id='word_1_660' title='bbox 2922 2686 3301 2747; x_wconf 87' lang='lat' dir='ltr'><strong>disseruisset,</strong></span> <span class='ocrx_word' id='word_1_661' title='bbox 3319 2701 3426 2740; x_wconf 92' lang='lat' dir='ltr'><strong>non</strong></span> <span class='ocrx_word' id='word_1_662' title='bbox 3441 2684 3705 2741; x_wconf 89' lang='lat' dir='ltr'><strong>audieba-</strong></span> 
     </span>
    </p>
   </div>
   <div class='ocr_carea' id='block_1_87' title="bbox 2117 2778 3707 2855">
    <p class='ocr_par' dir='ltr' id='par_1_87' title="bbox 2117 2778 3707 2855">
     <span class='ocr_line' id='line_1_87' title="bbox 2117 2778 3707 2855; baseline -0.003 -17"><span class='ocrx_word' id='word_1_663' title='bbox 2117 2792 2207 2839; x_wconf 91' lang='lat' dir='ltr'><strong>tur</strong></span> <span class='ocrx_word' id='word_1_664' title='bbox 2236 2781 2452 2854; x_wconf 80' lang='lat' dir='ltr'><strong>(Ezech.</strong></span> <span class='ocrx_word' id='word_1_665' title='bbox 2473 2781 2565 2838; x_wconf 72' lang='lat'><strong>20.</strong></span> <span class='ocrx_word' id='word_1_666' title='bbox 2593 2781 2701 2851; x_wconf 81' lang='grc'><strong>10).</strong></span> <span class='ocrx_word' id='word_1_667' title='bbox 2726 2779 2830 2835; x_wconf 88' lang='lat' dir='ltr'><strong>Sed</strong></span> <span class='ocrx_word' id='word_1_668' title='bbox 2851 2794 2957 2850; x_wconf 88' lang='lat' dir='ltr'><strong>qua</strong></span> <span class='ocrx_word' id='word_1_669' title='bbox 2975 2779 3044 2834; x_wconf 89' lang='lat' dir='ltr'><strong>de</strong></span> <span class='ocrx_word' id='word_1_670' title='bbox 3065 2778 3520 2855; x_wconf 87' lang='lat' dir='ltr'><strong>causajussiteos</strong></span> <span class='ocrx_word' id='word_1_671' title='bbox 3536 2778 3707 2833; x_wconf 76' lang='lat' dir='ltr'><strong>armis</strong></span> 
     </span>
    </p>
   </div>
   <div class='ocr_carea' id='block_1_88' title="bbox 2118 2867 3717 2943">
    <p class='ocr_par' dir='ltr' id='par_1_88' title="bbox 2118 2867 3717 2943">
     <span class='ocr_line' id='line_1_88' title="bbox 2118 2867 3717 2943; baseline -0.008 -11"><span class='ocrx_word' id='word_1_672' title='bbox 2118 2876 2295 2939; x_wconf 87' lang='lat' dir='ltr'><strong>indui,</strong></span> <span class='ocrx_word' id='word_1_673' title='bbox 2319 2890 2445 2930; x_wconf 91' lang='lat' dir='ltr'><strong>cum</strong></span> <span class='ocrx_word' id='word_1_674' title='bbox 2477 2882 2667 2930; x_wconf 88' lang='lat' dir='ltr'><strong>essent</strong></span> <span class='ocrx_word' id='word_1_675' title='bbox 2686 2869 2999 2943; x_wconf 75' lang='lat' dir='ltr'><strong>aggressuri</strong></span> <span class='ocrx_word' id='word_1_676' title='bbox 3030 2868 3290 2926; x_wconf 89' lang='lat' dir='ltr'><strong>Iericho?</strong></span> <span class='ocrx_word' id='word_1_677' title='bbox 3314 2867 3529 2925; x_wconf 83' lang='lat' dir='ltr'><strong>Fuisset</strong></span> <span class='ocrx_word' id='word_1_678' title='bbox 3557 2868 3717 2923; x_wconf 91' lang='lat' dir='ltr'><strong>enim.</strong></span> 
     </span>
    </p>
   </div>
   <div class='ocr_carea' id='block_1_89' title="bbox 2118 2954 3704 3028">
    <p class='ocr_par' dir='ltr' id='par_1_89' title="bbox 2118 2954 3704 3028">
     <span class='ocr_line' id='line_1_89' title="bbox 2118 2954 3704 3028; baseline -0.008 -3"><span class='ocrx_word' id='word_1_679' title='bbox 2118 2966 2574 3028; x_wconf 85' lang='lat' dir='ltr'><strong>admirabilius,si</strong></span> <span class='ocrx_word' id='word_1_680' title='bbox 2596 2965 2698 3020; x_wconf 92' lang='lat' dir='ltr'><strong>hoc</strong></span> <span class='ocrx_word' id='word_1_681' title='bbox 2717 2954 3116 3020; x_wconf 81' lang='lat' dir='ltr'><strong>fecissentsine</strong></span> <span class='ocrx_word' id='word_1_682' title='bbox 3130 2961 3320 3017; x_wconf 87' lang='lat' dir='ltr'><strong>armis.</strong></span> <span class='ocrx_word' id='word_1_683' title='bbox 3339 2961 3564 3017; x_wconf 91' lang='lat' dir='ltr'><strong>Scilicet</strong></span> <span class='ocrx_word' id='word_1_684' title='bbox 3581 2976 3704 3014; x_wconf 91' lang='lat' dir='ltr'><strong>cum</strong></span> 
     </span>
    </p>
   </div>
   <div class='ocr_carea' id='block_1_90' title="bbox 2110 3054 3708 3133">
    <p class='ocr_par' dir='ltr' id='par_1_90' title="bbox 2110 3054 3708 3133">
     <span class='ocr_line' id='line_1_90' title="bbox 2110 3054 3708 3133; baseline -0.005 -16"><span class='ocrx_word' id='word_1_685' title='bbox 2110 3062 2305 3133; x_wconf 86' lang='lat' dir='ltr'><strong>jubeat</strong></span> <span class='ocrx_word' id='word_1_686' title='bbox 2333 3059 2540 3131; x_wconf 84' lang='lat' dir='ltr'><strong>aliquid</strong></span> <span class='ocrx_word' id='word_1_687' title='bbox 2567 3059 2869 3113; x_wconf 89' lang='lat' dir='ltr'><strong>humanum</strong></span> <span class='ocrx_word' id='word_1_688' title='bbox 2902 3054 3107 3119; x_wconf 86' lang='lat' dir='ltr'><strong>facere,</strong></span> <span class='ocrx_word' id='word_1_689' title='bbox 3150 3062 3209 3111; x_wconf 87' lang='lat' dir='ltr'><strong>et</strong></span> <span class='ocrx_word' id='word_1_690' title='bbox 3248 3054 3456 3126; x_wconf 81' lang='lat' dir='ltr'><strong>aliquid</strong></span> <span class='ocrx_word' id='word_1_691' title='bbox 3504 3054 3708 3111; x_wconf 86' lang='lat' dir='ltr'><strong>sensile</strong></span> 
     </span>
    </p>
   </div>
   <div class='ocr_carea' id='block_1_91' title="bbox 2118 3145 3702 3223">
    <p class='ocr_par' dir='ltr' id='par_1_91' title="bbox 2118 3145 3702 3223">
     <span class='ocr_line' id='line_1_91' title="bbox 2118 3145 3702 3223; baseline -0.006 -12"><span class='ocrx_word' id='word_1_692' title='bbox 2118 3155 2382 3210; x_wconf 87' lang='lat' dir='ltr'><strong>auxilium</strong></span> <span class='ocrx_word' id='word_1_693' title='bbox 2411 3145 2684 3223; x_wconf 77' lang='lat' dir='ltr'><strong>accipere,</strong></span> <span class='ocrx_word' id='word_1_694' title='bbox 2718 3151 2823 3206; x_wconf 85' lang='lat' dir='ltr'><strong>hoc</strong></span> <span class='ocrx_word' id='word_1_695' title='bbox 2851 3149 2991 3205; x_wconf 86' lang='lat' dir='ltr'><strong>facit</strong></span> <span class='ocrx_word' id='word_1_696' title='bbox 3008 3165 3067 3208; x_wconf 89' lang='lat' dir='ltr'><strong>se</strong></span> <span class='ocrx_word' id='word_1_697' title='bbox 3101 3148 3397 3204; x_wconf 85' lang='lat' dir='ltr'><strong>demittens</strong></span> <span class='ocrx_word' id='word_1_698' title='bbox 3422 3146 3488 3202; x_wconf 90' lang='lat' dir='ltr'><strong>ad</strong></span> <span class='ocrx_word' id='word_1_699' title='bbox 3511 3162 3702 3202; x_wconf 82' lang='lat' dir='ltr'><strong>eorum</strong></span> 
     </span>
    </p>
   </div>
   <div class='ocr_carea' id='block_1_92' title="bbox 2115 3238 3715 3314">
    <p class='ocr_par' dir='ltr' id='par_1_92' title="bbox 2115 3238 3715 3314">
     <span class='ocr_line' id='line_1_92' title="bbox 2115 3238 3715 3314; baseline -0.006 -11"><span class='ocrx_word' id='word_1_700' title='bbox 2115 3245 2726 3312; x_wconf 83' lang='lat' dir='ltr'><strong>imbecillitatein.Quid</strong></span> <span class='ocrx_word' id='word_1_701' title='bbox 2746 3242 3205 3314; x_wconf 88' lang='lat' dir='ltr'><strong>potuerunteuim</strong></span> <span class='ocrx_word' id='word_1_702' title='bbox 3227 3239 3617 3296; x_wconf 79' lang='lat' dir='ltr'><strong>armacllicere</strong></span> <span class='ocrx_word' id='word_1_703' title='bbox 3638 3238 3715 3294; x_wconf 87' lang='lat' dir='ltr'><strong>ad</strong></span> 
     </span>
    </p>
   </div>
   <div class='ocr_carea' id='block_1_93' title="bbox 2115 3331 3711 3408">
    <p class='ocr_par' dir='ltr' id='par_1_93' title="bbox 2115 3331 3711 3408">
     <span class='ocr_line' id='line_1_93' title="bbox 2115 3331 3711 3408; baseline -0.007 -14"><span class='ocrx_word' id='word_1_704' title='bbox 2115 3333 2308 3396; x_wconf 87' lang='lat' dir='ltr'><strong>muros</strong></span> <span class='ocrx_word' id='word_1_705' title='bbox 2345 3338 2647 3395; x_wconf 82' lang='lat' dir='ltr'><strong>diruendas</strong></span> <span class='ocrx_word' id='word_1_706' title='bbox 2676 3339 2700 3391; x_wconf 93' lang='lat'><strong>?</strong></span> <span class='ocrx_word' id='word_1_707' title='bbox 2727 3336 2860 3408; x_wconf 87' lang='lat' dir='ltr'><strong>quid</strong></span> <span class='ocrx_word' id='word_1_708' title='bbox 2893 3351 3022 3393; x_wconf 89' lang='lat' dir='ltr'><strong>vero</strong></span> <span class='ocrx_word' id='word_1_709' title='bbox 3054 3334 3278 3405; x_wconf 76' lang='lat' dir='ltr'><strong>clangor</strong></span> <span class='ocrx_word' id='word_1_710' title='bbox 3321 3331 3618 3387; x_wconf 85' lang='lat' dir='ltr'><strong>tubarum?</strong></span> <span class='ocrx_word' id='word_1_711' title='bbox 3649 3331 3711 3386; x_wconf 88' lang='lat' dir='ltr'><strong>Si</strong></span> 
     </span>
    </p>
   </div>
   <div class='ocr_carea' id='block_1_94' title="bbox 2113 3420 3719 3490">
    <p class='ocr_par' dir='ltr' id='par_1_94' title="bbox 2113 3420 3719 3490">
     <span class='ocr_line' id='line_1_94' title="bbox 2113 3420 3719 3490; baseline -0.009 -2"><span class='ocrx_word' id='word_1_712' title='bbox 2113 3432 2259 3488; x_wconf 81' lang='lat' dir='ltr'><strong>enim</strong></span> <span class='ocrx_word' id='word_1_713' title='bbox 2281 3429 2474 3485; x_wconf 87' lang='lat' dir='ltr'><strong>fuisset</strong></span> <span class='ocrx_word' id='word_1_714' title='bbox 2487 3429 2689 3485; x_wconf 90' lang='lat' dir='ltr'><strong>bellum</strong></span> <span class='ocrx_word' id='word_1_715' title='bbox 2705 3427 2973 3483; x_wconf 88' lang='lat' dir='ltr'><strong>adversus</strong></span> <span class='ocrx_word' id='word_1_716' title='bbox 2989 3422 3294 3487; x_wconf 85' lang='lat' dir='ltr'><strong>homines,f</strong></span> <span class='ocrx_word' id='word_1_717' title='bbox 3296 3423 3466 3478; x_wconf 88' lang='lat' dir='ltr'><strong>uisset</strong></span> <span class='ocrx_word' id='word_1_718' title='bbox 3483 3420 3719 3490; x_wconf 82' lang='lat' dir='ltr'><strong>aliquod</strong></span> 
     </span>
    </p>
   </div>
   <div class='ocr_carea' id='block_1_95' title="bbox 2113 3516 3704 3589">
    <p class='ocr_par' dir='ltr' id='par_1_95' title="bbox 2113 3516 3704 3589">
     <span class='ocr_line' id='line_1_95' title="bbox 2113 3516 3704 3589; baseline -0.009 -10"><span class='ocrx_word' id='word_1_719' title='bbox 2113 3531 2453 3579; x_wconf 83' lang='lat' dir='ltr'><strong>momentum</strong></span> <span class='ocrx_word' id='word_1_720' title='bbox 2480 3522 2536 3576; x_wconf 89' lang='lat' dir='ltr'><strong>in</strong></span> <span class='ocrx_word' id='word_1_721' title='bbox 2568 3519 2741 3574; x_wconf 88' lang='lat' dir='ltr'><strong>armis</strong></span> <span class='ocrx_word' id='word_1_722' title='bbox 2770 3516 3145 3589; x_wconf 82' lang='lat' dir='ltr'><strong>reponendum</strong></span> <span class='ocrx_word' id='word_1_723' title='bbox 3177 3533 3201 3569; x_wconf 91' lang='lat'><strong>:.</strong></span> <span class='ocrx_word' id='word_1_724' title='bbox 3224 3516 3309 3570; x_wconf 84' lang='lat' dir='ltr'><strong>sin</strong></span> <span class='ocrx_word' id='word_1_725' title='bbox 3335 3522 3516 3568; x_wconf 89' lang='lat' dir='ltr'><strong>autem</strong></span> <span class='ocrx_word' id='word_1_726' title='bbox 3545 3520 3704 3567; x_wconf 88' lang='lat' dir='ltr'><strong>erant</strong></span> 
     </span>
    </p>
   </div>
   <div class='ocr_carea' id='block_1_96' title="bbox 2112 3600 3704 3675">
    <p class='ocr_par' dir='ltr' id='par_1_96' title="bbox 2112 3600 3704 3675">
     <span class='ocr_line' id='line_1_96' title="bbox 2112 3600 3704 3675; baseline -0.011 -3"><span class='ocrx_word' id='word_1_727' title='bbox 2112 3630 2313 3672; x_wconf 88' lang='lat' dir='ltr'><strong>casura</strong></span> <span class='ocrx_word' id='word_1_728' title='bbox 2342 3612 2566 3675; x_wconf 74' lang='lat' dir='ltr'><strong>mtenia,</strong></span> <span class='ocrx_word' id='word_1_729' title='bbox 2597 3624 2826 3665; x_wconf 88' lang='lat' dir='ltr'><strong>curnam</strong></span> <span class='ocrx_word' id='word_1_730' title='bbox 2865 3608 3036 3663; x_wconf 88' lang='lat' dir='ltr'><strong>armis</strong></span> <span class='ocrx_word' id='word_1_731' title='bbox 3071 3604 3419 3660; x_wconf 89' lang='lat' dir='ltr'><strong>induuntur?</strong></span> <span class='ocrx_word' id='word_1_732' title='bbox 3451 3601 3567 3658; x_wconf 89' lang='lat' dir='ltr'><strong>Sub</strong></span> <span class='ocrx_word' id='word_1_733' title='bbox 3595 3600 3704 3656; x_wconf 85' lang='lat' dir='ltr'><strong>Ge-</strong></span> 
     </span>
    </p>
   </div>
   <div class='ocr_carea' id='block_1_97' title="bbox 2111 3695 3703 3778">
    <p class='ocr_par' dir='ltr' id='par_1_97' title="bbox 2111 3695 3703 3778">
     <span class='ocr_line' id='line_1_97' title="bbox 2111 3695 3703 3778; baseline -0.011 -14"><span class='ocrx_word' id='word_1_734' title='bbox 2111 3709 2287 3764; x_wconf 91' lang='lat' dir='ltr'><strong>deone</strong></span> <span class='ocrx_word' id='word_1_735' title='bbox 2314 3721 2533 3778; x_wconf 87' lang='lat' dir='ltr'><strong>quoque</strong></span> <span class='ocrx_word' id='word_1_736' title='bbox 2558 3706 2654 3774; x_wconf 89' lang='lat' dir='ltr'><strong>qui</strong></span> <span class='ocrx_word' id='word_1_737' title='bbox 2678 3699 2823 3772; x_wconf 89' lang='lat' dir='ltr'><strong>capli</strong></span> <span class='ocrx_word' id='word_1_738' title='bbox 2849 3706 2999 3766; x_wconf 88' lang='lat' dir='ltr'><strong>sunt,</strong></span> <span class='ocrx_word' id='word_1_739' title='bbox 3023 3708 3182 3754; x_wconf 89' lang='lat' dir='ltr'><strong>erant</strong></span> <span class='ocrx_word' id='word_1_740' title='bbox 3218 3697 3458 3769; x_wconf 70' lang='lat' dir='ltr'><strong>aaquales</strong></span> <span class='ocrx_word' id='word_1_741' title='bbox 3491 3695 3578 3756; x_wconf 89' lang='lat' dir='ltr'><strong>iis,</strong></span> <span class='ocrx_word' id='word_1_742' title='bbox 3609 3695 3703 3765; x_wconf 86' lang='lat' dir='ltr'><strong>qui</strong></span> 
     </span>
    </p>
   </div>
   <div class='ocr_carea' id='block_1_98' title="bbox 2110 3787 3718 3869">
    <p class='ocr_par' dir='ltr' id='par_1_98' title="bbox 2110 3787 3718 3869">
     <span class='ocr_line' id='line_1_98' title="bbox 2110 3787 3718 3869; baseline -0.008 -13"><span class='ocrx_word' id='word_1_743' title='bbox 2110 3814 2222 3856; x_wconf 84' lang='lat' dir='ltr'><strong>non</strong></span> <span class='ocrx_word' id='word_1_744' title='bbox 2254 3797 2399 3869; x_wconf 87' lang='lat' dir='ltr'><strong>capti</strong></span> <span class='ocrx_word' id='word_1_745' title='bbox 2435 3803 2565 3850; x_wconf 90' lang='lat' dir='ltr'><strong>sunt</strong></span> <span class='ocrx_word' id='word_1_746' title='bbox 2593 3793 2668 3865; x_wconf 88' lang='lat' dir='ltr'><strong>(a)</strong></span> <span class='ocrx_word' id='word_1_747' title='bbox 2701 3810 2714 3846; x_wconf 90' lang='lat'><strong>:</strong></span> <span class='ocrx_word' id='word_1_748' title='bbox 2748 3806 2942 3847; x_wconf 88' lang='lat' dir='ltr'><strong>onmes</strong></span> <span class='ocrx_word' id='word_1_749' title='bbox 2974 3789 3121 3844; x_wconf 90' lang='lat' dir='ltr'><strong>cnim</strong></span> <span class='ocrx_word' id='word_1_750' title='bbox 3164 3787 3437 3843; x_wconf 83' lang='lat' dir='ltr'><strong>manifesti</strong></span> <span class='ocrx_word' id='word_1_751' title='bbox 3487 3788 3718 3848; x_wconf 79' lang='lat' dir='ltr'><strong>fuerunt.</strong></span> 
     </span>
    </p>
   </div>
   <div class='ocr_carea' id='block_1_99' title="bbox 2113 3879 3721 3967">
    <p class='ocr_par' dir='ltr' id='par_1_99' title="bbox 2113 3879 3721 3967">
     <span class='ocr_line' id='line_1_99' title="bbox 2113 3879 3721 3967; baseline -0.008 -20"><span class='ocrx_word' id='word_1_752' title='bbox 2113 3890 2318 3967; x_wconf 81' lang='lat' dir='ltr'><strong>(Iudic.</strong></span> <span class='ocrx_word' id='word_1_753' title='bbox 2347 3890 2426 3961; x_wconf 92' lang='lat'><strong>7).</strong></span> <span class='ocrx_word' id='word_1_754' title='bbox 2448 3888 2561 3944; x_wconf 71' lang='lat' dir='ltr'><strong>Cur</strong></span> <span class='ocrx_word' id='word_1_755' title='bbox 2579 3901 2711 3957; x_wconf 68' lang='lat' dir='ltr'><strong>ergo</strong></span> <span class='ocrx_word' id='word_1_756' title='bbox 2728 3884 2846 3939; x_wconf 77' lang='lat' dir='ltr'><strong>haec</strong></span> <span class='ocrx_word' id='word_1_757' title='bbox 2873 3881 3048 3937; x_wconf 86' lang='lat' dir='ltr'><strong>fiunt?</strong></span> <span class='ocrx_word' id='word_1_758' title='bbox 3077 3879 3143 3935; x_wconf 88' lang='lat' dir='ltr'><strong>Ut</strong></span> <span class='ocrx_word' id='word_1_759' title='bbox 3168 3880 3265 3950; x_wconf 89' lang='lat' dir='ltr'><strong>qui</strong></span> <span class='ocrx_word' id='word_1_760' title='bbox 3290 3880 3403 3935; x_wconf 64' lang='lat' dir='ltr'><strong>haec</strong></span> <span class='ocrx_word' id='word_1_761' title='bbox 3425 3879 3721 3950; x_wconf 60' lang='lat' dir='ltr'><strong>jnbentnr.</strong></span> 
     </span>
    </p>
   </div>
   <div class='ocr_carea' id='block_1_100' title="bbox 2112 3972 3719 4043">
    <p class='ocr_par' dir='ltr' id='par_1_100' title="bbox 2112 3972 3719 4043">
     <span class='ocr_line' id='line_1_100' title="bbox 2112 3972 3719 4043; baseline -0.009 -2"><span class='ocrx_word' id='word_1_762' title='bbox 2112 3985 2182 4042; x_wconf 87' lang='lat' dir='ltr'><strong>ad</strong></span> <span class='ocrx_word' id='word_1_763' title='bbox 2210 3985 2371 4041; x_wconf 85' lang='lat' dir='ltr'><strong>fidem</strong></span> <span class='ocrx_word' id='word_1_764' title='bbox 2405 3982 2768 4038; x_wconf 83' lang='lat' dir='ltr'><strong>deducantur.</strong></span> <span class='ocrx_word' id='word_1_765' title='bbox 2805 3976 3005 4030; x_wconf 79' lang='lat' dir='ltr'><strong>Anima</strong></span> <span class='ocrx_word' id='word_1_766' title='bbox 3048 3974 3196 4037; x_wconf 86' lang='lat' dir='ltr'><strong>enim</strong></span> <span class='ocrx_word' id='word_1_767' title='bbox 3232 3989 3355 4043; x_wconf 76' lang='lat' dir='ltr'><strong>qu.e</strong></span> <span class='ocrx_word' id='word_1_768' title='bbox 3384 3972 3588 4025; x_wconf 85' lang='lat' dir='ltr'><strong>coalita</strong></span> <span class='ocrx_word' id='word_1_769' title='bbox 3625 3978 3719 4027; x_wconf 73' lang='lat' dir='ltr'><strong>est</strong></span> 
     </span>
    </p>
   </div>
   <div class='ocr_carea' id='block_1_101' title="bbox 2117 4065 3713 4146">
    <p class='ocr_par' dir='ltr' id='par_1_101' title="bbox 2117 4065 3713 4146">
     <span class='ocr_line' id='line_1_101' title="bbox 2117 4065 3713 4146; baseline -0.011 -13"><span class='ocrx_word' id='word_1_770' title='bbox 2117 4074 2360 4146; x_wconf 85' lang='lat' dir='ltr'><strong>corpori,</strong></span> <span class='ocrx_word' id='word_1_771' title='bbox 2391 4082 2442 4127; x_wconf 87' lang='lat' dir='ltr'><strong>et</strong></span> <span class='ocrx_word' id='word_1_772' title='bbox 2469 4071 2606 4126; x_wconf 90' lang='lat' dir='ltr'><strong>nihil</strong></span> <span class='ocrx_word' id='word_1_773' title='bbox 2632 4082 2893 4140; x_wconf 86' lang='lat' dir='ltr'><strong>umquam</strong></span> <span class='ocrx_word' id='word_1_774' title='bbox 2921 4065 3059 4121; x_wconf 89' lang='lat' dir='ltr'><strong>vidit</strong></span> <span class='ocrx_word' id='word_1_775' title='bbox 3082 4065 3492 4135; x_wconf 80' lang='lat' dir='ltr'><strong>incorporeum,</strong></span> <span class='ocrx_word' id='word_1_776' title='bbox 3512 4071 3565 4117; x_wconf 89' lang='lat' dir='ltr'><strong>et</strong></span> <span class='ocrx_word' id='word_1_777' title='bbox 3588 4079 3713 4118; x_wconf 84' lang='lat' dir='ltr'><strong>scn-</strong></span> 
     </span>
    </p>
   </div>
   <div class='ocr_carea' id='block_1_102' title="bbox 2114 4155 3711 4230">
    <p class='ocr_par' dir='ltr' id='par_1_102' title="bbox 2114 4155 3711 4230">
     <span class='ocr_line' id='line_1_102' title="bbox 2114 4155 3711 4230; baseline -0.013 -4"><span class='ocrx_word' id='word_1_778' title='bbox 2114 4169 2375 4226; x_wconf 84' lang='lat' dir='ltr'><strong>sibilibus</strong></span> <span class='ocrx_word' id='word_1_779' title='bbox 2394 4166 2587 4227; x_wconf 89' lang='lat' dir='ltr'><strong>inhiat,</strong></span> <span class='ocrx_word' id='word_1_780' title='bbox 2617 4160 2686 4215; x_wconf 91' lang='lat' dir='ltr'><strong>ab</strong></span> <span class='ocrx_word' id='word_1_781' title='bbox 2705 4162 2773 4216; x_wconf 90' lang='lat' dir='ltr'><strong>iis</strong></span> <span class='ocrx_word' id='word_1_782' title='bbox 2796 4174 2919 4230; x_wconf 83' lang='lat' dir='ltr'><strong>quae</strong></span> <span class='ocrx_word' id='word_1_783' title='bbox 2938 4157 3190 4211; x_wconf 80' lang='lat' dir='ltr'><strong>videnlur</strong></span> <span class='ocrx_word' id='word_1_784' title='bbox 3207 4155 3275 4209; x_wconf 88' lang='lat' dir='ltr'><strong>ad</strong></span> <span class='ocrx_word' id='word_1_785' title='bbox 3302 4170 3364 4209; x_wconf 79' lang='lat' dir='ltr'><strong>ca</strong></span> <span class='ocrx_word' id='word_1_786' title='bbox 3388 4170 3509 4223; x_wconf 78' lang='lat' dir='ltr'><strong>qua:</strong></span> <span class='ocrx_word' id='word_1_787' title='bbox 3529 4163 3711 4207; x_wconf 86' lang='lat' dir='ltr'><strong>mente</strong></span> 
     </span>
    </p>
   </div>
   <div class='ocr_carea' id='block_1_103' title="bbox 2117 4248 3709 4331">
    <p class='ocr_par' dir='ltr' id='par_1_103' title="bbox 2117 4248 3709 4331">
     <span class='ocr_line' id='line_1_103' title="bbox 2117 4248 3709 4331; baseline -0.013 -12"><span class='ocrx_word' id='word_1_788' title='bbox 2117 4259 2665 4331; x_wconf 89' lang='lat' dir='ltr'><strong>comprehenduntur</strong></span> <span class='ocrx_word' id='word_1_789' title='bbox 2695 4253 2892 4310; x_wconf 90' lang='lat' dir='ltr'><strong>deduci</strong></span> <span class='ocrx_word' id='word_1_790' title='bbox 2927 4266 3067 4322; x_wconf 90' lang='lat' dir='ltr'><strong>opus</strong></span> <span class='ocrx_word' id='word_1_791' title='bbox 3113 4250 3297 4304; x_wconf 81' lang='lat' dir='ltr'><strong>habet.</strong></span> <span class='ocrx_word' id='word_1_792' title='bbox 3348 4248 3509 4304; x_wconf 84' lang='lat' dir='ltr'><strong>Unde</strong></span> <span class='ocrx_word' id='word_1_793' title='bbox 3544 4248 3709 4301; x_wconf 89' lang='lat' dir='ltr'><strong>etiam</strong></span> 
     </span>
    </p>
   </div>
   <div class='ocr_carea' id='block_1_104' title="bbox 2114 4340 3709 4428">
    <p class='ocr_par' dir='ltr' id='par_1_104' title="bbox 2114 4340 3709 4428">
     <span class='ocr_line' id='line_1_104' title="bbox 2114 4340 3709 4428; baseline -0.013 -18"><span class='ocrx_word' id='word_1_794' title='bbox 2114 4353 2400 4428; x_wconf 87' lang='lat' dir='ltr'><strong>prophetis</strong></span> <span class='ocrx_word' id='word_1_795' title='bbox 2429 4352 2499 4408; x_wconf 87' lang='lat' dir='ltr'><strong>de</strong></span> <span class='ocrx_word' id='word_1_796' title='bbox 2529 4354 2634 4407; x_wconf 76' lang='lat' dir='ltr'><strong>Deo</strong></span> <span class='ocrx_word' id='word_1_797' title='bbox 2660 4347 3019 4419; x_wconf 85' lang='lat' dir='ltr'><strong>loquentibus</strong></span> <span class='ocrx_word' id='word_1_798' title='bbox 3043 4360 3182 4415; x_wconf 87' lang='lat' dir='ltr'><strong>opus</strong></span> <span class='ocrx_word' id='word_1_799' title='bbox 3209 4340 3311 4396; x_wconf 89' lang='lat' dir='ltr'><strong>fuit</strong></span> <span class='ocrx_word' id='word_1_800' title='bbox 3340 4341 3709 4394; x_wconf 85' lang='lat' dir='ltr'><strong>humanorum</strong></span> 
     </span>
    </p>
   </div>
   <div class='ocr_carea' id='block_1_105' title="bbox 2114 4438 3717 4507">
    <p class='ocr_par' dir='ltr' id='par_1_105' title="bbox 2114 4438 3717 4507">
     <span class='ocr_line' id='line_1_105' title="bbox 2114 4438 3717 4507; baseline -0.014 0"><span class='ocrx_word' id='word_1_801' title='bbox 2114 4450 2489 4507; x_wconf 85' lang='lat' dir='ltr'><strong>membrorum</strong></span> <span class='ocrx_word' id='word_1_802' title='bbox 2510 4443 2849 4506; x_wconf 85' lang='lat' dir='ltr'><strong>meminisse,</strong></span> <span class='ocrx_word' id='word_1_803' title='bbox 2873 4455 2983 4495; x_wconf 91' lang='lat' dir='ltr'><strong>non</strong></span> <span class='ocrx_word' id='word_1_804' title='bbox 3008 4451 3067 4494; x_wconf 92' lang='lat' dir='ltr'><strong>ut</strong></span> <span class='ocrx_word' id='word_1_805' title='bbox 3092 4438 3237 4492; x_wconf 88' lang='lat' dir='ltr'><strong>illam</strong></span> <span class='ocrx_word' id='word_1_806' title='bbox 3262 4445 3514 4489; x_wconf 86' lang='lat' dir='ltr'><strong>naturam</strong></span> <span class='ocrx_word' id='word_1_807' title='bbox 3538 4447 3568 4486; x_wconf 88' lang='lat' dir='ltr'><strong>a</strong></span> <span class='ocrx_word' id='word_1_808' title='bbox 3591 4445 3717 4487; x_wconf 79' lang='lat' dir='ltr'><strong>cor-</strong></span> 
     </span>
    </p>
   </div>
   <div class='ocr_carea' id='block_1_106' title="bbox 2113 4524 3714 4611">
    <p class='ocr_par' dir='ltr' id='par_1_106' title="bbox 2113 4524 3714 4611">
     <span class='ocr_line' id='line_1_106' title="bbox 2113 4524 3714 4611; baseline -0.012 -12"><span class='ocrx_word' id='word_1_809' title='bbox 2113 4542 2372 4611; x_wconf 77' lang='lat' dir='ltr'><strong>raptione</strong></span> <span class='ocrx_word' id='word_1_810' title='bbox 2398 4545 2452 4594; x_wconf 88' lang='lat' dir='ltr'><strong>et</strong></span> <span class='ocrx_word' id='word_1_811' title='bbox 2479 4536 2700 4591; x_wconf 90' lang='lat' dir='ltr'><strong>interitu</strong></span> <span class='ocrx_word' id='word_1_812' title='bbox 2736 4534 2968 4588; x_wconf 90' lang='lat' dir='ltr'><strong>alienam</strong></span> <span class='ocrx_word' id='word_1_813' title='bbox 2999 4530 3069 4585; x_wconf 91' lang='lat' dir='ltr'><strong>ad</strong></span> <span class='ocrx_word' id='word_1_814' title='bbox 3108 4527 3481 4584; x_wconf 88' lang='lat' dir='ltr'><strong>membrorum</strong></span> <span class='ocrx_word' id='word_1_815' title='bbox 3509 4524 3714 4596; x_wconf 79' lang='lat' dir='ltr'><strong>figuras</strong></span> 
     </span>
    </p>
   </div>
   <div class='ocr_carea' id='block_1_107' title="bbox 2116 4620 3713 4705">
    <p class='ocr_par' dir='ltr' id='par_1_107' title="bbox 2116 4620 3713 4705">
     <span class='ocr_line' id='line_1_107' title="bbox 2116 4620 3713 4705; baseline -0.014 -14"><span class='ocrx_word' id='word_1_816' title='bbox 2116 4628 2561 4705; x_wconf 77' lang='lat' dir='ltr'><strong>edingerent,sed</strong></span> <span class='ocrx_word' id='word_1_817' title='bbox 2580 4636 2638 4683; x_wconf 92' lang='lat' dir='ltr'><strong>ut</strong></span> <span class='ocrx_word' id='word_1_818' title='bbox 2672 4625 2908 4680; x_wconf 87' lang='lat' dir='ltr'><strong>animam</strong></span> <span class='ocrx_word' id='word_1_819' title='bbox 2929 4623 2982 4678; x_wconf 92' lang='lat' dir='ltr'><strong>in</strong></span> <span class='ocrx_word' id='word_1_820' title='bbox 3007 4620 3305 4677; x_wconf 89' lang='lat' dir='ltr'><strong>sensilibus</strong></span> <span class='ocrx_word' id='word_1_821' title='bbox 3322 4633 3447 4674; x_wconf 91' lang='lat' dir='ltr'><strong>cum</strong></span> <span class='ocrx_word' id='word_1_822' title='bbox 3478 4630 3713 4688; x_wconf 88' lang='lat' dir='ltr'><strong>corpore</strong></span> 
     </span>
    </p>
   </div>
   <div class='ocr_carea' id='block_1_108' title="bbox 2117 4713 3716 4786">
    <p class='ocr_par' dir='ltr' id='par_1_108' title="bbox 2117 4713 3716 4786">
     <span class='ocr_line' id='line_1_108' title="bbox 2117 4713 3716 4786; baseline -0.013 0"><span class='ocrx_word' id='word_1_823' title='bbox 2117 4727 2412 4786; x_wconf 90' lang='lat' dir='ltr'><strong>enutritam</strong></span> <span class='ocrx_word' id='word_1_824' title='bbox 2442 4738 2511 4778; x_wconf 87' lang='lat' dir='ltr'><strong>ex</strong></span> <span class='ocrx_word' id='word_1_825' title='bbox 2530 4717 2791 4776; x_wconf 87' lang='lat' dir='ltr'><strong>humanis</strong></span> <span class='ocrx_word' id='word_1_826' title='bbox 2805 4732 2870 4772; x_wconf 89' lang='lat' dir='ltr'><strong>ea</strong></span> <span class='ocrx_word' id='word_1_827' title='bbox 2886 4717 3149 4771; x_wconf 88' lang='lat' dir='ltr'><strong>docerent</strong></span> <span class='ocrx_word' id='word_1_828' title='bbox 3167 4713 3424 4784; x_wconf 75' lang='lat' dir='ltr'><strong>dogmata</strong></span> <span class='ocrx_word' id='word_1_829' title='bbox 3442 4725 3565 4781; x_wconf 80' lang='lat' dir='ltr'><strong>quae</strong></span> <span class='ocrx_word' id='word_1_830' title='bbox 3583 4718 3716 4766; x_wconf 88' lang='lat' dir='ltr'><strong>sunt</strong></span> 
     </span>
    </p>
   </div>
   <div class='ocr_carea' id='block_1_109' title="bbox 2118 4801 3710 4894">
    <p class='ocr_par' dir='ltr' id='par_1_109' title="bbox 2118 4801 3710 4894">
     <span class='ocr_line' id='line_1_109' title="bbox 2118 4801 3710 4894; baseline -0.015 -16"><span class='ocrx_word' id='word_1_831' title='bbox 2118 4836 2289 4894; x_wconf 86' lang='lat' dir='ltr'><strong>supra</strong></span> <span class='ocrx_word' id='word_1_832' title='bbox 2320 4816 2615 4874; x_wconf 88' lang='lat' dir='ltr'><strong>hominem.</strong></span> <span class='ocrx_word' id='word_1_833' title='bbox 2643 4811 2912 4880; x_wconf 86' lang='lat' dir='ltr'><strong>Quoniam</strong></span> <span class='ocrx_word' id='word_1_834' title='bbox 2937 4824 3068 4881; x_wconf 77' lang='lat' dir='ltr'><strong>ergo</strong></span> <span class='ocrx_word' id='word_1_835' title='bbox 3088 4806 3184 4862; x_wconf 89' lang='lat' dir='ltr'><strong>Dei</strong></span> <span class='ocrx_word' id='word_1_836' title='bbox 3212 4804 3465 4877; x_wconf 86' lang='lat' dir='ltr'><strong>operatio</strong></span> <span class='ocrx_word' id='word_1_837' title='bbox 3494 4812 3579 4859; x_wconf 85' lang='lat' dir='ltr'><strong>est</strong></span> <span class='ocrx_word' id='word_1_838' title='bbox 3609 4801 3710 4856; x_wconf 83' lang='lat' dir='ltr'><strong>ali—</strong></span> 
     </span>
    </p>
   </div>
   <div class='ocr_carea' id='block_1_110' title="bbox 2118 4896 3713 4988">
    <p class='ocr_par' dir='ltr' id='par_1_110' title="bbox 2118 4896 3713 4988">
     <span class='ocr_line' id='line_1_110' title="bbox 2118 4896 3713 4988; baseline -0.016 -15"><span class='ocrx_word' id='word_1_839' title='bbox 2118 4916 2251 4988; x_wconf 88' lang='lat' dir='ltr'><strong>quid</strong></span> <span class='ocrx_word' id='word_1_840' title='bbox 2285 4912 2432 4986; x_wconf 88' lang='lat' dir='ltr'><strong>quod</strong></span> <span class='ocrx_word' id='word_1_841' title='bbox 2464 4905 2897 4982; x_wconf 83' lang='lat' dir='ltr'><strong>apprehenditur</strong></span> <span class='ocrx_word' id='word_1_842' title='bbox 2920 4900 3284 4971; x_wconf 74' lang='lat' dir='ltr'><strong>intelligentia</strong></span> <span class='ocrx_word' id='word_1_843' title='bbox 3314 4915 3329 4953; x_wconf 90' lang='lat'><strong>:</strong></span> <span class='ocrx_word' id='word_1_844' title='bbox 3363 4913 3433 4953; x_wconf 87' lang='lat' dir='ltr'><strong>ne</strong></span> <span class='ocrx_word' id='word_1_845' title='bbox 3455 4896 3559 4967; x_wconf 83' lang='lat' dir='ltr'><strong>qui</strong></span> <span class='ocrx_word' id='word_1_846' title='bbox 3581 4903 3713 4949; x_wconf 87' lang='lat' dir='ltr'><strong>tunc</strong></span> 
     </span>
    </p>
   </div>
   <div class='ocr_carea' id='block_1_111' title="bbox 2119 4988 3709 5073">
    <p class='ocr_par' dir='ltr' id='par_1_111' title="bbox 2119 4988 3709 5073">
     <span class='ocr_line' id='line_1_111' title="bbox 2119 4988 3709 5073; baseline -0.013 -9"><span class='ocrx_word' id='word_1_847' title='bbox 2119 5014 2299 5073; x_wconf 88' lang='lat' dir='ltr'><strong>erant,</strong></span> <span class='ocrx_word' id='word_1_848' title='bbox 2337 5020 2445 5060; x_wconf 93' lang='lat' dir='ltr'><strong>non</strong></span> <span class='ocrx_word' id='word_1_849' title='bbox 2471 5001 2783 5061; x_wconf 87' lang='lat' dir='ltr'><strong>crederent,</strong></span> <span class='ocrx_word' id='word_1_850' title='bbox 2819 4996 2975 5068; x_wconf 89' lang='lat' dir='ltr'><strong>ponit</strong></span> <span class='ocrx_word' id='word_1_851' title='bbox 2994 4995 3160 5050; x_wconf 91' lang='lat' dir='ltr'><strong>etiam</strong></span> <span class='ocrx_word' id='word_1_852' title='bbox 3188 4990 3398 5063; x_wconf 86' lang='lat' dir='ltr'><strong>aliquid</strong></span> <span class='ocrx_word' id='word_1_853' title='bbox 3424 4988 3709 5046; x_wconf 89' lang='lat' dir='ltr'><strong>sensibile.</strong></span> 
     </span>
    </p>
   </div>
   <div class='ocr_carea' id='block_1_112' title="bbox 2121 5082 3709 5161">
    <p class='ocr_par' dir='ltr' id='par_1_112' title="bbox 2121 5082 3709 5161">
     <span class='ocr_line' id='line_1_112' title="bbox 2121 5082 3709 5161; baseline -0.013 -4"><span class='ocrx_word' id='word_1_854' title='bbox 2121 5101 2178 5157; x_wconf 92' lang='lat' dir='ltr'><strong>Si</strong></span> <span class='ocrx_word' id='word_1_855' title='bbox 2215 5100 2360 5155; x_wconf 88' lang='lat' dir='ltr'><strong>enim</strong></span> <span class='ocrx_word' id='word_1_856' title='bbox 2389 5096 2624 5153; x_wconf 79' lang='lat' dir='ltr'><strong>dixisset</strong></span> <span class='ocrx_word' id='word_1_857' title='bbox 2651 5112 2665 5148; x_wconf 90' lang='lat'><strong>:</strong></span> <span class='ocrx_word' id='word_1_858' title='bbox 2694 5091 2753 5146; x_wconf 92' lang='lat' dir='ltr'><strong>ln</strong></span> <span class='ocrx_word' id='word_1_859' title='bbox 2784 5098 2993 5161; x_wconf 86' lang='lat' dir='ltr'><strong>septem</strong></span> <span class='ocrx_word' id='word_1_860' title='bbox 3022 5086 3227 5143; x_wconf 83' lang='lat' dir='ltr'><strong>diebus</strong></span> <span class='ocrx_word' id='word_1_861' title='bbox 3245 5091 3524 5141; x_wconf 88' lang='lat' dir='ltr'><strong>evertetur</strong></span> <span class='ocrx_word' id='word_1_862' title='bbox 3554 5082 3709 5143; x_wconf 86' lang='lat' dir='ltr'><strong>urbs.</strong></span> 
     </span>
    </p>
   </div>
   <div class='ocr_carea' id='block_1_113' title="bbox 2119 5175 3715 5264">
    <p class='ocr_par' dir='ltr' id='par_1_113' title="bbox 2119 5175 3715 5264">
     <span class='ocr_line' id='line_1_113' title="bbox 2119 5175 3715 5264; baseline -0.014 -12"><span class='ocrx_word' id='word_1_863' title='bbox 2119 5195 2278 5251; x_wconf 84' lang='lat' dir='ltr'><strong>vobis</strong></span> <span class='ocrx_word' id='word_1_864' title='bbox 2317 5187 2756 5264; x_wconf 84' lang='lat' dir='ltr'><strong>quiescentibus,</strong></span> <span class='ocrx_word' id='word_1_865' title='bbox 2790 5191 2845 5239; x_wconf 84' lang='lat' dir='ltr'><strong>et</strong></span> <span class='ocrx_word' id='word_1_866' title='bbox 2880 5181 3012 5236; x_wconf 89' lang='lat' dir='ltr'><strong>nihil</strong></span> <span class='ocrx_word' id='word_1_867' title='bbox 3047 5179 3378 5235; x_wconf 88' lang='lat' dir='ltr'><strong>facientibus</strong></span> <span class='ocrx_word' id='word_1_868' title='bbox 3423 5196 3437 5232; x_wconf 93' lang='lat'>:</span> <span class='ocrx_word' id='word_1_869' title='bbox 3473 5175 3715 5231; x_wconf 87' lang='lat' dir='ltr'><strong>fortasse</strong></span> 
     </span>
    </p>
   </div>
   <div class='ocr_carea' id='block_1_114' title="bbox 2120 5271 3712 5344">
    <p class='ocr_par' dir='ltr' id='par_1_114' title="bbox 2120 5271 3712 5344">
     <span class='ocr_line' id='line_1_114' title="bbox 2120 5271 3712 5344; baseline -0.014 -2"><span class='ocrx_word' id='word_1_870' title='bbox 2120 5286 2279 5342; x_wconf 90' lang='lat' dir='ltr'><strong>multi</strong></span> <span class='ocrx_word' id='word_1_871' title='bbox 2314 5299 2428 5339; x_wconf 91' lang='lat' dir='ltr'><strong>non</strong></span> <span class='ocrx_word' id='word_1_872' title='bbox 2456 5279 2827 5337; x_wconf 89' lang='lat' dir='ltr'><strong>credidissent</strong></span> <span class='ocrx_word' id='word_1_873' title='bbox 2850 5292 2868 5344; x_wconf 89' lang='lat'><strong>;</strong></span> <span class='ocrx_word' id='word_1_874' title='bbox 2890 5289 3040 5329; x_wconf 91' lang='lat' dir='ltr'><strong>nunc</strong></span> <span class='ocrx_word' id='word_1_875' title='bbox 3069 5281 3252 5328; x_wconf 84' lang='lat' dir='ltr'><strong>autem</strong></span> <span class='ocrx_word' id='word_1_876' title='bbox 3296 5271 3410 5325; x_wconf 65' lang='lat' dir='ltr'><strong>haec</strong></span> <span class='ocrx_word' id='word_1_877' title='bbox 3441 5273 3712 5340; x_wconf 84' lang='lat' dir='ltr'><strong>praecepta</strong></span> 
     </span>
    </p>
   </div>
   <div class='ocr_carea' id='block_1_115' title="bbox 2119 5359 3710 5448">
    <p class='ocr_par' dir='ltr' id='par_1_115' title="bbox 2119 5359 3710 5448">
     <span class='ocr_line' id='line_1_115' title="bbox 2119 5359 3710 5448; baseline -0.016 -13"><span class='ocrx_word' id='word_1_878' title='bbox 2119 5377 2285 5435; x_wconf 69' lang='lat' dir='ltr'><strong>veluti</strong></span> <span class='ocrx_word' id='word_1_879' title='bbox 2302 5374 2575 5448; x_wconf 87' lang='lat' dir='ltr'><strong>quoddam</strong></span> <span class='ocrx_word' id='word_1_880' title='bbox 2590 5371 3004 5427; x_wconf 86' lang='lat' dir='ltr'><strong>fundamentum</strong></span> <span class='ocrx_word' id='word_1_881' title='bbox 3019 5365 3273 5433; x_wconf 74' lang='lat' dir='ltr'><strong>humanae</strong></span> <span class='ocrx_word' id='word_1_882' title='bbox 3287 5362 3455 5417; x_wconf 90' lang='lat' dir='ltr'><strong>menti</strong></span> <span class='ocrx_word' id='word_1_883' title='bbox 3470 5359 3589 5430; x_wconf 91' lang='lat' dir='ltr'><strong>subj</strong></span> <span class='ocrx_word' id='word_1_884' title='bbox 3601 5360 3710 5415; x_wconf 86' lang='lat' dir='ltr'><strong>icit.</strong></span> 
     </span>
    </p>
   </div>
   <div class='ocr_carea' id='block_1_116' title="bbox 2185 5534 3709 5610">
    <p class='ocr_par' dir='ltr' id='par_1_116' title="bbox 2185 5534 3709 5610">
     <span class='ocr_line' id='line_1_116' title="bbox 2185 5534 3709 5610; baseline -0.011 -13"><span class='ocrx_word' id='word_1_885' title='bbox 2185 5546 2258 5610; x_wconf 91' lang='lat' dir='ltr'><strong>(a)</strong></span> <span class='ocrx_word' id='word_1_886' title='bbox 2290 5545 2420 5610; x_wconf 84' lang='lat' dir='ltr'><strong>Quod</strong></span> <span class='ocrx_word' id='word_1_887' title='bbox 2442 5545 2514 5610; x_wconf 74' lang='lat' dir='ltr'><strong>ait</strong></span> <span class='ocrx_word' id='word_1_888' title='bbox 2532 5544 2900 5610; x_wconf 64' lang='lat' dir='ltr'><strong>Chrysostomus</strong></span> <span class='ocrx_word' id='word_1_889' title='bbox 2920 5538 3047 5603; x_wconf 87' lang='lat' dir='ltr'><strong>apud</strong></span> <span class='ocrx_word' id='word_1_890' title='bbox 3068 5536 3348 5610; x_wconf 63' lang='lat' dir='ltr'><strong>cedeonem</strong></span> <span class='ocrx_word' id='word_1_891' title='bbox 3372 5545 3461 5584; x_wconf 77' lang='lat' dir='ltr'><strong>eos</strong></span> <span class='ocrx_word' id='word_1_892' title='bbox 3481 5534 3565 5610; x_wconf 77' lang='lat' dir='ltr'><strong>qui</strong></span> <span class='ocrx_word' id='word_1_893' title='bbox 3586 5534 3709 5610; x_wconf 56' lang='lat' dir='ltr'><strong>capti</strong></span> 
     </span>
    </p>
   </div>
   <div class='ocr_carea' id='block_1_117' title="bbox 2071 5595 3714 5671">
    <p class='ocr_par' dir='ltr' id='par_1_117' title="bbox 2071 5595 3714 5671">
     <span class='ocr_line' id='line_1_117' title="bbox 2071 5595 3714 5671; baseline -0.012 -11"><span class='ocrx_word' id='word_1_894' title='bbox 2071 5599 2080 5609; x_wconf 83' lang='grc'><em>’</em></span> <span class='ocrx_word' id='word_1_895' title='bbox 2121 5595 2474 5671; x_wconf 62' lang='lat' dir='ltr'><strong>sunt_&#39;2qttales</strong></span> <span class='ocrx_word' id='word_1_896' title='bbox 2488 5595 2647 5671; x_wconf 67' lang='lat' dir='ltr'><strong>fuisse</strong></span> <span class='ocrx_word' id='word_1_897' title='bbox 2663 5606 2724 5655; x_wconf 88' lang='lat' dir='ltr'><strong>iis</strong></span> <span class='ocrx_word' id='word_1_898' title='bbox 2741 5605 2825 5671; x_wconf 76' lang='lat' dir='ltr'><strong>qui</strong></span> <span class='ocrx_word' id='word_1_899' title='bbox 2851 5595 3084 5671; x_wconf 75' lang='lat' dir='ltr'><strong>non&#39;su_n_t</strong></span> <span class='ocrx_word' id='word_1_900' title='bbox 3104 5600 3258 5660; x_wconf 87' lang='lat' dir='ltr'><strong>capti,</strong></span> <span class='ocrx_word' id='word_1_901' title='bbox 3277 5597 3440 5671; x_wconf 80' lang='lat' dir='ltr'><strong>lapsus</strong></span> <span class='ocrx_word' id='word_1_902' title='bbox 3460 5595 3714 5671; x_wconf 52' lang='lat' dir='ltr'><strong>memoris?</strong></span> 
     </span>
    </p>
   </div>
   <div class='ocr_carea' id='block_1_118' title="bbox 2122 5654 3721 5722">
    <p class='ocr_par' dir='ltr' id='par_1_118' title="bbox 2122 5654 3721 5722">
     <span class='ocr_line' id='line_1_118' title="bbox 2122 5654 3721 5722; baseline -0.013 0"><span class='ocrx_word' id='word_1_903' title='bbox 2122 5654 2679 5722; x_wconf 30' lang='lat' dir='ltr'><strong>sariliovvidetur.</strong></span> <span class='ocrx_word' id='word_1_904' title='bbox 2708 5654 2823 5717; x_wconf 13' lang='lat' dir='ltr'><strong>inihi</strong></span> <span class='ocrx_word' id='word_1_905' title='bbox 2860 5677 2979 5716; x_wconf 89' lang='lat' dir='ltr'><strong>vero</strong></span> <span class='ocrx_word' id='word_1_906' title='bbox 3015 5663 3095 5713; x_wconf 82' lang='lat' dir='ltr'><strong>hic</strong></span> <span class='ocrx_word' id='word_1_907' title='bbox 3125 5654 3221 5710; x_wconf 84' lang='lat' dir='ltr'><strong>non</strong></span> <span class='ocrx_word' id='word_1_908' title='bbox 3247 5654 3441 5709; x_wconf 74' lang='lat' dir='ltr'><strong>constat</strong></span> <span class='ocrx_word' id='word_1_909' title='bbox 3470 5658 3586 5722; x_wconf 74' lang='lat' dir='ltr'><strong>qpid</strong></span> <span class='ocrx_word' id='word_1_910' title='bbox 3621 5654 3721 5705; x_wconf 76' lang='lat' dir='ltr'><strong>sui.</strong></span> 
     </span>
    </p>
   </div>
   <div class='ocr_carea' id='block_1_119' title="bbox 2121 5729 3712 5845">
    <p class='ocr_par' dir='ltr' id='par_1_119' title="bbox 2121 5729 3712 5845">
     <span class='ocr_line' id='line_1_119' title="bbox 2121 5729 3712 5795; baseline -0.009 -13"><span class='ocrx_word' id='word_1_911' title='bbox 2121 5732 2245 5783; x_wconf 90' lang='lat' dir='ltr'><strong>velit</strong></span> <span class='ocrx_word' id='word_1_912' title='bbox 2261 5730 2642 5795; x_wconf 79' lang='lat' dir='ltr'><strong>Cbrysostomus.</strong></span> <span class='ocrx_word' id='word_1_913' title='bbox 2667 5729 2787 5780; x_wconf 75' lang='lat' dir='ltr'><strong>Male</strong></span> <span class='ocrx_word' id='word_1_914' title='bbox 2809 5733 2974 5778; x_wconf 87' lang='lat' dir='ltr'><strong>autem</strong></span> <span class='ocrx_word' id='word_1_915' title='bbox 2998 5734 3092 5787; x_wconf 56' lang='lat' dir='ltr'><strong>teat,</strong></span> <span class='ocrx_word' id='word_1_916' title='bbox 3123 5733 3323 5773; x_wconf 82' lang='lat' dir='ltr'><strong>numero</strong></span> <span class='ocrx_word' id='word_1_917' title='bbox 3356 5729 3712 5784; x_wconf 48' lang='lat' dir='ltr'><strong>mmmam-</strong></span> 
     </span>
     <span class='ocr_line' id='line_1_120' title="bbox 2127 5800 2534 5845; baseline -0.007 0"><span class='ocrx_word' id='word_1_918' title='bbox 2127 5801 2256 5845; x_wconf 81' lang='lat' dir='ltr'><strong>terat</strong></span> <span class='ocrx_word' id='word_1_919' title='bbox 2278 5800 2534 5843; x_wconf 83' lang='lat' dir='ltr'><strong>Hervetus.</strong></span> 
     </span>
    </p>
   </div>
  </div>
