4084 6278
401 439 501 496 175

397 554 456 609 Et
506 568 573 608 ne
607 551 654 606 id
701 551 842 623 quod
869 551 1063 607 dicitur
1103 549 1418 606 existimetis
1466 566 1586 606 esse
1637 547 1975 606 solummodo

392 645 772 714 t‘uttjet'lut‘am,
819 642 942 697 volo
978 643 1129 698 vobis
1173 657 1394 696 narrare
1438 652 1669 696 veterem
1700 641 1976 696 historiam

390 753 506 807 qua:
551 734 832 789 conllrmat
859 733 998 805 quod
1027 733 1274 788 dicimus.
1321 732 1556 787 Naaman
1603 742 1720 787 erat
1761 732 1976 802 quidam

390 828 574 900 Syrus.
624 826 760 882 Eum
807 842 928 880 cum
983 827 1126 896 lepra
1177 825 1476 890 invasisset,
1527 834 1582 881 et
1610 834 1826 896 propter
1852 842 1974 881 eum

393 920 635 975 morbum
664 919 1028 982 erubesceret,
1055 927 1111 972 ut
1131 917 1224 988 qui
1253 918 1304 972 in
1332 917 1564 972 maximo
1595 919 1832 988 periculo
1859 934 1977 972 ver-

388 1023 614 1079 saretur,
638 1012 782 1068 venit
811 1014 862 1067 is
893 1011 1228 1067 Palmstinam
1251 1011 1536 1083 (brevitate
1557 1012 1700 1067 enim
1723 1012 1974 1067 utendum

390 1103 512 1177 est),
550 1105 738 1159 volens
765 1120 794 1157 a
823 1104 1078 1175 propheta
1109 1104 1324 1158 liberari
1363 1103 1465 1160 hoc.
1491 1103 1650 1158 malo.
1683 1103 1816 1158 Cum
1846 1119 1976 1173 ergo

385 1198 640 1260 venisset,
675 1203 730 1252 et
758 1196 809 1250 in
839 1197 933 1250 viri
965 1196 1166 1251 foribus
1187 1197 1538 1263 constitisset,
1570 1198 1776 1252 vocavit
1807 1195 1975 1251 medi-

383 1304 528 1344 cum.
556 1289 650 1342 Ille
674 1297 850 1342 autem
878 1287 1148 1342 exaudivit
1179 1286 1256 1359 (a)
1283 1287 1520 1358 quidem,
1550 1304 1656 1343 non
1685 1297 1859 1342 tamen
1891 1295 1976 1342 est

384 1392 658 1448 egressus,
689 1378 782 1434 sed
806 1388 1012 1433 tantum
1045 1379 1186 1434 misit
1211 1420 1224 1444 ,
1249 1378 1446 1448 jubens
1473 1395 1595 1434 eum
1643 1379 1768 1449 tingi
1798 1380 1847 1432 in
1876 1378 1976 1433 ilu-

382 1471 471 1524 vio
491 1470 743 1526 Jordane.
770 1470 859 1524 Ille
873 1480 1072 1536 autem,
1092 1471 1342 1542 quoniam
1365 1482 1480 1526 erat
1504 1472 1619 1526 leve
1644 1471 1970 1537 mandatum,

381 1562 605 1616 tmdtnm
651 1561 857 1617 habens
887 1579 950 1617 ex
1000 1564 1260 1630 sensibili,
1305 1572 1363 1619 et
1405 1562 1550 1634 quod
1593 1579 1697 1618 non
1748 1563 1976 1618 habebat

378 1671 516 1720 opm
537 1656 752 1711 sublimi
777 1657 1116 1726 cogitatione,
1142 1673 1247 1715 non
1267 1657 1513 1711 credidit.
1542 1657 1648 1711 Sed
1674 1656 1798 1726 quid
1821 1656 1973 1710 dicit?

381 1746 496 1818 Ego
524 1747 1017 1818 diccbam,quouiam
1043 1750 1325 1820 egredietur
1349 1747 1416 1801 ad
1438 1765 1535 1812 nte,
1555 1757 1600 1801 ct
1627 1750 1843 1818 imponet
1867 1763 1974 1800 nta-

379 1857 504 1892 nnm
532 1856 691 1904 suam,
722 1851 768 1894 et
794 1840 1038 1894 invocabit
1081 1840 1239 1894 Deum
1279 1857 1425 1896 suum
1464 1849 1509 1894 et
1539 1839 1731 1894 curabit
1777 1838 1972 1908 lcpram

377 1929 456 2001 (ι.
495 1929 619 2000 lleg.
642 1931 696 1986 5.
729 1933 841 2001 11).
883 1932 1038 1986 Vides
1058 1932 1326 2002 quotnodo
1349 1933 1524 1986 anima
1564 1947 1698 2002 opus
1724 1931 1968 1986 habuerit

379 2036 442 2077 re
495 2021 668 2090 aliqua
720 2023 1003 2076 sensibili?
1042 2022 1158 2078 Non
1203 2024 1524 2078 existimavit
1569 2025 1711 2077 enim
1763 2023 1970 2092 jnssum

377 2113 576 2168 medici
625 2115 891 2178 sufﬁcere,
935 2115 1026 2170 sed
1080 2132 1236 2169 manu
1285 2131 1417 2184 opus
1465 2115 1647 2181 luisse,
1677 2114 1816 2184 quod
1858 2123 1974 2169 erat

377 2204 766 2259 imbecillitatis
793 2206 930 2275 ejus,
963 2208 1050 2276 qui
1077 2207 1380 2262 curabatur.
1412 2207 1580 2262 Porro
1625 2207 1788 2260 multa
1833 2221 1970 2276 quo-

375 2314 485 2368 que
528 2297 628 2351 alia
661 2298 786 2353 hinc
825 2299 980 2353 nobis
1025 2301 1322 2354 solvuntur.
1371 2297 1496 2354 Ideo
1539 2297 1782 2354 Christus
1811 2299 1970 2354 etiam

380 2407 492 2446 nun
537 2406 748 2460 semper
775 2392 938 2446 verbo
983 2400 1157 2455 sanat,
1200 2391 1291 2444 sed
1323 2391 1482 2445 etiam
1523 2407 1724 2458 manu;
1754 2393 1973 2448 innnisit

380 2485 530 2540 enim
579 2500 793 2539 Inuitum
824 2486 874 2539 in
899 2500 960 2537 os
990 2494 1044 2539 et
1071 2485 1121 2538 in
1153 2485 1384 2555 linguam
1413 2505 1426 2538 :
1459 2493 1512 2538 et
1538 2485 1728 2538 alicubi
1755 2484 1970 2554 quidem

376 2576 546 2630 verbo
593 2575 730 2644 solo,
778 2577 972 2633 alicubi
1024 2587 1202 2632 autem
1255 2577 1528 2632 voluntate
1573 2578 1746 2632 solum
1789 2577 1969 2632 omnia

375 2672 602 2738 faciens,
649 2672 871 2727 curabat
914 2687 1009 2727 eos
1037 2673 1124 2740 qui
1154 2672 1483 2728 accedebant
1532 2670 1721 2741 (Marc.
1767 2672 1818 2726 7.
1851 2670 1964 2742 55).

373 2767 557 2832 Quare
611 2782 740 2835 ergo
802 2766 906 2822 hoc
967 2765 1243 2822 faciebat?
1283 2765 1510 2835 Propter
1557 2765 1968 2820 imbecillitatem

380 2873 572 2912 eorum
599 2859 687 2928 qui
719 2859 1060 2914 accedebant.
1092 2858 1157 2913 Et
1187 2869 1242 2912 ut
1284 2858 1421 2912 scias
1452 2857 1551 2911 hoc
1576 2855 1772 2912 factum
1804 2857 1970 2914 fuisse

375 2960 600 3021 prapter
628 2965 812 3004 eorum
852 2951 1287 3014 imbecillitatem,
1320 2950 1560 3004 laudabat
1590 2964 1683 3004 eos
1707 2951 1796 3019 qui
1827 2950 1969 3019 ejus-

375 3042 524 3096 modi
563 3041 721 3097 rebus
766 3043 986 3098 minime
1019 3057 1154 3112 opus
1184 3041 1458 3097 haberent.
1491 3043 1652 3096 Anien
1687 3042 1850 3108 enim,
1883 3041 1966 3094 in—

372 3133 513 3203 quit,
561 3134 673 3186 dico
721 3135 876 3200 vobis,
922 3151 1022 3187 non
1059 3133 1225 3188 inveni
1274 3142 1464 3187 tantum
1515 3133 1666 3204 ﬁdem
1710 3135 1762 3187 in
1800 3132 1969 3189 Israel

377 3227 592 3297 (.llattlt.
626 3227 680 3282 8.
735 3227 824 3298 10)
858 3227 1328 3297 :quandoquidetn
1379 3243 1484 3281 non
1537 3227 1698 3281 traxit
1737 3243 1866 3281 eum
1913 3226 1967 3282 in

371 3320 595 3374 domum
621 3334 772 3372 suam
793 3319 1054 3383 centurio,
1075 3317 1168 3373 sed
1186 3319 1320 3373 dixit
1342 3317 1674 3388 ejusjussum
1695 3315 1964 3373 sufficere.

373 3411 432 3468 In
473 3410 698 3464 Ezechia
742 3412 818 3481 (4.
850 3410 958 3482 Reg
1009 3409 1098 3480 18)
1143 3411 1323 3480 itaque
1351 3409 1480 3464 nihil
1511 3410 1617 3464 tale
1660 3408 1738 3475 fit,
1765 3408 1859 3464 sed
1885 3416 1969 3463 est

372 3501 717 3558 solummodo
743 3501 1033 3569 praedictio,
1064 3511 1120 3554 et
1147 3500 1277 3554 nihil
1318 3499 1610 3554 humanum
1635 3511 1966 3568 assmuplum

371 3607 462 3652 est
493 3615 507 3650 :
537 3607 592 3651 et
618 3597 736 3652 ideo
763 3597 814 3650 in
841 3611 908 3651 eo
934 3612 1168 3666 quoque,
1197 3596 1285 3665 qui
1313 3597 1494 3651 uxoris
1521 3595 1783 3664 zelotypia
1813 3593 1964 3648 labo-

371 3697 481 3752 rat,
504 3689 652 3758 jnssa
678 3697 760 3744 est
781 3704 868 3744 res
892 3689 1065 3758 aliqua
1090 3689 1321 3743 crassior
1343 3686 1438 3758 (b).
1463 3687 1614 3753 Quod
1632 3688 1675 3742 si
1699 3686 1832 3740 velis
1853 3686 1968 3741 haec

371 3795 592 3851 quoque
637 3795 851 3836 sumere
877 3781 1164 3851 anagogice
1193 3773 1403 3852 ('(hnnia
1446 3779 1610 3846 enim,
1643 3778 1829 3849 inquit,
1858 3777 1966 3832 [nec

373 3872 429 3924 in
475 3871 641 3940 ﬁgura
668 3871 954 3925 eveniebant
992 3871 1094 3924 illis
1121 3886 1141 3925 :
1158 3872 1349 3940 scripta
1373 3879 1488 3923 sunt
1512 3877 1680 3922 auum
1701 3870 1770 3922 ad
1795 3884 1965 3923 corre-

369 3963 590 4016 ctionem
631 3972 873 4029 nostram,
906 3962 973 4016 ad
1017 3978 1142 4032 quos
1178 3963 1305 4031 ﬁnes
1328 3961 1629 4016 seculorum
1669 3959 1966 4014 devenerunt

371 4056 453 4121 (ι.
487 4053 607 4110 Cor.
641 4056 726 4110 10.
757 4055 869 4125 11),
891 4053 1065 4124 cogita
1094 4053 1234 4124 apud
1263 4061 1314 4108 te
1338 4048 1569 4122 Optimos
1595 4051 1844 4106 Ecclesia:
1863 4049 1962 4105 do-

372 4159 558 4204 ctores
605 4165 702 4218 pro
743 4149 866 4202 tuba
908 4148 1150 4203 oratione
1189 4155 1398 4202 utentes
1439 4155 1493 4201 et
1535 4131 1961 4200 adversariorum

372 4241 572 4295 naenia
601 4240 892 4305 diruentes,
921 4250 976 4294 et
1001 4240 1253 4309 populum
1277 4239 1480 4309 integra
1507 4247 1560 4293 et
1584 4236 1813 4308 perfecta
1836 4235 1962 4290 Jesu

368 4343 644 4388 armatura
673 4341 956 4389 armatum.
985 4333 1200 4402 Septem
1248 4340 1425 4387 autem
1467 4332 1674 4387 dierum
1705 4344 1962 4386 numerus

364 4425 476 4496 jam
506 4436 630 4480 ante
651 4425 804 4480 nobis
830 4427 986 4482 solvit
1013 4426 1312 4480 sabbatum.
1331 4424 1512 4496 Neque
1537 4425 1678 4480 enim
1699 4422 1960 4494 ejusmodi

369 4517 503 4588 legis
554 4526 815 4586 praecepta
860 4517 1222 4585 principaliter
1267 4517 1387 4574 data
1439 4524 1582 4572 sunt.
1615 4517 1680 4570 Et
1727 4515 1847 4569 ideo
1893 4514 1962 4571 de

367 4607 650 4662 sacrificiis
699 4606 915 4677 quidem
959 4606 1134 4662 dicit:
1188 4607 1314 4674 Quis
1354 4609 1486 4661 enim
1547 4624 1608 4662 ea
1651 4607 1907 4677 requisivit
1935 4623 1962 4661 e

366 4701 602 4754 inanibus
643 4701 818 4755 uestris
845 4699 998 4772 (Isai.
1045 4705 1098 4756 1.
1143 4701 1272 4772 12)ἳ
1315 4701 1382 4756 Et
1423 4715 1649 4756 rursus:
1694 4699 1960 4772 Numquid

365 4802 485 4844 vota
529 4800 577 4846 et
616 4808 794 4846 carnes
837 4804 1025 4847 sancte
1065 4796 1296 4863 auferent
1342 4801 1544 4862 peccata
1574 4802 1662 4846 tua
1694 4791 1824 4864 (Jer.
1866 4793 1956 4848 11.

365 4885 505 4956 £5)?
534 4884 604 4940 Et
627 4900 813 4940 rursus
844 4903 857 4939 :
891 4883 1157 4957 Numquid
1182 4885 1371 4938 hostias
1405 4895 1455 4938 et
1481 4885 1735 4952 sam'ﬁcia
1770 4883 1956 4939 obtuli-

366 4979 458 5031 stis
488 4978 613 5031 milii
645 4978 698 5031 in
741 4979 932 5032 deserto
960 4977 1295 5048 quadraginta
1333 4977 1480 5031 annis
1510 4977 1685 5046 (Amos
1715 4977 1768 5033 ὅ.
1812 4975 1952 5048 25)?

370 5068 437 5123 Et
463 5085 646 5124 rursus
681 5087 694 5122 :
727 5068 830 5125 Cur
857 5070 982 5123 milii
1011 5067 1166 5136 affers
1203 5069 1324 5123 titus
1345 5084 1410 5122 ea:
1453 5067 1614 5134 Saba,
1659 5076 1704 5121 et
1734 5069 1958 5124 cinnata-

365 5175 504 5214 mum
536 5162 599 5214 de
620 5171 754 5214 terra
777 5161 1052 5232 longinqua
1078 5159 1213 5229 (Jcr.
1243 5159 1298 5214 6.
1326 5157 1467 5232 20)?
1497 5160 1560 5213 lit
1585 5159 1774 5213 iterum
1807 5177 1821 5213 :
1849 5158 1954 5214 Sac

365 5253 613 5321 eriﬁcium
652 5263 702 5307 et
729 5253 1028 5308 oblationem
1057 5254 1261 5308 noluisti
1293 5251 1464 5324 (Psal.
1498 5252 1586 5309 59.
1616 5253 1690 5322 7).
1725 5252 1790 5307 Ει
1830 5267 1953 5307 rur-

429 5384 500 5446 la)
533 5385 590 5436 In
607 5393 1150 5452 ϐιιειιῳηιηῆιωσιηοιιτε
1181 5387 1379 5452 quidem
1417 5400 1511 5436 vox
1549 5385 1629 5452 hic
1663 5392 1805 5452 recte
1826 5387 1955 5452 verti

365 5445 524 5508 potest
544 5487 558 5506 ,
581 5448 830 5513 exaudiat
847 5445 880 5509 ;⁷
901 5445 1068 5500 nescio
1101 5462 1165 5500 an
1199 5445 1371 5510 etiam,
1389 5448 1670 5513 respondit;
1706 5445 1788 5498 vel
1826 5446 1954 5498 forte

363 5510 1004 5574 utrumquecomplectiwr.

429 5569 498 5633 (b)
519 5569 659 5636 savii.
685 5586 698 5620 :
723 5590 746 5636 ς
759 5569 803 5623 Si
821 5574 1068 5636 historiam
1087 5572 1332 5636 respiciat,
1347 5573 1502 5636 inquit
1516 5572 1709 5623 doctiss.
1728 5569 1952 5636 Alienus,

361 5626 535 5702 {.tte'g.
572 5634 635 5683 20
656 5673 676 5702 ,Α
694 5633 837 5702 plane
861 5626 1574 5702 refragaturﬂcontextus'ipse;
1598 5647 1706 5682 nam
1730 5626 1950 5702 versui;

360 5691 537 5745 dicitur
568 5691 810 5759 accipiant
833 5691 1096 5748 amistfum
1118 5694 1353 5759 ficorum,
1377 5691 1475 5748 etc'.
1513 5691 1591 5759 sin
1610 5703 1774 5745 autem
1797 5694 1952 5759 histo-

359 5762 477 5804 stam
515 5759 683 5824 innuat
702 5757 752 5808 «1.
779 5765 893 5822 Reg.
919 5759 996 5824 l_9,
1026 5759 1052 5808 7
1092 5757 1240 5824 et}!
1260 5794 1274 5818 ,
1297 5758 1362 5824 tle
1409 5757 1717 5824 [.raulictione
1754 5758 1951 5824 quidem

360 5825 582 5878 antistare
610 5820 800 5870 videtur
819 5816 946 5878 (sed
985 5833 1079 5870 non
1111 5820 1235 5869 adeo
1262 5816 1422 5870 'clare'
1440 5823 1509 5869 de
1545 5816 1758 5868 tzecbia:
1775 5816 1895 5867 'Bde.
1919 5831 1943 5862 ι

363 5873 425 5930 At
449 5891 538 5943 ego
558 5894 653 5932 non
675 5873 952 5951 video'quid
974 5881 1105 5932 dubii
1128 5883 1189 5934 de
1213 5882 1422 5932 Ezechiae
1447 5881 1540 5931 ﬁde
1566 5883 1694 5929 nasci
1720 5880 1886 5944 lessit.

1535 435 1894 493 EXPOSITIO
1932 435 1996 490 ΙΝ
2036 434 2355 494 Ρδλωιωι
2395 437 2606 494 XLIII.’

3571 457 3671 514 1Ὶᾶ

2081 566 2172 608 sus
2195 572 2209 608 :
2239 553 2506 627 Numquid
2533 560 2826 616 holocausta
2864 570 2912 615 et
2939 563 3191 630 sacriﬁcia
3215 564 3318 618 vult
3341 561 3482 620 Deus
3510 567 3550 633 ⁸,
3570 583 3669 621 an-

2081 666 2201 714 non,
2242 660 2298 704 ut
2337 652 2672 730 eiobcdiatur
2699 654 2774 726 (Ι.
2807 655 2935 727 Reg.
2969 656 3054 712 15.
3085 656 3226 728 92η
3251 656 3319 712 Et
3348 673 3531 713 rursus
3561 674 3575 714 :
3606 659 3668 712 Si

2080 740 2320 795 voluisses
2348 743 2675 812 sacriﬁcium,
2703 745 2950 800 dedissent
2975 745 3143 817 (Psal.
3176 748 3263 804 50.
3300 747 3409 819 18).
3445 747 3511 802 Ει
3553 765 3667 802 rur-

2079 846 2209 885 sus:
2236 831 2442 887 Auditio
2465 834 2597 888 bona
2623 851 2774 903 super
2809 837 3115 905 sacrificium
3160 838 3236 899 li.
3271 837 3393 910 licg.
3432 840 3516 894 l5.
3547 839 3664 909 22).

2083 925 2146 978 Et
2189 925 2378 979 iterum
2424 925 2557 981 festa
2599 927 2819 996 ejiciens
2863 929 3030 999 inquit
3059 949 3071 983 :
3105 929 3238 984 Odia
3277 930 3451 994 habui,
3502 933 3668 1000 τερηιὶ

2080 1017 2208 1086 festa
2236 1026 2420 1075 vestra.
2471 1018 2628 1090 Aufer
2653 1037 2688 1073 α
2715 1037 2793 1074 me
2833 1038 3010 1074 sonum
3035 1023 3342 1076 canticorum
3374 1034 3591 1086 tuorum,
3621 1033 3667 1076 et

2077 1116 2279 1164 contum
2300 1127 2604 1181 organorum
2631 1121 2830 1166 tuorum
2857 1130 2956 1166 non
2994 1113 3262 1168 exaudiant
3292 1115 3468 1180 (Amos
3487 1115 3542 1170 5.
3573 1114 3664 1169 21.

2077 1199 2194 1273 25).
2227 1202 2314 1269 Ει,
2359 1202 2506 1257 Diem
2536 1221 2773 1274 maguum
2815 1222 2914 1258 non
2959 1206 3202 1268 sustineo,
3241 1217 3288 1260 et
3326 1207 3577 1277 jejunium
3619 1217 3666 1260 et

2080 1295 2234 1364 ferias
2275 1296 2380 1348 odit
2417 1297 2588 1350 anima
2615 1313 2727 1350 mea
2775 1296 2921 1368 (lsai.
2960 1301 3010 1352 1.
3068 1299 3152 1354 15.
3193 1298 3300 1367 ll).
3343 1299 3409 1353 iit
3436 1313 3618 1352 rursus
3649 1317 3662 1352 :

2082 1387 2201 1442 Non
2230 1399 2302 1442 est
2341 1389 2433 1442 hoc
2453 1389 2710 1460 jejunium
2733 1389 2869 1459 quod
2893 1389 3019 1459 elegi
3045 1388 3195 1461 (lsai.
3233 1390 3322 1445 58.
3355 1389 3430 1459 5).
3463 1389 3664 1442 Rursus

2080 1494 2291 1550 quoque
2335 1479 2542 1534 dicebat
2590 1481 2875 1537 Ezechiel:
2913 1480 3054 1535 Dabo
3100 1481 3235 1535 vobis
3282 1491 3532 1551 prtvccpta
3559 1497 3661 1533 non

2078 1570 2226 1635 bona,
2271 1572 2322 1624 in
2351 1571 2529 1642 quibus
2573 1589 2673 1626 non
2714 1574 2883 1626 riuctis
2924 1574 2975 1626 in
3013 1574 3138 1641 ipsis
3165 1571 3373 1646 (Ezech.
3405 1573 3496 1627 2ο.
3541 1572 3658 1641 25).

2080 1664 2153 1718 Ita
2182 1667 2343 1720 etiam
2369 1665 2648 1721 sabbatum
2691 1666 2776 1722 hic
2802 1668 3043 1722 solvitur.
3067 1667 3170 1723 Sed
3195 1683 3293 1722 cur
3333 1668 3461 1722 dicit
3486 1685 3498 1720 :
3537 1667 3665 1735 Quis

2077 1756 2184 1809 iure
2215 1757 2463 1822 requisivit
2491 1758 2554 1810 de
2582 1757 2810 1810 manibus
2836 1759 3007 1810 vestris
3027 1759 3052 1810 ?
3099 1758 3212 1812 Hoc
3242 1758 3391 1811 Vobis
3421 1759 3663 1827 relinquo

2079 1849 2392 1904 solvendum
2427 1868 2438 1902 :
2473 1850 2714 1920 poteritis
2737 1857 2918 1904 autem
2950 1849 3073 1903 talia
3113 1850 3373 1912 invenire,
3404 1850 3448 1903 si
3477 1865 3660 1919 puram

2077 1942 2236 1994 vitam
2269 1943 2501 2011 egeritis.

2148 2034 2202 2088 5.
2233 2033 2289 2086 Si
2315 2033 2456 2087 enim
2485 2032 2788 2087 Cornelium
2831 2040 3048 2102 propter
3073 2032 3234 2086 vitam
3275 2032 3528 2102 Optimam
3560 2047 3658 2085 vo-

2073 2126 2216 2180 c.wit
2246 2126 2295 2179 id
2341 2141 2655 2180 arcanorum
2683 2125 3042 2195 cognitionem
3075 2125 3209 2197 (Act.
3245 2125 3330 2180 10.
3359 2125 3414 2193 4)
3441 2166 3454 2190 ,
3484 2132 3538 2179 et
3563 2139 3660 2179 eu.

2077 2215 2334 2278 nuchum,
2362 2215 2503 2283 quod
2532 2215 2770 2270 studiose
2807 2215 3005 2285 legeret
3027 2255 3040 2278 ,
3081 2215 3147 2269 sd
3197 2215 3272 2270 rei
3301 2215 3660 2284 cognitionem

2075 2308 2291 2364 deduxit
2321 2310 2457 2378 (Act.
2489 2309 2542 2363 8.
2573 2307 2664 2361 27.
2691 2309 2864 2378 sqq.):
2896 2307 3065 2361 multo
3095 2308 3261 2376 magis
3301 2323 3395 2362 vos
3439 2307 3529 2376 qui
3551 2309 3660 2375 jam

2074 2403 2233 2456 fidem
2265 2401 2534 2472 assequnti
2581 2402 2713 2454 estis
2732 2442 2748 2466 ,
2777 2401 2820 2454 si
2849 2411 3047 2455 rectam
3077 2400 3238 2454 vitam
3283 2397 3624 2454 ostenderitis
3644 2439 3658 2461 ,

2073 2493 2287 2548 docebit
2315 2508 2433 2562 qua:
2459 2502 2581 2547 sunt
2619 2491 3001 2547 manifestiora.
3033 2491 3492 2560 Quemadmodum
3517 2491 3659 2546 enim

2075 2588 2179 2640 vita
2211 2585 2482 2641 immunda
2512 2595 2594 2640 est
2623 2585 3038 2654 impedimento,
3067 2586 3350 2656 quominus
3369 2601 3432 2640 ea
3457 2600 3659 2656 cogno-

2074 2687 2290 2734 sc:tntur
2323 2680 2403 2750 (ut
2429 2679 2559 2733 dicit
2587 2678 2817 2732 Paulus:
2849 2676 2969 2731 Non
3007 2678 3152 2748 potui
3190 2678 3328 2746 loqui
3367 2678 3502 2731 vobis
3530 2686 3660 2731 tam—

2073 2787 2225 2840 quam
2251 2769 2618 2840 spiritualibus,
2647 2769 2884 2839 quoniam
2909 2769 3021 2822 lites
3049 2777 3165 2822 sunt
3192 2768 3328 2824 vobis
3369 2779 3419 2824 et
3447 2781 3653 2823 conten-

2075 2863 2234 2916 tiones
2273 2861 2293 2934 [
2318 2863 2362 2916 1.
2393 2860 2510 2915 Cor.
2535 2861 2588 2917 5.
2617 2861 2667 2915 1.
2699 2859 2752 2932 3]
2780 2879 2793 2925 ;
2823 2869 2878 2915 et
2915 2875 3099 2915 rursus
3135 2859 3298 2914 Isaias
3325 2879 3340 2915 :
3364 2859 3509 2915 Scire
3553 2861 3660 2914 eius

2074 2970 2211 3007 ineas
2237 2951 2592 3006 desiderabant
2615 2993 2630 3016 ,
2659 2960 2712 3005 ut
2739 2952 2959 3022 papulas
2977 2949 3196 3020 quifecit
3209 2949 3472 3020 justitiam
3497 2945 3651 3019 “sui.

2071 3043 2162 3099 58.
2194 3043 2250 3116 2]
2275 3043 2292 3114 )
2318 3061 2330 3097 :
2363 3044 2441 3098 sic
2469 3044 2573 3097 vita
2601 3043 2803 3098 munda
2851 3052 2903 3097 et
2932 3043 3202 3112 quaerendi
3229 3042 3462 3096 studium
3499 3057 3658 3094 manu

2071 3137 2292 3192 ducunt.
2327 3136 2548 3204 Quaerite
2591 3136 2770 3201 enim,
2800 3135 3007 3204 inquit,
3039 3145 3085 3188 et
3107 3133 3365 3188 invenietis
3391 3131 3539 3202 (Luc.
3565 3133 3653 3186 11.

2071 3229 2149 3300 9).
2180 3229 2317 3297 Quin
2347 3229 2504 3284 etiam
2533 3229 2780 3298 parabola
2807 3230 2945 3297 ejus,
2971 3226 3060 3297 qui
3089 3227 3220 3296 petit
3247 3241 3413 3296 panes
3434 3227 3502 3280 ab
3525 3226 3659 3279 ami-

2069 3337 2155 3388 co,
2205 3322 2295 3392 qui
2343 3321 2449 3391 jam
2502 3321 2837 3384 dormiebat;
2869 3319 2969 3374 hoc
3013 3318 3245 3374 ostendit
3285 3317 3390 3388 (lb.
3435 3333 3483 3372 υ.
3513 3317 3654 3385 5-8).

2071 3412 2360 3481 Propterea
2390 3412 2640 3468 Salomon
2671 3425 2880 3482 quoque
2899 3393 3148 3480 quoniam
3177 3408 3655 3479 petiitspiritualia,

2071 3521 2133 3561 ea
2160 3506 2318 3560 etiam
2349 3505 2584 3574 accepit,
2627 3519 2748 3574 qua:
2799 3517 2905 3557 non
2957 3502 3105 3572 petiit
3157 3502 3234 3570 (5.
3271 3501 3398 3571 Reg.
3446 3501 3500 3555 5.
3543 3500 3654 3569 11).

2069 3596 2295 3666 Quando
2319 3606 2497 3652 autem
2525 3605 2581 3651 et
2610 3595 2914 3660 assiduitas,
2940 3602 2994 3648 et
3022 3593 3313 3664 spiritualis
3355 3592 3572 3663 petitio,
3603 3600 3658 3645 et

2069 3704 2201 3760 pura
2256 3688 2362 3742 vita
2433 3686 2699 3754 adfuerit,
2749 3687 2923 3757 cogita
2982 3684 3120 3754 apud
3197 3693 3250 3740 te
3297 3695 3494 3753 quanta
3555 3681 3658 3736 erit

2067 3780 2366 3852 accipiendi
2414 3779 2638 3835 facultas
2669 3797 2682 3833 :
2712 3779 2856 3849 atqui
2889 3778 2968 3831 vel
3011 3777 3126 3847 ipsa
3155 3792 3250 3845 per
3278 3790 3336 3830 se
3362 3775 3473 3829 sola
3524 3774 3657 3829 assi-

2069 3873 2247 3929 duitas
2299 3873 2584 3944 plurimum
2624 3871 2794 3942 potuit
2824 3888 2839 3922 :
2867 3868 2998 3924 Dico
3037 3868 3179 3924 enim
3201 3909 3216 3931 ,
3245 3866 3416 3937 inquit
3439 3905 3454 3929 ,
3483 3864 3619 3919 vobis
3638 3904 3655 3930 ,

2066 3968 2161 4022 etsi
2213 3982 2316 4020 non
2376 3975 2640 4035 propterea
2677 3963 2814 4033 quod
2857 3963 2921 4016 sit
2974 3963 3085 4032 ejus
3133 3961 3327 4013 amicus
3378 3958 3423 4011 ei
3481 3957 3650 4022 dabit,

2067 4067 2276 4130 propter
2310 4056 2676 4126 impudentiam
2719 4064 2885 4108 tamen
2931 4054 3039 4122 ejus
3091 4051 3229 4106 dabit
3274 4050 3324 4104 ei
3376 4048 3530 4118 (Luc.
3565 4049 3651 4102 11.

2070 4149 2147 4218 8).
2223 4147 2330 4201 Sed
2385 4155 2719 4201 revertamur
2780 4143 2847 4199 ad
2899 4142 3252 4213 propositum.
3317 4139 3458 4208 Opus
3521 4139 3655 4208 quod

2065 4252 2305 4310 aperatt-s
2327 4256 2382 4293 es
2425 4239 2480 4293 in
2527 4237 2700 4291 diebus
2724 4252 2928 4294 eorum.
2965 4235 3018 4287 in
3057 4233 3231 4286 diebus
3263 4230 3501 4299 antiquis.
3534 4228 3654 4280 llu-

2069 4352 2164 4389 nus
2235 4343 2320 4386 tua
2391 4340 2558 4403 gentes
2604 4328 2939 4398 disperdidit,
2988 4335 3034 4380 et
3087 4323 3327 4394 plantasti
3373 4338 3474 4377 eos.
3522 4319 3653 4374 \‘ide

2066 4441 2225 4496 quam
2277 4423 2489 4494 proprie
2529 4421 2762 4476 dictione
2795 4433 2923 4472 usus
2947 4426 3048 4471 cst.
3083 4415 3198 4470 Non
3225 4430 3311 4478 eo,
3343 4413 3531 4482 inquit,
3559 4427 3651 4464 so-

2070 4522 2177 4575 lum
2206 4535 2318 4574 rem
2343 4515 2612 4573 deduxisti
2638 4555 2654 4578 ,
2681 4523 2737 4568 ut
2763 4513 2838 4566 illi
2877 4511 3090 4582 quidem
3125 4510 3418 4574 vincerent,
3451 4505 3502 4560 hi
3527 4521 3653 4560 vero

2067 4614 2409 4667 vincerentur
2438 4625 2452 4661 :
2479 4607 2572 4662 sed
2615 4604 2791 4660 omnia
2842 4603 3048 4672 longius
3093 4607 3498 4671 processerunt;
3532 4597 3654 4650 licet

2065 4711 2222 4758 antea
2249 4715 2460 4770 quoque
2482 4714 2588 4754 non
2615 4711 2768 4766 aequo
2792 4694 3085 4750 certamine
3113 4706 3198 4747 res
3217 4699 3553 4761 gererentur.
3573 4685 3650 4740 illi

2066 4797 2208 4852 enim
2239 4792 2582 4864 possidebant
2602 4832 2618 4856 ,
2643 4789 2694 4844 hi
2722 4804 2852 4844 vero
2887 4796 3040 4843 erant
3061 4786 3278 4840 advenas
3307 4800 3322 4837 :
3348 4781 3444 4838 sed
3473 4792 3653 4834 tamen

2066 4895 2207 4942 tanta
2238 4885 2372 4941 facta
2393 4892 2479 4939 est
2522 4881 2744 4939 mutatio
2766 4921 2781 4947 ,
2813 4887 2870 4934 ut
2895 4879 2967 4934 illi
2987 4876 3204 4948 quidem
3231 4873 3486 4930 radicitus
3507 4869 3652 4926 evcl~

2066 4981 2324 5044 lercntur,
2359 4979 2410 5032 lii
2437 4991 2562 5032 vero
2592 4977 2779 5029 tierent
2801 4972 2951 5026 cives
2975 4979 3028 5026 et
3055 4968 3401 5023 habitatores.
3431 4961 3500 5016 Et
3530 4961 3656 5038 ideo

2063 5071 2130 5127 de
2174 5071 2276 5126 illis
2305 5069 2518 5140 quidem
2562 5066 2726 5122 dicit:
2757 5062 2945 5117 llanus
2974 5071 3061 5114 tua
3103 5067 3272 5130 gentes
3298 5053 3598 5124 disperdidit

2065 5163 2134 5219 de
2159 5162 2360 5218 Judtcis
2381 5170 2561 5216 autem
2583 5200 2598 5224 ,
2625 5153 2901 5211 Plantavit.
2929 5152 3139 5208 Manum
3181 5157 3358 5201 autem
3385 5143 3513 5199 dicit
3532 5142 3654 5210 ejus

2065 5255 2374 5326 potentiam.
2409 5249 2562 5318 Quod
2599 5248 2641 5304 si
2674 5262 2768 5303 eos
2805 5244 2894 5316 qui
2942 5240 3160 5298 aliunde
3184 5234 3570 5296 adveniebant,
3594 5244 3649 5288 et

2063 5365 2163 5406 nec
2189 5348 2374 5403 urbem
2399 5388 2412 5409 ,
2441 5361 2541 5400 nec
2566 5343 2786 5400 divinum
2827 5335 3093 5394 habebant
3115 5334 3170 5389 in
3205 5347 3306 5403 qua
3333 5328 3489 5384 sedes
3515 5329 3646 5397 lige-

2063 5451 2200 5500 rcnt,
2224 5446 2316 5491 aut
2342 5437 2393 5490 in
2421 5429 2579 5505 q'uam
2616 5448 2676 5488 se
2701 5431 3019 5500 reciperent,
3045 5423 3270 5480 reddidit
3301 5431 3404 5476 tam
3428 5419 3534 5476 cito
3551 5433 3648 5490 po—

2063 5530 2318 5586 tentiores
2365 5527 2429 5580 iis
2458 5525 2548 5596 qui
2576 5525 2718 5580 intus
2763 5521 3072 5581 habitabant
3103 5535 3117 5571 :
3147 5515 3313 5571 multo
3353 5511 3518 5584 magis
3547 5521 3646 5562 nos

2064 5620 2298 5692 paternis
2323 5617 2478 5672 benis
2503 5615 2706 5685 eiectos
2731 5629 2838 5667 non
2864 5611 3143 5680 despiciet.
3175 5607 3308 5676 Quid
3337 5616 3415 5661 est
3442 5614 3633 5664 autcn',

2066 5711 2357 5769 Pluntus‘i?
2385 5708 2590 5766 Fixisti.
2621 5703 2772 5772 Quod
2799 5712 2884 5758 est
2931 5703 3071 5758 enim
3106 5701 3394 5770 plautatum
3427 5739 3438 5759 ,
3475 5695 3528 5747 lit
3556 5694 3637 5744 lir-

2127 5873 2142 5905 ί
2181 5867 2316 5922 Coll).
2334 5904 2348 5933 ,
2375 5867 2644 5920 holocausta
2669 5868 2712 5914 et
2735 5859 2977 5918 columbas
3004 5857 3098 5910 vult
3128 5865 3268 5908 nens.
