4084 6278
433 433 536 489 175

430 564 574 600 tuum
615 555 665 600 ct
693 545 901 600 stabile.
930 543 1067 610 Quid
1097 544 1271 614 igitur,
1294 542 1397 605 die,
1430 553 1642 611 qua‘so,
1675 553 1779 592 non
1815 536 1980 605 migra
1999 561 2011 570 -

428 641 594 695 runt?
636 655 745 694 non
788 638 1002 693 abducti
1046 638 1252 693 suntin
1287 637 1401 690 loca
1444 634 1615 689 aliena
1643 635 1755 706 (a)?
1788 630 2015 686 Abdm-ti

428 743 555 788 sunt
578 742 723 788 certe
745 774 758 795 ,
786 732 880 787 sed
912 746 1017 786 non
1064 738 1281 800 prOpter
1318 728 1736 783 imbecillitatem
1784 725 1900 795 ejus
1926 724 2015 794 qui

428 825 791 881 collocaverat
812 865 827 888 ,
852 823 945 879 sed
978 831 1197 892 preptcr
1227 820 1413 874 vitium
1458 833 1645 873 eorum
1674 818 1763 887 qui
1799 816 2016 885 plantati

432 928 577 972 sunt.
610 917 718 971 Nisi
764 917 907 971 enim
950 930 1070 985 quae
1115 911 1395 977 fecerant,
1430 909 1657 965 fuissent
1689 910 1767 963 eis
1791 908 2017 975 impedi-

431 1021 652 1075 mento,
701 1008 830 1063 nihil
885 1007 1144 1062 vetuisset
1184 1005 1471 1074 quominus
1527 1001 1671 1057 domi
1719 1008 2016 1054 manerent.

430 1102 663 1174 A/jliadsti
689 1101 920 1169 papulas,
948 1108 994 1154 et
1022 1098 1262 1169 expulisti
1288 1113 1390 1151 eos.
1415 1094 1665 1171 Nonnulli
1690 1094 1869 1148 dicunt
1905 1092 2021 1146 ha‘c

429 1194 532 1248 dici
561 1193 628 1247 de
656 1191 941 1264 rEgyptiis:
973 1191 1101 1246 mihi
1131 1200 1308 1245 autem
1339 1188 1548 1244 videtur
1576 1186 1680 1241 hoc
1699 1200 1911 1255 quoque
1939 1183 2022 1236 di-

430 1293 573 1338 ctum
600 1300 718 1341 esse
748 1284 815 1339 de
848 1283 1114 1356 gentibus.
1148 1284 1277 1338 Nam
1309 1284 1376 1337 de
1417 1282 1524 1336 illis
1551 1295 1763 1350 quoque
1792 1279 2020 1345 sumpsit

431 1377 785 1446 supplicium,
817 1376 869 1431 in
902 1386 1129 1445 utroque
1164 1389 1314 1429 suam
1358 1371 1648 1427 ostendens
1696 1369 2017 1439 potentiam,

432 1469 484 1521 in
529 1468 772 1524 delendis
798 1468 1004 1522 sciliCct
1035 1468 1267 1522 inimicis
1306 1477 1360 1519 et
1401 1466 1511 1519 suis
1536 1460 1936 1518 continuandis.
1963 1459 2017 1512 4.

433 1559 555 1614 Non
600 1562 731 1615 enim
772 1560 827 1614 in
870 1561 1043 1633 gladio
1084 1576 1176 1614 suo
1227 1559 1552 1629 possederunt
1598 1565 1803 1609 terram.
1838 1554 2018 1618 Alius,

434 1651 557 1706 Non
587 1652 717 1705 enim
744 1653 795 1706 in
820 1668 1056 1717 casamo
1087 1651 1410 1721 possederunt
1436 1658 1642 1701 terram.
1669 1645 1739 1704 Et
1761 1643 2023 1697 brae/tium

431 1760 604 1798 eorum
633 1761 732 1798 non
780 1744 989 1798 salvabit
1017 1761 1136 1808 eos;
1164 1742 1251 1797 sed
1279 1742 1482 1796 de.t:tera
1529 1750 1613 1792 tua
1639 1781 1652 1803 ,
1687 1747 1731 1791 et
1762 1736 2022 1790 brachium

430 1846 591 1900 illum,
615 1845 662 1891 et
686 1836 990 1889 illnminatio
1013 1835 1176 1888 bulas
1202 1834 1295 1888 tui.
1322 1834 1470 1887 Alius
1493 1831 1691 1901 inquit,
1720 1827 1850 1882 Lux.
1877 1827 2017 1894 Quo-

430 1926 567 1979 niam
590 1925 939 1996 complacuisti
958 1927 1010 1979 in
1032 1925 1121 1977 eis.
1145 1925 1301 1993 Atqui
1332 1924 1816 1978 vincebantomncs
1834 1918 2019 1972 armati

432 2020 484 2072 in
513 2017 667 2073 bellis
701 2018 925 2072 :armati
951 2017 1167 2087 quidem
1187 2058 1203 2079 ,
1245 2032 1429 2071 verum
1456 2015 1504 2068 id
1539 2031 1641 2068 non
1672 2026 1943 2067 armorum
1969 2011 2019 2063 vi

435 2110 629 2173 fiebat,
662 2109 755 2164 sed
786 2109 876 2164 Dei
904 2110 1133 2175 virtute,
1157 2109 1246 2178 qui
1286 2106 1544 2161 exercitui
1580 2113 1828 2174 prteerat.
1863 2102 2022 2158 Vides

440 2201 713 2270 quomodo
735 2202 852 2256 loco
872 2201 1130 2255 orationis
1156 2199 1355 2253 adtein
1373 2199 1678 2259 consilium,
1703 2195 1934 2250 suadens
1965 2204 2023 2249 ιιι

433 2293 611 2347 cunnia
655 2293 706 2347 in
738 2293 901 2347 Deum
929 2291 1251 2362 conjiciunt,
1285 2290 1507 2360 ejusque
1545 2289 1767 2343 arbitrio
1796 2288 2018 2357 permit-

433 2385 570 2437 tant?
596 2383 876 2450 Quomodo
915 2393 1091 2437 autem
1123 2398 1235 2438 rem
1281 2391 1437 2436 vocat
1479 2379 1831 2434 hereditatem
1857 2419 1871 2441 ,
1899 2391 2018 2431 cum

436 2487 635 2545 patres,
654 2477 760 2544 avi,
779 2484 835 2532 et
855 2477 1037 2546 proavi
1060 2486 1258 2531 terram
1289 2491 1393 2529 non
1423 2473 1768 2536 obtinuerint,
1795 2472 1889 2526 sed
1918 2470 2021 2525 alio

430 2577 486 2621 et
511 2569 619 2622 alio
641 2576 878 2637 tempore
919 2566 1222 2636 consumpti
1251 2566 1401 2620 sint?
1427 2565 1560 2631 Quia
1592 2563 1723 2618 facta
1748 2574 1828 2617 est
1853 2562 2020 2631 putri-

433 2658 533 2712 bus
549 2657 847 2727 promissio.
864 2656 1007 2722 Veni,
1028 2658 1212 2728 inquit,
1234 2658 1286 2710 in
1300 2669 1484 2711 terram
1500 2672 1648 2725 quam
1663 2652 1749 2707 tibi
1761 2652 2020 2707 ostendero

437 2748 589 2818 (Gen.
638 2749 728 2804 12.
766 2751 839 2821 1);
870 2759 944 2815 et,
978 2749 1120 2803 Dabo
1164 2749 1252 2803 tibi
1279 2759 1485 2813 terram,
1518 2759 1564 2802 et
1587 2747 1762 2802 semini
1789 2761 1874 2799 tuo
1907 2743 2019 2817 (ib.

432 2843 520 2897 13.
553 2839 661 2916 15).
690 2841 824 2896 Cum
861 2849 1038 2906 autem
1080 2841 1302 2896 dixisset
1330 2840 1608 2895 dexteram
1634 2834 1693 2893 'et
1716 2838 2014 2902 brachium,

432 2934 681 3001 quoniam
711 2933 868 3002 paulo
894 2934 1156 2988 crassiora
1184 2933 1345 2988 verba
1370 2930 1705 2996 memoravit,
1734 2928 1855 2982 vide
1879 2942 2015 2997 quo-

433 3025 593 3081 modo
641 3026 835 3080 attollit
876 3026 1173 3080 orationem
1196 3067 1208 3089 ,
1238 3039 1426 3079 rursus
1471 3023 1796 3093 subjungens
1822 3061 1835 3083 ,
1864 3029 1921 3075 et
1940 3019 2023 3075 di-

433 3133 563 3173 rcns
595 3136 607 3172 :
643 3117 706 3172 Et
735 3118 1040 3172 illuminatio
1086 3104 1254 3172 vultus
1306 3116 1417 3180 tui,
1458 3115 1559 3169 hoc
1583 3124 1699 3177 est,
1740 3111 2017 3178 defensio,

436 3210 790 3280 providentia.
824 3210 973 3265 Velle
1002 3211 1143 3265 enim
1166 3219 1221 3266 et
1252 3209 1440 3264 adesse
1469 3208 1571 3262 illis
1592 3206 1766 3262 solum
1792 3204 2013 3260 suffece-

435 3304 521 3356 rit.
555 3301 756 3357 Deinde
799 3302 958 3357 ctiam
987 3317 1205 3356 causam
1239 3319 1252 3354 :
1290 3301 1543 3366 Quoniam
1586 3298 1936 3369 complacuisti
1967 3297 2020 3350 in

433 3396 505 3450 eis
529 3412 546 3449 :
575 3396 675 3451 hoc
699 3407 803 3463 est,
822 3396 1082 3462 Quoniam
1113 3396 1350 3451 dilexisti
1378 3410 1493 3459 eos,
1512 3394 1764 3465 quoniam
1786 3391 2019 3447 voluisti.

436 3489 544 3541 lies
597 3489 774 3557 itaque
802 3503 920 3557 qua:
953 3487 1182 3551 fiebant,
1211 3495 1365 3541 erant
1388 3487 1574 3557 gratia:
1597 3526 1612 3552 ,
1642 3501 1746 3539 non
1777 3493 1921 3539 recte
1947 3482 2025 3538 fa-

435 3594 676 3645 ctorum,
718 3595 817 3635 nec
846 3581 895 3635 id
943 3596 1008 3635 ex
1045 3582 1257 3649 prOpria
1296 3580 1495 3634 virtute
1539 3579 1809 3649 asscquuti
1859 3586 2019 3641 sunt,

437 3671 530 3724 sed
560 3686 622 3725 ex
648 3670 742 3725 Dei
775 3670 1119 3741 benignitate.
1150 3672 1203 3725 5.
1230 3670 1305 3724 Tu
1332 3688 1383 3725 es
1406 3671 1514 3742 ipse
1537 3687 1629 3725 rea;
1652 3687 1791 3724 meus
1816 3680 1862 3722 et
1882 3668 2022 3723 Deus

437 3780 580 3816 meus
599 3805 612 3830 ,
637 3763 719 3833 qui
747 3762 958 3817 orandas
986 3763 1175 3817 salutes
1199 3760 1382 3817 Jacob.
1409 3762 1560 3817 Alius
1581 3804 1594 3828 ,
1621 3760 1816 3815 Mando
1846 3762 1909 3814 de
1933 3777 2021 3814 sa-

439 3854 543 3907 lute
571 3853 749 3909 Jacob.
780 3856 841 3909 Et
866 3870 1109 3925 quaenam
1134 3864 1217 3910 est
1245 3855 1358 3910 lucc
1384 3854 1808 3925 consequentia?
1835 3852 2023 3923 Magna

436 3945 649 4015 quidem
671 3961 793 4001 cum
824 3946 886 4001 iis
912 3962 1030 4017 qum
1054 3946 1194 4002 dicta
1223 3957 1366 4002 sunt.
1389 3945 1541 4015 Quod
1574 3945 1715 4002 enim
1746 3945 1876 4001 dicit
1900 3987 1913 4009 ,
1943 3952 2027 4000 est

438 4037 700 4104 ejttsmodi
730 4056 745 4093 :
769 4037 877 4094 Nos
903 4038 1095 4093 abillis
1125 4039 1383 4111 originem
1411 4038 1660 4093 duximus
1684 4057 1697 4093 :
1720 4047 1774 4093 et
1803 4047 1855 4092 tu
1884 4038 2026 4092 Deus

441 4130 535 4187 ille
558 4133 671 4201 ipse
693 4147 775 4200 es,
805 4133 893 4205 qui
916 4140 972 4188 et
994 4142 1119 4189 tunc
1149 4141 1203 4188 et
1229 4148 1371 4188 nunc
1409 4132 1496 4187 illa
1521 4131 1712 4187 fecisti.
1745 4130 2025 4187 Undenam

438 4237 567 4294 ergo
594 4234 681 4278 est
720 4233 862 4279 tanta
890 4224 1147 4279 mutatio?
1175 4223 1290 4279 Non
1319 4224 1462 4279 enim
1509 4222 1651 4278 alius
1692 4222 1907 4293 quidem
1940 4221 2029 4276 ille

441 4314 602 4379 lteus,
632 4322 688 4369 tu
708 4314 862 4383 alius,
895 4315 989 4371 sed
1018 4324 1071 4370 tu
1102 4315 1242 4371 idem
1270 4316 1386 4385 ipse
1414 4330 1493 4371 es.

510 4405 566 4459 6.
594 4405 777 4477 Neque
797 4422 926 4463 vero
952 4421 1138 4462 rursus
1164 4417 1221 4461 tu
1250 4407 1465 4478 quidem
1487 4422 1567 4473 es,
1586 4421 1689 4476 ego
1711 4421 1840 4461 vero
1865 4405 2029 4460 alium

443 4496 609 4550 llcum
634 4497 763 4551 mihi
786 4496 1053 4566 adscribo,
1072 4498 1165 4553 sed
1188 4497 1269 4553 Tu
1293 4515 1346 4553 es
1359 4514 1451 4553 rex
1476 4515 1615 4552 meus
1639 4508 1686 4551 et
1707 4498 1839 4551 Deus
1865 4514 2022 4552 meus.

444 4588 528 4642 Ab
549 4589 774 4657 imperio
805 4599 896 4644 tuo
916 4604 1021 4644 non
1050 4590 1376 4655 resiluimus,
1404 4592 1566 4644 alium
1597 4590 1791 4646 ducem
1813 4606 1919 4644 non
1947 4590 2032 4644 iu-

443 4681 781 4751 scripsimus.
827 4683 927 4750 Qui
968 4684 1186 4738 mandas
1224 4684 1415 4738 salutes
1440 4682 1603 4739 Iacob
1636 4700 1655 4738 :
1680 4684 1783 4739 hoc
1815 4692 1929 4748 est,
1967 4684 2031 4739 Et

445 4775 586 4827 Deus
633 4772 771 4828 idem
794 4815 809 4841 ,
841 4782 895 4828 et
923 4773 1109 4829 eadem
1138 4783 1221 4829 cst
1239 4774 1598 4846 providentia.
1630 4774 1912 4831 Undenam
1941 4785 2026 4829 est

442 4881 573 4939 ergo
596 4882 776 4924 rerum
804 4867 1052 4923 mutatio?
1075 4867 1212 4937 Quid
1234 4879 1317 4923 est
1345 4883 1495 4939 ergo,
1523 4868 1623 4936 Qui
1651 4870 1865 4922 mandas
1884 4872 1911 4923 .7
1929 4869 2029 4935 Qui

443 4960 703 5033 prmcipit,
736 4962 823 5033 qui
850 4960 1003 5032 jubet
1023 4969 1080 5017 ut
1104 4961 1270 5018 Jacob
1296 4969 1561 5017 servetur.
1592 4962 1689 5017 Hic
1720 4977 1907 5016 rursus
1933 4977 2027 5015 os-

445 5054 615 5110 tendit
659 5055 847 5110 auxilii
896 5054 1233 5121 facilitatem,
1265 5065 1320 5109 et
1362 5056 1648 5110 maximam
1686 5064 2026 5124 poteStatem.

442 5147 546 5202 Sed
579 5162 751 5217 neque
777 5146 979 5219 proavi,
1016 5161 1209 5216 nempe
1223 5146 1407 5212 Jacob,
1440 5145 1556 5200 sine
1575 5159 1733 5200 causa
1765 5145 2027 5212 meminit,

442 5238 536 5295 sed
568 5248 622 5295 ut
652 5255 868 5296 causam
899 5254 1051 5295 suam
1082 5238 1253 5310 magis
1275 5239 1484 5309 probet,
1514 5238 1632 5309 ejus
1654 5238 1904 5292 virtutem
1932 5239 2029 5291 ad-

442 5333 608 5398 ducit,
640 5335 832 5390 volens
860 5333 961 5388 sibi
995 5332 1161 5388 Deum
1205 5331 1432 5387 reddere
1471 5331 1782 5401 propitium.
1808 5330 1860 5385 6.
1891 5328 1955 5383 In
1985 5339 2032 5383 te

441 5426 672 5482 inimicos
698 5438 896 5483 nostros
921 5424 1272 5482 aentilabimus
1296 5440 1475 5479 cornu.
1501 5425 1564 5479 Et
1598 5434 1651 5479 tu
1680 5423 1822 5479 idem
1844 5438 1924 5487 es,
1952 5426 2032 5475 in-

445 5521 582 5589 quit,
611 5528 668 5576 et
693 5521 1025 5592 providentia
1056 5519 1245 5576 eadem
1263 5556 1280 5585 ,
1308 5527 1363 5573 ct
1384 5532 1483 5572 nos
1504 5527 1687 5573 nostra
1711 5516 1802 5570 tibi
1832 5515 2031 5571 adscri-

440 5612 637 5679 bimus,
668 5621 724 5668 ct
737 5612 939 5668 eisdem
966 5614 1132 5668 armis
1148 5613 1225 5668 usi
1251 5625 1456 5669 sumus.
1482 5608 1596 5666 [loc
1620 5609 1762 5665 enim
1794 5609 1893 5663 sibi
1920 5610 2030 5662 vult

438 5706 568 5763 illud
601 5721 617 5763 :
645 5704 712 5761 In
739 5716 787 5761 te
811 5705 1042 5761 inimicos
1065 5715 1262 5763 nostros
1286 5704 1635 5761 ventilabimns
1664 5720 1843 5760 cornu.
1878 5704 2028 5757 Alius

497 5840 571 5900 (τι)
602 5841 687 5890 llic
711 5846 759 5903 et
786 5836 905 5903 infra
931 5838 1154 5903 quaedam
1184 5837 1390 5893 deerant
1430 5843 1475 5891 in
1519 5845 1656 5891 textu
1699 5836 1856 5890 \torcl.
1882 5874 1893 5901 ,
1919 5851 2027 5903 quae

435 5914 496 5953 ea
523 5902 847 5963 Manuscriptis
869 5902 1093 5952 restituta
1116 5908 1245 5952 sunt.

1145 427 1182 484 S
1240 424 1516 483 JOANNIS
1552 415 2031 479 Clll’tYSOSTOMI
2074 416 2385 473 ARCHIEI’.
2428 417 2960 475 CONSTANTINOP.

3616 419 3715 478 ιτς

2127 542 2304 588 autem
2339 533 2467 588 dicit
2495 552 2508 587 :
2540 533 2643 589 Eos
2669 537 2755 604 qui
2795 553 2887 589 nos
2917 536 3139 605 aﬂh‘gunt
3166 552 3321 588 cornu
3374 546 3614 604 petemus.
3649 539 3717 591 Et

2122 633 2174 681 in
2220 630 2422 683 nomine
2460 641 2546 682 tuo
2594 648 2891 699 spernemus
2934 633 3252 700 insurgentes
3283 632 3335 683 in
3379 649 3489 683 nos.
3523 634 3717 698 Alius,

2122 720 2559 776 Conculcabimus.
2593 722 2750 790 Quid,
2781 722 2975 792 inquit,
3007 722 3149 782 dico,
3180 720 3245 774 In
3278 721 3349 775 te?
3384 721 3471 776 Vel
3510 737 3709 778 nomen

2122 822 2267 868 tuum
2297 815 2467 867 solum
2499 816 2746 869 invocare
2769 815 2967 869 sufﬁcit
2992 814 3057 866 ad
3089 815 3268 868 omnia
3306 818 3521 885 egregie
3551 833 3712 885 pera-

2122 906 2314 977 genda.
2339 906 2454 960 Non
2486 906 2617 961 dixit
2642 908 2807 971 enim,
2828 906 3133 970 Vincamus,
3161 907 3263 970 vel,
3287 907 3678 975 Superabimus
3704 926 3717 939 ο

2122 1001 2237 1063 sed,
2272 998 2439 1053 Nihili
2462 1000 2704 1054 ducemus
2730 1041 2743 1064 ,
2772 1016 2870 1055 nec
2897 1014 2991 1055 eos
3009 1015 3130 1056 esse
3157 1001 3354 1070 aliquid
3389 1003 3717 1071 putabimus.

2125 1094 2237 1147 Hoc
2264 1093 2412 1147 enim
2444 1093 2544 1147 sibi
2577 1094 2691 1148 vult
2723 1092 2854 1148 illttd
2881 1111 2893 1145 :
2922 1092 2986 1146 In
3012 1103 3057 1147 te
3080 1094 3308 1148 inimicos
3337 1104 3536 1148 nostros
3563 1097 3722 1148 renti-

2123 1185 2337 1239 labimus
2357 1225 2371 1248 ,
2395 1194 2440 1238 et
2469 1185 2522 1238 in
2549 1185 2752 1238 nomine
2778 1194 2865 1239 tuo
2892 1185 3021 1238 nihil
3047 1185 3289 1238 ducemus
3335 1187 3648 1255 insurgentes
3669 1188 3721 1239 iu

2124 1294 2236 1331 nos.
2281 1278 2392 1331 Non
2424 1278 2565 1333 enim
2593 1278 3017 1333 existimabimus
3056 1294 3149 1331 eos
3188 1293 3307 1332 esse
3347 1279 3568 1346 aliquid,
3612 1296 3714 1333 nec

2127 1370 2562 1437 perterrebimur,
2593 1368 2691 1423 sed
2727 1376 2993 1437 tamquam
3024 1370 3112 1437 qui
3144 1368 3293 1420 nihili
3324 1368 3568 1422 homines
3597 1386 3721 1438 per-

2125 1476 2435 1532 sequemur.
2479 1461 2632 1529 Quod
2682 1460 2996 1533 significans
3039 1462 3174 1514 alius
3214 1461 3512 1528 interpres,
3540 1462 3718 1519 dixit:

2125 1551 2542 1607 Coneulcabimus
2569 1568 2589 1607 :
2611 1569 2705 1622 per
2749 1553 2855 1607 vim
2912 1561 3114 1622 partam
3168 1553 3449 1607 victoriam
3477 1593 3494 1619 ,
3522 1554 3719 1608 instru-

2124 1654 2264 1698 ctam
2308 1643 2515 1713 absque
2553 1644 2848 1699 certamine
2889 1644 3100 1709 aciem,
3135 1659 3364 1714 pugnam
3417 1644 3533 1698 sine
3574 1655 3717 1699 metu

2125 1736 2432 1789 ostendens.
2463 1736 2515 1789 7.
2560 1734 2682 1789 Non
2717 1736 2852 1790 enim
2882 1736 2932 1791 in
2960 1752 3080 1790 arcu
3122 1753 3230 1790 meo
3257 1735 3487 1805 sperabo.
3525 1737 3673 1791 Alius
3701 1780 3716 1801 ,

2126 1824 2413 1896 Conﬁdam.
2446 1827 2512 1881 Et
2548 1827 2750 1899 gladius
2792 1845 2931 1883 meus
2951 1845 3050 1883 non
3080 1828 3289 1882 salvabit
3334 1846 3428 1882 me.
3464 1830 3528 1884 Et
3556 1846 3719 1897 quare

2127 1919 2209 1974 his
2240 1930 2365 1974 usus
2391 1922 2487 1975 es?
2516 1936 2611 1976 cur
2638 1931 2816 1976 autem
2838 1922 3083 1987 armaris,
3113 1930 3167 1975 et
3191 1938 3370 1974 arcum
3399 1931 3452 1977 et
3477 1923 3713 1993 gladium

2130 2015 2375 2069 tractas?
2403 2015 2665 2081 Quoniam
2694 2017 2761 2068 ita
2812 2015 2973 2083 jussit
3016 2016 3155 2070 Deus
3201 2025 3403 2079 n0ster,
3433 2026 3717 2085 pro;.tct'ea

2126 2107 2207 2161 eis
2245 2123 2371 2160 usus
2407 2124 2526 2161 sum
2560 2126 2573 2162 :
2599 2109 2904 2163 universum
2936 2118 3116 2162 auiem
3146 2108 3196 2161 in
3223 2122 3345 2162 eum
3368 2107 3632 2177 conjicio,
3663 2118 3721 2163 et

2125 2199 2244 2266 ejus
2284 2200 2508 2253 arbitrio
2538 2201 2811 2269 permitto.
2849 2200 2921 2254 Ita
2976 2199 3307 2255 docebantur
3341 2199 3547 2255 bellare
3595 2216 3719 2254 (‘tlm

2128 2289 2366 2345 inimicis
2410 2292 2792 2357 scnsibilibus,
2843 2307 3077 2361 superno
3126 2292 3329 2346 auxilio
3387 2292 3735 2346 ntuuitizita-

2126 2380 2287 2434 etiam
2309 2396 2428 2435 cum
2452 2382 2814 2451 spiritualibus
2842 2382 3088 2436 inimicis.
3119 2382 3196 2435 Tu
3225 2397 3435 2451 queque
3454 2424 3470 2449 ,
3502 2383 3719 2453 quando

2126 2471 2380 2527 adversus
2402 2471 2668 2526 diabolum
2702 2472 2896 2526 bellum
2918 2474 3082 2544 geris,
3109 2472 3197 2528 dic
3218 2473 3287 2525 ita
3319 2491 3343 2527 :.
3364 2473 3479 2526 Non
3507 2473 3720 2528 contidn

2126 2567 2264 2619 meis
2293 2565 2491 2630 armis;
2522 2564 2623 2619 hoc
2662 2574 2744 2620 est
2766 2608 2781 2627 ,
2811 2581 2916 2630 nou
2940 2580 3073 2620 mete
3096 2566 3301 2631 virtuti,
3332 2581 3429 2621 nec
3460 2582 3592 2620 mea:
3632 2567 3721 2635 ju-

2128 2659 2305 2723 stitiar,
2335 2658 2426 2712 sed
2450 2658 2541 2711 Dei
2568 2658 2966 2712 misericordiae.
2994 2657 3065 2712 Ita
3083 2657 3242 2713 etiam
3261 2658 3314 2712 di
3337 2658 3470 2713 ehat
3498 2659 3537 2712 D
3556 2660 3677 2714 tniel
3702 2678 3716 2713 :

2130 2747 2253 2803 Non
2292 2750 2343 2803 iu
2383 2751 2598 2820 justitiis
2622 2751 2805 2802 nostris
2835 2750 3196 2817 prosternimus
3232 2751 3600 2805 miserationem
3628 2768 3732 2805 now

2127 2851 2286 2895 stram
2313 2852 2430 2895 ante
2456 2852 2503 2894 te
2527 2840 2686 2912 (Dan.
2704 2842 2755 2897 9.
2785 2842 2893 2912 18).
2914 2845 2965 2896 8.
2993 2840 3216 2896 Saluasti
3244 2842 3375 2896 enim
3404 2860 3493 2897 nos
3515 2844 3576 2897 de
3592 2844 3721 2914 aﬂiio

2128 2931 2352 3002 gentibus
2403 2948 2494 2986 nos
2515 2974 2529 2998 ,
2562 2941 2611 2985 et
2652 2933 2875 2986 odientes
2915 2949 3005 2987 nos
3035 2932 3333 3004 confudisti.
3364 2934 3512 2988 Alius
3536 2974 3553 3001 ,
3588 2935 3722 3000 Quia

2128 3024 2339 3078 servasti
2364 3041 2475 3079 nos.
2504 3024 2638 3093 Quid
2667 3041 2802 3095 opus
2840 3036 2920 3081 est
2945 3065 2960 3092 ,
2989 3026 3194 3096 inquit,
3225 3027 3401 3082 dicere
3427 3037 3602 3082 vetera
3620 3069 3637 3095 ,
3669 3041 3722 3083 et

2129 3131 2248 3185 qua:
2292 3114 2426 3170 facta
2472 3127 2597 3170 sunt
2624 3133 2654 3170 a
2686 3118 3004 3187 majoribus?
3028 3117 3156 3185 Nos,
3191 3119 3392 3188 inquit,
3428 3120 3524 3188 ipsi
3556 3121 3720 3176 habe»

2132 3223 2250 3261 mus
2277 3207 2442 3261 multa
2474 3209 2693 3278 pignora
2724 3208 3070 3278 providentia:
3091 3250 3106 3274 ,
3140 3219 3194 3264 et
3213 3210 3450 3280 gloriosa
3480 3220 3717 3282 tropaei,

2134 3298 2543 3369 frequentesque
2567 3340 2582 3367 ,
2611 3299 2955 3356 admirabiles
2983 3309 3036 3355 et
3083 3300 3428 3357 incredibiles
3474 3303 3721 3358 victorias

2130 3404 2446 3445 enumerare
2476 3406 2779 3460 possumus.
2822 3392 3108 3461 Propterea
3156 3393 3298 3448 enim
3321 3394 3482 3459 dixit,
3521 3393 3721 3465 Confu-

2130 3484 2251 3538 disti
2272 3527 2287 3551 ,
2311 3484 2599 3540 ostendens
2641 3500 2762 3540 eum
2810 3501 2918 3540 non
2941 3486 3111 3540 solum
3158 3502 3257 3541 nos
3304 3487 3596 3551 liberasse,
3625 3504 3730 3543 nm

2134 3575 2499 3630 tantummodo
2525 3575 2787 3645 eripuisse
2809 3617 2824 3642 ,
2846 3577 2939 3631 sed
2968 3592 3087 3631 cum
3126 3594 3319 3649 magno
3340 3579 3600 3634 dedecore
3627 3600 3722 3636 co-

2135 3685 2254 3725 rum
2299 3671 2387 3740 qui
2415 3685 2512 3725 nos
2560 3670 2900 3724 invadebant.
2931 3670 2987 3726 9.
3018 3669 3085 3725 In
3123 3669 3234 3725 Deo
3273 3672 3592 3726 laudabimur
3620 3683 3724 3726 tota

2131 3762 2215 3816 die
2232 3777 2250 3825 ;
2279 3770 2323 3815 et
2351 3761 2407 3814 in
2432 3761 2634 3815 nomine
2662 3770 2749 3815 tuo
2777 3761 3129 3830 conﬁtebimur
3159 3763 3208 3815 in
3244 3763 3508 3817 saeculum.

2206 3853 2325 3909 Dies
2352 3870 2444 3924 pro
2467 3855 2583 3908 vita.
2606 3883 2679 3895 -—
2706 3854 2859 3909 Alius
2899 3853 3098 3927 inquit,
3130 3855 3290 3910 Deum
3322 3856 3590 3912 laudamus
3620 3868 3723 3912 toto

2133 3946 2234 4001 die.
2257 3947 2487 4002 Victoria
2508 3947 2725 4017 quidem
2747 3988 2761 4012 ,
2791 3947 2998 4017 inquit,
3034 3948 3291 4018 praitcriit
3313 3989 3329 4013 ,
3361 3949 3513 4004 nobis
3543 3960 3720 4003 autem

2134 4051 2311 4096 manet
2348 4040 2637 4111 gratiarum
2681 4040 2840 4095 actio.
2871 4040 3065 4095 Tutum
3100 4041 3243 4096 enim
3274 4040 3413 4095 diem
3441 4040 3602 4108 dicit,
3639 4050 3723 4094 tn-

2130 4119 2242 4186 tatn
2267 4133 2448 4187 vitam.
2470 4132 2585 4188 Non
2614 4133 2758 4187 enim
2778 4147 3070 4198 cessamus,
3100 4132 3270 4202 inquit
3289 4173 3305 4200 ,
3332 4142 3477 4187 tuum
3503 4133 3722 4188 laudare

2135 4226 2391 4282 auxilium
2418 4234 2475 4280 et
2513 4225 2606 4279 illo
2631 4224 2868 4294 gloriari.
2908 4223 3035 4279 Haec
3060 4231 3145 4279 est
3182 4232 3361 4278 nostra
3388 4224 3588 4293 gloria,
3624 4224 3727 4279 hoc

2132 4319 2466 4389 gloriationis
2485 4334 2681 4390 genere
2703 4318 2838 4388 apud
2861 4332 3049 4374 omnes
3071 4317 3293 4384 utimur;
3309 4335 3411 4374 non
3430 4319 3567 4390 quod
3597 4323 3727 4374 civi-

2137 4420 2299 4467 tatem
2347 4426 2607 4483 magnam.
2634 4410 2928 4466 habeamus
2957 4420 3011 4465 et
3031 4409 3397 4466 admirabilem
3422 4452 3435 4475 ,
3460 4426 3558 4466 nec
3584 4411 3725 4481 quod

2138 4505 2292 4577 primi
2315 4505 2619 4569 vincamus,
2639 4518 2736 4557 nec
2761 4501 2901 4573 quod
2930 4502 3128 4557 viribus
3151 4502 3394 4572 corporis
3433 4503 3602 4557 simus
3630 4517 3727 4556 su-

2136 4598 2377 4671 pericres
2408 4614 2424 4653 :
2454 4596 2548 4653 sed
2579 4596 2718 4667 quod
2751 4611 2933 4651 verum
2976 4596 3139 4651 Dcttm
3188 4594 3514 4660 habeamus,
3547 4595 3598 4648 in
3627 4593 3729 4649 hue

2134 4693 2464 4763 gloriamur:
2490 4706 2596 4746 non
2627 4691 2799 4751 solum
2844 4689 3059 4760 quando
3098 4688 3253 4745 nobis
3280 4688 3555 4755 auxiliaris
3578 4729 3596 4754 ,
3628 4688 3723 4743 sed

2138 4784 2295 4840 etiam
2325 4782 2536 4853 quando
2573 4782 2799 4838 deseris.
2836 4782 2948 4836 Hoc
2970 4781 3113 4837 enim
3145 4791 3246 4845 est,
3274 4778 3409 4834 Tota
3435 4779 3519 4835 die
3542 4797 3559 4832 :
3590 4778 3730 4833 sicut
3824 4796 3833 4803 ο

2137 4877 2296 4931 etiam
2324 4876 2448 4931 dicit
2485 4875 2679 4931 Paulus
2706 4893 2723 4929 :
2756 4873 2890 4928 Mihi
2916 4883 3083 4929 autent
3108 4873 3238 4928 absit
3262 4873 3516 4945 gloriari,
3548 4873 3645 4926 nisi
3673 4873 3727 4926 in

2137 4986 2284 5024 cruce
2308 4969 2494 5024 Christi
2522 4967 2663 5040 (Gal.
2697 4969 2749 5023 6.
2782 4966 2893 5038 M).
2926 4967 3077 5022 Nulla
3116 4975 3199 5022 est
3221 4965 3363 5021 enim
3385 5006 3400 5031 ,
3430 4965 3570 5021 nulla
3593 5007 3607 5031 ,
3640 4966 3723 5019 iu-

2136 5078 2315 5134 quam,
2348 5070 2429 5117 est
2446 5062 2547 5117 alia
2571 5060 2832 5130 ejusmodi
2854 5059 3047 5128 gloria.
3071 5057 3326 5127 Quocirca
3350 5072 3534 5112 rursus
3559 5056 3688 5110 dicit
3713 5073 3726 5110 :

2139 5152 2262 5208 Non
2290 5152 2453 5208 solum
2477 5160 2644 5205 autem
2668 5192 2683 5217 ,
2706 5150 2795 5206 sed
2832 5151 2983 5205 etiam
3010 5149 3283 5220 gloriantes
3320 5149 3374 5202 in
3406 5146 3513 5202 Deo
3544 5146 3724 5216 (Rom.

2136 5245 2189 5301 5.
2216 5244 2328 5313 11).
2360 5243 2500 5297 Nihil
2530 5241 2673 5298 enim
2720 5249 2895 5311 potest
2934 5239 3164 5296 conferri
3210 5255 3333 5295 cum
3382 5237 3484 5293 hac
3530 5237 3725 5308 gloria-

2140 5337 2303 5391 tione.
2334 5334 2501 5389 Nemo
2529 5348 2656 5405 ergo
2699 5348 2757 5388 se.
2777 5333 2938 5402 jactet
2969 5343 3023 5386 et
3050 5331 3309 5399 glorietur
3337 5337 3555 5400 propter
3581 5329 3727 5383 divi-

2138 5428 2257 5489 tias,
2286 5442 2446 5483 nemo
2471 5432 2689 5497 propter
2725 5440 2786 5480 ea
2815 5440 2934 5495 ῳιιε·
2964 5423 3029 5477 ad
3073 5423 3208 5477 hanc
3239 5423 3398 5475 vitam
3427 5422 3724 5490 pertinent,

2138 5518 2229 5572 sed
2255 5527 2471 5588 propter
2500 5517 2601 5573 hoc
2618 5515 2812 5584 solum,
2840 5515 2979 5584 quod
3014 5513 3204 5569 habeat
3228 5514 3391 5567 Deum
3422 5513 3723 5569 Dominum.

2140 5614 2249 5674 lloc
2273 5625 2355 5668 ρει
2381 5609 2524 5666 omni
2555 5611 2796 5667 libertate
2816 5608 3026 5674 melius,
3054 5608 3152 5662 hoc
3169 5617 3253 5664 est
3277 5607 3405 5676 ipsis
3426 5607 3571 5661 cadis
3595 5623 3731 5676 [mc-

2139 5705 2384 5759 stantius.
2415 5702 2470 5758 Si
2502 5702 2643 5758 enim
2672 5701 2828 5772 hujus
2860 5701 2942 5754 vel
2971 5700 3112 5753 illius
3138 5713 3258 5753 esse
3303 5698 3406 5751 dici
3430 5739 3442 5758 .
3465 5696 3727 5767 gloriandi

2137 5796 2471 5852 occasionem
2500 5809 2642 5864 same
2668 5793 2844 5848 attulit
2869 5791 3008 5864 apud
3037 5792 3321 5847 homines:
3356 5791 3524 5858 cogita
3559 5802 3700 5860 quan

2143 5902 2245 5945 tam
2295 5889 2439 5943 alb-rt
2487 5887 2705 5959 gloriam
2762 5885 2852 5939 Dei
2900 5898 3017 5939 esse
3062 5883 3189 5938 dici.
3218 5883 3481 5951 Quocirca
3534 5884 3728 5937 Paulus
