4068 6288
319 315 430 371 ΓΠ

314 473 536 530 quoque
568 458 670 513 hoc
700 473 796 527 pro
834 474 1022 530 magna
1046 459 1302 530 dignitate
1331 463 1528 530 posuit,
1558 463 1742 518 dicens
1776 483 1786 518 :
1825 464 1925 532 Qui

311 559 496 603 autem
541 548 728 604 Christi
770 562 922 617 sunt,
962 567 1165 605 carnem
1215 554 1579 621 cruci/icerant
1624 555 1822 626 (Colat.
1872 559 1926 613 5.

311 641 436 714 21).
473 642 794 712 υἱέιτιωιιιια.
825 645 996 708 Alius.
1027 645 1258 716 Semper.
1291 645 1547 704 liebrmus
1593 658 1771 704 autem
1799 650 1924 704 illud

312 737 401 788 sic
442 736 729 805 exprimit,
767 736 880 792 Sel.
938 738 1019 792 l0.
1053 736 1207 792 Nunc
1247 749 1412 792 autem
1454 731 1850 810 repulisti'nos,
1881 753 1928 795 et

316 827 605 896 confudisti
629 843 740 878 nos.
768 828 938 893 Alius,
967 827 1184 882 Tametsi
1210 828 1440 899 repulisti
1467 844 1578 884 nos.
1610 831 1759 884 Alius
1777 874 1789 894 ,
1821 832 1925 886 Sed

315 920 391 972 mi
415 920 524 972 bare
564 921 807 988 rejecisti.
851 919 913 973 Et
942 938 1040 974 non
1089 922 1358 990 egredieris
1405 921 1542 977 Deus
1586 923 1637 976 in
1660 924 1925 978 virtutibus

315 1015 528 1066 nostris.
563 1013 734 1072 Alius.
773 1011 838 1064 Et
880 1029 978 1066 non
1027 1013 1364 1084 progredieris
1407 1015 1458 1068 in
1487 1015 1680 1070 militiis
1711 1017 1918 1069 nostris.

320 1105 613 1173 chulsam
659 1105 802 1158 enim
835 1105 1013 1158 statim
1057 1105 1225 1176 pudor
1269 1106 1527 1176 sequitur,
1580 1116 1634 1161 et
1676 1107 1740 1160 ad
1784 1107 1919 1160 mala

318 1198 569 1268 patienda
595 1212 717 1252 esse
743 1198 994 1252 omnibus
1016 1199 1335 1268 expositum.
1369 1199 1598 1254 Virtutes
1627 1210 1805 1253 autem
1832 1199 1918 1253 llic

315 1291 555 1359 appellat
597 1305 784 1344 eorum
826 1290 1124 1354 exercitus,
1172 1289 1600 1360 quandoquidem
1651 1291 1702 1345 in
1734 1292 1812 1345 eis
1838 1299 1920 1344 est

318 1380 468 1450 regis
497 1380 732 1450 polentia
764 1397 778 1431 :
806 1394 928 1434 cum
966 1379 1101 1434 Dens
1141 1377 1242 1434 lloc
1279 1395 1489 1435 summo
1532 1381 1758 1435 consilio
1787 1395 1914 1450 pro-

318 1471 534 1535 viderit,
569 1479 627 1524 ut
650 1479 795 1524 esset
821 1469 923 1524 hoc
952 1470 1195 1538 [νὴ-θινὶ,
1219 1480 1271 1524 et
1300 1471 1363 1525 iis
1399 1472 1486 1540 qui
1519 1471 1634 1538 ejus
1661 1481 1918 1540 reguntur

323 1563 583 1631 imperio,
614 1561 905 1617 vinculum.
939 1561 1068 1616 Nam
1120 1572 1176 1616 et
1203 1578 1293 1617 rex
1339 1563 1402 1616 iis
1454 1578 1588 1632 opus
1629 1563 1785 1619 liabet
1825 1564 1913 1634 qui

318 1655 442 1719 ejus
469 1653 631 1722 jussis
652 1661 881 1723 pareant
906 1693 920 1715 ,
945 1663 998 1706 et
1029 1654 1082 1708 lli
1104 1669 1172 1708 eo
1191 1654 1278 1722 qui
1311 1654 1413 1708 illis
1440 1655 1619 1722 praesit
1652 1672 1663 1708 :
1695 1663 1749 1709 et
1776 1655 1913 1710 alter

312 1745 542 1800 alterius
587 1745 784 1798 auxilio
827 1744 1046 1814 indiget.
1099 1744 1174 1799 Ne
1202 1745 1376 1814 aliqua
1417 1747 1560 1800 enim
1589 1754 1730 1801 esset
1759 1762 1910 1800 arro-

311 1837 520 1906 gantia,
548 1834 720 1891 elfecit
746 1835 887 1890 Deus
909 1877 924 1899 ,
959 1845 1015 1889 nt
1053 1851 1239 1905 magna
1279 1852 1420 1906 smpc
1461 1838 1638 1906 parvis
1667 1847 1904 1907 egerent.

315 1927 435 1981 Iloc
481 1925 648 1996 ipsum
693 1926 816 1983 fecit
853 1927 1011 1980 etiam
1041 1927 1091 1980 in
1134 1927 1293 1982 rebus
1321 1928 1586 1982 inanimis.
1616 1927 1908 1983 Labantelu

308 2019 461 2073 enim
493 2020 790 2074 columnam
821 2019 1094 2090 subjectus
1123 2035 1266 2090 sarpe
1303 2021 1538 2075 calculus
1567 2021 1772 2076 ﬁrmam
1796 2033 1907 2077 sta-

310 2110 586 2180 bilemque
631 2112 910 2180 praestitit,
937 2120 992 2166 et
1020 2112 1283 2182 navigium
1317 2113 1368 2166 in
1399 2127 1508 2182 quo
1530 2114 1906 2183 quamplurimi

306 2213 439 2256 sunt
464 2211 709 2258 vectores
728 2244 744 2269 ,
776 2217 972 2273 parvus
993 2204 1177 2258 clavus
1201 2204 1381 2274 dirigit
1408 2213 1462 2260 et
1484 2205 1674 2260 liberat
1704 2221 1732 2259 a
1767 2207 1908 2275 peri-

306 2294 467 2347 culis.
495 2293 628 2360 Quid
677 2303 759 2348 est
789 2301 965 2348 autem
991 2336 1006 2357 ,
1042 2293 1260 2349 Tametsi
1285 2295 1517 2359 repulisti
1544 2312 1638 2350 nos
1665 2298 1692 2352 Ρ
1721 2297 1902 2362 Licet,

307 2384 517 2454 inquit,
549 2392 626 2439 tot
653 2395 708 2438 et
736 2393 881 2438 tanta
914 2385 1053 2454 passi
1097 2385 1300 2445 simus.
1323 2403 1352 2440 ιι
1379 2397 1430 2442 te
1461 2403 1563 2441 non
1589 2387 1867 2443 deﬁcimus
1887 2430 1901 2454 ,

307 2486 362 2528 le
391 2473 700 2540 laudantes,
730 2474 897 2545 gloria
924 2476 1256 2540 allicientes,
1301 2477 1433 2531 etin
1481 2487 1533 2532 te
1581 2480 1889 2549 gloriantes.

311 2566 396 2618 ll.
443 2563 676 2618 Avertisti
719 2581 812 2619 nos
856 2576 989 2619 retro
1017 2576 1130 2634 post
1159 2568 1386 2622 inimicos
1430 2579 1646 2624 nostros.
1697 2569 1763 2624 Et
1805 2575 1892 2642 qui

303 2656 522 2710 oderunt
563 2673 684 2719 nos,
716 2656 1016 2725 diripiebant
1062 2658 1174 2711 sibi.
1206 2659 1376 2725 Alius,
1411 2657 1634 2715 Posuisti
1683 2679 1774 2716 nos
1818 2679 1904 2717 ea:-

301 2759 492 2803 tremos
537 2750 756 2819 cujusvis
800 2749 1008 2804 inimici.
1055 2750 1186 2807 Vide
1226 2752 1495 2822 quomodo
1547 2755 1686 2810 mala
1729 2759 1902 2812 verbis

298 2841 544 2905 extollit,
575 2851 629 2896 et
657 2841 1012 2896 calamitatem
1044 2843 1220 2899 verbis
1252 2845 1543 2916 ampliﬁcat
1566 2887 1580 2912 ,
1613 2850 1902 2905 ostendens

297 2946 418 2999 eos,
439 2931 648 2986 etiamsi
678 2939 860 2986 essent
896 2932 1182 2989 admodum
1208 2946 1536 3004 peccatores,
1563 2938 1694 2994 satis
1723 2949 1898 2995 tamen

302 3037 586 3092 poenarum
613 3024 846 3078 dedisse.

372 3118 427 3169 7.
472 3115 586 3171 Hoc
629 3117 789 3171 etiam
822 3115 1059 3172 fecerunt
1103 3120 1253 3188 pueri
1296 3135 1360 3175 ex
1404 3121 1719 3177 redundanti
1762 3139 1895 3194 qna—

298 3211 420 3265 dam
453 3213 606 3280 cepia
635 3213 687 3266 ill
723 3212 939 3268 fornace
959 3225 1082 3268 tunc
1111 3223 1364 3270 canentes
1385 3227 1438 3270 et
1458 3215 1698 3272 dicentes
1722 3235 1735 3271 :
1761 3218 1894 3272 Tra-

299 3302 474 3356 didisti
509 3317 601 3354 nos
639 3302 693 3354 in
738 3317 920 3354 manus
961 3303 1278 3357 inimicorum
1316 3315 1602 3359 nostrorum
1648 3309 1894 3376 pessimo-

299 3411 433 3455 rum,
481 3393 1056 3462 prcuaricatorumque,
1107 3404 1152 3449 et
1202 3396 1306 3466 regi
1347 3396 1539 3467 injuste
1583 3409 1628 3451 et
1676 3401 1892 3468 pessimo

299 3487 431 3538 ultra
467 3502 670 3539 omnem
708 3495 895 3539 terram
925 3485 1080 3556 (Dan.
1107 3488 1159 3542 5.
1193 3488 1304 3555 5‘2).
1349 3489 1415 3543 Et
1459 3506 1642 3544 rursus
1671 3510 1683 3545 :
1709 3491 1890 3547 Immi-

296 3576 401 3629 uuti
428 3592 608 3628 sumus
636 3576 750 3644 plus
769 3592 922 3645 quam
947 3593 1116 3630 omnes
1137 3589 1326 3648 gentes,
1351 3597 1621 3652 sumusque
1639 3583 1852 3638 humiles
1873 3587 1887 3617 ¹

294 3668 343 3719 in
365 3669 603 3721 universa
633 3676 768 3720 terra
796 3667 955 3738 (Ibid.
985 3683 1034 3723 tl.
1065 3671 1176 3739 37).
1213 3671 1320 3726 lioc
1348 3673 1518 3742 ipsum
1563 3674 1648 3730 llic
1678 3691 1888 3747 quoque

295 3757 579 3826 signiﬁcat,
610 3759 993 3828 propemodum
1021 3759 1206 3816 dicens
1234 3779 1246 3815 :
1280 3761 1543 3821 Omnibus
1580 3767 1886 3824 hominibus

295 3850 511 3904 viliores
538 3859 591 3903 et
619 3849 941 3920 abiectiores
979 3867 1183 3919 sumus,
1225 3855 1652 3926 quandoquidem
1703 3876 1888 3918 sumus

298 3949 385 3993 tua
419 3940 604 3994 nudati
634 3940 964 4010 providentia
997 3962 1008 3996 :
1043 3953 1096 3998 et
1126 3959 1226 3999 nec
1254 3961 1491 4015 eousque
1515 3949 1725 4016 quidem
1749 3955 1884 4010 mala

297 4040 479 4086 nostra
521 4040 805 4096 steterunt,
835 4034 928 4088 sed
957 4036 1115 4090 etiam
1149 4037 1326 4107 praeda
1350 4037 1472 4094 facti
1498 4055 1681 4098 sumus
1706 4046 1884 4100 inimi-

294 4125 392 4190 cis,
423 4127 512 4195 qui
559 4140 655 4179 nos
695 4140 793 4178 suo
823 4127 1044 4182 arbitrio
1071 4127 1398 4184 dividebant.
1447 4132 1557 4188 llec
1595 4136 1736 4190 enim
1783 4139 1882 4193 sibi

296 4217 451 4270 vult:
492 4216 812 4284 Diripiebant
841 4219 1078 4289 sibiipsis,
1116 4221 1165 4274 id
1214 4231 1316 4289 est,
1359 4225 1504 4280 nullo
1547 4229 1879 4297 prohibente.

296 4310 382 4363 1-2.
415 4309 616 4364 Dedisti
652 4326 743 4366 nos
772 4322 1028 4381 tamquam
1070 4328 1183 4367 oves
1224 4331 1469 4382 escarum,
1502 4329 1550 4372 et
1576 4321 1627 4374 in
1649 4325 1881 4393 gentibus

295 4402 571 4472 dispersiin
599 4419 710 4456 nos.
747 4403 917 4468 Alius,
961 4402 1225 4459 Ventilasti
1269 4423 1381 4461 nos.
1413 4409 1551 4477 Quid
1590 4422 1693 4481 est,
1729 4413 1880 4470 Tam-

295 4508 437 4561 quam
457 4509 575 4546 ores
589 4493 856 4546 escarum?
883 4493 939 4548 id
972 4503 1074 4558 est,
1105 4487 1298 4551 Fecisti
1327 4514 1442 4565 nos,
1479 4500 1670 4571 inquit,
1699 4506 1764 4560 ad
1794 4507 1876 4560 in-

297 4583 590 4638 vadendum
625 4583 926 4644 facillimos,
963 4600 1060 4638 nos
1089 4587 1218 4640 viles
1243 4604 1364 4644 esse
1393 4594 1702 4650 ostendens.
1741 4598 1878 4656 Sunt

297 4676 430 4729 enim
473 4675 674 4744 aliqua:
717 4689 846 4730 oves
891 4675 1281 4745 acquisilionis,
1329 4695 1446 4750 qua:
1485 4695 1609 4739 sunt
1645 4697 1782 4757 aptte
1809 4692 1875 4746 ad

295 4769 658 4836 generandum
686 4784 700 4820 :
731 4780 854 4822 sunt
895 4785 1022 4824 vero
1050 4770 1192 4838 alite,
1221 4787 1339 4840 quae
1385 4787 1603 4845 propter
1641 4784 1872 4850 senium,

295 4858 370 4914 vel
395 4871 618 4931 propter
639 4861 970 4915 sterilitatem
1010 4873 1134 4916 sunt
1167 4873 1369 4919 tantum
1404 4869 1562 4924 utiles
1589 4873 1654 4926 ad
1689 4889 1873 4932 come-

293 4949 540 5008 dendum.
574 4953 640 5007 Et
665 4952 806 5023 quod
843 4961 927 5007 cst
948 4953 1370 5023 acerbissimum,
1406 4959 1459 5012 in
1495 4972 1682 5030 gentes
1721 4981 1874 5024 erant.

288 5043 541 5114 dispersi;
569 5045 821 5115 quodque
845 5045 951 5100 illis
970 5046 1211 5102 omnium
1243 5051 1614 5118 gravissimum
1637 5069 1771 5122 erat,
1807 5078 1873 5117 ne

286 5134 447 5202 legem
468 5135 687 5208 quidem
706 5145 955 5206 poterant
976 5136 1082 5195 illic
1095 5151 1284 5193 secura
1294 5149 1343 5196 te
1355 5157 1569 5200 servare
1581 5156 1632 5202 et
1643 5163 1674 5202 a
1688 5155 1873 5220 patriae

284 5228 583 5297 reipublicaz
611 5227 869 5283 institutis
891 5226 1220 5284 exciderant.
1251 5230 1318 5287 Et
1342 5248 1448 5288 non
1476 5235 1528 5291 in
1553 5255 1712 5297 unam
1737 5260 1871 5314 gen-

283 5327 404 5385 ιυιη,
426 5319 523 5374 sed
548 5317 772 5390 ubique,
804 5317 992 5388 inquit,
1016 5317 1240 5388 dispersi
1266 5337 1471 5390 sumus,
1493 5329 1559 5386 ad
1591 5348 1751 5388 ullum
1778 5352 1870 5392 so-

281 5409 403 5475 lum,
425 5425 623 5480 nempe
640 5410 782 5464 male
801 5409 1129 5478 patiendum,
1149 5415 1345 5479 parati:
1365 5418 1758 5490 uleiseiautem,
1781 5441 1870 5485 aut

279 5517 461 5559 manus
483 5505 744 5560 extollere
767 5517 876 5558 non
898 5517 1197 5571 possumus.
1221 5506 1328 5561 Hoc
1345 5513 1488 5567 enim
1507 5517 1768 5587 signiﬁcat
1791 5525 1866 5579 sio

279 5595 518 5652 ntiiitudo
531 5596 734 5652 ovium.
751 5596 777 5650 1
788 5596 841 5650 3.
857 5593 1139 5647 Vendidisti
1151 5603 1394 5669 populant
1413 5617 1549 5664 tuum
1564 5614 1672 5666 sine
1683 5619 1863 5684 pretio.

331 5753 346 5782 ‘
382 5758 517 5802 Unus
538 5752 708 5816 habet,
731 5766 899 5819 pauci,
921 5769 1025 5818 pro,
1047 5757 1265 5812 immites.

1429 322 1784 382 nxrosmu
1823 324 1885 379 IN
1927 310 2245 384 ιδςΑιιιιιιι
2287 327 2467 388 xuii.

3537 347 3636 408 178

2043 445 2216 513 Alius,
2237 445 2303 500 In
2326 464 2427 502 non
2452 451 2751 507 substantia.
2777 453 2944 521 Alius,
2978 455 3094 511 Non
3116 457 3421 516 subueniat.
3450 463 3513 518 Et
3533 483 3634 521 non

2038 537 2136 605 fuit
2157 539 2427 593 multitudo
2447 541 2498 595 in
2524 545 2997 601 commutationibus
3018 551 3224 605 nostris.
3248 551 3420 620 Alius,
3444 553 3509 608 Et
3529 573 3630 611 non

2039 630 2252 684 multum
2272 632 2435 703 fecisti
2454 635 2668 704 pretium
2695 652 2886 691 eorum.
2909 639 3062 707 Quod
3081 648 3260 697 autem
3281 646 3357 699 ait
3379 653 3462 700 est
3485 647 3626 717 ejus-

2037 722 2182 775 modi
2217 741 2230 773 :
2265 723 2474 779 videtur
2519 728 2660 781 enim
2703 728 2902 784 dictum
2929 746 3052 788 esse
3089 735 3242 790 valde
3288 737 3575 794 obscurum
3605 758 3622 796 :

2030 812 2124 865 sed
2157 815 2436 878 attendite,
2468 826 2525 870 ut
2553 820 2792 889 psallatis
2826 836 2947 876 cum
2977 823 3339 897 intelligentia.
3373 829 3509 898 Quid
3538 841 3622 886 est

2029 917 2158 972 ergo
2189 907 2329 974 quod
2358 906 2592 963 dicitur?
2621 911 2788 979 Quam
2832 914 2941 969 sint
2970 916 3106 973 viles
3129 928 3184 974 et
3211 921 3404 992 abiecti
3431 935 3618 982 ostena

2029 993 2125 1060 dit,
2159 1013 2351 1066 nempe
2378 1002 2574 1057 nullius
2598 1005 2753 1073 pretii
2780 1025 2791 1058 :
2823 1015 3090 1079 tamquam
3113 1013 3254 1080 vilis,
3282 1014 3472 1089 inquit,
3498 1037 3619 1092 prc-

2031 1085 2109 1150 tii,
2138 1088 2378 1157 abiectos
2409 1103 2462 1146 et
2489 1097 2910 1153 contemnendos
2950 1115 3048 1156 nos
3075 1085 3616 1172 dimisisti-licean-

2031 1186 2136 1232 tem
2171 1178 2299 1234 dicit
2325 1197 2474 1238 more
2504 1183 2737 1241 Ilnmano
2765 1205 2777 1241 :
2808 1190 3044 1248 solemus
3064 1196 3205 1250 enim
3239 1213 3466 1273 qut-eque
3495 1207 3616 1263 vilia

2028 1265 2155 1322 dare
2185 1271 2264 1324 vel
2296 1272 2412 1326 sine
2449 1273 2638 1343 pretio.
2672 1276 2800 1345 Quae
2824 1295 2980 1349 porro
3003 1286 3178 1354 magni
3203 1265 3445 1356 iacimus,
3475 1310 3538 1352 ea
3569 1299 3616 1353 si

2025 1361 2336 1428 vendamus,
2367 1380 2558 1434 magno
2586 1371 2758 1437 pretio
2784 1371 3060 1428 vendimus
3089 1394 3102 1426 :
3137 1393 3255 1448 quas
3284 1397 3410 1438 vero
3436 1390 3605 1457 parvi,

2019 1464 2079 1504 ea
2108 1451 2192 1506 vel
2228 1453 2413 1522 gratis.
2453 1455 2728 1524 Improbos
2759 1460 2935 1532 itaque
2958 1478 3142 1521 servos
3163 1469 3251 1523 alii
3277 1451 3491 1542 quidem
3525 1451 3611 1534 di;

2019 1539 2182 1595 midio
2209 1545 2399 1611 pretio,
2424 1546 2512 1602 alii
2544 1563 2670 1603 vero
2696 1551 2845 1606 nullo
2877 1565 3096 1623 accepto
3127 1539 3607 1627 prctioidederunt.

2017 1630 2072 1687 Si
2103 1635 2296 1690 minori
2326 1648 2508 1694 autem
2541 1644 2710 1709 pretio
2739 1646 2947 1704 tradere
2969 1653 3201 1708 ostendit
3227 1673 3386 1724 quam
3411 1661 3479 1715 sit
3507 1665 3610 1720 vile

2015 1726 2153 1794 quod
2195 1729 2476 1784 venditur:
2508 1733 2658 1788 nullo
2687 1736 2812 1790 dato
2838 1741 3011 1808 pretio
3051 1745 3314 1814 accipere,
3365 1751 3459 1804 sed
3490 1753 3608 1809 sine

2015 1819 2203 1888 pretio,
2247 1821 2418 1875 multo
2446 1825 2636 1894 magis.
2686 1826 2801 1883 lloc
2849 1847 2977 1902 ergo
3006 1833 3131 1890 dicit
3163 1855 3176 1893 :
3209 1839 3438 1898 Perinde
3469 1861 3530 1899 ac
3559 1849 3605 1901 si

2014 1907 2173 1961 homo
2203 1911 2462 1980 quispiam
2488 1915 2648 1971 rebus
2670 1918 2780 1973 suis
2808 1921 2958 1977 cedat
2983 1927 3100 1981 sine
3127 1931 3317 1997 pretio,
3346 1933 3414 1987 ita
3442 1936 3606 1992 etiam

2015 1999 2126 2068 ipse
2161 2017 2258 2055 nos
2299 2011 2569 2073 tamquam
2593 2009 2790 2066 nullius
2831 2017 2984 2082 pretii
3017 2017 3288 2086 dimisisti,
3323 2040 3418 2077 nos
3449 2028 3606 2084 valde

2009 2096 2397 2163 Contempsisti.
2427 2098 2536 2153 lloc
2571 2101 2748 2170 itaque
2773 2107 3034 2175 signiﬁcat
3061 2115 3219 2168 etiam
3251 2131 3348 2186 per
3377 2119 3429 2173 id
3457 2124 3600 2190 quod

2009 2183 2276 2254 subjungit
2307 2204 2319 2239 :
2353 2187 2418 2241 Et
2461 2206 2561 2244 non
2585 2192 2680 2262 fuit
2722 2198 2999 2254 multitudo
3037 2201 3090 2256 in
3124 2183 3602 2268 corltnlutationibns

2011 2276 2231 2339 nostris;
2276 2276 2376 2332 hoc
2423 2290 2524 2345 est,
2567 2281 2622 2336 ln
2672 2287 2942 2355 emptione
2971 2303 3172 2348 nostra.
3221 2295 3286 2351 Et
3316 2298 3437 2354 ideo
3463 2301 3600 2357 dicit

2007 2367 2163 2434 alius,
2214 2367 2279 2422 In
2314 2375 2681 2441 appretiatione
2721 2390 2916 2447 nostra,
2962 2383 3011 2436 id
3048 2395 3150 2453 est,
3210 2387 3262 2442 in
3294 2391 3600 2449 venditione

2009 2470 2208 2515 nostra.
2259 2462 2492 2521 Pretium
2545 2469 2685 2523 enim
2745 2481 2828 2526 est
2873 2481 3400 2554 permutatio:s:epe
3452 2488 3594 2542 enim

2005 2564 2221 2605 servum
2255 2552 2466 2622 damus,
2511 2567 2565 2611 et
2610 2574 2798 2615 aurum
2839 2565 2920 2618 vel
2961 2578 3238 2637 argentum
3281 2552 3592 2646 accipimus.

2006 2642 2093 2696 14.
2129 2641 2353 2698 Posuisti
2394 2664 2485 2701 nos
2515 2650 2841 2718 approbrium
2871 2656 3044 2713 vicinis
3071 2663 3277 2728 nostris,
3311 2641 3594 2723 subsanna-

2005 2735 2187 2789 tionem
2215 2745 2258 2789 et
2285 2737 2509 2792 derisum
2537 2742 2597 2794 iis
2625 2746 2712 2813 qui
2741 2745 2793 2798 in
2833 2748 3047 2804 circuitu
3077 2763 3248 2808 nostra
3279 2769 3414 2811 sunt.
3444 2763 3595 2815 Alius

2003 2826 2149 2892 dicit,
2182 2827 2435 2897 Pompam
2465 2833 2527 2886 iis
2568 2836 2652 2904 qui
2681 2837 2975 2892 iri-circuitu
3003 2852 3173 2898 nostro
3199 2859 3335 2901 sunt.
3371 2851 3457 2904 15.
3493 2849 3593 2905 I’o-

2001 2919 2143 2971 suisti
2164 2937 2254 2975 nos
2276 2922 2328 2976 in
2355 2925 2648 2993 parabolam
2677 2928 2731 2981 in
2754 2931 3001 3000 gentibus.
3034 2934 3206 2993 Grave
3228 2949 3308 2995 est
3337 2941 3438 2998 hoc
3463 2959 3591 3015 sup-

2001 3011 2216 3080 plicillm
2260 3024 2314 3068 et
2359 3015 2716 3087 intolerabile,
2771 3022 2839 3077 ab
2888 3023 3063 3094 impiis
3102 3032 3334 3088 maxime
3380 3011 3589 3103 probris

1999 3101 2158 3170 allici,
2187 3103 2255 3158 ab
2291 3105 2516 3162 inimicis
2548 3108 2665 3165 hare
2694 3112 2822 3182 pati,
2867 3129 2988 3170 esse
3016 3118 3360 3177 circumcirca
3381 3101 3478 3196 qui
3506 3129 3588 3182 in-

1996 3195 2212 3259 sultent,
2237 3207 2289 3250 et
2320 3199 2552 3269 undique
2576 3203 2845 3259 circumiri
2877 3207 2942 3262 ab
2975 3209 3038 3264 iis
3066 3212 3155 3280 qui
3197 3215 3388 3282 probra
3412 3195 3583 3290 finge-

1998 3292 2138 3338 runt.
2175 3287 2311 3352 Quid
2347 3298 2428 3346 cst
2471 3300 2648 3346 autem
2691 3295 2937 3363 parabola
2961 3299 2985 3352 ?
3009 3299 3274 3370 Narratio,
3305 3287 3578 3376 probi-uim.

1996 3376 2166 3433 Erant
2211 3379 2352 3434 enim
2390 3382 2739 3440 circumcirca
2771 3387 2986 3457 quidam
3023 3394 3288 3462 scelerati,
3321 3401 3580 3472 nulloque

1993 3484 2154 3524 sensu
2186 3473 2412 3540 praediti,
2440 3477 2528 3546 qui
2556 3493 2660 3532 non
2688 3480 2860 3535 solum
2907 3499 3011 3538 non
3043 3489 3450 3558 miserebantur,
3481 3499 3576 3551 sed

1993 3561 2201 3630 probris
2238 3564 2396 3619 eliam
2441 3577 2494 3621 et
2537 3573 2873 3628 contumeliis
2925 3575 3246 3647 allicit-bant,
3301 3586 3442 3654 quod
3485 3603 3580 3644 eos

1993 3655 2222 3710 maxime
2250 3657 2496 3728 angebat.
2522 3660 2644 3716 Milli
2672 3673 2847 3719 autem
2876 3667 3085 3724 videtur
3113 3672 3201 3726 llic
3236 3675 3415 3732 dicere
3440 3683 3574 3735 Ara—

1990 3742 2105 3812 bas,
2149 3745 2240 3816 qui
2268 3764 2434 3819 prope
2459 3765 2554 3806 cos
2592 3751 2921 3812 habitabant.
2960 3759 3353 3820 Commotionem
3395 3772 3578 3842 capitis

1988 3836 2039 3890 ill
2080 3840 2302 3909 populis.
2343 3841 2515 3910 Alius,
2552 3843 2983 3904 Transmotionem
3013 3869 3032 3907 :
3062 3852 3317 3910 liebricus
3363 3836 3567 3924 autem,

1991 3927 2240 3984 Menand.
2273 3931 2367 3988 Vel
2414 3933 2517 3990 hoc
2541 3951 2670 4007 ergo
2695 3939 2842 4005 dicit,
2869 3941 3254 4002 Transmovisti
3306 3965 3442 4016 nos;
3490 3955 3572 4007 vel

1988 4035 2082 4088 per
2121 4030 2327 4091 gestum
2358 4035 2535 4081 motus
2561 4029 2751 4096 capitis
2779 4033 3013 4088 ostendit
3046 4036 3196 4091 valde
3225 4039 3454 4096 la-tantis
3489 4044 3570 4098 in-

1986 4112 2287 4168 solentiam.
2316 4117 2400 4171 l6.
2434 4116 2560 4172 Tota
2585 4120 2668 4175 die
2705 4126 3004 4180 uerecundia
3031 4144 3140 4182 mea
3164 4143 3340 4185 contra
3367 4149 3447 4187 me
3470 4148 3566 4189 est.

1985 4203 2154 4266 Alius,
2176 4203 2464 4275 ignominia
2485 4226 2610 4266 nisa.
2645 4211 2711 4265 Et
2727 4217 2958 4286 confusio
2983 4220 3133 4289 faciei
3155 4238 3276 4276 mete
3300 4231 3558 4296 cooperuit

1984 4309 2082 4356 me,
2119 4295 2202 4349 17.
2236 4312 2266 4348 a
2293 4311 2408 4350 voce
2449 4302 2801 4369 exprobrantis
2844 4314 2891 4359 et
2917 4308 3247 4379 obloquentis.
3298 4295 3467 4380 Alius,
3498 4316 3566 4370 Et

1982 4384 2392 4456 blnspltelnantis.
2422 4391 2467 4444 Α
2493 4394 2626 4461 facie
2651 4393 2840 4448 inimici
2864 4407 2910 4452 et
2933 4404 3289 4471 persequentis.
3322 4405 3444 4462 llaec
3471 4424 3567 4464 eos

1983 4476 2148 4544 magis
2170 4493 2325 4546 quam
2359 4481 2618 4550 supplicia
2646 4486 2976 4544 cruciabant.
3003 4490 3133 4560 Quia
3160 4495 3300 4550 enim
3328 4497 3406 4552 eis
3425 4514 3565 4554 sem-

1981 4585 2077 4640 per
2101 4581 2156 4627 et
2176 4575 2390 4631 assidue
2419 4579 2736 4636 eveniebant
2763 4597 2850 4638 res
2873 4587 3142 4656 secundat,
3167 4601 3220 4644 et
3244 4589 3424 4647 hostes
3447 4595 3563 4649 vin-

1979 4665 2191 4734 cebant,
2217 4669 2454 4724 omnium
2491 4681 2615 4728 tunc
2640 4690 2732 4728 ora
2776 4687 2957 4745 aperta
2996 4690 3264 4737 suntcum
3295 4684 3394 4754 ipsi
3421 4689 3562 4743 ceci-

1980 4756 2206 4824 dissent,
2236 4757 2524 4832 amictiquc
2548 4774 2600 4818 et
2633 4769 2884 4835 prosuati
2913 4782 3131 4828 essent:
3161 4790 3260 4831 nec
3290 4778 3560 4848 resilirarc

1979 4849 2197 4919 quidem
2228 4861 2494 4920 poterant,
2523 4856 2617 4911 sed
2665 4868 2980 4928 perpetuum
3023 4865 3339 4933 supplicium
3368 4883 3561 4939 exspe-

1976 4942 2208 4996 ctabant.
2242 4942 2325 4998 l8.
2362 4943 2484 4999 Haec
2507 4949 2674 5001 omnia
2699 4964 2935 5006 uenerunt
2972 4971 3126 5025 super
3165 4974 3273 5018 nos,
3304 4975 3394 5013 nec
3417 4960 3560 5015 obliti

1975 5047 2148 5087 sumus
2173 5042 2238 5100 te,
2258 5044 2304 5088 et
2331 5036 2498 5107 inique
2521 5055 2624 5093 non
2644 5041 2834 5111 egimus
2863 5044 2915 5096 in
2938 5054 3232 5101 testamento
3256 5058 3360 5102 tuo.
3385 5049 3559 5113 Alius,

1979 5123 2090 5178 Nec
2125 5127 2357 5196 fraudem
2407 5131 2619 5201 fecimus
2661 5142 2807 5201 pacto
2853 5145 2956 5189 tuo.
3003 5137 3134 5205 Nos,
3194 5141 3382 5210 inquit,
3433 5143 3555 5196 aliis

1973 5220 2238 5274 contraria
2271 5221 2351 5274 via
2375 5221 2594 5292 ingressi
2623 5241 2828 5281 smnus.
2860 5227 2939 5282 Illi
2968 5230 3130 5292 enim,
3152 5242 3436 5301 antequam
3467 5250 3556 5289 res

1971 5308 2096 5362 ulla:
2116 5309 2352 5366 adversa:
2382 5315 2708 5382 evenissent,
2742 5321 2994 5386 prostrati
3041 5330 3164 5373 sunt
3192 5338 3205 5373 :
3235 5336 3333 5375 nos
3375 5333 3554 5380 autem

1974 5406 2093 5466 post
2115 5414 2202 5454 res
2229 5401 2480 5457 adversas
2502 5420 2794 5476 gravesque
2823 5408 3154 5462 calamitates
3193 5411 3347 5466 lirino
3371 5423 3426 5469 et
3454 5413 3556 5470 im-

1973 5489 2156 5544 mobili
2179 5493 2360 5544 animo
2389 5495 2748 5550 constitimus.
2778 5496 2904 5550 Haec
2931 5506 3106 5552 autem
3141 5499 3344 5564 dicunt.
3375 5515 3424 5558 ιιι
3450 5505 3548 5562 bo-

1971 5594 2095 5634 nam
2118 5595 2266 5650 spcln
2293 5583 2594 5652 concipiant
2631 5586 2716 5654 qui
2745 5600 2863 5639 cum
2893 5587 2968 5641 eis
2998 5599 3118 5644 sunt
3149 5591 3442 5652 hortantes.
3491 5597 3555 5653 Et

1972 5669 2090 5724 ideo
2120 5685 2240 5724 cum
2285 5671 2467 5726 Daniel
2513 5683 2566 5729 et
2615 5683 2722 5728 tres
2749 5677 2899 5746 pueri
2943 5677 3165 5738 dicant:
3199 5684 3548 5754 Peccavimus,

1883 5839 1885 5841 ι
1978 5763 2162 5834 injuste
2199 5765 2405 5836 fecimus
2433 5765 2589 5838 (Dan.
2624 5769 2676 5824 ὃ.
2707 5769 2802 5842 29)
2830 5788 2842 5825 :
2893 5771 2946 5827 lli
2975 5773 3195 5840 dicunt:
3227 5778 3346 5834 Non
3389 5782 3588 5851 inique.
