4084 6278
421 337 525 394 I73

420 451 613 522 eqimus
651 447 711 504 in
756 454 1049 503 testamento
1081 451 1166 498 tuo
1193 457 1211 498 :
1238 441 1662 499 commilitonum
1707 437 1919 492 animos
1955 444 2010 491 et

420 541 642 610 Spiritus
687 537 1003 593 excitantes.
1051 533 1107 590 Si
1159 535 1325 598 enim,
1371 532 1561 603 inquit,
1609 529 1841 585 maxima
1871 526 2008 596 passi

421 646 628 698 sumus,
658 641 716 687 et
740 629 810 685 ab
837 630 917 685 eis
940 628 1202 698 originem
1227 626 1495 688 ducimus,
1529 624 1617 693 qui
1649 623 1856 693 magnis
1883 619 2013 674 afl‘c-

422 726 495 779 eti
524 732 651 779 sunt
689 722 983 788 beneﬁciis,
1010 730 1068 776 et
1096 722 1148 775 in
1170 718 1563 774 calamitatibus
1602 717 1821 771 minime
1847 714 2015 770 decli-

427 815 695 881 navimus,
725 829 849 883 spes
874 822 957 869 est
985 812 1140 867 nobis
1178 825 1384 880 magna:
1409 809 1617 863 salutis.

498 909 553 963 8.
594 907 747 974 Quod
779 922 910 975 ergo
936 905 1043 961 dixi
1079 920 1109 958 a
1154 903 1434 973 principio,
1481 901 1583 955 hoc
1623 914 1838 970 quoque
1875 910 2015 952 nunc

426 1001 568 1067 dico,
593 1015 688 1057 eos
709 1000 825 1055 vice
847 997 1169 1069 precationis
1191 997 1296 1050 illis
1314 995 1513 1049 addere
1533 995 1762 1060 animos,
1796 989 2016 1061 perinde

427 1110 490 1151 ac
515 1094 559 1148 si
590 1094 669 1151 eis
698 1092 940 1148 dicerent
978 1108 991 1144 :
1032 1089 1277 1158 Quanam
1322 1087 1391 1142 de
1432 1100 1593 1141 causa
1633 1100 1782 1154 spem
1830 1082 2015 1137 salutis

429 1185 738 1255 abjecistis?
782 1165 1240 1239 Deumiliabemns
1279 1181 1369 1250 qui
1404 1194 1500 1233 nos
1530 1178 1777 1233 defendit
1815 1194 1828 1230 :
1879 1187 1934 1231 et
1970 1176 2015 1231 si

434 1279 561 1347 quid
589 1277 942 1348 peccavimus,
974 1276 1103 1330 satis
1134 1289 1408 1344 pmuarum
1448 1272 1728 1343 pendimus
1760 1287 1773 1322 :
1815 1273 1866 1323 in
1901 1279 2017 1324 ten-

432 1371 720 1427 tationibus
758 1368 961 1423 fortiter
988 1367 1283 1423 restitimus
1326 1384 1338 1418 :
1381 1379 1503 1420 cum
1528 1363 1618 1433 qui
1644 1362 1802 1418 etiam
1830 1375 2014 1430 pecca-

432 1476 606 1521 torum
634 1478 848 1532 scmper
872 1474 1057 1515 curam
1077 1460 1232 1529 gerit,
1267 1459 1366 1511 vim
1403 1458 1593 1512 ducem
1636 1455 1916 1518 habemus,
1965 1463 2019 1508 et

434 1556 553 1612 idco
591 1555 761 1610 borius
804 1554 982 1608 exitus
1025 1563 1107 1605 est
1156 1551 1310 1604 nobis
1352 1550 1570 1604 omnino
1601 1546 2015 1618 exspectandus.

433 1646 568 1714 Quid
593 1656 675 1699 est
701 1656 877 1699 autem
904 1660 916 1694 :
949 1640 1071 1696 Non
1094 1642 1264 1711 inique
1286 1641 1492 1710 fecimus
1513 1639 1563 1691 in
1585 1648 1878 1691 testamento
1896 1637 2020 1691 tuo?

437 1741 548 1795 lloc
575 1747 677 1802 est,
708 1737 829 1792 Notr
864 1736 1044 1804 inique
1078 1750 1177 1787 nos
1218 1732 1479 1799 gessimus
1519 1731 1568 1783 in
1614 1731 1678 1784 iis
1711 1743 1828 1798 qua:
1869 1729 2020 1782 nobis

432 1829 635 1893 credita
662 1837 807 1891 sunt,
836 1826 933 1880 sed
970 1840 1033 1879 ea
1066 1823 1297 1893 perfecte
1327 1821 1730 1875 custodivimns.
1765 1821 1854 1874 Est
1876 1821 2019 1875 enim

436 1923 661 1975 maxima
692 1918 960 1985 iniquitas.
986 1914 1203 1986 quando
1243 1914 1360 1984 quis
1399 1914 1784 1984 transgreditur
1828 1913 2018 1983 legem,

434 2029 552 2082 qua:
578 2012 833 2076 vindicat,
862 2025 982 2079 quae.
1007 2023 1111 2060 non
1157 2008 1283 2060 sinit
1321 2014 1377 2058 ut
1406 2006 1488 2058 vel
1522 2021 1549 2058 a
1587 2003 1894 2074 propinquis
1939 2004 2022 2057 in-

430 2105 570 2175 juria
600 2102 917 2167 aﬂieiamur,
946 2111 1002 2156 et
1034 2100 1215 2154 vitium
1247 2099 1518 2168 prohibet;
1563 2100 1775 2169 quando
1799 2097 1919 2167 quis
1941 2104 2025 2151 est

439 2200 679 2266 ingratus
718 2196 769 2248 in
809 2209 932 2249 cum
973 2192 1064 2262 qui
1092 2201 1171 2247 tot
1199 2191 1352 2246 nobis
1388 2191 1525 2245 bona
1565 2188 1786 2259 praebet.
1822 2187 1908 2243 l9.
1957 2187 2024 2241 Et

436 2308 535 2345 non
565 2290 764 2343 recessit
787 2298 922 2342 ret:o
941 2304 1030 2341 cor
1049 2297 1295 2340 nostrum.
1328 2285 1497 2349 Alius,
1531 2282 1649 2337 Non
1672 2282 1929 2336 abscessit.
1956 2280 2026 2334 Et

438 2398 538 2435 non
563 2379 826 2434 declinasti
863 2379 1064 2432 semitas
1107 2387 1305 2431 nostras
1352 2393 1383 2428 a
1428 2375 1508 2427 ria
1560 2384 1667 2426 tua.
1708 2372 1880 2438 Alius,
1916 2370 2025 2425 Nec

437 2472 683 2527 inclinata
710 2480 826 2526 sunt
852 2485 965 2540 qua!
989 2486 1081 2522 nos
1110 2469 1331 2537 erigunt.
1363 2467 1533 2531 Alius,
1571 2464 1635 2517 Et
1667 2481 1766 2518 non
1795 2480 2026 2517 aversum

438 2573 511 2617 est
532 2571 666 2616 retro
691 2577 777 2613 cor
797 2571 1042 2623 nostrum,
1071 2575 1160 2611 nec
1186 2557 1501 2611 declinarunt
1527 2572 1724 2625 gressus
1748 2554 1905 2608 nostri
1924 2554 2020 2623 (τι).

441 2653 594 2720 Quod
624 2652 769 2721 prius
796 2651 951 2716 dixit,
991 2648 1095 2704 hoc
1132 2649 1290 2702 etiam
1330 2648 1416 2702 hic
1444 2647 1593 2711 dicit,
1630 2661 1725 2701 eos
1773 2646 1824 2699 itt
1868 2640 2027 2700 tantis

446 2745 707 2801 malorum
744 2741 991 2797 ﬂuctilins
1032 2757 1100 2794 ne
1143 2740 1406 2793 tantillum
1437 2738 1650 2807 quidem
1684 2740 1859 2808 lapsos
1884 2751 2055 2792 esse.-

444 2835 668 2891 Ptilcltre
706 2845 886 2891 autem
931 2833 1009 2886 sic
1057 2831 1206 2887 dicit.
1257 2830 1717 2897 Quemadmodum
1754 2831 1894 2884 enim
1943 2831 2028 2885 lex

439 2927 588 2983 ducit
619 2929 669 2980 in
713 2925 1003 2988 anteriora,
1048 2924 1116 2977 ita
1153 2924 1403 2993 iniquitas
1435 2931 1581 2977 retro
1623 2924 1877 2978 transfert
1919 2940 1932 2976 :
1974 2931 2030 2976 et

441 3015 888 3087 quemadmodum
916 3014 1005 3069 les
1028 3013 1181 3082 jubet
1206 3027 1349 3068 reeta
1377 3013 1457 3066 via
1502 3013 1727 3084 ingredi,
1766 3014 1839 3068 ita
1865 3015 2026 3069 etiam

392 3102 399 3109 ’
444 3111 696 3180 iniquitas
744 3107 975 3164 traducit
1022 3107 1294 3162 hominem
1335 3108 1386 3161 in
1431 3107 1605 3162 locum
1648 3107 1921 3163 desertum
1975 3118 2030 3163 et

446 3208 799 3261 inaccessum.
834 3202 982 3258 Viam
1015 3217 1145 3272 ergo
1181 3202 1267 3255 hic
1293 3202 1425 3257 dicit
1453 3203 1643 3271 legem.
1669 3202 1799 3257 Illud
1825 3213 2024 3272 autem,

447 3297 747 3363 Dcclinasti,
779 3295 919 3368 quod
963 3295 1054 3349 alii
1097 3294 1299 3360 dicunt,
1346 3293 1455 3348 Nec
1489 3295 1729 3348 inclinata
1774 3305 1890 3350 sunt
1918 3312 2029 3365 qua:

446 3408 537 3444 nos
564 3391 781 3459 erigunt,
811 3405 843 3441 α
866 3388 944 3441 via
974 3396 1061 3441 tua
1093 3402 1110 3440 :
1143 3387 1397 3441 llcbrcns
1423 3386 1570 3452 dicit,
1608 3386 1783 3443 Vatltet
1841 3390 2028 3445 ascitu-

447 3498 569 3534 rcnu
597 3480 729 3533 meni
756 3480 912 3532 oracli
941 3479 1038 3547 (b).
1066 3478 1121 3532 Si
1153 3480 1271 3548 quis
1305 3490 1483 3534 autem
1516 3480 1642 3534 velit
1674 3482 1824 3551 sequi
1866 3483 2030 3539 inter-

446 3571 800 3640 pretationem
831 3567 1193 3639 Septuaginta,
1236 3579 1290 3624 et
1334 3586 1438 3622 non
1470 3570 1714 3634 aliorum,
1743 3572 1893 3634 illud,
1927 3573 2028 3629 De-

447 3665 651 3720 rlinasti
677 3663 881 3718 semitas
908 3672 1104 3717 nostras
1138 3679 1168 3715 a
1199 3662 1278 3716 via
1326 3673 1432 3726 tuo,
1475 3662 1576 3717 hoc
1617 3676 1720 3728 est,
1771 3665 1957 3719 Procul
1998 3682 2027 3722 τι

449 3757 649 3825 templo
677 3765 767 3809 tuo
795 3769 892 3809 nos
916 3753 1212 3820 collocasti,
1238 3765 1293 3806 et
1323 3754 1375 3806 in
1403 3746 1574 3808 aliena
1619 3763 1756 3808 terra
1796 3756 2032 3812 habitare

445 3849 644 3903 curasti
675 3865 689 3901 :
727 3846 869 3917 quod
905 3862 1009 3900 non
1049 3846 1410 3914 permittebat,
1443 3856 1496 3898 ut
1543 3845 1719 3900 cultus
1749 3862 2032 3917 peragere-

449 3952 553 3997 tur.
593 3941 684 3997 20.
717 3940 972 4008 Quoniam
1020 3939 1296 3993 Innuiliasti
1340 3955 1435 3994 nos
1479 3940 1530 3993 in
1572 3942 1681 3994 loco
1721 3942 2028 4012 aﬁlictionis.

448 4035 618 4097 Alius.
647 4033 712 4089 In
753 4034 864 4089 loco
899 4032 1201 4086 inltubituto.
1232 4031 1377 4085 Alius
1397 4072 1412 4096 ,
1441 4030 1508 4085 In
1535 4032 1647 4085 loco
1668 4031 1931 4087 Sirenum.
1966 4033 2033 4088 Et

448 4127 704 4198 cooperuit
751 4141 844 4179 nos
890 4123 1071 4177 umbra
1111 4122 1304 4177 mortis.
1356 4122 1526 4188 Alius,
1580 4122 1884 4178 Obstruxisti
1917 4140 2030 4182 nos.

450 4219 575 4272 lla-c
603 4216 732 4271 mihi
761 4231 882 4270 esse
913 4213 1123 4269 videtur
1150 4214 1452 4276 retributio,
1484 4229 1551 4268 co
1579 4214 1720 4284 quod
1763 4216 2029 4284 superius,

447 4325 567 4363 runt
596 4309 732 4363 mala
758 4316 1054 4372 narrarent,
1087 4306 1328 4361 dicerent
1359 4321 1372 4361 :
1407 4304 1469 4358 Et
1496 4308 1724 4373 confusio
1743 4307 1893 4377 faciei
1914 4325 2036 4362 mea:

448 4399 706 4468 cooperuit
732 4414 829 4460 tne,
855 4415 888 4451 α
917 4414 1034 4451 voce
1071 4396 1420 4467 ca‘jn'obrantt's
1447 4406 1493 4450 et
1518 4397 1826 4467 obloquentis
1848 4415 1865 4453 :
1897 4399 2035 4465 Quo-

450 4491 583 4544 niam
606 4489 884 4543 Ittouiliasti
917 4505 1028 4541 nos.

525 4579 717 4635 Umbra
747 4579 918 4633 mortis
942 4580 1063 4650 quid
1084 4580 1261 4635 ?—Si
1290 4581 1408 4650 quis
1434 4580 1503 4634 ita
1543 4583 1807 4652 acceperit
1850 4591 1905 4637 ut
1946 4598 2004 4636 re
2057 4616 2069 4627 ο

456 4675 656 4728 feratur
681 4671 746 4724 ad
778 4671 927 4734 illttd,
961 4669 1236 4723 Declitmsti
1261 4672 1463 4725 seminis
1486 4682 1682 4727 nostras
1707 4690 1739 4726 α
1767 4675 1847 4727 via
1893 4684 1979 4728 tua
2018 4690 2037 4729 :

456 4766 622 4823 liabet,
647 4762 731 4819 hic
755 4762 1188 4830 consequentiam
1215 4763 1619 4833 convenientem
1659 4767 1839 4821 sensui
1876 4778 2035 4835 quem

453 4859 703 4913 diximus.
735 4852 1007 4924 Significat
1032 4852 1174 4906 enim
1204 4854 1472 4922 tpiomodo
1502 4870 1595 4909 eos
1621 4872 1648 4909 a
1678 4856 1777 4911 viis
1814 4859 1925 4913 suis
1954 4875 2042 4914 rc-

456 4950 644 5022 pulcrit
669 4965 684 5013 ;
716 4946 941 5017 legibus,
972 4945 1208 5013 inquam,
1232 4958 1287 5000 et
1308 4946 1592 5011 institutis;
1619 4963 1817 5019 eosipte
1841 4952 1892 5005 in
1921 4950 2036 5006 loca

457 5045 667 5099 deserta
697 5038 1000 5103 alnluxerit,
1043 5046 1097 5091 ct
1139 5038 1277 5092 inter
1323 5037 1569 5093 inimicos
1603 5040 1884 5097 dimiserit.
1929 5043 2040 5098 lloc

456 5136 598 5191 enim
645 5130 910 5204 significat
950 5128 1077 5184 illud
1123 5145 1135 5183 :
1178 5128 1447 5199 Coeperuit
1493 5146 1584 5183 nos
1623 5132 1801 5184 umbra
1830 5134 2041 5197 mortis;

460 5226 690 5299 pericula
710 5225 915 5284 dicens,
941 5236 1060 5292 qua:
1082 5231 1310 5276 mortem
1340 5222 1569 5291 pariunt,
1600 5233 1654 5277 et
1678 5224 1869 5293 quibus
1896 5241 2041 5284 mors

457 5334 539 5376 est
565 5320 827 5389 proxima,
860 5332 965 5386 quo
1005 5330 1166 5370 sensu
1197 5315 1413 5370 dolores
1452 5319 1636 5371 mortis
1666 5326 1717 5371 et
1749 5317 2037 5373 inferorum

462 5425 641 5483 portas
669 5418 822 5464 vocat
849 5407 1148 5478 Scriptura.
1190 5405 1510 5461 lnevitabilia
1547 5418 1724 5463 autem
1752 5425 1871 5465 esse
1905 5414 2039 5465 mala

461 5506 547 5559 hic
577 5518 671 5573 per
711 5500 954 5555 umbram
987 5509 1043 5555 et
1070 5499 1460 5569 aperimentum
1503 5502 1758 5570 ostendit,
1791 5518 1818 5557 a
1851 5504 2042 5575 quibus

545 5661 596 5722 τε)
631 5666 737 5708 Haec
752 5658 1088 5722 interpretatio
1108 5666 1187 5722 est
1209 5659 1488 5722 Symmachi.

545 5674 596 5722 τε)
632 5674 737 5708 nec
752 5674 1088 5719 interpretatio
1111 5674 1187 5708 BSt
1209 5674 1488 5722 symmacm.

524 5674 600 5783 ib)
635 5729 744 5770 nec
762 5720 1085 5783 [intermissa
1103 5718 1241 5769 fuere
1260 5725 1304 5769 in
1328 5720 1554 5776 ttexanlis
1570 5726 1764 5776 nostris.
1783 5727 2044 5777 ttcbraicus

450 5798 618 5838 textus
637 5786 706 5832 sic
731 5783 902 5844 habet,
928 5786 1083 5844 ’ῑΠἿκ
1102 5788 1199 5836 92ῒέ
1218 5788 1389 5839 usus
1412 5792 1544 5840 12m.

1194 324 1254 382 S.
1299 322 1579 382 JOANNIS
1608 306 2082 376 CllliYSOSTOMI
2121 313 2438 371 ARClllEP.
2478 312 3012 370 CONSTANTINOP.

3606 316 3706 375 1εο

2119 447 2220 488 nec
2249 433 2486 502 liberari,
2516 450 2613 489 nec
2637 436 2717 490 vel
2746 438 3026 493 minimum
3051 439 3266 508 quidem
3299 438 3564 506 respirare
3594 455 3706 508 pos-

2115 531 2253 582 sent.
2280 527 2371 581 2|.
2404 527 2466 582 Si
2485 527 2627 582 obliti
2650 546 2824 584 sumus
2844 546 3025 584 nomen
3046 528 3146 584 Dei
3165 531 3344 595 nostri,
3380 541 3425 584 ct
3448 531 3490 583 si
3525 548 3711 602 expan-

2117 620 2281 674 tlimus
2310 638 2489 675 manus
2514 634 2711 678 nostras
2735 624 2804 677 ad
2844 627 2992 678 deum
3030 625 3255 678 alienum
3281 640 3300 679 :
3329 623 3420 678 2‘2.
3461 627 3710 694 numun

2117 711 2258 766 Deus
2283 715 2497 781 requiret
2526 714 2659 768 ista?
2686 714 2808 784 Ipse
2847 716 2981 769 enim
3025 716 3161 768 novit
3189 714 3483 768 abscondita
3512 717 3704 771 cordis.

2119 804 2228 857 [loc
2256 813 2337 859 est
2368 805 2627 859 bonorum
2658 820 2956 873 servorum,
2980 806 3119 861 male
3148 805 3411 876 patientes
3432 808 3708 862 dominum

2116 896 2298 951 colere
2325 904 2376 950 et
2403 911 2750 964 perseverare
2784 917 2797 951 :
2837 897 2955 953 ltarc
2983 907 3109 953 sunt
3136 900 3452 954 documenta
3478 900 3711 969 philoso-

2120 987 2280 1057 phiae.
2316 987 2412 1043 llic
2442 989 2600 1043 ctiam
2627 990 2823 1045 docent
2852 991 3141 1055 auditores,
3175 1007 3279 1046 non
3306 992 3580 1059 simulare,
3610 995 3705 1049 sed

2120 1082 2285 1137 Deum
2320 1091 2429 1135 toto
2454 1082 2618 1137 corde
2639 1083 2884 1139 adorare.
2914 1083 3067 1138 Novit
3094 1085 3259 1149 enim,
3284 1084 3473 1155 inquit,
3495 1088 3709 1142 abscon-

2120 1171 2226 1225 dita
2247 1172 2431 1226 cordis.
2454 1172 2579 1227 llaec
2599 1183 2775 1228 autem
2805 1174 3008 1240 dicunt,
3034 1175 3154 1230 illus
3179 1184 3460 1240 terrentes,
3492 1194 3559 1232 ne
3579 1177 3709 1247 quid

2121 1264 2231 1320 Deo
2262 1265 2532 1335 indignum
2561 1266 2815 1336 cogitent.
2850 1266 2980 1322 Vide
3007 1277 3185 1323 autem
3216 1285 3464 1339 magnum
3499 1271 3715 1325 virtutis

2122 1355 2508 1412 incrementum
2535 1375 2548 1411 :
2581 1358 2852 1428 subjungit
2876 1360 3016 1413 enim
3044 1359 3231 1414 dicens
3259 1379 3271 1414 :
3306 1360 3557 1428 Quoniam
3586 1380 3709 1433 pro-

2122 1457 2233 1516 pter
2262 1459 2308 1503 te
2334 1448 2700 1517 mortiﬁcamur
2725 1459 2831 1503 tota
2855 1449 2936 1503 die
2953 1468 2971 1504 .'
2994 1451 3228 1505 malimali
3251 1469 3425 1505 sumus
3453 1454 3577 1507 sicut
3595 1470 3713 1508 ores

2122 1542 2410 1594 occisionis.
2440 1541 2682 1612 Magnum
2710 1553 2792 1598 est
2829 1543 2972 1598 enim
3004 1560 3219 1598 manere
3251 1545 3339 1599 Dei
3373 1547 3627 1613 cultores,
3658 1556 3714 1602 et

2122 1633 2188 1685 ad
2214 1632 2376 1686 alium
2406 1648 2510 1686 non
2532 1632 2794 1688 defecisse
2822 1652 2835 1687 :
2870 1635 3036 1689 multo
3064 1647 3239 1689 autem
3266 1636 3437 1705 majus
3461 1648 3565 1703 est,
3590 1653 3714 1692 cum

2126 1740 2270 1779 mors
2299 1723 2528 1789 assidue,
2560 1735 2613 1779 et
2641 1725 2945 1795 quotidiana
2997 1727 3230 1794 pericula
3262 1727 3597 1792 immineant,
3635 1740 3712 1783 tu-

2125 1816 2227 1869 lem
2258 1830 2580 1871 conservare
2606 1816 2964 1870 dilectionem.
3009 1815 3300 1873 Considera
3338 1828 3515 1873 autem
3544 1835 3713 1889 qum-

2128 1919 2236 1962 tuut
2268 1910 2338 1963 sit
2360 1924 2526 1979 genus
2560 1908 2931 1978 pltilosopbitu,
2960 1926 3081 1964 cum
3126 1911 3241 1980 ipse
3267 1927 3477 1980 quoque
3520 1912 3714 1966 Paulus

2081 2004 2089 2017 '
2126 2016 2191 2055 eo
2231 2009 2428 2064 utatur,
2476 2000 2886 2069 apostolicorum
2937 2001 3290 2069 periculorum
3337 2003 3596 2070 procellas
3636 2006 3712 2073 (ιι)

2126 2107 2448 2147 enumerans
2493 2092 2545 2145 in
2595 2091 2831 2161 Epistola
2870 2091 2937 2146 ad
2982 2092 3251 2147 Romanos
3280 2092 3454 2163 (Rom.
3502 2094 3556 2147 8.
3599 2095 3715 2163 56).

2127 2184 2267 2251 Quot
2292 2200 2418 2254 ergo
2449 2184 2503 2239 hi
2532 2185 2746 2239 coronis
2769 2184 2913 2255 digni
2957 2185 3172 2250 fuerint,
3209 2187 3423 2256 quando
3450 2188 3501 2241 in
3538 2186 3716 2243 Veteri

2129 2276 2474 2331 Testamento
2501 2276 2568 2331 ad
2596 2276 2840 2331 eamdem
2864 2292 3167 2331 mensuram
3198 2279 3564 2344 certaminum,
3598 2296 3719 2348 quae

2129 2368 2465 2436 suscipienda
2491 2378 2647 2423 erant
2672 2367 2725 2422 in
2758 2368 2927 2434 Novo,
2965 2370 3342 2440 pervenerint?
3380 2371 3531 2438 Quod
3574 2388 3641 2425 ιιι
3665 2388 3718 2425 ιιι

2130 2460 2257 2516 dicit
2282 2461 2496 2526 Paulus,
2531 2461 2767 2525 Quotidie
2790 2463 2978 2516 morior
3005 2461 3080 2523 (1.
3108 2460 3227 2517 Cor.
3259 2464 3340 2518 l5.
3365 2462 3479 2535 3t),
3509 2465 3559 2517 lii
3588 2481 3721 2531 quo-

2131 2566 2235 2620 que
2251 2551 2467 2616 dicunt,
2502 2566 2605 2605 non
2636 2552 2994 2620 experientia,
3025 2569 3122 2609 nec
3149 2565 3372 2620 eventu,
3396 2555 3490 2610 sed
3515 2557 3718 2610 animo.

2131 2643 2308 2709 Quare
2346 2651 2522 2697 autem
2553 2643 2702 2711 dicit,
2734 2642 2950 2715 PrOpter
2970 2644 3058 2698 te?
3081 2644 3299 2700 Liccltat
3330 2647 3500 2711 nobis,
3526 2648 3718 2718 inquit,

2131 2738 2382 2805 deficere,
2414 2753 2445 2791 a
2472 2740 2653 2808 patriae
2696 2738 3007 2808 reipublicm
3058 2739 3310 2795 institutis
3348 2742 3618 2805 recedere,
3667 2754 3721 2796 et

2134 2839 2278 2885 tutos
2302 2846 2442 2895 esse,
2470 2831 2562 2887 sed
2590 2816 2859 2889 malumus
2889 2832 3028 2887 male
3058 2834 3186 2903 pati,
3210 2844 3258 2888 et
3284 2835 3452 2904 patria
3485 2837 3721 2890 instituta

2132 2940 2372 2990 servare,
2400 2941 2558 2995 quant
2593 2935 2870 2995 postquam
2899 2941 2929 2979 a
2955 2926 3138 2995 patriis
3169 2926 3424 2981 institutis
3450 2930 3721 2984 excideri-

2134 3032 2274 3080 mns,
2310 3018 2361 3071 in
2395 3032 2523 3086 pace
2552 3017 2714 3072 vitam
2741 3034 2921 3088 agere.
2951 3017 3216 3072 zEstimuti
3246 3036 3423 3073 smnus
3447 3023 3572 3075 sicut
3608 3039 3723 3077 om

2136 3109 2425 3162 occisionis.
2474 3107 2604 3163 Tam
2652 3108 2826 3175 facile,
2872 3110 3058 3180 inquit,
3101 3125 3199 3163 nos
3243 3111 3569 3166 interimunt.
3627 3113 3723 3168 llic

2133 3216 2310 3260 autem
2357 3207 2591 3262 ostendit
2633 3222 2821 3262 eorum
2863 3210 3340 3265 mansuetudinem.
3390 3211 3495 3267 Sed
3540 3224 3718 3266 tamen

2133 3303 2376 3369 quamvis
2417 3302 2584 3356 simus
2630 3312 2734 3356 tam
2777 3302 2931 3357 facile
2972 3305 3222 3373 expositi,
3261 3305 3415 3360 firmo
3445 3317 3621 3362 tamen
3667 3320 3723 3361 et

2139 3390 2399 3445 inunobili
2429 3394 2610 3447 animo
2643 3409 3037 3463 permanemus.
3078 3396 3174 3450 llic
3199 3397 3360 3451 etiam
3391 3398 3511 3467 jure
3553 3398 3722 3451 admi-

2136 3485 2299 3536 randa
2328 3491 2411 3537 est
2439 3483 2526 3537 Dei
2560 3486 2813 3553 potentia,
2845 3486 2985 3554 quod
3012 3502 3106 3542 eos
3135 3488 3223 3557 qui
3266 3498 3532 3558 tamquam
3575 3490 3721 3543 occi-

2134 3572 2300 3626 sionis
2325 3589 2454 3628 oves
2488 3583 2645 3631 erant
2670 3576 2920 3646 expositi,
2949 3580 3365 3637 conservaverit.
3396 3590 3449 3632 et
3487 3580 3725 3647 quotidie

2135 3664 2425 3719 morientes
2442 3681 2547 3719 non
2562 3665 2744 3721 siverit
2766 3668 2817 3721 in
2837 3675 3061 3722 mortem
3078 3669 3331 3723 incidere.
3352 3670 3441 3724 25.
3467 3670 3720 3740 Exsurge,

2134 3773 2292 3827 quare
2340 3757 2613 3822 obdormis,
2656 3757 2906 3813 Domine?
2954 3761 3122 3823 Alius,
3159 3760 3329 3827 Quare
3371 3776 3424 3814 es
3468 3761 3726 3831 tamquam

2101 3919 2107 3925 ‘
2136 3850 2388 3905 dormiens
2406 3851 2433 3905 .9
2452 3852 2620 3917 Alius,
2643 3851 3018 3923 Expergiscm.
3040 3854 3207 3917 Alius,
3234 3853 3448 3926 Evigilo.
3471 3853 3721 3924 Exsurge,

2138 3952 2184 3994 et
2210 3958 2272 3994 ne
2297 3942 2512 4012 repellas
2538 3943 2591 3996 in
2615 3943 2783 4012 ﬁnem.
2814 3943 2905 3997 24.
2937 3943 3106 4011 Quare
3128 3947 3309 4016 [aciem
3337 3955 3474 3999 tuam
3503 3947 3726 3999 avertis?

2138 4034 2308 4098 Alius,
2335 4035 2635 4089 Abscondis.
2667 4035 2986 4091 Oblivisceris
3010 4037 3198 4104 inapiar
3222 4044 3410 4091 nostra:
3436 4047 3483 4091 et
3515 4038 3727 4091 tributo.

2140 4126 2287 4181 tionis
2316 4129 2542 4181 nostrai?
2570 4129 2741 4193 Alius,
2776 4127 2992 4183 Malitia:
3019 4139 3221 4184 nostris.
3252 4129 3404 4198 Quod
3432 4139 3608 4184 autem
3639 4130 3725 4182 di-

2138 4218 2232 4285 cit,
2265 4227 2348 4273 est
2372 4220 2632 4287 ejusmodi
2672 4236 2685 4272 :
2722 4209 2880 4274 Potes
2911 4220 3049 4275 mala
3076 4221 3286 4277 solvere
3318 4237 3332 4274 :
3374 4236 3549 4292 neque
3581 4223 3725 4276 enim

2142 4321 2355 4379 propter
2382 4320 2524 4364 tuam
2554 4310 2992 4378 imbecillitatem,
3024 4312 3117 4367 sed
3145 4327 3209 4367 ex
3244 4323 3329 4367 tua
3372 4314 3729 4383 permissionc

2142 4403 2255 4456 lucc
2274 4404 2422 4457 fiunt.
2438 4402 2698 4457 Somnum
2720 4401 2803 4456 hic
2819 4402 2947 4457 dicit
2962 4404 3223 4473 quietem;
3242 4406 3723 4466 exsul-rectionem,

2143 4496 2578 4561 retributionem;
2610 4495 2800 4551 faciem
2827 4478 2976 4563 vero,
3012 4498 3417 4567 protectionem,
3442 4497 3728 4567 provideo.

2144 4592 2290 4654 tiam,
2321 4607 2522 4656 curam,
2552 4591 2827 4646 assiliunt.

2215 4683 2268 4737 9.
2310 4682 2415 4737 Cur
2431 4683 2735 4738 Oblivisceris
2759 4684 2946 4755 inopia:
2972 4685 3192 4738 nostra?
3216 4683 3351 4739 Vide
3377 4697 3561 4738 rursus
3587 4683 3730 4752 pimn

2143 4790 2197 4832 et
2221 4786 2428 4848 gratum
2461 4781 2717 4832 animum.
2751 4778 2866 4833 Non
2893 4777 3047 4842 dixit,
3083 4778 3246 4833 llecte
3283 4776 3575 4839 factorum;
3625 4793 3730 4829 non

2145 4873 2298 4935 dixit,
2332 4872 2508 4926 Animi
2539 4872 2676 4925 lirtni
2722 4881 2777 4925 et
2818 4871 3136 4933 immobilis;
3182 4886 3286 4923 non
3331 4868 3483 4932 dixit,
3524 4867 3733 4922 Anium:

2149 4963 2382 5032 probatae
2406 4963 2459 5016 in
2491 4960 2875 5017 tentatiouibus
2912 4977 2926 5013 :
2970 4961 3062 5014 sed
3097 4960 3312 5031 quando
3348 4958 3564 5029 quidam
3613 4972 3736 5011 sese

2148 5065 2393 5124 purgant,
2424 5055 2508 5108 illa
2534 5062 2768 5125 ponunt;
2798 5052 3014 5124 quando
3034 5062 3209 5105 autem
3242 5060 3430 5122 petunt
3453 5051 3731 5113 auxilium,

2147 5162 2213 5201 ex
2240 5148 2303 5205 iit:
2329 5158 2385 5201 ut
2413 5146 2550 5201 salvi
2598 5147 2727 5201 flant
2770 5146 3059 5216 postulant,
3093 5158 3157 5198 ex
3202 5145 3392 5213 quibus
3424 5144 3457 5198 ii
3485 5144 3573 5213 qui
3610 5152 3734 5196 sunt

2147 5238 2509 5293 condemnati.
2538 5237 2827 5303 Quoniam,
2868 5236 3060 5304 inquit,
3092 5236 3221 5289 satis
3263 5249 3539 5304 panarium
3567 5234 3732 5288 dede-

2150 5340 2295 5398 runt,
2323 5329 2572 5401 quoniam
2603 5339 2844 5385 extrema
2878 5327 3018 5400 paSsi
3046 5338 3189 5384 sunt.
3231 5329 3343 5382 lloc
3387 5328 3550 5383 etiam
3594 5342 3734 5398 εει-ειη

2214 5548 2286 5610 (α)
2321 5552 2369 5596 ln
2391 5554 2553 5595 ΟΓὮΟΟ
2571 5583 2607 5610 ,-
2625 5551 2689 5597 τὰς
2881 5555 2950 5610 τῷν
2971 5548 3216 5610 ἄποια-ταμιῶν
3250 5542 3434 5610 ausu-saw.
3448 5542 3575 5610 ξριιέ
3586 5544 3734 5610 Sil???-

2151 5599 2344 5671 meliiis,
2369 5620 2477 5657 mea
2495 5599 2695 5671 quidem
2716 5599 2989 5671 sententia,
3019 5605 3352 5671 verterentur,
3374 5599 3734 5671 itm,totz'cornut

2152 5670 2477 5735 periculorum
2503 5662 2875 5735 multitudinem
2904 5662 3134 5735 :_et_eui_m
3167 5665 3466 5735 conﬁrmes,
3486 5663 3641 5735 essen

2154 5716 2802 5793 inil'iaris—cbrysostonio
2826 5728 2874 5777 in
2920 5724 3157 5787 Epistolis,
3184 5731 3235 5771 ut
3257 5716 3556 5771 innumerans
3578 5716 3735 5767 multi-

2159 5794 2371 5848 tudinem
2390 5791 2644 5858 signiticet.
