4068 6288
248 397 350 462 I79

247 516 370 576 Οὐκ
402 517 783 590 ἠδικήσαμεν
807 521 877 573 ἐν
914 520 1172 591 διαθήκη
1215 540 1360 578 σου·
1395 527 1713 597 ἐπαίροντες
1753 526 1820 580 τὰ

1374 410 1736 468 ΕΧΡΟΒΙΤΙΟ
1781 411 1848 467 IN
1881 413 2213 473 PSALMUM
2257 411 2442 469 XLI“.

3404 423 3424 474 ί
3440 423 3506 472 SH

1932 530 2101 601 πνοὴν
2143 530 2346 603 μικρὰν
2374 530 2667 601 δυνάμενα.
2699 529 2768 583 Εἰ
2798 528 3207 599 ἐπελαϐόμεθα
3239 531 3345 585 τοῦ
3382 533 3522 587 ὀνό-

247 606 572 676 φρονήματα
610 604 718 657 τῶν
762 605 1197 674 συστρατιωτῶν.
1238 608 1302 660 Εἰ
1345 608 1454 681 γάρ
1495 611 1563 662 τά
1591 611 1824 681 μέγιστα
1928 635 2116 687 ματος
2141 617 2246 672 τοῦ
2279 618 2426 673 Θεοῦ
2460 615 2664 686 ἡμῶν,
2704 617 2805 670 καὶ
2846 618 2897 670 εί
2925 616 3362 688 διεπετάσαμεν
3408 619 3517 683 τὰς

246 690 617 759 πεπόνθαμεν,
642 689 796 758 φησὶ.
829 690 924 742 καὶ⁵
951 689 1162 758 ἔγγονοι
1189 693 1296 745 τῶν
1321 696 1389 749 τὰ
1422 688 1632 765 μεγάλα
1660 697 1755 767 ein;
1765 714 1826 768 ρ-

247 772 564 841 γετημένων
599 772 789 842 ἐσμὲν,
823 773 916 825 καὶ⁸
937 774 995 824 ἐν
1017 776 1138 837 ταῖς
1166 779 1471 847 συμφοραῖς
1490 779 1593 831 οὐκ
1619 777 1825 845 ἐξεκλί-

247 874 440 925 ναμεν,
465 856 669 925 πολλῆς
703 857 977 928 σωτηρίας
1002 860 1133 927 ἡμῖν
1158 858 1311 913 ἔσται
1344 860 1517 924 ἐλπίς.

319 981 576 1051 η’.”οπερ
600 976 694 1034 οὖν
733 980 793 1045 ἐξ
820 982 996 1053 ἀρχῆς
1020 982 1225 1051 ἔλεγον,
1247 983 1407 1038 τοῦτο
1428 985 1521 1037 καὶ
1545 982 1640 1037 νῦν
1666 1000 1824 1054 φημι,

251 1064 331 1116 δτι
369 1064 429 1115 ἐν
457 1064 625 1134 εὐχῆς
655 1064 806 1128 τάξει
840 1064 907 1118 τὰ
939 1067 1260 1136 φρονήματα
1292 1067 1469 1119 αὐτῶν
1495 1067 1825 1135 ἀλείφουσιν,

254 1144 611 1218 [Ιὸϐἶὼσανεὶ
630 1146 766 1218 πρὸς
782 1147 978 1210 αὐτοὺς
998 1146 1200 1216 ελεγον·
1219 1149 1374 1213 Τίνος
1390 1149 1575 1202 ἕνεκεν
1588 1149 1832 1217 ἀπεγνώ-

255 1245 388 1282 κατε
415 1230 515 1298 τῆς
555 1229 869 1300 σωτηρίας;
900 1228 1034 1281 Θεὸν
1062 1229 1258 1299 ἔχομεν
1302 1230 1394 1283 τὸν
1433 1230 1832 1302 προϊστάμενον

255 1310 415 1379 ήμῶν
439 1326 452 1341 ο
486 1311 536 1363 εί
562 1310 655 1364 καί
685 1328 738 1364 τι
767 1313 900 1382 ήμῖν
923 1311 1235 1382 ἡμάρτηται
1258 1351 1275 1376 ,
1301 1312 1459 1384 δίκην
1492 1314 1681 1383 ἔδομεν
1713 1314 1832 1365 ἱκα-

256 1396 352 1464 νήν
376 1410 394 1426 ·
447 1395 507 1446 ἐν
536 1396 650 1457 τοῖς
698 1398 1023 1465 πειρασμοῖς
1061 1396 1371 1467 ἑστήκαμεν
1402 1397 1666 1465 γενναίως
1691 1412 1705 1428 ’
1739 1395 1831 1449 τὸν

255 1476 342 1529 ἀεὶ
396 1475 489 1528 καὶ⁵
540 1475 882 1546 ἁμαρτωλῶν
920 1470 1319 1548 προϊστάμενον
1362 1479 1554 1551 ὁδηγὸν
1594 1478 1788 1549 ἔχομεν
1818 1495 1830 1506 ·

254 1558 335 1610 διὸ
368 1557 634 1611 πάντοθεν
661 1558 743 1612 δεῖ
777 1558 1016 1621 τὸ’τέ).ος
1058 1559 1364 1632 προσδοκᾷν
1401 1562 1657 1632 χρηστόν.
1687 1560 1750 1614 Τί
1774 1561 1831 1614 δέ

256 1642 429 1703 ἐστιν,
449 1642 571 1694 οὐκ
591 1639 967 1709 ἠδικήσαμεν
984 1641 1053 1695 ἐν
1074 1642 1331 1712 διαθήκῃ
1352 1658 1466 1698 σου
1486 1662 1503 1707 ;
1521 1643 1828 1703 Τουτέστιν.

257 1719 372 1772 Οὐκ
391 1720 733 1791 ἠδικήσαμεν
776 1722 905 1793 περὶ
942 1722 1114 1776 ταῦτα
1135 1764 1149 1786 ,
1181 1723 1218 1777 ἀ
1248 1724 1675 1797 ἐπιστεύθημεν,
1718 1723 1831 1777 ἀλλ’

255 1800 606 1871 ἐφυλάξαμεν
639 1802 776 1874 μετά
819 1803 1122 1873 ἀκριϐείας.
1159 1806 1268 1859 Καὶ
1297 1807 1405 1877 γὰρ
1437 1808 1668 1877 μεγίστη
1715 1806 1828 1860 ἀδι-

255 1884 355 1937 κία
384 1884 554 1951 ἐστὶν,
598 1884 725 1938 ὅταν
760 1885 852 1938 τὸν
883 1886 1045 1956 νόμον
1076 1904 1161 1950 τις
1208 1888 1524 1960 παραϐαίνῃ
1555 1890 1645 1942 τὸν
1690 1888 1831 1959 ἀμύ-

258 1982 447 2028 νοντα,
476 1966 565 2019 τὸν
591 1967 691 2020 οὐκ
722 1967 897 2021 ἐῶντα
919 1969 1040 2021 οὐδὲ
1070 1969 1222 2040 παρά
1249 1969 1358 2023 τῶν
1385 1970 1610 2041 πλησίον
1634 1971 1834 2024 ἀδικεῖ-

260 2049 415 2114 σθαι,
454 2049 550 2102 καὶ⁵
592 2050 689 2119 τήν
727 2052 931 2105 κακίαν
973 2051 1250 2106 κωλύοντα
1273 2069 1286 2081 ·
1320 2053 1448 2105 ὃταν
1475 2053 1602 2123 περὶ
1635 2053 1727 2106 τὸν
1756 2069 1837 2105 το-

260 2131 437 2184 σαῦτα
465 2133 771 2202 παρέχοντα
798 2135 977 2202 ἀγαθά
1002 2137 1310 2206 ἀγνωμονῇ.
1334 2136 1441 2189 Καὶ
1463 2137 1576 2190 οὐκ
1600 2135 1834 2202 ἀπέστη

257 2216 348 2278 είς
373 2214 448 2267 τὰ
463 2214 655 2268 ὀπίσω
678 2215 939 2283 ἠκαρδία
959 2217 1146 2285 ἡμῶν.
1167 2217 1358 2280 Ἀλλης
1378 2217 1565 2286 φησὶν,
1586 2218 1706 2270 Οὐκ
1725 2217 1837 2269 ἀπ-

259 2294 552 2363 εχώρησε.
572 2297 680 2350 Καὶ
704 2299 814 2352 οὐκ
828 2298 1139 2365 ἐξέκλινας
1158 2299 1264 2365 τὰς
1283 2300 1519 2368 τρίϐους
1539 2299 1704 2367 ἡμῶν
1718 2297 1836 2352 ἀπὸ

262 2376 378 2444 τῆς
416 2377 559 2431 ὀδοῦ
599 2395 737 2433 σου.
781 2380 972 2446 ’Δλλος
1006 2384 1192 2452 φησιν,
1222 2381 1376 2435 Οὐδὲ
1410 2381 1731 2450 μετεκλίθη
1769 2381 1838 2433 τὰ

259 2461 644 2528 ὑπορθοῦντα
686 2461 863 2531 ἡμᾶς.
906 2463 1132 2529 Ἀλλος,
1177 2465 1288 2517 Καὶ
1338 2466 1449 2518 οὐκ
1485 2463 1836 2532 ἀπεστράφη

259 2546 351 2608 εις
376 2542 450 2597 τὰ
478 2544 670 2598 ὀπίσω
696 2546 734 2612 ἠ
772 2545 985 2614 καρδία
1005 2546 1192 2615 ήμῶν,
1221 2548 1319 2600 καὶ
1352 2550 1463 2601 οὐκ
1498 2547 1701 2600 ἔκλινε
1720 2545 1835 2611 ,ϐή-

256 2641 420 2693 ματα
438 2624 627 2694 ἡμῶν.
661 2628 834 2699 Ὅπερ
867 2628 1171 2700 ἔμπροσθεν
1210 2628 1420 2699 εἴρηκε,
1452 2628 1609 2681 τοῦτο
1634 2629 1729 2681 καὶ
1758 2630 1842 2680 ἐν·

261 2708 440 2762 ταῦθα
492 2708 663 2778 λέγει,
690 2710 795 2762 ’ὅτι
845 2713 903 2763 ἐν
942 2711 1180 2781 τοσούτῳ
1232 2711 1460 2764 κλύδωνι
1492 2712 1676 2764 κακῶν
1722 2710 1840 2762 οὐδὲ.

264 2792 464 2862 μικρὸν
519 2792 1026 2863 παρεσαλεύθησαν.
1096 2794 1292 2856 Καλῶς
1343 2794 1400 2845 δέ
1449 2793 1620 2866 οῦτως
1668 2789 1838 2845 εἶπεν.

263 2876 479 2946 Ὠσπερ
512 2876 622 2947 γάρ
660 2879 686 2928 ό
713 2877 874 2945 νόμος
898 2880 977 2938 εἰς
1001 2878 1068 2930 τὰ
1094 2876 1405 2949 ἔμπροσθεν
1432 2878 1575 2945 ἄγει,
1607 2875 1779 2938 οὕτως
1805 2878 1838 2946 ή

262 2960 585 3029 παρανομία
612 2961 692 3022 είς
717 2959 785 3012 τά
814 2960 990 3013 ὀπίσω
1019 2961 1304 3030 μεθίστησι
1328 2977 1343 2991 ο
1374 2962 1470 3014 καὶ
1498 2961 1685 3031 ῶσπερ
1712 2963 1738 3014 ὁ
1758 2960 1844 3012 νό-

265 3057 367 3109 μος
404 3041 503 3112 τὴν
530 3042 694 3113 ὀρθὴν
730 3043 847 3095 ὁδὸν
879 3042 1109 3111 βαδίζειν
1136 3043 1367 3108 κελεύει,
1397 3044 1569 3106 οὕτως
1596 3046 1630 3114 ή
1663 3058 1843 3113 παρα·

262 3126 431 3193 νομία
464 3127 602 3196 πρῧς
644 3127 742 3195 τὴν
781 3126 983 3197 ἔρημον
1024 3128 1119 3180 καὶ
1171 3128 1370 3180 ἄϐατον
1418 3128 1509 3181 τὸν
1560 3126 1845 3194 ἄνθρωπον

270 3210 612 3282 μεθίστησιν.
659 3211 805 3264 Ὀδὸν
841 3207 933 3264 οὖν
958 3211 1047 3263 τὸν
1074 3210 1237 3280 νόμον
1278 3210 1443 3280 φησὶν
1476 3209 1729 3264 ἐνταῦθα.
1774 3210 1847 3262 Τὸ

267 3292 340 3354 δὲ,
385 3293 754 3360 Ἐξέκλινας,
791 3294 927 3364 ὅπερ
962 3295 1008 3346 οἰ
1051 3292 1200 3346 ἄλλοι
1236 3293 1505 3360 λέγουσιν’
1534 3292 1686 3345 Οὐδὲ
1707 3307 1845 3360 μετ-

269 3375 475 3443 εκλίθη
500 3374 572 3428 τὰ
597 3376 979 3445 ὑπορθοῦντιι
1017 3373 1174 3443 ἡμᾶς
1198 3375 1316 3429 ἀπὸ
1355 3374 1463 3441 τῆς
1489 3374 1631 3428 ὀδοῦ
1656 3388 1793 3427 σου’
1819 3373 1849 3424 ὁ

283 3458 533 3529 Ἐϐραῖός
573 3474 768 3529 φησιν’
814 3458 1037 3513 Οὐαθὲτ
1064 3457 1400 3525 ἁσουρενοῦ
1421 3457 1557 3526 μενὶ
1584 3456 1730 3524 ὅραχ
1758 3475 1771 3489 ’
1802 3457 1850 3508 εί

272 3540 328 3594 δέ
347 3545 491 3595 κατά
504 3544 633 3604 τοὺς
668 3541 1069 3611 Ἐϐδομήκοντα
1097 3540 1379 3609 βουληθείη
1397 3556 1477 3601 τις
1495 3537 1847 3608 ἑρμηνεῦσαι,

275 3625 366 3676 καὶ
395 3624 457 3675 οὐ
483 3623 627 3676 κατά
659 3624 783 3687 τοὺς
814 3624 1022 3687 ἄλλους,
1060 3624 1120 3675 τὸ
1140 3663 1155 3687 ,
1197 3622 1547 3686 Ἐξέκλινας
1587 3620 1696 3686 τὰς
1728 3621 1847 3688 τρί-

276 3711 420 3773 ϐους
468 3708 640 3778 ἡμῶν
671 3710 788 3764 ἀπὸ
836 3709 946 3776 τῆς
982 3709 1126 3763 ὀδοῦ
1161 3723 1300 3770 σου,
1349 3708 1505 3761 τοῦτό
1556 3709 1725 3771 ἐστιν,
1770 3707 1852 3759 ὅτι

289 3792 600 3862 ’Διτῲκισας
629 3791 723 3845 τοῦ
754 3792 883 3844 ναοῦ
915 3809 1007 3844 σου
1026 3831 1041 3856 ,
1072 3792 1166 3844 καὶ
1213 3795 1270 3843 ἐν
1296 3789 1553 3861 ἀλλοτρία
1578 3784 1717 3842 εἶναι
1753 3804 1862 3841 πε-’

282 3875 550 3945 ποίηκας’
586 3876 725 3945 ὅπερ
767 3874 868 3927 οὐκ
914 3875 1000 3928 εἷα
1045 3875 1144 3937 τὰς
1177 3874 1434 3944 λατρείας
1464 3870 1851 3925 ἐπιτελεῖσθαι.

286 3959 413 4012 Ὀτι
445 3958 855 4023 ἐταπείνωσας
878 3954 1035 4025 ἡμᾶς
1065 3956 1134 4009 ἐν
1162 3956 1322 4020 τόπῳ
1347 3953 1686 4019 κακώσεως.
1725 3952 1853 4005 Ἀλ-

284 4040 371 4104 λος
398 4042 583 4111 φησὶν,
630 4040 932 4108 Ἀοικήτῳ.
961 4036 1176 4104 Ἀλλος,
1217 4038 1321 4092 Ἔν
1352 4036 1513 4103 τόπῳ
1534 4034 1852 4102 Σειρήνων.

282 4126 393 4178 Καὶ
424 4123 814 4193 ἐπεκάλυψεν
847 4121 1005 4193 ἡμᾶς
1037 4123 1182 4177 σκιὰ
1218 4121 1499 4178 θανάτου.
1552 4119 1742 4181 "A110;
1772 4118 1858 4170 λέ-

282 4226 387 4277 γει,
434 4208 791 4277 Ἐπώμασας
816 4205 993 4275 ἡμᾶς.
1028 4205 1178 4277 Αὕτη
1206 4222 1296 4276 μοι
1319 4204 1470 4257 δοκεῖ
1500 4203 1534 4273 ή
1568 4202 1860 4257 ἀνταπόδο-

286 4312 366 4358 σις
389 4296 527 4366 πρὸς
552 4296 622 4348 τά
658 4296 770 4348 ἀνω
799 4290 937 4348 εἶναι
969 4306 1020 4358 ι,
1050 4296 1107 4347 ἐν
1135 4289 1216 4358 οἷς
1256 4293 1326 4347 τά
1363 4291 1511 4345 κακά
1548 4290 1859 4361 διηγοῦνται

286 4379 552 4448 λέγοντες,
593 4378 666 4432 Ἦ
687 4378 952 4446 αἰσχύνη
985 4376 1090 4430 τοῦ
1112 4373 1435 4444 προσώπου
1449 4392 1568 4444 μου
1591 4371 1861 4440 ἐκάλυψέ

291 4479 375 4529 με,
401 4461 524 4517 ἀπὸ
555 4460 760 4529 φωνῆς
785 4458 1174 4526 ὀνειδίζοντος
1197 4457 1297 4513 καί
1332 4454 1824 4520 καταλαλοῦντος
1843 4470 1856 4484 ·

294 4545 405 4598 Ὅτι
434 4543 842 4609 ἐταπείνωσας
868 4542 1045 4612 ἡμᾶς.

355 4672 418 4724 Εἰ
449 4670 633 4741 μέντοι
654 4670 788 4741 πρὸς
811 4669 892 4734 τὸ,
929 4666 1278 4732 Ἑξέκλινας
1303 4664 1408 4731 τὰς
1434 4666 1671 4734 τρίϐους
1697 4665 1865 4736 ἡμῶν

298 4756 404 4809 ἀπὸ
439 4755 554 4824 τῆς
576 4754 720 4809 ὁδοῦ
741 4770 881 4815 σου,
911 4752 1066 4805 λάϐοι
1090 4767 1170 4814 τις
1197 4750 1349 4815 αὐτὸ,
1380 4749 1615 4803 ἐνταῦθα
1640 4750 1865 4803 ἀκολου-

300 4837 410 4891 θίαν
437 4839 554 4909 ἔχει
583 4837 725 4891 κατά
753 4837 851 4907 τὴν
877 4836 1104 4896 ἔννοιαν,
1135 4835 1201 4904 ἢν
1224 4834 1547 4904 εἰρήκαμεν.
1572 4832 1732 4902 Δηλοῖ
1760 4836 1867 4903 γὰρ

302 4921 409 4984 1:13;
437 4924 503 4974 ἐκ
538 4919 648 4973 τῶν
675 4920 877 4990 τρίϐων
905 4918 1083 4971 αὐτῶν
1109 4915 1368 4971 ἀπώσατο
1400 4915 1617 4979 αὐτοὺς,
1644 4913 1744 4983 τῆς
1774 4931 1864 4966 πο-

301 5003 489 5068 λιτείας
534 5002 682 5072 λέγω
721 5004 817 5056 καὶ
848 5001 955 5055 τῶν
990 5002 1258 5072 νομίμων,
1299 4997 1362 5050 τὸ
1392 5000 1472 5061 εἰς
1500 4997 1700 5059 τόπους
1740 4998 1869 5066 ἐρή-

303 5104 425 5155 μους
476 5088 815 5153 ἀπαγαγεῖν,
884 5086 980 5138 καὶ
1039 5083 1240 5155 μεταξὺ
1294 5079 1569 5151 πολεμίων
1629 5079 1864 5147 ἀφεῖναι.

299 5172 461 5225 Τοῦτο
479 5170 593 5241 γάρ
617 5172 737 5223 ἐστι
756 5170 839 5233 τὸ,
873 5169 1210 5238 Ἐκάλυψεν
1233 5167 1390 5237 ἡμᾶς
1410 5166 1553 5219 σκιὰ
1575 5163 1832 5241 θανάτου
1853 5176 1864 5188 ·

300 5260 414 5319 τοὺς
444 5240 728 5318 κινδύνους
755 5253 930 5322 λέγων
945 5254 1070 5316 τοὺς
1092 5253 1318 5306 θάνατον
1349 5251 1653 5312 τίκτοντας,
1679 5248 1774 5301 καὶ
1792 5240 1870 5300 ὧν

305 5340 526 5413 πλησίον
548 5340 599 5392 οἱ
627 5339 872 5399 θάνατοι,
902 5335 1089 5407 ὥσπερ
1115 5336 1144 5376 ὃ
1176 5336 1271 5389 καὶ
1298 5334 1490 5397 ὠδῖνας
1521 5332 1753 5387 θανάτου
1778 5331 1871 5384 καὶ

304 5422 470 5487 πύλας
502 5423 634 5495 ᾆδον
667 5424 701 5493 ἡ
728 5421 926 5498 ,Γραφὴ
949 5419 1120 5474 καλεῖ.
1153 5419 1264 5472 Καὶ
1280 5417 1341 5471 τὸ
1368 5418 1605 5487 ἄφυκτον
1631 5414 1739 5469 τῶν
1759 5414 1869 5468 δει-

301 5508 400 5561 νῶν
426 5509 519 5563 διά
548 5524 608 5559 τε
646 5506 748 5575 τῆς
789 5505 946 5567 σκιᾶς
979 5505 1074 5557 καὶ
1099 5506 1197 5574 τῆς
1229 5500 1610 5571 ἐπικαλύψεως
1637 5498 1871 5552 ἐνταῦθα

299 5592 643 5665 παρίστησιν,
687 5587 807 5640 οὐδὲ
852 5588 1041 5655 ἥντινα
1078 5586 1318 5641 διάλυσιν
1357 5587 1556 5657 εὑρεῖν,
1592 5583 1710 5638 οὐδὲ
1742 5583 1870 5637 ἀνα-

354 5815 381 5847 ³
406 5817 550 5867 Alius
573 5816 809 5871 εἰρῆσθαι.

360 5879 385 5917 ³
403 5877 531 5941 Reg.
566 5868 882 5935 ὕέἷιόὗσπτρ.

611 5953 892 6036 Pyrum.
936 5950 1051 6012 Gn.
1104 5951 1225 6013 LV.

1933 704 2134 774 χεῖρας
2171 703 2339 774 ἡμῶν
2378 705 2526 773 πρὸς
2569 703 2717 758 Θεὸν
2749 705 3090 772 ἀλλότριον,
3126 706 3262 773 οὐχὶ
3298 708 3331 759 ό
3372 707 3516 773 Θεὸς

1933 790 2243 861 ἐκζητήσει
2270 791 2489 853 ταῦτα;
2513 790 2701 856 Αὐτὸς
2735 792 2843 860 γὰρ
2873 790 3155 860 γινώσκει
3194 791 3267 846 τὰ
3290 794 3514 862 κρύφια

1935 878 2044 944 τῆς
2065 879 2329 946 καρδίας.
2373 876 2545 931 Τοῦτο
2572 876 2797 931 οἰκετῶν
2828 878 3208 948 εὐγνωμόνων,
3241 878 3303 931 τὸ
3331 881 3518 944 κακῶς

1937 966 2242 1034 πάσχοντας
2267 965 2447 1035 μένειν
2474 963 2565 1015 τὸν
2614 962 2878 1033 δεσπότην
2911 963 3061 1036 [15η
3096 964 3514 1036 θεραπεύοντας·

1934 1052 2106 1105 ταῦτα
2122 1049 2434 1121 φιλοσοφίας
2449 1049 3039 1119 διδάγματα.Ἐνταῦθα
3055 1052 3145 1104 καὶ
3163 1052 3285 1115 τοὺς
3300 1053 3521 1106 ἀκούον-

1933 1155 2034 1200 τας
2062 1138 2396 1200 παιδεύουσι,
2425 1139 2499 1209 μὴ
2521 1137 2936 1209 ὑποκρίνεσθαι,
2966 1138 3083 1192 ἀλλ’
3110 1140 3167 1192 ἐν
3193 1139 3287 1211 ὅλῃ
3324 1141 3521 1213 καρδία

1936 1226 2026 1277 τὸν
2054 1226 2184 1280 Θεὸν
2214 1224 2556 1296 θεραπεύειν.
2582 1221 2718 1279 Οἵδε
2751 1224 2881 1295 γὰρ,
2914 1226 3070 1295 φησὶ,
3112 1224 3184 1279 τὰ
3208 1227 3519 1295 ἀπόῤῥῃτα

1937 1310 2047 1379 τῆς
2074 1312 2362 1378 διανοίας.
2393 1310 2579 1367 Ταῦτα
2612 1311 2669 1365 δὲ
2696 1311 2916 1379 λέγουσι
2964 1311 3256 1379 φοϐοῦντες
3294 1315 3517 1375 αὐτοὺς,

1937 1399 2079 1454 ῶστε
2120 1400 2286 1471 μηδὲν
2314 1398 2630 1468 λογίσασθαι
2669 1398 2887 1463 ἀνάξιον
2919 1400 3077 1453 Θεοῦ.
3116 1400 3262 1470 ’Ὀρα
3307 1402 3401 1454 καὶ
3424 1402 3521 1471 τὴν

1938 1487 2179 1541 ἐπίδοσιν
2223 1487 2426 1557 ἀρετῆς
2465 1486 2695 1557 πολλήν·
2733 1488 2929 1555 ἐπάγει
2981 1486 3092 1558 γὰρ
3134 1486 3311 1555 λέγων
3336 1507 3348 1521 ι
3402 1490 3521 1541 ’Ότι

1937 1577 2145 1631 ἕνεκεν
2175 1576 2292 1630 σοῦ
2323 1576 2733 1645 θανατούμεθα
2771 1575 2924 1642 ὅλην
2952 1575 3066 1643 τὴν
3093 1574 3320 1644 ἡμέραν
3343 1593 3356 1606 ·
3389 1574 3523 1628 ἑλο-

1939 1667 2231 1735 γίσθημεν
2264 1663 2344 1729 ώς
2379 1664 2643 1731 πρόϐατα
2684 1660 2949 1731 σφαγῆς.
2977 1662 3136 1731 Μέγα
3164 1662 3262 1732 μὲν
3300 1661 3410 1733 γὰρ
3431 1664 3523 1716 καὶ

1938 1749 2000 1803 τὸ
2034 1751 2215 1821 μένειν
2246 1749 2652 1821 θεραπεύοντας
2680 1750 2773 1802 τὸν
2815 1748 2969 1813 Θεὸν,
3001 1749 3096 1800 καὶ
3136 1748 3209 1819 μὴ
3249 1748 3385 1819 πρὸς
3416 1749 3525 1801 ἓτε-

1944 1855 2033 1910 ρον
2065 1838 2417 1908 ἀποπηδῆσαι
2442 1854 2457 1871 ο
2505 1836 2566 1890 τὸ
2611 1835 2679 1889 δὲ-
2700 1834 2879 1905 πολλῷ
2928 1835 3131 1905 μεῖζον,
3176 1835 3236 1889 τὸ
3286 1836 3524 1905 συνεχῶν

1942 1924 2190 1979 θανάτων
2215 1925 2308 1978 καὶ
2330 1922 2714 1995 καθημερινῶν
2742 1923 3003 1977 κινδύνων
3020 1922 3385 1993 ἐπικειμένων
3408 1923 3525 1975 δια-

1940 2011 2126 2081 τηρεῖν
2167 2008 2267 2078 τὴν
2318 2008 2575 2077 τοιαύτην
2630 2006 2873 2078 ἀγάπην.
2925 2006 3035 2059 Καὶ
3091 2006 3346 2074 ἐννόησον
3402 2005 3524 2058 ὅσον

1942 2095 2259 2165 φιλοσοφίας
2288 2091 2428 2158 εἶδός
2460 2096 2630 2158 ἐστιν,
2662 2094 2797 2147 ὅπου
2830 2109 2892 2160 γε
2924 2093 3019 2147 καὶ
3061 2095 3089 2145 ὁ
3123 2092 3335 2155 Παῦλος
3374 2093 3523 2162 αὐτῷ

1943 2180 2241 2250 κέχρηται,
2278 2177 2376 2242 τάς
2417 2177 2645 2247 νιφάδας
2674 2176 2784 2230 τῶν
2834 2175 3212 2230 ἀποστολικῶν
3264 2176 3526 2230 κινδύνων

1942 2266 2423 2339 ἀπαριθμούμενος
2471 2267 2527 2319 ἐν
2571 2268 2638 2337 τῇ
2687 2264 2826 2336 πρὸς
2885 2264 3190 2335 Ῥωμαίους
3244 2265 3522 2336 ἐπιστολῇ.

1945 2357 2135 2408 Πόσων
2162 2351 2255 2409 οὖν
2290 2354 2355 2408 ἂν
2387 2350 2499 2407 εἶεν
2529 2352 2669 2417 ἀξιοι
2699 2351 2981 2422 στεφάνων
3010 2344 3179 2417 οὗτοι,
3217 2352 3346 2405 ὅταν
3372 2352 3429 2403 ἐν
3459 2354 3525 2421 τῇ

1947 2443 2161 2512 Παλαιᾷ
2188 2441 2485 2511 φαίνωνται
2513 2440 2648 2512 πρὸς
2677 2438 2738 2492 τὸ
2769 2439 2965 2510 μέτρον
3003 2438 3307 2508 φθάσαντες
3332 2438 3440 2490 τῶν
3469 2438 3527 2489 ἐν

1943 2532 2009 2599 τῇ
2051 2530 2224 2599 Καινῇ
2260 2527 2689 2598 ἁγωνισμάτωνς
2742 2528 2807 2579 Ὂ
2858 2526 2967 2598 γάρ
3012 2544 3175 2596 φησιν
3214 2528 3243 2579 ὁ
3279 2525 3487 2589 Παῦλος
3510 2565 3524 2585 ς

1947 2618 2082 2669 Καθ’
2118 2614 2349 2683 ἡμέραν
2376 2612 2769 2679 ἀποθνήσκω,
2803 2612 2959 2666 τοῦτο
2992 2614 3086 2666 καὶ
3115 2607 3279 2680 οὗτοι,
3311 2613 3429 2683 οὐχὶ
3459 2614 3525 2683 τῇ

1949 2698 2131 2769 πείρᾳ,
2161 2695 2285 2749 οὔτε
2316 2695 2393 2765 τῷ
2421 2696 2600 2758 τέλει,
2633 2696 2767 2749 ἀ).λά
2796 2700 2862 2767 τῇ
2895 2696 3111 2769 γνώμῃ.
3138 2697 3235 2749 Διά
3259 2697 3311 2749 τί
3336 2696 3391 2748 δέ
3425 2713 3528 2764 φη-

1948 2800 2053 2845 σιν,
2088 2785 2337 2836 Ἕνεκεν
2380 2782 2535 2847 σοῦ;
2564 2782 2688 2835 Ὅτι
2725 2782 2852 2853 ἐξῆν
2882 2784 3033 2853 ἡμῖν,
3076 2784 3242 2852 φησὶ,
3292 2782 3525 2852 μετατά-

1951 2870 2164 2937 ξασθαι,
2187 2872 2283 2924 καὶ
2302 2872 2519 2940 ἀφεῖναι
2542 2870 2641 2941 τὴν
2661 2869 2920 2942 πατρῴαν
2942 2870 3237 2935 πολιτείαν,
3268 2887 3360 2923 και
3388 2863 3527 2922 εἶναι

1948 2962 2006 3012 ἐν
2032 2958 2300 3029 ἀσφαλείᾳ
2324 2973 2337 2986 ο
2366 2957 2480 3009 ἀλλ’
2511 2957 2811 3028 αἱρούμεθα
2832 2958 3063 3028 πάσχειν
3090 2957 3274 3019 κακῶς
3308 2956 3525 3026 μᾶλλον,

1951 3048 2045 3099 καὶ
2073 3046 2139 3098 τά
2166 3044 2395 3115 πατρῷα
2427 3044 2734 3112 φυλάττειν,
2766 3043 3049 3117 ῆίεἰρήνης
3077 3042 3367 3096 ἀπολαύειν
3393 3041 3531 3113 μετά

1950 3135 2010 3187 τὸ
2042 3134 2150 3188 τῶν
2189 3132 2457 3203 πατρῴων
2492 3133 2769 3185 ἐκπεσεῖν.
2810 3131 3247 3199 Ἐλογίσθημεν
3283 3130 3365 3195 ὠς
3397 3128 3532 3196 πρό-

1953 3226 2099 3276 ϐατα
2145 3219 2407 3290 σφαγῆς.
2446 3220 2633 3283 Οῦτως
2666 3219 2813 3289 ἡμᾶς
2843 3216 3081 3279 εὐκόλως
3106 3256 3120 3280 ,
3153 3217 3338 3287 φησὶν,
3379 3216 3530 3269 ἀναι-

1952 3309 2159 3380 ροῦσιν.
2213 3306 2476 3361 Ἐνταῦθα
2513 3306 2571 3360 δέ
2608 3305 2703 3358 καὶ
2717 3304 2813 3375 τὴν
2838 3303 3136 3358 ἐπιείκειαν
3157 3302 3339 3357 αὐτῶν
3366 3302 3533 3355 ἐνδεί-

1954 3414 2166 3450 κνυται.
2213 3393 2350 3447 Ἀλλ’
2378 3394 2526 3464 ὅμως
2547 3393 2721 3454 οὕτως
2755 3390 2993 3454 εὐκόλως
3030 3390 3401 3462 προκείμενοι,
3435 3388 3535 3459 μὲ-

1954 3501 2117 3555 νομεν
2150 3481 2545 3552 ἀπερίτρεπτον
2586 3479 2685 3550 τὴν
2714 3477 2939 3549 γνώμην
2984 3477 3221 3548 ἔχοντες.
3271 3477 3534 3531 Ἐνταῦθα

1956 3572 2050 3625 καὶ
2079 3570 2172 3623 τοῦ
2202 3567 2337 3621 Θεοῦ
2362 3567 2458 3639 τὴν
2488 3565 2717 3637 δύναμιν
2745 3564 2893 3631 ἀξιον
2921 3564 3278 3635 ἐκπλαγῆναι,
3306 3566 3388 3619 ὄτι
3410 3566 3534 3628 τοὺς

1957 3657 2098 3711 οὕτω
2124 3655 2519 3729 προκειμένους
2549 3653 2625 3717 ὡς
2669 3653 2920 3726 πρόϐατα
2968 3654 3182 3721 σφαγῆς
3222 3652 3533 3722 διετήρησε,

1959 3745 2052 3797 καὶ
2083 3743 2201 3796 καθ’
2242 3741 2457 3812 ἡμέραν
2486 3739 2931 3810 ἀποθνήσκοντας
2973 3739 3072 3791 οὐκ
3104 3739 3316 3809 ἀφῆκεν
3364 3741 3539 3808 ἐμπε-

1962 3834 2071 3882 σεῖν
2100 3832 2177 3893 εἰς
2204 3829 2454 3882 θάνατον.
2503 3825 2898 3897 Ἑξεγέρθητι,
2928 3826 3031 3880 ἵνα
3070 3824 3127 3879 τί
3161 3824 3396 3889 ὑπνοῖς,
3424 3825 3538 3877 Κύ-

1952 3936 2076 3987 ριε;
2110 3919 2300 3981 Ἀλλος
2340 3917 2525 3989 φησὶν,
2563 3916 2693 3969 Ἵνα
2730 3915 2787 3967 τί
2821 3915 2902 3976 ώς
2947 3912 3158 3968 ὑπνῶν
3192 3909 3281 3978 εἷ;
3324 3912 3535 3975 Ἀλλος,

1974 4006 2418 4073 Ἐξυπνίσθητι.
2452 4002 2662 4065 Ἀλλος,
2715 4000 3076 4063 Ἐξύπνισον
3105 4010 3152 4052 ο.
3200 3997 3536 4064 Ἀνάστηθι,

1963 4092 2059 4145 καὶ
2086 4090 2171 4159 μὴ
2201 4088 2413 4157 ἀπώσῃ
2463 4090 2549 4153 εις
2579 4086 2772 4151 τέλος.
2824 4086 2959 4139 Ἵνα
3006 4085 3062 4137 τί
3103 4083 3168 4135 τὸ
3216 4082 3541 4148 πρόσωπόν

1964 4195 2080 4233 σου
2114 4174 2545 4243 ἀποστρέφειςς
2589 4172 2848 4242 Ἕτερος,
2896 4170 3214 4238 Κρύπτεις.
3263 4168 3542 4220 Ἐπιλαν-

1966 4265 2117 4332 θάνῃ
2141 4262 2250 4331 τῆς
2266 4262 2561 4329 πτωχείας
2585 4258 2755 4327 ἡμῶν
2788 4257 2885 4310 καί
2912 4255 3021 4328 τῆς
3044 4256 3303 4322 θλίψεως
3333 4253 3501 4323 ἡμῶν
3522 4270 3539 4317 ;

1970 4351 2159 4414 Ἀλλος
2183 4392 2201 4413 ,
2241 4346 2353 4417 Τῆς
2400 4347 2615 4411 κακίας
2658 4342 2859 4413 ἡμῶν;
2911 4345 2975 4395 Ὃ
3006 4342 3062 4395 δὲ
3109 4342 3258 4409 λέγει
3298 4339 3542 4393 τοιοῦτόν

1966 4441 2131 4492 ἐστιν’
2166 4436 2401 4490 Δύνασαι
2424 4432 2585 4486 λῦσαι
2614 4432 2681 4484 τὰ
2705 4429 2880 4483 κακά·
2910 4429 3031 4481 οὐδὲ
3064 4429 3172 4500 γὰρ
3205 4427 3355 4499 παρά
3384 4426 3545 4480 ἀσθέ-

1967 4542 2114 4579 νειαν
2143 4524 2240 4595 σὴν
2277 4521 2449 4575 ταῦτα
2483 4521 2722 4588 γίνεται,
2758 4517 2893 4570 ἀλλά
2933 4516 3084 4588 παρὰ
3114 4516 3210 4587 τὴν
3261 4514 3544 4586 συγχώρη-

1971 4628 2072 4666 σιν.
2120 4612 2327 4664 Ὕπνον
2373 4607 2481 4678 γάρ
2529 4606 2762 4659 ἐνταῦθα
2809 4605 2907 4676 τὴν
2961 4604 3191 4675 ἡσυχίαν
3240 4604 3408 4674 φησὶ,
3450 4604 3544 4657 καὶΙ

1970 4699 2263 4753 ἀνάστασιν
2308 4698 2406 4767 τὴν
2449 4694 2820 4754 ἀνταπόδοσιν,
2863 4691 2956 4745 καὶ
2993 4692 3280 4762 πρόσωπον
3310 4688 3408 4761 τὴν
3448 4690 3538 4742 ἀν-

1969 4787 2218 4855 τίληψιν,
2264 4783 2362 4856 τὴν
2401 4783 2690 4855 πρόνοιαν,
2721 4780 2819 4852 τὴν
2859 4779 3218 4850 κηδεμονίαν,
3267 4778 3366 4849 τὴν
3410 4794 3545 4847 συμ-

1978 4876 2195 4948 μαχίαν.

2042 4965 2239 5017 θ’.Ἷνα
2262 4962 2321 5015 τί
2346 4956 2713 5026 ἐπιλανθάνῃ
2735 4956 2842 5026 τῆς
2868 4956 3158 5025 πτωχείας
3185 4953 3384 5023 ἡμῶν;
3405 4954 3548 5023 Ὅρα

1974 5052 2135 5106 πάλιν
2169 5046 2724 5119 εὐγνωμοσύνην.ούκ
2749 5041 2888 5106 εἷπε,
2921 5043 3043 5096 Τῶν
3066 5042 3505 5111 κατορθωμάτων
3531 5058 3542 5070 σ

1974 5141 2072 5193 οὐκ
2101 5135 2221 5191 εἶπε
2240 5180 2254 5205 ,
2288 5135 2398 5207 Τῆς
2419 5134 2824 5205 ἀπεριτρέπτου
2856 5130 3078 5201 γνώμης
3098 5147 3112 5160 ν
3147 5131 3248 5181 οὐκ
3274 5126 3415 5188 εἷπε,
3435 5128 3548 5197 Τῆς

1975 5230 2032 5280 ἐν
2092 5226 2417 5297 πειρασμοῖς
2453 5219 2876 5291 δοκιμασθείσης
2921 5218 3134 5287 ψυχῆς·
3167 5215 3283 5269 ἀλλ’
3328 5216 3416 5267 ὅτε
3450 5216 3548 5285 μὲν

1977 5317 2117 5389 ὑπὲρ
2150 5314 2358 5370 ἑαυτῶν
2386 5310 2799 5380 ἀπολογοῦνται,
2830 5310 3011 5361 ἐκεῖνα
3040 5306 3275 5360 τιθέασιν
3295 5318 3309 5333 ⁸
3338 5304 3467 5358 ὅταν
3494 5303 3551 5358 δὲ

1974 5406 2073 5476 τὴν
2109 5402 2426 5475 συμμαχίαν
2465 5398 2719 5470 ζητῶσιν,
2762 5398 2853 5466 ἀφ’
2902 5390 2972 5448 ὧν
3017 5397 3065 5447 οἱ
3099 5392 3416 5456 κατάδικοι,
3444 5393 3552 5447 ἀπὸ

1977 5495 2178 5549 τούτων
2207 5491 2415 5556 ἀξιοῦσι
2443 5486 2731 5551 σώζεσθαι.
2768 5483 2986 5552 Ἐπειδὴ
3012 5482 3168 5551 δίκην
3198 5481 3406 5550 ἔδοσαν,
3446 5500 3546 5552 φη-

1980 5584 2081 5649 σὶν,
2106 5579 2292 5649 ἐπειδὴ
2316 5578 2385 5630 τὰ
2416 5576 2616 5644 ἔσχατα
2650 5570 2971 5627 πεπόνθασι.
3004 5568 3173 5623 Τοῦτο
3212 5571 3305 5624 καὶ
3343 5570 3552 5633 Παῦλος

1979 5669 2120 5723 ποιεῖ
2145 5666 2421 5726 πολλάκις,
2444 5663 2537 5716 καὶ
2561 5662 2738 5730 ἕτεροι
2764 5658 2871 5711 τῶν
2898 5656 3214 5729 προφητῶν.
3247 5659 3359 5712 Καὶ
3376 5657 3551 5711 ταῦτα

2052 5871 2075 5904 ε
2104 5868 2238 5925 Unus
2263 5868 2529 5925 ἑξύπνησον.

3174 5922 3238 5981 ll
