4084 6278
506 392 542 445 Ti
554 390 615 444 8i

508 503 697 574 ἔλεγον
720 496 882 569 οῦτοι,
907 505 1116 558 οὐδέπω
1139 504 1264 577 περὶ
1280 504 1503 574 γεέννης
1541 502 1741 565 εἰδότες
1769 500 1938 561 οὐδὲν,
1963 496 2085 550 οῦδὲ

517 607 642 673 περὶ
674 601 967 669 βασιλείας,
989 604 1106 656 οὐδὲ
1129 603 1352 657 τοιαῦτα
1383 600 1720 671 διδαχθέντες
1758 597 2087 667 φιλοσοφεῖν,

476 696 477 699 ’
515 697 535 770 Ῐ
550 698 668 769 1581
688 700 779 752 καὶ
796 700 974 754 πάντα.
992 699 1185 771 ἔφερον
1210 699 1426 770 ῥᾳδίως.
1460 698 1589 751 ’Ότι
1615 693 1975 761 ἐταπεινώθη
2004 694 2091 758 εἰς

513 797 667 865 χοῦν
700 799 737 866 ἡ
765 797 935 867 ψυχὴ
958 797 1125 867 ἡμῶν
1146 815 1159 829 ·
1186 798 1488 864 ἐκολλήθη
1529 799 1615 861 εὶς
1648 795 1768 865 γῆν
1799 796 1837 864 ὴ
1860 794 2091 865 γαστὴρ

514 888 701 958 ἡμῶν.
722 889 934 960 Ἐπειδὴ
946 890 1053 962 γὰρ
1066 884 1237 944 εἶπενυ
1256 887 1652 955 Ἐπιλανθάνῃ
1672 886 1780 955 τῆς
1796 885 2091 954 πτωχείας

516 983 683 1052 ἡμῶν
705 1000 719 1014 '
761 985 1046 1049 τουτέστι,
1078 986 1177 1055 τῆς
1223 983 1518 1048 κακώσεως
1538 1024 1552 1047 ,
1595 983 1744 1051 λέγει
1774 982 1964 1037 λοιπὸν
1990 983 2088 1052 τὴν

514 1080 778 1133 κάκωσιν.
834 1082 897 1134 Ὃ
937 1081 993 1134 δὲ
1034 1081 1204 1150 λέγει,
1259 1079 1419 1134 τοῦτό
1462 1082 1626 1133 ἐστιν·
1677 1078 2086 1148 Ἀπολώλαμεν,

516 1169 931 1240 κατωρύγημεν,
965 1169 1071 1224 τῶν
1093 1169 1302 1241 νεκρῶν
1329 1171 1480 1223 οὐδὲν
1505 1170 1726 1239 ἄμεινον
1745 1167 2084 1240 διακείμεθα.

498 1266 747 1328 Δικαίως
772 1265 816 1318 δ’
838 1265 902 1318 ἄν
932 1283 1015 1330 τις
1036 1267 1179 1320 είποι
1206 1268 1299 1322 καὶ
1327 1266 1437 1321 τῶν
1460 1268 1573 1329 τοῖς
1594 1265 1831 1338 παροῦσι
1859 1281 2089 1337 προστε-

492 1362 757 1431 ,τηκότων
779 1362 876 1434 τὴν
896 1362 1094 1435 ψυχὴν,
1123 1360 1203 1428 εἰς
1232 1362 1360 1434 χοῦν
1385 1362 1832 1428 τεταπεινῶσθαι,
1864 1361 2090 1416 καὶτῶν

508 1460 942 1531 γαστριμάργων
1002 1461 1083 1523 εἰς
1140 1459 1238 1532 τὴν
1286 1461 1390 1531 γῆν
1450 1458 1549 1529 τὴν
1601 1459 1845 1530 γαστέρα
1892 1457 2086 1513 κεκολ-

515 1554 729 1624 λῆσθαι.

584 1655 695 1707 Καὶ
728 1656 835 1726 γάρ
858 1658 887 1710 6
922 1654 1085 1726 ἔρωτι
1110 1654 1552 1725 προσδεδεμένος,
1576 1654 1671 1707 καὶ
1696 1653 1831 1725 πρὸς
1860 1652 1950 1706 τὸν
1983 1670 2088 1722 πη-

514 1750 604 1802 λὸν
632 1750 899 1821 κεχηνὼς,
930 1751 1023 1805 καὶ
1043 1751 1140 1821 τὴν
1168 1750 1457 1821 ἀσώματον
1482 1748 1711 1820 δύναμιν
1731 1750 1830 1819 τὴν
1852 1750 1909 1803 ἐν
1938 1747 2088 1821 αὐτῷ

512 1845 857 1899 καταδουλῶν
880 1848 945 1918 τῇ
970 1845 1168 1917 σποδῷ,
1195 1845 1425 1909 εἰκότως
1460 1845 1526 1899 ἂν
1548 1845 1722 1899 ταῦτα
1743 1845 1953 1914 λέγοιτο
1984 1846 2088 1899 πά-

518 1958 685 2011 σχειν.
733 1940 799 1993 Τί
840 1941 950 2013 γάρ
987 1944 1135 1996 ἐστιν
1165 1943 1292 1997 ἀλλο
1331 1942 1529 2007 κάλλος
1567 1942 1852 2014 σώματος,
1897 1943 2010 1998 ἀλλ’
2052 1942 2085 2013 ἢ

515 2036 643 2105 χοῦς
678 2037 771 2091 καὶ
800 2037 969 2108 πηλὸς
992 2079 1007 2104 ,
1044 2038 1244 2108 μᾶλλον
1293 2039 1350 2091 δὲ
1385 2039 1477 2092 καὶ
1504 2038 1712 2095 τούτων
1752 2040 2087 2111 εἰδεχθέστε-

516 2118 643 2204 ρον;
678 2134 741 2187 Εἰ
782 2133 839 2187 δὲ
872 2134 1138 2199 ἀπιστεῖς,
1192 2135 1556 2207 περιεργάζου
1582 2138 1710 2201 τοὺς
1742 2137 1949 2208 τάφους
1977 2135 2087 2191 τῶν

510 2228 838 2300 ἀνθρώπων,
873 2231 969 2284 καὶ¹
995 2231 1116 2302 ὄψει
1142 2232 1232 2287 τὸν
1260 2233 1430 2302 πηλὸν
1458 2234 1554 2287 καὶ
1579 2234 1680 2305 τὴν
1711 2233 1880 2288 κόνιν.
1914 2234 2084 2286 Ὅταν

512 2326 622 2397 γὰρ
643 2327 914 2397 ἀποθῆται
934 2327 994 2381 τὸ
1025 2329 1317 2399 πρόσωπον
1343 2330 1442 2400 τὴν
1465 2329 1748 2398 παροῦσαν
1768 2329 1934 2401 ζωὴν,
1965 2333 2087 2385 τότε

515 2423 765 2491 φαίνεται
787 2425 924 2493 ὅπερ
953 2425 1100 2476 ἐστί·
1132 2424 1330 2495 μᾶλλον
1350 2425 1406 2477 δὲ
1426 2426 1521 2478 καὶ
1550 2425 1654 2496 πρὸ
1678 2426 1777 2498 τῆς
1806 2428 2084 2500 τελευτῆς.

516 2517 687 2572 Ὅταν
714 2518 823 2588 γὰρ
842 2519 904 2571 τὸ
929 2519 1105 2589 γῆρας
1131 2518 1354 2591 ἐπέλθῃ,
1387 2521 1515 2573 ὅταν
1537 2521 1569 2591 ή
1594 2521 1749 2585 νόσος
1780 2523 2085 2598 ἐπισκήψῃ,

516 2613 637 2668 τότε
665 2614 786 2685 ὄψει
818 2615 880 2668 τὸ
915 2617 1238 2686 φαινόμενον
1259 2634 1270 2645 ·
1301 2616 1473 2686 πηλὸς
1505 2618 1614 2687 γάρ
1648 2619 1796 2672 ἐστιν
1820 2637 1834 2650 ·
1868 2621 1985 2676 ἀλλ’
2012 2623 2088 2685 ὡς

521 2710 683 2781 σοφὸς
707 2710 1057 2783 δημιουργὸς,
1083 2712 1175 2766 καὶ
1204 2712 1263 2777 ἐξ
1284 2712 1534 2778 εὐτελοῦς
1565 2713 1697 2785 ὕλης
1722 2716 1917 2781 κάλλος
1950 2718 2088 2788 ἀμή-

518 2825 677 2878 χανον
706 2809 958 2879 ἐποίησεν
983 2809 1353 2877 ἐπιγενέσθαι,
1383 2809 1480 2879 οὐχ
1509 2810 1596 2863 ἴνα
1623 2812 1947 2886 πορνεύσῃς,
1972 2813 2087 2867 ἀλλ’

516 2904 604 2959 ῖνα
630 2905 730 2975 τῆς
744 2906 949 2968 οἰκείας
976 2906 1166 2974 σοφίας
1190 2904 1463 2971 ἀπόδειξίν
1493 2923 1574 2959 σοι
1596 2908 1963 2980 παράσχηται.
1996 2912 2087 2983 Μὴ

514 3001 695 3055 τοίνυν
741 3000 969 3072 ὑϐρίσῃς
1001 2999 1093 3053 τὸν
1131 3000 1399 3071 τεχνίτην,
1445 3001 1579 3072 μηδέ
1613 3004 1675 3056 τὸ
1715 3004 1875 3076 ἔργον
1923 3008 2087 3063 αὑτοῦ

516 3099 618 3168 τῆς
642 3098 852 3168 σοφίας,
888 3096 1175 3164 ἀσελγείας
1203 3098 1297 3150 καὶ
1328 3099 1582 3168 πορνείας
1621 3100 1876 3156 ὑπόθεσιν
1907 3104 2085 3160 ποιοῦ.

518 3195 695 3265 Μέχρι
739 3193 993 3248 τοσούτου
1028 3193 1272 3264 θαύμαζε
1310 3194 1411 3265 τὴν
1449 3194 1622 3267 ὤραν,
1671 3197 1833 3270 μέχρι
1873 3200 1966 3253 τοῦ
2006 3202 2093 3256 δο-

518 3291 679 3356 ξάσαι
711 3292 802 3345 τὸν
832 3292 1100 3362 τεχνίτην,
1144 3291 1457 3363 περαιτέρω
1496 3292 1553 3345 δέ
1594 3294 1668 3366 μὴ
1700 3296 1989 3370 προέλθῃς,
2029 3300 2093 3353 τὸ

520 3386 690 3451 πάθος
727 3386 982 3456 ἀλείφων.
1014 3387 1193 3441 Καλὸν
1223 3388 1282 3441 τὸ
1304 3386 1462 3460 ἔργον
1485 3406 1499 3421 ο
1527 3389 1721 3446 οὐκοῦν
1739 3393 1829 3447 τὸν
1854 3395 2092 3465 ἐργασά-

525 3499 683 3553 μενον
730 3487 1082 3553 προσκυνεῖν,
1128 3484 1243 3538 ἀλλ⁹
1286 3485 1383 3555 οὐχ
1434 3484 1675 3557 ὑϐρίζειν
1718 3490 1845 3562 χρή.
1890 3492 1957 3545 Εἴ
1983 3510 2089 3561 τις,

525 3576 645 3629 εἰπέ
678 3594 788 3647 μοι,
833 3579 1070 3648 χρυσοῦν
1093 3581 1384 3653 ἀνδριάντα
1413 3583 1559 3647 τινὸς
1604 3585 1698 3637 καὶ
1723 3585 1908 3640 εἰκόνα
1939 3586 2093 3657 βασι-

520 3673 681 3746 λικὴν
707 3671 905 3737 λαϐὼν,
934 3677 1234 3747 κατῄσχυνε
1269 3677 1514 3750 βορϐόρῳ
1554 3681 1647 3734 καὶ
1681 3681 1887 3754 ἑτέροις
1919 3684 2092 3738 τοιού-

522 3786 669 3833 τοις.
696 3770 796 3823 οὐκ
832 3769 898 3823 ἀν
936 3771 1034 3842 τὴν
1078 3774 1312 3845 ἐσχάτην
1360 3777 1527 3831 ἔδωκε
1556 3778 1744 3850 δίκην;
1785 3781 1932 3835 Εἰδέ
1963 3785 1992 3837 6
2033 3784 2092 3837 ὲν

521 3868 633 3930 τοῖς
677 3866 1034 3938 ἀνθρωπίνοις
1088 3880 1113 3909 ι
1168 3868 1437 3942 ἀγνώμων
1489 3874 1755 3943 τοσαύτης
1794 3877 2117 3945 ὑπεύθυνόςι

522 3968 639 4019 ἐστι
668 3965 963 4036 τιμωρίας,
998 3968 1025 4019 6
1066 3966 1128 4020 rb
1169 3966 1329 4038 ἔργον
1363 3970 1455 4024 τοῦ
1486 3971 1621 4025 Θεοῦ
1661 3973 1899 4049 τοσαύτῃ
1934 3994 2093 4048 περι-

516 4060 700 4117 ϐαλὼν
735 4060 931 4134 ἀτιμίᾳ
956 4101 972 4127 ,
1005 4063 1059 4116 τί
1092 4064 1338 4119 πείσεται
1364 4105 1379 4130 ,
1424 4068 1519 4123 καὶ
1553 4069 1786 4139 μάλιστα
1829 4071 1957 4126 ὅταν
2000 4074 2094 4126 καὶ

521 4161 753 4226 γυναῖκα
794 4158 933 4228 ἔχων
966 4160 1221 4231 φαίνηται
1259 4162 1288 4214 6
1319 4162 1490 4217 ταῦτα
1524 4165 1692 4219 ποιῶν
1733 4166 1803 4233 1’;
1852 4168 1944 4240 Μὴ
1985 4170 2093 4241 γάρ

525 4270 613 4322 μοι
640 4254 764 4323 λέγε
793 4255 893 4326 τῆς
927 4254 1142 4324 φύσεως
1170 4258 1269 4328 τὴν
1315 4258 1630 4330 ἐπιθυμίαν.
1665 4259 1765 4313 Διά
1790 4261 1948 4315 τοῦτο
1986 4264 2093 4334 γὰρ

522 4348 696 4417 γάμος
742 4351 1058 4423 ἐπετράπη,
1102 4353 1190 4407 ἵνα
1239 4354 1313 4425 μὴ
1363 4355 1505 4425 πέρα
1552 4353 1661 4407 τῶν
1692 4355 1907 4410 οἰκείων
1952 4358 2093 4427 ὅρων

523 4442 841 4514 προϐαίνῃς.
888 4445 998 4498 Θέα
1043 4447 1151 4518 γὰρ
1183 4448 1315 4519 ὅσης
1348 4449 1496 4513 ἄξιος
1553 4449 1648 4521 ἐσῃ
1698 4451 1984 4522 τιμωρίας.
2036 4453 2094 4507 ’0

526 4536 625 4604 μὲν
645 4537 752 4610 γὰρ
780 4540 911 4603 Θεὸς
940 4542 1033 4595 καὶ
1058 4543 1158 4612 τῆς
1188 4544 1545 4610 ἀναπαύσεώς
1573 4564 1666 4600 σου
1695 4548 1788 4601 καὶ
1816 4548 1914 4620 τῆς
1938 4549 2095 4620 δόξης

524 4634 870 4704 προενόησεν,
897 4635 983 4689 ἵνα
1013 4638 1106 4691 καὶ
1134 4637 1366 4710 ἐκλύσῃς
1395 4640 1493 4712 τὴν
1520 4641 1713 4697 λύτταν
1743 4644 1843 4715 τῆς
1882 4645 2096 4715 φύσεως

522 4727 610 4781 διὰ
657 4728 759 4800 τῆς
797 4732 1056 4797 γυναικὸς
1079 4771 1094 4795 ,
1128 4735 1223 4787 καὶ
1266 4735 1563 4801 ἀκινδύνως
1593 4738 1749 4793 τοῦτο
1784 4743 1971 4811 ποιῇς,
2001 4744 2090 4796 καὶ

524 4824 705 4897 πάσης
735 4826 1053 4899 ἀπαλλαγῇς
1081 4829 1485 4900 ἀσχημοσύνης.
1517 4833 1588 4886 Σὺ
1620 4834 1678 4887 δὲ
1707 4836 1797 4889 τὸν
1825 4838 1966 4892 οὕτω
2001 4857 2092 4893 σου

524 4923 856 4996 προνοοῦντα
879 4925 944 4979 ἐκ
965 4928 1278 4999 περιουσίας
1303 4928 1577 4999 ὐϐρίζεις;
1606 4932 1741 4986 Εἰπὲ
1770 4936 1878 5007 γάρ
1907 4954 2017 5007 μοι,
2046 4941 2094 4992 εί

525 5022 600 5093 μὴ
626 5021 893 5095 ἐϐουλήθη
928 5022 1295 5094 νομοθετῆσαι
1332 5026 1530 5096 γάμον,
1560 5027 1732 5098 πόσην
1766 5029 1832 5083 ἂν
1858 5032 2095 5103 ὑπέστης

524 5116 676 5188 βίαν;
723 5119 896 5191 πόσην
933 5119 1184 5185 κόλασιν;
1224 5121 1352 5175 Δέον
1386 5115 1478 5174 οὖν
1529 5138 1587 5174 σε
1629 5124 1969 5195 εὐχαριστεῖν
2001 5130 2096 5184 καί¹

522 5212 780 5280 δοξάζειν,
809 5217 891 5269 ὃτι
920 5215 982 5269 τὸ
1009 5214 1170 5268 πλέον
1192 5215 1497 5286 ὑπετέμετό
1522 5234 1604 5270 σοι
1629 5218 1737 5272 τῶν
1767 5221 1964 5287 πόνων,
1992 5243 2097 5279 πα-

525 5313 790 5383 ραμυθίαν
822 5313 883 5367 ού
922 5312 1019 5387 τὴν
1051 5312 1319 5384 τυχοῦσαν
1351 5314 1645 5386 ἐπινοήσας
1667 5357 1681 5382 ,
1712 5318 1777 5371 σὺ
1798 5317 1855 5372 δὲ
1886 5320 2096 5394 ἐνυϐρί-

398 5436 408 5445 ι
523 5404 636 5470 ζεις
664 5409 1012 5481 ἀγνωμόνως,
1028 5410 1121 5465 καὶ
1140 5412 1536 5481 ἀναισχυντεῖς,
1556 5412 1789 5478 καὶτοὺς
1813 5417 2096 5487 κειμένους

525 5499 866 5569 ὑπερϐαίνεις
880 5505 1029 5580 [159]
1048 5507 1226 5579 ὄρους,
1261 5509 1353 5561 καὶ
1377 5507 1473 5579 τὴν
1496 5509 1688 5563 ἐαυτοῦ
1719 5515 2095 5586 καταισχύνεις

586 5660 612 5733 ς
648 5656 842 5733 ¹τοῖς
864 5662 1121 5733 ἀνθρώποις
1142 5666 1268 5727 Reg.

584 5718 784 5790 b_(‘.0|_b.
829 5718 1024 5779 γυναῖκα
1064 5718 1167 5787 ἔχῃ,
1218 5718 1339 5791 Reg.
1392 5728 1483 5779 651
1514 5732 1626 5781 ὅταν
1660 5737 1855 5795 γυναῖκα
1879 5739 1905 5785 ὁ
1948 5739 2095 5789 ταῦτα

525 5795 675 5827 ποιων
690 5796 928 5837 κεκτηται.

1256 391 1313 446 5.
1350 387 1633 444 JOANNIS
1671 380 2090 441 CllliYSOSTOI

2202 383 2513 442 ARCHIEP.
2556 390 3097 447 CUNSTANTRNOP.

3642 394 3765 448 "£82

2192 496 2385 567 δόξαν;
2416 502 2527 556 Οὐκ
2556 504 2773 568 ἀκούεις
2812 504 3025 559 Παύλου
3058 504 3302 574 λέγοντος
3332 505 3426 558 καὶ
3447 504 3560 572 νῦν,
3587 508 3679 561 καὶ
3707 511 3766 566 ἐν

2192 593 2269 664 τῷ
2300 597 2449 669 μέσῳ
2489 597 2753 668 βοῶντος,
2785 601 3037 669 Φεύγετε
3067 600 3180 669 τὴν
3207 602 3491 669 πορνείαν
3516 644 3529 666 ,
3566 604 3767 673 μᾶλλον

2191 690 2248 744 δὲ
2292 691 2386 744 τοῦ
2424 693 2661 765 Χριστοῦ
2701 693 2795 747 τοῦ
2832 694 2930 766 τὴν
2980 695 3190 749 ἐκείνου
3232 694 3410 766 ψυχὴν
3453 696 3763 769 κινοῦντοςς

2192 788 2256 842 Τί
2282 789 2717 861 καταμανθάνεις
2765 791 2960 856 κάλλος
2995 790 3307 864 ἀλλότριον;
3343 792 3396 846 τί
3425 797 3767 871 περιεργάζῃ

2192 884 2481 956 πρόσωπον
2514 885 2574 937 οὐ
2610 884 2741 950 σὸν;
2790 885 2845 939 τί
2883 887 3024 958 φέρῃ
3062 886 3206 940 κατά
3235 888 3529 958 κρημνῶν;
3572 891 3626 943 τί
3652 895 3766 956 τοῖς
3832 920 3841 925 ι

2191 977 2430 1043 δικτύοις
2456 980 2748 1050 ἐμϐάλλεις
2771 982 2968 1034 σαυτόν
2990 999 3005 1048 ;
3036 982 3285 1053 Τείχισόν
3317 1000 3408 1036 σου
3434 985 3559 1048 τοὺς
3572 986 3763 1055 ὀφθαλ-

2192 1074 2364 1143 μοὺς,
2411 1075 2747 1146 περίφραξόν
2789 1092 2881 1130 σου
2924 1075 2985 1129 τὸ
3025 1075 3214 1147 ὄμμα,
3254 1077 3394 1130 τίθει
3442 1078 3603 1148 νόμον
3650 1083 3766 1145 τοῖς

2187 1169 2505 1239 ὀφθαλμοῖς.
2546 1172 2810 1223 ’Ἄκουσον
2841 1170 3186 1236 ἀπειλοῦντος
3226 1171 3325 1225 ’τοῦ
3362 1173 3596 1244 Χριστοῦ
3619 1213 3635 1237 ,
3668 1176 3764 1229 καὶ

2186 1265 2286 1335 τὴν
2315 1265 2607 1320 ἀκόλαστον
2629 1265 2749 1335 ὄψιν
2774 1266 2830 1319 ἐν
2853 1266 2953 1336 ίσῳ
2984 1266 3228 1337 μοιχείας
3255 1267 3551 1339 κρίνοντος.
3576 1270 3642 1322 Τί
3663 1271 3762 1340 τῆς

2189 1360 2379 1432 ἡδονῆς
2407 1360 2598 1431 όφελος
2619 1402 2633 1424 ,
2664 1362 2791 1414 ὅταν
2833 1360 3092 1433 σκώληκα
3117 1362 3311 1435 τίκτῃ;
3365 1365 3494 1417 ὅταν
3541 1365 3764 1437 διηνεκῆ

2190 1444 2380 1526 φόϐον;
2404 1456 2532 1509 ὅταν
2566 1456 2833 1533 ἀθάνατον
2865 1455 2944 1527 τῷ
2976 1456 3235 1528 δράσαντι
3268 1460 3575 1532 τιμωρίαν;
3606 1461 3766 1532 Πόσῳ

2188 1550 2394 1623 βέλτιον
2427 1552 2616 1623 μικρὸν
2676 1552 3041 1624 ἀνασχόμενον
3068 1553 3169 1624 τῆς
3211 1553 3331 1624 βίας
3375 1556 3472 1623 τῆς
3515 1556 3625 1610 ἀπὸ
3654 1557 3766 1612 τῶν

2185 1650 2219 1717 ή
2230 1647 2469 1719 μετέρων
2484 1647 2777 1719 λογισμῶν,
2790 1648 3081 1712 διαπαντὸς
3094 1652 3151 1702 ἐν
3167 1649 3348 1703 ἀνέσει
3366 1645 3524 1716 εἶναι,
3553 1652 3587 1723 ἢ
3606 1652 3767 1722 όλίγα

2188 1744 2547 1815 χαρισάμενον
2572 1746 2692 1807 ταῖς
2716 1744 2939 1808 ἀτόποις
2965 1744 3284 1815 ἐπιθυμίαις
3313 1744 3558 1800 ἀθάνατα
3586 1765 3762 1818 τιμω-

2192 1838 2430 1910 ρεῖσθαι;
2455 1839 2550 1908 Μὴ
2583 1838 2785 1903 τέκνα,
2812 1838 2899 1909 μὴ
2933 1838 3152 1893 ποιεῖτε
3183 1841 3365 1905 οὕτως
3388 1857 3402 1871 ·
3429 1843 3541 1896 οὐκ
3569 1843 3761 1912 ἀγαθὴ

2186 1936 2225 2002 ἠ
2251 1935 2403 2005 ἀκοὴ
2420 1976 2434 1999 ,
2462 1934 2541 2003 ἢν
2563 1936 2678 2005 ἐγὼ
2702 1936 2901 1991 ἀκούω
2923 1936 3055 2006 περί
3082 1935 3267 2007 ὑμῶν.
3296 1934 3425 1991 Οἶδα
3451 1937 3585 2010 πρὸς
3611 1939 3764 2005 τίνας

2186 2031 2215 2083 ό
2260 2029 2415 2099 λόγος
2453 2031 2829 2095 ἀποτείνεται,
2877 2030 2938 2084 ού
2988 2031 3122 2102 πρὸς
3151 2032 3395 2098 ἅπαντας
3423 2050 3434 2061 ·
3473 2034 3587 2088 ἀλλ’
3633 2036 3764 2091 ἔνθα

2188 2127 2255 2182 ἂν
2293 2126 2424 2202 εὕρῃ
2457 2129 2517 2181 τὸ
2562 2128 2804 2199 τραῦμα,
2860 2129 2979 2182 ἐκεῖ
3024 2130 3219 2199 ἐπάγει
3253 2129 3314 2182 τὸ
3348 2129 3659 2201 φάρμακον.
3694 2132 3763 2185 Τί

2186 2224 2276 2277 τὸν
2309 2225 2485 2293 γάμον
2523 2223 2798 2290 ὑϐρίζειςς
2830 2224 2882 2277 τί
2913 2223 3009 2294 τὴν
3033 2224 3191 2295 εὐνὴν
3224 2225 3464 2292 ἀδικείς;
3496 2227 3548 2279 τί
3573 2227 3633 2280 rb
3666 2227 3765 2297 μὲ-

2187 2314 2277 2379 λος
2304 2315 2365 2367 τὸ
2397 2316 2487 2369 σὸν
2521 2315 2887 2386 ἐπηρεάζεις;
2925 2315 2978 2368 τί
3010 2315 3108 2387 τὴν
3146 2316 3303 2383 δόξαν
3343 2334 3437 2370 σου
3474 2317 3766 2387 καταισχύ-

2187 2427 2330 2475 νεις;
2358 2411 2631 2480 Ἔκκοψον
2663 2411 2724 2464 τὸ
2759 2409 2948 2475 πάθος,
2981 2410 3138 2464 ἄνελε
3176 2412 3274 2475 τὰς
3304 2413 3533 2483 τρυφάς.
3568 2414 3764 2485 Τρυφὴ

2188 2507 2281 2559 καὶ
2327 2505 2462 2576 μέθη
2496 2507 2670 2576 πηγαὶ
2710 2506 2984 2577 πορνείας.
3021 2508 3117 2559 Ἂν
3157 2510 3223 2579 τῇ
3261 2508 3442 2561 ἀνέσει
3473 2507 3548 2580 μὴ
3580 2511 3766 2581 χρήσῃ

2186 2603 2266 2663 εἰς
2304 2600 2441 2664 δέον,
2498 2601 2692 2670 ἐπάγει
2728 2619 2809 2655 σοι
2851 2602 3046 2671 θλίψιν.
3082 2604 3346 2658 ’Ἄκουσον
3385 2605 3437 2657 τί
3471 2605 3671 2661 ἔπαθον
3710 2608 3765 2660 οἰ

2199 2697 2438 2750 Ἰουδαῖοι
2463 2696 2879 2768 πορνεύσαντες,
2905 2701 2955 2751 οἰ
2984 2699 3059 2770 μὴ
3089 2698 3482 2770 μεταλαϐόντες
3511 2700 3764 2772 σώματος

2187 2792 2443 2865 Χριστοῦ,
2464 2795 2511 2847 οί
2530 2793 2806 2866 τραπέζης
2840 2795 2914 2865 μὴ
2937 2794 3340 2859 ἀπολαύσαντες
3362 2796 3762 2867 πνευματικῆς.

2187 2890 2354 2958 Μηδὲ
2373 2891 2774 2960 πορνεύωμεν,
2796 2892 2948 2962 φησὶ,
2972 2891 3163 2956 καθώς
3181 2907 3341 2956 τινες
3362 2892 3560 2945 αὐτῶν
3580 2893 3763 2960 ἐπόρ-

2188 3000 2418 3041 νευσαν
2435 3026 2451 3052 ,
2491 2988 2587 3041 καὶ
2628 2988 2854 3041 ἔπεσον
2884 2987 2955 3040 ἐν
2984 2987 3093 3057 μιᾷ
3129 2987 3319 3057 ἡμέρᾳ
3365 2987 3559 3042 εἴκοσι
3606 2988 3765 3057 τρεῖς

2190 3081 2474 3151 χιλιάδες.
2526 3083 2795 3148 Ἀνάστα,
2847 3083 3043 3153 Κύριε,
3075 3083 3394 3152 βοήθησον
3445 3084 3611 3153 ἡμῖν.
3659 3084 3762 3138 καὶ

2189 3178 2487 3245 λύτρωσαι
2512 3179 2667 3247 ἡμᾶς
2691 3178 2898 3232 ἕνεκεν
2924 3179 3031 3234 τοῦ
3054 3181 3343 3249 ὀνόματός
3373 3194 3509 3235 σου.
3544 3178 3763 3243 Ἀλλος,

2190 3273 2368 3342 Στῆθι
2383 3273 2964 3343 ἀντιλαμϐανόμενος
2983 3273 3168 3344 ἡμῶν,
3187 3274 3284 3328 καί
3295 3275 3478 3344 ῥῦσαι
3493 3273 3650 3344 ἡμᾶς
3665 3276 3771 3332 διὰ

2190 3370 2256 3422 τὸ
2294 3370 2466 3436 ἔλεός
2505 3386 2640 3425 σου.
2684 3371 2822 3442 Ὅρα
2865 3369 2967 3425 ποῦ
3024 3370 3114 3425 τὸν
3160 3371 3317 3440 λόγον
3369 3370 3762 3424 κατέκλεισαν·

2197 3465 2337 3534 μετά
2369 3465 2539 3536 μυρία
2572 3464 2751 3518 αὐτῶν
2778 3465 3196 3537 κατορθώματα,
3221 3465 3383 3519 πόθεν
3411 3466 3620 3530 ἀξιοῦσι
3656 3464 3766 3518 σώ-

2193 3561 2415 3626 ζεσθαις
2451 3560 2583 3614 Ἀπὸ
2610 3561 2813 3625 ἐλέους,
2828 3563 2933 3615 ἀπὸ
2958 3561 3383 3632 φιλανθρωπίας,
3404 3562 3562 3615 διὰτὸ
3590 3561 3764 3633 ὄνομα

2191 3654 2285 3709 τοῦ
2324 3656 2479 3709 Θεοῦ.
2528 3655 2593 3708 Τί
2629 3658 2800 3718 ἐστιν,
2835 3657 3088 3712 Ἕνεκεν
3128 3657 3233 3711 τοῦ
3274 3657 3564 3725 ὀνόματός
3603 3672 3764 3720 σου;

2194 3752 2311 3807 Ἰνα
2344 3755 2417 3823 μὴ
2452 3752 2582 3805 αὐτὸ
2608 3751 2909 3823 βεϐηλωθῇ,
2940 3753 2968 3805 δ
2996 3754 3089 3806 καὶ
3112 3753 3274 3815 αὐτὸς
3307 3752 3563 3815 πολλάκις
3592 3751 3763 3820 λέγει,

2192 3849 2273 3902 ὅτι
2298 3848 2450 3902 Ποιῶ
2470 3847 2678 3903 ἕνεκεν
2721 3849 2824 3902 τοῦ
2858 3850 3147 3918 ὀνόματός
3170 3868 3307 3919 μου.
3340 3842 3490 3913 Εἶδες
3512 3866 3767 3902 ταπεινο-

2195 3942 2467 4017 φροσύνην
2512 3945 2606 3998 καὶ
2651 3944 3115 4014 συντετριμμένην
3146 3944 3418 4009 διάνοιανς
3460 3945 3570 3998 Καὶ
3599 3944 3764 3997 πόθεν

2194 4040 2404 4107 ἀξιοῦσι
2449 4042 2723 4111 σωθῆναι;
2764 4040 2894 4093 Ἀπὸ
2923 4038 3331 4110 φιλανθρωπίας
3354 4080 3369 4104 ,
3401 4041 3507 4094 ἀπὸ
3543 4039 3761 4104 ἐλέους·

2194 4138 2269 4202 ὡς
2293 4139 2341 4190 οἰ
2378 4136 2574 4208 ἔρημοι
2621 4134 3078 4206 κατορθωμάτων,
3114 4134 3189 4199 ώς
3213 4136 3263 4188 οί
3291 4136 3423 4208 μηδέ
3467 4154 3521 4189 τι
3550 4136 3767 4205 ἔχοντες

2193 4232 2466 4303 δικαίωμα
2498 4233 2789 4302 σωτηρίας,
2817 4230 2995 4284 καίτοι
3038 4231 3311 4295 τοσούτοις
3347 4230 3621 4302 κομῶντες
3668 4231 3767 4284 πό-

2195 4345 2308 4391 νοις
2340 4328 2433 4381 καὶ
2474 4327 2740 4390 κινδύνοις
2763 4366 2778 4390 ,
2818 4329 2898 4390 εἰς
2928 4327 3018 4380 τὸν
3058 4326 3191 4381 Θεὸν
3238 4326 3299 4380 τὸ
3329 4330 3434 4381 πᾶν
3481 4328 3766 4398 ἀνέφερον.

2195 4423 2429 4486 Τούτους
2466 4423 2530 4493 δὴ
2562 4423 2656 4476 καὶ
2694 4422 2855 4493 ἡμεῖς
2885 4424 2935 4476 οἰ
2974 4424 3032 4475 ἐν
3058 4424 3124 4493 τῇ
3155 4423 3337 4494 χάριτι
3376 4422 3768 4493 μιμησώμεθα,

2198 4521 2291 4573 καὶ
2319 4517 2475 4582 δόξαν
2506 4518 2913 4589 ἀναπέμψωμεν
2941 4516 3019 4588 τῷ
3047 4517 3199 4589 Θεῷ,
3222 4511 3267 4588 ᾧ
3306 4519 3342 4590 ἡ
3375 4517 3500 4582 δόξα
3530 4519 3609 4582 εἰς
3638 4520 3768 4583 τοὺς

2198 4617 2400 4678 αἰῶνας
2435 4614 2543 4669 τῶν
2578 4613 2808 4668 αἰώνων.
2854 4615 3044 4685 Ἀμήν.

2464 4756 2617 4858 [160]
2657 4785 2763 4838 ΕΙΣ
2794 4784 2933 4837 TON
2970 4784 3081 4836 MA'
3131 4784 3448 4838 ΨΑΑΜοΝ.

2208 4954 2519 5018 Ἐπινίκιος
2550 4952 2699 5019 ὑπὲρ
2735 4952 2854 5005 τῶν
2880 4952 3078 5005 ἀνθῶν
3113 4953 3231 5005 τῶν
3261 4952 3406 5006 υἱῶν
3433 4955 3602 5019 Κορὲ.
3639 4952 3766 5005 Ἀλ-

2268 5024 2375 5087 λος,
2439 5024 2523 5087 Τῷ
2565 5020 2847 5086 νικοποιῷ
2896 5022 2993 5074 ἐπὶ
3028 5022 3153 5087 τοῖς
3186 5023 3413 5089 κρίνοις
3456 5023 3575 5075 τῶν
3620 5022 3769 5076 ιιιῶν

2265 5092 2443 5161 Κορέτ
2474 5092 2532 5145 '0
2560 5092 2616 5144 δὲ
2657 5093 2904 5161 Ἑϐραῖος
2930 5092 3055 5161 ἀντὶ
3081 5093 3198 5153 τοῦ,
3224 5094 3478 5159 Κρίνοις,
3522 5094 3624 5146 Ἀλ
3646 5108 3768 5146 σω·-

2266 5155 2502 5232 σανείμ,
2517 5155 3001 5232 λέγενΣύνέσεως
3019 5155 3182 5231 ᾆσμα
3202 5155 3290 5227 είςέ
3310 5165 3415 5217 τὸν
3433 5155 3764 5231 ἀγαπητόν.

2270 5229 2483 5295 Ἄλλος,
2504 5231 2947 5303 ῨἘπιστήμονος
2965 5229 3295 5303 ᾆσμαπριῖς
3320 5229 3525 5301 φιλίας
3554 5243 3603 5303 ὲ.
3637 5232 3767 5303 Ἅλ-

2264 5304 2375 5365 λος,
2424 5302 2550 5367 Τοῖς
2577 5301 2982 5372 ἠγαπημένοιρ
3002 5320 3016 5334 ·
3040 5304 3068 5355 ὁ
3096 5302 3152 5355 δὲ
3193 5303 3461 5372 Ἐϐραῖος,
3502 5301 3727 5372 Ἰδοθὼςθ
3748 5342 3765 5361 ι

2264 5374 2450 5444 φησίν.
2468 5375 2530 5425 υἱ
2550 5372 2607 5424 δὲ
2635 5371 3050 5455 Ἐϐδομήκοντι
3071 5374 3174 5452 Εξίς
3199 5373 3264 5424 τὸ
3286 5370 3460 5437 τέλος
3482 5371 3634 5458 ὐπῖὲρ
3649 5370 3767 5425 τῶν

2264 5441 2838 5510 ἀλλοιωθησομένων
2860 5459 2984 5509 τοις
3008 5446 3159 5505 υἱοις
3188 5443 3354 5511 Κορὲ,
3382 5446 3469 5508 εἰς
3487 5456 3765 5507 συνεσιν,

2264 5460 2838 5510 αλαοιωυησομενων
2860 5460 2984 5509 τοις
3008 5460 3159 5505 υιοις
3188 5460 3354 5511 hope,
3382 5460 3469 5508 εις
3487 5460 3765 5507 συνεσιν,

2264 5513 2386 5581 ᾠδὴ
2420 5512 2572 5580 ὑπὲρ
2600 5511 2704 5567 τοῦ
2732 5512 3062 5580 ἀγαπητοῦ.
3752 5562 3757 5565 ,

2258 5672 2278 5699 ο
2321 5666 2447 5717 Illud
2485 5676 2563 5716 est
2596 5667 2812 5730 Δρωπίδῃ
2859 5668 2941 5716 alii
2977 5680 3071 5715 una
3106 5678 3224 5730 νοτε
3266 5667 3761 5730 Ιρειρηῐποοπφιλίσς.

2198 5731 2368 5779 Leclio
2387 5730 2485 5784 τοῖς
2506 5725 2825 5790 ἠγαπημένοις
2859 5737 2936 5778 est
2969 5725 3343 5778 'l‘heodotionisT
3369 5725 3564 5785 Ἰδιθώο,
3587 5725 3769 5778 melius

2198 5793 2375 5851 meum,
2398 5791 2637 5840 Πρω-οἱα)
2676 5797 2846 5847 τιν-ετ,
