4084 6278
384 437 472 492 181
1541 423 1900 481 EXPOSlTlO
1938 424 2001 479 IN
2034 423 2365 480 'PSALMUM
2395 424 2582 479 Χίων.

378 549 500 605 facit
547 529 764 611 Paulus,
801 550 856 600 et
892 542 981 597 alii
1025 539 1320 611 propheta.
1354 540 1523 611 Atque
1573 541 1686 594 lucc
1731 540 1784 594 hi
1825 540 1963 594 dice.

377 641 520 705 bant,
552 652 673 693 cum
699 635 828 691 nihil
854 635 1028 690 adhuc
1070 634 1269 689 scirent
1299 647 1398 689 nec
1441 632 1509 688 de
1551 634 1814 703 gehenna,
1863 647 1962 688 nec

375 734 439 790 de
466 745 652 802 regno.
683 743 784 784 nec
809 729 971 783 ullam
997 726 1171 782 adhuc
1200 725 1357 782 talem
1383 725 1699 780 didicissent
1718 725 1962 792 philoso-

378 823 574 894 phiam,
607 820 890 889 omniaque
914 817 1070 874 facile
1095 817 1359 872 fer-ebant.
1390 815 1480 872 25.
1515 817 1765 882 Quoniam
1790 817 1958 870 Immi-

375 916 496 970 liata
518 925 592 967 est
620 913 674 965 in
702 911 902 980 pulvere
936 911 1107 963 anima
1136 919 1310 963 nostra
1342 924 1360 962 :
1396 909 1764 979 conglutinatus
1783 918 1864 963 est
1905 909 1956 962 in

371 1015 503 1058 terra
526 1011 695 1056 venter
727 1010 914 1054 noster.
941 999 1200 1067 Quoniam
1231 999 1372 1054 enim
1399 998 1530 1053 dixit
1577 1015 1590 1051 :
1639 997 1957 1052 Oblivisceris

370 1093 556 1161 inopia:
583 1103 789 1157 nostrat,
819 1089 920 1146 hoc
945 1099 1046 1154 est,
1070 1088 1393 1156 afﬁictionis,
1419 1089 1547 1144 dicit
1568 1087 1819 1158 deinceps
1839 1104 1957 1159 quae

369 1185 436 1240 sit
466 1183 710 1238 afllictio.
755 1183 908 1250 Quod
942 1190 1120 1236 autem
1163 1181 1312 1246 dicit,
1356 1181 1458 1235 tale
1502 1190 1587 1236 est
1635 1199 1648 1235 :
1692 1181 1951 1246 Periurus,

367 1274 566 1331 defessi
597 1289 800 1338 sumus,
829 1273 994 1328 nihilo
1015 1273 1222 1328 meliori
1243 1286 1426 1327 sumus
1445 1271 1771 1338 conditione,
1796 1287 1953 1342 quam

369 1368 589 1426 mortui.
622 1365 754 1421 Jure
783 1372 961 1420 autem
989 1364 1181 1419 dixerit
1227 1363 1491 1434 quispiam
1537 1378 1721 1418 eorum
1769 1365 1950 1430 etiam,

362 1461 454 1530 qui
493 1461 652 1514 rebus
702 1457 1054 1528 prmsentibus
1086 1456 1227 1510 afﬁxi
1263 1466 1420 1522 sunt,
1461 1456 1693 1510 animam
1739 1457 1790 1509 in
1837 1465 1941 1509 ter-

368 1567 480 1605 ram
523 1565 644 1604 esse
692 1547 1047 1612 humiliatam,
1087 1561 1382 1616 eorumque
1407 1547 1493 1615 qui
1521 1545 1661 1616 gula:
1691 1545 1948 1611 serviunt,

362 1651 607 1696 ventrem
637 1653 757 1694 esse
788 1649 942 1694 terra:
968 1637 1364 1709 agglutinatum.

436 1729 781 1786 Pulchritudo
807 1729 1032 1800 corporis
1053 1729 1246 1794 lutum;
1268 1731 1318 1782 in
1341 1729 1703 1800 fornicatores;
1724 1728 1952 1798 pulchri-

358 1823 488 1876 tudo
521 1831 767 1892 quatenus
805 1821 1146 1886 admiranda;
1191 1821 1568 1874 matrimonium
1597 1836 1688 1873 cur
1733 1820 1945 1888 permis-

360 1913 812 1970 sum—Etenim
853 1914 944 1983 qui
981 1928 1168 1968 amore
1203 1913 1411 1968 vinctus
1457 1921 1689 1980 tenetur,
1735 1921 1789 1967 et
1839 1913 1948 1967 luto

361 2005 554 2072 inhiat,
596 2005 1068 2076 incorporeamque
1093 2018 1215 2074 quae
1247 2005 1299 2059 in
1328 2019 1388 2060 se
1425 2012 1510 2060 est
1529 2003 1836 2060 facultatem
1867 2005 1944 2059 oi-

354 2100 477 2154 -neri
507 2100 790 2169 mancipat,
819 2098 938 2168 jure
977 2097 1092 2152 hac
1120 2097 1226 2167 pati
1255 2097 1463 2153 dicatur
1495 2096 1592 2168 (a).
1628 2097 1764 2164 Quid
1804 2099 1945 2152 enim

351 2189 505 2245 aliud
535 2200 617 2244 est
647 2189 984 2258 pulchritudo
1022 2188 1282 2258 corporis,
1332 2189 1433 2243 nisi
1477 2189 1646 2259 pulvis
1673 2197 1728 2244 et
1756 2189 1940 2254 lutum,

357 2292 518 2352 atque
546 2283 682 2337 adeo
717 2281 984 2351 quidpiam
1020 2280 1103 2335 his
1135 2280 1295 2336 etiam
1322 2279 1612 2336 deformius
1634 2295 1697 2335 ac
1723 2280 1947 2336 tetrius?

356 2363 584 2442 Quodsi
611 2372 772 2429 ﬁdem
801 2386 908 2427 non
955 2371 1140 2437 habes,
1172 2370 1449 2426 considera
1488 2371 1730 2441 sepulcra
1767 2370 1941 2425 homi-

362 2482 516 2532 num,
547 2474 601 2521 ct
627 2464 833 2520 videbis
856 2464 1024 2518 lutum
1051 2472 1102 2517 ct
1128 2463 1421 2533 pulverem.
1452 2461 1674 2529 Quando
1699 2462 1840 2517 enim
1869 2461 1945 2516 fa-

347 2560 466 2614 cies
495 2559 656 2612 vitam
687 2565 1004 2626 praesentem
1032 2555 1260 2621 exuerit,
1288 2563 1412 2608 tunc
1449 2562 1669 2624 apparet
1710 2554 1762 2608 id
1801 2554 1944 2625 quod

355 2659 472 2715 est;
519 2649 627 2702 imo
653 2661 782 2701 vero
807 2646 966 2701 etiam
996 2656 1118 2700 ante
1149 2655 1396 2699 mortem.
1437 2643 1660 2712 Quando
1688 2645 1829 2699 enim
1860 2661 1946 2700 se-

347 2749 548 2794 nectus
605 2737 898 2801 invaserit,
952 2736 1163 2806 quando
1211 2735 1428 2790 morbus
1480 2735 1763 2802 amiserit,
1820 2746 1942 2792 tunc

353 2833 566 2889 videbis
608 2831 733 2902 quid
787 2838 1074 2902 appareat;
1133 2838 1216 2884 est
1267 2830 1408 2884 enim
1456 2829 1630 2885 lutum
1679 2847 1694 2883 :
1741 2830 1836 2885 sed
1887 2841 1944 2885 ut

352 2926 562 2994 peritus
615 2921 806 2978 artifex
845 2921 930 2976 vel
979 2937 1044 2975 ex
1095 2921 1183 2975 vili
1237 2929 1292 2975 ct
1343 2922 1539 2976 nullius
1581 2923 1734 2991 pretii
1778 2930 1944 2978 mate-

350 3019 426 3072 ria
487 3017 611 3072 fecit
664 3017 931 3086 ingentem
987 3015 1116 3070 oriri
1174 3014 1658 3084 pulchritudinem,
1717 3029 1822 3070 non
1887 3024 1944 3070 ut

348 3107 674 3173 forniceris,
715 3106 808 3160 sed
841 3114 897 3159 ut
937 3105 1025 3160 tibi
1068 3121 1218 3159 suam
1254 3106 1560 3161 ostenderet
1601 3107 1937 3176 sapientiam.

353 3200 426 3257 Ne
455 3215 593 3271 ergo
630 3199 835 3254 Artiﬁci
869 3198 1113 3268 injuriam
1147 3197 1358 3264 feceris,
1401 3215 1498 3254 nec
1521 3199 1640 3270 ejus
1668 3200 1940 3269 sapientiae

344 3309 492 3364 Opus
521 3292 689 3362 stupri
717 3301 769 3347 ct
799 3291 1143 3360 impudicitia:
1171 3305 1200 3344 a
1227 3299 1281 3346 te
1307 3292 1398 3346 ﬁat
1424 3293 1662 3346 materia.
1694 3291 1938 3346 Formam

346 3399 592 3454 eousque
616 3384 829 3450 mirare,
855 3390 909 3436 ut
931 3382 1096 3452 gloria
1119 3391 1173 3438 et
1191 3381 1396 3438 honore
1421 3382 1622 3438 afficias
1641 3383 1895 3438 artiﬁcem
1922 3399 1936 3448 ;

349 3483 581 3536 ulterius
606 3490 783 3535 autem
807 3497 873 3535 ne
899 3479 1240 3550 progrediare
1261 3521 1276 3546 ,
1298 3479 1461 3534 animi
1490 3481 1939 3549 perturbationem

351 3574 615 3627 excitans.
649 3571 931 3626 Pulehrmu
963 3586 1097 3640 opus
1126 3589 1138 3624 :
1168 3572 1213 3625 is
1240 3585 1367 3641 ergo
1401 3571 1490 3640 qui
1520 3570 1675 3636 fecit,
1705 3580 1787 3624 est
1811 3571 1940 3625 ado-

345 3665 590 3730 randus,
622 3679 728 3717 non
770 3663 1091 3719 contumelia
1131 3662 1462 3719 afﬁciendus.
1509 3662 1564 3718 Si
1604 3663 1722 3732 quis
1747 3703 1762 3728 ,
1815 3663 1936 3730 dic,

349 3772 535 3826 qnzcso
557 3799 573 3822 ,
599 3771 813 3812 auream
844 3756 1067 3826 alicujus
1096 3765 1324 3811 statuam
1354 3766 1406 3811 ct
1427 3757 1623 3826 regiam
1652 3756 1935 3827 imaginem

351 3864 511 3905 emno
534 3892 550 3914 ,
581 3858 634 3903 et
659 3848 775 3902 aliis
799 3847 1062 3918 ejusmodi
1118 3846 1395 3904 fedaverit
1418 3887 1433 3912 ,
1482 3863 1660 3903 nonne
1697 3849 1936 3903 ultimum

351 3941 510 3998 luerit
536 3940 892 4010 supplicium?
919 3940 971 3996 Si
995 3949 1171 3996 autem
1193 3941 1281 4010 qui
1305 3941 1441 3995 inter
1471 3939 1713 3996 homines
1734 3942 1939 4009 ingrate

349 4047 400 4087 et
421 4035 686 4090 scelerate
715 4048 774 4087 se
801 4032 938 4102 gerit
962 4075 976 4096 ,
1011 4032 1140 4086 tanti
1167 4041 1390 4087 reusrest
1418 4031 1659 4102 supplicii
1686 4051 1698 4086 :
1726 4034 1815 4103 qui
1846 4033 1938 4088 Dei

345 4141 483 4196 Opus
514 4135 664 4180 tanta
699 4124 884 4180 affecit
915 4125 1237 4195 ignominia,
1269 4123 1394 4195 quid
1426 4123 1636 4179 tandem
1670 4125 1934 4193 patietur:

347 4229 396 4272 ct
420 4219 658 4273 maxime
687 4217 899 4290 quando
925 4219 1011 4287 qui
1044 4217 1156 4272 hmo
1185 4217 1310 4271 facit
1329 4259 1341 4282 ,
1375 4216 1533 4272 habet
1558 4219 1814 4272 uxorem?
1859 4217 1938 4274 Ne

345 4312 474 4365 mihi
534 4310 680 4365 enim
735 4309 935 4364 dixeris
983 4319 1183 4364 natura:
1233 4309 1595 4378 cupiditatem.
1650 4309 1936 4379 Propterea

339 4405 486 4459 enim
520 4403 842 4474 permissum
871 4401 966 4456 fuit
997 4402 1413 4467 matrimonium,
1434 4417 1500 4456 ne
1529 4402 1660 4454 ult-ra
1693 4401 1936 4470 proprios

349 4497 612 4550 terminos
658 4493 1073 4565 progredereris.
1127 4493 1261 4548 Vide
1307 4493 1448 4546 enim
1497 4501 1695 4563 quanto
1747 4492 1935 4562 dignus

342 4588 452 4642 eris
504 4586 790 4656 supplicio.
837 4585 969 4640 Nam
1002 4585 1138 4639 Deus
1167 4595 1268 4638 tuae
1311 4583 1470 4653 quieti
1502 4593 1554 4638 et
1585 4583 1773 4637 honori
1815 4599 1936 4653 pro-

343 4679 544 4748 spexit,
569 4686 626 4731 ut
643 4686 696 4732 et
724 4685 926 4731 naturae
955 4675 1157 4730 rabiem
1183 4689 1277 4744 per
1295 4689 1520 4729 uxorem
1541 4689 1931 4744 compesccrcs,

341 4770 528 4824 ethoc
557 4767 760 4838 absque
790 4768 902 4822 ullo
937 4765 1172 4837 periculo
1198 4765 1396 4820 faceres
1423 4781 1436 4830 ;
1470 4773 1523 4819 et
1553 4765 1620 4818 ab
1649 4765 1794 4818 omni
1827 4778 1937 4818 tur-

347 4863 591 4931 pitudine
617 4869 668 4915 et
698 4859 962 4914 dedecore
993 4857 1313 4912 liberareris.
1344 4855 1422 4910 Tu
1452 4864 1626 4910 autem
1649 4870 1776 4909 eum
1799 4896 1813 4920 ,
1843 4855 1934 4926 qui

351 4963 548 5007 tantam
575 4953 647 5006 tui
667 4967 846 5006 curam
873 4950 1036 5020 gerit,
1062 4965 1124 5003 ex
1148 4947 1459 5003 redundanti
1488 4945 1713 5016 quadam
1736 4957 1786 5001 et
1806 4961 1935 5001 exu-

348 5045 556 5100 beranti
581 5041 730 5112 copia
757 5086 771 5108 ,
809 5043 998 5112 injuria
1024 5040 1228 5096 afﬁcis?
1255 5041 1348 5095 Dic
1373 5040 1512 5095 enim
1538 5039 1664 5093 mihi
1682 5078 1702 5105 ,
1729 5054 1930 5109 qumso,

350 5136 390 5189 si
413 5136 672 5190 noluisset
693 5136 804 5204 lege
829 5135 932 5187 lata
961 5141 1194 5186 statuere
1214 5130 1608 5185 matrimonium
1634 5172 1647 5193 ,
1681 5139 1931 5200 quautam

346 5227 453 5279 vim
474 5268 488 5290 ,
539 5235 593 5280 et
629 5235 883 5295 quantmn
914 5223 1204 5278 crucia-tum
1233 5221 1612 5276 sustinuisses?
1640 5218 1772 5274 Cum
1806 5236 1932 5291 ergo

343 5325 594 5386 oporteat
622 5327 672 5372 te
710 5317 759 5372 ei
790 5316 986 5387 gratias
1015 5329 1206 5385 agere,
1238 5323 1292 5369 et
1320 5314 1486 5384 gloria
1517 5330 1636 5368 eum
1683 5314 1894 5368 afﬁcere
1915 5356 1928 5379 ,

345 5408 487 5478 quod
513 5409 604 5462 tibi
631 5408 916 5462 maximam
939 5405 1136 5460 laboris
1158 5414 1360 5476 partem
1384 5406 1735 5474 amputaverit
1759 5448 1773 5473 ,
1805 5405 1930 5460 dum

349 5500 440 5554 tibi
474 5515 581 5554 non
625 5501 842 5570 vulgare
871 5499 1116 5553 solatium
1159 5497 1512 5568 excogitavit:
1545 5507 1598 5552 tu
1646 5513 1742 5567 per
1783 5513 1931 5551 sum-

350 5611 495 5649 mum
539 5595 724 5664 ingrati
768 5593 929 5648 animi
965 5592 1167 5648 crimen
1209 5607 1328 5646 eum
1370 5591 1688 5646 contumelia
1728 5591 1931 5660 afﬁcis,

347 5700 564 5740 omnem
616 5685 872 5755 pudorem
922 5685 1103 5750 exuis,
1148 5685 1404 5739 terminos
1449 5683 1542 5738 tibi
1595 5684 1933 5754 praescriptos

413 5822 487 5882 (a)
525 5824 601 5872 His
622 5835 818 5885 prorsus
850 5821 1024 5885 similia
1047 5823 1160 5874 vide
1202 5823 1254 5871 in
1280 5823 1422 5884 Epist.
1461 5823 1608 5884 prima
1634 5822 1691 5870 ad
1717 5820 1931 5870 Theodo-

353 5893 460 5933 rum
485 5884 688 5946 lapsum,
711 5893 842 5932 Tum.
869 5884 912 5932 1.

3542 438 3571 491 ’1
3583 434 3654 492 82

2077 539 2310 595 trausilis
2329 580 2345 607 ,
2376 549 2430 594 et
2458 550 2602 595 tuam
2632 539 2852 611 gloriam
2891 542 3085 612 probro
3114 545 3319 602 afﬁcis?
3357 549 3472 605 Non
3500 554 3652 610 audis

2066 631 2284 686 Paulqu
2307 641 2361 686 et
2381 647 2520 687 nunc
2542 674 2555 697 ,
2584 641 2639 687 et
2668 634 2717 687 in
2751 633 2925 689 medio
2949 636 3267 693 clamantem
3291 656 3304 694 :
3332 639 3518 713 Fugite
3541 647 3650 715 for-

2065 723 2365 776 nicationem
2397 717 2473 788 (1.
2498 723 2614 778 Cor.
2639 724 2692 779 6.
2724 726 2854 796 18)?
2875 726 2967 781 Vel
2997 729 3172 798 potius
3190 728 3458 787 Christum
3485 724 3665 799 audi,‘

2062 815 2152 884 qui
2178 814 2290 884 ejus
2315 825 2494 870 movet
2517 817 2769 872 animum.
2795 819 2904 872 Cur
2928 820 3157 876 alienam
3186 823 3378 879 ediscis
3409 825 3651 894 pulchri-

2063 906 2334 961 tudinem?
2357 922 2453 961 cur
2475 907 2542 962 de
2569 909 2712 962 vultu
2741 925 2845 964 non
2877 919 2966 964 tuo
2994 913 3201 967 curiose
3231 916 3520 970 scrutaris?
3549 932 3646 972 cur

2061 995 2218 1052 ferris
2260 1014 2352 1068 per
2381 1000 2706 1070 przrcipitia?
2734 1017 2829 1055 cur
2859 1003 3057 1057 retibus
3092 1005 3325 1074 teipsum
3356 1006 3651 1079 illaqucas?

2059 1088 2278 1158 Oppone
2305 1105 2517 1146 murum
2547 1092 2646 1147 tuis
2674 1093 2874 1159 oculis,
2902 1101 3020 1149 tuos
3053 1097 3237 1151 oculos
3263 1097 3481 1156 obstrue
3499 1141 3514 1167 ,
3546 1101 3651 1154 im-

2061 1193 2196 1248 pone
2213 1180 2394 1249 legem
2427 1182 2529 1236 tuis
2551 1183 2739 1238 oculis.
2768 1183 2904 1238 Audi
2931 1185 3197 1240 Christum
3229 1187 3519 1244 minantem
3544 1231 3559 1255 ,
3593 1200 3648 1246 et

2058 1270 2380 1339 impudicum
2407 1280 2678 1341 aspectum
2721 1282 2984 1344 tamquam
3026 1274 3343 1332 adulterium
3389 1281 3646 1336 condent-

2059 1372 2270 1417 nantem
2303 1361 2514 1430 (Matth.
2538 1367 2591 1421 5.
2617 1365 2732 1435 28).
2765 1366 2898 1434 Quid
2930 1377 2981 1423 te
3001 1369 3152 1438 juvat
3175 1371 3414 1441 voluptas
3435 1415 3449 1440 ,
3480 1389 3648 1444 quan-

2055 1453 2124 1508 do
2144 1469 2204 1508 ea
2225 1471 2454 1512 vermem
2483 1457 2640 1526 parit,
2659 1457 2869 1528 quando
2889 1467 3090 1514 metum
3111 1470 3452 1532 perpetuum,
3475 1479 3646 1534 quan-

2055 1545 2124 1600 do
2166 1546 2467 1603 immortale
2495 1548 2545 1602 ei
2585 1548 2674 1618 qui
2718 1548 2900 1604 fecerit
2942 1551 3532 1621 supplicium‘i-Quanto
3559 1563 3641 1609 cst

2055 1637 2243 1692 melius
2257 1637 2381 1693 dum
2401 1647 2700 1694 nostrarum
2720 1641 3092 1711 cogitationum
3111 1643 3215 1698 vim
3236 1659 3521 1715 parumper
3535 1660 3640 1700 sus-

2057 1728 2304 1796 tinemus,
2323 1730 2423 1785 frui
2446 1742 2696 1801 perpetua
2721 1733 2881 1786 animi
2905 1735 3305 1804 tranquillitate,
3331 1753 3489 1806 quam
3515 1738 3641 1791 dum

2055 1821 2271 1877 nefariis
2313 1824 2510 1879 nostris
2551 1824 2926 1894 cupiditatibus
2957 1827 3225 1895 paululum
3273 1828 3639 1898 indulgemus,

2053 1914 2334 1970 immortali
2358 1918 2596 1972 cruciatu
2615 1916 2788 1973 afﬁci?
2812 1918 2909 1984 Ne,
2928 1935 2957 1972 ο
2978 1920 3093 1987 ﬁlii,
3117 1936 3178 1973 ne
3194 1921 3262 1973 ita
3283 1921 3501 1990 faciatis.
3522 1919 3642 1975 Non

2053 2006 2181 2059 bona
2207 2015 2280 2060 est
2295 2010 2433 2077 fama
2452 2008 2686 2077 quam-de
2701 2008 2836 2062 vobis
2859 2009 3012 2062 audio
3044 2010 3118 2078 (1.
3139 2009 3270 2080 εηεθ.
3293 2010 3349 2064 2.
3378 2010 3490 2080 24).
3517 2011 3642 2066 Scio

2051 2095 2117 2152 ad
2145 2111 2278 2166 quos
2303 2097 2556 2167 dirigatur
2580 2097 2775 2164 oratio,
2807 2113 2909 2152 non
2937 2099 3002 2153 ad
3031 2114 3219 2154 omnes
3245 2118 3257 2154 :
3285 2099 3378 2154 scd
3407 2101 3493 2156 ubi
3518 2101 3634 2155 vul-

2053 2204 2150 2242 nus
2181 2189 2464 2254 invenerit,
2492 2189 2605 2244 illic
2633 2189 3076 2244 medicamentum
3115 2189 3352 2246 adhibet.
3382 2191 3492 2246 Cur
3523 2208 3641 2246 ma-

2052 2282 2355 2347 trimonium
2381 2281 2545 2338 violas
2558 2282 2698 2336 ?-cur
2717 2282 2888 2337 cubile
2910 2283 3101 2352 injuria
3123 2283 3322 2338 afﬁcis?
3343 2299 3596 2342 cur-mem
3609 2317 3629 2326 -

2047 2373 2204 2436 brum
2229 2383 2373 2428 tuum
2391 2374 2586 2430 laedis?
2617 2389 2712 2430 cur
2731 2374 2886 2430 famae
2904 2383 3018 2430 tua:
3044 2377 3306 2430 maculam
3333 2387 3388 2432 et
3410 2377 3635 2447 ignomi-

2051 2464 2189 2518 niam
2236 2465 2435 2519 inuris?
2466 2464 2728 2520 Exscinde
2773 2465 2933 2519 animi
2976 2464 3462 2535 perturbationem,
3511 2468 3640 2526 tolle

2049 2553 2272 2611 delicias
2300 2557 2376 2628 (l.
2402 2555 2519 2611 Cor.
2543 2556 2592 2612 6.
2626 2557 2754 2627 15).
2786 2557 2995 2612 Deliciae
3017 2557 3158 2611 enim
3183 2566 3236 2612 et
3258 2557 3491 2613 ebrietas
3517 2568 3639 2613 sunt

2049 2646 2166 2702 fons
2206 2647 2588 2714 fornicationis.
2631 2649 2687 2704 Si
2714 2649 2876 2704 animi
2909 2648 3220 2704 remissione
3251 2662 3354 2704 non
3387 2652 3550 2706 utaris
3580 2660 3636 2706 ut

2047 2748 2290 2809 oportet,
2322 2739 2374 2794 id
2417 2740 2572 2796 aﬁ‘ert
2619 2741 2708 2796 tibi
2759 2739 3121 2798 afflictionem.
3163 2739 3298 2794 Audi
3336 2740 3462 2810 quid
3485 2745 3633 2811 passi

2047 2833 2152 2887 sint
2173 2841 2227 2888 et
2241 2832 2431 2900 Juda-i,
2451 2833 2538 2902 qui
2561 2832 2801 2888 fornicati
2830 2831 3056 2898 fuerant,
3074 2834 3162 2902 qui
3187 2835 3426 2903 corporis
3439 2833 3637 2890 Christi

2048 2937 2153 2978 non
2181 2923 2386 2979 fuerant
2407 2923 2690 2994 participes
2712 2964 2728 2990 ,
2755 2925 2844 2994 qui
2866 2924 3154 2993 Spiritualis
3175 2938 3373 2979 mensa:
3403 2922 3630 2980 fructum

2047 3029 2151 3070 non
2197 3025 2564 3086 perceperant.
2597 3014 2706 3070 Nec
2743 3017 3080 3086 fornicamur,
3110 3017 3313 3085 inquit,
3341 3016 3468 3084 sicut
3502 3033 3636 3071 non-

2047 3107 2174 3160 nulli
2216 3124 2388 3162 eorum
2433 3107 2669 3178 fornicati
2711 3115 2866 3172 sunt,
2899 3117 2945 3160 et
2973 3107 3258 3161 ceciderunt
3299 3108 3353 3160 in
3403 3124 3503 3161 uno
3554 3109 3634 3161 die

2043 3201 2220 3272 viginti
2244 3201 2342 3254 tria
2371 3202 2531 3256 millia
2562 3201 2637 3275 (1.
2668 3202 2784 3256 Cor.
2816 3202 2902 3257 1-0.
2931 3203 3008 3273 8).
3037 3202 3126 3256 9.6.
3161 3202 3394 3273 Exsurge
3413 3244 3426 3267 ,
3450 3201 3636 3256 Domi-

2045 3308 2140 3359 ne,
2172 3293 2360 3363 adjuva
2401 3308 2526 3358 nos,
2573 3303 2619 3346 et
2645 3293 2832 3346 redime
2869 3309 2959 3346 nos
3003 3303 3205 3362 prapter
3248 3309 3427 3347 nomen
3471 3301 3632 3346 tuum.

2044 3382 2195 3436 Alius
2218 3424 2232 3448 ,
2266 3383 2361 3437 Sta
2388 3399 2478 3438 nos
2505 3383 2808 3453 defendens,
2839 3394 2885 3438 et
2909 3383 3067 3438 libera
3097 3401 3188 3438 nos
3215 3394 3416 3455 prapter
3440 3385 3635 3438 miscri-

2043 3476 2268 3530 cordiam
2289 3485 2444 3530 tuam.
2472 3476 2603 3532 Vide
2624 3475 2891 3547 quomodo
2911 3477 3286 3532 concluserunt
3300 3477 3594 3532 orationem
3618 3495 3629 3528 :

2046 3577 2166 3635 post
2209 3567 2614 3622 innumerabilia
2653 3583 2770 3638 quae
2796 3567 2863 3622 ab
2891 3566 2970 3621 eis
2998 3575 3143 3622 recte
3167 3577 3221 3622 et
3243 3581 3312 3622 ex
3337 3566 3532 3622 virtute
3558 3566 3637 3620 fa-

2041 3669 2132 3714 cta
2152 3657 2379 3726 fuerant,
2397 3658 2662 3713 undeuam
2683 3659 2906 3714 salutem
2923 3659 3133 3729 assequi
3152 3673 3362 3729 aequum
3375 3670 3588 3714 censent
3612 3659 3635 3709 ?

2051 3753 2094 3804 Α
2129 3751 2521 3816 misericordia,
2551 3767 2580 3805 a
2624 3751 2947 3822 benignitate
2985 3761 3040 3806 et
3068 3751 3349 3807 clementia
3370 3791 3385 3816 ,
3417 3759 3634 3821 propter

2051 3858 2244 3897 nomen
2275 3844 2385 3898 Dei.
2409 3842 2545 3910 Quid
2566 3853 2682 3910 est,
2712 3854 2918 3914 propter
2944 3860 3124 3898 nomen
3155 3853 3294 3898 natm
3312 3844 3336 3898 ?
3356 3842 3432 3899 Ne
3459 3843 3630 3912 ipsum

2046 3934 2384 4005 profanetur,
2417 3935 2557 4004 quod
2586 3935 2697 4004 ipse
2728 3936 2884 3990 etiam
2909 3949 3056 4004 εωρο
3092 3933 3223 3990 dicit
3254 3951 3268 3988 :
3303 3933 3463 3988 Facio
3507 3951 3632 4004 φω-

2042 4035 2155 4096 pter
2183 4041 2363 4079 nomen
2391 4041 2575 4078 meum.
2601 4023 2844 4079 Vidistin’
2884 4024 3234 4080 humilitatem
3263 4033 3318 4080 et
3345 4025 3628 4079 contritum

2041 4121 2318 4175 animum?
2349 4121 2415 4174 Et
2443 4121 2708 4175 undenam
2736 4129 2921 4190 petunt
2944 4120 3207 4178 salutem?
3233 4120 3279 4174 A
3307 4119 3586 4174 clementia
3611 4161 3626 4184 ,

2040 4229 2068 4268 a
2097 4212 2489 4275 misericordia;
2512 4222 2759 4282 tanquam
2783 4212 2970 4283 quibus
2993 4221 3134 4267 recte
3157 4211 3290 4266 facta
3317 4211 3627 4274 deﬁcerent,

2040 4319 2090 4363 et
2113 4307 2408 4375 nullajusta
2432 4305 2618 4361 salutis
2644 4320 2802 4360 causa
2826 4311 3171 4374 suppeteret,
3198 4303 3319 4358 licet
3347 4311 3419 4357 tut
3441 4314 3495 4358 et
3515 4312 3627 4356 tan-

2042 4409 2090 4454 ta
2137 4399 2369 4469 pericula
2401 4398 2718 4466 laboresque
2743 4405 3020 4466 susceptos
3043 4395 3244 4464 jactare
3275 4402 3526 4465 possent,
3556 4395 3625 4450 ad

2042 4493 2207 4548 Deum
2251 4501 2440 4550 cuncta
2486 4489 2809 4545 referebant.
2841 4488 2949 4544 Nos
2977 4502 3188 4559 quoque
3203 4527 3226 4554 ,
3258 4489 3347 4558 qui
3379 4488 3430 4542 in
3460 4490 3626 4558 gratia

2038 4599 2241 4650 sumus,
2266 4597 2358 4637 eos
2375 4582 2671 4645 imitemur,
2700 4591 2754 4635 et
2784 4581 2892 4635 Deo
2919 4580 3140 4650 gloriam
3169 4581 3510 4636 cmittamus:
3541 4578 3624 4634 cui

2037 4676 2204 4746 gloria
2222 4675 2280 4729 in
2305 4674 2494 4730 saecula
2522 4674 2857 4728 smculorum.
2891 4675 3082 4729 Amen.

2501 4829 2564 4884 IN
2604 4829 2927 4886 PSALM‘UM
2964 4829 3146 4884 XLIV.

2040 4967 2090 5020 1.
2135 4964 2240 5018 Pro
2267 4965 2494 5032 victoria,
2525 4981 2616 5036 pro
2637 4965 2847 5035 floribus
2874 4963 3096 5032 ﬁliorum
3133 4963 3280 5018 Core.
3311 4963 3482 5026 Alius,
3526 4959 3620 5013 Vi-

2107 5058 2279 5111 ctoria:
2318 5057 2511 5111 auctori
2540 5056 2614 5128 (a)
2651 5066 2894 5127 :pmpter
2923 5055 3030 5110 lilia
3060 5056 3282 5124 ﬁliorum
3327 5053 3472 5107 Core.
3513 5051 3620 5106 lle-

2108 5149 2282 5203 bra‘us
2311 5164 2428 5218 pro,
2475 5148 2640 5213 Liliis,
2687 5149 2836 5212 dicit,
2888 5149 2950 5201 Al
2978 5148 3216 5200 sosanim.
3262 5143 3623 5214 lntelligentiar

2109 5242 2358 5294 canticum
2388 5241 2438 5293 in
2467 5241 2721 5294 dilectum.
2769 5239 2940 5305 Alius,
2974 5239 3192 5293 Scientis
3221 5235 3471 5288 canticum
3496 5251 3619 5304 pro-

2109 5341 2216 5402 pter
2245 5331 2539 5384 amicitiam.
2567 5330 2738 5391 Alius,
2763 5329 2976 5383 Dilectis
3001 5345 3020 5381 :
3051 5326 3306 5381 Hebraeus
3335 5332 3508 5380 autem
3541 5325 3622 5378 di-

2109 5425 2201 5488 cit,
2255 5421 2506 5476 Iditliotlt.
2555 5421 2918 5492 Septuaginta,
2965 5418 3032 5472 In
3085 5419 3237 5486 liuent
3292 5433 3384 5487 pro
3429 5418 3492 5472 iis
3535 5419 3620 5488 qui

2099 5514 2564 5581 'camntutabuntur,
2589 5515 2709 5583 ﬁliis
2727 5511 2874 5578 Core,
2907 5511 2974 5564 ad
3001 5510 3328 5576 intellectum,
3369 5513 3620 5566 canticum

2108 5626 2200 5678 pro
2223 5607 2422 5662 dilecto.

2109 5799 2180 5857 (a)
2211 5797 2292 5847 Gr.
2315 5797 2388 5858 τῷ
2416 5793 2662 5854 νικοποιῷ.
2705 5790 2821 5839 llaac
2845 5786 2996 5838 lectio
3019 5795 3099 5840 est
3121 5785 3332 5850 Aquila,
3375 5794 3430 5836 ut
3451 5788 3621 5858 videas

2046 5845 2585 5940 in‘lleraplistnostris.
2612 5845 2758 5935 infra,
2782 5873 2839 5924 Al
2861 5872 3090 5933 sosanim,
3120 5845 3269 5922 Hebr.
3299 5845 3614 5920 macer-Sv-
