4068 6288
369 394 509 448 485

375 506 454 558 -’i.
501 504 756 558 Eructauit
796 521 881 558 cor
914 519 1080 558 meum
1129 504 1329 557 verbum
1380 505 1581 555 bonum.
1637 502 1803 563 Alius,
1838 499 1981 555 Irre—

546 596 662 665 psit.
693 595 862 658 Alius,
897 594 1094 649 Malunt
1124 604 1195 648 est
1224 611 1310 647 cor
1339 611 1501 649 metm:
1522 594 1666 647 verba
1694 594 1840 648 bono.

426 724 441 741 ’
466 713 516 764 1.
560 708 923 764 Testimonium
949 710 1265 764 inimicorum
1295 711 1497 766 minime
1517 722 1800 784 suspectum
1817 727 1836 777 ,'
1867 727 1984 764 eru-

403 803 554 856 ctatio
587 803 849 873 prophetia
873 819 891 868 ;
918 802 1162 873 praplteta
1183 801 1351 869 cli/fert
1379 813 1503 856 vate.
1528 834 1599 844 —
1620 804 1818 858 Vellem
1844 818 1985 857 nunc

404 890 605 947 adesse
627 908 813 947 oumcs
838 892 1049 947 Judmos
1078 901 1131 947 ct
1166 893 1410 963 gentiles,
1455 905 1506 948 et
1536 896 1637 949 hoc
1664 895 1797 949 libro
1826 910 1854 946 a
1898 894 1989 949 Ju-

420 985 557 1041 daais
581 994 817 1054 accepto,
848 984 1108 1039 Psalmum
1138 985 1206 1038 ita
1246 985 1439 1055 legere.
1466 985 1646 1056 Neque
1671 988 1811 1041 enim
1844 986 1991 1056 igno-

408 1075 560 1142 ratis,
595 1084 648 1130 ct
674 1076 725 1128 in
752 1074 985 1144 jndiciis,
1020 1084 1073 1129 ct
1114 1076 1309 1145 ubique
1336 1084 1459 1131 tunc
1496 1077 1723 1130 maxime
1750 1091 1778 1129 a
1802 1076 1992 1144 ἐιμμί-

388 1170 562 1224 ~cione
603 1178 864 1223 remotum
893 1183 1013 1223 esse
1062 1183 1238 1223 rerum
1284 1168 1665 1230 testimonium,
1698 1168 1909 1238 quando
1937 1167 1985 1220 id

380 1260 573 1315 ~fertur
598 1259 666 1314 ab
696 1261 939 1315 inimicis.
966 1260 1032 1317 Ut
1060 1260 1164 1315 hoc
1190 1276 1316 1332 ergo
1340 1260 1497 1315 hodie
1524 1277 1732 1331 quoque
1757 1262 1985 1327 eveniat,

380 1354 750 1408 exhibeamus
801 1352 1158 1406 testimonium
1201 1367 1265 1407 ex
1312 1351 1511 1416 Veteri,
1545 1362 1599 1405 ιιι
1642 1362 1695 1406 et
1739 1352 1904 1406 Judmi
1936 1362 1990 1406 et

391 1444 627 1512 gentiles
669 1444 870 1513 pudore
915 1444 1249 1499 afﬁciantur:
1278 1440 1444 1499 JUdiI’i
1490 1443 1701 1514 quidem
1729 1444 1985 1513 legentes,

405 1547 456 1591 et
507 1551 613 1590 non
666 1535 1058 1606 intelligentes;
1100 1537 1322 1605 gentiles
1366 1550 1492 1590 vero
1532 1536 1773 1591 videntes
1824 1536 1988 1591 libros

403 1631 557 1686 nobis
578 1631 762 1685 oﬁ‘erri
790 1630 857 1684 ab
901 1630 1146 1684 inimicis.
1195 1628 1378 1699 Neque
1404 1630 1544 1683 enim
1574 1638 1823 1697 poterunt
1870 1646 1929 1682 ea
1952 1645 1988 1684 a

404 1724 557 1777 nobis
599 1739 723 1778 esse
769 1721 995 1776 couﬁma
1022 1722 1240 1785 ‘diccre,
1284 1736 1403 1774 cum
1450 1736 1555 1774 non
1604 1735 1718 1785 nos,
1768 1720 1859 1774 sed
1899 1720 1986 1786 qui

383 1815 669 1868 .(Zhristum
710 1812 1103 1877 cruciﬁxeruut,
1151 1812 1314 1866 libros
1365 1813 1518 1866 nobis
1562 1813 1851 1881 pra-beant,
1893 1813 1983 1881 qui

402 1907 469 1960 de
510 1906 624 1975 ejus
671 1912 929 1972 potestate
970 1897 1272 1973 loquuntur.
1306 1902 1422 1957 “Sed
1471 1904 1582 1957 sive
1618 1904 1830 1968 alsuut,
1878 1904 1989 1957 sive

385 2012 530 2057 'nnn,
562 2010 658 2049 nos
686 2003 869 2048 nostro
891 1992 1066 2047 oﬁicio
1097 1995 1394 2063 fungamur,
1425 2003 1478 2048 et
1507 1995 1876 2064 aggrediamur
1902 1995 1987 2049 in-

390 2085 862 2154 terpretationem.
897 2084 990 2138 llic
1031 2084 1170 2137 enim
1218 2085 1457 2138 l’salutus
1498 2086 1546 2138 in
1591 2084 1861 2138 Christum
1905 2097 1988 2139 est

402 2177 711 2247 inscriptus,
741 2184 796 2230 et
823 2175 944 2231 ideo
972 2174 1131 2230 habet
1161 2176 1581 2245 inscriptionem,
1617 2174 1681 2230 In
1723 2178 1985 2243 dilectum,

401 2277 474 2336 ct,
507 2268 699 2333 Pro'iis
727 2269 814 2339 qui
837 2266 1296 2323 comnmtabunlur.
1322 2269 1371 2324 Is
1395 2269 1536 2323 enim
1562 2268 1714 2335 nobis
1742 2284 1986 2339 magnam

402 2362 527 2417 fecit
556 2362 929 2427 mutationem,
958 2375 1243 2431 rerumque
1265 2363 1665 2418 conversionem
1706 2377 1768 2417 ac
1805 2361 1987 2417 tradu-

384 2453 658 2507 ctionem.
691 2452 835 2507 Hanc
863 2454 1210 2509 mutationem
1233 2454 1535 2522 signiﬁcans
1560 2467 1768 2523 quoque
1796 2453 1987 2508 Paulus

389 2543 616 2598 ~diccbat
636 2560 649 2596 :
671 2541 841 2608 Quare
854 2544 899 2599 si
909 2560 1009 2614 qua
1024 2544 1077 2598 in
1097 2543 1296 2599 Christo
1313 2558 1440 2597 nova
1456 2553 1687 2597 creatura
1704 2543 1777 2615 (2.
1799 2543 1911 2599 Cor.
1930 2544 1984 2600 5.

403 2637 516 2705 Π).
548 2636 619 2691 Et
656 2635 776 2691 ideo
803 2652 909 2691 non
937 2636 1065 2692 dicit
1102 2637 1154 2690 in
1188 2636 1466 2707 principio,
1498 2636 1637 2690 Dixit
1666 2650 1761 2690 cor
1786 2651 1983 2691 meum.

403 2727 665 2795 Quoniam
697 2726 839 2782 enim
867 2742 1052 2782 eorum
1075 2742 1195 2798 quas
1233 2726 1546 2782 dicebantur
1575 2726 1702 2782 nihil
1735 2736 1850 2783 erat
1884 2727 1985 2782 hu-

386 2832 661 2883 «uanum,
686 2817 780 2872 sed
812 2818 1042 2873 cmlcstia
1074 2833 1137 2873 ac
1165 2818 1457 2889 spiritualia
1501 2827 1617 2873 erat
1647 2816 1981 2884 narraturus,

404 2925 572 2979 eaque
600 2925 712 2965 non
742 2925 806 2965 cx
842 2911 1054 2980 propria
1084 2911 1407 2977 inventione,
1433 2911 1529 2967 sed
1560 2927 1622 2965 ex
1652 2911 1829 2965 divina
1858 2926 1991 2981 ope-

396 3006 635 3069 ratione,
662 3002 1026 3058 -eructationis
1071 3003 1288 3058 nomine
1316 3002 1419 3057 hoc
1447 3003 1989 3073 signiﬁcat.‘Eructa-

405 3110 525 3150 mus
546 3096 687 3150 enim
710 3110 820 3149 non
852 3082 1067 3166 quando
1084 3094 1363 3161 volumus,
1388 3095 1481 3149 sed
1510 3094 1650 3150 hunc
1676 3110 1984 3151 sermonem

406 3187 666 3243 habemus
703 3187 916 3258 quando
959 3187 1223 3249 volumus,
1271 3201 1502 3258 cumque
1545 3195 1601 3243 et
1647 3188 1892 3255 dicimus,
1937 3196 1992 3244 et

406 3277 746 3347 rcprimimus
774 3294 788 3330 :
818 3277 1201 3334 cructationem
1221 3286 1397 3332 autem
1426 3294 1532 3333 non
1563 3279 1762 3335 itidem.
1792 3278 1994 3335 Osten-

402 3370 542 3425 dens
591 3370 765 3439 itaque
802 3384 919 3439 qua:
948 3369 1196 3424 dicuntur
1236 3386 1341 3423 non
1391 3384 1510 3425 esse
1544 3371 1758 3425 humani
1805 3370 1986 3435 studii,

400 3460 505 3515 sed
533 3459 732 3514 divina:
762 3459 1140 3529 inspirationis,
1172 3476 1289 3531 qua:
1318 3477 1440 3515 eum
1472 3462 1740 3528 incitabat,
1778 3473 1990 3518 eructa-

396 3553 607 3606 tioncm
639 3550 971 3619 prephetiam
997 3552 1298 3618 appellavit.
1343 3551 1799 3619 Quemadmodum
1845 3555 1989 3609 enim

412 3645 466 3698 in
510 3644 841 3699 eructatione
886 3643 935 3698 id
964 3643 1104 3713 quod
1145 3644 1220 3711 lit,
1266 3644 1439 3699 oritur
1474 3660 1537 3700 ex
1567 3646 1815 3715 qualitate
1840 3647 1989 3702 cibo-

403 3751 524 3790 rum
550 3752 562 3788 :
595 3734 665 3788 ita
694 3735 851 3789 etiam
879 3734 931 3789 in
954 3733 1195 3788 doctrina
1227 3735 1508 3803 spirituali.
1537 3734 1683 3789 Talia
1713 3751 1839 3804 ergo
1866 3751 1989 3790 eru-

405 3828 606 3893 ctahat,
644 3826 818 3896 qualia
847 3825 1180 3880 comedebat.
1216 3826 1347 3881 Vide
1388 3834 1565 3881 autem
1605 3826 1727 3881 alibi
1777 3843 1991 3898 quoque

402 3920 567 3973 alium
588 3917 896 3988 prophetam
931 3918 1066 3972 hanc
1086 3918 1457 3987 Operationem
1484 3917 1830 3973 similitudine
1859 3935 1989 3974 scn-

392 4012 545 4066 sibili
588 4011 997 4081 exprimentem,
1028 4019 1093 4064 et
1120 4010 1385 4064 «volumen
1431 4009 1548 4063 libri
1597 4010 1985 4076 comedentem,

404 4104 562 4175 idque
601 4119 721 4159 cum
747 4105 1036 4174 voluptate.
1086 4102 1211 4158 Fuit
1240 4106 1404 4170 enini,
1446 4104 1633 4174 inquit,
1664 4104 1715 4157 in
1758 4120 1843 4158 ore
1879 4121 1989 4159 meo

390 4205 658 4266 tamquam
683 4196 782 4251 mel
808 4196 955 4252 dulce
978 4193 1191 4270 (Ezech.
1220 4196 1274 4252 3.
1304 4198 1377 4267 5).
1416 4197 1549 4264 Quia
1576 4212 1703 4267 ergo
1731 4197 1990 4266 spiritua-

403 4287 508 4342 lem
537 4290 760 4357 gratiam
791 4297 1134 4359 acceperunt,
1185 4289 1264 4343 eis
1302 4303 1515 4359 quoque
1561 4289 1749 4343 similia
1783 4299 1992 4343 eructa-

390 4385 547 4429 'runt.
587 4376 738 4445 Quod
779 4379 920 4433 enim
960 4394 1060 4435 nec
1106 4379 1175 4434 de
1201 4378 1314 4433 hac
1361 4379 1692 4434 eructatione
1726 4379 1986 4445 sensibili,

403 4482 503 4521 nec
530 4467 598 4522 de
632 4468 767 4522 cibis
807 4478 1012 4538 agatur,
1043 4470 1166 4524 audi
1216 4470 1468 4541 quidnam
1508 4479 1734 4535 eructct,
1774 4479 1828 4525 et
1869 4472 1989 4541 quis

397 4558 494 4614 ille
539 4559 608 4613 sit
634 4560 969 4630 quieructat.
1003 4560 1116 4615 Non
1144 4563 1469 4629 stomachus,
1501 4564 1590 4634 qui
1635 4572 1720 4618 est
1743 4562 1985 4617 ciborum

403 4653 815 4722 receptaculum,
863 4653 957 4708 sed
1004 4668 1117 4707 cor.
1169 4653 1431 4708 Eructavit
1479 4655 1645 4717 enim.
1677 4654 1866 4724 inquit,
1900 4669 1988 4707 cor

401 4762 585 4801 meum.
619 4745 685 4800 Et
708 4744 832 4816 quid
862 4744 1111 4801 eructat?
1154 4744 1267 4799 Non
1299 4745 1496 4810 cibum,
1527 4762 1625 4801 nec
1657 4756 1862 4815 potum,
1893 4744 1986 4799 sed

402 4855 522 4911 qutc
549 4846 673 4894 sunt
702 4852 898 4892 mensae
928 4846 1247 4908 opportuna,
1277 4835 1477 4891 Bonum
1521 4837 1744 4899 verbum,
1794 4850 1987 4905 nempe

399 4930 467 4985 de
498 4927 780 5001 Unigenito
806 4945 821 4982 :
845 4928 889 4983 is
912 4937 996 4984 est
1022 4928 1163 4983 enim
1188 4929 1419 4982 maxime
1439 4927 1627 4982 bonus.
1658 4925 1793 4981 Veni
1817 4928 1982 4993 enim,

400 5022 592 5093 inquit,
623 5037 723 5076 non
750 5018 1049 5093 utjudicem
1078 5018 1345 5083 mundum,
1389 5017 1478 5071 sed
1505 5025 1559 5070 ut
1604 5017 1849 5070 mundum
1879 5018 1986 5071 sal-

396 5133 514 5171 uum
540 5115 727 5184 faciam
753 5112 931 5189 (Jean.
952 5112 1039 5169 12.
1062 5113 1175 5185 47).
1202 5111 1388 5167 Omnia
1413 5110 1558 5164 mitia
1590 5124 1653 5164 ac
1683 5119 1983 5175 mansueta,

397 5209 575 5263 omnia
602 5206 866 5278 supplicio
885 5205 1073 5261 libera.
1109 5206 1325 5259 Eructat
1344 5210 1522 5258 autem
1555 5202 1700 5266 talia,
1729 5202 1980 5272 quoniam

397 5317 493 5358 cur
520 5314 674 5357 suum
719 5296 1053 5371 expurgavit.
1089 5296 1547 5367 Quemadmodum
1598 5296 1738 5351 enim
1771 5304 1979 5362 venter,

396 5392 610 5465 quando
651 5392 882 5447 sordidis
913 5391 1094 5447 succis
1122 5388 1282 5445 fuerit
1313 5389 1520 5459 plenus,
1548 5389 1629 5443 eis
1670 5395 1894 5459 cognata
1927 5396 1983 5441 et

396 5486 695 5542 consimilia
720 5494 948 5552 eructat,
977 5483 1070 5540 sed
1109 5481 1324 5554 quando
1363 5497 1524 5535 sanus
1552 5479 1732 5545 fuerit,
1766 5479 1813 5533 ei
1848 5492 1982 5547 quo-

392 5595 501 5650 qne
538 5578 943 5633 convenientem
978 5577 1087 5632 edit
1111 5574 1498 5631 eructationem
1537 5591 1550 5626 :
1580 5573 1653 5627 ita
1696 5570 1855 5625 etiam
1887 5582 1981 5623 cor

396 5670 673 5741 prephctzn
727 5678 1004 5740 postquam
1039 5667 1134 5721 fuit
1159 5682 1187 5719 a
1230 5667 1463 5737 peccatis
1501 5663 1747 5727 liberum,
1777 5660 1981 5727 accepit

394 5764 620 5833 gratiam
635 5759 885 5829 Spiritus,
904 5769 958 5814 et
974 5768 1176 5814 eructat
1189 5758 1409 5814 verbum
1428 5756 1645 5811 bonum.
1669 5754 1801 5808 lliuc
1817 5752 1976 5807 etiam

395 5852 593 5923 atiquid
632 5851 775 5907 aliud
806 5851 1081 5916 discimus,
1114 5865 1300 5920 nempe
1330 5847 1609 5921 prophetas
1656 5860 1761 5902 non
1805 5843 1969 5899 fuisse

1115 390 1171 448 S.
1213 389 1489 447 .IOANNIS
1524 385 1996 443 CllllYSOSTOlll
2042 386 2359 441 AllClllEl‘.
2403 386 2946 443 CONSTANTINOP.

3576 392 3679 444 ιδιι

2092 500 2228 554 sicut
2244 511 2408 569 vates.
2432 501 2538 556 Illic
2553 502 2694 558 enim
2713 503 2923 572 quando
2938 502 3145 558 tlzcmon
3160 502 3388 558 animam
3406 504 3677 575 invaserit,

2093 591 2246 646 orbat
2275 602 2505 649 mentem
2527 609 2588 650 ac
2612 596 3005 665 cogitationem,
3029 604 3080 649 et
3108 599 3366 652 rationem
3407 599 3676 661 obscurat.

2092 694 2145 738 et
2169 685 2237 739 ita
2260 687 2435 741 omnia
2460 688 2532 742 illi
2553 703 2648 743 ore
2669 702 2766 743 suo
2796 688 3101 759 loquuntur,
3131 698 3310 746 mente
3331 691 3462 748 nihil
3486 694 3678 749 intelli-

2092 788 2248 849 gente
2263 794 2445 833 eorum
2464 796 2581 850 qua:
2599 781 2905 851 loquuntur,
2930 788 3032 836 aen
3048 797 3203 837 secus
3221 798 3284 838 ac
3299 783 3345 838 si
3363 785 3677 858 tibia-aliqua

2095 872 2377 925 iuanimata
2400 873 2664 943 loquatur.
2686 874 2799 929 Hoc
2829 875 2988 929 etiam
3013 874 3144 930 dixit
3163 876 3353 947 aliquis
3379 893 3563 934 eorum
3589 882 3678 950 qui

2094 972 2213 1016 sunt
2229 963 2366 1032 apud
2384 963 2526 1032 ipsos
2538 964 2969 1035 philosophorum
2988 966 3089 1036 (a),
3110 968 3190 1023 his
3204 969 3406 1023 verbis:
3425 970 3682 1036 Quemad-

2093 1054 2297 1108 modum
2316 1055 2353 1107 ii
2376 1056 2462 1125 qui
2482 1072 2722 1126 responsa
2751 1067 2938 1111 canunt
2960 1068 3007 1112 et
3036 1068 3171 1114 vates
3192 1061 3354 1115 multa
3375 1063 3575 1131 quidem
3595 1065 3649 1117 di
3663 1097 3680 1110 υ

2093 1156 2229 1211 runt,
2248 1163 2416 1200 eorum
2431 1156 2595 1201 autem
2609 1164 2723 1215 qua:
2738 1149 2930 1217 dicunt,
2948 1151 3076 1205 nihil
3090 1152 3270 1207 sciunt.
3289 1153 3391 1208 Sed
3407 1169 3508 1209 non
3528 1154 3596 1210 ita
3612 1156 3681 1210 fa-

2091 1238 2164 1291 cit
2193 1248 2410 1293 sanctus
2446 1239 2695 1308 Spiritus,
2742 1240 2837 1296 sed
2877 1243 3132 1311 permittit
3173 1251 3230 1297 ut
3269 1258 3363 1299 cor
3390 1256 3680 1316 cognoscat

2092 1344 2211 1397 quae
2250 1328 2516 1383 dicuntur.
2562 1330 2615 1385 Si
2661 1333 2803 1385 enim
2849 1347 2954 1386 non
2999 1344 3367 1403 cognosceret,
3408 1338 3678 1405 quomodo

2092 1419 2313 1484 diceret,
2353 1420 2568 1476 Verbum
2602 1422 2828 1478 bonum?
2866 1424 3077 1479 Daemon
3107 1427 3271 1491 enim,
3303 1437 3483 1496 utpote
3510 1428 3679 1484 hostis

2096 1524 2150 1566 et
2184 1513 2450 1579 inimicus,
2478 1528 2601 1569 cum
2633 1514 2905 1570 hominum
2928 1527 3114 1573 natura
3139 1517 3336 1573 bellum
3358 1529 3495 1589 gent
3518 1536 3530 1572 :
3558 1520 3680 1590 Spi-

2091 1606 2225 1659 ritus
2259 1615 2434 1659 autem
2479 1615 2715 1671 sanctus,
2758 1616 2815 1661 ut
2858 1607 2948 1677 qui
2995 1608 3159 1664 nostri
3195 1625 3374 1663 curam
3415 1621 3583 1679 gerat,
3625 1620 3678 1666 et

2095 1695 2354 1751 beneﬁcio
2396 1696 2610 1765 alﬁcial,
2639 1697 2691 1752 id
2718 1699 2821 1767 agit
2854 1708 2910 1754 ut
2934 1700 3022 1769 qui
3061 1716 3182 1754 eum
3222 1702 3534 1771 suscipiunt,
3565 1704 3674 1756 sint

2094 1802 2282 1841 sensus
2312 1790 2615 1859 participes,
2648 1798 2702 1844 et
2732 1790 2831 1845 illis
2859 1791 3294 1862 intelligentibus,
3327 1794 3527 1849 revelat
3558 1812 3675 1865 qum

2092 1880 2356 1933 dicuntur.
2393 1879 2519 1934 Dico
2546 1899 2635 1952 ego
2668 1898 2820 1951 opera
2846 1899 2956 1936 mea
2999 1885 3124 1955 regi.
3152 1885 3321 1951 Alitis,
3349 1883 3510 1939 Facta
3542 1904 3674 1941 mea.

2093 1969 2347 2036 Quasnam
2397 1970 2525 2026 dicit
2565 1974 2766 2041 opera?
2809 1973 3170 2044 Prophctiam.
3214 1976 3673 2043 Quemadmodum

2092 2061 2232 2115 enim
2259 2060 2401 2116 fabri
2424 2063 2597 2117 turarii
2626 2079 2760 2133 Opus
2785 2076 2869 2121 est
2903 2065 3075 2121 facere
3100 2067 3396 2133 dolabram,
3422 2080 3477 2125 et
3501 2072 3677 2125 archi-

2095 2151 2218 2205 tecti
2262 2150 2480 2206 domum
2526 2152 2721 2221 facere,
2772 2169 2831 2211 et
2869 2157 3082 2211 navium
3116 2156 3444 2214 fabricatoris
3483 2176 3676 2217 navem

2091 2242 2432 2312 compingare
2463 2260 2477 2297 :
2512 2243 2580 2298 ita
2621 2254 2705 2300 est
2733 2246 2893 2300 etiam
2924 2248 3194 2318 prophctm
3224 2258 3403 2305 texere
3443 2251 3676 2320 prephc-

2092 2333 2239 2386 tiam.
2270 2334 2419 2400 Quod
2449 2336 2590 2389 enim
2616 2334 2717 2391 hoc
2743 2352 2953 2408 quoque
2978 2339 3047 2393 sit
3069 2354 3224 2409 opus,
3254 2341 3375 2395 audi
3404 2342 3672 2396 Christum

2091 2425 2358 2481 dicentem
2399 2427 2466 2482 de
2493 2430 2767 2499 apostolis,
2812 2429 3013 2503 Dignus
3040 2443 3113 2487 est
3147 2435 3409 2503 operarius
3450 2439 3675 2492 mercede

2093 2532 2186 2570 sua
2222 2515 2370 2588 (Luc.
2405 2517 2489 2573 10.
2525 2519 2598 2590 7).
2628 2519 2699 2574 Ει
2723 2520 2916 2576 Paulus
2945 2538 2959 2575 :
2993 2522 3220 2578 Maxime
3247 2528 3332 2593 qui
3364 2526 3593 2580 laborant
3620 2529 3677 2582 in

2093 2605 2239 2659 verba
2259 2616 2305 2659 et
2324 2606 2551 2662 doctrina
2571 2608 2647 2679 (l.
2670 2608 2799 2663 Tim.
2821 2610 2873 2665 5.
2895 2609 3002 2683 Π).
3022 2610 3239 2668 Si-euim
3257 2630 3359 2667 non
3382 2625 3496 2670 erat
3520 2632 3673 2687 opus,

2092 2696 2361 2767 quomodo
2390 2698 2571 2753 habuit
2596 2700 2878 2756 laborem?
2910 2702 3045 2769 Quid
3089 2714 3170 2759 est
3198 2706 3338 2760 enim
3375 2705 3479 2761 hoc
3513 2721 3680 2777 epere

2095 2788 2471 2857 prmstantius?
2496 2790 2624 2861 quid
2661 2807 2786 2846 vero
2809 2792 3033 2848 utilius?
3053 2793 3309 2850 Omnibus
3342 2797 3546 2851 artibus
3572 2811 3686 2851 διι-

2094 2881 2308 2935 blimius
2336 2892 2435 2936 est.
2470 2882 2745 2950 Quodnam
2792 2893 2873 2940 est
2902 2901 3028 2956 ergo
3070 2886 3171 2943 hoc
3198 2902 3353 2957 opus.
3382 2889 3523 2957 quod
3561 2891 3679 2957 regi

2095 2971 2261 3026 dicit?
2300 2972 2395 3027 Hic
2422 2974 2674 3045 hymnus,
2717 2975 2832 3030 haec
2860 2976 3157 3046 prOphetia.
3188 2977 3304 3032 Non
3333 2978 3467 3032 dixit
3499 2988 3679 3033 autem

2095 3064 2304 3117 cuinam
2342 3065 2479 3134 regi,
2512 3066 2814 3137 signiﬁcans
2847 3081 2906 3122 se
2934 3068 3110 3124 dicere
3142 3070 3251 3124 Deo
3289 3071 3680 3124 universorum.

2084 3154 2550 3222 Quemadmodum
2597 3160 2740 3213 enim
2767 3160 2981 3230 quando
3000 3160 3231 3227 dicimus
3270 3175 3450 3231 regem
3480 3162 3676 3215 Persa-

2088 3263 2235 3312 rum,
2264 3263 2367 3302 non
2388 3248 2707 3318 simpliciter
2734 3260 2789 3306 et
2814 3251 3055 3307 absolute
3098 3268 3275 3323 regem
3302 3253 3547 3318 dicimus,
3579 3254 3680 3308 sed

2094 3339 2372 3409 adjicimus
2399 3342 2698 3408 Persarum,
2732 3344 2801 3397 ita
2827 3345 2984 3399 etiam
3033 3346 3438 3412 Armeniorum;
3467 3349 3682 3417 quando

2095 3445 2272 3487 autem
2290 3442 2546 3488 nostrum
2574 3434 2824 3500 dicimus,
2873 3450 2976 3490 non
3009 3435 3267 3492 habemus
3311 3452 3445 3507 opus
3473 3438 3681 3491 addita-

2096 3532 2299 3588 mento,
2341 3523 2434 3579 sed
2483 3524 2679 3579 sufﬁcit
2724 3526 2877 3580 nobis
2926 3542 3104 3595 regem
3149 3526 3368 3581 dicere:
3399 3527 3467 3581 ita
3515 3530 3680 3583 etiam

2097 3615 2373 3686 propheta,
2408 3617 2657 3686 quoniam
2696 3618 2927 3688 loquitur
2971 3618 3039 3673 de
3078 3633 3144 3673 eo
3170 3619 3259 3689 qui
3290 3635 3412 3675 vere
3447 3636 3538 3675 rex
3573 3629 3679 3687 est,

2095 3709 2226 3762 satis
2270 3708 2427 3763 habet
2454 3709 2500 3763 si
2541 3709 2704 3774 dicat,
2738 3709 2885 3781 Regi.
2937 3711 3087 3765 Sicut
3121 3712 3260 3765 enim
3303 3727 3422 3766 cum
3450 3713 3682 3769 dicimus

2095 3801 2536 3871 omnipotentem,
2568 3802 2707 3856 nulla
2733 3818 2867 3874 opus
2905 3804 3163 3859 habemus
3193 3804 3512 3874 adjectioue,
3543 3821 3683 3876 quo-

2096 3894 2236 3947 niam
2265 3909 2371 3948 non
2396 3905 2477 3949 est
2501 3894 2636 3949 alius
2656 3895 3036 3964 onttiipotens:
3073 3896 3141 3949 ita
3165 3896 3323 3951 etiam
3349 3912 3469 3951 cum
3497 3912 3677 3966 regem

2096 3983 2341 4050 dicimus,
2388 4001 2493 4039 non
2543 3985 2802 4041 habemus
2844 4000 2978 4055 opus
3020 3986 3119 4040 alia
3165 3987 3484 4056 adiectione,
3534 3989 3680 4057 quod

2096 4091 2203 4131 non
2223 4077 2292 4131 sit
2314 4076 2449 4131 alius
2471 4092 2561 4131 rex
2597 4077 2753 4131 Deus.
2784 4076 3031 4147 Alioquin
3051 4086 3227 4132 autem
3252 4078 3305 4132 is
3332 4080 3421 4148 qui
3452 4079 3502 4132 id
3533 4078 3681 4134 dicc-

2095 4165 2186 4220 bat
2224 4181 2315 4220 rex
2343 4175 2478 4219 erat.
2508 4164 2661 4221 Unde
2704 4165 2905 4221 clarum
2950 4176 3030 4222 est
3060 4181 3182 4221 eum
3226 4182 3331 4222 non
3367 4167 3435 4223 de
3461 4167 3680 4224 homine

2094 4256 2292 4321 dicere,
2343 4255 2438 4311 sed
2464 4255 2531 4311 de
2562 4257 2670 4311 Deo
2712 4257 3114 4325 universorum;
3166 4269 3223 4313 et
3262 4258 3383 4314 ideo
3413 4274 3516 4313 non
3547 4258 3681 4316 dixit

2093 4355 2308 4421 βασιλεῖ,
2330 4347 2424 4403 sed
2450 4358 2517 4419 τῷ
2538 4356 2752 4419 βασιλεῖ,
2783 4347 3081 4419 adiectione
3120 4349 3332 4404 artictdi
3352 4350 3677 4420 peculiarem

2093 4441 2508 4499 dominationem
2532 4440 2841 4497 ostendens.

2162 4536 2216 4590 2.
2260 4534 2458 4589 Deinde
2478 4549 2661 4589 rursus
2680 4532 2959 4589 declarans
2986 4549 3106 4605 quae
3126 4533 3393 4599 dicuntur,
3423 4549 3528 4589 non
3551 4549 3675 4591 esse

2093 4628 2161 4682 ab
2189 4628 2405 4683 homine
2430 4626 2747 4697 excogitata,
2781 4628 3028 4682 meditata
3058 4638 3113 4683 et
3135 4631 3431 4699 composita
3449 4668 3464 4693 ,
3496 4628 3590 4682 sed
3615 4645 3679 4682 ea

2091 4737 2209 4777 esse
2235 4722 2427 4777 divinae
2453 4720 2657 4792 gratiae,
2685 4731 2736 4775 et
2757 4733 2816 4775 se
2837 4729 3040 4775 tantum
3065 4720 3296 4790 linguam
3327 4720 3407 4774 eis
3434 4733 3680 4774 commeo

2090 4814 2267 4882 dasse,
2298 4813 2573 4883 subjnnxit
2601 4830 2614 4867 :
2637 4811 2836 4883 Lingua
2857 4828 2968 4866 mea
2992 4812 3217 4865 calamus
3241 4811 3419 4865 scribta
3445 4810 3685 4865 uelociter

2088 4906 2369 4961 scribentis.
2401 4904 2649 4959 Calamus
2669 4914 2846 4958 autem
2870 4917 2931 4957 ea
2950 4902 3153 4968 scribit,
3182 4918 3301 4972 qua:
3323 4902 3473 4970 jubet
3489 4918 3682 4960 manus

2088 4999 2204 5069 ejus
2230 4998 2319 5068 qui
2349 5012 2470 5051 eum
2501 5004 2665 5050 tenet.
2696 4994 2847 5048 Alius
2876 5001 3053 5048 autem
3078 4992 3232 5056 dicit,
3265 4991 3462 5063 Lingua
3490 5009 3601 5046 mea
3622 5006 3679 5048 ut

2088 5088 2249 5161 slglus
2271 5088 2446 5143 scriba:
2471 5086 2665 5141 celeris.
2698 5084 2833 5153 Quid
2874 5084 2972 5139 sibi
3005 5083 3116 5137 vult
3155 5083 3319 5151 illud,
3351 5081 3581 5138 Celeris?
3609 5084 3683 5141 Ut

2088 5198 2155 5238 ex
2184 5197 2249 5238 eo
2274 5194 2486 5252 quoque
2524 5177 2773 5233 ostendat
2799 5177 3045 5247 gratiam.
3090 5176 3188 5242 Qui
3216 5176 3359 5231 enim
3383 5172 3583 5245 aliquid
3609 5192 3680 5233 ex

2088 5290 2148 5331 se
2174 5275 2435 5345 prolatum
2464 5272 2715 5341 loquitur,
2734 5269 2920 5325 diﬁ'ert
2942 5279 2996 5324 et
3024 5279 3340 5334 cunctatur,
3373 5268 3636 5323 meditans
3656 5311 3676 5336 ,

2088 5380 2413 5437 componens
2434 5406 2448 5429 ,
2495 5363 2779 5434 impeditus
2809 5362 3172 5432 ignoratione,
3204 5360 3416 5415 inscitia
3448 5369 3501 5415 et
3540 5359 3680 5414 dila-

2086 5461 2231 5515 tione
2255 5476 2269 5524 ;
2297 5467 2352 5513 et
2377 5458 2539 5512 multa
2565 5462 2690 5512 sunt
2717 5470 2833 5524 qua:
2858 5454 3192 5509 velocitatem
3219 5451 3484 5506 sermonis
3502 5450 3674 5504 inter-

2087 5553 2299 5609 turbaut
2326 5569 2339 5604 :
2367 5549 2578 5621 quando
2601 5558 2779 5603 autem
2802 5558 3034 5602 ruentem
3058 5557 3238 5599 movet
3260 5544 3510 5613 Spiritus,
3539 5539 3675 5594 nihil

2085 5644 2331 5715 estquod
2376 5640 2789 5714 impediat;sed
2830 5642 2969 5695 sicut
3024 5652 3179 5710 aqua:
3233 5637 3499 5707 impetus,
3544 5648 3672 5688 cum

2084 5780 2224 5897 99ml),
2254 5778 2381 5830 Plato
2419 5779 2469 5829 in
2491 5776 2699 5841 Apolog.
2724 5773 2929 5825 soa'atis
2964 5786 3013 5836 p.
3055 5770 3137 5833 22,
3156 5778 3206 5831 c,
3234 5772 3290 5821 et
3320 5770 3368 5820 in
3389 5773 3593 5818 lenone
3617 5780 3670 5829 p.

2148 5878 2239 5905 ου.
