4084 6278
335 333 430 386 185

327 455 515 512 magno
544 455 819 495 murmure
858 438 1185 508 prmeipilat,
1214 430 1550 508 prOgréditur
1580 455 1592 491 :
1629 438 1697 491 ita
1743 437 1914 507 gratia

326 531 556 602 Spiritus
582 546 702 586 cum
735 545 923 601 magna
948 529 1227 586 celeritate
1257 527 1517 598 procedit,
1551 529 1730 583 omnia
1763 529 1917 595 levia,

324 624 474 693 plana
495 632 550 678 et
569 621 812 693 expedita
847 620 1147 691 proferens.
1182 619 1384 675 Deinde
1404 619 1507 675 hoc
1535 620 1708 690 ipsum
1735 635 1923 676 rursus

321 732 621 787 expurgans
643 756 658 778 ,
689 723 744 770 et
771 714 1060 770 ostendens
1088 712 1216 767 nihil
1245 727 1363 767 esse
1395 712 1681 767 humanum
1727 727 1911 766 eorum

319 822 438 877 qua:
461 806 726 873 dicuntur,
758 804 1032 876 subjungit
1063 804 1151 860 :5.
1182 802 1453 875 Speciosus
1477 803 1644 874 forma
1666 818 1774 874 pra:
1800 802 1922 868 ﬁliis

321 898 604 951 hominum.

399 986 584 1041 Versus
609 986 817 1057 quidam
843 987 994 1056 hujus
1017 983 1211 1039 Psalmi
1238 985 1305 1037 ad
1327 982 1582 1038 Christum
1603 987 1912 1055 referantur;

320 1093 374 1133 ut
405 1096 517 1134 uere
543 1079 695 1149 fuerit
726 1096 922 1150 pauper
950 1078 1203 1134 Christus.
1226 1108 1297 1118 —
1316 1077 1563 1133 Nonnulli
1598 1078 1810 1147 quidem
1833 1078 1918 1132 di-

319 1179 450 1223 cunt
476 1167 579 1224 hoc
607 1168 805 1223 dictum
829 1183 950 1223 esse
974 1169 1040 1223 de
1062 1168 1259 1239 lingua,
1287 1168 1426 1238 quod
1456 1169 1523 1223 sit
1543 1169 1778 1223 calamus
1799 1183 1921 1237 spc-

319 1260 497 1313 eiosus
528 1257 699 1312 forma
733 1276 746 1312 :
781 1258 910 1311 mihi
961 1267 1140 1313 autem
1182 1259 1390 1313 videtur
1415 1274 1536 1313 eum
1578 1259 1827 1329 deinceps
1855 1259 1921 1313 de

319 1349 535 1404 Christo
555 1349 753 1404 dicere.
776 1348 842 1404 Et
862 1349 980 1403 ideo
996 1348 1134 1404 alius
1155 1364 1367 1418 quoque
1383 1349 1511 1403 dicit
1532 1350 1796 1420 interpres
1822 1349 1916 1419 (a):

322 1440 711 1494 Pulchritudine
737 1448 946 1494 ornatus
967 1455 1018 1493 es
1037 1455 1069 1491 a
1092 1438 1215 1508 ﬁliis
1242 1440 1525 1493 hominum.
1559 1420 1747 1509 Magno
1767 1440 1909 1493 enim

321 1532 518 1587 ardore
550 1541 604 1586 et
631 1548 839 1587 summa
866 1532 916 1585 in
951 1546 1074 1587 eum
1102 1531 1382 1586 alii-ctione
1410 1531 1642 1600 percitus
1666 1574 1680 1597 ,
1704 1531 1768 1584 ad
1798 1546 1918 1586 eum

318 1626 588 1681 convertit
625 1627 954 1691 orationem,
1000 1624 1445 1694 quemadmodum
1487 1623 1652 1680 Iacob
1707 1640 1920 1694 quoque

318 1717 539 1771 dicebat
567 1733 580 1769 :
616 1713 699 1770 Ea:
742 1717 991 1787 germine,
1020 1716 1097 1784 ﬁli
1142 1716 1250 1782 mi,
1290 1715 1563 1769 ascendisti
1582 1732 1600 1778 ;
1632 1716 1920 1769 recumbens

322 1808 613 1861 dormivisti
651 1817 706 1860 ut
732 1807 811 1861 leo
838 1807 857 1875 (
883 1805 1009 1861 Gen.
1039 1806 1130 1861 49.
1161 1806 1259 1876 9).
1301 1808 1340 1859 A
1377 1806 1487 1860 Deo
1524 1806 1666 1860 enim
1712 1806 1922 1876 afﬂatus

319 1913 446 1952 cum
476 1911 542 1952 eo
566 1897 817 1965 deinceps
846 1874 1101 1965 loquitur,
1132 1904 1186 1949 et
1212 1874 1275 1951 ad
1306 1895 1478 1964 ipsum
1509 1895 1686 1965 dirigit
1717 1874 1919 1950 oratio-

318 2002 466 2043 nem.
506 1988 619 2043 lloc
645 1997 821 2042 autem
852 1987 980 2041 dicit
1005 2002 1111 2040 non
1151 2002 1244 2056 per
1286 1987 1737 2056 comparationem
1767 2002 1780 2038 :
1811 2001 1917 2039 non

316 2080 463 2134 enim
496 2080 650 2145 dixit,
682 2078 1004 2148 Speciosior,
1035 2078 1151 2143 sed,
1178 2079 1453 2148 Speciosus
1474 2082 1639 2149 forma
1662 2093 1767 2146 pra:
1798 2078 1917 2146 ﬁliis

329 2172 613 2225 hominum.
648 2170 772 2226 Ilaec
805 2170 1146 2240 pulchritudo
1166 2179 1246 2225 est
1273 2170 1373 2223 alia
1398 2170 1465 2223 ab
1486 2170 1595 2224 illa.
1622 2169 1913 2225 Considera

315 2270 496 2316 autem
517 2260 785 2331 quomodo
813 2261 1040 2332 primum
1071 2261 1321 2331 loquitur,
1345 2261 1412 2315 de
1440 2261 1683 2315 humanae
1715 2270 1918 2316 natura)

314 2352 676 2423 susceptione.
705 2351 857 2420 Quod
884 2362 1056 2407 autem
1106 2351 1173 2407 de
1211 2368 1272 2405 ea
1316 2352 1562 2422 loquatur
1585 2394 1599 2417 ,
1633 2351 1917 2406 ostendunt

315 2460 440 2515 quze
470 2454 780 2515 sequuntur.
808 2443 941 2499 Cum
985 2445 1126 2499 enim
1167 2442 1386 2498 dixisset
1412 2485 1426 2505 ,
1453 2443 1722 2513 Speciosus
1753 2447 1917 2515 forma

316 2550 428 2603 prta
464 2535 585 2602 ﬁliis
615 2535 898 2602 hominum,
944 2534 1221 2605 subjunxit
1253 2551 1265 2588 :
1300 2533 1505 2604 Diffusa
1545 2543 1616 2587 est
1655 2534 1821 2603 gratia
1862 2534 1914 2588 in

314 2628 466 2681 labiis
512 2627 630 2680 tuis.
689 2627 828 2681 Deus
894 2635 1069 2681 autem
1133 2642 1238 2681 non
1285 2626 1441 2680 habet
1485 2626 1622 2681 Lbia
1651 2668 1664 2691 ,
1708 2626 1803 2682 sed
1851 2627 1918 2681 de

316 2722 569 2774 humana:
634 2728 839 2774 natura:
890 2720 1228 2789 susceptione
1283 2720 1472 2788 agitur.
1525 2720 1676 2775 Alius
1733 2730 1910 2776 autem

313 2812 584 2879 interpres
622 2809 802 2864 dicens
825 2852 838 2875 ,
886 2811 1075 2879 Refusa
1104 2818 1189 2864 ‘est
1227 2812 1390 2882 gratia
1427 2811 1572 2865 labiis
1619 2812 1718 2865 tuis
1744 2855 1759 2876 ,
1810 2811 1912 2868 hoc

315 2902 443 2957 fecit
483 2901 736 2971 apertius.
760 2901 896 2967 Quid
925 2913 1100 2955 autem
1140 2909 1222 2955 est
1242 2942 1256 2962 ,
1289 2901 1477 2971 llefusa
1507 2909 1597 2969 est,
1631 2903 1730 2956 nisi
1768 2902 1914 2957 velut

310 2994 353 3046 si
397 2992 516 3062 quis
550 2992 783 3057 diceret,
813 2992 942 3060 Quir.
967 3002 1082 3047 erat
1107 2992 1249 3046 intus
1271 3033 1286 3059 ,
1314 2993 1578 3056 scaturiit,
1603 2994 1912 3048 emanavit?

311 3084 593 3153 Quomodo
616 3100 743 3154 ergo
768 3084 895 3139 dicit
931 3084 1065 3139 alius
1108 3085 1360 3155 propheta
1393 3103 1406 3139 :
1446 3084 1674 3139 Vidimus
1700 3091 1908 3157 ipsum,

312 3185 356 3228 et
417 3192 518 3229 non
575 3175 746 3229 habuit
809 3175 1025 3243 speciem
1062 3216 1078 3242 ,
1137 3191 1228 3228 nec
1295 3174 1764 3244 pulchritudinem,
1823 3176 1910 3229 sed

312 3268 533 3337 speciem
593 3267 705 3334 ejus
762 3267 1050 3320 indecorum
1084 3307 1100 3332 ,
1155 3267 1453 3319 diminutum
1514 3282 1619 3336 pra:
1657 3268 1777 3335 ﬁliis
1820 3270 1911 3321 ho-

310 3361 505 3413 minum
532 3358 553 3431 (
577 3358 704 3413 Isui.
738 3359 827 3416 55.
854 3359 912 3412 2.
959 3358 1071 3429 3)?
1110 3358 1223 3413 Non
1270 3359 1399 3413 dicit
1439 3360 1507 3414 de
1541 3359 1898 3425 deformitate,

312 3449 492 3503 ahsit:
537 3448 631 3504 sed
672 3449 739 3504 de
779 3448 896 3518 ejus
922 3448 1336 3518 contemptione.
1375 3448 1507 3503 Cum
1547 3451 1687 3504 cnim
1732 3450 1898 3506 semel

314 3540 605 3594 humanam
655 3548 897 3593 naturam
937 3540 1301 3610 suscepisset,
1354 3556 1706 3610 qumcumque
1748 3550 1906 3597 erant

310 3631 437 3684 vilia
467 3640 521 3684 et
544 3631 932 3686 contemnenda
981 3631 1249 3698 pervasit,
1299 3641 1355 3684 ut
1391 3631 1479 3701 qui
1519 3646 1618 3687 nec
1655 3632 1754 3686 sibi
1786 3648 1901 3687 ma-

310 3732 447 3777 trem
483 3722 716 3792 reginam
742 3722 989 3777 asciverit
1008 3764 1023 3789 ,
1051 3737 1150 3778 nec
1179 3732 1418 3794 tempore
1456 3723 1896 3779 incunabulorum

310 3815 360 3868 in
392 3813 533 3868 lecto
560 3828 724 3869 aureo
751 3815 954 3884 positus
984 3815 1070 3880 sit,
1104 3814 1197 3869 sed
1222 3816 1271 3868 in
1304 3815 1548 3884 praescii,
1576 3830 1673 3871 nec
1700 3816 1753 3870 in
1786 3832 1900 3871 ma-

307 3906 502 3975 gnilica
526 3906 688 3962 domo
717 3906 878 3962 fuerit
901 3907 1178 3976 educatus,
1205 3907 1298 3961 sed
1321 3908 1373 3960 in
1402 3907 1534 3963 fabri
1565 3909 1768 3978 lignarii
1797 3909 1898 3962 lm-

307 3997 421 4052 mili
444 3995 760 4052 domuncula
783 3995 948 4068 (Luc.
970 3996 1024 4055 2.
1051 3995 1144 4068 7).
1171 3994 1236 4050 Et
1263 4010 1444 4051 rursus
1469 4011 1593 4051 cum
1613 3996 1902 4066 discipulos

307 4098 642 4155 assumeret,
676 4088 1057 4147 nonrhetores
1096 4098 1147 4143 et
1178 4086 1525 4157 philosomtos
1564 4088 1812 4157 accepit,
1844 4097 1900 4143 et

307 4197 483 4252 teges,
512 4180 606 4236 sed
634 4181 921 4251 piscatores
947 4188 1001 4235 et
1034 4179 1350 4251 publicanos
1377 4178 1397 4252 (
1423 4178 1607 4233 Matth.
1636 4179 1691 4234 4.
1727 4179 1814 4235 18.
1848 4189 1899 4233 et

306 4276 358 4331 9.
392 4275 500 4345 9):
529 4282 584 4329 et
615 4282 825 4329 tenuem
849 4273 989 4327 hanc
1015 4274 1174 4327 vitam
1206 4271 1643 4342 persequebatur,
1670 4286 1768 4325 nec
1795 4271 1892 4325 do-

307 4381 456 4422 mum
484 4364 709 4430 habens,
742 4379 843 4420 nec
869 4364 1106 4419 vestibus
1134 4363 1379 4434 pretiOsis
1408 4362 1642 4428 indutus,
1671 4376 1771 4418 nec
1798 4361 1894 4418 de-

308 4460 463 4515 licata
508 4467 564 4515 et
597 4459 739 4512 lauta
771 4470 955 4512 mensa
998 4454 1181 4510 fruens
1203 4496 1217 4520 ,
1249 4454 1342 4509 sed
1369 4454 1436 4508 ab
1474 4454 1591 4508 aliis
1622 4453 1852 4508 nutritus
1875 4495 1892 4520 ,

308 4551 520 4620 probris
544 4550 786 4615 allectus,
814 4557 1164 4615 contemptus,
1192 4545 1391 4616 ejectus
1411 4553 1467 4600 et
1490 4544 1697 4615 fugatus
1722 4544 1741 4617 (
1765 4544 1894 4601 Luc.

305 4644 356 4698 9.
391 4642 520 4712 58).
548 4641 675 4696 llzec
700 4652 878 4694 autem
916 4637 1142 4693 faciebat
1184 4652 1247 4691 ex
1276 4634 1730 4705 superabundanti
1770 4650 1897 4704 qua-

305 4733 430 4787 dam
478 4732 631 4803 copia
680 4730 971 4785 humanum
1012 4728 1209 4798 fastum
1246 4725 1587 4780 conculcans.
1631 4724 1889 4792 Quoniam

307 4844 434 4898 ergo
461 4829 531 4881 nil
576 4824 912 4897 magnificum
944 4838 1042 4879 nec
1083 4821 1368 4890 glorioznm
1409 4833 1516 4888 prae
1547 4833 1613 4873 se
1647 4817 1887 4883 ferebat,

306 4938 403 4976 nec
432 4921 570 4975 ullos
600 4921 824 4974 comites
861 4915 1128 4978 habebat,
1171 4928 1270 4968 nec
1295 4912 1553 4967 satellites
1575 4952 1590 4978 ,
1628 4911 1737 4966 imo
1762 4926 1891 4966 vero

308 5028 703 5083 nonnumquam
734 5011 893 5065 etiam
926 5007 1073 5062 solus
1117 5004 1413 5067 circuibat,
1443 5003 1582 5058 sicut
1608 5003 1830 5072 quibbet
1857 5017 1889 5057 ε

306 5105 533 5175 populo,
567 5110 848 5173 propterea
878 5099 970 5154 ille
997 5097 1210 5167 quidem
1253 5095 1397 5157 dicit,
1444 5093 1670 5147 Vidimus
1695 5092 1883 5162 ipsum,

304 5208 346 5249 et
375 5212 476 5249 non
501 5194 671 5247 habuit
693 5191 929 5262 speciem,
960 5205 1048 5242 nec
1070 5186 1492 5256 pulchritudinem
1521 5200 1541 5238 :
1561 5183 1647 5238 bic
1672 5193 1848 5238 autem
1869 5226 1884 5251 ,

304 5288 573 5355 Speciosus
600 5289 763 5348 forma
786 5297 893 5354 pra:
912 5281 1031 5350 ﬁliis
1055 5280 1309 5332 hominum
1336 5278 1354 5334 l
1374 5276 1501 5331 lsai.
1542 5278 1631 5332 53.
1657 5274 1692 5327 ‘2
1717 5274 1737 5347 )
1762 5291 1777 5339 ;
1810 5275 1882 5330 si-

301 5379 554 5446 gniﬁcans
590 5374 840 5446 gratiam,
872 5371 1207 5441 sapientiam,
1244 5369 1538 5422 doctrinam
1560 5409 1574 5432 ,
1609 5366 1883 5420 miracula.

304 5469 503 5525 Deinde
531 5466 843 5523 describens
867 5463 983 5533 ejus
1013 5460 1455 5531 pulchritudinem
1486 5459 1651 5514 dicit:
1683 5457 1886 5525 Diffusa

302 5573 371 5615 est
404 5563 566 5634 gratia
584 5562 639 5615 in
665 5558 809 5615 labiis
839 5557 958 5612 tuis.
990 5554 1149 5610 Vides
1177 5569 1297 5609 eum
1328 5553 1442 5608 hac
1468 5552 1645 5608 dicere
1684 5551 1752 5606 de
1784 5550 1883 5606 hu-

303 5645 452 5707 mana
495 5653 564 5706 ab
604 5666 671 5705 co
712 5655 955 5716 suscepta
1002 5656 1185 5700 natura
1202 5646 1225 5698 ’ἔ
1248 5644 1380 5712 Qua:
1423 5653 1505 5699 cst
1550 5652 1724 5700 autem
1771 5642 1881 5695 'lLlIC

362 5768 434 5830 (α)
466 5769 655 5833 Aquila.

1490 325 1844 383 EXPOSITIO
1882 326 1944 381 IN
1986 325 2303 384 PSALMUM
2346 329 2522 387 XLIV.

3527 340 3629 392 18b

2033 439 2246 508 gratia?
2274 441 2375 495 Per
2403 431 2558 511 quam
2605 442 2820 504 docuit,
2858 456 2951 512 per
2997 458 3152 514 quam
3181 444 3309 502 fecit
3347 450 3617 505 miraeuia.

2029 531 2262 587 Gratiam
2296 534 2379 587 hic
2421 534 2585 599 dicit,
2629 551 2745 589 eam
2773 551 2891 605 qua:
2917 535 3064 591 venit
3081 536 3148 591 ad
3172 550 3388 592 carnem
3419 539 3625 608 :Supr:

2026 642 2172 697 quem
2190 667 2204 690 ,
2235 627 2434 696 inquit,
2469 628 2650 682 videris
2672 630 2925 700 Spiritum
2964 629 3340 693 descendentem
3368 640 3620 701 tamquam

2027 719 2327 784 columbam,
2353 729 2397 771 ct
2423 730 2703 775 manentem
2724 739 2874 791 super
2896 723 3086 792 ipsum,
3120 722 3165 777 is
3186 734 3256 778 est
3286 723 3374 794 qui
3398 723 3617 793 baptizat

2026 809 2218 881 (Joan.
2258 812 2306 863 1.
2339 812 2467 881 55).
2498 810 2682 867 Omnis
2709 813 2850 867 enim
2882 814 3049 884 gratia
3089 812 3255 871 ell‘usa
3282 822 3366 869 est
3407 815 3460 869 in
3490 815 3618 869 illud

2025 903 2281 972 templum
2326 903 2440 957 Non
2464 903 2554 958 dat
2573 907 2713 960 enim
2742 906 2817 962 illi
2837 907 3090 977 Spiritum
3114 910 3167 962 in
3190 921 3440 962 mensura
3464 925 3475 962 :
3506 904 3621 960 Nos

2025 995 2157 1049 enim
2199 995 2263 1049 de
2308 996 2418 1065 ejus
2447 996 2763 1066 plenitudine
2809 999 3093 1070 accepimus
3144 996 3343 1069 (latin.
3382 1000 3436 1053 1.
3468 997 3574 1071 16)
3600 1015 3637 1063 ιν

2027 1087 2154 1141 illud
2181 1096 2357 1143 autem
2391 1089 2648 1159 templum
2687 1089 2947 1161 integram
2987 1098 3043 1146 et
3068 1089 3370 1146 universam
3412 1092 3618 1160 accepit

2025 1180 2272 1249 gratiam.
2338 1181 2453 1237 lloc
2494 1182 2657 1235 Isaias
2698 1196 2912 1251 quoque
2964 1181 3307 1263 signiﬁcans,
3358 1180 3611 1244 dicebat,

2027 1274 2317 1345 Requiescet
2342 1290 2495 1345 super
2516 1275 2685 1344 ipsum
2715 1273 2941 1345 Spiritus
2967 1274 3229 1345 sapientia
3252 1284 3296 1329 et
3324 1273 3580 1345 intelligen
3597 1305 3611 1314 -

2027 1365 2110 1419 tia:
2133 1406 2147 1429 ,
2181 1364 2404 1434 Spiritus
2441 1364 2638 1419 consilii
2681 1374 2729 1418 et
2769 1364 2967 1419 uirtutis
2989 1404 3005 1431 ,
3050 1364 3276 1433 Spiritus
3311 1364 3534 1419 scientia:
3564 1372 3635 1417 et,

2026 1456 2242 1526 pietatis.
2276 1456 2502 1528 Spiritus
2536 1457 2730 1511 timoris
2753 1455 2847 1511 Dei
2870 1456 3094 1526 implebit
3126 1457 3296 1527 ipsum
3324 1455 3489 1530 (Isai.
3520 1458 3609 1511 11.

2024 1546 2079 1599 2.
2111 1548 2145 1602 5
2167 1549 2208 1616 ).
2236 1545 2340 1603 Sed
2367 1547 2476 1603 illic
2500 1548 2714 1619 quidem
2735 1558 2817 1604 est
2844 1549 3049 1619 integra
3069 1557 3126 1603 et
3144 1548 3387 1604 universa
3408 1548 3572 1619 gratia
3594 1566 3631 1601 :.

2027 1640 2078 1693 in
2107 1639 2413 1697 hominibus
2433 1652 2611 1697 autem
2636 1657 2820 1712 parum
2852 1643 2998 1714 quid,
3031 1650 3085 1699 et
3109 1651 3255 1712 gutta
3285 1658 3349 1699 ex
3378 1642 3465 1697 illa
3490 1656 3612 1712 gra-

2027 1733 2115 1787 tia.
2149 1733 2435 1802 Propterea
2462 1749 2568 1788 non
2595 1734 2748 1802 dixit,
2780 1735 2857 1789 Do
2881 1734 3156 1805 Spiritum,
3179 1734 3297 1802 sed,
3335 1733 3618 1801 Effundam

2026 1825 2088 1878 de
2118 1824 2316 1895 Spiritu
2341 1841 2450 1881 meo
2469 1842 2623 1897 super
2642 1842 2842 1882 omnem
2869 1843 3071 1882 carnem
3098 1825 3357 1897 (Joel.~2.
3386 1825 3457 1879 28
3474 1824 3518 1895 ).

2072 1918 2150 1974 -3.
2182 1918 2294 1973 lloc
2323 1920 2499 1989 itaque
2540 1919 2741 1974 evenit.
2769 1918 2954 1975 Omnis
2980 1919 3123 1973 enim
3164 1918 3312 1973 orbis
3345 1928 3604 1972 terrarum

2024 2012 2229 2081 accepit
2258 2026 2322 2065 ex
2356 2012 2445 2067 illo
2473 2012 2692 2081 Spiritu.
2721 2012 2924 2082 Incepit
2964 2013 3107 2067 enim
3146 2011 3344 2067 donum
3374 2026 3404 2065 a
3436 2009 3608 2065 Palae-

2024 2106 2160 2159 stina
2193 2147 2208 2169 ,
2260 2105 2522 2175 processit
2577 2114 2755 2160 autem
2809 2106 2864 2158 in
2926 2103 3253 2176 Egyptum,
3293 2104 3345 2158 in
3395 2103 3599 2158 Phaeni-

2023 2195 2180 2261 ciam,
2218 2195 2448 2265 Syriam,
2477 2192 2735 2260 Ciliciam,
2773 2194 3121 2264 Euphratem,
3147 2194 3608 2263 Mesopotamiam.

2022 2285 2435 2355 Cappadociam,
2471 2285 2754 2353 Galatiam,
2793 2284 3090 2356 Scythiam,
3125 2284 3432 2351 Thraciam,
3455 2283 3608 2339 Gran-

2023 2378 2181 2447 oiam,
2212 2377 2474 2445 Galliam,
2505 2376 2729 2445 Italiam,
2753 2392 2966 2432 omnem
2998 2378 3218 2449 Libyam
3243 2418 3261 2442 ,
3295 2376 3567 2445 Europam
3587 2413 3605 2440 ,

2022 2469 2222 2538 Asiam,
2277 2470 2327 2523 in
2372 2469 2545 2540 ipsum
2575 2467 2867 2525 Oceanum.
2914 2467 3051 2536 Quid
3102 2468 3324 2537 longiori
3369 2467 3613 2521 oratione

2021 2578 2155 2634 opus
2175 2563 2589 2632 estiQuantum
2632 2571 2795 2618 terrae
2849 2562 2930 2618 sol
2974 2561 3228 2631 respicit,
3254 2568 3458 2615 tantum
3490 2573 3607 2628 per-

2020 2658 2153 2713 vasit
2179 2657 2293 2711 hinc
2317 2658 2484 2728 gratia
2517 2674 2531 2710 :
2568 2664 2624 2711 et
2668 2656 2789 2711 haec
2815 2663 2961 2725 gutta
2984 2668 3047 2708 ac
3075 2652 3215 2708 stilla
3244 2651 3473 2723 Spiritus
3501 2650 3603 2705 im-

2022 2749 2185 2819 plevit
2208 2750 2514 2805 universum
2546 2748 2732 2803 orbem
2766 2757 3029 2802 terrarum
3077 2744 3324 2800 scientia.
3356 2743 3459 2799 Per
3485 2757 3619 2808 eam.

2018 2845 2168 2914 signa
2202 2843 2435 2907 ﬁebant,
2486 2841 2726 2896 omnium
2767 2848 2983 2909 peccata
3032 2833 3615 2894 solvebantur.Gratia,

2019 2944 2195 2989 tamen
2226 2949 2344 3003 qua:
2373 2933 2496 2987 data
2528 2942 2611 2987 est
2662 2932 2717 2986 in
2771 2938 2849 2985 tot
2901 2928 3245 3000 regionibus,
3297 2935 3381 2982 est
3429 2925 3608 2995 aliqua

2020 3035 2221 3081 tantum
2255 3040 2379 3096 pars
2404 3034 2459 3078 et
2483 3022 2639 3078 arrha
2670 3020 2817 3077 doni.
2850 3020 2994 3074 Dens
3019 3019 3161 3075 enim
3191 3059 3207 3084 ,
3231 3018 3404 3087 inquit
3456 3020 3601 3085 Apo-

2015 3121 2203 3185 stolus,
2236 3119 2440 3171 arrham
2465 3116 2689 3186 Spiritus
2716 3115 2768 3168 in
2795 3114 3029 3168 cordibus
3058 3113 3245 3166 nostris
3273 3109 3366 3182 (9.
3396 3106 3515 3164 Cor.
3548 3109 3595 3162 l.

2014 3210 2238 3282 22),hoc
2263 3217 2375 3275 est,
2401 3217 2601 3278 partem
2648 3205 2975 3277 operationis
2993 3245 3010 3271 ,
3037 3202 3267 3273 Spiritus
3299 3202 3441 3256 enim
3488 3215 3594 3254 non

2014 3301 2286 3357 dividitur.
2318 3298 2451 3353 Vide
2477 3306 2655 3352 autem
2688 3306 2916 3367 quantus
2941 3295 3014 3350 sit
3050 3293 3184 3349 fons.
3216 3292 3320 3347 Alii
3342 3292 3476 3345 enim
3507 3307 3594 3360 per

2015 3396 2262 3465 Spiritum
2283 3393 2434 3446 datur
2462 3407 2624 3445 sermo
2645 3389 2941 3459 sapientiw;
2966 3386 3063 3441 alii
3088 3401 3204 3440 vero
3244 3399 3408 3439 sermo
3433 3382 3597 3437 scien-

2014 3490 2096 3542 tia:
2133 3485 2412 3542 secundum
2453 3482 2682 3538 eumdem
2731 3480 2981 3552 Spiritum
3005 3495 3025 3543 ;
3053 3477 3144 3532 alii
3174 3493 3288 3531 vero
3309 3474 3438 3545 [ides
3467 3516 3480 3538 ,
3508 3473 3597 3527 alii

2011 3582 2191 3653 gratia:
2215 3579 2569 3643 curationum;
2598 3577 2689 3631 alii
2714 3591 2827 3630 vero
2857 3573 3176 3643 operationes
3214 3579 3519 3641 potestatum
3544 3570 3598 3622 in

2009 3676 2182 3729 eodem
2211 3674 2407 3742 Spiritu
2431 3688 2450 3735 ;
2488 3669 2578 3724 alii
2606 3656 2775 3723 autem
2804 3666 3080 3739 prophetia:
3103 3708 3118 3733 ,
3159 3665 3249 3719 alii
3274 3663 3599 3719 discretiones

2009 3768 2297 3838 spirituum,
2326 3765 2414 3819 alii
2443 3781 2627 3837 genera
2657 3764 2945 3834 linguarum
2974 3760 2992 3829 (
3014 3761 3069 3815 1.
3097 3758 3216 3814 Cor.
3248 3758 3336 3813 12.
3366 3756 3525 3812 8.-10
3544 3755 3586 3824 ).

2008 3858 2109 3914 Tot
2135 3858 2272 3911 dona
2306 3857 2361 3911 in
2393 3864 2469 3909 tot
2499 3863 2709 3926 gentos,
2728 3868 2846 3923 qua:
2875 3853 2926 3906 in
2950 3849 3217 3920 baptismo
3245 3855 3491 3917 suscepta
3515 3854 3593 3900 est

2006 3949 2173 4021 gratia
2202 3991 2217 4014 ,
2248 3950 2300 4003 in
2323 3947 2628 4001 universum
2654 3954 2917 3999 terrarum
2954 3942 3139 3996 orbem
3180 3939 3440 3995 extendit.
3468 3937 3592 3992 ﬂare

2004 4050 2181 4097 autem
2208 4039 2384 4094 omnia
2412 4037 2534 4091 facit
2562 4035 2699 4090 stilla
2729 4033 2980 4104 Spiritus.
3005 4029 3156 4099 Quod
3183 4030 3324 4085 enim
3350 4028 3491 4083 stilla
3508 4042 3593 4082 cs-

2004 4141 2104 4201 sct,
2132 4131 2427 4187 declaravit
2453 4142 2574 4183 cum
2598 4126 2772 4182 dixit:
2818 4123 3097 4191 Eﬂundam
3140 4120 3203 4175 de
3245 4118 3446 4189 Spiritu
3483 4134 3591 4170 meo

2011 4225 2235 4301 (Joel.2.
2258 4221 2374 4296 28),
2396 4230 2450 4279 et
2472 4236 2593 4289 cum
2624 4219 2833 4273 ari-ham
2860 4214 3167 4286 appellavit.
3197 4213 3301 4267 Per
3322 4211 3424 4265 hoc
3445 4209 3588 4301 enim

2002 4300 2202 4375 clarum
2227 4324 2328 4382 est,
2362 4327 2547 4385 parum
2575 4309 2701 4381 quid
2730 4323 2797 4364 ex
2828 4314 2940 4363 toto
2965 4304 3146 4361 datum
3169 4300 3586 4369 esse.Quocirca

2003 4415 2238 4471 Joannes
2263 4421 2475 4480 quoque
2504 4404 2605 4459 hoc
2650 4403 2822 4472 ipsum
2862 4395 3189 4469 signiﬁcans,
3220 4393 3433 4451 dicebat
3460 4407 3474 4446 :
3508 4390 3589 4446 Ea:

2000 4503 2310 4578 plenitudine
2350 4501 2461 4571 eius
2505 4513 2600 4552 nos
2643 4509 2813 4549 omnes
2858 4489 3140 4560 accepimus
3169 4486 3347 4561 (Joau.
3381 4487 3434 4541 1.
3466 4484 3582 4578 16).

1998 4576 2063 4657 ex
2092 4614 2158 4656 eo
2184 4594 2325 4667 quod
2350 4633 2365 4661 ,
2389 4593 2535 4648 utita
2561 4586 2815 4655 dixerim,
2843 4581 3226 4656 superﬂuebat,
3255 4596 3320 4635 ex
3350 4593 3416 4635 eo
3443 4576 3582 4648 quod

2000 4688 2369 4754 redundabat,
2418 4697 2483 4739 ex
2520 4695 2587 4737 eo
2611 4678 2751 4751 quod
2796 4671 3329 4747 superell‘undebatur
3351 4712 3367 4738 ,
3397 4684 3583 4724 omnes

1996 4776 2654 4857 accepimus.rConsidera
2703 4787 2831 4844 ergo
2851 4784 3009 4842 quam
3053 4767 3125 4823 sit
3162 4764 3307 4822 omni
3332 4770 3581 4857 exparte

1995 4879 2273 4936 sufﬁciens
2298 4872 2470 4946 gratia
2499 4868 2730 4940 Spiritus
2753 4867 2794 4931 ι,
2827 4879 2945 4935 qua:
2989 4860 3241 4916 universo
3267 4856 3382 4912 orbi
3415 4862 3584 4908 terra!

1993 4993 2112 5036 rum
2144 4984 2291 5031 tanto
2317 4981 2555 5042 tempore
2584 4963 2801 5030 sufﬁcit,
2828 4968 2883 5015 et
2906 4971 3078 5028 neque
3099 4947 3577 5042 circumscribitur,

1993 5088 2092 5128 nec
2119 5038 2470 5130 consumitur,
2497 5058 2591 5116 sed
2633 5069 2820 5111 omnes
2846 5051 3060 5124 quidem
3093 5045 3278 5114 implet
3303 5038 3497 5109 opibus
3524 5050 3578 5091 et

1992 5164 2158 5237 gratia
2185 5180 2198 5216 :
2225 5161 2341 5230 ipsa
2369 5169 2497 5212 vero
2528 5148 2754 5207 minime
2806 5141 3162 5237 consumitur.
3203 5133 3407 5237 Deinde
3446 5142 3577 5237 quo-

1995 5222 2139 5312 ;iam
2197 5222 2393 5308 nomen
2439 5243 2660 5315 spiritus
2708 5236 2873 5292 multa
2930 5231 3149 5289 nomina
3203 5222 3575 5315 complectitur

1994 5348 2014 5417 (
2044 5362 2167 5402 nam
2190 5353 2245 5397 et
2288 5313 2511 5408 angelus
2531 5376 2546 5401 ,
2578 5341 2634 5386 et
2669 5328 2846 5384 anima
2873 5366 2888 5392 ,
2914 5334 2969 5379 et
2994 5329 3185 5376 ventus
3210 5313 3540 5417 hocndicitur
3558 5351 3572 5377 ,

1991 5405 2046 5497 et
2073 5439 2238 5494 multa
2266 5405 2410 5499 alia.)
2434 5470 2449 5494 ,
2473 5422 2771 5494 subiunxit,
2805 5416 2882 5471 De
2918 5413 3118 5485 Spiritu
3140 5425 3271 5462 meo.
3303 5405 3571 5476 Quemad~

1992 5531 2207 5589 modum
2237 5538 2361 5594 ergo
2392 5518 2621 5575 hominis
2647 5510 2856 5589 Spiritui
2881 5502 3164 5563 intercedit
3195 5516 3317 5557 cum
3358 5499 3571 5554 homine

2056 5690 2072 5719 ί
2112 5694 2226 5746 tteg.
2265 5691 2421 5735 unus,
2456 5677 2658 5746 potestas
2685 5663 2918 5746 spitium.
2955 5669 3006 5715 Et
3047 5661 3117 5712 sic
3160 5657 3284 5720 legit
3315 5657 3579 5707 Continuam.

1993 5727 2248 5801 lteri-e135.
2273 5727 2482 5805 iitroque
2502 5734 2643 5785 lectio
2666 5727 2882 5795 quadrat.
