4068 6288
455 299 556 354 187

450 409 718 480 cognatio,
744 410 814 464 ita
843 410 1000 465 etiam
1048 409 1139 465 Dei
1183 410 1399 480 Spiritui
1419 451 1433 475 ,
1463 409 1554 462 sed
1582 410 1628 462 ei
1661 408 1827 464 nihilo
1857 408 2029 462 secius

453 502 688 557 manenti
730 503 780 555 itt
812 503 1021 572 propria
1075 501 1369 573 ltypuslasi.
1418 501 1576 571 quue
1605 501 1802 555 Paulus
1827 500 2029 568 signiﬁ-

451 612 581 650 caus
607 596 816 650 dicebat
846 613 861 650 :
905 596 1029 663 Quis
1051 597 1192 650 enim
1215 596 1472 649 hominum
1502 597 1634 648 novit
1665 611 1777 662 qua:
1800 603 1913 647 sunt
1940 595 2032 647 ho-

449 691 632 752 minis,
665 689 763 743 nisi
787 689 992 755 spiritus
1019 688 1234 742 hominis
1262 689 1348 758 qui
1386 690 1438 742 in
1468 689 1577 756 ipso
1617 697 1686 740 est
1713 688 1738 740 ?
1776 685 1860 739 Ita
1881 687 2030 739 etiam

449 799 560 852 qua!
588 791 703 836 sunt
722 781 815 836 Dei
839 822 854 845 ,
886 798 1034 836 nemo
1061 783 1214 848 novit,
1247 782 1344 834 nisi
1363 780 1588 850 Spiritus
1609 780 1700 834 Dei
1729 780 1804 851 (1.
1835 779 1953 833 Cor.
1975 779 2028 832 2.

451 878 564 946 11),
599 892 702 931 non
733 875 1065 931 confundens
1097 875 1413 946 hyposlases
1445 889 1538 929 seu
1571 889 1845 942 personas,
1868 874 2026 936 absit;

448 967 540 1022 sed
594 968 921 1022 nobilitatem
951 967 1182 1037 Spiritus
1209 967 1532 1038 signiﬁcans.
1565 968 1768 1034 Quanta
1801 981 1926 1035 ergo
1950 974 2032 1019 est

447 1061 615 1130 ipsius
635 1062 826 1115 animae
853 1075 974 1115 cum
1002 1061 1170 1129 seipsa
1193 1060 1495 1125 consensio,
1526 1069 1664 1112 tanta
1694 1067 1775 1112 est
1803 1057 2030 1126 Spiritus

405 1151 410 1156 ’
446 1168 564 1206 cum
601 1152 758 1207 Patre
784 1152 1048 1222 cognatio.
1069 1151 1526 1219 Quemadmodum
1553 1167 1679 1221 ergo
1707 1151 1870 1204 Filius
1895 1165 2028 1220 quo-

454 1258 557 1312 que
581 1243 774 1298 dicitur
802 1245 1045 1308 verbum,
1079 1259 1178 1299 nec
1206 1254 1286 1297 est
1327 1231 1502 1298 tanien
1549 1243 1812 1313 ejusmodi
1838 1251 1893 1297 ut
1924 1258 2027 1300 non

446 1335 728 1400 subsistat,
770 1335 862 1389 sed
894 1350 986 1404 per
1015 1334 1068 1388 id
1096 1335 1466 1406 cognoscimus
1501 1350 1619 1402 quae
1657 1335 1726 1388 sit
1763 1333 1878 1402 ejus
1907 1348 2028 1388 cum

449 1425 606 1480 Patre
634 1427 880 1495 cognatio
904 1445 916 1479 :
947 1427 1018 1480 ita
1045 1426 1206 1480 etiam
1233 1425 1463 1495 Spiritus
1509 1427 1604 1482 Dei
1640 1427 1831 1481 dicitur
1857 1427 2028 1496 Spiri-

446 1526 551 1580 tus,
586 1531 682 1571 nec
711 1527 886 1572 tamen
917 1532 1020 1571 non
1057 1517 1315 1572 subsistit.
1338 1518 1405 1572 Et
1428 1518 1874 1588 quemadmodum
1897 1535 2029 1589 quo-

445 1607 588 1661 niam
611 1616 690 1662 cst
712 1610 959 1678 proprius
979 1625 1040 1663 ac
1056 1625 1342 1680 germanus
1356 1609 1526 1664 Patris
1543 1610 1725 1674 Filius,
1749 1619 2028 1680 propterea

449 1700 601 1754 nobis
634 1701 852 1772 largitur
880 1702 1220 1771 adoptionem
1262 1702 1488 1758 ﬁliorum
1520 1719 1532 1754 :
1577 1703 1646 1756 ita
1676 1704 1834 1758 etiam
1857 1705 2028 1774 Spiri-

450 1800 551 1854 tus,
583 1793 833 1860 quoniam
863 1807 957 1846 sua
988 1803 1172 1848 natura
1201 1803 1282 1848 est
1327 1810 1391 1848 ex
1437 1795 1529 1849 Dei
1557 1795 1870 1860 substantia,
1890 1797 2025 1852 dona

449 1883 602 1935 nobis
626 1883 846 1950 prmbet.
869 1882 999 1937 Nam
1039 1883 1198 1938 homo
1227 1900 1436 1954 quoque
1474 1887 1900 1956 quandoquidem
1929 1904 2025 1942 na-

448 1983 563 2026 tura
615 1971 776 2026 homo
802 1981 918 2039 est,
959 1973 1075 2028 ideo
1101 1983 1278 2044 potest
1321 1975 1551 2030 hominis
1581 1977 1798 2047 pingere
1841 1979 2027 2048 imagi-

446 2077 590 2116 nem.
636 2061 912 2134 PrOpterea
959 2064 1209 2119 benedixit
1253 2073 1300 2118 te
1349 2064 1481 2120 Deus
1509 2068 1842 2123 inwternunt.
1877 2071 2027 2126 Alius

443 2152 565 2206 dicit
593 2196 607 2219 ,
642 2152 813 2224 Hujus
835 2156 904 2208 rei
931 2156 1113 2225 gratia.

513 2244 788 2315 PrOphette
815 2255 862 2299 et
889 2247 1206 2317 evangelistte
1247 2247 1555 2315 cli/ferentia.
1607 2280 1677 2289 —
1714 2251 1872 2307 Vides
1895 2267 2026 2322 quo-

443 2337 602 2391 modo
644 2353 708 2392 ex
751 2338 1051 2392 vehementi
1081 2339 1361 2395 affectione
1390 2341 1457 2395 ad
1508 2343 1682 2411 ipsum
1728 2345 2034 2404 orationem.

441 2429 667 2499 dirigit?
717 2429 788 2482 Ea
819 2428 885 2486 de
914 2443 1070 2483 causa
1126 2430 1252 2484 alibi
1300 2446 1514 2502 quoque
1559 2448 1666 2488 non
1711 2435 2026 2504 simpliciter

444 2522 618 2576 futura
648 2521 904 2590 praedicit,
937 2522 1029 2576 sed
1059 2538 1165 2592 prae
1189 2538 1246 2578 se
1275 2523 1455 2580 ferens
1485 2526 1706 2597 ﬁguram
1732 2530 1893 2585 oblati
1917 2533 2022 2586 cri-

441 2615 600 2669 minis
629 2631 642 2668 :
676 2624 732 2669 ut
757 2615 970 2685 quando
993 2615 1123 2672 dicit
1149 2633 1160 2668 :
1199 2617 1367 2682 Quare
1390 2619 1703 2689 fremuerunt
1727 2632 1896 2692 gentes
1920 2664 1934 2689 ,
1975 2634 2022 2679 et

441 2707 616 2778 populi
650 2708 874 2762 meditati
901 2719 1016 2763 sunt
1039 2709 1212 2763 inania
1239 2710 1408 2781 (Psal.
1430 2711 1483 2765 2.
1521 2713 1581 2784 1).
1601 2715 1623 2767 ?
1647 2715 1718 2768 ita
1747 2716 1905 2770 etiam
1934 2716 2023 2772 hic

438 2815 558 2853 cum
597 2799 727 2854 dicit
761 2817 774 2854 :
812 2799 1086 2870 Propterea
1133 2802 1383 2856 benedixit
1415 2813 1460 2857 te
1490 2803 1628 2858 Deus
1658 2806 1711 2859 in
1753 2816 2016 2862 aeternum.

439 2892 569 2944 Cum
598 2893 742 2946 enim
769 2907 867 2945 nec
894 2893 960 2946 de
982 2893 1098 2962 ejus
1128 2902 1247 2946 ortu
1272 2935 1287 2960 ,
1321 2909 1418 2948 nec
1444 2895 1511 2948 de
1539 2895 1855 2952 educatione
1879 2939 1892 2962 ,
1920 2914 2020 2954 nec

440 2987 508 3039 de
535 2985 648 3040 aliis
671 2985 956 3055 quidquam
989 2985 1233 3053 dixisset,
1263 2985 1350 3041 hic
1377 2987 1550 3042 obiter
1575 2987 1643 3042 de
1667 3003 1733 3042 eo
1762 2989 2016 3058 loquitur.

441 3078 556 3146 Qua
584 3079 650 3134 de
677 3081 773 3134 re?
803 3078 954 3147 Quod
983 3079 1159 3133 omnia
1190 3079 1402 3148 quidem
1438 3079 1618 3136 dicere
1650 3096 1745 3151 per
1775 3082 2018 3137 ordinem

437 3181 519 3227 est
553 3172 997 3242 evangelistarum
1023 3213 1036 3236 ,
1070 3181 1122 3225 et
1161 3171 1281 3226 ideo
1310 3173 1395 3226 illa
1428 3173 1508 3227 eis
1551 3174 1883 3238 reservavit;
1918 3174 2020 3230 hoc

438 3266 580 3317 enim
608 3273 721 3318 erat
765 3264 998 3318 ofﬁci-um
1045 3263 1254 3317 illorum
1303 3263 1626 3317 narrationis
1678 3282 1692 3316 :
1728 3263 2020 3333 prophetia:

440 3371 569 3410 vero
615 3370 806 3408 munus
833 3357 954 3429 est,
987 3363 1164 3423 partes
1208 3355 1412 3425 aliquas
1467 3369 1678 3410 sumere
1703 3397 1716 3421 ,
1762 3355 1910 3410 etde
1939 3356 2017 3412 eis

439 3445 725 3500 disserere.
779 3445 847 3498 Et
886 3446 1006 3498 ideo
1035 3445 1310 3514 propheta:
1336 3459 1548 3515 quoque
1578 3445 1678 3500 hoc
1714 3446 1908 3516 ubique
1935 3445 2016 3499 fa-

437 3537 626 3591 ciunt:
658 3550 778 3590 nam
812 3551 978 3606 pauca
1005 3540 1253 3606 quredam
1291 3553 1412 3607 qua:
1437 3537 1501 3591 ad
1546 3537 1818 3592 historiam
1853 3539 2017 3608 perti-

438 3637 588 3692 nent,
621 3629 920 3698 injicientes
950 3639 1004 3684 et
1031 3629 1406 3684 adumbrantes
1431 3672 1444 3696 ,
1476 3629 1750 3685 recedunt.
1785 3629 1906 3685 ldco
1932 3630 2019 3686 hic

435 3736 669 3792 quoque,
717 3719 984 3774 Benedixit
1031 3729 1076 3773 te
1111 3719 1244 3777 Deus
1271 3761 1284 3786 ,
1318 3720 1523 3789 inquit,
1548 3722 1602 3774 in
1632 3731 1876 3774 teternum
1902 3764 1917 3788 ,
1940 3723 2018 3777 sic

434 3812 716 3866 declarans
736 3811 852 3881 ejus
877 3811 1036 3866 verba
1067 3821 1210 3865 tanta
1233 3812 1400 3880 gratia
1430 3811 1596 3866 fuisse
1622 3811 1800 3880 plena.
1829 3811 2018 3868 Consi-

430 3906 560 3962 dera
601 3920 730 3976 ergo
764 3905 1011 3960 virtutem
1063 3905 1266 3976 gratim.
1320 3904 1636 3959 Deambulat
1693 3904 2022 3975 quandoque.

432 4014 600 4068 prope
620 4013 788 4064 mare,
817 4009 869 4052 et
897 3998 1096 4052 invenit
1116 3997 1370 4052 Jacobum
1398 4004 1454 4052 et
1479 3997 1762 4064 Joannem,
1783 3997 2018 4068 dicitque

431 4092 548 4146 eis:
589 4089 761 4144 Venite
789 4099 899 4161 post
917 4105 1010 4154 me,
1041 4099 1086 4144 et
1114 4090 1298 4159 faciam
1329 4105 1414 4142 vos
1434 4091 1708 4158 piscatores
1736 4089 2014 4146 hominum.

433 4179 529 4234 Illi
551 4197 666 4234 vero
697 4190 744 4234 et
773 4191 916 4248 patre
943 4189 990 4234 et
1019 4179 1427 4233 retibus-relictis
1447 4219 1461 4244 ,
1510 4195 1632 4237 eum.
1662 4179 1860 4248 sequuti
1900 4189 2018 4243 sunt

433 4272 642 4340 (Matth.
670 4274 724 4327 4.
755 4271 845 4326 21.
875 4271 1000 4342 2-2).
1041 4271 1245 4326 Deinde
1273 4272 1434 4326 etiam
1477 4285 1599 4329 cum
1649 4269 1773 4324 alibi
1816 4271 2019 4328 diceret

431 4365 678 4436 o'nmibus
707 4363 963 4432 apostolis
996 4380 1008 4414 :
1050 4362 1313 4432 Numquid
1343 4379 1429 4416 vos
1464 4377 1662 4431 quoque
1704 4362 1852 4415 vultis
1879 4378 2016 4415 rece-

433 4457 594 4510 dere?
642 4456 769 4510 dicit
820 4457 868 4510 ei
920 4455 1107 4509 Petrus
1149 4471 1161 4506 :
1213 4455 1449 4521 Domine,
1487 4453 1636 4510 verba
1672 4457 1786 4507 vita:
1817 4465 2019 4520 (eterna;

433 4547 606 4612 habes,
638 4557 684 4600 et
735 4562 827 4600 nos
878 4545 1181 4600 credidimus
1230 4554 1282 4598 et
1318 4546 1642 4616 cognovimus
1679 4545 1816 4615 quod
1863 4554 1917 4598 tu
1965 4562 2018 4600 es

430 4638 661 4690 (.‘hristus
685 4635 848 4690 Filius
877 4635 972 4690 Dei
993 4637 1088 4690 vivi
1122 4653 1140 4690 :
1185 4646 1230 4690 et
1260 4636 1326 4690 ad
1354 4652 1499 4704 quem
1522 4636 1768 4690 abibimus
1795 4636 1814 4706 (
1855 4635 2013 4691 Joan.

435 4732 489 4783 6.
524 4727 788 4798 68.—70)?
814 4728 949 4796 Quid
978 4728 1100 4782 dico
1126 4728 1459 4798 discipulos?
1489 4729 1590 4798 Ipsi
1612 4729 1865 4784 Pharismi
1895 4745 2023 4803 cum

434 4821 707 4875 misissent
755 4819 1029 4873 ministros
1049 4859 1064 4885 ,
1093 4818 1380 4873 audierunt
1421 4833 1515 4874 eos
1542 4819 1782 4873 dicentes
1809 4837 1823 4874 :
1850 4819 2020 4874 Num-

427 4931 578 4981 quam
604 4915 754 4968 homo
779 4913 850 4966 sic
883 4913 1120 4982 loquutus
1149 4920 1242 4978 est,
1268 4921 1322 4964 ut
1349 4911 1430 4964 hic
1465 4911 1614 4965 homo
1643 4911 1804 4984 (Ibid.
1832 4914 2012 4984 7.46).

432 5007 495 5061 Et
525 5005 612 5060 alii
665 5018 852 5059 rursus
878 5002 1162 5067 dicebant,
1210 5001 1501 5070 Numquam
1540 5002 1611 5054 sic
1644 5002 1802 5055 visum
1845 5012 1917 5056 est
1965 5003 2016 5056 in

434 5097 620 5153 Israel.
659 5098 726 5151 Et
770 5098 1105 5164 mirabantur,
1138 5097 1305 5167 inquit
1329 5138 1344 5161 ,
1367 5095 1501 5166 quod
1541 5112 1627 5150 eos
1666 5097 1862 5149 doceret
1889 5108 2017 5152 tam-

430 5209 580 5260 quam
611 5191 799 5246 habeas
841 5199 1163 5262 potestatem,
1196 5199 1243 5243 et
1281 5205 1381 5242 non
1407 5197 1461 5242 ut
1486 5189 1664 5242 scriba:
1701 5190 1928 5257 ipsorum
1971 5202 2016 5245 et

434 5281 688 5336 Pharistei
716 5281 736 5355 (
770 5281 956 5336 Matth.
986 5282 1039 5337 9.
1057 5283 1145 5336 55.
1177 5290 1224 5334 et
1249 5281 1302 5334 7.
1329 5280 1420 5334 28.
1454 5277 1568 5351 29).

499 5375 552 5428 4.
584 5373 638 5429 Si
664 5375 797 5430 velis
825 5383 1003 5430 autem
1036 5384 1090 5428 tu
1119 5389 1330 5443 quoque
1368 5371 1505 5426 scire
1532 5372 1754 5441 gratiam
1781 5412 1796 5437 ,
1836 5372 2016 5427 consi-

431 5466 560 5520 dera
585 5469 766 5534 quanti
793 5467 900 5520 sint
923 5465 1177 5536 ponderis
1196 5474 1249 5520 et
1275 5464 1530 5521 momenti
1570 5463 1686 5532 ejus
1713 5471 1976 5533 princepta
1998 5506 2012 5529 ,

431 5567 488 5613 et
516 5557 717 5612 videbis
742 5556 856 5624 ejus
885 5559 1194 5626 potentiam.
1231 5555 1348 5610 Nisi
1374 5556 1486 5627 quis
1525 5555 1880 5608 renuntiaverit
1903 5571 2016 5607 ont-

431 5653 600 5713 nibus,
629 5660 672 5703 et
698 5659 936 5716 prteterea
974 5652 1196 5720 animum
1219 5667 1364 5704 suant
1389 5649 1504 5703 odio
1533 5648 1791 5711 habuerit,
1823 5647 2013 5716 inquit,

432 5758 532 5798 non
555 5752 625 5796 est
654 5757 732 5795 me
760 5741 940 5808 dignus
967 5739 1116 5809 (Luc.
1146 5742 1232 5796 M.
1261 5743 1357 5804 53',
1393 5737 1548 5796 Joan.
1575 5739 1662 5794 12.
1686 5737 1756 5796 25
1781 5755 1795 5805 ;
1826 5737 2010 5792 Matth.

1221 296 1277 351 S.
1311 292 1587 350 JOANNIS
1626 290 2104 349 CHRYSOSTOMI
2146 291 2466 349 ARCHIEP.
2507 295 3043 353 CONSTANTINOP.

3619 300 3724 356 138

2148 405 2232 461 10.
2263 407 2500 478 57.58).
2543 408 2736 464 Sermo
2763 420 2936 466 tamen
2979 420 3179 466 tantum
3212 413 3403 483 potuit,
3435 423 3491 468 ut
3519 415 3568 468 in
3594 432 3724 485 Opus

2140 498 2350 565 exiret,
2398 509 2450 552 et
2476 515 2657 553 revera
2707 501 2756 554 id
2809 502 2960 556 ﬁeret
2992 520 3004 554 :
3035 512 3177 558 tanta
3222 516 3336 558 erat
3379 504 3494 574 ejus
3535 508 3719 575 gratia.

2138 586 2274 654 Quid
2311 598 2392 642 est
2432 589 2616 658 majori
2648 590 2921 646 nobiscum
2953 591 3302 649 familiaritate
3343 610 3405 648 ac
3431 597 3722 650 necessitu-

2138 678 2262 733 dine
2290 679 2632 747 conjunctum
2661 722 2675 747 ,
2721 697 2878 751 quam
2925 683 3140 738 anima?
3185 685 3342 756 Atqui
3376 687 3487 755 ipsa
3514 702 3722 756 quoque

2137 771 2462 838 contemptui
2490 770 2663 824 habita
2687 781 2768 826 est
2798 782 3012 842 propter
3035 775 3172 828 illius
3189 775 3416 844 jnssum.
3447 777 3523 830 Tu
3546 788 3720 836 autem

2137 873 2267 931 eum.
2289 860 2458 924 audis,
2487 860 2746 915 Benedixit
2775 873 2821 916 te
2847 862 2982 918 Drus
3005 907 3018 930 ,
3045 881 3110 919 ne
3138 865 3332 920 labaris
3351 909 3365 933 ,
3395 882 3492 922 nec
3521 868 3721 926 humile

2137 959 2192 1004 et
2241 951 2506 1019 abjectum
2563 953 2826 1024 quidpiam
2881 957 3213 1025 cogitaveris.
3263 947 3717 1024 Quemadmodum

2137 1041 2276 1095 enim
2305 1041 2412 1111 jam
2444 1051 2566 1098 ante
2604 1043 2732 1110 dixi,
2762 1043 2829 1098 de
2857 1061 3017 1100 carne
3047 1047 3294 1116 loquitur,
3323 1065 3440 1118 quas
3463 1051 3617 1105 habet
3646 1053 3720 1107 la-

2136 1130 2241 1194 bia,
2267 1148 2386 1202 qua:
2412 1133 2634 1202 gratiam
2679 1136 2932 1210 suscipit,
2965 1154 3082 1205 qua:
3119 1140 3341 1208 suscipit
3387 1141 3716 1205 benedictio—

2135 1238 2276 1278 nem.
2311 1225 2448 1280 Deus
2475 1229 2614 1284 enim
2663 1244 2760 1286 nec
2805 1229 3171 1285 benedictione
3211 1247 3344 1300 opus
3384 1232 3573 1300 habet,
3620 1251 3718 1291 nec

2133 1317 2298 1384 gratia
2329 1334 2342 1371 :
2374 1334 2492 1373 nam
2527 1321 2664 1374 licus
2692 1321 2885 1374 nullius
2921 1323 2995 1375 rei
3035 1322 3250 1392 indiget.
3284 1322 3721 1389 Quemadmodum

2133 1407 2312 1472 enim,
2351 1409 2516 1479 inquit
2539 1451 2555 1476 ,
2608 1411 2758 1464 Pater
2783 1413 2986 1464 suscitat
3015 1422 3232 1466 mortuos
3273 1425 3319 1466 et
3360 1415 3572 1482 vivi/ient
3603 1432 3622 1470 :
3647 1417 3720 1470 ita

2132 1497 2279 1550 etiam
2297 1515 2420 1570 quos
2442 1500 2542 1554 vult
2570 1501 2730 1556 Filius
2757 1504 2969 1571 viri/ica:
2993 1502 3165 1571 (Joan.
3195 1505 3247 1559 5.
3271 1504 3386 1576 21).
3408 1507 3471 1560 Et
3497 1523 3678 1562 rursus
3699 1526 3713 1562 :

2137 1585 2303 1657 Opera
2339 1606 2452 1660 quae
2490 1591 2576 1645 ille
2613 1593 2755 1660 facit,
2803 1610 2860 1646 ea
2904 1610 3096 1664 quoque
3137 1596 3257 1664 facit
3291 1595 3340 1648 F
3343 1596 3457 1650 ilius
3491 1598 3717 1652 similiter

2133 1678 2152 1750 (
2175 1678 2314 1736 Ibid.
2344 1697 2390 1735 v.
2425 1682 2537 1754 19).
2563 1683 2627 1736 Ει
2653 1699 2837 1738 rursus
2870 1703 2882 1738 :
2914 1685 3056 1739 Sicut
3083 1688 3335 1757 cognoscit
3363 1705 3442 1746 me
3470 1687 3642 1755 Pater,
3669 1701 3716 1744 et

2131 1785 2221 1840 ego
2259 1786 2453 1842 quoque
2490 1790 2734 1843 cognosco
2763 1774 2969 1830 Patrem
3012 1777 3134 1847 (Ib.
3162 1778 3526 1851 10.15).111υ(1
3549 1783 3720 1854 enim,

2133 1860 2223 1917 Sic
2245 1903 2258 1926 ,
2303 1873 2356 1916 et
2386 1863 2658 1932 Similiter,
2704 1875 2754 1920 et
2778 1866 2958 1934 Sicut,
3003 1868 3298 1938 signiﬁcant
3325 1886 3445 1925 eum
3473 1887 3593 1928 esse
3621 1888 3715 1942 per

2131 1953 2306 2012 omnia
2330 1955 2556 2012 similem
2588 1976 2600 2010 :
2634 1958 2726 2012 sed
2773 1958 2859 2014 hic
2905 1960 2970 2032 de
3016 1960 3242 2024 humana
3289 1972 3509 2032 natura,
3555 1981 3720 2034 quam

2131 2058 2472 2114 susceperat,
2519 2049 2711 2118 agitur.
2769 2051 3026 2106 Audimus
3077 2062 3253 2108 autem
3290 2054 3459 2123 ipsum
3503 2072 3712 2127 quoque

2131 2151 2314 2196 rursus
2338 2137 2599 2193 dicentem
2627 2158 2638 2192 :
2673 2139 2951 2210 Propterea
2977 2140 3130 2196 Pater
3153 2161 3232 2197 me
3256 2146 3439 2216 diligit,
3480 2149 3596 2217 quia
3622 2165 3723 2219 ego,

2131 2244 2264 2296 pono
2307 2231 2527 2283 animam
2554 2248 2715 2294 meant
2742 2234 3028 2304 proovibus
3059 2237 3074 2305 (
3104 2235 3238 2290 Ibid.
3268 2239 3353 2294 10.
3386 2241 3496 2310 17).
3544 2241 3710 2296 Nutu-

2129 2319 2256 2388 quid
2293 2335 2413 2375 eum
2441 2338 2547 2382 non
2568 2322 2822 2393 diligebat
2848 2328 3046 2380 antea?
3075 2328 3352 2396 Quomodo
3381 2347 3508 2402 ergo
3533 2333 3662 2388 dixit
3694 2355 3706 2390 :

2133 2409 2232 2464 llic
2261 2422 2333 2466 est
2360 2413 2530 2468 Filius
2559 2433 2697 2470 meus
2727 2418 2935 2479 dilectus
2966 2420 2985 2490 (
3009 2419 3192 2475 Matth.
3227 2423 3277 2477 5.
3311 2423 3410 2492 17)
3435 2425 3457 2478 ?
3482 2427 3584 2480 Sed
3613 2427 3721 2483 hoc.

2129 2502 2304 2569 posuit
2332 2503 2518 2566 volens
2544 2506 2828 2562 ostendere
2858 2521 3108 2578 quantum
3139 2521 3190 2567 et
3213 2528 3368 2582 quam
3401 2517 3708 2584 praeclarum

2128 2593 2196 2648 ab
2221 2609 2284 2649 eo
2315 2594 2566 2651 ederetur
2594 2596 2818 2653 facinus.
2859 2601 3159 2673 Sicutergo
3201 2604 3308 2665 illic
3352 2607 3402 2659 iu
3443 2607 3708 2662 reddenda

2128 2687 2335 2743 ratione
2364 2697 2448 2743 est
2475 2705 2636 2754 causa
2663 2693 2842 2762 aliqua
2865 2733 2879 2758 ,
2923 2695 2996 2748 ita
3025 2696 3182 2750 etiam
3207 2696 3292 2767 hic
3318 2714 3525 2769 quoque
3551 2715 3720 2762 causa.

2127 2788 2210 2838 est
2237 2781 2534 2838 manifesta.
2560 2784 2668 2840 llac
2693 2787 2832 2842 enim
2861 2787 2927 2843 de
2947 2804 3105 2844 causa
3133 2792 3281 2860 prius
3306 2792 3437 2847 dixit
3462 2811 3474 2846 :
3499 2794 3722 2865 Specio-_

2125 2890 2210 2929 sus
2248 2879 2413 2944 forma
2442 2893 2548 2946 pra?
2572 2878 2692 2945 ﬁliis
2715 2879 2975 2934 hominum
2992 2897 3013 2946 ;
3033 2891 3106 2948 cl,
3140 2881 3341 2950 Diﬂ'usa
3368 2894 3438 2938 est
3465 2887 3626 2956 gratia
3655 2887 3718 2955 in

2127 2963 2272 3018 labiis
2297 2967 2396 3019 tuis
2420 2981 2438 3020 :
2459 2975 2532 3032 et,
2560 2966 2836 3038 Propterea
2862 2973 3108 3026 benedixit
3136 2983 3181 3027 te
3199 2973 3336 3028 Deus
3356 2975 3407 3029 in
3427 2987 3665 3030 teteruum
3687 2994 3708 3045 :_

2126 3055 2177 3108 id
2204 3065 2464 3127 susceptae
2490 3057 2802 3115 humanitati
2831 3061 3140 3119 adscribens
3163 3106 3178 3130 ,
3204 3075 3259 3118 ut
3286 3067 3494 3135 quando
3525 3083 3721 3137 rursus

2125 3143 2413 3202 humanum
2442 3149 2568 3218 quid
2594 3151 2832 3206 dicturus
2853 3153 2940 3219 sit,
2970 3162 3024 3220 et
3044 3154 3181 3224 quod
3212 3155 3280 3218 sit
3305 3157 3418 3226 ejus
3449 3158 3718 3228 dignitate,

2126 3237 2363 3304 inferius,
2393 3256 2460 3296 ne
2485 3241 2700 3309 labaris,
2732 3244 2830 3300 sed
2853 3259 3142 3315 cognoscas
3171 3247 3238 3302 de
3263 3264 3491 3318 quonam
3523 3251 3707 3322 loqua-

2125 3339 2227 3385 tur.
2258 3331 2332 3386 lta
2360 3333 2519 3386 etiam
2545 3333 2708 3388 Jacob
2735 3335 3078 3392 humanitatis
3121 3350 3382 3409 suscepta:
3425 3341 3720 3407 consilium

2123 3425 2466 3495 signiﬁcans,
2523 3437 2642 3496 post
2690 3429 2854 3483 multa
2899 3431 3006 3484 alia
3049 3430 3255 3492 diccbat
3285 3451 3297 3486 :
3333 3432 3552 3488 Gratiosi
3597 3435 3721 3506 ejus

2125 3518 2262 3572 oculi
2292 3521 2419 3572 sicut
2445 3519 2646 3585 vinum,
2683 3531 2728 3574 et
2767 3522 2971 3576 candidi
2995 3523 3164 3578 dentes
3185 3526 3292 3594 ejus
3313 3525 3428 3595 plus
3451 3543 3598 3596 quam
3627 3531 3710 3594 lac,

2124 3608 2284 3679 (Gen.
2322 3610 2410 3666 49.
2445 3612 2569 3682 12).
2618 3613 2873 3668 Divinitas
2911 3624 3088 3669 autem
3146 3631 3250 3670 non
3289 3616 3446 3671 habet
3488 3618 3697 3672 dentes.

2123 3702 2276 3757 Alius
2302 3719 2514 3774 quoque
2548 3705 2806 3774 prOpheta
2833 3706 2959 3761 dicit
2991 3725 3002 3759 :
3037 3705 3292 3762 Percu!iet
3335 3719 3518 3763 terram
3561 3711 3724 3775 verba

2123 3794 2224 3846 oris
2253 3794 2351 3861 sui,
2381 3804 2426 3848 et
2450 3796 2630 3865 spiritu
2667 3795 2911 3850 labiorum
2934 3797 3072 3852 tollet
3093 3800 3303 3868 impium
3323 3799 3470 3870 (lsai.
3518 3803 3603 3856 11.
3625 3804 3704 3875 «1),

2123 3882 2308 3938 eadem
2348 3883 2531 3939 dicens
2551 3901 2669 3955 qua:
2699 3886 2894 3940 Paulus
2923 3905 2936 3941 :
2974 3887 3131 3954 Quem
3163 3887 3411 3944 Dominus
3452 3903 3706 3945 consumet

2123 3976 2303 4045 spiritu
2333 3978 2433 4030 aris
2468 3979 2548 4033 sui
2567 4020 2580 4042 ,
2623 3989 2668 4032 et
2705 3979 2916 4032 abolebit
2949 3981 3264 4049 apparitione
3290 3997 3395 4036 suae
3430 3984 3721 4052 praesentia

2125 4069 2214 4140 (.2.
2249 4068 2421 4123 Thess.
2450 4070 2503 4123 2.
2529 4069 2618 4142 8).

2195 4160 2423 4216 Christus
2447 4170 2501 4215 ut
2527 4161 2864 4225 benedicatur.
2895 4193 2969 4203 --
2995 4163 3074 4219 Ne
3097 4173 3149 4219 tu
3177 4179 3305 4235 ergo
3329 4179 3448 4220 cum
3480 4166 3591 4222 hare
3612 4183 3705 4220 an-

2122 4251 2315 4319 dieris,
2339 4260 2652 4310 contemnas
2677 4292 2692 4316 ,
2724 4254 2962 4309 ostendit
2983 4255 3075 4309 tibi
3097 4255 3238 4310 vires
3265 4256 3572 4320 divinitatis.
3599 4258 3705 4312 Ne-

2123 4357 2225 4411 que
2254 4342 2394 4397 enim
2417 4357 2632 4398 carnem
2660 4343 2848 4400 dividit
2871 4360 2902 4399 a
2930 4344 3231 4412 divinitate,
3263 4362 3436 4416 neque
3461 4347 3705 4402 divinita-

2123 4443 2231 4490 tem
2253 4449 2282 4487 a
2311 4449 2490 4501 carne,
2525 4450 2630 4490 non
2663 4435 2987 4490 substantias
3014 4436 3375 4502 confundens,
3406 4438 3540 4493 absit
3567 4456 3580 4493 :
3611 4440 3704 4494 sed

2125 4525 2372 4579 unionem
2394 4526 2700 4583 ostendens.
2726 4527 3009 4596 PrOpterea
3032 4527 3154 4583 dicit
3181 4528 3481 4585 :Benedixit
3505 4540 3550 4583 te
3572 4529 3706 4585 licus

2122 4617 2174 4669 in
2220 4626 2483 4670 teternum.
2533 4618 2662 4684 Quis
2706 4627 2788 4672 est
2830 4629 3005 4674 autem
3049 4619 3240 4682 modus
3287 4619 3723 4676 benedictionis?.

2123 4707 2390 4771 Assistunt
2415 4708 2620 4778 angeli,
2651 4709 2988 4780 archangeli,
3034 4711 3248 4778 throni,
3279 4710 3668 4765 dominationes
3688 4754 3704 4777 ,

2125 4799 2444 4870 principatus
2473 4842 2487 4864 ,
2523 4810 2830 4870 potestates,
2866 4803 3106 4859 laudibus
3130 4805 3458 4860 celebrantes
3488 4824 3500 4857 :
3533 4807 3707 4860 omnis

2125 4903 2262 4948 terra
2299 4911 2326 4947 a
2356 4895 2548 4950 ﬁnibus
2595 4896 2645 4952 in
2687 4896 2820 4954 ﬁnes
2863 4897 3026 4950 Deum
3056 4898 3388 4952 incarualum
3436 4899 3615 4963 canit,
3655 4908 3706 4952 et

2123 4985 2366 5040 laudibus
2396 4985 2581 5041 afﬁcit.
2615 4987 2823 5042 Primus
2849 4989 2991 5044 enim
3021 4989 3187 5042 Adam
3234 4989 3430 5059 ingenti
3474 4991 3708 5058 repletus

2124 5081 2220 5135 fuit
2249 5081 2643 5147 maledicticne,
2677 5083 2760 5136 hic
2783 5094 2966 5139 contra
2995 5083 3156 5136 multa
3186 5083 3574 5138 benedictione.
3616 5082 3709 5137 lllc

2122 5172 2359 5238 audivit,
2395 5173 2700 5226 Maledictus
2729 5185 2780 5225 tu
2806 5191 2859 5226 in
2887 5174 3120 5242 operibus
3151 5175 3249 5228 tuis
3276 5176 3292 5244 (
3315 5173 3442 5228 Gen.
3472 5176 3523 5228 5.
3560 5176 3661 5245 17)
3690 5191 3706 5235 ;

2122 5273 2177 5317 et
2200 5263 2334 5318 alius
2363 5272 2484 5332 post
2513 5264 2681 5326 illuni,
2710 5262 3014 5318 Maledictus
3033 5306 3047 5329 ,
3085 5265 3169 5334 qui
3195 5266 3317 5334 facit
3341 5281 3468 5333 opus
3499 5263 3595 5318 Dei
3623 5282 3708 5317 nc—

2121 5356 2366 5425 gligenter
2383 5354 2513 5426 (Jer.
2540 5355 2631 5410 48.
2655 5355 2765 5426 10),
2790 5365 2862 5421 et,
2892 5355 3305 5424 Maledictus,qui
3326 5372 3425 5408 non
3451 5365 3707 5425 permanet

2122 5453 2174 5505 in
2196 5452 2422 5506 omnibus
2441 5467 2552 5521 qua:
2579 5451 2767 5519 scripta
2791 5450 2972 5503 suntin
2993 5449 3118 5503 libro
3143 5447 3234 5511 hoc
3253 5447 3422 5516 (Deut.
3455 5449 3543 5500 27.
3567 5446 3658 5515 26)
3681 5463 3694 5509 ;

2123 5555 2194 5610 et,
2232 5544 2533 5598 Maledictus
2552 5585 2567 5610 ,
2620 5543 2705 5614 qui
2732 5543 2912 5613 pendet
2949 5542 2999 5595 in
3026 5541 3163 5611 ligno
3187 5541 3203 5609 (
3227 5538 3309 5594 1b.
3331 5540 3422 5594 2|.
3446 5539 3516 5593 26
3543 5542 3579 5606 ).
3615 5539 3704 5591 Vi-

2123 5638 2217 5692 des
2246 5645 2376 5706 quot
2403 5633 2849 5690 maledictiones?
2878 5633 2960 5687 Ab
2987 5632 3073 5686 his
3097 5631 3344 5687 omnibus
3383 5639 3434 5684 te
3466 5630 3715 5704 liberavit.

2123 5733 2397 5799 Christus,
2449 5729 2616 5784 factus
2643 5726 2982 5782 maledictum
3010 5723 3162 5796 (Gal.
3195 5727 3248 5781 5.
3283 5722 3404 5806 13).
3434 5721 3700 5802 Quemad-
