4068 6288
342 332 430 389 NT

334 431 617 505 ἀνθρώπου
649 425 867 500 πνεῦμα
905 425 1160 496 συγγενές
1190 424 1304 479 ἐστι
1338 424 1428 479 τοῦ
1461 425 1767 495 ἀνθρώπου,
1797 423 1890 479 οὐ·

334 540 410 577 τω
450 520 545 573 καὶ
594 517 655 569 :0
689 515 781 568 τοῦ
821 512 978 577 Θεοῦ,
1009 512 1125 567 ἀλλ’
1163 515 1221 566 ἐν
1263 512 1367 582 ίδίᾳ
1397 512 1689 565 ὑποστάσει
1717 511 1896 582 μένον.

335 610 440 665 Καὶ
492 605 651 659 τοῦτο
700 604 876 674 δηλῶν
914 605 942 657 ό
990 601 1198 666 Παῦλος
1251 600 1421 669 ἔλεγε·
1470 602 1562 666 Τίς
1594 599 1703 669 γὰρ
1739 598 1902 654 οἶδεν

335 694 657 760 ἀνθρώπων
708 690 780 743 τὰ
827 688 934 743 τοῦ
980 688 1312 757 ἀνθρώπου,
1360 690 1412 741 εί
1441 686 1526 757 μὴ
1569 688 1633 740 τὸ
1667 688 1903 757 πνεῦμα

334 781 439 837 τοῦ
465 779 778 846 ἀνθρώπου
809 779 874 833 τὸ
895 779 965 832 ἑν
987 762 1183 843 αὑτῷ;
1220 777 1381 829 Οὕτω
1409 776 1503 829 καὶ
1526 775 1598 829 τὰ
1621 775 1725 829 τοῦ
1756 776 1901 829 Θεοῦ

336 867 530 932 οὐδεὶς
572 862 753 926 οἷδεν,
790 866 841 918 εὶ
866 858 953 933 μῆ
984 863 1051 917 τὸ
1081 862 1320 932 Πνεῦμα
1349 864 1452 917 τοῦ
1481 864 1648 917 Θεοῦ·
1688 865 1748 916 οὐ
1775 880 1903 931 συγ-

337 953 474 1025 χέων
526 951 625 1014 τὰς
673 951 1018 1014 ὑποστάσεις,
1072 950 1146 1021 μὴ
1186 950 1412 1018 γένοιτο,
1447 949 1581 1003 ἀλλά
1622 949 1720 1021 τὴν
1748 949 1876 1018 εὐγέ

337 1056 483 1092 νειαν
512 1036 608 1091 τοῦ
642 1037 957 1107 Πνεύματος
993 1036 1186 1108 δηλῶν.
1216 1038 1354 1108 ’Ὀση
1379 1035 1508 1105 γοῦν
1533 1036 1710 1106 ψυχῆς
1735 1037 1905 1106 αὐτῆς

335 1128 474 1198 πρὸς
515 1127 775 1198 έαυτὴνή
820 1127 1124 1198 συμφωνία,
1162 1126 1394 1197 τοσαύτη
1437 1127 1529 1180 τοῦ
1590 1128 1905 1199 Πνεύματος

334 1219 472 1288 πρὸς
498 1218 586 1271 τὸν
614 1219 886 1290 Πατέραή
918 1218 1223 1286 συγγένεια.
1257 1220 1466 1290 Ὥσπερ
1495 1215 1585 1273 οὖν
1608 1222 1702 1274 καὶ
1726 1223 1754 1274 ό
1781 1221 1907 1285 Υἱὸς

334 1310 507 1377 Λόγος
526 1311 762 1377 λέγεται,
791 1310 903 1363 ἀλλ’
932 1310 1031 1364 οὐκ
1059 1311 1445 1374 ἀνυπόστατος,
1474 1310 1607 1364 ἀλλὰ
1634 1313 1721 1366 διὰ
1751 1313 1907 1367 τοῦτο

333 1399 397 1454 :0
426 1399 562 1469 πρὸς
595 1398 687 1451 τὸν
720 1398 935 1470 Πατέρα
980 1402 1236 1467 συγγενὲς
1292 1401 1378 1457 ἵνα
1431 1403 1709 1473 μάθωμενο
1766 1404 1907 1456 οὕτω

336 1493 433 1544 καὶ
466 1490 528 1543 :0
567 1490 790 1561 Πνεῦμα
820 1491 914 1544 τοῦ
947 1492 1103 1557 Θεοῦ,
1136 1493 1356 1563 Πνεῦμα
1386 1493 1621 1563 λέγεται,
1658 1494 1772 1547 ἀλλ’
1809 1496 1909 1548 οὐκ

336 1583 726 1651 ἀνυπόστατον.
756 1582 866 1636 Καὶ
903 1582 1091 1652 ὥσπερ
1128 1585 1311 1655 ἐπειδὴ
1338 1586 1556 1656 γνήσιός
1593 1587 1737 1638 ἐστιν
1779 1585 1908 1648 Υἱὸς

333 1673 435 1743 τοῦ
484 1674 718 1746 Πατρὸς,
768 1673 855 1727 διὰ
904 1674 1062 1728 τοῦτο
1110 1676 1375 1729 υἱοθεσίαν
1433 1680 1564 1748 ἡμῖν
1607 1678 1904 1748 χαρίζεταν

334 1762 483 1833 οὕτω
519 1765 612 1816 καὶ
648 1763 709 1817 τὸ
745 1762 988 1834 Πνεῦμα,
1030 1764 1215 1835 ἐπειδὴ
1258 1765 1415 1833 φύσει
1447 1767 1548 1835 τῆς
1571 1767 1756 1828 οὐσίας
1795 1766 1909 1819 ἐστὶ

335 1853 438 1923 τοῦ
469 1854 624 1917 Θεοῦ,
672 1854 742 1908 τὰ
787 1855 1099 1925 χαρίσματα
1151 1859 1282 1926 ἡμῖν
1322 1857 1571 1929 παρέχει.
1617 1858 1770 1911 Ἐπεὶ
1818 1860 1911 1911 καὶ

338 1945 645 2016 ἄνθρωπος,
700 1948 885 2016 ἐπειδὴ
927 1946 1083 2015 φύσει
1126 1947 1407 2016 ἄνθρωπός
1442 1950 1578 2011 ἐστι,
1631 1947 1716 2000 διὰ
1755 1947 1911 2002 τοῦτο

337 2037 550 2108 γράψαι
578 2037 800 2092 δύναται
842 2037 1023 2091 εἰκόνα
1060 2037 1366 2104 ἀνθρώπου.
1411 2039 1513 2093 Διὰ
1540 2039 1713 2093 τοῦτο
1734 2041 1910 2093 εὐλό-

339 2129 498 2198 γησέ
533 2144 607 2183 σε
643 2132 676 2183 ὁ
699 2129 842 2197 Θεὸς
862 2130 948 2195 εις
977 2129 1084 2185 τὸν
1115 2129 1318 2187 αἰῶνα.
1354 2130 1545 2194 Ἄλλος
1575 2130 1741 2200 λέγει,
1787 2131 1912 2185 Ἐπὶ

338 2220 550 2286 τούτῳ.

424 2332 588 2403 Ὁρᾷς
620 2333 735 2396 πῶς
767 2332 834 2385 δι’
859 2330 981 2387 ὅλου
1011 2330 1147 2401 πρὸς
1172 2330 1330 2386 αὐτὸν
1353 2332 1692 2386 ἀποτείνεται
1721 2334 1784 2386 ὲκ
1802 2332 1916 2386 δια⁶

343 2424 578 2490 θέσεωςς
611 2423 710 2478 Διά
735 2423 893 2478 τοῦτο
936 2425 1030 2477 καὶ
1072 2423 1305 2494 ἀλλαχοῦ
1352 2425 1449 2494 οὐχ
1482 2424 1668 2487 ἁπλῶς
1708 2442 1919 2494 προφη-

341 2517 511 2587 τεύει,
563 2515 680 2569 ἀλλ’
710 2518 769 2569 ὲν
800 2516 1036 2587 σχήματι
1081 2515 1444 2586 ἐγκλήματος,
1484 2516 1558 2580 ὡς
1590 2518 1717 2570 ὅταν
1764 2516 1913 2589 λέΥἳΥ

346 2607 468 2661 Ἵνα
496 2608 555 2659 τί
590 2605 899 2675 ἐφρύαξαν
930 2606 1093 2672 ἔθνη.
1132 2604 1231 2658 καὶ
1256 2605 1391 2659 λαοὶ
1416 2604 1787 2674 ἐμελέτησαν
1827 2623 1921 2659 κε-

348 2695 455 2758 νά;
482 2695 626 2748 οὓτω
653 2694 717 2766 δὴ
741 2696 833 2747 καὶ
858 2694 1087 2748 ἐνταῦθα
1111 2694 1301 2762 λέγων,
1337 2693 1439 2747 Διὰ
1467 2694 1641 2748 τοῦτο
1672 2697 1922 2764 εὐλόγη-

348 2786 419 2843 σέ
451 2784 608 2858 [165]
643 2800 718 2841 σε
756 2788 789 2840 ό
812 2785 954 2852 Θεὸς
974 2787 1203 2851 είςτὸν
1229 2785 1431 2841 αἰῶνα.
1459 2786 1623 2839 Οὐδὲν
1657 2786 1764 2856 γὰρ
1797 2788 1923 2856 περὶ

345 2878 443 2947 τῆς
487 2876 795 2946 γεννήσεως
840 2876 1003 2939 αὐτοῦ
1036 2875 1356 2946 διαλεχθεὶς,
1385 2876 1503 2929 οὐδὲ
1537 2876 1665 2948 περὶ
1699 2879 1924 2948 ἀνατρο-

349 2969 477 3037 φῆς,
506 2967 628 3020 οὐδὲ
655 2968 780 3037 περὶ
804 2966 909 3020 τῶν
928 2966 1120 3031 ἄλλων,
1143 2968 1389 3021 ἐντεῦθεν
1408 2968 1663 3038 ἐμϐάλλει
1683 2968 1774 3022 τὸν
1796 2987 1861 3021 πε
1872 2970 1927 3039 ρὶ

350 3061 515 3125 αὐτοῦ
549 3061 724 3129 λόγον.
772 3061 837 3113 Τί
870 3061 1103 3131 δήποτε;
1156 3062 1273 3115 ’ὐτι
1302 3062 1361 3115 τὸ
1407 3063 1505 3132 μὲν
1542 3064 1754 3117 ἅπαντα
1786 3062 1925 3117 κατὰ

350 3152 671 3225 ἀκολουθίαν
713 3151 909 3219 λέγειν,
948 3152 1054 3205 τῶν
1090 3152 1496 3221 ¹εὐαγγελιστῶν
1541 3158 1674 3208 ἐστι’
1707 3155 1786 3208 διὸ
1834 3157 1927 3209 καὶ

351 3243 584 3305 ἐκείνοις
637 3241 777 3294 αὐτά
824 3242 1078 3312 ἐτήρησε·
1131 3244 1222 3295 καὶ
1275 3243 1382 3313 γὰρ
1432 3244 1529 3314 τῆς
1574 3244 1795 3297 ἐκείνων
1849 3244 1927 3296 δι-

351 3336 606 3408 ηγήσεως
635 3328 723 3403 ἦν’
763 3334 1096 3404 προφητείας
1135 3334 1193 3387 δέ
1221 3338 1373 3388 ’ἐστιν
1410 3336 1586 3406 ἔργον,
1623 3337 1760 3407 μέρη
1808 3337 1930 3391 τινὰ

354 3424 763 3494 ἀπολαμϐάνειν
808 3426 902 3479 καὶ
943 3427 1070 3497 περὶ
1105 3427 1307 3481 τούτων
1351 3427 1710 3496 διαλέγεσθαι.
1742 3429 1838 3480 Διὰ
1866 3428 1930 3499 δὴ

354 3517 514 3569 τοῦτο
563 3518 610 3569 οἱ
651 3517 925 3586 προφῆται
971 3518 1243 3588 πανταχοῦ
1278 3518 1437 3571 τοῦτο
1470 3517 1731 3571 ποιοῦσιν·
1775 3520 1931 3584 ὀλίγα

356 3612 475 3667 τινὰ
503 3609 616 3679 γὰρ
655 3610 735 3671 είς
772 3609 870 3678 τὴν
907 3609 1143 3679 ἱστορίαν
1182 3609 1538 3679 ἐμϐάλλοντες
1584 3611 1675 3664 καὶ
1711 3611 1934 3664 συσκιά-

359 3702 545 3766 ζοντες
579 3698 936 3768 ἀναχωροῦσι.
984 3699 1082 3751 Διά
1110 3698 1267 3751 τοῦτο
1298 3700 1390 3753 καὶ
1415 3693 1588 3763 οὗτος,
1620 3699 1933 3769 Εὐλόγησέ

361 3808 448 3857 σε,
478 3790 666 3860 φησὶν.
700 3792 731 3843 ὀ
767 3788 911 3855 Θεὸς
937 3791 1025 3855 εὶς
1050 3789 1156 3842 τὸν
1187 3788 1387 3843 αὶῶναο
1432 3789 1603 3853 οὕτως
1633 3790 1823 3853 εἰπὼν,
1853 3792 1951 3845 ὄτι

363 3883 629 3952 τοσαύτης
666 3882 887 3952 χάριτος
941 3879 1137 3951 ἔγεμεν
1173 3879 1338 3935 αὐτοῦ
1372 3880 1440 3938 τὰ
1473 3883 1707 3951 ῥήματα.
1738 3881 1936 3935 Σκόπει

365 3974 494 4042 γοῦν
534 3972 637 4042 τὴν¹
669 3971 896 4040 δύναμιν
934 3969 1035 4040 τῆς
1070 3968 1318 4040 χάριτος·
1349 3968 1757 4039 Παρεπορεύετό
1806 3986 1936 4022 ποτε

367 4054 521 4133 παρὰ
577 4061 682 4131 τὴν,
730 4058 1037 4123 θάλασσαν,
1097 4059 1193 4117 καὶ
1245 4056 1485 4128 εὑρίσκει
1546 4057 1797 4119 Ἰάκωϐον
1846 4057 1940 4117 καὶ

380 4136 654 4225 ’ί-ωάννην,
689 4151 782 4204 καὶ
818 4150 964 4225 λέγει
998 4149 1199 4219 αὐτοῖς’
1242 4149 1420 4204 Δεῦτε
1454 4150 1644 4211 ὀπίσω
1673 4166 1812 4218 μου,
1840 4149 1938 4203 καὶ

369 4223 606 4314 ποιήσω
658 4241 815 4312 ὑμᾶς
868 4223 1063 4309 ’άλιεῒς
1110 4240 1452 4309 ἀνθρώπων.
1493 4243 1555 4294 Ol
1589 4240 1657 4293 δὲ
1690 4240 1788 4294 καί
1834 4240 1943 4295 τὸν

369 4336 594 4415 πατέρα
622 4334 874 4404 ἀφέντες
900 4334 996 4395 καὶ
1030 4331 1103 4389 τὰ
1123 4333 1352 4398 δίκτυα,
1388 4333 1815 4402 ἠκολούθησαν
1838 4335 1944 4387 αὐτ

372 4427 466 4498 τῷ.
503 4423 636 4480 Εἶτα
670 4425 859 4480 ἄλλοτε
887 4425 1018 4479 πᾶσι
1044 4426 1157 4488 τοῖς
1189 4424 1455 4494 μαθηταῖς
1480 4424 1672 4493 λέγων’
1710 4424 1808 4493 Μὴ
1844 4424 1944 4479 καί

372 4519 542 4595 ἡμεῖς
576 4518 778 4591 θέλετε
800 4517 1084 4587 ὐπάτειν;
1120 4517 1264 4586 λέγει
1302 4516 1452 4588 αὐτῷ
1494 4518 1715 4587 Πέτρος·
1748 4518 1944 4586 Κύριε,

373 4608 609 4677 ῥήματα
644 4605 795 4689 ζωῆς
819 4607 1062 4680 αἰωνίου
1092 4605 1270 4683 ἔχεις,
1310 4607 1406 4678 καὶ
1433 4607 1602 4677 ἡμεῖς
1623 4608 1945 4662 πεπιστεύ-

376 4713 563 4765 καμεν
599 4696 699 4749 καὶ
729 4692 1065 4765 ἐγνώκαμεν
1094 4692 1182 4749 ὅτι
1210 4696 1292 4749 σὺ
1318 4693 1379 4749 εἴ
1399 4699 1432 4750 ό
1466 4696 1711 4766 Χριστὸς
1753 4700 1787 4752 d
1818 4698 1948 4771 υίὸς

377 4787 479 4841 τοῦ
511 4785 660 4840 Θεοῦ
688 4785 795 4839 τοῦ
825 4783 1059 4853 ζῶντος*
1080 4786 1177 4839 καὶ
1210 4787 1358 4854 πρὸς
1383 4788 1517 4846 τίνα
1541 4772 1947 4859 ἀπελευσόμεέ

380 4882 480 4942 0a;
499 4876 578 4941 ,Τί
610 4876 756 4945 λέγω
781 4877 906 4951 τοὺς
936 4872 1214 4946 μαθητάς;
1245 4878 1409 4931 Αὐτοὶ
1429 4880 1477 4930 οἱ
1514 4879 1793 4949 Φαρισαῖοι
1819 4880 1955 4939 ἀποτ

384 4969 686 5032 στείλαντες
735 4968 1032 5048 ὑπηρέτας,
1082 4970 1277 5040 ἢκουον
1326 4969 1605 5040 λεγόντωνο
1657 4969 1953 5034 Οὐδέποτε

384 5060 691 5129 ἐλάλησεν
704 5060 892 5125 οὕτως
915 5059 1245 5127 ἄνθρωπος,
1274 5060 1354 5126 ὡς
1372 5055 1548 5126 οὗτος
1571 5062 1603 5112 ό
1622 5060 1944 5128 ἄνθρωπος.

387 5153 493 5206 Καὶ
533 5138 712 5224 ἕτεροι
762 5151 922 5205 πάλιν
965 5152 1166 5220 ἔλεγον,
1203 5151 1500 5205 Οὐδέποτε
1529 5142 1721 5221 ἐφάνη
1767 5154 1950 5218 οὕτως

389 5242 455 5294 ἐν
497 5241 577 5309 τῷ
616 5240 884 5312 Ἰσραήλ.
933 5240 1046 5295 Καὶ
1090 5242 1568 5311 ἐξεπλήσσοντο,
1625 5244 1807 5312 φησὶν,
1862 5241 1956 5296 ὅτι

389 5332 709 5388 ἐδίδασκεν
743 5332 966 5398 αὐτοὺς
989 5333 1069 5398 ὠς
1089 5333 1379 5397 ἐξουσίαν
1400 5332 1576 5402 ἔχων,
1611 5332 1710 5385 καί
1738 5315 1850 5401 οὐχ
1876 5332 1957 5398 ὡς

393 5426 445 5477 οι
474 5423 830 5495 γραμματεῖς
854 5425 1054 5479 αὐτῶν
1078 5424 1175 5476 καὶ
1202 5426 1256 5477 ol
1278 5423 1602 5492 Φαρισαῖοι.

462 5514 522 5567 δ’.
552 5516 613 5569 Εί
634 5514 695 5568 δὲ
720 5514 899 5585 βούλει
923 5513 1114 5584 μαθεῖν
1139 5514 1234 5566 καὶ
1257 5515 1320 5567 σὺ
1343 5514 1440 5583 τὴν
1464 5514 1642 5583 χάριν,
1666 5512 1831 5567 ἄκουε
1850 5512 1958 5567 τῶν

399 5605 783 5678 ἐπιταγμάτων
813 5606 978 5661 αὐτοῦ
1005 5606 1096 5661 τὸν
1137 5606 1321 5676 ὄγκον,
1348 5608 1444 5661 καὶ
1471 5606 1592 5675 ὄψει
1621 5605 1823 5678 ταύτης
1860 5606 1960 5678 τὴν

400 5696 650 5776 ξύν-αμιν.
684 5699 827 5775 Ἐὰν
866 5697 950 5771 μή
982 5716 1072 5766 τις
1103 5698 1470 5777 άποτᾴξηται
1512 5699 1722 5768 πᾶσιν,
1764 5700 1859 5767 ἐτι,
1892 5700 1961 5753 δὲ

1415 326 1780 387 EXPOSITIO
1819 327 1885 384 ΙΝ
1924 326 2254 386 PSALMUM
2296 328 2482 383 XLIV.

2001 420 2238 487 μισήσῃ
2277 419 2373 472 καὶ
2413 417 2526 487 τὴν
2551 416 2766 472 ἑαυτοῦ
2806 415 3039 486 ψυχὴν,
3074 415 3258 485 φησὶν,
3289 415 3400 469 οὐκ
3439 415 3574 469 ἔστι

1999 528 2117 579 μου
2159 510 2343 575 ἀξιος.
2391 509 2529 561 Ἀλλ’
2572 508 2720 578 ὅμως
2752 508 2973 578 ἴσχυσεν
3000 509 3029 559 ό
3055 506 3212 574 λόγος
3240 504 3401 575 ἔργον
3423 507 3575 575 γενέ-

2009 601 2170 653 σθαι·
2221 599 2454 668 τοσαύτη
2487 594 2554 669 ἦν
2610 596 2773 650 αὐτοῦ
2805 599 2838 666 ή
2873 597 3050 668 χάρις.
3080 596 3272 648 Καίτοι
3299 594 3352 647 τί
3398 594 3576 665 ψυχῆς

2007 692 2364 763 οἰκειότερονς
2410 690 2569 744 Ἀλλά
2603 690 2697 743 καὶ
2721 690 2860 759 αὕτη
2891 686 3372 757 καταπεφρόνηται
3399 685 3485 739 διὰ
3515 686 3575 738 :0

2011 783 2338 851 πρόσταγμα
2359 777 2419 832 :0
2453 778 2683 831 ἐκείνου.
2712 778 2783 829 Σὺ
2813 776 2870 829 δὲ
2902 774 3136 836 ἀκούων,
3158 771 3473 842 Εὺλόγησέ
3501 786 3577 825 σε

2010 874 2041 925 ὀ
2070 869 2232 934 Θεὸς,
2272 868 2347 938 μὴ
2379 865 2718 936 καταπέσῃς,
2764 864 2900 935 μηδὲ
2929 862 3181 916 ταπεινόν
3211 878 3262 913 τι
3293 862 3574 932 ἐννοήσῃς.

2011 956 2189 1032 Ὅπερ
2218 959 2326 1030 γὰρ
2375 957 2542 1027 ἔφθην
2580 956 2771 1020 εἰπὼν,
2819 955 2948 1025 1:591
2989 954 3086 1023 τῆς
3116 952 3316 1024 σαρκὸς
3349 955 3377 1007 ὁ
3420 953 3578 1021 λόγος

2015 1052 2154 1114 ἐστὶ,
2190 1050 2289 1113 τῆς
2318 1048 2469 1118 χείλη
2496 1047 2743 1117 ἐχούσης,
2773 1046 3013 1116 περὶτῆς
3042 1043 3338 1114 δεχομένης
3365 1041 3463 1112 τὴν
3490 1041 3582 1110 χά-

2017 1159 2119 1212 ριν,
2159 1140 2287 1210 περὶ
2314 1139 2410 1206 τῆς
2444 1136 2740 1206 δεχομένης
2768 1134 2865 1205 τὴν
2900 1133 3169 1201 εὐλογίαν.
3224 1132 3284 1184 '0
3312 1131 3421 1201 γὰρ
3449 1130 3581 1193 Θεὸς

2012 1231 2260 1299 εὐλογίας
2300 1230 2361 1280 οὐ
2414 1227 2606 1288 δεῖται,
2632 1225 2758 1277 οὐδὲ
2806 1224 3053 1295 χάριτος’
3103 1221 3344 1283 ἁνενδεὲς
3377 1220 3486 1290 γὰρ
3521 1219 3585 1272 :0

2012 1322 2183 1375 Θείον.
2218 1320 2444 1383 Ὠσπερ
2472 1315 2582 1386 γὰρ
2605 1317 2637 1367 d
2666 1314 2867 1382 Πατὴρ
2887 1314 3115 1382 ἐγειρει,
3139 1312 3291 1381 φησὶ,
3315 1310 3456 1375 τοὺς
3482 1326 3583 1363 νεα

2014 1408 2193 1477 κροὺς
2225 1407 2320 1459 καὶ
2362 1403 2655 1465 ζωοποιεῖ⁹
2695 1403 2849 1456 οὕτω
2886 1403 2985 1455 καὶ
3020 1406 3052 1456 ό
3109 1403 3242 1465 Υἱὸς
3285 1398 3392 1466 οὓς
3426 1399 3585 1453 θέλει

2014 1497 2290 1561 ζωοποιεῖ.
2336 1498 2443 1549 Καὶ
2487 1495 2681 1549 πάλιν·
2738 1494 2813 1548 Τὰ
2858 1492 3000 1562 ἔργα
3038 1491 3077 1546 ἀ
3117 1492 3347 1555 ἐκεῖνος
3400 1489 3585 1554 ποιεῖ,

2014 1584 2199 1639 ταῦτα
2225 1581 2322 1635 καὶ
2353 1584 2384 1634 ό
2424 1583 2556 1643 ΥΙὸς
2579 1578 2783 1647 ὁμοίως
2819 1576 2991 1631 ποιεῖ.
3020 1576 3129 1630 Καὶ
3159 1576 3347 1629 πάλιν·
3383 1573 3585 1637 Καθὼς

1974 1732 1981 1737 ,
2014 1672 2290 1741 γινώσκει
2310 1685 2387 1738 με
2412 1670 2443 1721 ό
2465 1668 2685 1733 Πατὴρ,
2718 1665 2879 1734 κάγὼ
2900 1664 3169 1733 γινώσκω
3196 1663 3303 1714 τὸν
3333 1660 3579 1727 Πατέρα.

2018 1759 2091 1812 T0
2138 1756 2267 1826 γὰρ,
2299 1755 2497 1816 Ὀὕτω,
2533 1755 2626 1807 καὶ
2659 1752 2737 1814 :0,
2781 1750 3046 1819 Ὀμοίως,
3099 1749 3193 1801 καὶ
3237 1747 3317 1812 :0,
3359 1748 3585 1811 Καθὼς,

2017 1841 2426 1918 ἀπαραλλαξίας
2467 1839 2633 1892 ἐστίν.
2670 1836 2809 1890 Ἀλλ’
2838 1835 3070 1888 ἐνταῦθα
3100 1834 3228 1905 περὶ
3254 1834 3351 1902 τῆς
3379 1834 3584 1886 οἰκονο-

2022 1938 2149 2008 μίας
2177 1938 2204 1990 ό
2223 1936 2401 2003 λόγος.
2438 1931 2730 2001 Ἀκούομεν
2749 1929 2807 1983 δὲ
2829 1929 2920 1982 καὶ
2943 1926 3107 2010 αὐτοῦ
3138 1924 3298 1979 πάλιν
3317 1924 3583 1991 λέγοντοςο

2018 2026 2119 2078 Διὰ
2154 2024 2330 2077 τοῦτό
2357 2038 2432 2091 με
2458 2024 2490 2075 ό
2520 2019 2721 2085 Πατὴρ
2750 2015 2969 2083 ἀγαπᾷ,
2999 2009 3219 2083 ὅτιὲγὼ
3244 2013 3355 2081 τὴν
3378 2009 3589 2081 ψυχήν

2014 2127 2133 2180 μου
2156 2109 2351 2175 τίθημι
2376 2105 2527 2173 ὑπὲρ
2557 2103 2673 2157 τῶν
2700 2101 3027 2169 προϐάτων.
3047 2096 3193 2171 *Αρα
3209 2095 3301 2151 οὖν
3338 2099 3442 2169 πρὸ
3470 2098 3590 2150 τού-

2020 2217 2113 2252 του
2142 2197 2304 2249 αὐτδν
2333 2196 2431 2248 οὐκ
2445 2195 2665 2264 ὴγάπα;
2692 2192 2817 2255 Πῶς
2838 2189 2930 2245 οὖν
2961 2191 3144 2258 ἔλεγεν
3165 2206 3178 2221 ο
3209 2185 3392 2254 Οὗτός
3420 2189 3591 2241 ἐστιν

2021 2294 2055 2345 ό
2094 2288 2247 2365 [1661
2279 2290 2408 2353 Υἱός
2434 2304 2554 2356 μου
2581 2289 2612 2338 ὀ
2650 2284 2983 2353 ἀγαπητός;
3022 2281 3183 2337 ’Λλλά
3211 2280 3379 2333 Θέλων
3421 2278 3591 2343 δεῖξαι

2021 2380 2082 2433 :0
2102 2378 2327 2450 μέγεθος
2351 2377 2445 2429 τοῦ
2469 2374 2909 2445 κατορθώματος,
2928 2372 3083 2424 τοῦτο
3105 2371 3364 2424 τέθεικεν.
3384 2371 3594 2439 Ὥσπερ

2024 2467 2116 2524 οὖν
2152 2471 2269 2523 ἐκεῖ
2297 2470 2328 2538 ἠ
2362 2466 2661 2533 αἰτιολογία
2690 2465 2802 2533 ἔχει
2830 2462 2950 2514 τινὰ
2982 2460 3181 2525 αἰτίαν,
3211 2458 3353 2512 οὐτω
3384 2459 3477 2511 καί
3505 2459 3594 2509 ὲν-

2025 2560 2203 2615 ταῦθα
2227 2562 2261 2631 ή
2294 2558 2443 2613 αἰτία
2475 2556 2630 2627 δήλη.
2665 2555 2762 2611 Διά
2786 2553 2894 2623 γὰρ
2915 2552 3072 2605 τοῦτο
3098 2549 3380 2620 προλαϐὼν
3406 2543 3591 2601 εἷπενέ

2039 2652 2268 2721 Ὠραῒος
2296 2651 2506 2704 κάλλει
2534 2648 2692 2718 παρὰ
2729 2647 2870 2711 τοὺς
2898 2644 3064 2709 υἱοὺς
3091 2642 3206 2696 τῶν
3234 2641 3557 2709 ἀνθρώπων
3575 2654 3589 2668 °

2029 2745 2144 2806 καὶ,
2180 2742 2469 2811 Ἐξεχύθη
2487 2739 2656 2809 χάρις
2674 2738 2743 2790 ὲν
2763 2737 2998 2804 χείλεσί
3015 2750 3151 2787 σου·
3170 2735 3284 2794 καὶ,
3303 2732 3404 2785 Διὰ
3420 2729 3595 2784 τοῦτο

2028 2830 2328 2903 εὐλόγησὲ
2357 2846 2430 2884 σε
2459 2832 2491 2883 ὁ
2524 2827 2667 2893 Θεὸς
2692 2830 2778 2891 είς
2800 2827 2908 2879 τὸν
2934 2824 3117 2877 αἰῶνα
3137 2840 3150 2854 ·
3175 2824 3256 2886 είς
3280 2821 3368 2874 τὸν
3398 2823 3496 2892 τῆς
3521 2820 3600 2874 ol-

2030 2924 2286 2993 κονομίας
2303 2922 2474 2974 ἕλκων
2496 2919 2674 2989 λόγον,
2697 2917 2784 2971 ἵνα
2809 2918 2935 2969 ὅταν
2969 2913 3136 2986 μέλλῃ
3155 2930 3207 2966 τι
3228 2912 3391 2965 πάλιν
3417 2911 3598 2977 λέγειν

2030 3019 2127 3087 τῆς
2158 3012 2319 3068 αὐτοῦ
2365 3010 2518 3074 ἀξίας
2553 3007 2831 3070 καταδεὲς,
2865 3006 2939 3077 μὴ
2970 3004 3308 3073 καταπέσῃς,
3341 3002 3452 3056 ἀλλ’
3482 3000 3600 3071 ἴδῃς
3644 3004 3655 3013 '

2034 3108 2160 3179 περὶ
2191 3106 2335 3168 τίνος
2364 3107 2391 3157 ὁ
2419 3102 2594 3170 λόγος.
2645 3099 2801 3153 Οῦτω
2831 3100 2924 3152 καὶ
2952 3101 2980 3150 ὁ
3024 3095 3216 3150 Ἰακὼϐ
3249 3095 3345 3164 τὴν
3396 3095 3601 3146 οίκονο-

2037 3197 2163 3266 μίαν
2188 3193 2361 3264 δηλῶν
2388 3191 2525 3262 μετά
2558 3190 2619 3242 :0
2656 3187 2825 3241 πολλά
2864 3188 3037 3239 εἰπεῖν
3061 3186 3212 3253 ἔλεγε
3236 3199 3250 3212 ’
3281 3180 3600 3249 Χαροποιοὶ

2034 3291 2087 3342 ot
2120 3283 2409 3355 ὀφθαλμοί
2443 3281 2627 3336 αὑτοῦ
2654 3280 2733 3345 ὡς
2760 3275 2942 3343 οἶνος,
2976 3278 3070 3330 καὶ
3104 3274 3308 3330 λευκοὶ
3344 3276 3397 3327 οἱ
3428 3272 3601 3325 ἐδόν-

2034 3395 2132 3444 τες
2165 3374 2351 3429 αὑτοῦ
2382 3373 2419 3443 ἢ
2460 3371 2635 3442 γάλα.
2689 3369 2933 3427 Ὀδόντας
2961 3366 3016 3419 δὲ
3046 3368 3078 3439 ή
3107 3365 3295 3436 Θεότης
3324 3364 3423 3417 οὐκ
3465 3361 3600 3431 ἔχει.

2037 3468 2149 3521 Καὶ
2178 3462 2333 3529 ἄλλος
2366 3464 2647 3534 προφήτης
2675 3459 2842 3531 φησί·
2878 3458 3134 3541 Πιιτάξει
3166 3456 3280 3525 τὴν
3307 3453 3419 3523 γῆν
3444 3456 3604 3520 λόγῳ
3662 3530 3666 3535 ⁸

2037 3558 2143 3611 τοῦ
2170 3557 2465 3625 στόματος
2483 3552 2690 3617 αὐτοῦ,
2714 3550 2810 3603 καὶ
2830 3551 3117 3617 πνεύματι
3138 3546 3381 3616 χειλέων
3403 3541 3607 3598 ἀνελεῖ
3684 3592 3687 3595 ,

2038 3645 2260 3713 ἀσεϐῆ·
2292 3645 2361 3698 τά
2408 3644 2546 3697 αὐτὰ
2588 3644 2666 3713 τῷ
2699 3641 2896 3710 Παύλῳ
2948 3639 3316 3709 φθεγγόμενος
3359 3636 3602 3704 λέγοντι⁰

2046 3743 2154 3791 ’ον
2186 3741 2218 3791 ό
2248 3738 2465 3803 Κύριος
2491 3732 2790 3788 ἀναλώσει
2820 3728 2898 3795 τῷ
2930 3730 3220 3797 πνεύματι
3253 3727 3359 3779 τοῦ
3380 3726 3603 3793 στόμα-

2041 3849 2143 3896 τος
2172 3828 2378 3892 αὐτοῦ,
2405 3827 2503 3879 καὶ
2532 3822 2894 3896 καταργήσει
2924 3821 2998 3892 τῇ
3025 3815 3479 3891 ἐπιφανείατῆς
3500 3832 3609 3873 παρ-

2034 3920 2292 3991 ρουσίας
2312 3917 2518 3973 αὑτοῦ.
3422 3900 3439 3911 ’

2116 4073 2214 4127 Ἶν⁹
2261 4067 2351 4125 οὖν
2400 4070 2475 4141 μὴ
2527 4068 2766 4131 ἀκούσας
2821 4068 2886 4119 σὺ
2938 4064 3113 4119 ταῦτα
3151 4063 3607 4135 καταφρονήσῃς,

2046 4163 2287 4219 δείκνυσί
2335 4178 2418 4214 σοι
2456 4161 2554 4230 τῆς
2587 4159 2840 4228 θεότητος
2868 4157 2968 4226 τὴν
3004 4154 3177 4225 ἰσχύν.
3222 4153 3354 4206 Οὐδὲ
3381 4151 3489 4223 γάρ
3516 4151 3613 4220 τὴν

2051 4254 2229 4324 σάρκα
2264 4250 2460 4321 διαιρεῖ
2489 4248 2588 4319 τῆς
2634 4247 2903 4314 θεότητος,
2946 4243 3070 4297 οὔτε
3106 4243 3206 4315 τὴν
3251 4241 3479 4312 θεότητα
3516 4240 3616 4310 τῆς

2052 4344 2272 4417 σαρκὸς,
2300 4342 2421 4414 οὐχὶ
2452 4339 2550 4404 τὰς
2577 4338 2763 4402 οὐσίας
2794 4337 3036 4407 συγχέων
3066 4336 3165 4410 (μὴ
3192 4336 3453 4406 γένοιτο),
3480 4333 3617 4388 ἀλλὰ

2050 4438 2147 4507 τὴν
2172 4435 2367 4489 ἕνωσιν
2392 4431 2624 4495 δεικνύς.
2655 4431 2752 4485 Διά
2773 4429 2930 4482 τοῦτό
2958 4445 3123 4500 φησιν
3141 4445 3154 4459 ⁸
3192 4425 3510 4497 Εὑλόγησέ
3543 4442 3617 4480 σε

2015 4523 2019 4528 ’
2052 4531 2085 4580 ό
2107 4525 2246 4588 Θεὸς
2268 4527 2355 4590 εὶς
2377 4524 2484 4577 τὸν
2504 4522 2707 4579 αίῶνα.
2737 4520 2833 4583 Τίς
2856 4520 2911 4574 δὲ
2936 4520 3037 4590 τῆς
3062 4519 3310 4586 εὐλογίας
3335 4520 3363 4571 ὁ
3384 4516 3615 4589 τρόπος;

2057 4613 2330 4682 Ἄγγελοι,
2357 4610 2687 4683 ἀρχάγγελοι
2709 4609 3107 4680 παρεστήκασι,
3144 4607 3341 4676 θρόνοι,
3366 4606 3625 4677 κυριότη-

2054 4722 2166 4770 τες,
2200 4703 2384 4774 ἀρχαὶ,
2406 4690 2676 4768 Δἐξουσίαι,
2721 4696 2866 4754 αἶνον
2896 4699 3310 4770 ἀναπέμποντες
3333 4712 3348 4728 ·
3399 4699 3548 4751 πᾶσα
3584 4698 3618 4767 ή

2054 4795 2128 4864 γῆ
2162 4794 2270 4848 ἀπὸ
2304 4793 2554 4866 περάτων
2578 4793 2658 4856 είς
2686 4791 2753 4845 τὰ
2788 4792 3000 4862 πέρατα
3025 4790 3295 4857 δοξολογεῖ
3335 4790 3431 4843 καὶ
3462 4789 3624 4858 ὑμνεῖ

2056 4885 2152 4938 καὶ
2184 4884 2422 4955 εὐφημεῖ
2443 4880 2535 4935 τὸν
2570 4880 2923 4953 σαρκωθέντα
2948 4879 3099 4933 Θεόν.
3140 4880 3197 4931 '0
3225 4878 3324 4948 μὲν
3349 4877 3455 4947 γὰρ
3476 4876 3624 4946 πρῶ-
3666 4924 3670 4928 ,

2057 4993 2146 5037 τος
2186 4973 2357 5044 Ἀδὰμ
2390 4972 2589 5051 μυρίας
2619 4972 2921 5043 ἐνεπλήσθη
2955 4970 3230 5041 κατάραςο
3263 4961 3416 5031 οὗτος
3437 4968 3492 5020 δὲ
3521 4968 3626 5019 ἁπ-

2061 5065 2304 5126 εναντίας
2336 5064 2529 5135 ἐκείνῳ
2556 5063 2757 5133 πολλῆς
2779 5064 2878 5132 τῆς
2907 5062 3177 5130 εὐλογίας.
3209 5060 3441 5121 Ἐκεῖνος
3459 5058 3625 5128 ἤκου-

2062 5173 2170 5218 σεν,
2215 5156 2670 5224 Ἐπικατάρατος
2702 5154 2783 5208 σὺ
2810 5154 2879 5207 ἐν
2910 5154 3036 5220 τοῖς
3060 5152 3254 5221 ἔργοις
3284 5166 3430 5204 σου·
3463 5151 3555 5203 καὶ
3597 5151 3627 5203 ό

2064 5248 2181 5317 μετ’
2232 5249 2435 5300 ἐκεῖνον
2487 5245 2671 5310 πάλιν,
2719 5244 2834 5309 καὶ,
2882 5241 3339 5311 Ἐπικατάρατος
3382 5243 3413 5294 ό
3443 5238 3628 5293 ποιῶν

2061 5340 2134 5392 τὰ
2160 5338 2302 5408 ἔργα
2334 5337 2555 5406 Κυρίου
2586 5336 2822 5405 ἀμελῶς
2842 5351 2855 5366 ·
2884 5335 2999 5397 καὶ,
3047 5330 3524 5399 Ἐπικατάρατος,
3560 5331 3627 5398 ὃς

2063 5431 2174 5482 οὐκ
2202 5420 2437 5495 ἐμμένει
2462 5425 2611 5479 πᾶσι
2634 5424 2758 5490 τοῖς
2784 5421 3205 5494 γεγραμμένοις
3222 5420 3292 5475 ἐν
3317 5420 3396 5488 τῷ
3413 5421 3631 5486 ,βιϐλίῳ

2064 5518 2253 5581 τούτῳ
2272 5532 2285 5546 ·
2311 5515 2427 5579 καὶ,
2474 5513 2937 5582 Ἐπικατάρατος
2965 5515 2998 5567 ό
3017 5512 3381 5582 κρεμάμενος
3399 5511 3497 5565 ἐπὶ
3527 5510 3632 5575 ξύ-

2068 5612 2202 5663 λου.
2244 5606 2408 5676 Ὁρᾷς
2454 5604 2617 5657 πόσαι
2650 5604 2919 5675 κατάραις
2952 5590 3170 5659 Τούτων
3196 5601 3539 5675 ήλευθέρωσέ
3574 5616 3633 5651 σε

2074 5702 2107 5775 ὁ.
2142 5696 2393 5768 Χριστὸς,
2421 5694 2707 5766 γενόμενος
2734 5695 2966 5768 κατάρα.
2992 5698 3199 5767 ’Ὠσπερ
3217 5696 3324 5768 γὰρ
3345 5692 3632 5748 ἐταπείνωο
