4068 6288
390 273 488 329 189

387 401 480 439 σεν
509 379 723 447 ἐαυτδν,
752 379 841 433 ἵνα
870 378 929 431 σὲ
954 377 1167 451 ὑψώσῃ,
1199 380 1292 433 καὶ
1311 374 1602 441 ἀπέθανεν,
1623 378 1712 433 ἴνα
1738 379 1794 432 σὲ
1816 378 1949 432 ἀθά-

385 491 544 529 νατον
584 469 917 543 ἐργάσηται·
949 468 1091 523 οὕτω
1130 470 1222 523 καὶ
1267 470 1479 541 κατάρα
1510 470 1745 538 ἐγένετο,
1775 471 1861 523 ἵνα
1896 469 1955 522 σὲ

385 563 639 633 εὐλογίας
663 562 942 634 ἐμπλήσῃ.
968 561 1035 613 Τί
1063 561 1161 631 τῆς
1180 560 1429 631 εὐλογίας
1449 560 1652 631 ταύτης
1675 561 1806 626 ἴσον,
1829 562 1958 614 ὃταν

385 656 474 710 διὰ
503 654 744 725 κατάρας
774 652 1021 719 εὐλογίαν
1050 652 1371 724 χαρίζηταις
1398 654 1472 707 Ού
1495 653 1603 724 γὰρ
1619 654 1778 718 αὐτὸς
1806 654 1956 724 ἐδεή-

388 748 456 818 θη
498 745 766 814 εὐλογίας.
803 744 936 799 ἀλλά
975 745 1058 797 σοὶ
1095 745 1295 816 ταύτην
1335 745 1567 799 δίδωσιν.
1603 746 1814 815 Ὥσπερ
1849 746 1956 816 γὰρ

388 838 516 891 ὅταν
549 838 707 898 εἴπω,
741 835 823 887 ὅτι
848 833 1207 905 ἐταπεινώθη,
1234 837 1293 889 ού
1317 835 1615 907 μεταϐολὴν
1637 836 1801 903 λέγω,
1822 835 1958 889 ἀλλὰ

386 932 486 1000 τῆς
514 926 826 996 οἰκονομίας
875 925 972 997 τὴν
1017 926 1458 995 συγκατάϐασιν⁶
1493 925 1639 979 ο⁸ύτω
1686 928 1779 979 καὶ
1831 927 1957 979 ὅταν

388 1021 527 1074 εἴπω
556 1021 638 1073 ὅτι
666 1016 967 1088 ηὐλογήθη,
1004 1018 1064 1070 ού
1094 1016 1254 1071 τοῦτο
1275 1017 1440 1085 λέγω,
1476 1017 1556 1070 ὅτι
1588 1016 1780 1088 ἐδεήθη
1810 1016 1961 1069 εύλο-

389 1110 534 1180 γίας,
566 1108 700 1163 ἀλλά
732 1108 893 1161 πάλιν
916 1110 1014 1177 τῆς
1035 1108 1345 1177 οἰκονομίας
1367 1107 1616 1178 δείκνυμι
1636 1106 1735 1176 τὴν
1757 1122 1954 1174 συγκα‹

391 1201 640 1254 τάϐασιν.
669 1198 953 1269 Ηὺλογήθη
989 1198 1167 1251 τοίνυν
1199 1200 1231 1269 ή
1262 1197 1575 1269 ἀνθρωπίνη
1609 1198 1788 1267 φύσις.
1823 1198 1958 1267 Χρι-

392 1290 516 1352 dab;
557 1289 666 1360 γὰρ
705 1288 950 1359 ἐγερθεὶς
976 1288 1043 1339 ἐκ
1072 1287 1305 1357 νεκρῶν,
1350 1288 1449 1341 οὐκ
1483 1287 1562 1340 ἔτι
1606 1286 1957 1357 ἀποθνήσκει,

274 1410 280 1421 ο
391 1381 511 1432 οὐδὲ
537 1380 749 1449 κατάρᾳ
784 1378 1070 1430 ὑπόκειται
1092 1394 1106 1407 ·
1158 1377 1356 1448 μᾶλλον
1386 1378 1442 1431 δέ
1471 1378 1590 1431 ούδέ
1623 1378 1728 1448 πρὸ
1770 1376 1958 1430 τούτου

393 1470 667 1532 ὑπέκειτο,
717 1468 830 1523 ἀλλ’
869 1468 1099 1521 ἀνέλαϐε
1127 1468 1227 1539 τὴν
1255 1470 1518 1540 κατάραν,
1550 1469 1635 1522 ῐνα
1667 1469 1726 1521 σέ
1759 1468 1962 1537 ταύτης

392 1561 695 1632 ἀπαλλάξῃ.
734 1559 1056 1627 Περίζωσαι
1084 1560 1197 1628 τὴν
1232 1562 1538 1628 ῥομφαίαν
1576 1576 1690 1614 σου
1723 1560 1819 1613 ἐπὶ
1857 1562 1964 1613 τὸν

387 1653 584 1719 μηρόν
609 1665 747 1711 σου,
789 1649 1028 1703 δυνατέ.
1062 1651 1275 1714 Ἀλλος,
1309 1652 1503 1704 Ζῶσαι
1523 1651 1822 1721 μάχαιράν
1848 1667 1963 1705 σου

392 1743 490 1795 ἐπὶ
522 1743 736 1811 μηρόν.
773 1740 984 1803 Ἀλλος,
1019 1741 1269 1808 Περιθου
1297 1742 1376 1806 ὡς
1397 1741 1692 1810 μάχαιράν
1723 1756 1841 1796 σου
1865 1741 1962 1795 ἐπὶ

394 1833 502 1886 τοῦ
517 1832 732 1901 μηροῦ.
768 1830 846 1898 Τῇ
879 1832 1191 1898 ὼχιαιότητί
1222 1848 1337 1885 σου
1358 1831 1456 1885 καί
1489 1831 1568 1897 τῷ
1592 1833 1803 1887 κάλλει
1823 1848 1961 1889 σου.

398 1922 591 1983 ’Δλλος
619 1921 774 1991 φησὶ,
809 1919 918 1974 Τὸν
942 1920 1193 1974 ἔπαινόν
1213 1935 1329 1976 σου
1353 1922 1451 1976 καί
1479 1923 1542 1975 τὸ
1570 1924 1797 1993 ἀξίωμά
1824 1939 1962 1980 σου.

396 2011 550 2085 [16η
598 2011 807 2076 Ἄλλος,
867 2010 1281 2078 Ἐπιδοεότητι
1323 2027 1440 2067 σου
1485 2013 1583 2066 καί
1617 2013 1967 2083 διαπρεπείᾳ

395 2120 532 2158 σου.
565 2101 661 2165 Τίς
695 2102 727 2171 ἡ
761 2100 1053 2172 μεταϐολὴ,
1076 2101 1170 2153 καὶ
1196 2101 1333 2171 τίςὴ
1370 2103 1698 2172 μετάστασις
1733 2103 1840 2157 τῶν
1865 2106 1963 2176 ῥη-

398 2194 582 2266 μάτων
600 2210 612 2260 ;
637 2193 773 2262 Περὶ
796 2191 903 2263 γάρ
924 2191 1242 2245 διδασκάλου
1261 2191 1637 2263 διαλεγόμενος
1660 2194 1836 2261 (τοῦτο
1850 2182 1965 2266 γάρ

394 2287 507 2338 ἐστι
529 2285 608 2349 τὸ,
650 2282 933 2352 Ἐξεχύθη
956 2281 1129 2351 χάρις
1155 2282 1225 2334 ἐν
1255 2283 1488 2350 χείλεσι
1517 2283 1678 2353 σου),
1707 2283 1965 2354 ἐξαίφνης

394 2378 525 2446 ἡμῖν
561 2374 783 2445 βασιλέα
822 2372 1270 2443 καθωπλισμένον
1295 2373 1624 2441 ὑπογράφει,
1658 2374 1751 2426 καὶ
1782 2375 1881 2427 ούκ
1907 2377 1963 2427 ἐν

394 2465 544 2529 τάξει
581 2463 937 2535 προφητείας,
974 2463 1088 2515 ἀλλ’
1134 2465 1192 2515 ἐν
1218 2461 1369 2525 τάξει
1416 2464 1714 2532 ἱκετηρίας.
1745 2464 1819 2515 υύ
1858 2464 1964 2535 γὰρ

395 2553 538 2610 εἷπε·
580 2552 953 2625 Περιζώσεται
982 2552 1080 2624 τὴν
1120 2553 1391 2625 ῥομφαίαν
1418 2554 1581 2606 αὐτοῦ
1604 2572 1617 2582 ·
1648 2554 1780 2606 ἀλλά
1805 2555 1961 2620 ἀξιοῖ,

397 2645 487 2699 καί
517 2661 667 2714 φησι,
698 2641 1017 2710 Περίζωσαι
1040 2642 1154 2709 τὴν
1185 2642 1494 2711 ¹ῥομφαίαν
1520 2658 1656 2696 σου.
1708 2641 1839 2698 Εἶτα
1870 2645 1965 2698 καὶ

394 2737 461 2805 τῇ
496 2732 705 2786 ὁπλίσει
734 2729 905 2803 ταύτῃ
928 2729 1121 2793 κάλλος
1141 2730 1488 2799 ἀναμίγνυσι,
1509 2730 1602 2784 νῦν
1626 2733 1723 2801 μὲν
1742 2733 1965 2804 ὁπλίτην

394 2824 590 2895 δηλῶν,
620 2820 715 2875 νῦν
742 2820 798 2874 δέ
831 2819 1224 2891 ώραῖζόμενον·
1268 2820 1346 2887 Τῇ
1365 2821 1473 2890 γάρ
1494 2822 1808 2889 ὼραιότητί
1826 2838 1961 2888 σου,

399 2915 554 2984 φησί,
585 2912 685 2965 καί
724 2910 804 2975 τῷ
833 2910 1045 2963 κάλλει
1094 2925 1231 2963 σου.
1268 2906 1401 2964 Εἶτα
1428 2910 1649 2982 τοξότην
1671 2929 1684 2942 ο
1713 2915 1790 2965 Τὰ
1807 2913 1964 2981 ,ϐέλη

395 3007 505 3075 γάρ
539 3019 677 3068 σου,
729 3002 914 3073 φησὶν,
963 3000 1325 3070 ἠκονημένα,
1365 3001 1601 3056 δυνατέ.
1649 3003 1759 3054 Καὶ
1803 3004 1967 3057 πάλιν

395 3094 623 3165 νικητὴν
651 3094 745 3147 καί
771 3091 1131 3164 τροπαιοῦχον
1153 3109 1166 3123 ·
1190 3092 1335 3146 Λαοί
1352 3092 1629 3146 ὑποκάτω
1651 3109 1788 3159 σου,
1809 3096 1962 3165 φησὶ,

396 3184 728 3240 πεσοῦνται
755 3184 825 3237 ἐν
851 3184 1064 3251 καρδίᾳ
1102 3182 1220 3236 τῶν
1244 3183 1472 3251 ἐχθρῶν
1505 3186 1610 3237 τοῦ
1636 3186 1962 3254 βασιλέως.

398 3274 510 3326 Καὶ
540 3271 726 3325 τοῦτον
759 3271 815 3323 δὲ
838 3271 1001 3325 αὐτὸν
1030 3271 1193 3325 πάλιν
1219 3271 1427 3339 εἰσάγει
1461 3272 1653 3345 μύροις
1681 3275 1966 3345 χριόμενον

396 3363 489 3416 τὸν
513 3362 755 3431 ὁπλίτην,
790 3363 883 3415 καὶ
916 3362 1162 3431 βασιλέα,
1193 3363 1288 3415 καὶ
1314 3362 1556 3434 τοξότην,
1586 3366 1677 3417 καὶ
1706 3368 1930 3438 νικητήν
1949 3383 1966 3400 ο

397 3454 640 3522 Σμύρνα
668 3452 797 3521 γὰρ,
836 3453 988 3520 φησί,
1034 3454 1131 3505 καί
1161 3451 1418 3521 στακτὴ,
1449 3453 1545 3507 καὶ
1576 3457 1801 3510 κασσία
1847 3457 1965 3511 ἀπὸ

397 3544 518 3600 τῶν
545 3543 791 3613 ίματίων
816 3558 955 3596 σου.

467 3720 640 3783 ε’.Τίς
670 3713 764 3772 οῦν
793 3718 1044 3771 κοινωνία
1077 3700 1377 3781 ὃπλοιςικαί
1418 3723 1623 3792 μύροις,
1650 3720 1911 3793 χρίσματι
1941 3736 1966 3764 ιι

401 3813 495 3868 καὶ
545 3807 807 3882 ῥομφαίᾳ,
861 3808 1183 3879 διδασκαλίᾳ
1229 3809 1322 3861 καὶ
1366 3810 1610 3881 πολέμῳ,
1652 3813 1828 3878 τόξοις
1875 3814 1970 3867 καὶ

396 3900 697 3975 ὼραῖσμῴ;
723 3899 805 3952 Τά
833 3900 932 3969 μὲν
960 3899 1068 3969 γάρ
1099 3900 1247 3951 ἐστιν
1273 3901 1497 3971 εἰρήνης
1527 3902 1793 3972 σύμϐολα,
1824 3903 1891 3957 τά
1913 3904 1970 3957 δέ

402 3996 581 4067 μάχης
607 3992 702 4045 καὶ
742 3989 1117 4059 παρατάξεως.
1161 3989 1257 4052 Τίς
1294 3985 1387 4042 οὖν
1434 3992 1581 4044 ἐστιν
1620 3993 1648 4044 ὁ
1696 3995 1970 4066 εἰρηνικὸς

398 4085 533 4154 ὁμοῦ
584 4083 682 4137 καὶ
723 4080 1054 4150 πολεμικός;
1098 4081 1126 4132 ὁ
1169 4078 1340 4151 μύρον
1369 4080 1601 4146 στάζων,
1643 4086 1738 4137 καὶ
1785 4086 1969 4150 ὅπλοις

399 4172 802 4243 φραττόμενος;
850 4170 878 4221 ὁ
917 4165 1121 4239 προῖὼν
1167 4167 1274 4219 ἀπὸ
1321 4167 1533 4238 βάρεων
1587 4168 1966 4241 ἐλεφαντίνων,

398 4265 493 4318 καὶ
519 4263 743 4333 μυρίους
770 4259 975 4330 βάλλων
995 4258 1102 4312 τῶν
1130 4251 1361 4329 ἐχθρῶν,
1394 4262 1486 4312 καὶ
1508 4261 1774 4325 τοσαύτας
1803 4264 1970 4334 ἐργα-

404 4356 630 4426 ζόμενος
666 4352 911 4420 σφαγάς;
946 4351 1069 4414 Πῶς
1093 4349 1327 4421 λύσομεν
1351 4351 1451 4421 τὴν
1474 4351 1705 4422 ἀπορίαν
1733 4353 1933 4422 ταύτην
1954 4371 1967 4418 ;

402 4444 504 4495 “Av
535 4439 752 4510 γνῶμεν
788 4439 1035 4507 ἀκριϐῶς
1069 4439 1150 4491 ὅτι
1180 4439 1420 4509 καὶπερὶ
1444 4440 1535 4492 τοῦ
1576 4439 1783 4510 Πατρὸς
1805 4442 1968 4496 αὐτοῦ

400 4531 577 4585 ταῦτα
599 4530 834 4597 λέγεται.
868 4528 971 4582 Καὶ
1002 4529 1108 4599 γὰρ
1141 4529 1235 4581 καὶ
1269 4529 1430 4583 αὑτὸν
1458 4531 1669 4600 εἰσάγει
1700 4533 1727 4585 ὁ
1752 4533 1969 4606 Προφή-

401 4619 778 4698 τηςκάλλαχοῦ
815 4617 1189 4688 ὁπλιζόμενον,
1237 4619 1314 4683 ὡς
1345 4622 1470 4675 ὅταν
1501 4622 1635 4693 λέγῃ
1658 4641 1670 4653 ·
1715 4623 1847 4677 Ἐὰν
1880 4624 1967 4693 μὴ

401 4704 831 4780 ἐπιστραφῆτε,
859 4706 975 4775 τὴν
1001 4708 1305 4775 ῥομφαίαν
1325 4709 1507 4762 αὑτοῦ
1531 4714 1848 4766 στι.2ϐὠσει
1868 4730 1881 4742 ·
1903 4714 1970 4768 τὸ

403 4799 583 4865 τόξον
603 4796 787 4852 αὐτοῦ
812 4797 1086 4861 ἐνέτεινε,
1116 4799 1210 4851 καί
1237 4800 1565 4867 ἡτοίμασεν
1586 4794 1752 4868 αὐτο,
1777 4806 1873 4858 καὶ
1903 4805 1973 4858 ἐν

403 4893 482 4949 αὑ
493 4888 567 4955 τῷ
593 4888 883 4956 ἡτοίμασε
904 4888 1093 4953 σκεύη
1118 4887 1394 4941 θανάτου.
1420 4890 1529 4943 Καὶ
1545 4892 1702 4944 πάλιν
1718 4894 1967 4965 ἀλλαχοῦ·

415 4982 763 5036 Ἐνδύσεται
795 4979 1029 5048 θώρακα
1076 4980 1479 5049 δικαιοσύνην
1511 4982 1559 5036 δ.
1594 4984 1733 5055 Ὅρα
1780 4986 1837 5039 δέ
1880 4990 1973 5041 καὶ

404 5074 690 5129 αύθεντίαν
718 5072 816 5142 τὴν
858 5072 1047 5142 αὑτήν.
1099 5072 1309 5141 Ὥσπερ
1351 5072 1458 5143 γάρ
1504 5073 1620 5124 ἐκεῖ
1662 5091 1815 5144 φησι,
1856 5076 1974 5145 Τὴν

400 5166 698 5238 ῥομφαίαν
721 5162 907 5218 αὐτοῦ
943 5161 1284 5227 στινίϐώσει,
1327 5163 1387 5214 ού
1435 5163 1585 5234 παρά
1608 5181 1750 5229 τινος
1784 5166 1972 5219 κελευ-

406 5257 572 5321 σθεὶς,
616 5256 730 5309 ἀλλ’
756 5254 917 5318 αὐτὸς
949 5253 1042 5321 ἀφ’
1069 5252 1265 5306 ἐαυτοῦ
1291 5270 1303 5283 ’
1337 5252 1474 5306 οὕτω
1499 5255 1593 5307 καὶ
1620 5255 1871 5323 ἐνταῦθα,
1900 5258 1973 5312 Τὰ

405 5345 557 5418 βέλη
590 5347 692 5399 τοῦ
717 5344 977 5400 δυνατοῦ
998 5343 1366 5414 ἠκονημένα,
1394 5345 1528 5400 λαοὶ
1552 5347 1828 5402 ὑποκάτω
1855 5364 1971 5405 σου

466 5590 495 5620 ⁸
526 5589 620 5635 ΛΙἰὶ
644 5587 816 5649 χάριτι,
839 5589 997 5635 minus
1017 5595 1175 5643 recte.l

467 5649 498 5701 ξ
521 5649 618 5701 Alii
651 5649 958 5706 δικαιοσύνης.
1040 5654 1049 5659 ”

1084 264 1141 319 S.
1182 260 1463 319 JOANNIS
1500 259 1977 320 CHRYSOSTOMI
2015 258 2333 315 ARCIIIEP.
2373 256 2919 314 CONSTANTINOI'.

3532 260 3630 313 190

2056 376 2381 432 πεσοῦνται
2409 380 2479 433 ἐν
2513 377 2726 446 καρδίᾳ
2761 375 2879 430 τῶν
2905 373 3132 443 ἐχθρῶν
3172 374 3276 428 τοῦ
3301 373 3625 439 βασιλέως.

2055 463 2186 522 Εἶτα
2218 469 2450 535 δεικνὺς,
2483 471 2564 524 ὃτι
2594 467 2804 522 οἴκοθεν
2835 468 3013 521 πάντα
3047 467 3210 529 ποιεῖ,
3241 464 3419 533 λέγει·
3466 461 3629 530 Ὀδη-

2054 558 2224 629 γήσει
2258 575 2332 615 σε
2369 559 2724 631 θαυμαστῶς
2753 560 2790 627 ἠ
2822 556 2991 622 δεξιά
3026 571 3164 612 σου.
3194 556 3307 627 Οὐχ
3334 554 3625 625 ἑτέρωθεν,

2056 652 2242 722 φησὶν,
2295 652 2576 723 ἐνέργειαν
2626 651 2776 724 δέχῃ,
2830 650 2946 703 ἀλλ’
2985 648 3147 712 αὐτὸς
3192 648 3368 719 ἑαυτῷ
3417 649 3625 720 ἀρκεῖς.

2060 744 2260 796 Ἀκουε
2289 742 2347 796 δέ
2382 744 2475 796 καὶ
2505 742 2670 811 αὑτοῦ
2705 743 2958 810 λέγοντος
2977 740 3073 794 τοῦ
3107 740 3205 811 τῆς
3236 741 3458 810 εἰρήνης
3494 738 3627 791 Θεοῦ

2056 834 2191 904 πρὸς
2213 834 2339 898 τοὺς
2373 833 2622 906 μαθητάς
2641 852 2654 865 ο
2686 837 2809 889 Οὐκ
2829 830 3020 904 ἦλθον
3031 832 3251 897 ,βαλεῖν
3264 831 3513 899 εἰρήνην
3525 829 3624 883 ἐπὶ

2056 923 2171 991 τὴν
2206 922 2342 993 γῆν,
2372 924 2534 978 ἀλλὰ
2566 924 2885 995 μάχαιραν.
2919 925 3030 978 Καὶ
3060 923 3253 978 πάλινο
3290 922 3416 989 Πῦρ
3438 917 3628 990 ἦλθον

2062 1014 2270 1084 βαλεῖν
2298 1015 2395 1069 ἐπὶ
2420 1015 2534 1083 τὴν
2556 1014 2690 1085 γῆν,
2714 1016 2809 1069 καὶ
2829 1016 2885 1069 τί
2900 1015 3120 1085 ἤθελον
3142 1017 3193 1069 εἰ
3216 1013 3330 1082 ἤδη
3351 1011 3627 1080 ἀνήφθηὶ

2060 1103 2234 1169 Οὗτος
2263 1108 2319 1161 δὲ
2349 1111 2477 1181 περί¹
2510 1110 2674 1162 αὐτοῦ
2708 1108 2904 1177 λέγων,
2945 1108 3060 1172 πῶς
3094 1107 3215 1179 ἥξει
3246 1105 3406 1175 φησί’
3441 1108 3628 1159 Κατα-

2058 1198 2299 1265 ϐήσεται
2331 1202 2410 1267 ὡς
2438 1202 2611 1268 ὑετὸς
2634 1201 2731 1255 ἐπὶ
2760 1202 2969 1265 πόκον,
3012 1200 3112 1253 καὶ
3144 1198 3286 1252 ὡσεί
3314 1194 3553 1265 σταγὼν
3588 1194 3626 1261 ἡ

2058 1295 2360 1356 στάζουσα
2404 1297 2504 1350 ἐπὶ
2537 1296 2652 1363 τὴν
2700 1296 2834 1366 γῆν.
2878 1293 3064 1348 Ταῦτα
3104 1294 3270 1361 λέγω,
3312 1291 3399 1344 ἵνα
3445 1289 3628 1357 διεγη-

2059 1387 2319 1457 γερμένοι
2365 1384 2486 1458 ἦτε,
2522 1389 2616 1441 καί
2646 1386 2714 1440 τὰ
2753 1386 2863 1463 ἀπο
2889 1386 2995 1439 τῶν
3024 1385 3222 1450 λέξεων
3257 1379 3631 1452 σημαινόμενα

2063 1476 2201 1545 μετὰ
2230 1479 2516 1549 ἀκριϐείας
2547 1476 3001 1548 ἐκλαμϐάνοντες,
3030 1476 3200 1545 λύητε
3242 1472 3374 1543 παρ’
3420 1471 3631 1532 ἑαυτοῖς

2060 1568 2156 1620 καὶ
2184 1569 2437 1640 ἀπορίαν.
2473 1568 2659 1622 Ταῦτα
2686 1568 2793 1639 γὰρ
2829 1567 2900 1619 τὰ
2923 1567 3162 1636 ὀνόματα
3192 1565 3300 1618 τῶν
3343 1559 3631 1633 ἐνεργειῶν

2061 1657 2226 1710 αὑτοῦ
2254 1659 2370 1711 ἐστι
2398 1657 2729 1729 σημαντικά.
2757 1656 2912 1710 Οὕτω
2927 1657 3106 1710 τοίνυν
3134 1657 3229 1709 καὶ
3258 1653 3489 1708 ἐνταῦθα
3504 1652 3634 1705 ὅταν

2061 1748 2321 1822 ἀκούσῃς.
2369 1749 2692 1818 Περίζωσαι
2727 1749 2842 1817 τὴν
2885 1749 3192 1818 ῥομφαίαν
3229 1762 3346 1801 σου
3396 1745 3491 1799 ἐπὶ
3528 1742 3635 1796 τὸν

2057 1839 2255 1905 μηρόν
2276 1854 2413 1900 σου,
2436 1838 2677 1900 δυνατέ,
2694 1840 2796 1907 τῆς
2820 1838 3099 1909 ἐνεργείας
3115 1835 3277 1890 αὐτοῦ
3300 1829 3440 1888 εἶναι
3464 1833 3634 1902 ὄνομα

2062 1928 2249 1998 νόμιζε
2272 1944 2284 1957 '
2320 1929 2414 1981 καλ.
2436 1929 2504 1981 τὰ
2537 1927 2666 1993 τόξα
2696 1929 2791 1982 καὶ
2823 1929 2889 1982 τὰ
2916 1928 3068 1999 βέλη.
3101 1928 3315 1995 Ὥσπερ
3344 1926 3452 1994 γάρ
3486 1921 3633 1993 ὀργί-

2063 2018 2251 2083 ζεσθαι
2275 2019 2364 2072 τὸν
2389 2021 2571 2092 Θεὸνή
2599 2022 2790 2094 Γραφὴ
2820 2022 2990 2089 λέγει,
3027 2021 3088 2074 ού
3118 2021 3286 2083 πάθος
3315 2017 3461 2087 αύτῷ
3484 2014 3632 2089 [168]

2063 2110 2459 2181 περιάπτουσα,
2494 2112 2630 2165 ἀλλὰ
2667 2112 2754 2167 διὰ
2778 2114 2876 2183 τῆς
2905 2112 3104 2177 λέξεως
3122 2111 3327 2179 ταύτης
3351 2109 3449 2179 τὴν
3478 2110 3633 2180 ὲνὲρ-

2061 2218 2215 2268 γειαν
2244 2202 2407 2254 αὑτοῦ
2435 2203 2533 2270 τὴν
2560 2204 2888 2275 κολαστικὴν
2918 2204 3264 2277 παριστῶσα,
3292 2202 3511 2256 καὶτῶν
3534 2218 3634 2253 πα-

2063 2291 2306 2360 χυτέρων
2345 2294 2737 2365 καθαπτομένη
2760 2312 2774 2326 ’
2813 2294 2956 2349 οὔτω
2988 2295 3083 2348 καὶ
3112 2294 3181 2348 τά
3217 2294 3357 2347 ὅπλα
3403 2293 3635 2362 λέγουσα

2063 2381 2226 2434 τοῦτο
2256 2383 2427 2452 δηλοῖ.
2476 2385 2691 2457 Ἐπειδὴ
2724 2386 2833 2458 γὰρ
2863 2389 3019 2457 ἡμεῖς
3047 2387 3107 2439 ού
3135 2386 3203 2439 δι’
3235 2384 3465 2451 ἑαυτῶν,
3502 2384 3635 2439 ἀλλά

2061 2474 2129 2526 δι’
2167 2474 2371 2546 ἐτέρων
2413 2476 2661 2546 ὀργάνων
2689 2477 3102 2549 τιμωρούμεθα,
3140 2477 3310 2531 θέλων
3341 2477 3509 2544 δεῖξαι
3538 2476 3635 2547 τὴν

2062 2567 2443 2639 τιμωρητικὴν
2474 2567 2642 2621 αὐτοῦ
2664 2567 2914 2640 δύναμιν,
2945 2569 3033 2622 διὰ
3054 2569 3164 2623 τῶν
3191 2569 3485 2640 γνωρίμων
3505 2570 3636 2639 ἡμῖν

2062 2657 2343 2727 ὀνομάτων
2373 2658 2665 2730 ἐδήλωσεν,
2694 2660 2792 2731 οὐχ
2816 2661 2905 2714 ἵνα
2937 2660 3077 2715 ὅπλα
3112 2662 3240 2733 περὶ
3272 2660 3404 2713 Θεὸν
3433 2660 3637 2731 νοήσω-

2066 2768 2185 2821 μεν,
2234 2752 2349 2804 ἀλλ’
2390 2753 2480 2807 ἵνα
2538 2752 3019 2825 ἐμφαντικώτερον
3053 2753 3152 2825 τὴν
3199 2753 3422 2807 κόλασιν
3473 2750 3654 2816 αὐτοῦ-

2063 2842 2406 2914 ἀκούσωμεν.
2458 2843 2618 2897 ’Λλλά
2647 2845 2856 2908 πολλοὶ,
2895 2844 3082 2915 φησὶν,
3122 2843 3372 2897 ἐντεῦθεν
3407 2842 3637 2912 ἐϐλάϐη·

2066 2951 2186 2988 σαν.
2228 2936 2367 2988 Ἀλλ’
2389 2937 2509 3007 εἰκῆ
2528 2937 2622 2990 καὶ
2647 2936 2823 3007 μάτην
2840 2936 2934 2990 καὶ
2951 2936 3055 2989 ὑπὸ
3079 2935 3180 3005 τῆς
3204 2935 3408 2998 οἰκείας
3431 2934 3633 2996 ἀνοίας

2069 3025 2303 3096 μάλιστα
2337 3028 2434 3099 μὲν
2462 3029 2571 3099 γάρ
2598 3028 2888 3093 ἀκούοντες
2913 3028 3068 3089 Θεὸν,
3102 3028 3334 3097 ὤφειλον
3377 3026 3633 3089 συνιέναι,

2066 3116 2146 3170 ὅτι
2186 3117 2837 3191 τροπικώτερονβίρηται
2861 3137 2874 3151 ο
2910 3120 3029 3173 νυνὶ
3066 3113 3125 3172 δὲ
3153 3119 3213 3171 ού
3256 3118 3345 3172 διὰ
3381 3119 3638 3189 ῥημάτων

2067 3208 2270 3277 ἐτέρων
2297 3208 2496 3272 αὐτοὺς
2519 3209 2808 3262 παιδεῦσαι
2828 3207 2888 3261 τὸ
2912 3207 3118 3269 ἀπαθὲς
3146 3207 3240 3259 τοῦ
3271 3205 3405 3258 Θεοῦ
3434 3205 3638 3276 ἠμέλη-

2069 3315 2158 3351 σεν
2205 3301 2238 3369 ὴ
2288 3300 2502 3370 Γραφή.
2559 3301 2824 3352 Ἀκουσον
2849 3299 2978 3367 γοῦν
3024 3297 3260 3368 ἀλλαχοῦ
3307 3297 3423 3361 πῶς
3473 3296 3638 3383 αύτοῦ

2065 3387 2306 3441 δείκνυσι
2336 3388 2434 3458 τὴν
2465 3389 2716 3442 εὐκολίαν
2755 3393 2853 3461 τῆς
2896 3390 3191 3459 τιμωρίας,
3229 3389 3433 3455 λέγων·
3482 3390 3638 3443 Ἀνα-

2066 3478 2266 3545 στήτω
2294 3482 2327 3532 ό
2352 3479 2518 3544 Θεὸς.
2546 3479 3194 3549 διασκορπισθήτωσαν
3215 3483 3270 3533 οἱ
3299 3481 3497 3549 ἐχθροὶ
3529 3483 3604 3535 ab
3621 3511 3635 3521 -

2069 3568 2192 3622 τοῦ.
2224 3569 2315 3639 Μὴ
2358 3569 2518 3638 χρεία
2549 3570 2764 3637 ὅπλων;
2794 3571 2869 3640 μὴ
2917 3572 3077 3641 χρεία
3108 3571 3415 3641 ρομφαίας;
3456 3574 3642 3642 ’Λρκεϊ

2076 3656 2255 3726 μόνον,
2288 3658 2475 3726 φησὶν,
2516 3659 2549 3727 ή
2584 3658 2902 3721 ἀνάστασις.
2948 3659 3109 3711 Ἀλλά
3151 3660 3243 3712 καὶ
3284 3661 3445 3713 τοῦτο
3478 3662 3638 3715 πάλιν

2074 3746 2248 3816 παχύ·
2285 3746 2364 3799 διὸ
2392 3746 2659 3819 πολλαχοῦ
2700 3747 2876 3817 λέγει’
2929 3749 2983 3801 Ὀ
3015 3749 3354 3804 ἐπιϐλέπων
3384 3753 3481 3806 ἐπὶ
3525 3753 3640 3821 τὴν

2069 3837 2205 3908 γῆν,
2243 3837 2340 3891 καὶ
2372 3837 2559 3891 ποιῶν
2581 3838 2775 3907 αὐτὴν
2806 3840 3056 3908 τρέμειν.
3107 3841 3216 3893 Καὶ
3261 3842 3421 3895 πάλιν
3442 3861 3453 3872 ·
3494 3843 3638 3896 Ἀ.τό

2069 3928 2392 3997 προσώπου
2418 3927 2604 3982 αὐτοῦ
2631 3930 2933 3997 ἐσαλεύθη
2962 3932 3000 3999 ἡ
3035 3930 3133 4000 γῆ.
3171 3931 3333 3985 Ἀλλά
3362 3934 3455 3986 καί
3484 3934 3644 3988 τοῦτο

2068 4018 2236 4088 παχύ.
2272 4021 2538 4072 ’Ἄκουσον
2565 4020 2624 4072 τὺ
2649 4020 2979 4092 ὑψηλότερον
2998 4036 3012 4050 ⁸
3032 4022 3254 4089 Πάντα,
3282 4024 3397 4077 ὅσα
3424 4026 3639 4095 ἠθέλη-

2068 4126 2202 4173 σεν,
2234 4110 2525 4177 ἐποίησεν
2546 4127 2559 4139 ·
2593 4112 2752 4181 ἀρκεῖ
2783 4110 2891 4182 γὰρ
2926 4112 3073 4182 αὐτῷ
3106 4114 3167 4166 τὸ
3195 4113 3418 4185 θελῆσαι
3459 4118 3635 4186 μόνον.

2069 4200 2267 4252 Σκόπει
2295 4200 2352 4252 δέ
2387 4200 2503 4262 πῶς
2529 4201 2622 4253 καὶ
2645 4202 2703 4253 ἐν
2726 4202 2910 4265 αὐτοῖς
2929 4205 3041 4266 τοῖς
3072 4206 3401 4277 παχυτέροις
3430 4207 3641 4271 τούτοις

2066 4290 2306 4343 δείκνυσι
2322 4291 2381 4344 τὸ
2400 4291 2643 4354 ἀνενδεὲς
2659 4292 2751 4344 τοῦ
2774 4291 2931 4348 Θεοῦ.
2953 4294 3027 4346 Ού
3050 4294 3159 4363 γάρ
3183 4295 3446 4366 πρότερον
3463 4299 3641 4352 ὅπλων

2067 4387 2496 4458 ἐμνημόνευσεν,
2531 4388 2634 4453 ἓως
2672 4389 2760 4441 ὅτε
2787 4388 3011 4443 δυνατὸν
3039 4390 3200 4444 αὑτὸν
3243 4392 3469 4445 ἐκάλεσε
3490 4410 3502 4423 ο
3545 4396 3639 4447 καὶ

2068 4483 2229 4537 πάλιν
2271 4484 2569 4547 καταλέξας
2606 4483 2674 4537 τά
2702 4484 2862 4550 ὅπλα,
2896 4486 3022 4556 ὃλην
3054 4485 3151 4557 τὴν
3191 4486 3347 4556 νίκην
3387 4490 3451 4558 τῇ
3491 4489 3640 4559 δεξιᾷ

2070 4580 2236 4634 αὐτοῦ
2274 4581 2579 4649 ἐλογίσατο,
2628 4583 2901 4650 τουτέστι,
2936 4585 3001 4653 τῇ
3043 4582 3200 4652 φύσει
3234 4583 3397 4636 αὐτοῦ
3453 4587 3544 4639 καὶ
3575 4590 3640 4657 τῇ

2067 4677 2294 4746 δυνάμει
2329 4676 2518 4731 αὐτοῦ.
2570 4679 2746 4748 Ὅπερ
2793 4678 2886 4731 καὶ
2931 4678 3090 4741 ἄλλος
3136 4682 3417 4749 προφήτης
3465 4682 3640 4753 δηλῶν

2068 4772 2252 4841 ἔλεγεν
2272 4792 2285 4804 ο
2330 4774 2400 4828 ’11
2430 4775 2586 4844 ἀρχὴ
2621 4774 2806 4829 αὐτοῦ
2827 4775 2924 4827 ἐπὶ
2958 4775 3063 4828 τοῦ
3093 4775 3254 4845 ὤμου
3283 4780 3471 4832 αὑτοῦ
3491 4797 3502 4809 ·
3543 4782 3639 4852 ούχ

2071 4868 2158 4921 ’ίνα
2182 4863 2333 4940 ὦμον
2370 4873 2570 4943 νοήσῃς
2593 4872 2613 4942 (
2630 4872 2704 4943 μὴ
2732 4871 2991 4941 γένοιτο),
3024 4874 3139 4926 ἀλλ’
3172 4874 3258 4927 ἵνα
3287 4864 3435 4947 εἰδῇς
3468 4879 3550 4931 ὅτι
3579 4881 3640 4935 ού

2069 4964 2236 5019 δεῖται
2265 4966 2466 5038 ἐτέρων
2496 4968 2625 5031 Θεὸς
2655 4967 2990 5038 συμμαχίας.
3015 4968 3332 5036 Περίζωσαι
3356 4970 3470 5037 τὴν
3491 4974 3641 5039 ῥομ-

2070 5062 2255 5128 φαίαν
2272 5078 2389 5116 σου
2418 5062 2516 5115 ἐπὶ
2541 5064 2647 5116 τὸν
2667 5062 2864 5131 μηρόν
2888 5077 3024 5128 σου,
3059 5063 3299 5130 δυνατε,
3340 5064 3411 5133 τῇ
3436 5066 3641 5133 ὡραιό-

2071 5158 2203 5225 τητί
2233 5172 2349 5212 σου
2371 5158 2470 5212 καὶ
2507 5158 2587 5223 τῷ
2609 5158 2819 5212 κάλλει
2845 5173 2983 5215 σου.
3013 5161 3077 5212 Τί
3091 5157 3184 5213 οῦν
3206 5161 3436 5214 ἐνταῦθα
3463 5162 3639 5231 λέγεις

2071 5252 2169 5306 Διά
2198 5254 2311 5307 τῶν
2339 5248 2666 5325 παχυτέρων
2692 5256 2974 5326 ὀνομάτων
3005 5257 3208 5312 τούτων
3234 5260 3330 5327 τὴν
3362 5259 3642 5331 ἐνέργειαν

2071 5346 2238 5401 αὐτοῦ
2284 5350 2545 5414 δείκνυσι,
2579 5350 2646 5404 δι’
2693 5346 2762 5415 ἧς
2793 5351 2894 5422 τὴν
2923 5353 3250 5423 οἰκουμένην
3291 5355 3642 5425 κατώρθωσε,

2068 5445 2133 5497 δι’
2167 5440 2237 5516 ἦς
2267 5446 2361 5500 τὸν
2407 5447 2645 5518 πόλεμον
2674 5448 2855 5513 ἔλυσε,
2898 5449 2992 5503 καὶ
3030 5450 3091 5502 τὸ
3119 5450 3379 5523 τρόπαιον
3426 5452 3639 5520 ἔστησε.

2072 5544 2181 5596 Καὶ
2213 5543 2322 5616 γάρ
2355 5546 2588 5617 πόλεμος
2631 5543 2700 5617 ἦν
2734 5546 2986 5618 χαλεπὸς,
3036 5548 3288 5621 πολέμων
3334 5552 3588 5604 ἁπάντων
3615 5551 3644 5603 ὁ

2078 5640 2434 5711 πικρότατος,
2481 5645 2541 5697 ού
2582 5644 2869 5716 βαρϐάρων
2919 5645 3316 5717 πολεμούντων,
3358 5649 3488 5703 ἀλλὰ
3536 5649 3641 5699 τῶν
