  <div class='ocr_page' id='page_1' title='image "/cluster/home/n/w/nwhite01/storage/ocr_20150623/55/mdp.39015028539511/182.png"; bbox 0 0 4068 6288; ppageno 0'>
   <div class='ocr_carea' id='block_1_1' title="bbox 269 369 375 427">
    <p class='ocr_par' dir='ltr' id='par_1_1' title="bbox 269 369 375 427">
     <span class='ocr_line' id='line_1_1' title="bbox 269 369 375 427; baseline -0.019 0"><span class='ocrx_word' id='word_1_1' title='bbox 269 369 375 427; x_wconf 70' lang='lat'><strong>{-89</strong></span> 
     </span>
    </p>
   </div>
   <div class='ocr_carea' id='block_1_2' title="bbox 268 472 1842 547">
    <p class='ocr_par' dir='ltr' id='par_1_2' title="bbox 268 472 1842 547">
     <span class='ocr_line' id='line_1_2' title="bbox 268 472 1842 547; baseline -0.008 -8"><span class='ocrx_word' id='word_1_2' title='bbox 268 483 482 540; x_wconf 85' lang='lat' dir='ltr'><strong>modum</strong></span> <span class='ocrx_word' id='word_1_3' title='bbox 511 478 652 536; x_wconf 89' lang='lat' dir='ltr'><strong>enim</strong></span> <span class='ocrx_word' id='word_1_4' title='bbox 679 477 911 547; x_wconf 84' lang='lat' dir='ltr'><strong>seipsum</strong></span> <span class='ocrx_word' id='word_1_5' title='bbox 943 475 1260 539; x_wconf 87' lang='lat' dir='ltr'><strong>humiliavit,</strong></span> <span class='ocrx_word' id='word_1_6' title='bbox 1294 483 1351 527; x_wconf 92' lang='lat' dir='ltr'><strong>ut</strong></span> <span class='ocrx_word' id='word_1_7' title='bbox 1381 484 1432 527; x_wconf 90' lang='lat' dir='ltr'><strong>te</strong></span> <span class='ocrx_word' id='word_1_8' title='bbox 1457 472 1720 528; x_wconf 85' lang='lat' dir='ltr'><strong>exaltarct</strong></span> <span class='ocrx_word' id='word_1_9' title='bbox 1745 513 1758 533; x_wconf 86' lang='lat'><strong>,</strong></span> <span class='ocrx_word' id='word_1_10' title='bbox 1786 481 1842 526; x_wconf 90' lang='lat' dir='ltr'><strong>et</strong></span> 
     </span>
    </p>
   </div>
   <div class='ocr_carea' id='block_1_3' title="bbox 265 563 1838 636">
    <p class='ocr_par' dir='ltr' id='par_1_3' title="bbox 265 563 1838 636">
     <span class='ocr_line' id='line_1_3' title="bbox 265 563 1838 636; baseline -0.01 -5"><span class='ocrx_word' id='word_1_11' title='bbox 265 588 505 631; x_wconf 85' lang='lat' dir='ltr'><strong>mortuus</strong></span> <span class='ocrx_word' id='word_1_12' title='bbox 534 581 616 627; x_wconf 89' lang='lat' dir='ltr'><strong>est</strong></span> <span class='ocrx_word' id='word_1_13' title='bbox 641 613 656 636; x_wconf 90' lang='lat'><strong>,</strong></span> <span class='ocrx_word' id='word_1_14' title='bbox 702 581 758 624; x_wconf 92' lang='lat' dir='ltr'><strong>ut</strong></span> <span class='ocrx_word' id='word_1_15' title='bbox 789 580 838 622; x_wconf 90' lang='lat' dir='ltr'><strong>te</strong></span> <span class='ocrx_word' id='word_1_16' title='bbox 866 566 1113 622; x_wconf 86' lang='lat' dir='ltr'><strong>redderet</strong></span> <span class='ocrx_word' id='word_1_17' title='bbox 1156 565 1507 620; x_wconf 93' lang='lat' dir='ltr'><strong>immortalem</strong></span> <span class='ocrx_word' id='word_1_18' title='bbox 1540 581 1552 615; x_wconf 86' lang='lat'>:</span> <span class='ocrx_word' id='word_1_19' title='bbox 1583 563 1652 616; x_wconf 87' lang='lat' dir='ltr'><strong>ita</strong></span> <span class='ocrx_word' id='word_1_20' title='bbox 1682 563 1838 616; x_wconf 84' lang='lat' dir='ltr'><strong>etiam</strong></span> 
     </span>
    </p>
   </div>
   <div class='ocr_carea' id='block_1_4' title="bbox 261 653 1835 726">
    <p class='ocr_par' dir='ltr' id='par_1_4' title="bbox 261 653 1835 726">
     <span class='ocr_line' id='line_1_4' title="bbox 261 653 1835 726; baseline -0.011 -3"><span class='ocrx_word' id='word_1_21' title='bbox 261 669 431 722; x_wconf 67' lang='lat' dir='ltr'><strong>tactus</strong></span> <span class='ocrx_word' id='word_1_22' title='bbox 451 675 535 720; x_wconf 86' lang='lat' dir='ltr'><strong>est</strong></span> <span class='ocrx_word' id='word_1_23' title='bbox 561 661 898 717; x_wconf 89' lang='lat' dir='ltr'><strong>maledictum</strong></span> <span class='ocrx_word' id='word_1_24' title='bbox 921 699 936 723; x_wconf 86' lang='lat'><strong>,</strong></span> <span class='ocrx_word' id='word_1_25' title='bbox 969 666 1024 711; x_wconf 89' lang='lat' dir='ltr'><strong>ut</strong></span> <span class='ocrx_word' id='word_1_26' title='bbox 1046 667 1100 711; x_wconf 92' lang='lat' dir='ltr'><strong>tu</strong></span> <span class='ocrx_word' id='word_1_27' title='bbox 1124 655 1420 726; x_wconf 90' lang='lat' dir='ltr'><strong>implereris</strong></span> <span class='ocrx_word' id='word_1_28' title='bbox 1449 653 1835 709; x_wconf 89' lang='lat' dir='ltr'><strong>benedictione.</strong></span> 
     </span>
    </p>
   </div>
   <div class='ocr_carea' id='block_1_5' title="bbox 260 743 1840 829">
    <p class='ocr_par' dir='ltr' id='par_1_5' title="bbox 260 743 1840 829">
     <span class='ocr_line' id='line_1_5' title="bbox 260 743 1840 829; baseline -0.011 -14"><span class='ocrx_word' id='word_1_29' title='bbox 260 760 396 829; x_wconf 85' lang='lat' dir='ltr'><strong>Quid</strong></span> <span class='ocrx_word' id='word_1_30' title='bbox 435 765 605 827; x_wconf 78' lang='lat' dir='ltr'><strong>potest</strong></span> <span class='ocrx_word' id='word_1_31' title='bbox 628 753 855 808; x_wconf 83' lang='lat' dir='ltr'><strong>conferri</strong></span> <span class='ocrx_word' id='word_1_32' title='bbox 899 765 1019 806; x_wconf 90' lang='lat' dir='ltr'><strong>cum</strong></span> <span class='ocrx_word' id='word_1_33' title='bbox 1052 750 1149 804; x_wconf 86' lang='lat' dir='ltr'><strong>hae</strong></span> <span class='ocrx_word' id='word_1_34' title='bbox 1177 747 1583 812; x_wconf 85' lang='lat' dir='ltr'><strong>benedictione,</strong></span> <span class='ocrx_word' id='word_1_35' title='bbox 1627 743 1840 815; x_wconf 79' lang='lat' dir='ltr'><strong>quando</strong></span> 
     </span>
    </p>
   </div>
   <div class='ocr_carea' id='block_1_6' title="bbox 259 834 1839 923">
    <p class='ocr_par' dir='ltr' id='par_1_6' title="bbox 259 834 1839 923">
     <span class='ocr_line' id='line_1_6' title="bbox 259 834 1839 923; baseline -0.012 -16"><span class='ocrx_word' id='word_1_36' title='bbox 259 867 358 923; x_wconf 82' lang='lat' dir='ltr'><strong>per</strong></span> <span class='ocrx_word' id='word_1_37' title='bbox 402 847 826 903; x_wconf 79' lang='lat' dir='ltr'><strong>maledicnonem</strong></span> <span class='ocrx_word' id='word_1_38' title='bbox 878 841 1098 910; x_wconf 85' lang='lat' dir='ltr'><strong>largitur</strong></span> <span class='ocrx_word' id='word_1_39' title='bbox 1141 834 1609 894; x_wconf 82' lang='lat' dir='ltr'><strong>benedictionem?</strong></span> <span class='ocrx_word' id='word_1_40' title='bbox 1657 835 1839 903; x_wconf 81' lang='lat' dir='ltr'><strong>Neque</strong></span> 
     </span>
    </p>
   </div>
   <div class='ocr_carea' id='block_1_7' title="bbox 257 925 1834 1009">
    <p class='ocr_par' dir='ltr' id='par_1_7' title="bbox 257 925 1834 1009">
     <span class='ocr_line' id='line_1_7' title="bbox 257 925 1834 1009; baseline -0.015 -9"><span class='ocrx_word' id='word_1_41' title='bbox 257 945 398 1001; x_wconf 89' lang='lat' dir='ltr'><strong>enim</strong></span> <span class='ocrx_word' id='word_1_42' title='bbox 424 943 538 1009; x_wconf 89' lang='lat' dir='ltr'><strong>ipse</strong></span> <span class='ocrx_word' id='word_1_43' title='bbox 567 951 704 1006; x_wconf 82' lang='lat' dir='ltr'><strong>opus</strong></span> <span class='ocrx_word' id='word_1_44' title='bbox 724 933 906 988; x_wconf 82' lang='lat' dir='ltr'><strong>habuit</strong></span> <span class='ocrx_word' id='word_1_45' title='bbox 925 931 1311 996; x_wconf 85' lang='lat' dir='ltr'><strong>benedictione,</strong></span> <span class='ocrx_word' id='word_1_46' title='bbox 1343 928 1436 984; x_wconf 91' lang='lat' dir='ltr'><strong>sed</strong></span> <span class='ocrx_word' id='word_1_47' title='bbox 1457 943 1573 982; x_wconf 84' lang='lat' dir='ltr'><strong>eam</strong></span> <span class='ocrx_word' id='word_1_48' title='bbox 1605 925 1698 980; x_wconf 88' lang='lat' dir='ltr'><strong>tibi</strong></span> <span class='ocrx_word' id='word_1_49' title='bbox 1725 925 1834 978; x_wconf 87' lang='lat' dir='ltr'><strong>dat.</strong></span> 
     </span>
    </p>
   </div>
   <div class='ocr_carea' id='block_1_8' title="bbox 258 1013 1838 1102">
    <p class='ocr_par' dir='ltr' id='par_1_8' title="bbox 258 1013 1838 1102">
     <span class='ocr_line' id='line_1_8' title="bbox 258 1013 1838 1102; baseline -0.009 -19"><span class='ocrx_word' id='word_1_50' title='bbox 258 1029 715 1102; x_wconf 77' lang='lat' dir='ltr'><strong>Quemadmodum</strong></span> <span class='ocrx_word' id='word_1_51' title='bbox 746 1025 888 1080; x_wconf 89' lang='lat' dir='ltr'><strong>enim</strong></span> <span class='ocrx_word' id='word_1_52' title='bbox 918 1022 1130 1093; x_wconf 85' lang='lat' dir='ltr'><strong>quando</strong></span> <span class='ocrx_word' id='word_1_53' title='bbox 1157 1021 1278 1076; x_wconf 90' lang='lat' dir='ltr'><strong>dico</strong></span> <span class='ocrx_word' id='word_1_54' title='bbox 1305 1035 1426 1074; x_wconf 90' lang='lat' dir='ltr'><strong>eum</strong></span> <span class='ocrx_word' id='word_1_55' title='bbox 1472 1017 1634 1072; x_wconf 87' lang='lat' dir='ltr'><strong>fuisse</strong></span> <span class='ocrx_word' id='word_1_56' title='bbox 1661 1013 1838 1069; x_wconf 88' lang='lat' dir='ltr'><strong>humi-</strong></span> 
     </span>
    </p>
   </div>
   <div class='ocr_carea' id='block_1_9' title="bbox 257 1111 1838 1185">
    <p class='ocr_par' dir='ltr' id='par_1_9' title="bbox 257 1111 1838 1185">
     <span class='ocr_line' id='line_1_9' title="bbox 257 1111 1838 1185; baseline -0.012 -7"><span class='ocrx_word' id='word_1_57' title='bbox 257 1125 461 1185; x_wconf 86' lang='lat' dir='ltr'><strong>liatum,</strong></span> <span class='ocrx_word' id='word_1_58' title='bbox 488 1136 597 1176; x_wconf 88' lang='lat' dir='ltr'><strong>non</strong></span> <span class='ocrx_word' id='word_1_59' title='bbox 628 1119 748 1173; x_wconf 87' lang='lat' dir='ltr'><strong>dico</strong></span> <span class='ocrx_word' id='word_1_60' title='bbox 774 1116 1118 1172; x_wconf 87' lang='lat' dir='ltr'><strong>mutationem</strong></span> <span class='ocrx_word' id='word_1_61' title='bbox 1146 1151 1162 1178; x_wconf 90' lang='lat'><strong>,</strong></span> <span class='ocrx_word' id='word_1_62' title='bbox 1191 1111 1283 1166; x_wconf 88' lang='lat' dir='ltr'><strong>sed</strong></span> <span class='ocrx_word' id='word_1_63' title='bbox 1313 1111 1556 1164; x_wconf 72' lang='lat' dir='ltr'><strong>humanm</strong></span> <span class='ocrx_word' id='word_1_64' title='bbox 1579 1113 1838 1175; x_wconf 61' lang='lat' dir='ltr'><strong>susceptae</strong></span> 
     </span>
    </p>
   </div>
   <div class='ocr_carea' id='block_1_10' title="bbox 257 1197 1835 1270">
    <p class='ocr_par' dir='ltr' id='par_1_10' title="bbox 257 1197 1835 1270">
     <span class='ocr_line' id='line_1_10' title="bbox 257 1197 1835 1270; baseline -0.013 -1"><span class='ocrx_word' id='word_1_65' title='bbox 257 1224 460 1269; x_wconf 74' lang='lat' dir='ltr'><strong>natura:</strong></span> <span class='ocrx_word' id='word_1_66' title='bbox 503 1210 882 1265; x_wconf 77' lang='lat' dir='ltr'><strong>demissioitcm</strong></span> <span class='ocrx_word' id='word_1_67' title='bbox 923 1224 936 1259; x_wconf 90' lang='lat'>:</span> <span class='ocrx_word' id='word_1_68' title='bbox 977 1205 1048 1258; x_wconf 90' lang='lat' dir='ltr'><strong>ita</strong></span> <span class='ocrx_word' id='word_1_69' title='bbox 1091 1203 1248 1257; x_wconf 90' lang='lat' dir='ltr'><strong>etiam</strong></span> <span class='ocrx_word' id='word_1_70' title='bbox 1276 1199 1484 1270; x_wconf 86' lang='lat' dir='ltr'><strong>quando</strong></span> <span class='ocrx_word' id='word_1_71' title='bbox 1511 1197 1696 1251; x_wconf 84' lang='lat' dir='ltr'><strong>dixero</strong></span> <span class='ocrx_word' id='word_1_72' title='bbox 1715 1209 1835 1250; x_wconf 89' lang='lat' dir='ltr'><strong>eum</strong></span> 
     </span>
    </p>
   </div>
   <div class='ocr_carea' id='block_1_11' title="bbox 256 1288 1837 1362">
    <p class='ocr_par' dir='ltr' id='par_1_11' title="bbox 256 1288 1837 1362">
     <span class='ocr_line' id='line_1_11' title="bbox 256 1288 1837 1362; baseline -0.012 -3"><span class='ocrx_word' id='word_1_73' title='bbox 256 1320 374 1360; x_wconf 86' lang='lat' dir='ltr'><strong>esse</strong></span> <span class='ocrx_word' id='word_1_74' title='bbox 405 1302 742 1357; x_wconf 84' lang='lat' dir='ltr'><strong>benedictum</strong></span> <span class='ocrx_word' id='word_1_75' title='bbox 765 1337 781 1362; x_wconf 93' lang='lat'><strong>,</strong></span> <span class='ocrx_word' id='word_1_76' title='bbox 828 1311 930 1348; x_wconf 90' lang='lat' dir='ltr'><strong>non</strong></span> <span class='ocrx_word' id='word_1_77' title='bbox 960 1294 1063 1348; x_wconf 85' lang='lat' dir='ltr'><strong>hoc</strong></span> <span class='ocrx_word' id='word_1_78' title='bbox 1087 1291 1230 1356; x_wconf 89' lang='lat' dir='ltr'><strong>dico,</strong></span> <span class='ocrx_word' id='word_1_79' title='bbox 1257 1290 1397 1360; x_wconf 91' lang='lat' dir='ltr'><strong>quod</strong></span> <span class='ocrx_word' id='word_1_80' title='bbox 1428 1290 1476 1343; x_wconf 89' lang='lat' dir='ltr'><strong>ei</strong></span> <span class='ocrx_word' id='word_1_81' title='bbox 1505 1288 1662 1342; x_wconf 84' lang='lat' dir='ltr'><strong>fuerit</strong></span> <span class='ocrx_word' id='word_1_82' title='bbox 1705 1299 1837 1355; x_wconf 79' lang='lat' dir='ltr'><strong>Opus</strong></span> 
     </span>
    </p>
   </div>
   <div class='ocr_carea' id='block_1_12' title="bbox 255 1377 1836 1454">
    <p class='ocr_par' dir='ltr' id='par_1_12' title="bbox 255 1377 1836 1454">
     <span class='ocr_line' id='line_1_12' title="bbox 255 1377 1836 1454; baseline -0.014 -2"><span class='ocrx_word' id='word_1_83' title='bbox 255 1395 629 1451; x_wconf 88' lang='lat' dir='ltr'><strong>benedictione</strong></span> <span class='ocrx_word' id='word_1_84' title='bbox 653 1431 668 1454; x_wconf 88' lang='lat'><strong>,</strong></span> <span class='ocrx_word' id='word_1_85' title='bbox 717 1388 812 1444; x_wconf 91' lang='lat' dir='ltr'><strong>sed</strong></span> <span class='ocrx_word' id='word_1_86' title='bbox 853 1399 1036 1442; x_wconf 86' lang='lat' dir='ltr'><strong>rursus</strong></span> <span class='ocrx_word' id='word_1_87' title='bbox 1066 1383 1289 1439; x_wconf 86' lang='lat' dir='ltr'><strong>ostendo</strong></span> <span class='ocrx_word' id='word_1_88' title='bbox 1309 1380 1684 1436; x_wconf 88' lang='lat' dir='ltr'><strong>demissionem</strong></span> <span class='ocrx_word' id='word_1_89' title='bbox 1735 1377 1836 1431; x_wconf 88' lang='lat' dir='ltr'><strong>hu-</strong></span> 
     </span>
    </p>
   </div>
   <div class='ocr_carea' id='block_1_13' title="bbox 253 1467 1834 1551">
    <p class='ocr_par' dir='ltr' id='par_1_13' title="bbox 253 1467 1834 1551">
     <span class='ocr_line' id='line_1_13' title="bbox 253 1467 1834 1551; baseline -0.016 -7"><span class='ocrx_word' id='word_1_90' title='bbox 253 1501 428 1544; x_wconf 77' lang='lat' dir='ltr'><strong>mana:</strong></span> <span class='ocrx_word' id='word_1_91' title='bbox 451 1491 712 1551; x_wconf 75' lang='lat' dir='ltr'><strong>susceptae</strong></span> <span class='ocrx_word' id='word_1_92' title='bbox 739 1487 962 1532; x_wconf 75' lang='lat' dir='ltr'><strong>natnrm.</strong></span> <span class='ocrx_word' id='word_1_93' title='bbox 997 1473 1279 1529; x_wconf 88' lang='lat' dir='ltr'><strong>Benedicta</strong></span> <span class='ocrx_word' id='word_1_94' title='bbox 1323 1471 1421 1525; x_wconf 81' lang='lat' dir='ltr'><strong>fuit</strong></span> <span class='ocrx_word' id='word_1_95' title='bbox 1445 1485 1573 1540; x_wconf 84' lang='lat' dir='ltr'><strong>ergo</strong></span> <span class='ocrx_word' id='word_1_96' title='bbox 1605 1467 1834 1520; x_wconf 83' lang='lat' dir='ltr'><strong>humana</strong></span> 
     </span>
    </p>
   </div>
   <div class='ocr_carea' id='block_1_14' title="bbox 253 1564 1833 1634">
    <p class='ocr_par' dir='ltr' id='par_1_14' title="bbox 253 1564 1833 1634">
     <span class='ocr_line' id='line_1_14' title="bbox 253 1564 1833 1634; baseline -0.015 -1"><span class='ocrx_word' id='word_1_97' title='bbox 253 1589 442 1634; x_wconf 88' lang='lat' dir='ltr'><strong>natura</strong></span> <span class='ocrx_word' id='word_1_98' title='bbox 475 1593 489 1628; x_wconf 89' lang='lat'><strong>:</strong></span> <span class='ocrx_word' id='word_1_99' title='bbox 523 1574 764 1630; x_wconf 87' lang='lat' dir='ltr'><strong>Christus</strong></span> <span class='ocrx_word' id='word_1_100' title='bbox 794 1571 935 1626; x_wconf 88' lang='lat' dir='ltr'><strong>enim</strong></span> <span class='ocrx_word' id='word_1_101' title='bbox 957 1584 987 1622; x_wconf 94' lang='lat' dir='ltr'><strong>a</strong></span> <span class='ocrx_word' id='word_1_102' title='bbox 1015 1565 1238 1622; x_wconf 83' lang='lat' dir='ltr'><strong>mortuis</strong></span> <span class='ocrx_word' id='word_1_103' title='bbox 1261 1564 1520 1620; x_wconf 80' lang='lat' dir='ltr'><strong>excitatus</strong></span> <span class='ocrx_word' id='word_1_104' title='bbox 1561 1576 1665 1614; x_wconf 92' lang='lat' dir='ltr'><strong>non</strong></span> <span class='ocrx_word' id='word_1_105' title='bbox 1717 1572 1833 1612; x_wconf 86' lang='lat' dir='ltr'><strong>mo-</strong></span> 
     </span>
    </p>
   </div>
   <div class='ocr_carea' id='block_1_15' title="bbox 251 1653 1835 1736">
    <p class='ocr_par' dir='ltr' id='par_1_15' title="bbox 251 1653 1835 1736">
     <span class='ocr_line' id='line_1_15' title="bbox 251 1653 1835 1736; baseline -0.013 -11"><span class='ocrx_word' id='word_1_106' title='bbox 251 1672 386 1725; x_wconf 83' lang='lat' dir='ltr'><strong>ritur</strong></span> <span class='ocrx_word' id='word_1_107' title='bbox 412 1667 658 1736; x_wconf 79' lang='lat' dir='ltr'><strong>amplius,</strong></span> <span class='ocrx_word' id='word_1_108' title='bbox 691 1677 790 1718; x_wconf 89' lang='lat' dir='ltr'><strong>nec</strong></span> <span class='ocrx_word' id='word_1_109' title='bbox 815 1669 897 1716; x_wconf 90' lang='lat' dir='ltr'><strong>est</strong></span> <span class='ocrx_word' id='word_1_110' title='bbox 926 1658 1206 1712; x_wconf 82' lang='lat' dir='ltr'><strong>maledicto</strong></span> <span class='ocrx_word' id='word_1_111' title='bbox 1231 1654 1493 1710; x_wconf 75' lang='lat' dir='ltr'><strong>obnoxius</strong></span> <span class='ocrx_word' id='word_1_112' title='bbox 1527 1671 1540 1707; x_wconf 91' lang='lat'><strong>:</strong></span> <span class='ocrx_word' id='word_1_113' title='bbox 1573 1653 1680 1706; x_wconf 91' lang='lat' dir='ltr'><strong>imo</strong></span> <span class='ocrx_word' id='word_1_114' title='bbox 1708 1665 1835 1705; x_wconf 77' lang='lat' dir='ltr'><strong>vero</strong></span> 
     </span>
    </p>
   </div>
   <div class='ocr_carea' id='block_1_16' title="bbox 251 1740 1837 1825">
    <p class='ocr_par' dir='ltr' id='par_1_16' title="bbox 251 1740 1837 1825">
     <span class='ocr_line' id='line_1_16' title="bbox 251 1740 1837 1825; baseline -0.013 -11"><span class='ocrx_word' id='word_1_115' title='bbox 251 1773 356 1814; x_wconf 88' lang='lat' dir='ltr'><strong>nec</strong></span> <span class='ocrx_word' id='word_1_116' title='bbox 382 1766 511 1812; x_wconf 87' lang='lat' dir='ltr'><strong>ante</strong></span> <span class='ocrx_word' id='word_1_117' title='bbox 535 1754 748 1825; x_wconf 84' lang='lat' dir='ltr'><strong>quidem</strong></span> <span class='ocrx_word' id='word_1_118' title='bbox 777 1757 892 1806; x_wconf 90' lang='lat' dir='ltr'><strong>erat</strong></span> <span class='ocrx_word' id='word_1_119' title='bbox 919 1747 1179 1803; x_wconf 78' lang='lat' dir='ltr'><strong>obnoxius</strong></span> <span class='ocrx_word' id='word_1_120' title='bbox 1201 1785 1216 1810; x_wconf 89' lang='lat'><strong>,</strong></span> <span class='ocrx_word' id='word_1_121' title='bbox 1266 1745 1361 1799; x_wconf 89' lang='lat' dir='ltr'><strong>sed</strong></span> <span class='ocrx_word' id='word_1_122' title='bbox 1403 1743 1636 1812; x_wconf 88' lang='lat' dir='ltr'><strong>suscepit</strong></span> <span class='ocrx_word' id='word_1_123' title='bbox 1673 1740 1837 1795; x_wconf 87' lang='lat' dir='ltr'><strong>male-</strong></span> 
     </span>
    </p>
   </div>
   <div class='ocr_carea' id='block_1_17' title="bbox 250 1832 1837 1912">
    <p class='ocr_par' dir='ltr' id='par_1_17' title="bbox 250 1832 1837 1912">
     <span class='ocr_line' id='line_1_17' title="bbox 250 1832 1837 1912; baseline -0.014 -7"><span class='ocrx_word' id='word_1_124' title='bbox 250 1851 457 1906; x_wconf 84' lang='lat' dir='ltr'><strong>dictum</strong></span> <span class='ocrx_word' id='word_1_125' title='bbox 475 1888 489 1912; x_wconf 88' lang='lat'><strong>,</strong></span> <span class='ocrx_word' id='word_1_126' title='bbox 536 1856 596 1900; x_wconf 89' lang='lat' dir='ltr'><strong>ut</strong></span> <span class='ocrx_word' id='word_1_127' title='bbox 618 1854 670 1899; x_wconf 86' lang='lat' dir='ltr'><strong>te</strong></span> <span class='ocrx_word' id='word_1_128' title='bbox 689 1842 756 1897; x_wconf 88' lang='lat' dir='ltr'><strong>ab</strong></span> <span class='ocrx_word' id='word_1_129' title='bbox 782 1856 848 1896; x_wconf 86' lang='lat' dir='ltr'><strong>eo</strong></span> <span class='ocrx_word' id='word_1_130' title='bbox 878 1840 1126 1894; x_wconf 82' lang='lat' dir='ltr'><strong>liberaret</strong></span> <span class='ocrx_word' id='word_1_131' title='bbox 1156 1835 1343 1907; x_wconf 76' lang='lat' dir='ltr'><strong>(Rom.</strong></span> <span class='ocrx_word' id='word_1_132' title='bbox 1369 1834 1423 1888; x_wconf 84' lang='lat'><strong>6.</strong></span> <span class='ocrx_word' id='word_1_133' title='bbox 1451 1835 1541 1902; x_wconf 88' lang='lat'><strong>9).</strong></span> <span class='ocrx_word' id='word_1_134' title='bbox 1569 1834 1623 1887; x_wconf 67' lang='grc'><strong>’1.</strong></span> <span class='ocrx_word' id='word_1_135' title='bbox 1655 1832 1837 1885; x_wconf 87' lang='lat' dir='ltr'><strong>Accin-</strong></span> 
     </span>
    </p>
   </div>
   <div class='ocr_carea' id='block_1_18' title="bbox 251 1924 1832 2014">
    <p class='ocr_par' dir='ltr' id='par_1_18' title="bbox 251 1924 1832 2014">
     <span class='ocr_line' id='line_1_18' title="bbox 251 1924 1832 2014; baseline -0.013 -18"><span class='ocrx_word' id='word_1_136' title='bbox 251 1957 366 2014; x_wconf 87' lang='lat' dir='ltr'><strong>gere</strong></span> <span class='ocrx_word' id='word_1_137' title='bbox 392 1939 567 2012; x_wconf 87' lang='lat' dir='ltr'><strong>gladio</strong></span> <span class='ocrx_word' id='word_1_138' title='bbox 592 1947 675 1990; x_wconf 89' lang='lat' dir='ltr'><strong>tuo</strong></span> <span class='ocrx_word' id='word_1_139' title='bbox 699 1949 850 2003; x_wconf 88' lang='lat' dir='ltr'><strong>super</strong></span> <span class='ocrx_word' id='word_1_140' title='bbox 878 1932 1040 2000; x_wconf 77' lang='lat' dir='ltr'><strong>femur</strong></span> <span class='ocrx_word' id='word_1_141' title='bbox 1065 1940 1205 1982; x_wconf 83' lang='lat' dir='ltr'><strong>tuum</strong></span> <span class='ocrx_word' id='word_1_142' title='bbox 1223 1967 1240 1993; x_wconf 91' lang='lat'><strong>,</strong></span> <span class='ocrx_word' id='word_1_143' title='bbox 1272 1927 1629 1996; x_wconf 74' lang='lat' dir='ltr'><strong>potentissime.</strong></span> <span class='ocrx_word' id='word_1_144' title='bbox 1660 1924 1832 1988; x_wconf 86' lang='lat' dir='ltr'><strong>Alius,</strong></span> 
     </span>
    </p>
   </div>
   <div class='ocr_carea' id='block_1_19' title="bbox 253 2017 1833 2103">
    <p class='ocr_par' dir='ltr' id='par_1_19' title="bbox 253 2017 1833 2103">
     <span class='ocr_line' id='line_1_19' title="bbox 253 2017 1833 2103; baseline -0.014 -15"><span class='ocrx_word' id='word_1_145' title='bbox 253 2035 412 2103; x_wconf 83' lang='lat' dir='ltr'><strong>Cinge</strong></span> <span class='ocrx_word' id='word_1_146' title='bbox 434 2043 601 2085; x_wconf 78' lang='lat' dir='ltr'><strong>cnseat</strong></span> <span class='ocrx_word' id='word_1_147' title='bbox 629 2037 769 2081; x_wconf 82' lang='lat' dir='ltr'><strong>tuum</strong></span> <span class='ocrx_word' id='word_1_148' title='bbox 795 2039 946 2092; x_wconf 86' lang='lat' dir='ltr'><strong>super</strong></span> <span class='ocrx_word' id='word_1_149' title='bbox 968 2026 1150 2093; x_wconf 72' lang='lat' dir='ltr'><strong>fantur.</strong></span> <span class='ocrx_word' id='word_1_150' title='bbox 1181 2020 1332 2073; x_wconf 89' lang='lat' dir='ltr'><strong>Alius</strong></span> <span class='ocrx_word' id='word_1_151' title='bbox 1352 2058 1368 2084; x_wconf 95' lang='lat'><strong>,</strong></span> <span class='ocrx_word' id='word_1_152' title='bbox 1397 2017 1726 2086; x_wconf 85' lang='lat' dir='ltr'><strong>Circumpone</strong></span> <span class='ocrx_word' id='word_1_153' title='bbox 1748 2029 1833 2067; x_wconf 84' lang='lat' dir='ltr'><strong>ve-</strong></span> 
     </span>
    </p>
   </div>
   <div class='ocr_carea' id='block_1_20' title="bbox 254 2105 1835 2194">
    <p class='ocr_par' dir='ltr' id='par_1_20' title="bbox 254 2105 1835 2194">
     <span class='ocr_line' id='line_1_20' title="bbox 254 2105 1835 2194; baseline -0.013 -16"><span class='ocrx_word' id='word_1_154' title='bbox 254 2125 345 2178; x_wconf 87' lang='lat' dir='ltr'><strong>luti</strong></span> <span class='ocrx_word' id='word_1_155' title='bbox 386 2122 619 2194; x_wconf 87' lang='lat' dir='ltr'><strong>gladium</strong></span> <span class='ocrx_word' id='word_1_156' title='bbox 657 2129 797 2172; x_wconf 84' lang='lat' dir='ltr'><strong>tuum</strong></span> <span class='ocrx_word' id='word_1_157' title='bbox 821 2129 971 2183; x_wconf 80' lang='lat' dir='ltr'><strong>super</strong></span> <span class='ocrx_word' id='word_1_158' title='bbox 1006 2115 1189 2184; x_wconf 67' lang='lat' dir='ltr'><strong>rentur.</strong></span> <span class='ocrx_word' id='word_1_159' title='bbox 1223 2111 1275 2166; x_wconf 82' lang='lat'><strong>5.</strong></span> <span class='ocrx_word' id='word_1_160' title='bbox 1325 2110 1507 2181; x_wconf 80' lang='lat' dir='ltr'><strong>Specie</strong></span> <span class='ocrx_word' id='word_1_161' title='bbox 1535 2118 1618 2161; x_wconf 89' lang='lat' dir='ltr'><strong>tua</strong></span> <span class='ocrx_word' id='word_1_162' title='bbox 1650 2117 1696 2160; x_wconf 92' lang='lat' dir='ltr'><strong>et</strong></span> <span class='ocrx_word' id='word_1_163' title='bbox 1723 2105 1835 2176; x_wconf 86' lang='lat' dir='ltr'><strong>pul-</strong></span> 
     </span>
    </p>
   </div>
   <div class='ocr_carea' id='block_1_21' title="bbox 253 2201 1834 2274">
    <p class='ocr_par' dir='ltr' id='par_1_21' title="bbox 253 2201 1834 2274">
     <span class='ocr_line' id='line_1_21' title="bbox 253 2201 1834 2274; baseline -0.014 -4"><span class='ocrx_word' id='word_1_164' title='bbox 253 2214 540 2270; x_wconf 84' lang='lat' dir='ltr'><strong>chritudine</strong></span> <span class='ocrx_word' id='word_1_165' title='bbox 577 2221 682 2264; x_wconf 87' lang='lat' dir='ltr'><strong>tua.</strong></span> <span class='ocrx_word' id='word_1_166' title='bbox 717 2208 896 2274; x_wconf 86' lang='lat' dir='ltr'><strong>Alius,</strong></span> <span class='ocrx_word' id='word_1_167' title='bbox 955 2204 1184 2258; x_wconf 83' lang='lat' dir='ltr'><strong>Laudem</strong></span> <span class='ocrx_word' id='word_1_168' title='bbox 1226 2210 1365 2254; x_wconf 89' lang='lat' dir='ltr'><strong>tuam</strong></span> <span class='ocrx_word' id='word_1_169' title='bbox 1409 2209 1455 2262; x_wconf 90' lang='lat' dir='ltr'><strong>e_t</strong></span> <span class='ocrx_word' id='word_1_170' title='bbox 1488 2201 1834 2252; x_wconf 81' lang='lat' dir='ltr'><strong>auctoritatem</strong></span> 
     </span>
    </p>
   </div>
   <div class='ocr_carea' id='block_1_22' title="bbox 255 2290 1835 2366">
    <p class='ocr_par' dir='ltr' id='par_1_22' title="bbox 255 2290 1835 2366">
     <span class='ocr_line' id='line_1_22' title="bbox 255 2290 1835 2366; baseline -0.012 -3"><span class='ocrx_word' id='word_1_171' title='bbox 255 2321 410 2363; x_wconf 87' lang='lat' dir='ltr'><strong>tuam.</strong></span> <span class='ocrx_word' id='word_1_172' title='bbox 464 2306 618 2361; x_wconf 82' lang='lat' dir='ltr'><strong>Alius</strong></span> <span class='ocrx_word' id='word_1_173' title='bbox 642 2345 656 2366; x_wconf 89' lang='lat'><strong>,</strong></span> <span class='ocrx_word' id='word_1_174' title='bbox 704 2301 879 2356; x_wconf 81' lang='lat' dir='ltr'><strong>Gloria</strong></span> <span class='ocrx_word' id='word_1_175' title='bbox 917 2307 960 2354; x_wconf 88' lang='lat' dir='ltr'><strong>et</strong></span> <span class='ocrx_word' id='word_1_176' title='bbox 1001 2298 1179 2352; x_wconf 82' lang='lat' dir='ltr'><strong>decore</strong></span> <span class='ocrx_word' id='word_1_177' title='bbox 1204 2305 1308 2348; x_wconf 88' lang='lat' dir='ltr'><strong>tuo.</strong></span> <span class='ocrx_word' id='word_1_178' title='bbox 1335 2294 1586 2361; x_wconf 55' lang='lat' dir='ltr'><strong>Qua‘nam</strong></span> <span class='ocrx_word' id='word_1_179' title='bbox 1613 2299 1694 2345; x_wconf 90' lang='lat' dir='ltr'><strong>cst</strong></span> <span class='ocrx_word' id='word_1_180' title='bbox 1722 2290 1835 2344; x_wconf 72' lang='lat' dir='ltr'><strong>haec</strong></span> 
     </span>
    </p>
   </div>
   <div class='ocr_carea' id='block_1_23' title="bbox 255 2381 1831 2464">
    <p class='ocr_par' dir='ltr' id='par_1_23' title="bbox 255 2381 1831 2464">
     <span class='ocr_line' id='line_1_23' title="bbox 255 2381 1831 2464; baseline -0.013 -10"><span class='ocrx_word' id='word_1_181' title='bbox 255 2399 477 2454; x_wconf 66' lang='lat' dir='ltr'><strong>inuenio</strong></span> <span class='ocrx_word' id='word_1_182' title='bbox 500 2439 517 2463; x_wconf 91' lang='lat'><strong>,</strong></span> <span class='ocrx_word' id='word_1_183' title='bbox 547 2404 600 2451; x_wconf 89' lang='lat' dir='ltr'><strong>et</strong></span> <span class='ocrx_word' id='word_1_184' title='bbox 619 2407 860 2464; x_wconf 81' lang='lat' dir='ltr'><strong>quamam</strong></span> <span class='ocrx_word' id='word_1_185' title='bbox 885 2389 1168 2445; x_wconf 85' lang='lat' dir='ltr'><strong>verborum</strong></span> <span class='ocrx_word' id='word_1_186' title='bbox 1197 2385 1509 2441; x_wconf 81' lang='lat' dir='ltr'><strong>transiatio‘!</strong></span> <span class='ocrx_word' id='word_1_187' title='bbox 1529 2383 1660 2438; x_wconf 88' lang='lat' dir='ltr'><strong>Cum</strong></span> <span class='ocrx_word' id='word_1_188' title='bbox 1690 2381 1831 2436; x_wconf 90' lang='lat' dir='ltr'><strong>enim</strong></span> 
     </span>
    </p>
   </div>
   <div class='ocr_carea' id='block_1_24' title="bbox 253 2473 1834 2556">
    <p class='ocr_par' dir='ltr' id='par_1_24' title="bbox 253 2473 1834 2556">
     <span class='ocr_line' id='line_1_24' title="bbox 253 2473 1834 2556; baseline -0.014 -7"><span class='ocrx_word' id='word_1_189' title='bbox 253 2495 316 2550; x_wconf 84' lang='lat' dir='ltr'><strong>de</strong></span> <span class='ocrx_word' id='word_1_190' title='bbox 335 2494 558 2547; x_wconf 90' lang='lat' dir='ltr'><strong>doctore</strong></span> <span class='ocrx_word' id='word_1_191' title='bbox 583 2489 890 2556; x_wconf 87' lang='lat' dir='ltr'><strong>loqueretur</strong></span> <span class='ocrx_word' id='word_1_192' title='bbox 903 2485 1031 2554; x_wconf 88' lang='lat' dir='ltr'><strong>(hoc</strong></span> <span class='ocrx_word' id='word_1_193' title='bbox 1049 2480 1195 2536; x_wconf 89' lang='lat' dir='ltr'><strong>enim</strong></span> <span class='ocrx_word' id='word_1_194' title='bbox 1214 2478 1315 2534; x_wconf 85' lang='lat' dir='ltr'><strong>sibi</strong></span> <span class='ocrx_word' id='word_1_195' title='bbox 1335 2477 1443 2532; x_wconf 86' lang='lat' dir='ltr'><strong>vult</strong></span> <span class='ocrx_word' id='word_1_196' title='bbox 1464 2475 1610 2541; x_wconf 85' lang='lat' dir='ltr'><strong>illud,</strong></span> <span class='ocrx_word' id='word_1_197' title='bbox 1632 2473 1834 2540; x_wconf 69' lang='lat' dir='ltr'><strong>Di/fusa</strong></span> 
     </span>
    </p>
   </div>
   <div class='ocr_carea' id='block_1_25' title="bbox 254 2568 1832 2655">
    <p class='ocr_par' dir='ltr' id='par_1_25' title="bbox 254 2568 1832 2655">
     <span class='ocr_line' id='line_1_25' title="bbox 254 2568 1832 2655; baseline -0.012 -16"><span class='ocrx_word' id='word_1_198' title='bbox 254 2595 320 2639; x_wconf 87' lang='lat' dir='ltr'><strong>est</strong></span> <span class='ocrx_word' id='word_1_199' title='bbox 338 2583 508 2655; x_wconf 82' lang='lat' dir='ltr'><strong>gratia</strong></span> <span class='ocrx_word' id='word_1_200' title='bbox 533 2581 586 2634; x_wconf 86' lang='lat' dir='ltr'><strong>in</strong></span> <span class='ocrx_word' id='word_1_201' title='bbox 610 2579 755 2634; x_wconf 88' lang='lat' dir='ltr'><strong>labiis</strong></span> <span class='ocrx_word' id='word_1_202' title='bbox 773 2578 869 2631; x_wconf 85' lang='lat' dir='ltr'><strong>tuis</strong></span> <span class='ocrx_word' id='word_1_203' title='bbox 891 2577 932 2644; x_wconf 92' lang='lat'><strong>),</strong></span> <span class='ocrx_word' id='word_1_204' title='bbox 955 2582 1215 2628; x_wconf 87' lang='lat' dir='ltr'><strong>armatum</strong></span> <span class='ocrx_word' id='word_1_205' title='bbox 1239 2585 1416 2640; x_wconf 89' lang='lat' dir='ltr'><strong>regem</strong></span> <span class='ocrx_word' id='word_1_206' title='bbox 1439 2568 1594 2624; x_wconf 92' lang='lat' dir='ltr'><strong>nobis</strong></span> <span class='ocrx_word' id='word_1_207' title='bbox 1613 2577 1832 2637; x_wconf 89' lang='lat' dir='ltr'><strong>repente</strong></span> 
     </span>
    </p>
   </div>
   <div class='ocr_carea' id='block_1_26' title="bbox 254 2660 1832 2740">
    <p class='ocr_par' dir='ltr' id='par_1_26' title="bbox 254 2660 1832 2740">
     <span class='ocr_line' id='line_1_26' title="bbox 254 2660 1832 2740; baseline -0.012 -7"><span class='ocrx_word' id='word_1_208' title='bbox 254 2676 507 2733; x_wconf 88' lang='lat' dir='ltr'><strong>describit</strong></span> <span class='ocrx_word' id='word_1_209' title='bbox 527 2714 542 2740; x_wconf 89' lang='lat'><strong>,</strong></span> <span class='ocrx_word' id='word_1_210' title='bbox 590 2686 692 2727; x_wconf 90' lang='lat' dir='ltr'><strong>nec</strong></span> <span class='ocrx_word' id='word_1_211' title='bbox 720 2671 792 2725; x_wconf 91' lang='lat' dir='ltr'><strong>ita</strong></span> <span class='ocrx_word' id='word_1_212' title='bbox 820 2678 877 2722; x_wconf 90' lang='lat' dir='ltr'><strong>ut</strong></span> <span class='ocrx_word' id='word_1_213' title='bbox 903 2670 1076 2722; x_wconf 91' lang='lat' dir='ltr'><strong>locum</strong></span> <span class='ocrx_word' id='word_1_214' title='bbox 1106 2673 1284 2721; x_wconf 89' lang='lat' dir='ltr'><strong>teneat</strong></span> <span class='ocrx_word' id='word_1_215' title='bbox 1309 2661 1624 2732; x_wconf 67' lang='lat' dir='ltr'><strong>prophetiae,</strong></span> <span class='ocrx_word' id='word_1_216' title='bbox 1655 2660 1747 2716; x_wconf 90' lang='lat' dir='ltr'><strong>sed</strong></span> <span class='ocrx_word' id='word_1_217' title='bbox 1774 2668 1832 2714; x_wconf 91' lang='lat' dir='ltr'><strong>ut</strong></span> 
     </span>
    </p>
   </div>
   <div class='ocr_carea' id='block_1_27' title="bbox 256 2752 1833 2836">
    <p class='ocr_par' dir='ltr' id='par_1_27' title="bbox 256 2752 1833 2836">
     <span class='ocr_line' id='line_1_27' title="bbox 256 2752 1833 2836; baseline -0.014 -11"><span class='ocrx_word' id='word_1_218' title='bbox 256 2771 421 2825; x_wconf 89' lang='lat' dir='ltr'><strong>locum</strong></span> <span class='ocrx_word' id='word_1_219' title='bbox 471 2762 897 2836; x_wconf 83' lang='lat' dir='ltr'><strong>supplicationis.</strong></span> <span class='ocrx_word' id='word_1_220' title='bbox 939 2759 1054 2814; x_wconf 85' lang='lat' dir='ltr'><strong>Non</strong></span> <span class='ocrx_word' id='word_1_221' title='bbox 1102 2756 1235 2811; x_wconf 82' lang='lat' dir='ltr'><strong>dixit</strong></span> <span class='ocrx_word' id='word_1_222' title='bbox 1271 2755 1414 2810; x_wconf 90' lang='lat' dir='ltr'><strong>enim</strong></span> <span class='ocrx_word' id='word_1_223' title='bbox 1455 2771 1468 2806; x_wconf 94' lang='lat'>:</span> <span class='ocrx_word' id='word_1_224' title='bbox 1514 2752 1833 2820; x_wconf 85' lang='lat' dir='ltr'><strong>Accingetttr</strong></span> 
     </span>
    </p>
   </div>
   <div class='ocr_carea' id='block_1_28' title="bbox 254 2843 1827 2934">
    <p class='ocr_par' dir='ltr' id='par_1_28' title="bbox 254 2843 1827 2934">
     <span class='ocr_line' id='line_1_28' title="bbox 254 2843 1827 2934; baseline -0.015 -17"><span class='ocrx_word' id='word_1_225' title='bbox 254 2861 418 2934; x_wconf 77' lang='lat' dir='ltr'><strong>gladio</strong></span> <span class='ocrx_word' id='word_1_226' title='bbox 442 2873 588 2922; x_wconf 86' lang='lat' dir='ltr'><strong>suo;</strong></span> <span class='ocrx_word' id='word_1_227' title='bbox 615 2854 709 2910; x_wconf 85' lang='lat' dir='ltr'><strong>scd</strong></span> <span class='ocrx_word' id='word_1_228' title='bbox 741 2861 918 2924; x_wconf 83' lang='lat' dir='ltr'><strong>rogat,</strong></span> <span class='ocrx_word' id='word_1_229' title='bbox 965 2860 1019 2906; x_wconf 89' lang='lat' dir='ltr'><strong>et</strong></span> <span class='ocrx_word' id='word_1_230' title='bbox 1055 2849 1198 2915; x_wconf 84' lang='lat' dir='ltr'><strong>dicit,</strong></span> <span class='ocrx_word' id='word_1_231' title='bbox 1231 2847 1501 2916; x_wconf 84' lang='lat' dir='ltr'><strong>Accingere</strong></span> <span class='ocrx_word' id='word_1_232' title='bbox 1523 2843 1693 2934; x_wconf 84' lang='lat' dir='ltr'><strong>gladio</strong></span> <span class='ocrx_word' id='word_1_233' title='bbox 1723 2851 1827 2934; x_wconf 78' lang='lat' dir='ltr'><strong>tuo.</strong></span> 
     </span>
    </p>
   </div>
   <div class='ocr_carea' id='block_1_29' title="bbox 166 2931 1828 3010">
    <p class='ocr_par' dir='ltr' id='par_1_29' title="bbox 166 2931 1828 3010">
     <span class='ocr_line' id='line_1_29' title="bbox 166 2931 1828 3010; baseline -0.015 0"><span class='ocrx_word' id='word_1_234' title='bbox 166 2935 174 2948; x_wconf 76' lang='grc'><em>’</em></span> <span class='ocrx_word' id='word_1_235' title='bbox 256 2931 449 3010; x_wconf 72' lang='lat' dir='ltr'><strong>beinde</strong></span> <span class='ocrx_word' id='word_1_236' title='bbox 495 2949 621 3002; x_wconf 83' lang='lat' dir='ltr'><strong>huic</strong></span> <span class='ocrx_word' id='word_1_237' title='bbox 659 2946 818 3001; x_wconf 89' lang='lat' dir='ltr'><strong>etiam</strong></span> <span class='ocrx_word' id='word_1_238' title='bbox 861 2949 1142 2997; x_wconf 80' lang='lat' dir='ltr'><strong>armaturae</strong></span> <span class='ocrx_word' id='word_1_239' title='bbox 1185 2936 1441 2992; x_wconf 89' lang='lat' dir='ltr'><strong>admiscet</strong></span> <span class='ocrx_word' id='word_1_240' title='bbox 1483 2931 1828 3004; x_wconf 88' lang='lat' dir='ltr'><strong>pulchritudi-</strong></span> 
     </span>
    </p>
   </div>
   <div class='ocr_carea' id='block_1_30' title="bbox 255 3021 1830 3109">
    <p class='ocr_par' dir='ltr' id='par_1_30' title="bbox 255 3021 1830 3109">
     <span class='ocr_line' id='line_1_30' title="bbox 255 3021 1830 3109; baseline -0.015 -10"><span class='ocrx_word' id='word_1_241' title='bbox 255 3060 366 3099; x_wconf 89' lang='lat' dir='ltr'><strong>nem</strong></span> <span class='ocrx_word' id='word_1_242' title='bbox 388 3084 401 3109; x_wconf 89' lang='lat'><strong>,</strong></span> <span class='ocrx_word' id='word_1_243' title='bbox 449 3053 602 3095; x_wconf 91' lang='lat' dir='ltr'><strong>nunc</strong></span> <span class='ocrx_word' id='word_1_244' title='bbox 629 3036 842 3106; x_wconf 86' lang='lat' dir='ltr'><strong>quidem</strong></span> <span class='ocrx_word' id='word_1_245' title='bbox 868 3031 1047 3103; x_wconf 78' lang='lat' dir='ltr'><strong>gravis</strong></span> <span class='ocrx_word' id='word_1_246' title='bbox 1069 3037 1352 3083; x_wconf 66' lang='lat' dir='ltr'><strong>armatura:</strong></span> <span class='ocrx_word' id='word_1_247' title='bbox 1381 3026 1602 3082; x_wconf 83' lang='lat' dir='ltr'><strong>militem</strong></span> <span class='ocrx_word' id='word_1_248' title='bbox 1633 3021 1830 3093; x_wconf 85' lang='lat' dir='ltr'><strong>signiﬁ-</strong></span> 
     </span>
    </p>
   </div>
   <div class='ocr_carea' id='block_1_31' title="bbox 255 3116 1828 3197">
    <p class='ocr_par' dir='ltr' id='par_1_31' title="bbox 255 3116 1828 3197">
     <span class='ocr_line' id='line_1_31' title="bbox 255 3116 1828 3197; baseline -0.014 -8"><span class='ocrx_word' id='word_1_249' title='bbox 255 3150 372 3189; x_wconf 84' lang='lat' dir='ltr'><strong>cans</strong></span> <span class='ocrx_word' id='word_1_250' title='bbox 397 3175 410 3197; x_wconf 91' lang='lat'><strong>,</strong></span> <span class='ocrx_word' id='word_1_251' title='bbox 457 3144 608 3186; x_wconf 85' lang='lat' dir='ltr'><strong>nunc</strong></span> <span class='ocrx_word' id='word_1_252' title='bbox 633 3140 760 3181; x_wconf 86' lang='lat' dir='ltr'><strong>vero</strong></span> <span class='ocrx_word' id='word_1_253' title='bbox 787 3133 1065 3180; x_wconf 83' lang='lat' dir='ltr'><strong>venustum</strong></span> <span class='ocrx_word' id='word_1_254' title='bbox 1097 3120 1363 3174; x_wconf 83' lang='lat' dir='ltr'><strong>hominem</strong></span> <span class='ocrx_word' id='word_1_255' title='bbox 1395 3132 1459 3172; x_wconf 91' lang='lat' dir='ltr'><strong>ac</strong></span> <span class='ocrx_word' id='word_1_256' title='bbox 1485 3116 1782 3186; x_wconf 77' lang='lat' dir='ltr'><strong>Speciosam</strong></span> <span class='ocrx_word' id='word_1_257' title='bbox 1813 3132 1828 3168; x_wconf 90' lang='lat'>:</span> 
     </span>
    </p>
   </div>
   <div class='ocr_carea' id='block_1_32' title="bbox 258 3205 1831 3298">
    <p class='ocr_par' dir='ltr' id='par_1_32' title="bbox 258 3205 1831 3298">
     <span class='ocr_line' id='line_1_32' title="bbox 258 3205 1831 3298; baseline -0.015 -15"><span class='ocrx_word' id='word_1_258' title='bbox 258 3227 425 3298; x_wconf 80' lang='lat' dir='ltr'><strong>Specie</strong></span> <span class='ocrx_word' id='word_1_259' title='bbox 448 3223 602 3280; x_wconf 86' lang='lat' dir='ltr'><strong>enim</strong></span> <span class='ocrx_word' id='word_1_260' title='bbox 623 3259 638 3286; x_wconf 89' lang='lat'><strong>,</strong></span> <span class='ocrx_word' id='word_1_261' title='bbox 665 3218 866 3288; x_wconf 88' lang='lat' dir='ltr'><strong>inquit,</strong></span> <span class='ocrx_word' id='word_1_262' title='bbox 897 3225 1001 3278; x_wconf 82' lang='lat' dir='ltr'><strong>tua,</strong></span> <span class='ocrx_word' id='word_1_263' title='bbox 1033 3223 1078 3268; x_wconf 90' lang='lat' dir='ltr'><strong>et</strong></span> <span class='ocrx_word' id='word_1_264' title='bbox 1101 3211 1475 3284; x_wconf 78' lang='lat' dir='ltr'><strong>pulchritudine</strong></span> <span class='ocrx_word' id='word_1_265' title='bbox 1495 3218 1602 3261; x_wconf 86' lang='lat' dir='ltr'><strong>tua.</strong></span> <span class='ocrx_word' id='word_1_266' title='bbox 1633 3205 1831 3261; x_wconf 87' lang='lat' dir='ltr'><strong>Deinde</strong></span> 
     </span>
    </p>
   </div>
   <div class='ocr_carea' id='block_1_33' title="bbox 258 3302 1831 3389">
    <p class='ocr_par' dir='ltr' id='par_1_33' title="bbox 258 3302 1831 3389">
     <span class='ocr_line' id='line_1_33' title="bbox 258 3302 1831 3389; baseline -0.015 -15"><span class='ocrx_word' id='word_1_267' title='bbox 258 3317 582 3389; x_wconf 76' lang='lat' dir='ltr'><strong>Sagittarium</strong></span> <span class='ocrx_word' id='word_1_268' title='bbox 617 3329 630 3366; x_wconf 91' lang='lat'>:</span> <span class='ocrx_word' id='word_1_269' title='bbox 665 3311 721 3366; x_wconf 83' lang='lat'><strong>6.</strong></span> <span class='ocrx_word' id='word_1_270' title='bbox 751 3308 964 3379; x_wconf 73' lang='lat' dir='ltr'><strong>Sagitta:</strong></span> <span class='ocrx_word' id='word_1_271' title='bbox 986 3306 1148 3369; x_wconf 87' lang='lat' dir='ltr'><strong>enim,</strong></span> <span class='ocrx_word' id='word_1_272' title='bbox 1182 3302 1371 3372; x_wconf 89' lang='lat' dir='ltr'><strong>inquit,</strong></span> <span class='ocrx_word' id='word_1_273' title='bbox 1404 3310 1502 3354; x_wconf 71' lang='lat' dir='ltr'><strong>tua:</strong></span> <span class='ocrx_word' id='word_1_274' title='bbox 1530 3308 1708 3361; x_wconf 63' lang='lat' dir='ltr'><strong>acutas,</strong></span> <span class='ocrx_word' id='word_1_275' title='bbox 1740 3313 1831 3389; x_wconf 70' lang='lat' dir='ltr'><strong>po-</strong></span> 
     </span>
    </p>
   </div>
   <div class='ocr_carea' id='block_1_34' title="bbox 257 3385 1828 3464">
    <p class='ocr_par' dir='ltr' id='par_1_34' title="bbox 257 3385 1828 3464">
     <span class='ocr_line' id='line_1_34' title="bbox 257 3385 1828 3464; baseline -0.016 -1"><span class='ocrx_word' id='word_1_276' title='bbox 257 3385 541 3464; x_wconf 71' lang='lat' dir='ltr'><strong>tentissime.</strong></span> <span class='ocrx_word' id='word_1_277' title='bbox 573 3403 640 3458; x_wconf 86' lang='lat' dir='ltr'><strong>Et</strong></span> <span class='ocrx_word' id='word_1_278' title='bbox 663 3413 845 3456; x_wconf 89' lang='lat' dir='ltr'><strong>rursus</strong></span> <span class='ocrx_word' id='word_1_279' title='bbox 868 3398 1120 3450; x_wconf 80' lang='lat' dir='ltr'><strong>victorem</strong></span> <span class='ocrx_word' id='word_1_280' title='bbox 1146 3404 1201 3448; x_wconf 87' lang='lat' dir='ltr'><strong>et</strong></span> <span class='ocrx_word' id='word_1_281' title='bbox 1226 3390 1662 3460; x_wconf 85' lang='lat' dir='ltr'><strong>triumphatorem</strong></span> <span class='ocrx_word' id='word_1_282' title='bbox 1691 3405 1703 3440; x_wconf 88' lang='lat'><strong>:</strong></span> <span class='ocrx_word' id='word_1_283' title='bbox 1733 3385 1828 3439; x_wconf 86' lang='grc' dir='ltr'><strong>Ρο-</strong></span> 
     </span>
    </p>
   </div>
   <div class='ocr_carea' id='block_1_35' title="bbox 258 3477 1826 3569">
    <p class='ocr_par' dir='ltr' id='par_1_35' title="bbox 258 3477 1826 3569">
     <span class='ocr_line' id='line_1_35' title="bbox 258 3477 1826 3569; baseline -0.017 -14"><span class='ocrx_word' id='word_1_284' title='bbox 258 3501 372 3569; x_wconf 85' lang='lat' dir='ltr'><strong>puli,</strong></span> <span class='ocrx_word' id='word_1_285' title='bbox 402 3495 602 3567; x_wconf 86' lang='lat' dir='ltr'><strong>inquit,</strong></span> <span class='ocrx_word' id='word_1_286' title='bbox 633 3491 721 3546; x_wconf 88' lang='lat' dir='ltr'><strong>sub</strong></span> <span class='ocrx_word' id='word_1_287' title='bbox 747 3501 794 3544; x_wconf 88' lang='lat' dir='ltr'><strong>te</strong></span> <span class='ocrx_word' id='word_1_288' title='bbox 829 3488 1006 3541; x_wconf 81' lang='lat' dir='ltr'><strong>cadent</strong></span> <span class='ocrx_word' id='word_1_289' title='bbox 1041 3487 1094 3538; x_wconf 87' lang='lat' dir='ltr'><strong>in</strong></span> <span class='ocrx_word' id='word_1_290' title='bbox 1134 3483 1284 3538; x_wconf 85' lang='lat' dir='ltr'><strong>corde</strong></span> <span class='ocrx_word' id='word_1_291' title='bbox 1322 3480 1638 3534; x_wconf 86' lang='lat' dir='ltr'><strong>inimicorum</strong></span> <span class='ocrx_word' id='word_1_292' title='bbox 1675 3477 1826 3547; x_wconf 83' lang='lat' dir='ltr'><strong>regis.</strong></span> 
     </span>
    </p>
   </div>
   <div class='ocr_carea' id='block_1_36' title="bbox 258 3569 1831 3646">
    <p class='ocr_par' dir='ltr' id='par_1_36' title="bbox 258 3569 1831 3646">
     <span class='ocr_line' id='line_1_36' title="bbox 258 3569 1831 3646; baseline -0.017 1"><span class='ocrx_word' id='word_1_293' title='bbox 258 3591 507 3646; x_wconf 81' lang='lat' dir='ltr'><strong>Eumdem</strong></span> <span class='ocrx_word' id='word_1_294' title='bbox 542 3599 723 3640; x_wconf 85' lang='lat' dir='ltr'><strong>rursus</strong></span> <span class='ocrx_word' id='word_1_295' title='bbox 748 3579 949 3636; x_wconf 87' lang='lat' dir='ltr'><strong>inducit</strong></span> <span class='ocrx_word' id='word_1_296' title='bbox 976 3576 1256 3646; x_wconf 82' lang='lat' dir='ltr'><strong>unguentis</strong></span> <span class='ocrx_word' id='word_1_297' title='bbox 1279 3572 1596 3635; x_wconf 89' lang='lat' dir='ltr'><strong>delibutum,</strong></span> <span class='ocrx_word' id='word_1_298' title='bbox 1629 3569 1720 3639; x_wconf 85' lang='lat' dir='ltr'><strong>qui</strong></span> <span class='ocrx_word' id='word_1_299' title='bbox 1749 3577 1831 3623; x_wconf 89' lang='lat' dir='ltr'><strong>est</strong></span> 
     </span>
    </p>
   </div>
   <div class='ocr_carea' id='block_1_37' title="bbox 257 3659 1830 3752">
    <p class='ocr_par' dir='ltr' id='par_1_37' title="bbox 257 3659 1830 3752">
     <span class='ocr_line' id='line_1_37' title="bbox 257 3659 1830 3752; baseline -0.018 -14"><span class='ocrx_word' id='word_1_300' title='bbox 257 3684 394 3738; x_wconf 83' lang='lat' dir='ltr'><strong>miles</strong></span> <span class='ocrx_word' id='word_1_301' title='bbox 417 3678 605 3752; x_wconf 86' lang='lat' dir='ltr'><strong>gravis</strong></span> <span class='ocrx_word' id='word_1_302' title='bbox 651 3680 932 3728; x_wconf 71' lang='lat' dir='ltr'><strong>armaturae</strong></span> <span class='ocrx_word' id='word_1_303' title='bbox 951 3709 966 3733; x_wconf 86' lang='lat'><strong>,</strong></span> <span class='ocrx_word' id='word_1_304' title='bbox 992 3678 1046 3723; x_wconf 91' lang='lat' dir='ltr'><strong>et</strong></span> <span class='ocrx_word' id='word_1_305' title='bbox 1071 3681 1162 3722; x_wconf 78' lang='lat' dir='ltr'><strong>rex</strong></span> <span class='ocrx_word' id='word_1_306' title='bbox 1181 3708 1195 3732; x_wconf 95' lang='lat'><strong>,</strong></span> <span class='ocrx_word' id='word_1_307' title='bbox 1229 3673 1284 3719; x_wconf 90' lang='lat' dir='ltr'><strong>et</strong></span> <span class='ocrx_word' id='word_1_308' title='bbox 1307 3662 1609 3733; x_wconf 77' lang='lat' dir='ltr'><strong>sagittarius</strong></span> <span class='ocrx_word' id='word_1_309' title='bbox 1631 3701 1646 3726; x_wconf 89' lang='lat'><strong>,</strong></span> <span class='ocrx_word' id='word_1_310' title='bbox 1678 3669 1730 3714; x_wconf 91' lang='lat' dir='ltr'><strong>et</strong></span> <span class='ocrx_word' id='word_1_311' title='bbox 1751 3659 1830 3712; x_wconf 85' lang='lat' dir='ltr'><strong>vi-</strong></span> 
     </span>
    </p>
   </div>
   <div class='ocr_carea' id='block_1_38' title="bbox 255 3752 1832 3839">
    <p class='ocr_par' dir='ltr' id='par_1_38' title="bbox 255 3752 1832 3839">
     <span class='ocr_line' id='line_1_38' title="bbox 255 3752 1832 3839; baseline -0.015 -11"><span class='ocrx_word' id='word_1_312' title='bbox 255 3783 359 3828; x_wconf 82' lang='lat' dir='ltr'><strong>ctor</strong></span> <span class='ocrx_word' id='word_1_313' title='bbox 385 3791 400 3828; x_wconf 88' lang='lat'><strong>:</strong></span> <span class='ocrx_word' id='word_1_314' title='bbox 423 3773 479 3828; x_wconf 86' lang='lat'><strong>9.</strong></span> <span class='ocrx_word' id='word_1_315' title='bbox 514 3768 729 3839; x_wconf 83' lang='lat' dir='ltr'><strong>Myrrha</strong></span> <span class='ocrx_word' id='word_1_316' title='bbox 749 3766 914 3829; x_wconf 88' lang='lat' dir='ltr'><strong>enim,</strong></span> <span class='ocrx_word' id='word_1_317' title='bbox 942 3761 1132 3831; x_wconf 86' lang='lat' dir='ltr'><strong>inquit,</strong></span> <span class='ocrx_word' id='word_1_318' title='bbox 1153 3770 1198 3813; x_wconf 88' lang='lat' dir='ltr'><strong>et</strong></span> <span class='ocrx_word' id='word_1_319' title='bbox 1217 3767 1377 3830; x_wconf 84' lang='lat' dir='ltr'><strong>gutta,</strong></span> <span class='ocrx_word' id='word_1_320' title='bbox 1401 3764 1446 3809; x_wconf 87' lang='lat' dir='ltr'><strong>et</strong></span> <span class='ocrx_word' id='word_1_321' title='bbox 1471 3755 1607 3808; x_wconf 89' lang='lat' dir='ltr'><strong>casia</strong></span> <span class='ocrx_word' id='word_1_322' title='bbox 1630 3769 1661 3806; x_wconf 92' lang='lat' dir='ltr'><strong>a</strong></span> <span class='ocrx_word' id='word_1_323' title='bbox 1683 3752 1832 3807; x_wconf 79' lang='lat' dir='ltr'><strong>uesti-</strong></span> 
     </span>
    </p>
   </div>
   <div class='ocr_carea' id='block_1_39' title="bbox 255 3866 574 3922">
    <p class='ocr_par' dir='ltr' id='par_1_39' title="bbox 255 3866 574 3922">
     <span class='ocr_line' id='line_1_39' title="bbox 255 3866 574 3922; baseline -0.009 -2"><span class='ocrx_word' id='word_1_324' title='bbox 255 3869 417 3922; x_wconf 79' lang='lat' dir='ltr'><strong>mentis</strong></span> <span class='ocrx_word' id='word_1_325' title='bbox 445 3866 574 3920; x_wconf 69' lang='lat' dir='ltr'><strong>tuis.</strong></span> 
     </span>
    </p>
   </div>
   <div class='ocr_carea' id='block_1_40' title="bbox 318 3941 1830 4025">
    <p class='ocr_par' dir='ltr' id='par_1_40' title="bbox 318 3941 1830 4025">
     <span class='ocr_line' id='line_1_40' title="bbox 318 3941 1830 4025; baseline -0.015 -12"><span class='ocrx_word' id='word_1_326' title='bbox 318 3959 369 4012; x_wconf 83' lang='lat'><strong>5.</strong></span> <span class='ocrx_word' id='word_1_327' title='bbox 395 3955 544 4025; x_wconf 87' lang='lat' dir='ltr'><strong>Quid</strong></span> <span class='ocrx_word' id='word_1_328' title='bbox 565 3967 693 4024; x_wconf 88' lang='lat' dir='ltr'><strong>ergo</strong></span> <span class='ocrx_word' id='word_1_329' title='bbox 715 3962 998 4006; x_wconf 90' lang='lat' dir='ltr'><strong>commune</strong></span> <span class='ocrx_word' id='word_1_330' title='bbox 1022 3946 1160 4001; x_wconf 89' lang='lat' dir='ltr'><strong>inter</strong></span> <span class='ocrx_word' id='word_1_331' title='bbox 1183 3958 1242 3998; x_wconf 86' lang='lat' dir='ltr'><strong>se</strong></span> <span class='ocrx_word' id='word_1_332' title='bbox 1263 3941 1462 3996; x_wconf 87' lang='lat' dir='ltr'><strong>habent</strong></span> <span class='ocrx_word' id='word_1_333' title='bbox 1485 3953 1630 3995; x_wconf 89' lang='lat' dir='ltr'><strong>arma</strong></span> <span class='ocrx_word' id='word_1_334' title='bbox 1655 3945 1710 3993; x_wconf 90' lang='lat' dir='ltr'><strong>et</strong></span> <span class='ocrx_word' id='word_1_335' title='bbox 1733 3952 1830 3993; x_wconf 88' lang='lat' dir='ltr'><strong>un-</strong></span> 
     </span>
    </p>
   </div>
   <div class='ocr_carea' id='block_1_41' title="bbox 253 4030 1830 4117">
    <p class='ocr_par' dir='ltr' id='par_1_41' title="bbox 253 4030 1830 4117">
     <span class='ocr_line' id='line_1_41' title="bbox 253 4030 1830 4117; baseline -0.013 -15"><span class='ocrx_word' id='word_1_336' title='bbox 253 4057 455 4117; x_wconf 82' lang='lat' dir='ltr'><strong>guenta,</strong></span> <span class='ocrx_word' id='word_1_337' title='bbox 489 4043 678 4099; x_wconf 83' lang='lat' dir='ltr'><strong>unctio</strong></span> <span class='ocrx_word' id='word_1_338' title='bbox 696 4052 750 4097; x_wconf 91' lang='lat' dir='ltr'><strong>et</strong></span> <span class='ocrx_word' id='word_1_339' title='bbox 788 4038 1011 4110; x_wconf 83' lang='lat' dir='ltr'><strong>gladius,</strong></span> <span class='ocrx_word' id='word_1_340' title='bbox 1043 4034 1280 4091; x_wconf 87' lang='lat' dir='ltr'><strong>doctrina</strong></span> <span class='ocrx_word' id='word_1_341' title='bbox 1309 4042 1364 4088; x_wconf 90' lang='lat' dir='ltr'><strong>et</strong></span> <span class='ocrx_word' id='word_1_342' title='bbox 1401 4030 1600 4087; x_wconf 89' lang='lat' dir='ltr'><strong>bellum</strong></span> <span class='ocrx_word' id='word_1_343' title='bbox 1628 4071 1642 4096; x_wconf 93' lang='lat'><strong>,</strong></span> <span class='ocrx_word' id='word_1_344' title='bbox 1673 4041 1830 4084; x_wconf 86' lang='lat' dir='ltr'><strong>arcus</strong></span> 
     </span>
    </p>
   </div>
   <div class='ocr_carea' id='block_1_42' title="bbox 254 4121 1830 4208">
    <p class='ocr_par' dir='ltr' id='par_1_42' title="bbox 254 4121 1830 4208">
     <span class='ocr_line' id='line_1_42' title="bbox 254 4121 1830 4208; baseline -0.011 -18"><span class='ocrx_word' id='word_1_345' title='bbox 254 4148 301 4190; x_wconf 90' lang='lat' dir='ltr'><strong>et</strong></span> <span class='ocrx_word' id='word_1_346' title='bbox 321 4132 662 4208; x_wconf 86' lang='lat' dir='ltr'><strong>pulchritudo</strong></span> <span class='ocrx_word' id='word_1_347' title='bbox 693 4130 864 4186; x_wconf 65' lang='grc' dir='ltr'>ιιιωε</span> <span class='ocrx_word' id='word_1_348' title='bbox 881 4128 1024 4184; x_wconf 91' lang='lat' dir='ltr'><strong>enim</strong></span> <span class='ocrx_word' id='word_1_349' title='bbox 1061 4133 1186 4180; x_wconf 89' lang='lat' dir='ltr'><strong>sunt</strong></span> <span class='ocrx_word' id='word_1_350' title='bbox 1213 4124 1361 4194; x_wconf 83' lang='lat' dir='ltr'><strong>signa</strong></span> <span class='ocrx_word' id='word_1_351' title='bbox 1386 4123 1554 4193; x_wconf 89' lang='lat' dir='ltr'><strong>pacis,</strong></span> <span class='ocrx_word' id='word_1_352' title='bbox 1585 4121 1676 4174; x_wconf 89' lang='lat' dir='ltr'><strong>illa</strong></span> <span class='ocrx_word' id='word_1_353' title='bbox 1701 4133 1830 4174; x_wconf 87' lang='lat' dir='ltr'><strong>vero</strong></span> 
     </span>
    </p>
   </div>
   <div class='ocr_carea' id='block_1_43' title="bbox 255 4212 1830 4302">
    <p class='ocr_par' dir='ltr' id='par_1_43' title="bbox 255 4212 1830 4302">
     <span class='ocr_line' id='line_1_43' title="bbox 255 4212 1830 4302; baseline -0.013 -15"><span class='ocrx_word' id='word_1_354' title='bbox 255 4232 409 4302; x_wconf 75' lang='lat' dir='ltr'><strong>pnelii</strong></span> <span class='ocrx_word' id='word_1_355' title='bbox 437 4238 494 4286; x_wconf 85' lang='lat' dir='ltr'><strong>et</strong></span> <span class='ocrx_word' id='word_1_356' title='bbox 533 4229 805 4282; x_wconf 74' lang='lat' dir='ltr'><strong>instructa:</strong></span> <span class='ocrx_word' id='word_1_357' title='bbox 830 4222 983 4278; x_wconf 88' lang='lat' dir='ltr'><strong>aciei.</strong></span> <span class='ocrx_word' id='word_1_358' title='bbox 1017 4219 1146 4288; x_wconf 83' lang='lat' dir='ltr'><strong>Quis</strong></span> <span class='ocrx_word' id='word_1_359' title='bbox 1171 4231 1300 4288; x_wconf 87' lang='lat' dir='ltr'><strong>ergo</strong></span> <span class='ocrx_word' id='word_1_360' title='bbox 1324 4223 1406 4270; x_wconf 89' lang='lat' dir='ltr'><strong>est</strong></span> <span class='ocrx_word' id='word_1_361' title='bbox 1430 4213 1586 4270; x_wconf 87' lang='lat' dir='ltr'><strong>simul</strong></span> <span class='ocrx_word' id='word_1_362' title='bbox 1606 4223 1659 4268; x_wconf 91' lang='lat' dir='ltr'><strong>et</strong></span> <span class='ocrx_word' id='word_1_363' title='bbox 1687 4212 1830 4283; x_wconf 88' lang='lat' dir='ltr'><strong>pacis</strong></span> 
     </span>
    </p>
   </div>
   <div class='ocr_carea' id='block_1_44' title="bbox 256 4306 1831 4388">
    <p class='ocr_par' dir='ltr' id='par_1_44' title="bbox 256 4306 1831 4388">
     <span class='ocr_line' id='line_1_44' title="bbox 256 4306 1831 4388; baseline -0.011 -13"><span class='ocrx_word' id='word_1_364' title='bbox 256 4325 467 4388; x_wconf 86' lang='lat' dir='ltr'><strong>amicus,</strong></span> <span class='ocrx_word' id='word_1_365' title='bbox 498 4327 562 4375; x_wconf 81' lang='lat' dir='ltr'><strong>et</strong></span> <span class='ocrx_word' id='word_1_366' title='bbox 592 4318 671 4372; x_wconf 88' lang='lat' dir='ltr'><strong>rei</strong></span> <span class='ocrx_word' id='word_1_367' title='bbox 705 4313 923 4370; x_wconf 86' lang='lat' dir='ltr'><strong>militari</strong></span> <span class='ocrx_word' id='word_1_368' title='bbox 951 4309 1331 4378; x_wconf 89' lang='lat' dir='ltr'><strong>deditus?quis</strong></span> <span class='ocrx_word' id='word_1_369' title='bbox 1347 4306 1564 4362; x_wconf 89' lang='lat' dir='ltr'><strong>distillat</strong></span> <span class='ocrx_word' id='word_1_370' title='bbox 1594 4319 1831 4376; x_wconf 88' lang='lat' dir='ltr'><strong>unguen-</strong></span> 
     </span>
    </p>
   </div>
   <div class='ocr_carea' id='block_1_45' title="bbox 261 4398 1828 4479">
    <p class='ocr_par' dir='ltr' id='par_1_45' title="bbox 261 4398 1828 4479">
     <span class='ocr_line' id='line_1_45' title="bbox 261 4398 1828 4479; baseline -0.01 -12"><span class='ocrx_word' id='word_1_371' title='bbox 261 4423 358 4468; x_wconf 86' lang='lat' dir='ltr'><strong>tum</strong></span> <span class='ocrx_word' id='word_1_372' title='bbox 381 4453 396 4479; x_wconf 89' lang='lat'><strong>,</strong></span> <span class='ocrx_word' id='word_1_373' title='bbox 443 4423 497 4469; x_wconf 90' lang='lat' dir='ltr'><strong>et</strong></span> <span class='ocrx_word' id='word_1_374' title='bbox 537 4409 705 4465; x_wconf 90' lang='lat' dir='ltr'><strong>armis</strong></span> <span class='ocrx_word' id='word_1_375' title='bbox 730 4416 814 4463; x_wconf 88' lang='lat' dir='ltr'><strong>est</strong></span> <span class='ocrx_word' id='word_1_376' title='bbox 842 4403 1114 4461; x_wconf 78' lang='lat' dir='ltr'><strong>munitus?</strong></span> <span class='ocrx_word' id='word_1_377' title='bbox 1160 4404 1276 4472; x_wconf 88' lang='lat' dir='ltr'><strong>quis</strong></span> <span class='ocrx_word' id='word_1_378' title='bbox 1298 4399 1538 4471; x_wconf 85' lang='lat' dir='ltr'><strong>procedit</strong></span> <span class='ocrx_word' id='word_1_379' title='bbox 1563 4413 1626 4454; x_wconf 80' lang='lat' dir='ltr'><strong>ex</strong></span> <span class='ocrx_word' id='word_1_380' title='bbox 1654 4398 1828 4454; x_wconf 83' lang='lat' dir='ltr'><strong>domi-</strong></span> 
     </span>
    </p>
   </div>
   <div class='ocr_carea' id='block_1_46' title="bbox 261 4491 1830 4576">
    <p class='ocr_par' dir='ltr' id='par_1_46' title="bbox 261 4491 1830 4576">
     <span class='ocr_line' id='line_1_46' title="bbox 261 4491 1830 4576; baseline -0.008 -18"><span class='ocrx_word' id='word_1_381' title='bbox 261 4504 347 4558; x_wconf 91' lang='lat' dir='ltr'><strong>bus</strong></span> <span class='ocrx_word' id='word_1_382' title='bbox 378 4502 484 4576; x_wconf 81' lang='grc' dir='ltr'><strong>(α)</strong></span> <span class='ocrx_word' id='word_1_383' title='bbox 507 4499 785 4565; x_wconf 88' lang='lat' dir='ltr'><strong>eburneis,</strong></span> <span class='ocrx_word' id='word_1_384' title='bbox 815 4507 869 4552; x_wconf 91' lang='lat' dir='ltr'><strong>et</strong></span> <span class='ocrx_word' id='word_1_385' title='bbox 894 4496 1074 4551; x_wconf 88' lang='lat' dir='ltr'><strong>hostes</strong></span> <span class='ocrx_word' id='word_1_386' title='bbox 1105 4493 1276 4548; x_wconf 85' lang='lat' dir='ltr'><strong>fundit</strong></span> <span class='ocrx_word' id='word_1_387' title='bbox 1304 4491 1740 4557; x_wconf 89' lang='lat' dir='ltr'><strong>innumerabiles,</strong></span> <span class='ocrx_word' id='word_1_388' title='bbox 1775 4497 1830 4545; x_wconf 89' lang='lat' dir='ltr'><strong>ct</strong></span> 
     </span>
    </p>
   </div>
   <div class='ocr_carea' id='block_1_47' title="bbox 261 4584 1830 4662">
    <p class='ocr_par' dir='ltr' id='par_1_47' title="bbox 261 4584 1830 4662">
     <span class='ocr_line' id='line_1_47' title="bbox 261 4584 1830 4662; baseline -0.01 -8"><span class='ocrx_word' id='word_1_389' title='bbox 261 4596 532 4654; x_wconf 75' lang='lat' dir='ltr'><strong>maximam</strong></span> <span class='ocrx_word' id='word_1_390' title='bbox 579 4601 813 4662; x_wconf 86' lang='lat' dir='ltr'><strong>stragem</strong></span> <span class='ocrx_word' id='word_1_391' title='bbox 855 4588 1018 4644; x_wconf 89' lang='lat' dir='ltr'><strong>facit?</strong></span> <span class='ocrx_word' id='word_1_392' title='bbox 1064 4585 1342 4653; x_wconf 86' lang='lat' dir='ltr'><strong>Quomodo</strong></span> <span class='ocrx_word' id='word_1_393' title='bbox 1380 4585 1648 4640; x_wconf 83' lang='lat' dir='ltr'><strong>solvemus</strong></span> <span class='ocrx_word' id='word_1_394' title='bbox 1694 4584 1830 4638; x_wconf 91' lang='lat' dir='ltr'><strong>hanc</strong></span> 
     </span>
    </p>
   </div>
   <div class='ocr_carea' id='block_1_48' title="bbox 262 4674 1830 4746">
    <p class='ocr_par' dir='ltr' id='par_1_48' title="bbox 262 4674 1830 4746">
     <span class='ocr_line' id='line_1_48' title="bbox 262 4674 1830 4746; baseline -0.006 -9"><span class='ocrx_word' id='word_1_395' title='bbox 262 4683 661 4740; x_wconf 79' lang='lat' dir='ltr'><strong>ditﬁcnltatem?</strong></span> <span class='ocrx_word' id='word_1_396' title='bbox 706 4682 762 4738; x_wconf 87' lang='lat' dir='ltr'><strong>Si</strong></span> <span class='ocrx_word' id='word_1_397' title='bbox 792 4690 936 4736; x_wconf 84' lang='lat' dir='ltr'><strong>recte</strong></span> <span class='ocrx_word' id='word_1_398' title='bbox 973 4679 1203 4733; x_wconf 87' lang='lat' dir='ltr'><strong>sciamus</strong></span> <span class='ocrx_word' id='word_1_399' title='bbox 1245 4676 1360 4730; x_wconf 84' lang='lat' dir='ltr'><strong>haec</strong></span> <span class='ocrx_word' id='word_1_400' title='bbox 1384 4691 1594 4746; x_wconf 86' lang='lat' dir='ltr'><strong>quoque</strong></span> <span class='ocrx_word' id='word_1_401' title='bbox 1634 4674 1735 4730; x_wconf 92' lang='lat' dir='ltr'><strong>dici</strong></span> <span class='ocrx_word' id='word_1_402' title='bbox 1763 4674 1830 4729; x_wconf 90' lang='lat' dir='ltr'><strong>de</strong></span> 
     </span>
    </p>
   </div>
   <div class='ocr_carea' id='block_1_49' title="bbox 265 4765 1828 4842">
    <p class='ocr_par' dir='ltr' id='par_1_49' title="bbox 265 4765 1828 4842">
     <span class='ocr_line' id='line_1_49' title="bbox 265 4765 1828 4842; baseline -0.007 -12"><span class='ocrx_word' id='word_1_403' title='bbox 265 4774 425 4833; x_wconf 88' lang='lat' dir='ltr'><strong>Patre.</strong></span> <span class='ocrx_word' id='word_1_404' title='bbox 451 4775 592 4831; x_wconf 77' lang='lat' dir='ltr'><strong>Nam</strong></span> <span class='ocrx_word' id='word_1_405' title='bbox 621 4775 735 4842; x_wconf 84' lang='lat' dir='ltr'><strong>ipse</strong></span> <span class='ocrx_word' id='word_1_406' title='bbox 753 4785 962 4842; x_wconf 88' lang='lat' dir='ltr'><strong>quoque</strong></span> <span class='ocrx_word' id='word_1_407' title='bbox 985 4769 1239 4838; x_wconf 88' lang='lat' dir='ltr'><strong>propheta</strong></span> <span class='ocrx_word' id='word_1_408' title='bbox 1264 4781 1386 4821; x_wconf 88' lang='lat' dir='ltr'><strong>eum</strong></span> <span class='ocrx_word' id='word_1_409' title='bbox 1415 4765 1541 4820; x_wconf 91' lang='lat' dir='ltr'><strong>alibi</strong></span> <span class='ocrx_word' id='word_1_410' title='bbox 1565 4772 1828 4819; x_wconf 88' lang='lat' dir='ltr'><strong>armatum</strong></span> 
     </span>
    </p>
   </div>
   <div class='ocr_carea' id='block_1_50' title="bbox 265 4856 1829 4935">
    <p class='ocr_par' dir='ltr' id='par_1_50' title="bbox 265 4856 1829 4935">
     <span class='ocr_line' id='line_1_50' title="bbox 265 4856 1829 4935; baseline -0.01 -14"><span class='ocrx_word' id='word_1_411' title='bbox 265 4867 562 4935; x_wconf 88' lang='lat' dir='ltr'><strong>introducit,</strong></span> <span class='ocrx_word' id='word_1_412' title='bbox 586 4875 644 4920; x_wconf 89' lang='lat' dir='ltr'><strong>ut</strong></span> <span class='ocrx_word' id='word_1_413' title='bbox 663 4864 876 4934; x_wconf 90' lang='lat' dir='ltr'><strong>quando</strong></span> <span class='ocrx_word' id='word_1_414' title='bbox 895 4860 1061 4916; x_wconf 83' lang='lat' dir='ltr'><strong>dicit:</strong></span> <span class='ocrx_word' id='word_1_415' title='bbox 1085 4858 1205 4913; x_wconf 84' lang='lat' dir='ltr'><strong>Nisi</strong></span> <span class='ocrx_word' id='word_1_416' title='bbox 1224 4858 1443 4913; x_wconf 75' lang='lat' dir='ltr'><strong>conversi</strong></span> <span class='ocrx_word' id='word_1_417' title='bbox 1472 4857 1681 4926; x_wconf 83' lang='lat' dir='ltr'><strong>fueritis,</strong></span> <span class='ocrx_word' id='word_1_418' title='bbox 1715 4856 1829 4926; x_wconf 84' lang='lat' dir='ltr'><strong>gla-</strong></span> 
     </span>
    </p>
   </div>
   <div class='ocr_carea' id='block_1_51' title="bbox 265 4945 1830 5016">
    <p class='ocr_par' dir='ltr' id='par_1_51' title="bbox 265 4945 1830 5016">
     <span class='ocr_line' id='line_1_51' title="bbox 265 4945 1830 5016; baseline -0.008 -6"><span class='ocrx_word' id='word_1_419' title='bbox 265 4959 391 5012; x_wconf 83' lang='lat' dir='ltr'><strong>dium</strong></span> <span class='ocrx_word' id='word_1_420' title='bbox 423 4973 579 5014; x_wconf 83' lang='lat' dir='ltr'><strong>suunt</strong></span> <span class='ocrx_word' id='word_1_421' title='bbox 623 4953 876 5009; x_wconf 70' lang='lat' dir='ltr'><strong>uibrabit:</strong></span> <span class='ocrx_word' id='word_1_422' title='bbox 915 4966 1086 5006; x_wconf 77' lang='lat' dir='ltr'><strong>arcum</strong></span> <span class='ocrx_word' id='word_1_423' title='bbox 1118 4965 1261 5004; x_wconf 87' lang='lat' dir='ltr'><strong>suum</strong></span> <span class='ocrx_word' id='word_1_424' title='bbox 1287 4947 1521 5011; x_wconf 85' lang='lat' dir='ltr'><strong>tetendit,</strong></span> <span class='ocrx_word' id='word_1_425' title='bbox 1552 4955 1600 5000; x_wconf 91' lang='lat' dir='ltr'><strong>et</strong></span> <span class='ocrx_word' id='word_1_426' title='bbox 1637 4945 1830 5016; x_wconf 86' lang='lat' dir='ltr'><strong>paravit</strong></span> 
     </span>
    </p>
   </div>
   <div class='ocr_carea' id='block_1_52' title="bbox 265 5036 1830 5118">
    <p class='ocr_par' dir='ltr' id='par_1_52' title="bbox 265 5036 1830 5118">
     <span class='ocr_line' id='line_1_52' title="bbox 265 5036 1830 5118; baseline -0.007 -17"><span class='ocrx_word' id='word_1_427' title='bbox 265 5050 440 5118; x_wconf 87' lang='lat' dir='ltr'><strong>ipsum,</strong></span> <span class='ocrx_word' id='word_1_428' title='bbox 489 5059 539 5104; x_wconf 87' lang='lat' dir='ltr'><strong>et</strong></span> <span class='ocrx_word' id='word_1_429' title='bbox 569 5049 623 5102; x_wconf 88' lang='lat' dir='ltr'><strong>in</strong></span> <span class='ocrx_word' id='word_1_430' title='bbox 648 5063 707 5100; x_wconf 89' lang='lat' dir='ltr'><strong>co</strong></span> <span class='ocrx_word' id='word_1_431' title='bbox 738 5044 930 5114; x_wconf 78' lang='lat' dir='ltr'><strong>parauit</strong></span> <span class='ocrx_word' id='word_1_432' title='bbox 955 5057 1075 5096; x_wconf 86' lang='lat' dir='ltr'><strong>vasa</strong></span> <span class='ocrx_word' id='word_1_433' title='bbox 1102 5041 1278 5095; x_wconf 87' lang='lat' dir='ltr'><strong>mortis</strong></span> <span class='ocrx_word' id='word_1_434' title='bbox 1308 5037 1485 5111; x_wconf 84' lang='lat' dir='ltr'><strong>(Psal.</strong></span> <span class='ocrx_word' id='word_1_435' title='bbox 1517 5039 1570 5093; x_wconf 87' lang='lat'><strong>7.</strong></span> <span class='ocrx_word' id='word_1_436' title='bbox 1595 5039 1664 5092; x_wconf 76' lang='grc'><strong>15</strong></span> <span class='ocrx_word' id='word_1_437' title='bbox 1682 5038 1720 5107; x_wconf 90' lang='grc'><strong>).</strong></span> <span class='ocrx_word' id='word_1_438' title='bbox 1763 5036 1830 5090; x_wconf 90' lang='lat' dir='ltr'><strong>Et</strong></span> 
     </span>
    </p>
   </div>
   <div class='ocr_carea' id='block_1_53' title="bbox 265 5127 1829 5205">
    <p class='ocr_par' dir='ltr' id='par_1_53' title="bbox 265 5127 1829 5205">
     <span class='ocr_line' id='line_1_53' title="bbox 265 5127 1829 5205; baseline -0.008 -12"><span class='ocrx_word' id='word_1_439' title='bbox 265 5155 436 5196; x_wconf 83' lang='lat' dir='ltr'><strong>rursus</strong></span> <span class='ocrx_word' id='word_1_440' title='bbox 460 5140 588 5195; x_wconf 81' lang='lat' dir='ltr'><strong>alibi</strong></span> <span class='ocrx_word' id='word_1_441' title='bbox 621 5155 636 5192; x_wconf 88' lang='lat'><strong>:</strong></span> <span class='ocrx_word' id='word_1_442' title='bbox 666 5135 853 5191; x_wconf 88' lang='lat' dir='ltr'><strong>Induet</strong></span> <span class='ocrx_word' id='word_1_443' title='bbox 879 5135 1130 5188; x_wconf 85' lang='lat' dir='ltr'><strong>thoracem</strong></span> <span class='ocrx_word' id='word_1_444' title='bbox 1158 5133 1411 5205; x_wconf 73' lang='lat' dir='ltr'><strong>justitiam</strong></span> <span class='ocrx_word' id='word_1_445' title='bbox 1433 5131 1450 5202; x_wconf 94' lang='lat'><strong>(</strong></span> <span class='ocrx_word' id='word_1_446' title='bbox 1471 5130 1599 5200; x_wconf 89' lang='lat' dir='ltr'><strong>Sap.</strong></span> <span class='ocrx_word' id='word_1_447' title='bbox 1622 5129 1676 5184; x_wconf 81' lang='lat'><strong>5.</strong></span> <span class='ocrx_word' id='word_1_448' title='bbox 1701 5127 1829 5200; x_wconf 84' lang='grc'><strong>19).</strong></span> 
     </span>
    </p>
   </div>
   <div class='ocr_carea' id='block_1_54' title="bbox 267 5217 1832 5294">
    <p class='ocr_par' dir='ltr' id='par_1_54' title="bbox 267 5217 1832 5294">
     <span class='ocr_line' id='line_1_54' title="bbox 267 5217 1832 5294; baseline -0.003 -12"><span class='ocrx_word' id='word_1_449' title='bbox 267 5227 390 5287; x_wconf 73' lang='lat' dir='ltr'><strong>Vide</strong></span> <span class='ocrx_word' id='word_1_450' title='bbox 412 5239 593 5286; x_wconf 86' lang='lat' dir='ltr'><strong>autem</strong></span> <span class='ocrx_word' id='word_1_451' title='bbox 623 5225 868 5284; x_wconf 86' lang='lat' dir='ltr'><strong>eamdem</strong></span> <span class='ocrx_word' id='word_1_452' title='bbox 905 5238 1118 5294; x_wconf 90' lang='lat' dir='ltr'><strong>quoque</strong></span> <span class='ocrx_word' id='word_1_453' title='bbox 1141 5223 1530 5279; x_wconf 86' lang='lat' dir='ltr'><strong>auctoritatem.</strong></span> <span class='ocrx_word' id='word_1_454' title='bbox 1563 5217 1832 5286; x_wconf 60' lang='lat' dir='ltr'><strong>Quemado</strong></span> 
     </span>
    </p>
   </div>
   <div class='ocr_carea' id='block_1_55' title="bbox 265 5314 1831 5386">
    <p class='ocr_par' dir='ltr' id='par_1_55' title="bbox 265 5314 1831 5386">
     <span class='ocr_line' id='line_1_55' title="bbox 265 5314 1831 5386; baseline -0.009 -5"><span class='ocrx_word' id='word_1_455' title='bbox 265 5324 471 5380; x_wconf 81' lang='lat' dir='ltr'><strong>modum</strong></span> <span class='ocrx_word' id='word_1_456' title='bbox 498 5324 642 5380; x_wconf 76' lang='lat' dir='ltr'><strong>enim</strong></span> <span class='ocrx_word' id='word_1_457' title='bbox 671 5319 782 5376; x_wconf 88' lang='lat' dir='ltr'><strong>illic</strong></span> <span class='ocrx_word' id='word_1_458' title='bbox 807 5319 957 5386; x_wconf 80' lang='lat' dir='ltr'><strong>dicit,</strong></span> <span class='ocrx_word' id='word_1_459' title='bbox 986 5315 1227 5373; x_wconf 76' lang='lat' dir='ltr'><strong>Gladium</strong></span> <span class='ocrx_word' id='word_1_460' title='bbox 1269 5331 1416 5372; x_wconf 84' lang='lat' dir='ltr'><strong>suum</strong></span> <span class='ocrx_word' id='word_1_461' title='bbox 1455 5314 1663 5372; x_wconf 84' lang='lat' dir='ltr'><strong>vibrabit</strong></span> <span class='ocrx_word' id='word_1_462' title='bbox 1684 5354 1697 5378; x_wconf 91' lang='lat'><strong>,</strong></span> <span class='ocrx_word' id='word_1_463' title='bbox 1728 5327 1831 5369; x_wconf 90' lang='lat' dir='ltr'><strong>non</strong></span> 
     </span>
    </p>
   </div>
   <div class='ocr_carea' id='block_1_56' title="bbox 321 5558 1837 5627">
    <p class='ocr_par' dir='ltr' id='par_1_56' title="bbox 321 5558 1837 5627">
     <span class='ocr_line' id='line_1_56' title="bbox 321 5558 1837 5627; baseline -0.005 -12"><span class='ocrx_word' id='word_1_464' title='bbox 321 5565 391 5627; x_wconf 85' lang='grc' dir='ltr'><strong>(α)</strong></span> <span class='ocrx_word' id='word_1_465' title='bbox 424 5572 474 5614; x_wconf 88' lang='lat' dir='ltr'><strong>tn</strong></span> <span class='ocrx_word' id='word_1_466' title='bbox 495 5572 679 5627; x_wconf 58' lang='lat' dir='ltr'><strong>Graeco,</strong></span> <span class='ocrx_word' id='word_1_467' title='bbox 703 5573 725 5613; x_wconf 72' lang='grc' dir='ltr'><strong><em>δ</em></strong></span> <span class='ocrx_word' id='word_1_468' title='bbox 740 5577 869 5624; x_wconf 67' lang='grc' dir='ltr'><strong>προϊὼν</strong></span> <span class='ocrx_word' id='word_1_469' title='bbox 886 5573 958 5627; x_wconf 59' lang='lat' dir='ltr'><strong>est</strong></span> <span class='ocrx_word' id='word_1_470' title='bbox 982 5567 1287 5627; x_wconf 28' lang='lat' dir='ltr'><strong>maturare</strong></span> <span class='ocrx_word' id='word_1_471' title='bbox 1310 5561 1356 5608; x_wconf 93' lang='lat' dir='ltr'><strong>in</strong></span> <span class='ocrx_word' id='word_1_472' title='bbox 1383 5572 1570 5627; x_wconf 72' lang='lat' dir='ltr'><strong>vocem,</strong></span> <span class='ocrx_word' id='word_1_473' title='bbox 1597 5572 1713 5622; x_wconf 69' lang='grc' dir='ltr'><strong>βάρις,</strong></span> <span class='ocrx_word' id='word_1_474' title='bbox 1730 5558 1837 5627; x_wconf 56' lang='lat' dir='ltr'><strong>haec</strong></span> 
     </span>
    </p>
   </div>
   <div class='ocr_carea' id='block_1_57' title="bbox 268 5620 1838 5688">
    <p class='ocr_par' dir='ltr' id='par_1_57' title="bbox 268 5620 1838 5688">
     <span class='ocr_line' id='line_1_57' title="bbox 268 5620 1838 5688; baseline -0.001 -16"><span class='ocrx_word' id='word_1_475' title='bbox 268 5620 392 5677; x_wconf 69' lang='lat' dir='ltr'><strong>notat</strong></span> <span class='ocrx_word' id='word_1_476' title='bbox 411 5625 591 5688; x_wconf 78' lang='lat' dir='ltr'><strong>Savil.:</strong></span> <span class='ocrx_word' id='word_1_477' title='bbox 625 5620 780 5688; x_wconf 64' lang='grc' dir='ltr'><strong>ι’βάριξ</strong></span> <span class='ocrx_word' id='word_1_478' title='bbox 801 5620 1292 5688; x_wconf 73' lang='lat' dir='ltr'><strong>varie_exponitur._o</strong></span> <span class='ocrx_word' id='word_1_479' title='bbox 1323 5621 1460 5688; x_wconf 83' lang='lat' dir='ltr'><strong>Basil.</strong></span> <span class='ocrx_word' id='word_1_480' title='bbox 1489 5620 1604 5682; x_wconf 61' lang='grc' dir='ltr'>βάριιέ</span> <span class='ocrx_word' id='word_1_481' title='bbox 1627 5620 1838 5688; x_wconf 82' lang='lat' dir='ltr'><strong>appellat</strong></span> 
     </span>
    </p>
   </div>
   <div class='ocr_carea' id='block_1_58' title="bbox 270 5685 1836 5747">
    <p class='ocr_par' dir='ltr' id='par_1_58' title="bbox 270 5685 1836 5747">
     <span class='ocr_line' id='line_1_58' title="bbox 270 5685 1836 5747; baseline 0.001 -16"><span class='ocrx_word' id='word_1_482' title='bbox 270 5688 495 5740; x_wconf 68' lang='lat' dir='ltr'><strong>maximas</strong></span> <span class='ocrx_word' id='word_1_483' title='bbox 525 5685 794 5746; x_wconf 51' lang='lat' dir='ltr'><strong>(tertiumet</strong></span> <span class='ocrx_word' id='word_1_484' title='bbox 818 5686 888 5747; x_wconf 81' lang='lat' dir='ltr'><strong>sic</strong></span> <span class='ocrx_word' id='word_1_485' title='bbox 910 5685 1159 5746; x_wconf 74' lang='lat' dir='ltr'><strong>Didymus;</strong></span> <span class='ocrx_word' id='word_1_486' title='bbox 1194 5686 1490 5743; x_wconf 76' lang='lat' dir='ltr'><strong>Athanasius,</strong></span> <span class='ocrx_word' id='word_1_487' title='bbox 1523 5685 1699 5747; x_wconf 86' lang='lat' dir='ltr'><strong>templa</strong></span> <span class='ocrx_word' id='word_1_488' title='bbox 1735 5696 1836 5732; x_wconf 88' lang='lat' dir='ltr'><strong>nta-</strong></span> 
     </span>
    </p>
   </div>
   <div class='ocr_carea' id='block_1_59' title="bbox 274 5745 1166 5816">
    <p class='ocr_par' dir='ltr' id='par_1_59' title="bbox 274 5745 1166 5816">
     <span class='ocr_line' id='line_1_59' title="bbox 274 5745 1166 5816; baseline 0.002 -20"><span class='ocrx_word' id='word_1_489' title='bbox 274 5747 426 5816; x_wconf 68' lang='lat' dir='ltr'><strong>gniﬁce</strong></span> <span class='ocrx_word' id='word_1_490' title='bbox 450 5745 730 5811; x_wconf 70' lang='lat' dir='ltr'><strong>exstructa;</strong></span> <span class='ocrx_word' id='word_1_491' title='bbox 749 5745 971 5812; x_wconf 59' lang='lat' dir='ltr'><strong>Cyrinus,</strong></span> <span class='ocrx_word' id='word_1_492' title='bbox 988 5745 1166 5798; x_wconf 69' lang='lat' dir='ltr'><strong>turres.</strong></span> 
     </span>
    </p>
   </div>
   <div class='ocr_carea' id='block_1_60' title="bbox 1395 359 2432 422">
    <p class='ocr_par' dir='ltr' id='par_1_60' title="bbox 1395 359 2432 422">
     <span class='ocr_line' id='line_1_60' title="bbox 1395 359 2432 422; baseline 0.004 -8"><span class='ocrx_word' id='word_1_493' title='bbox 1395 359 1747 415; x_wconf 70' lang='lat' dir='ltr'><strong>EXPOSITIO</strong></span> <span class='ocrx_word' id='word_1_494' title='bbox 1787 360 1850 415; x_wconf 74' lang='lat' dir='ltr'><strong>lN</strong></span> <span class='ocrx_word' id='word_1_495' title='bbox 1893 359 2212 419; x_wconf 75' lang='lat' dir='ltr'><strong>PSALMUM</strong></span> <span class='ocrx_word' id='word_1_496' title='bbox 2253 364 2432 422; x_wconf 79' lang='lat' dir='ltr'><strong>XLIV.</strong></span> 
     </span>
    </p>
   </div>
   <div class='ocr_carea' id='block_1_61' title="bbox 3425 383 3528 440">
    <p class='ocr_par' dir='ltr' id='par_1_61' title="bbox 3425 383 3528 440">
     <span class='ocr_line' id='line_1_61' title="bbox 3425 383 3528 440; baseline 0.019 -3"><span class='ocrx_word' id='word_1_497' title='bbox 3425 383 3528 440; x_wconf 75' lang='grc'><strong>’190</strong></span> 
     </span>
    </p>
   </div>
   <div class='ocr_carea' id='block_1_62' title="bbox 1947 473 3528 561">
    <p class='ocr_par' dir='ltr' id='par_1_62' title="bbox 1947 473 3528 561">
     <span class='ocr_line' id='line_1_62' title="bbox 1947 473 3528 561; baseline 0.016 -35"><span class='ocrx_word' id='word_1_498' title='bbox 1947 473 2014 528; x_wconf 90' lang='lat' dir='ltr'><strong>ab</strong></span> <span class='ocrx_word' id='word_1_499' title='bbox 2039 473 2144 528; x_wconf 90' lang='lat' dir='ltr'><strong>alio</strong></span> <span class='ocrx_word' id='word_1_500' title='bbox 2165 476 2365 544; x_wconf 90' lang='lat' dir='ltr'><strong>jussus,</strong></span> <span class='ocrx_word' id='word_1_501' title='bbox 2391 477 2486 534; x_wconf 90' lang='lat' dir='ltr'><strong>sed</strong></span> <span class='ocrx_word' id='word_1_502' title='bbox 2515 479 2626 548; x_wconf 90' lang='lat' dir='ltr'><strong>ipse</strong></span> <span class='ocrx_word' id='word_1_503' title='bbox 2653 495 2719 536; x_wconf 80' lang='lat' dir='ltr'><strong>ex</strong></span> <span class='ocrx_word' id='word_1_504' title='bbox 2746 483 2924 552; x_wconf 89' lang='lat' dir='ltr'><strong>seipso</strong></span> <span class='ocrx_word' id='word_1_505' title='bbox 2956 503 2969 538; x_wconf 87' lang='lat'>:</span> <span class='ocrx_word' id='word_1_506' title='bbox 3001 485 3075 540; x_wconf 91' lang='lat' dir='ltr'><strong>ita</strong></span> <span class='ocrx_word' id='word_1_507' title='bbox 3100 485 3185 544; x_wconf 92' lang='lat' dir='ltr'><strong>hic</strong></span> <span class='ocrx_word' id='word_1_508' title='bbox 3211 491 3392 561; x_wconf 90' lang='lat' dir='ltr'><strong>etiam,</strong></span> <span class='ocrx_word' id='word_1_509' title='bbox 3426 497 3528 550; x_wconf 86' lang='lat' dir='ltr'><strong>Sa-</strong></span> 
     </span>
    </p>
   </div>
   <div class='ocr_carea' id='block_1_63' title="bbox 1946 565 3527 641">
    <p class='ocr_par' dir='ltr' id='par_1_63' title="bbox 1946 565 3527 641">
     <span class='ocr_line' id='line_1_63' title="bbox 1946 565 3527 641; baseline 0.015 -25"><span class='ocrx_word' id='word_1_510' title='bbox 1946 565 2085 634; x_wconf 77' lang='lat' dir='ltr'><strong>gitta:</strong></span> <span class='ocrx_word' id='word_1_511' title='bbox 2112 569 2328 635; x_wconf 87' lang='lat' dir='ltr'><strong>potentis</strong></span> <span class='ocrx_word' id='word_1_512' title='bbox 2354 579 2536 634; x_wconf 67' lang='lat' dir='ltr'><strong>acutae,</strong></span> <span class='ocrx_word' id='word_1_513' title='bbox 2567 572 2743 641; x_wconf 84' lang='lat' dir='ltr'><strong>populi</strong></span> <span class='ocrx_word' id='word_1_514' title='bbox 2767 574 2857 627; x_wconf 90' lang='lat' dir='ltr'><strong>sub</strong></span> <span class='ocrx_word' id='word_1_515' title='bbox 2889 584 2936 630; x_wconf 90' lang='lat' dir='ltr'><strong>te</strong></span> <span class='ocrx_word' id='word_1_516' title='bbox 2961 577 3143 632; x_wconf 85' lang='lat' dir='ltr'><strong>cadent</strong></span> <span class='ocrx_word' id='word_1_517' title='bbox 3170 580 3222 634; x_wconf 90' lang='lat' dir='ltr'><strong>in</strong></span> <span class='ocrx_word' id='word_1_518' title='bbox 3248 584 3396 639; x_wconf 83' lang='lat' dir='ltr'><strong>corde</strong></span> <span class='ocrx_word' id='word_1_519' title='bbox 3424 588 3527 640; x_wconf 87' lang='lat' dir='ltr'><strong>ini-</strong></span> 
     </span>
    </p>
   </div>
   <div class='ocr_carea' id='block_1_64' title="bbox 1947 657 3522 736">
    <p class='ocr_par' dir='ltr' id='par_1_64' title="bbox 1947 657 3522 736">
     <span class='ocr_line' id='line_1_64' title="bbox 1947 657 3522 736; baseline 0.018 -29"><span class='ocrx_word' id='word_1_520' title='bbox 1947 657 2186 710; x_wconf 86' lang='lat' dir='ltr'><strong>micorum</strong></span> <span class='ocrx_word' id='word_1_521' title='bbox 2223 660 2372 728; x_wconf 85' lang='lat' dir='ltr'><strong>regis.</strong></span> <span class='ocrx_word' id='word_1_522' title='bbox 2414 660 2613 717; x_wconf 88' lang='lat' dir='ltr'><strong>Deinde</strong></span> <span class='ocrx_word' id='word_1_523' title='bbox 2637 665 2925 723; x_wconf 83' lang='lat' dir='ltr'><strong>ostendens</strong></span> <span class='ocrx_word' id='word_1_524' title='bbox 2960 682 3082 723; x_wconf 88' lang='lat' dir='ltr'><strong>cum</strong></span> <span class='ocrx_word' id='word_1_525' title='bbox 3123 674 3300 726; x_wconf 88' lang='lat' dir='ltr'><strong>omnia</strong></span> <span class='ocrx_word' id='word_1_526' title='bbox 3332 691 3399 730; x_wconf 83' lang='lat' dir='ltr'><strong>ex</strong></span> <span class='ocrx_word' id='word_1_527' title='bbox 3430 691 3522 736; x_wconf 89' lang='lat' dir='ltr'><strong>sua</strong></span> 
     </span>
    </p>
   </div>
   <div class='ocr_carea' id='block_1_65' title="bbox 1945 754 3524 827">
    <p class='ocr_par' dir='ltr' id='par_1_65' title="bbox 1945 754 3524 827">
     <span class='ocr_line' id='line_1_65' title="bbox 1945 754 3524 827; baseline 0.015 -23"><span class='ocrx_word' id='word_1_528' title='bbox 1945 754 2255 809; x_wconf 86' lang='lat' dir='ltr'><strong>auctoritate</strong></span> <span class='ocrx_word' id='word_1_529' title='bbox 2279 756 2470 824; x_wconf 89' lang='lat' dir='ltr'><strong>facere,</strong></span> <span class='ocrx_word' id='word_1_530' title='bbox 2498 759 2624 814; x_wconf 83' lang='lat' dir='ltr'><strong>dicit</strong></span> <span class='ocrx_word' id='word_1_531' title='bbox 2652 779 2664 816; x_wconf 90' lang='lat'><strong>:</strong></span> <span class='ocrx_word' id='word_1_532' title='bbox 2695 761 2912 818; x_wconf 80' lang='lat' dir='ltr'><strong>Deducet</strong></span> <span class='ocrx_word' id='word_1_533' title='bbox 2939 775 2985 820; x_wconf 88' lang='lat' dir='ltr'><strong>te</strong></span> <span class='ocrx_word' id='word_1_534' title='bbox 3009 769 3300 826; x_wconf 82' lang='lat' dir='ltr'><strong>mirabiliter</strong></span> <span class='ocrx_word' id='word_1_535' title='bbox 3320 773 3524 827; x_wconf 77' lang='lat' dir='ltr'><strong>dextera</strong></span> 
     </span>
    </p>
   </div>
   <div class='ocr_carea' id='block_1_66' title="bbox 1946 843 3522 932">
    <p class='ocr_par' dir='ltr' id='par_1_66' title="bbox 1946 843 3522 932">
     <span class='ocr_line' id='line_1_66' title="bbox 1946 843 3522 932; baseline 0.016 -38"><span class='ocrx_word' id='word_1_536' title='bbox 1946 851 2054 932; x_wconf 85' lang='lat' dir='ltr'><strong>tua.</strong></span> <span class='ocrx_word' id='word_1_537' title='bbox 2084 843 2198 898; x_wconf 90' lang='lat' dir='ltr'><strong>Non</strong></span> <span class='ocrx_word' id='word_1_538' title='bbox 2224 847 2466 915; x_wconf 88' lang='lat' dir='ltr'><strong>aliunde,</strong></span> <span class='ocrx_word' id='word_1_539' title='bbox 2497 849 2665 921; x_wconf 82' lang='lat' dir='ltr'><strong>inquit</strong></span> <span class='ocrx_word' id='word_1_540' title='bbox 2687 893 2703 919; x_wconf 90' lang='lat'><strong>,</strong></span> <span class='ocrx_word' id='word_1_541' title='bbox 2735 857 3095 925; x_wconf 87' lang='lat' dir='ltr'><strong>operationem</strong></span> <span class='ocrx_word' id='word_1_542' title='bbox 3129 862 3380 932; x_wconf 89' lang='lat' dir='ltr'><strong>suscipis,</strong></span> <span class='ocrx_word' id='word_1_543' title='bbox 3430 866 3522 919; x_wconf 90' lang='lat' dir='ltr'><strong>sed</strong></span> 
     </span>
    </p>
   </div>
   <div class='ocr_carea' id='block_1_67' title="bbox 1943 931 3522 1022">
    <p class='ocr_par' dir='ltr' id='par_1_67' title="bbox 1943 931 3522 1022">
     <span class='ocr_line' id='line_1_67' title="bbox 1943 931 3522 1022; baseline 0.016 -37"><span class='ocrx_word' id='word_1_544' title='bbox 1943 931 2058 1022; x_wconf 78' lang='lat' dir='ltr'><strong>ipse</strong></span> <span class='ocrx_word' id='word_1_545' title='bbox 2086 935 2175 990; x_wconf 91' lang='lat' dir='ltr'><strong>tibi</strong></span> <span class='ocrx_word' id='word_1_546' title='bbox 2204 936 2299 1004; x_wconf 91' lang='lat' dir='ltr'><strong>ipsi</strong></span> <span class='ocrx_word' id='word_1_547' title='bbox 2327 940 2548 995; x_wconf 87' lang='lat' dir='ltr'><strong>sufﬁcis.</strong></span> <span class='ocrx_word' id='word_1_548' title='bbox 2581 943 2716 997; x_wconf 89' lang='lat' dir='ltr'><strong>Audi</strong></span> <span class='ocrx_word' id='word_1_549' title='bbox 2739 955 2913 999; x_wconf 88' lang='lat' dir='ltr'><strong>autem</strong></span> <span class='ocrx_word' id='word_1_550' title='bbox 2943 947 3115 1016; x_wconf 87' lang='lat' dir='ltr'><strong>ipsum</strong></span> <span class='ocrx_word' id='word_1_551' title='bbox 3138 931 3347 1022; x_wconf 90' lang='lat' dir='ltr'><strong>quoque</strong></span> <span class='ocrx_word' id='word_1_552' title='bbox 3377 957 3522 1022; x_wconf 82' lang='lat' dir='ltr'><strong>pacis</strong></span> 
     </span>
    </p>
   </div>
   <div class='ocr_carea' id='block_1_68' title="bbox 1944 1019 3522 1109">
    <p class='ocr_par' dir='ltr' id='par_1_68' title="bbox 1944 1019 3522 1109">
     <span class='ocr_line' id='line_1_68' title="bbox 1944 1019 3522 1109; baseline 0.016 -36"><span class='ocrx_word' id='word_1_553' title='bbox 1944 1019 2109 1075; x_wconf 90' lang='lat' dir='ltr'><strong>Deum</strong></span> <span class='ocrx_word' id='word_1_554' title='bbox 2139 1023 2400 1081; x_wconf 89' lang='lat' dir='ltr'><strong>dicentem</strong></span> <span class='ocrx_word' id='word_1_555' title='bbox 2430 1029 2701 1101; x_wconf 90' lang='lat' dir='ltr'><strong>discipulis</strong></span> <span class='ocrx_word' id='word_1_556' title='bbox 2734 1051 2747 1088; x_wconf 93' lang='lat'><strong>:</strong></span> <span class='ocrx_word' id='word_1_557' title='bbox 2781 1033 2902 1089; x_wconf 85' lang='lat' dir='ltr'><strong>Non</strong></span> <span class='ocrx_word' id='word_1_558' title='bbox 2929 1039 3038 1091; x_wconf 83' lang='lat' dir='ltr'><strong>veni</strong></span> <span class='ocrx_word' id='word_1_559' title='bbox 3058 1019 3232 1109; x_wconf 77' lang='lat' dir='ltr'><strong>pacem</strong></span> <span class='ocrx_word' id='word_1_560' title='bbox 3259 1019 3311 1097; x_wconf 85' lang='lat' dir='ltr'><strong>in</strong></span> <span class='ocrx_word' id='word_1_561' title='bbox 3338 1019 3522 1100; x_wconf 71' lang='lat' dir='ltr'><strong>terram</strong></span> 
     </span>
    </p>
   </div>
   <div class='ocr_carea' id='block_1_69' title="bbox 1942 1113 3519 1202">
    <p class='ocr_par' dir='ltr' id='par_1_69' title="bbox 1942 1113 3519 1202">
     <span class='ocr_line' id='line_1_69' title="bbox 1942 1113 3519 1202; baseline 0.02 -39"><span class='ocrx_word' id='word_1_562' title='bbox 1942 1113 2169 1202; x_wconf 81' lang='lat' dir='ltr'><strong>mittere,</strong></span> <span class='ocrx_word' id='word_1_563' title='bbox 2217 1119 2306 1170; x_wconf 86' lang='lat' dir='ltr'><strong>sed</strong></span> <span class='ocrx_word' id='word_1_564' title='bbox 2336 1119 2559 1188; x_wconf 83' lang='lat' dir='ltr'><strong>gladium</strong></span> <span class='ocrx_word' id='word_1_565' title='bbox 2611 1122 2831 1194; x_wconf 80' lang='lat' dir='ltr'><strong>(Matth.</strong></span> <span class='ocrx_word' id='word_1_566' title='bbox 2873 1128 2960 1183; x_wconf 88' lang='grc'><strong>10.</strong></span> <span class='ocrx_word' id='word_1_567' title='bbox 3005 1131 3128 1202; x_wconf 71' lang='grc'>51).</span> <span class='ocrx_word' id='word_1_568' title='bbox 3180 1134 3244 1187; x_wconf 85' lang='grc' dir='ltr'>Ει</span> <span class='ocrx_word' id='word_1_569' title='bbox 3284 1150 3467 1192; x_wconf 88' lang='lat' dir='ltr'><strong>rursus</strong></span> <span class='ocrx_word' id='word_1_570' title='bbox 3505 1158 3519 1194; x_wconf 90' lang='lat'><strong>:</strong></span> 
     </span>
    </p>
   </div>
   <div class='ocr_carea' id='block_1_70' title="bbox 1941 1201 3521 1288">
    <p class='ocr_par' dir='ltr' id='par_1_70' title="bbox 1941 1201 3521 1288">
     <span class='ocr_line' id='line_1_70' title="bbox 1941 1201 3521 1288; baseline 0.019 -35"><span class='ocrx_word' id='word_1_571' title='bbox 1941 1201 1968 1254; x_wconf 82' lang='grc' dir='ltr'><em>Ι</em></span> <span class='ocrx_word' id='word_1_572' title='bbox 1974 1219 2120 1273; x_wconf 84' lang='lat' dir='ltr'><strong>gnem</strong></span> <span class='ocrx_word' id='word_1_573' title='bbox 2146 1208 2253 1260; x_wconf 79' lang='grc' dir='ltr'><strong>ι·εηὶ</strong></span> <span class='ocrx_word' id='word_1_574' title='bbox 2281 1211 2470 1264; x_wconf 87' lang='lat' dir='ltr'><strong>mittere</strong></span> <span class='ocrx_word' id='word_1_575' title='bbox 2491 1213 2543 1266; x_wconf 91' lang='lat' dir='ltr'><strong>in</strong></span> <span class='ocrx_word' id='word_1_576' title='bbox 2571 1222 2775 1283; x_wconf 87' lang='lat' dir='ltr'><strong>terram,</strong></span> <span class='ocrx_word' id='word_1_577' title='bbox 2798 1227 2843 1270; x_wconf 90' lang='lat' dir='ltr'><strong>et</strong></span> <span class='ocrx_word' id='word_1_578' title='bbox 2869 1220 2990 1288; x_wconf 84' lang='lat' dir='ltr'><strong>quid</strong></span> <span class='ocrx_word' id='word_1_579' title='bbox 3018 1201 3128 1276; x_wconf 81' lang='lat' dir='ltr'><strong>volo</strong></span> <span class='ocrx_word' id='word_1_580' title='bbox 3150 1225 3245 1280; x_wconf 86' lang='lat' dir='ltr'><strong>nisi</strong></span> <span class='ocrx_word' id='word_1_581' title='bbox 3270 1235 3321 1278; x_wconf 88' lang='lat' dir='ltr'><strong>ut</strong></span> <span class='ocrx_word' id='word_1_582' title='bbox 3345 1245 3521 1282; x_wconf 80' lang='lat' dir='ltr'><strong>accen-</strong></span> 
     </span>
    </p>
   </div>
   <div class='ocr_carea' id='block_1_71' title="bbox 1941 1292 3514 1385">
    <p class='ocr_par' dir='ltr' id='par_1_71' title="bbox 1941 1292 3514 1385">
     <span class='ocr_line' id='line_1_71' title="bbox 1941 1292 3514 1385; baseline 0.02 -43"><span class='ocrx_word' id='word_1_583' title='bbox 1941 1292 2090 1346; x_wconf 84' lang='lat' dir='ltr'><strong>datur</strong></span> <span class='ocrx_word' id='word_1_584' title='bbox 2115 1294 2134 1362; x_wconf 87' lang='lat'>(</span> <span class='ocrx_word' id='word_1_585' title='bbox 2158 1295 2278 1349; x_wconf 86' lang='lat' dir='ltr'><strong>an.</strong></span> <span class='ocrx_word' id='word_1_586' title='bbox 2311 1297 2394 1352; x_wconf 71' lang='lat'><strong>12.</strong></span> <span class='ocrx_word' id='word_1_587' title='bbox 2427 1299 2569 1372; x_wconf 71' lang='lat'><strong>49)?</strong></span> <span class='ocrx_word' id='word_1_588' title='bbox 2607 1303 2702 1359; x_wconf 84' lang='lat' dir='ltr'><strong>Hic</strong></span> <span class='ocrx_word' id='word_1_589' title='bbox 2735 1315 2907 1362; x_wconf 88' lang='lat' dir='ltr'><strong>autem</strong></span> <span class='ocrx_word' id='word_1_590' title='bbox 2937 1309 3001 1364; x_wconf 91' lang='lat' dir='ltr'><strong>de</strong></span> <span class='ocrx_word' id='word_1_591' title='bbox 3032 1312 3216 1367; x_wconf 84' lang='lat' dir='ltr'><strong>eodem</strong></span> <span class='ocrx_word' id='word_1_592' title='bbox 3264 1317 3480 1385; x_wconf 86' lang='lat' dir='ltr'><strong>loquens</strong></span> <span class='ocrx_word' id='word_1_593' title='bbox 3501 1361 3514 1383; x_wconf 92' lang='lat'><strong>,</strong></span> 
     </span>
    </p>
   </div>
   <div class='ocr_carea' id='block_1_72' title="bbox 1941 1388 3519 1469">
    <p class='ocr_par' dir='ltr' id='par_1_72' title="bbox 1941 1388 3519 1469">
     <span class='ocr_line' id='line_1_72' title="bbox 1941 1388 3519 1469; baseline 0.017 -32"><span class='ocrx_word' id='word_1_594' title='bbox 1941 1388 2206 1452; x_wconf 90' lang='lat' dir='ltr'><strong>quomodo</strong></span> <span class='ocrx_word' id='word_1_595' title='bbox 2230 1390 2297 1442; x_wconf 92' lang='lat' dir='ltr'><strong>sit</strong></span> <span class='ocrx_word' id='word_1_596' title='bbox 2321 1400 2569 1448; x_wconf 70' lang='lat' dir='ltr'><strong>venturus</strong></span> <span class='ocrx_word' id='word_1_597' title='bbox 2592 1396 2719 1451; x_wconf 87' lang='lat' dir='ltr'><strong>dicit</strong></span> <span class='ocrx_word' id='word_1_598' title='bbox 2751 1415 2764 1451; x_wconf 89' lang='lat'><strong>:</strong></span> <span class='ocrx_word' id='word_1_599' title='bbox 2801 1399 3072 1456; x_wconf 74' lang='lat' dir='ltr'><strong>Descende!</strong></span> <span class='ocrx_word' id='word_1_600' title='bbox 3098 1405 3227 1460; x_wconf 81' lang='lat' dir='ltr'><strong>sicut</strong></span> <span class='ocrx_word' id='word_1_601' title='bbox 3267 1409 3434 1469; x_wconf 81' lang='lat' dir='ltr'><strong>pluvia</strong></span> <span class='ocrx_word' id='word_1_602' title='bbox 3467 1413 3519 1463; x_wconf 85' lang='lat' dir='ltr'><strong>in</strong></span> 
     </span>
    </p>
   </div>
   <div class='ocr_carea' id='block_1_73' title="bbox 1940 1477 3516 1564">
    <p class='ocr_par' dir='ltr' id='par_1_73' title="bbox 1940 1477 3516 1564">
     <span class='ocr_line' id='line_1_73' title="bbox 1940 1477 3516 1564; baseline 0.015 -37"><span class='ocrx_word' id='word_1_603' title='bbox 1940 1477 2113 1542; x_wconf 78' lang='lat' dir='ltr'><strong>vellus,</strong></span> <span class='ocrx_word' id='word_1_604' title='bbox 2160 1489 2206 1532; x_wconf 88' lang='lat' dir='ltr'><strong>et</strong></span> <span class='ocrx_word' id='word_1_605' title='bbox 2255 1489 2506 1550; x_wconf 86' lang='lat' dir='ltr'><strong>tamquam</strong></span> <span class='ocrx_word' id='word_1_606' title='bbox 2550 1497 2690 1556; x_wconf 87' lang='lat' dir='ltr'><strong>gutta</strong></span> <span class='ocrx_word' id='word_1_607' title='bbox 2731 1505 2841 1558; x_wconf 72' lang='lat' dir='ltr'><strong>qua:</strong></span> <span class='ocrx_word' id='word_1_608' title='bbox 2879 1491 3089 1546; x_wconf 84' lang='lat' dir='ltr'><strong>distillat</strong></span> <span class='ocrx_word' id='word_1_609' title='bbox 3140 1511 3289 1564; x_wconf 84' lang='lat' dir='ltr'><strong>super</strong></span> <span class='ocrx_word' id='word_1_610' title='bbox 3334 1507 3516 1552; x_wconf 87' lang='lat' dir='ltr'><strong>terram</strong></span> 
     </span>
    </p>
   </div>
   <div class='ocr_carea' id='block_1_74' title="bbox 1945 1568 3518 1659">
    <p class='ocr_par' dir='ltr' id='par_1_74' title="bbox 1945 1568 3518 1659">
     <span class='ocr_line' id='line_1_74' title="bbox 1945 1568 3518 1659; baseline 0.016 -38"><span class='ocrx_word' id='word_1_611' title='bbox 1945 1568 1962 1637; x_wconf 92' lang='lat'><strong>(</strong></span> <span class='ocrx_word' id='word_1_612' title='bbox 1987 1569 2130 1624; x_wconf 82' lang='lat' dir='ltr'><strong>Psal.</strong></span> <span class='ocrx_word' id='word_1_613' title='bbox 2161 1573 2249 1628; x_wconf 85' lang='grc'><strong>71.</strong></span> <span class='ocrx_word' id='word_1_614' title='bbox 2278 1574 2365 1646; x_wconf 82' lang='grc' dir='ltr'><strong>ϐ).</strong></span> <span class='ocrx_word' id='word_1_615' title='bbox 2399 1576 2521 1632; x_wconf 70' lang='lat' dir='ltr'><strong>llaec</strong></span> <span class='ocrx_word' id='word_1_616' title='bbox 2545 1579 2685 1646; x_wconf 90' lang='lat' dir='ltr'><strong>dico,</strong></span> <span class='ocrx_word' id='word_1_617' title='bbox 2711 1591 2766 1634; x_wconf 90' lang='lat' dir='ltr'><strong>ut</strong></span> <span class='ocrx_word' id='word_1_618' title='bbox 2794 1584 2976 1637; x_wconf 89' lang='lat' dir='ltr'><strong>attenti</strong></span> <span class='ocrx_word' id='word_1_619' title='bbox 3004 1586 3118 1640; x_wconf 77' lang='lat' dir='ltr'><strong>sitis</strong></span> <span class='ocrx_word' id='word_1_620' title='bbox 3140 1597 3194 1641; x_wconf 88' lang='lat' dir='ltr'><strong>et</strong></span> <span class='ocrx_word' id='word_1_621' title='bbox 3218 1590 3518 1659; x_wconf 78' lang='lat' dir='ltr'><strong>vigilantes,</strong></span> 
     </span>
    </p>
   </div>
   <div class='ocr_carea' id='block_1_75' title="bbox 1940 1665 3516 1744">
    <p class='ocr_par' dir='ltr' id='par_1_75' title="bbox 1940 1665 3516 1744">
     <span class='ocr_line' id='line_1_75' title="bbox 1940 1665 3516 1744; baseline 0.011 -29"><span class='ocrx_word' id='word_1_622' title='bbox 1940 1670 1993 1715; x_wconf 88' lang='lat' dir='ltr'><strong>ct</strong></span> <span class='ocrx_word' id='word_1_623' title='bbox 2013 1677 2129 1731; x_wconf 72' lang='lat' dir='ltr'><strong>qua:</strong></span> <span class='ocrx_word' id='word_1_624' title='bbox 2152 1679 2213 1717; x_wconf 80' lang='lat' dir='ltr'><strong>ex</strong></span> <span class='ocrx_word' id='word_1_625' title='bbox 2246 1665 2565 1723; x_wconf 90' lang='lat' dir='ltr'><strong>dictionibus</strong></span> <span class='ocrx_word' id='word_1_626' title='bbox 2594 1670 2960 1739; x_wconf 86' lang='lat' dir='ltr'><strong>signiﬁcantur</strong></span> <span class='ocrx_word' id='word_1_627' title='bbox 2989 1674 3267 1744; x_wconf 83' lang='lat' dir='ltr'><strong>diligenter</strong></span> <span class='ocrx_word' id='word_1_628' title='bbox 3298 1694 3516 1734; x_wconf 88' lang='lat' dir='ltr'><strong>sumen-</strong></span> 
     </span>
    </p>
   </div>
   <div class='ocr_carea' id='block_1_76' title="bbox 1942 1755 3516 1828">
    <p class='ocr_par' dir='ltr' id='par_1_76' title="bbox 1942 1755 3516 1828">
     <span class='ocr_line' id='line_1_76' title="bbox 1942 1755 3516 1828; baseline 0.013 -23"><span class='ocrx_word' id='word_1_629' title='bbox 1942 1760 2041 1819; x_wconf 89' lang='lat' dir='ltr'><strong>tes,</strong></span> <span class='ocrx_word' id='word_1_630' title='bbox 2073 1755 2289 1810; x_wconf 86' lang='lat' dir='ltr'><strong>solvatis</strong></span> <span class='ocrx_word' id='word_1_631' title='bbox 2319 1758 2456 1828; x_wconf 91' lang='lat' dir='ltr'><strong>apud</strong></span> <span class='ocrx_word' id='word_1_632' title='bbox 2478 1774 2571 1814; x_wconf 89' lang='lat' dir='ltr'><strong>vos</strong></span> <span class='ocrx_word' id='word_1_633' title='bbox 2600 1760 3000 1818; x_wconf 86' lang='lat' dir='ltr'><strong>dubitationem.</strong></span> <span class='ocrx_word' id='word_1_634' title='bbox 3037 1766 3159 1822; x_wconf 72' lang='lat' dir='ltr'><strong>Hmc</strong></span> <span class='ocrx_word' id='word_1_635' title='bbox 3183 1769 3324 1823; x_wconf 87' lang='lat' dir='ltr'><strong>enim</strong></span> <span class='ocrx_word' id='word_1_636' title='bbox 3350 1775 3516 1825; x_wconf 90' lang='lat' dir='ltr'><strong>nomi-</strong></span> 
     </span>
    </p>
   </div>
   <div class='ocr_carea' id='block_1_77' title="bbox 1941 1848 3518 1932">
    <p class='ocr_par' dir='ltr' id='par_1_77' title="bbox 1941 1848 3518 1932">
     <span class='ocr_line' id='line_1_77' title="bbox 1941 1848 3518 1932; baseline 0.013 -35"><span class='ocrx_word' id='word_1_637' title='bbox 1941 1860 2005 1898; x_wconf 86' lang='lat' dir='ltr'><strong>na</strong></span> <span class='ocrx_word' id='word_1_638' title='bbox 2036 1848 2331 1916; x_wconf 88' lang='lat' dir='ltr'><strong>signiﬁcant</strong></span> <span class='ocrx_word' id='word_1_639' title='bbox 2355 1849 2468 1920; x_wconf 90' lang='lat' dir='ltr'><strong>ejus</strong></span> <span class='ocrx_word' id='word_1_640' title='bbox 2492 1853 2850 1921; x_wconf 70' lang='lat' dir='ltr'><strong>operatiotxes.</strong></span> <span class='ocrx_word' id='word_1_641' title='bbox 2905 1855 2975 1908; x_wconf 89' lang='lat' dir='ltr'><strong>Ita</strong></span> <span class='ocrx_word' id='word_1_642' title='bbox 3020 1872 3147 1928; x_wconf 88' lang='lat' dir='ltr'><strong>ergo</strong></span> <span class='ocrx_word' id='word_1_643' title='bbox 3188 1858 3273 1914; x_wconf 91' lang='lat' dir='ltr'><strong>hic</strong></span> <span class='ocrx_word' id='word_1_644' title='bbox 3309 1877 3518 1932; x_wconf 85' lang='lat' dir='ltr'><strong>quoque</strong></span> 
     </span>
    </p>
   </div>
   <div class='ocr_carea' id='block_1_78' title="bbox 1939 1940 3514 2017">
    <p class='ocr_par' dir='ltr' id='par_1_78' title="bbox 1939 1940 3514 2017">
     <span class='ocr_line' id='line_1_78' title="bbox 1939 1940 3514 2017; baseline 0.008 -27"><span class='ocrx_word' id='word_1_645' title='bbox 1939 1951 2056 1990; x_wconf 89' lang='lat' dir='ltr'><strong>cum</strong></span> <span class='ocrx_word' id='word_1_646' title='bbox 2084 1940 2315 1994; x_wconf 88' lang='lat' dir='ltr'><strong>audieris</strong></span> <span class='ocrx_word' id='word_1_647' title='bbox 2343 1957 2357 1994; x_wconf 92' lang='lat'><strong>:</strong></span> <span class='ocrx_word' id='word_1_648' title='bbox 2392 1942 2661 2012; x_wconf 83' lang='lat' dir='ltr'><strong>Accingere</strong></span> <span class='ocrx_word' id='word_1_649' title='bbox 2682 1944 2854 2015; x_wconf 85' lang='lat' dir='ltr'><strong>gladio</strong></span> <span class='ocrx_word' id='word_1_650' title='bbox 2877 1955 2962 1998; x_wconf 90' lang='lat' dir='ltr'><strong>tuo</strong></span> <span class='ocrx_word' id='word_1_651' title='bbox 2991 1963 3140 2016; x_wconf 85' lang='lat' dir='ltr'><strong>super</strong></span> <span class='ocrx_word' id='word_1_652' title='bbox 3163 1948 3326 2017; x_wconf 79' lang='lat' dir='ltr'><strong>femur</strong></span> <span class='ocrx_word' id='word_1_653' title='bbox 3355 1961 3514 2016; x_wconf 87' lang='lat' dir='ltr'><strong>tuum,</strong></span> 
     </span>
    </p>
   </div>
   <div class='ocr_carea' id='block_1_79' title="bbox 1939 2031 3515 2109">
    <p class='ocr_par' dir='ltr' id='par_1_79' title="bbox 1939 2031 3515 2109">
     <span class='ocr_line' id='line_1_79' title="bbox 1939 2031 3515 2109; baseline 0.011 -28"><span class='ocrx_word' id='word_1_654' title='bbox 1939 2031 2276 2098; x_wconf 83' lang='lat' dir='ltr'><strong>potentissime</strong></span> <span class='ocrx_word' id='word_1_655' title='bbox 2300 2073 2313 2097; x_wconf 91' lang='lat'><strong>,</strong></span> <span class='ocrx_word' id='word_1_656' title='bbox 2359 2033 2599 2087; x_wconf 84' lang='lat' dir='ltr'><strong>existima</strong></span> <span class='ocrx_word' id='word_1_657' title='bbox 2625 2051 2745 2090; x_wconf 87' lang='lat' dir='ltr'><strong>esse</strong></span> <span class='ocrx_word' id='word_1_658' title='bbox 2771 2051 2962 2092; x_wconf 88' lang='lat' dir='ltr'><strong>nomen</strong></span> <span class='ocrx_word' id='word_1_659' title='bbox 2994 2038 3110 2106; x_wconf 86' lang='lat' dir='ltr'><strong>ejus</strong></span> <span class='ocrx_word' id='word_1_660' title='bbox 3148 2041 3470 2109; x_wconf 80' lang='lat' dir='ltr'><strong>Operationis</strong></span> <span class='ocrx_word' id='word_1_661' title='bbox 3501 2062 3515 2100; x_wconf 89' lang='lat'><strong>:</strong></span> 
     </span>
    </p>
   </div>
   <div class='ocr_carea' id='block_1_80' title="bbox 1939 2120 3515 2194">
    <p class='ocr_par' dir='ltr' id='par_1_80' title="bbox 1939 2120 3515 2194">
     <span class='ocr_line' id='line_1_80' title="bbox 1939 2120 3515 2194; baseline 0.01 -22"><span class='ocrx_word' id='word_1_662' title='bbox 1939 2120 2010 2172; x_wconf 90' lang='lat' dir='ltr'><strong>ita</strong></span> <span class='ocrx_word' id='word_1_663' title='bbox 2065 2121 2225 2174; x_wconf 89' lang='lat' dir='ltr'><strong>etiam</strong></span> <span class='ocrx_word' id='word_1_664' title='bbox 2252 2137 2406 2176; x_wconf 85' lang='lat' dir='ltr'><strong>arcus</strong></span> <span class='ocrx_word' id='word_1_665' title='bbox 2461 2131 2516 2178; x_wconf 89' lang='lat' dir='ltr'><strong>et</strong></span> <span class='ocrx_word' id='word_1_666' title='bbox 2566 2125 2804 2194; x_wconf 83' lang='lat' dir='ltr'><strong>sagittas.</strong></span> <span class='ocrx_word' id='word_1_667' title='bbox 2859 2126 3314 2193; x_wconf 80' lang='lat' dir='ltr'><strong>Quemadmodum</strong></span> <span class='ocrx_word' id='word_1_668' title='bbox 3375 2134 3515 2188; x_wconf 89' lang='lat' dir='ltr'><strong>enim</strong></span> 
     </span>
    </p>
   </div>
   <div class='ocr_carea' id='block_1_81' title="bbox 1939 2207 3514 2287">
    <p class='ocr_par' dir='ltr' id='par_1_81' title="bbox 1939 2207 3514 2287">
     <span class='ocr_line' id='line_1_81' title="bbox 1939 2207 3514 2287; baseline 0.011 -25"><span class='ocrx_word' id='word_1_669' title='bbox 1939 2207 2208 2277; x_wconf 86' lang='lat' dir='ltr'><strong>Scriptura</strong></span> <span class='ocrx_word' id='word_1_670' title='bbox 2233 2211 2361 2265; x_wconf 89' lang='lat' dir='ltr'><strong>dicit</strong></span> <span class='ocrx_word' id='word_1_671' title='bbox 2387 2212 2548 2267; x_wconf 88' lang='lat' dir='ltr'><strong>Deum</strong></span> <span class='ocrx_word' id='word_1_672' title='bbox 2573 2214 2748 2281; x_wconf 84' lang='lat' dir='ltr'><strong>irasci,</strong></span> <span class='ocrx_word' id='word_1_673' title='bbox 2781 2231 2886 2269; x_wconf 93' lang='lat' dir='ltr'><strong>non</strong></span> <span class='ocrx_word' id='word_1_674' title='bbox 2914 2219 3367 2287; x_wconf 87' lang='lat' dir='ltr'><strong>perturbationem</strong></span> <span class='ocrx_word' id='word_1_675' title='bbox 3400 2227 3514 2278; x_wconf 88' lang='lat' dir='ltr'><strong>ani-</strong></span> 
     </span>
    </p>
   </div>
   <div class='ocr_carea' id='block_1_82' title="bbox 1942 2300 3516 2387">
    <p class='ocr_par' dir='ltr' id='par_1_82' title="bbox 1942 2300 3516 2387">
     <span class='ocr_line' id='line_1_82' title="bbox 1942 2300 3516 2387; baseline 0.011 -34"><span class='ocrx_word' id='word_1_676' title='bbox 1942 2300 2013 2353; x_wconf 91' lang='lat' dir='ltr'><strong>mi</strong></span> <span class='ocrx_word' id='word_1_677' title='bbox 2036 2301 2083 2355; x_wconf 89' lang='lat' dir='ltr'><strong>ei</strong></span> <span class='ocrx_word' id='word_1_678' title='bbox 2108 2302 2360 2368; x_wconf 84' lang='lat' dir='ltr'><strong>tribuens,</strong></span> <span class='ocrx_word' id='word_1_679' title='bbox 2394 2303 2490 2358; x_wconf 90' lang='lat' dir='ltr'><strong>sed</strong></span> <span class='ocrx_word' id='word_1_680' title='bbox 2516 2320 2612 2387; x_wconf 84' lang='lat' dir='ltr'><strong>per</strong></span> <span class='ocrx_word' id='word_1_681' title='bbox 2639 2306 2773 2361; x_wconf 91' lang='lat' dir='ltr'><strong>hanc</strong></span> <span class='ocrx_word' id='word_1_682' title='bbox 2794 2307 3102 2377; x_wconf 86' lang='lat' dir='ltr'><strong>dictionem,</strong></span> <span class='ocrx_word' id='word_1_683' title='bbox 3131 2312 3372 2368; x_wconf 87' lang='lat' dir='ltr'><strong>ultricem</strong></span> <span class='ocrx_word' id='word_1_684' title='bbox 3400 2316 3516 2385; x_wconf 84' lang='lat' dir='ltr'><strong>ejus</strong></span> 
     </span>
    </p>
   </div>
   <div class='ocr_carea' id='block_1_83' title="bbox 1937 2395 3514 2471">
    <p class='ocr_par' dir='ltr' id='par_1_83' title="bbox 1937 2395 3514 2471">
     <span class='ocr_line' id='line_1_83' title="bbox 1937 2395 3514 2471; baseline 0.011 -24"><span class='ocrx_word' id='word_1_685' title='bbox 1937 2395 2298 2463; x_wconf 86' lang='lat' dir='ltr'><strong>operationem</strong></span> <span class='ocrx_word' id='word_1_686' title='bbox 2326 2399 2610 2452; x_wconf 88' lang='lat' dir='ltr'><strong>ostendens</strong></span> <span class='ocrx_word' id='word_1_687' title='bbox 2631 2441 2643 2464; x_wconf 91' lang='lat'><strong>,</strong></span> <span class='ocrx_word' id='word_1_688' title='bbox 2675 2411 2730 2455; x_wconf 90' lang='lat' dir='ltr'><strong>et</strong></span> <span class='ocrx_word' id='word_1_689' title='bbox 2757 2418 2873 2471; x_wconf 66' lang='lat' dir='ltr'><strong>qua:</strong></span> <span class='ocrx_word' id='word_1_690' title='bbox 2904 2414 3024 2457; x_wconf 91' lang='lat' dir='ltr'><strong>sunt</strong></span> <span class='ocrx_word' id='word_1_691' title='bbox 3063 2407 3326 2463; x_wconf 89' lang='lat' dir='ltr'><strong>crassiora</strong></span> <span class='ocrx_word' id='word_1_692' title='bbox 3354 2411 3514 2463; x_wconf 88' lang='lat' dir='ltr'><strong>attin-</strong></span> 
     </span>
    </p>
   </div>
   <div class='ocr_carea' id='block_1_84' title="bbox 1936 2487 3516 2567">
    <p class='ocr_par' dir='ltr' id='par_1_84' title="bbox 1936 2487 3516 2567">
     <span class='ocr_line' id='line_1_84' title="bbox 1936 2487 3516 2567; baseline 0.009 -27"><span class='ocrx_word' id='word_1_693' title='bbox 1936 2501 2069 2554; x_wconf 83' lang='lat' dir='ltr'><strong>gens</strong></span> <span class='ocrx_word' id='word_1_694' title='bbox 2097 2503 2110 2539; x_wconf 91' lang='lat'>:</span> <span class='ocrx_word' id='word_1_695' title='bbox 2142 2487 2209 2541; x_wconf 90' lang='lat' dir='ltr'><strong>ita</strong></span> <span class='ocrx_word' id='word_1_696' title='bbox 2230 2487 2454 2557; x_wconf 84' lang='lat' dir='ltr'><strong>idipsunt</strong></span> <span class='ocrx_word' id='word_1_697' title='bbox 2478 2491 2738 2560; x_wconf 82' lang='lat' dir='ltr'><strong>signiﬁcat</strong></span> <span class='ocrx_word' id='word_1_698' title='bbox 2759 2508 2884 2560; x_wconf 45' lang='lat' dir='ltr'><strong>.cum</strong></span> <span class='ocrx_word' id='word_1_699' title='bbox 2911 2509 3057 2549; x_wconf 87' lang='lat' dir='ltr'><strong>arma</strong></span> <span class='ocrx_word' id='word_1_700' title='bbox 3081 2510 3358 2553; x_wconf 86' lang='lat' dir='ltr'><strong>memorat.</strong></span> <span class='ocrx_word' id='word_1_701' title='bbox 3384 2502 3516 2567; x_wconf 90' lang='lat' dir='ltr'><strong>Quia</strong></span> 
     </span>
    </p>
   </div>
   <div class='ocr_carea' id='block_1_85' title="bbox 1937 2577 3516 2660">
    <p class='ocr_par' dir='ltr' id='par_1_85' title="bbox 1937 2577 3516 2660">
     <span class='ocr_line' id='line_1_85' title="bbox 1937 2577 3516 2660; baseline 0.011 -30"><span class='ocrx_word' id='word_1_702' title='bbox 1937 2577 2079 2632; x_wconf 87' lang='lat' dir='ltr'><strong>enim</strong></span> <span class='ocrx_word' id='word_1_703' title='bbox 2103 2592 2209 2632; x_wconf 91' lang='lat' dir='ltr'><strong>non</strong></span> <span class='ocrx_word' id='word_1_704' title='bbox 2237 2593 2331 2648; x_wconf 90' lang='lat' dir='ltr'><strong>per</strong></span> <span class='ocrx_word' id='word_1_705' title='bbox 2356 2581 2599 2650; x_wconf 90' lang='lat' dir='ltr'><strong>nosipsos</strong></span> <span class='ocrx_word' id='word_1_706' title='bbox 2618 2624 2632 2647; x_wconf 90' lang='lat'><strong>,</strong></span> <span class='ocrx_word' id='word_1_707' title='bbox 2665 2582 2756 2636; x_wconf 90' lang='lat' dir='ltr'><strong>sed</strong></span> <span class='ocrx_word' id='word_1_708' title='bbox 2790 2599 2883 2653; x_wconf 91' lang='lat' dir='ltr'><strong>per</strong></span> <span class='ocrx_word' id='word_1_709' title='bbox 2907 2585 3006 2638; x_wconf 89' lang='lat' dir='ltr'><strong>alia</strong></span> <span class='ocrx_word' id='word_1_710' title='bbox 3037 2586 3384 2643; x_wconf 86' lang='lat' dir='ltr'><strong>instrumenta</strong></span> <span class='ocrx_word' id='word_1_711' title='bbox 3416 2608 3516 2660; x_wconf 86' lang='lat' dir='ltr'><strong>pu-</strong></span> 
     </span>
    </p>
   </div>
   <div class='ocr_carea' id='block_1_86' title="bbox 1941 2670 3514 2747">
    <p class='ocr_par' dir='ltr' id='par_1_86' title="bbox 1941 2670 3514 2747">
     <span class='ocr_line' id='line_1_86' title="bbox 1941 2670 3514 2747; baseline 0.009 -25"><span class='ocrx_word' id='word_1_712' title='bbox 1941 2670 2138 2736; x_wconf 90' lang='lat' dir='ltr'><strong>nimur,</strong></span> <span class='ocrx_word' id='word_1_713' title='bbox 2166 2671 2350 2724; x_wconf 89' lang='lat' dir='ltr'><strong>volens</strong></span> <span class='ocrx_word' id='word_1_714' title='bbox 2374 2672 2488 2740; x_wconf 86' lang='lat' dir='ltr'><strong>ejus</strong></span> <span class='ocrx_word' id='word_1_715' title='bbox 2514 2673 2766 2741; x_wconf 88' lang='lat' dir='ltr'><strong>puniendi</strong></span> <span class='ocrx_word' id='word_1_716' title='bbox 2791 2676 3072 2731; x_wconf 85' lang='lat' dir='ltr'><strong>ostendere</strong></span> <span class='ocrx_word' id='word_1_717' title='bbox 3101 2679 3433 2747; x_wconf 90' lang='lat' dir='ltr'><strong>facultatem,</strong></span> <span class='ocrx_word' id='word_1_718' title='bbox 3464 2683 3514 2737; x_wconf 84' lang='lat' dir='ltr'><strong>id</strong></span> 
     </span>
    </p>
   </div>
   <div class='ocr_carea' id='block_1_87' title="bbox 1937 2763 3517 2836">
    <p class='ocr_par' dir='ltr' id='par_1_87' title="bbox 1937 2763 3517 2836">
     <span class='ocr_line' id='line_1_87' title="bbox 1937 2763 3517 2836; baseline 0.009 -21"><span class='ocrx_word' id='word_1_719' title='bbox 1937 2777 2032 2832; x_wconf 89' lang='lat' dir='ltr'><strong>per</strong></span> <span class='ocrx_word' id='word_1_720' title='bbox 2055 2763 2266 2818; x_wconf 89' lang='lat' dir='ltr'><strong>nomina</strong></span> <span class='ocrx_word' id='word_1_721' title='bbox 2288 2764 2439 2819; x_wconf 91' lang='lat' dir='ltr'><strong>nobis</strong></span> <span class='ocrx_word' id='word_1_722' title='bbox 2459 2773 2582 2819; x_wconf 88' lang='lat' dir='ltr'><strong>nota</strong></span> <span class='ocrx_word' id='word_1_723' title='bbox 2603 2765 2934 2836; x_wconf 87' lang='lat' dir='ltr'><strong>signiﬁcavit,</strong></span> <span class='ocrx_word' id='word_1_724' title='bbox 2954 2784 3058 2824; x_wconf 91' lang='lat' dir='ltr'><strong>non</strong></span> <span class='ocrx_word' id='word_1_725' title='bbox 3087 2779 3146 2824; x_wconf 91' lang='lat' dir='ltr'><strong>ut</strong></span> <span class='ocrx_word' id='word_1_726' title='bbox 3164 2785 3308 2826; x_wconf 85' lang='lat' dir='ltr'><strong>arma</strong></span> <span class='ocrx_word' id='word_1_727' title='bbox 3332 2774 3382 2826; x_wconf 92' lang='lat' dir='ltr'><strong>iu</strong></span> <span class='ocrx_word' id='word_1_728' title='bbox 3407 2773 3517 2830; x_wconf 89' lang='lat' dir='ltr'><strong>Deo</strong></span> 
     </span>
    </p>
   </div>
   <div class='ocr_carea' id='block_1_88' title="bbox 1935 2857 3516 2933">
    <p class='ocr_par' dir='ltr' id='par_1_88' title="bbox 1935 2857 3516 2933">
     <span class='ocr_line' id='line_1_88' title="bbox 1935 2857 3516 2933; baseline 0.007 -24"><span class='ocrx_word' id='word_1_729' title='bbox 1935 2857 2266 2925; x_wconf 84' lang='lat' dir='ltr'><strong>cogitemus,</strong></span> <span class='ocrx_word' id='word_1_730' title='bbox 2299 2857 2393 2912; x_wconf 89' lang='lat' dir='ltr'><strong>sed</strong></span> <span class='ocrx_word' id='word_1_731' title='bbox 2419 2867 2477 2911; x_wconf 91' lang='lat' dir='ltr'><strong>ut</strong></span> <span class='ocrx_word' id='word_1_732' title='bbox 2501 2858 2881 2928; x_wconf 87' lang='lat' dir='ltr'><strong>signiﬁcantius</strong></span> <span class='ocrx_word' id='word_1_733' title='bbox 2923 2870 2978 2916; x_wconf 93' lang='lat' dir='ltr'><strong>et</strong></span> <span class='ocrx_word' id='word_1_734' title='bbox 3017 2877 3137 2916; x_wconf 90' lang='lat' dir='ltr'><strong>cum</strong></span> <span class='ocrx_word' id='word_1_735' title='bbox 3187 2865 3376 2933; x_wconf 88' lang='lat' dir='ltr'><strong>majori</strong></span> <span class='ocrx_word' id='word_1_736' title='bbox 3403 2881 3516 2920; x_wconf 70' lang='lat' dir='ltr'><strong>cm~</strong></span> 
     </span>
    </p>
   </div>
   <div class='ocr_carea' id='block_1_89' title="bbox 1935 2947 3514 3024">
    <p class='ocr_par' dir='ltr' id='par_1_89' title="bbox 1935 2947 3514 3024">
     <span class='ocr_line' id='line_1_89' title="bbox 1935 2947 3514 3024; baseline 0.008 -25"><span class='ocrx_word' id='word_1_737' title='bbox 1935 2947 2087 3021; x_wconf 78' lang='lat' dir='ltr'><strong>phasj</strong></span> <span class='ocrx_word' id='word_1_738' title='bbox 2110 2948 2228 3018; x_wconf 88' lang='lat' dir='ltr'><strong>ejus</strong></span> <span class='ocrx_word' id='word_1_739' title='bbox 2257 2949 2509 3004; x_wconf 90' lang='lat' dir='ltr'><strong>ultionem</strong></span> <span class='ocrx_word' id='word_1_740' title='bbox 2538 2951 2832 3006; x_wconf 88' lang='lat' dir='ltr'><strong>audiamus.</strong></span> <span class='ocrx_word' id='word_1_741' title='bbox 2865 2953 2935 3006; x_wconf 90' lang='lat' dir='ltr'><strong>At</strong></span> <span class='ocrx_word' id='word_1_742' title='bbox 2960 2953 3132 3022; x_wconf 88' lang='lat' dir='ltr'><strong>multi,</strong></span> <span class='ocrx_word' id='word_1_743' title='bbox 3178 2953 3383 3024; x_wconf 90' lang='lat' dir='ltr'><strong>inquies</strong></span> <span class='ocrx_word' id='word_1_744' title='bbox 3407 2996 3421 3020; x_wconf 92' lang='lat'><strong>,</strong></span> <span class='ocrx_word' id='word_1_745' title='bbox 3448 2973 3514 3012; x_wconf 75' lang='lat' dir='ltr'><strong>ex</strong></span> 
     </span>
    </p>
   </div>
   <div class='ocr_carea' id='block_1_90' title="bbox 1937 3041 3512 3116">
    <p class='ocr_par' dir='ltr' id='par_1_90' title="bbox 1937 3041 3512 3116">
     <span class='ocr_line' id='line_1_90' title="bbox 1937 3041 3512 3116; baseline 0.005 -21"><span class='ocrx_word' id='word_1_746' title='bbox 1937 3041 2040 3096; x_wconf 89' lang='lat' dir='ltr'><strong>hoc</strong></span> <span class='ocrx_word' id='word_1_747' title='bbox 2069 3042 2183 3096; x_wconf 92' lang='lat' dir='ltr'><strong>loco</strong></span> <span class='ocrx_word' id='word_1_748' title='bbox 2210 3041 2320 3097; x_wconf 77' lang='lat' dir='ltr'><strong>lzesi</strong></span> <span class='ocrx_word' id='word_1_749' title='bbox 2349 3053 2508 3096; x_wconf 90' lang='lat' dir='ltr'><strong>sunt:</strong></span> <span class='ocrx_word' id='word_1_750' title='bbox 2536 3043 2630 3098; x_wconf 92' lang='lat' dir='ltr'><strong>sed</strong></span> <span class='ocrx_word' id='word_1_751' title='bbox 2661 3052 2879 3110; x_wconf 91' lang='lat' dir='ltr'><strong>temere,</strong></span> <span class='ocrx_word' id='word_1_752' title='bbox 2909 3053 2964 3100; x_wconf 88' lang='lat' dir='ltr'><strong>et</strong></span> <span class='ocrx_word' id='word_1_753' title='bbox 2983 3061 3011 3099; x_wconf 91' lang='lat' dir='ltr'><strong>a</strong></span> <span class='ocrx_word' id='word_1_754' title='bbox 3035 3047 3246 3116; x_wconf 89' lang='lat' dir='ltr'><strong>propria</strong></span> <span class='ocrx_word' id='word_1_755' title='bbox 3270 3049 3512 3104; x_wconf 87' lang='lat' dir='ltr'><strong>inscitia:</strong></span> 
     </span>
    </p>
   </div>
   <div class='ocr_carea' id='block_1_91' title="bbox 1935 3135 3516 3206">
    <p class='ocr_par' dir='ltr' id='par_1_91' title="bbox 1935 3135 3516 3206">
     <span class='ocr_line' id='line_1_91' title="bbox 1935 3135 3516 3206; baseline 0.004 -18"><span class='ocrx_word' id='word_1_756' title='bbox 1935 3149 2056 3188; x_wconf 88' lang='lat' dir='ltr'><strong>cum</strong></span> <span class='ocrx_word' id='word_1_757' title='bbox 2088 3135 2228 3189; x_wconf 91' lang='lat' dir='ltr'><strong>enim</strong></span> <span class='ocrx_word' id='word_1_758' title='bbox 2263 3135 2428 3188; x_wconf 90' lang='lat' dir='ltr'><strong>Deum</strong></span> <span class='ocrx_word' id='word_1_759' title='bbox 2449 3135 2712 3202; x_wconf 88' lang='lat' dir='ltr'><strong>audirent,</strong></span> <span class='ocrx_word' id='word_1_760' title='bbox 2745 3135 3009 3191; x_wconf 91' lang='lat' dir='ltr'><strong>debebant</strong></span> <span class='ocrx_word' id='word_1_761' title='bbox 3033 3137 3334 3206; x_wconf 84' lang='lat' dir='ltr'><strong>intelligere</strong></span> <span class='ocrx_word' id='word_1_762' title='bbox 3355 3138 3409 3193; x_wconf 90' lang='lat' dir='ltr'><strong>id</strong></span> <span class='ocrx_word' id='word_1_763' title='bbox 3435 3139 3516 3194; x_wconf 90' lang='lat' dir='ltr'><strong>di-</strong></span> 
     </span>
    </p>
   </div>
   <div class='ocr_carea' id='block_1_92' title="bbox 1942 3228 3514 3301">
    <p class='ocr_par' dir='ltr' id='par_1_92' title="bbox 1942 3228 3514 3301">
     <span class='ocr_line' id='line_1_92' title="bbox 1942 3228 3514 3301; baseline 0.006 -21"><span class='ocrx_word' id='word_1_764' title='bbox 1942 3236 2086 3280; x_wconf 88' lang='lat' dir='ltr'><strong>ctum</strong></span> <span class='ocrx_word' id='word_1_765' title='bbox 2117 3241 2234 3282; x_wconf 87' lang='lat' dir='ltr'><strong>esse</strong></span> <span class='ocrx_word' id='word_1_766' title='bbox 2265 3228 2466 3298; x_wconf 91' lang='lat' dir='ltr'><strong>tropice</strong></span> <span class='ocrx_word' id='word_1_767' title='bbox 2489 3238 2542 3283; x_wconf 91' lang='lat' dir='ltr'><strong>ct</strong></span> <span class='ocrx_word' id='word_1_768' title='bbox 2573 3229 2790 3299; x_wconf 87' lang='lat' dir='ltr'><strong>ﬁgurate</strong></span> <span class='ocrx_word' id='word_1_769' title='bbox 2815 3245 2828 3282; x_wconf 90' lang='lat'><strong>:</strong></span> <span class='ocrx_word' id='word_1_770' title='bbox 2858 3245 2998 3285; x_wconf 91' lang='lat' dir='ltr'><strong>nunc</strong></span> <span class='ocrx_word' id='word_1_771' title='bbox 3019 3244 3145 3285; x_wconf 85' lang='lat' dir='ltr'><strong>vero</strong></span> <span class='ocrx_word' id='word_1_772' title='bbox 3173 3246 3272 3286; x_wconf 89' lang='lat' dir='ltr'><strong>nec</strong></span> <span class='ocrx_word' id='word_1_773' title='bbox 3299 3246 3392 3301; x_wconf 87' lang='lat' dir='ltr'><strong>per</strong></span> <span class='ocrx_word' id='word_1_774' title='bbox 3410 3234 3514 3292; x_wconf 87' lang='lat' dir='ltr'><strong>alia</strong></span> 
     </span>
    </p>
   </div>
   <div class='ocr_carea' id='block_1_93' title="bbox 1933 3315 3512 3388">
    <p class='ocr_par' dir='ltr' id='par_1_93' title="bbox 1933 3315 3512 3388">
     <span class='ocr_line' id='line_1_93' title="bbox 1933 3315 3512 3388; baseline 0.006 -19"><span class='ocrx_word' id='word_1_775' title='bbox 1933 3315 2148 3385; x_wconf 89' lang='lat' dir='ltr'><strong>quidem</strong></span> <span class='ocrx_word' id='word_1_776' title='bbox 2194 3319 2355 3375; x_wconf 84' lang='lat' dir='ltr'><strong>verba</strong></span> <span class='ocrx_word' id='word_1_777' title='bbox 2397 3319 2627 3388; x_wconf 85' lang='lat' dir='ltr'><strong>neglexit</strong></span> <span class='ocrx_word' id='word_1_778' title='bbox 2670 3318 2941 3388; x_wconf 90' lang='lat' dir='ltr'><strong>Scriptura</strong></span> <span class='ocrx_word' id='word_1_779' title='bbox 2985 3333 3079 3375; x_wconf 89' lang='lat' dir='ltr'><strong>eos</strong></span> <span class='ocrx_word' id='word_1_780' title='bbox 3123 3319 3318 3377; x_wconf 90' lang='lat' dir='ltr'><strong>docere</strong></span> <span class='ocrx_word' id='word_1_781' title='bbox 3348 3322 3512 3378; x_wconf 91' lang='lat' dir='ltr'><strong>Deum</strong></span> 
     </span>
    </p>
   </div>
   <div class='ocr_carea' id='block_1_94' title="bbox 1934 3409 3508 3481">
    <p class='ocr_par' dir='ltr' id='par_1_94' title="bbox 1934 3409 3508 3481">
     <span class='ocr_line' id='line_1_94' title="bbox 1934 3409 3508 3481; baseline 0 -13"><span class='ocrx_word' id='word_1_782' title='bbox 1934 3429 2052 3469; x_wconf 89' lang='lat' dir='ltr'><strong>esse</strong></span> <span class='ocrx_word' id='word_1_783' title='bbox 2091 3411 2456 3481; x_wconf 86' lang='lat' dir='ltr'><strong>impatibilem.</strong></span> <span class='ocrx_word' id='word_1_784' title='bbox 2509 3409 2645 3464; x_wconf 86' lang='lat' dir='ltr'><strong>Audi</strong></span> <span class='ocrx_word' id='word_1_785' title='bbox 2695 3425 2822 3481; x_wconf 87' lang='lat' dir='ltr'><strong>ergo</strong></span> <span class='ocrx_word' id='word_1_786' title='bbox 2858 3411 3126 3481; x_wconf 89' lang='lat' dir='ltr'><strong>quomodo</strong></span> <span class='ocrx_word' id='word_1_787' title='bbox 3166 3413 3290 3468; x_wconf 92' lang='lat' dir='ltr'><strong>alibi</strong></span> <span class='ocrx_word' id='word_1_788' title='bbox 3326 3413 3508 3480; x_wconf 84' lang='lat' dir='ltr'><strong>docet,</strong></span> 
     </span>
    </p>
   </div>
   <div class='ocr_carea' id='block_1_95' title="bbox 1935 3501 3536 3573">
    <p class='ocr_par' dir='ltr' id='par_1_95' title="bbox 1935 3501 3536 3573">
     <span class='ocr_line' id='line_1_95' title="bbox 1935 3501 3536 3573; baseline 0.003 -17"><span class='ocrx_word' id='word_1_789' title='bbox 1935 3519 2090 3573; x_wconf 89' lang='lat' dir='ltr'><strong>quam</strong></span> <span class='ocrx_word' id='word_1_790' title='bbox 2123 3504 2190 3556; x_wconf 92' lang='lat' dir='ltr'><strong>sit</strong></span> <span class='ocrx_word' id='word_1_791' title='bbox 2211 3504 2258 3557; x_wconf 89' lang='lat' dir='ltr'><strong>ei</strong></span> <span class='ocrx_word' id='word_1_792' title='bbox 2286 3501 2443 3556; x_wconf 83' lang='lat' dir='ltr'><strong>facile</strong></span> <span class='ocrx_word' id='word_1_793' title='bbox 2469 3516 2680 3556; x_wconf 89' lang='lat' dir='ltr'><strong>sumere</strong></span> <span class='ocrx_word' id='word_1_794' title='bbox 2703 3503 3043 3572; x_wconf 87' lang='lat' dir='ltr'><strong>supplicium,</strong></span> <span class='ocrx_word' id='word_1_795' title='bbox 3063 3503 3245 3558; x_wconf 90' lang='lat' dir='ltr'><strong>dicens</strong></span> <span class='ocrx_word' id='word_1_796' title='bbox 3274 3521 3285 3554; x_wconf 90' lang='lat'><strong>:</strong></span> <span class='ocrx_word' id='word_1_797' title='bbox 3318 3502 3536 3561; x_wconf 66' lang='grc' dir='ltr'><strong>Βίτων..</strong></span> 
     </span>
    </p>
   </div>
   <div class='ocr_carea' id='block_1_96' title="bbox 1933 3592 3510 3667">
    <p class='ocr_par' dir='ltr' id='par_1_96' title="bbox 1933 3592 3510 3667">
     <span class='ocr_line' id='line_1_96' title="bbox 1933 3592 3510 3667; baseline 0.003 -19"><span class='ocrx_word' id='word_1_798' title='bbox 1933 3607 2018 3666; x_wconf 86' lang='lat' dir='ltr'><strong>gat</strong></span> <span class='ocrx_word' id='word_1_799' title='bbox 2050 3593 2184 3648; x_wconf 86' lang='lat' dir='ltr'><strong>Deus</strong></span> <span class='ocrx_word' id='word_1_800' title='bbox 2210 3637 2224 3660; x_wconf 96' lang='lat'><strong>,</strong></span> <span class='ocrx_word' id='word_1_801' title='bbox 2260 3605 2305 3648; x_wconf 89' lang='lat' dir='ltr'><strong>et</strong></span> <span class='ocrx_word' id='word_1_802' title='bbox 2345 3594 2651 3664; x_wconf 87' lang='lat' dir='ltr'><strong>dissipentur</strong></span> <span class='ocrx_word' id='word_1_803' title='bbox 2685 3593 2876 3646; x_wconf 87' lang='lat' dir='ltr'><strong>inimici</strong></span> <span class='ocrx_word' id='word_1_804' title='bbox 2904 3595 3012 3665; x_wconf 87' lang='lat' dir='ltr'><strong>ejus</strong></span> <span class='ocrx_word' id='word_1_805' title='bbox 3060 3592 3243 3664; x_wconf 86' lang='lat' dir='ltr'><strong>(Psal.</strong></span> <span class='ocrx_word' id='word_1_806' title='bbox 3285 3596 3374 3650; x_wconf 88' lang='grc'><strong>67.</strong></span> <span class='ocrx_word' id='word_1_807' title='bbox 3418 3597 3510 3667; x_wconf 77' lang='grc'><strong>2).</strong></span> 
     </span>
    </p>
   </div>
   <div class='ocr_carea' id='block_1_97' title="bbox 1933 3687 3511 3758">
    <p class='ocr_par' dir='ltr' id='par_1_97' title="bbox 1933 3687 3511 3758">
     <span class='ocr_line' id='line_1_97' title="bbox 1933 3687 3511 3758; baseline 0.003 -17"><span class='ocrx_word' id='word_1_808' title='bbox 1933 3687 2196 3758; x_wconf 86' lang='lat' dir='ltr'><strong>Numquid</strong></span> <span class='ocrx_word' id='word_1_809' title='bbox 2225 3702 2357 3756; x_wconf 85' lang='lat' dir='ltr'><strong>Opus</strong></span> <span class='ocrx_word' id='word_1_810' title='bbox 2398 3697 2478 3741; x_wconf 89' lang='lat' dir='ltr'><strong>est</strong></span> <span class='ocrx_word' id='word_1_811' title='bbox 2514 3687 2712 3742; x_wconf 86' lang='lat' dir='ltr'><strong>armis?</strong></span> <span class='ocrx_word' id='word_1_812' title='bbox 2757 3687 3008 3757; x_wconf 90' lang='lat' dir='ltr'><strong>numquid</strong></span> <span class='ocrx_word' id='word_1_813' title='bbox 3036 3687 3246 3757; x_wconf 83' lang='lat' dir='ltr'><strong>gladio?</strong></span> <span class='ocrx_word' id='word_1_814' title='bbox 3269 3688 3474 3744; x_wconf 89' lang='lat' dir='ltr'><strong>Sufﬁcit</strong></span> <span class='ocrx_word' id='word_1_815' title='bbox 3495 3731 3511 3758; x_wconf 77' lang='lat'><strong>,</strong></span> 
     </span>
    </p>
   </div>
   <div class='ocr_carea' id='block_1_98' title="bbox 1935 3779 3509 3850">
    <p class='ocr_par' dir='ltr' id='par_1_98' title="bbox 1935 3779 3509 3850">
     <span class='ocr_line' id='line_1_98' title="bbox 1935 3779 3509 3850; baseline 0.002 -16"><span class='ocrx_word' id='word_1_816' title='bbox 1935 3781 2121 3850; x_wconf 90' lang='lat' dir='ltr'><strong>inquit,</strong></span> <span class='ocrx_word' id='word_1_817' title='bbox 2150 3779 2322 3834; x_wconf 87' lang='lat' dir='ltr'><strong>solum</strong></span> <span class='ocrx_word' id='word_1_818' title='bbox 2351 3779 2394 3834; x_wconf 92' lang='lat' dir='ltr'><strong>si</strong></span> <span class='ocrx_word' id='word_1_819' title='bbox 2423 3779 2801 3834; x_wconf 72' lang='lat' dir='ltr'><strong>exsurrexerit.</strong></span> <span class='ocrx_word' id='word_1_820' title='bbox 2834 3779 2941 3834; x_wconf 87' lang='lat' dir='ltr'><strong>Sed</strong></span> <span class='ocrx_word' id='word_1_821' title='bbox 2967 3779 3066 3834; x_wconf 92' lang='lat' dir='ltr'><strong>hoc</strong></span> <span class='ocrx_word' id='word_1_822' title='bbox 3091 3795 3302 3850; x_wconf 89' lang='lat' dir='ltr'><strong>quoque</strong></span> <span class='ocrx_word' id='word_1_823' title='bbox 3327 3797 3509 3838; x_wconf 88' lang='lat' dir='ltr'><strong>rursus</strong></span> 
     </span>
    </p>
   </div>
   <div class='ocr_carea' id='block_1_99' title="bbox 1933 3877 3506 3949">
    <p class='ocr_par' dir='ltr' id='par_1_99' title="bbox 1933 3877 3506 3949">
     <span class='ocr_line' id='line_1_99' title="bbox 1933 3877 3506 3949; baseline -0.004 -13"><span class='ocrx_word' id='word_1_824' title='bbox 1933 3887 2016 3936; x_wconf 71' lang='grc' dir='ltr'><strong>εει</strong></span> <span class='ocrx_word' id='word_1_825' title='bbox 2055 3892 2334 3942; x_wconf 89' lang='lat' dir='ltr'><strong>crassum;</strong></span> <span class='ocrx_word' id='word_1_826' title='bbox 2383 3878 2574 3934; x_wconf 86' lang='lat' dir='ltr'><strong>etideo</strong></span> <span class='ocrx_word' id='word_1_827' title='bbox 2615 3892 2758 3947; x_wconf 72' lang='lat' dir='ltr'><strong>smpe</strong></span> <span class='ocrx_word' id='word_1_828' title='bbox 2795 3877 2960 3932; x_wconf 88' lang='lat' dir='ltr'><strong>dicit:</strong></span> <span class='ocrx_word' id='word_1_829' title='bbox 2997 3877 3096 3942; x_wconf 83' lang='lat' dir='ltr'><strong>Qui</strong></span> <span class='ocrx_word' id='word_1_830' title='bbox 3133 3879 3342 3949; x_wconf 40' lang='lat' dir='ltr'><strong>respicit.</strong></span> <span class='ocrx_word' id='word_1_831' title='bbox 3362 3894 3506 3948; x_wconf 83' lang='lat' dir='ltr'><strong>super</strong></span> 
     </span>
    </p>
   </div>
   <div class='ocr_carea' id='block_1_100' title="bbox 1934 3966 3510 4039">
    <p class='ocr_par' dir='ltr' id='par_1_100' title="bbox 1934 3966 3510 4039">
     <span class='ocr_line' id='line_1_100' title="bbox 1934 3966 3510 4039; baseline -0.001 -17"><span class='ocrx_word' id='word_1_832' title='bbox 1934 3979 2158 4035; x_wconf 84' lang='lat' dir='ltr'><strong>terram,</strong></span> <span class='ocrx_word' id='word_1_833' title='bbox 2195 3979 2241 4023; x_wconf 88' lang='lat' dir='ltr'><strong>et</strong></span> <span class='ocrx_word' id='word_1_834' title='bbox 2267 3968 2388 4039; x_wconf 78' lang='lat' dir='ltr'><strong>facit</strong></span> <span class='ocrx_word' id='word_1_835' title='bbox 2408 3984 2517 4022; x_wconf 90' lang='lat' dir='ltr'><strong>eam</strong></span> <span class='ocrx_word' id='word_1_836' title='bbox 2538 3979 2744 4022; x_wconf 87' lang='lat' dir='ltr'><strong>tremere</strong></span> <span class='ocrx_word' id='word_1_837' title='bbox 2772 3966 2957 4038; x_wconf 86' lang='lat' dir='ltr'><strong>(Psal.</strong></span> <span class='ocrx_word' id='word_1_838' title='bbox 2988 3969 3107 4023; x_wconf 79' lang='grc'><strong>105.</strong></span> <span class='ocrx_word' id='word_1_839' title='bbox 3135 3969 3261 4038; x_wconf 77' lang='grc'>52).</span> <span class='ocrx_word' id='word_1_840' title='bbox 3297 3968 3364 4023; x_wconf 88' lang='grc' dir='ltr'>Ει</span> <span class='ocrx_word' id='word_1_841' title='bbox 3390 3985 3510 4022; x_wconf 89' lang='lat' dir='ltr'><strong>rur-</strong></span> 
     </span>
    </p>
   </div>
   <div class='ocr_carea' id='block_1_101' title="bbox 1933 4057 3509 4130">
    <p class='ocr_par' dir='ltr' id='par_1_101' title="bbox 1933 4057 3509 4130">
     <span class='ocr_line' id='line_1_101' title="bbox 1933 4057 3509 4130; baseline -0.004 -14"><span class='ocrx_word' id='word_1_842' title='bbox 1933 4075 2026 4116; x_wconf 82' lang='lat' dir='ltr'><strong>sus</strong></span> <span class='ocrx_word' id='word_1_843' title='bbox 2057 4079 2070 4115; x_wconf 92' lang='lat'>:</span> <span class='ocrx_word' id='word_1_844' title='bbox 2104 4061 2144 4113; x_wconf 83' lang='lat' dir='ltr'><strong>A</strong></span> <span class='ocrx_word' id='word_1_845' title='bbox 2173 4061 2301 4130; x_wconf 80' lang='lat' dir='ltr'><strong>facie</strong></span> <span class='ocrx_word' id='word_1_846' title='bbox 2336 4061 2446 4130; x_wconf 88' lang='lat' dir='ltr'><strong>ejus</strong></span> <span class='ocrx_word' id='word_1_847' title='bbox 2490 4068 2736 4112; x_wconf 87' lang='lat' dir='ltr'><strong>commota</strong></span> <span class='ocrx_word' id='word_1_848' title='bbox 2775 4069 2846 4112; x_wconf 85' lang='lat' dir='ltr'><strong>est</strong></span> <span class='ocrx_word' id='word_1_849' title='bbox 2883 4068 3016 4111; x_wconf 88' lang='lat' dir='ltr'><strong>terra</strong></span> <span class='ocrx_word' id='word_1_850' title='bbox 3054 4057 3236 4125; x_wconf 89' lang='lat' dir='ltr'><strong>(Psal.</strong></span> <span class='ocrx_word' id='word_1_851' title='bbox 3267 4058 3390 4112; x_wconf 83' lang='grc'><strong>115.</strong></span> <span class='ocrx_word' id='word_1_852' title='bbox 3419 4058 3509 4127; x_wconf 84' lang='lat'><strong>7).</strong></span> 
     </span>
    </p>
   </div>
   <div class='ocr_carea' id='block_1_102' title="bbox 1934 4149 3510 4223">
    <p class='ocr_par' dir='ltr' id='par_1_102' title="bbox 1934 4149 3510 4223">
     <span class='ocr_line' id='line_1_102' title="bbox 1934 4149 3510 4223; baseline -0.003 -16"><span class='ocrx_word' id='word_1_853' title='bbox 1934 4152 2093 4223; x_wconf 81' lang='lat' dir='ltr'><strong>Atqui</strong></span> <span class='ocrx_word' id='word_1_854' title='bbox 2117 4151 2217 4206; x_wconf 92' lang='lat' dir='ltr'><strong>hoc</strong></span> <span class='ocrx_word' id='word_1_855' title='bbox 2243 4165 2454 4222; x_wconf 89' lang='lat' dir='ltr'><strong>quoque</strong></span> <span class='ocrx_word' id='word_1_856' title='bbox 2481 4165 2719 4206; x_wconf 88' lang='lat' dir='ltr'><strong>crassum</strong></span> <span class='ocrx_word' id='word_1_857' title='bbox 2745 4160 2845 4205; x_wconf 89' lang='lat' dir='ltr'><strong>est.</strong></span> <span class='ocrx_word' id='word_1_858' title='bbox 2895 4149 3033 4204; x_wconf 88' lang='lat' dir='ltr'><strong>Audi</strong></span> <span class='ocrx_word' id='word_1_859' title='bbox 3078 4165 3205 4220; x_wconf 88' lang='lat' dir='ltr'><strong>ergo</strong></span> <span class='ocrx_word' id='word_1_860' title='bbox 3251 4163 3434 4204; x_wconf 89' lang='lat' dir='ltr'><strong>rursus</strong></span> <span class='ocrx_word' id='word_1_861' title='bbox 3461 4152 3510 4203; x_wconf 88' lang='lat' dir='ltr'><strong>id</strong></span> 
     </span>
    </p>
   </div>
   <div class='ocr_carea' id='block_1_103' title="bbox 1934 4241 3512 4316">
    <p class='ocr_par' dir='ltr' id='par_1_103' title="bbox 1934 4241 3512 4316">
     <span class='ocr_line' id='line_1_103' title="bbox 1934 4241 3512 4316; baseline -0.002 -19"><span class='ocrx_word' id='word_1_862' title='bbox 1934 4245 2075 4316; x_wconf 89' lang='lat' dir='ltr'><strong>quod</strong></span> <span class='ocrx_word' id='word_1_863' title='bbox 2105 4253 2186 4299; x_wconf 90' lang='lat' dir='ltr'><strong>est</strong></span> <span class='ocrx_word' id='word_1_864' title='bbox 2212 4242 2492 4297; x_wconf 89' lang='lat' dir='ltr'><strong>sublimius</strong></span> <span class='ocrx_word' id='word_1_865' title='bbox 2523 4260 2535 4297; x_wconf 96' lang='lat'>:</span> <span class='ocrx_word' id='word_1_866' title='bbox 2567 4241 2769 4307; x_wconf 87' lang='lat' dir='ltr'><strong>Omnia,</strong></span> <span class='ocrx_word' id='word_1_867' title='bbox 2798 4257 3121 4312; x_wconf 63' lang='lat' dir='ltr'><strong>quaecumque</strong></span> <span class='ocrx_word' id='word_1_868' title='bbox 3158 4242 3314 4294; x_wconf 81' lang='lat' dir='ltr'><strong>voluit</strong></span> <span class='ocrx_word' id='word_1_869' title='bbox 3339 4283 3354 4307; x_wconf 93' lang='lat'><strong>,</strong></span> <span class='ocrx_word' id='word_1_870' title='bbox 3397 4243 3512 4311; x_wconf 83' lang='lat' dir='ltr'><strong>fecit</strong></span> 
     </span>
    </p>
   </div>
   <div class='ocr_carea' id='block_1_104' title="bbox 1941 4332 3526 4410">
    <p class='ocr_par' dir='ltr' id='par_1_104' title="bbox 1941 4332 3526 4410">
     <span class='ocr_line' id='line_1_104' title="bbox 1941 4332 3526 4410; baseline 0 -18"><span class='ocrx_word' id='word_1_871' title='bbox 1941 4339 1959 4410; x_wconf 93' lang='lat'>(</span> <span class='ocrx_word' id='word_1_872' title='bbox 1982 4337 2126 4392; x_wconf 86' lang='lat' dir='ltr'><strong>Psal.</strong></span> <span class='ocrx_word' id='word_1_873' title='bbox 2160 4337 2282 4392; x_wconf 72' lang='grc'><strong>154.</strong></span> <span class='ocrx_word' id='word_1_874' title='bbox 2315 4335 2383 4408; x_wconf 86' lang='grc'><strong>6)</strong></span> <span class='ocrx_word' id='word_1_875' title='bbox 2411 4352 2424 4390; x_wconf 93' lang='lat'><strong>:</strong></span> <span class='ocrx_word' id='word_1_876' title='bbox 2452 4335 2500 4390; x_wconf 91' lang='lat' dir='ltr'><strong>ei</strong></span> <span class='ocrx_word' id='word_1_877' title='bbox 2527 4335 2668 4390; x_wconf 90' lang='lat' dir='ltr'><strong>enim</strong></span> <span class='ocrx_word' id='word_1_878' title='bbox 2690 4335 2862 4390; x_wconf 91' lang='lat' dir='ltr'><strong>solum</strong></span> <span class='ocrx_word' id='word_1_879' title='bbox 2889 4332 3121 4389; x_wconf 84' lang='lat' dir='ltr'><strong>voluisse</strong></span> <span class='ocrx_word' id='word_1_880' title='bbox 3142 4333 3353 4388; x_wconf 84' lang='lat' dir='ltr'><strong>sufﬁcit.</strong></span> <span class='ocrx_word' id='word_1_881' title='bbox 3383 4333 3526 4392; x_wconf 29' lang='lat' dir='ltr'><strong>Vide.</strong></span> 
     </span>
    </p>
   </div>
   <div class='ocr_carea' id='block_1_105' title="bbox 1934 4425 3514 4501">
    <p class='ocr_par' dir='ltr' id='par_1_105' title="bbox 1934 4425 3514 4501">
     <span class='ocr_line' id='line_1_105' title="bbox 1934 4425 3514 4501; baseline -0.004 -15"><span class='ocrx_word' id='word_1_882' title='bbox 1934 4441 2112 4486; x_wconf 89' lang='lat' dir='ltr'><strong>autem</strong></span> <span class='ocrx_word' id='word_1_883' title='bbox 2158 4428 2424 4501; x_wconf 92' lang='lat' dir='ltr'><strong>quomodo</strong></span> <span class='ocrx_word' id='word_1_884' title='bbox 2469 4429 2524 4483; x_wconf 91' lang='lat' dir='ltr'><strong>in</strong></span> <span class='ocrx_word' id='word_1_885' title='bbox 2566 4427 2650 4482; x_wconf 90' lang='lat' dir='ltr'><strong>his</strong></span> <span class='ocrx_word' id='word_1_886' title='bbox 2686 4427 2846 4482; x_wconf 82' lang='lat' dir='ltr'><strong>etiam</strong></span> <span class='ocrx_word' id='word_1_887' title='bbox 2889 4425 3236 4482; x_wconf 87' lang='lat' dir='ltr'><strong>crassioribus</strong></span> <span class='ocrx_word' id='word_1_888' title='bbox 3279 4425 3514 4481; x_wconf 87' lang='lat' dir='ltr'><strong>ostendit</strong></span> 
     </span>
    </p>
   </div>
   <div class='ocr_carea' id='block_1_106' title="bbox 1937 4515 3510 4589">
    <p class='ocr_par' dir='ltr' id='par_1_106' title="bbox 1937 4515 3510 4589">
     <span class='ocr_line' id='line_1_106' title="bbox 1937 4515 3510 4589; baseline -0.006 -12"><span class='ocrx_word' id='word_1_889' title='bbox 1937 4524 2101 4577; x_wconf 87' lang='lat' dir='ltr'><strong>Deum</strong></span> <span class='ocrx_word' id='word_1_890' title='bbox 2133 4522 2327 4576; x_wconf 92' lang='lat' dir='ltr'><strong>nullius</strong></span> <span class='ocrx_word' id='word_1_891' title='bbox 2355 4520 2431 4575; x_wconf 91' lang='lat' dir='ltr'><strong>rei</strong></span> <span class='ocrx_word' id='word_1_892' title='bbox 2459 4533 2638 4589; x_wconf 88' lang='lat' dir='ltr'><strong>egere.</strong></span> <span class='ocrx_word' id='word_1_893' title='bbox 2681 4517 2862 4588; x_wconf 88' lang='lat' dir='ltr'><strong>Neque</strong></span> <span class='ocrx_word' id='word_1_894' title='bbox 2901 4515 3041 4572; x_wconf 91' lang='lat' dir='ltr'><strong>enim</strong></span> <span class='ocrx_word' id='word_1_895' title='bbox 3072 4521 3219 4586; x_wconf 90' lang='lat' dir='ltr'><strong>prius</strong></span> <span class='ocrx_word' id='word_1_896' title='bbox 3243 4531 3510 4571; x_wconf 85' lang='lat' dir='ltr'><strong>armorum</strong></span> 
     </span>
    </p>
   </div>
   <div class='ocr_carea' id='block_1_107' title="bbox 1936 4609 3528 4684">
    <p class='ocr_par' dir='ltr' id='par_1_107' title="bbox 1936 4609 3528 4684">
     <span class='ocr_line' id='line_1_107' title="bbox 1936 4609 3528 4684; baseline -0.003 -15"><span class='ocrx_word' id='word_1_897' title='bbox 1936 4615 2194 4679; x_wconf 86' lang='lat' dir='ltr'><strong>meminit,</strong></span> <span class='ocrx_word' id='word_1_898' title='bbox 2227 4629 2385 4684; x_wconf 88' lang='lat' dir='ltr'><strong>quam</strong></span> <span class='ocrx_word' id='word_1_899' title='bbox 2423 4627 2544 4667; x_wconf 91' lang='lat' dir='ltr'><strong>eum</strong></span> <span class='ocrx_word' id='word_1_900' title='bbox 2573 4619 2844 4681; x_wconf 89' lang='lat' dir='ltr'><strong>potentem</strong></span> <span class='ocrx_word' id='word_1_901' title='bbox 2892 4609 3199 4677; x_wconf 78' lang='lat' dir='ltr'><strong>vocaverit;</strong></span> <span class='ocrx_word' id='word_1_902' title='bbox 3250 4620 3304 4664; x_wconf 88' lang='lat' dir='ltr'><strong>ct</strong></span> <span class='ocrx_word' id='word_1_903' title='bbox 3329 4625 3528 4665; x_wconf 89' lang='lat' dir='ltr'><strong>rursus.</strong></span> 
     </span>
    </p>
   </div>
   <div class='ocr_carea' id='block_1_108' title="bbox 1935 4701 3514 4771">
    <p class='ocr_par' dir='ltr' id='par_1_108' title="bbox 1935 4701 3514 4771">
     <span class='ocr_line' id='line_1_108' title="bbox 1935 4701 3514 4771; baseline -0.004 -9"><span class='ocrx_word' id='word_1_904' title='bbox 1935 4723 2053 4762; x_wconf 89' lang='lat' dir='ltr'><strong>cum</strong></span> <span class='ocrx_word' id='word_1_905' title='bbox 2079 4722 2224 4761; x_wconf 88' lang='lat' dir='ltr'><strong>arma</strong></span> <span class='ocrx_word' id='word_1_906' title='bbox 2246 4711 2629 4771; x_wconf 89' lang='lat' dir='ltr'><strong>enumerasset,</strong></span> <span class='ocrx_word' id='word_1_907' title='bbox 2653 4718 2863 4758; x_wconf 92' lang='lat' dir='ltr'><strong>omnem</strong></span> <span class='ocrx_word' id='word_1_908' title='bbox 2887 4703 3160 4756; x_wconf 88' lang='lat' dir='ltr'><strong>victoriam</strong></span> <span class='ocrx_word' id='word_1_909' title='bbox 3177 4703 3292 4771; x_wconf 90' lang='lat' dir='ltr'><strong>ejus</strong></span> <span class='ocrx_word' id='word_1_910' title='bbox 3313 4701 3514 4756; x_wconf 84' lang='lat' dir='ltr'><strong>dextrae</strong></span> 
     </span>
    </p>
   </div>
   <div class='ocr_carea' id='block_1_109' title="bbox 1935 4792 3512 4868">
    <p class='ocr_par' dir='ltr' id='par_1_109' title="bbox 1935 4792 3512 4868">
     <span class='ocr_line' id='line_1_109' title="bbox 1935 4792 3512 4868; baseline -0.005 -15"><span class='ocrx_word' id='word_1_911' title='bbox 1935 4799 2251 4868; x_wconf 87' lang='lat' dir='ltr'><strong>adscripsit,</strong></span> <span class='ocrx_word' id='word_1_912' title='bbox 2281 4796 2383 4851; x_wconf 92' lang='lat' dir='ltr'><strong>hoc</strong></span> <span class='ocrx_word' id='word_1_913' title='bbox 2404 4804 2486 4850; x_wconf 89' lang='lat' dir='ltr'><strong>est</strong></span> <span class='ocrx_word' id='word_1_914' title='bbox 2508 4836 2522 4860; x_wconf 96' lang='lat'><strong>,</strong></span> <span class='ocrx_word' id='word_1_915' title='bbox 2573 4794 2689 4864; x_wconf 89' lang='lat' dir='ltr'><strong>ejus</strong></span> <span class='ocrx_word' id='word_1_916' title='bbox 2715 4802 2921 4848; x_wconf 75' lang='lat' dir='ltr'><strong>natura:</strong></span> <span class='ocrx_word' id='word_1_917' title='bbox 2959 4804 3013 4847; x_wconf 90' lang='lat' dir='ltr'><strong>et</strong></span> <span class='ocrx_word' id='word_1_918' title='bbox 3050 4794 3318 4862; x_wconf 67' lang='lat' dir='ltr'><strong>potentitc.</strong></span> <span class='ocrx_word' id='word_1_919' title='bbox 3360 4792 3512 4858; x_wconf 88' lang='lat' dir='ltr'><strong>Quod</strong></span> 
     </span>
    </p>
   </div>
   <div class='ocr_carea' id='block_1_110' title="bbox 1935 4882 3514 4960">
    <p class='ocr_par' dir='ltr' id='par_1_110' title="bbox 1935 4882 3514 4960">
     <span class='ocr_line' id='line_1_110' title="bbox 1935 4882 3514 4960; baseline -0.006 -16"><span class='ocrx_word' id='word_1_920' title='bbox 1935 4891 2068 4944; x_wconf 90' lang='lat' dir='ltr'><strong>alius</strong></span> <span class='ocrx_word' id='word_1_921' title='bbox 2097 4903 2307 4960; x_wconf 78' lang='lat' dir='ltr'><strong>quoque</strong></span> <span class='ocrx_word' id='word_1_922' title='bbox 2332 4886 2586 4957; x_wconf 86' lang='lat' dir='ltr'><strong>propheta</strong></span> <span class='ocrx_word' id='word_1_923' title='bbox 2611 4885 2932 4955; x_wconf 86' lang='lat' dir='ltr'><strong>signiﬁcans,</strong></span> <span class='ocrx_word' id='word_1_924' title='bbox 2962 4883 3208 4937; x_wconf 88' lang='lat' dir='ltr'><strong>dicebat:</strong></span> <span class='ocrx_word' id='word_1_925' title='bbox 3245 4882 3514 4948; x_wconf 85' lang='lat' dir='ltr'><strong>Principa-</strong></span> 
     </span>
    </p>
   </div>
   <div class='ocr_carea' id='block_1_111' title="bbox 1939 4972 3514 5050">
    <p class='ocr_par' dir='ltr' id='par_1_111' title="bbox 1939 4972 3514 5050">
     <span class='ocr_line' id='line_1_111' title="bbox 1939 4972 3514 5050; baseline -0.007 -15"><span class='ocrx_word' id='word_1_926' title='bbox 1939 4992 2018 5035; x_wconf 90' lang='lat' dir='ltr'><strong>tus</strong></span> <span class='ocrx_word' id='word_1_927' title='bbox 2044 4981 2150 5050; x_wconf 84' lang='lat' dir='ltr'><strong>ejus</strong></span> <span class='ocrx_word' id='word_1_928' title='bbox 2173 4995 2324 5048; x_wconf 88' lang='lat' dir='ltr'><strong>super</strong></span> <span class='ocrx_word' id='word_1_929' title='bbox 2352 4979 2615 5032; x_wconf 87' lang='lat' dir='ltr'><strong>humerum</strong></span> <span class='ocrx_word' id='word_1_930' title='bbox 2643 4977 2752 5047; x_wconf 79' lang='lat' dir='ltr'><strong>ejus</strong></span> <span class='ocrx_word' id='word_1_931' title='bbox 2778 4975 2802 5045; x_wconf 95' lang='lat'><em>(</em></span> <span class='ocrx_word' id='word_1_932' title='bbox 2817 4973 2945 5028; x_wconf 80' lang='grc' dir='ltr'><strong>1δαὶ.</strong></span> <span class='ocrx_word' id='word_1_933' title='bbox 2970 4973 3023 5029; x_wconf 87' lang='grc'><strong>9.</strong></span> <span class='ocrx_word' id='word_1_934' title='bbox 3053 4973 3119 5043; x_wconf 88' lang='lat'><strong>6)</strong></span> <span class='ocrx_word' id='word_1_935' title='bbox 3156 4989 3171 5028; x_wconf 86' lang='lat'><strong>:</strong></span> <span class='ocrx_word' id='word_1_936' title='bbox 3205 4988 3309 5026; x_wconf 92' lang='lat' dir='ltr'><strong>non</strong></span> <span class='ocrx_word' id='word_1_937' title='bbox 3331 4982 3386 5024; x_wconf 91' lang='lat' dir='ltr'><strong>ut</strong></span> <span class='ocrx_word' id='word_1_938' title='bbox 3410 4972 3514 5025; x_wconf 88' lang='lat' dir='ltr'><strong>hu-</strong></span> 
     </span>
    </p>
   </div>
   <div class='ocr_carea' id='block_1_112' title="bbox 1937 5068 3531 5142">
    <p class='ocr_par' dir='ltr' id='par_1_112' title="bbox 1937 5068 3531 5142">
     <span class='ocr_line' id='line_1_112' title="bbox 1937 5068 3531 5142; baseline -0.008 -12"><span class='ocrx_word' id='word_1_939' title='bbox 1937 5090 2141 5130; x_wconf 90' lang='lat' dir='ltr'><strong>merum</strong></span> <span class='ocrx_word' id='word_1_940' title='bbox 2171 5073 2451 5142; x_wconf 83' lang='lat' dir='ltr'><strong>intelligas,</strong></span> <span class='ocrx_word' id='word_1_941' title='bbox 2480 5071 2616 5126; x_wconf 88' lang='lat' dir='ltr'><strong>absit</strong></span> <span class='ocrx_word' id='word_1_942' title='bbox 2639 5087 2651 5123; x_wconf 93' lang='lat'><strong>:</strong></span> <span class='ocrx_word' id='word_1_943' title='bbox 2675 5069 2769 5125; x_wconf 88' lang='lat' dir='ltr'><strong>sed</strong></span> <span class='ocrx_word' id='word_1_944' title='bbox 2797 5078 2852 5123; x_wconf 91' lang='lat' dir='ltr'><strong>ut</strong></span> <span class='ocrx_word' id='word_1_945' title='bbox 2872 5069 3008 5123; x_wconf 92' lang='lat' dir='ltr'><strong>scias</strong></span> <span class='ocrx_word' id='word_1_946' title='bbox 3036 5068 3196 5120; x_wconf 87' lang='lat' dir='ltr'><strong>Deum</strong></span> <span class='ocrx_word' id='word_1_947' title='bbox 3229 5080 3332 5118; x_wconf 93' lang='lat' dir='ltr'><strong>non</strong></span> <span class='ocrx_word' id='word_1_948' title='bbox 3357 5079 3531 5133; x_wconf 73' lang='lat' dir='ltr'><strong>cgere-</strong></span> 
     </span>
    </p>
   </div>
   <div class='ocr_carea' id='block_1_113' title="bbox 1938 5155 3530 5233">
    <p class='ocr_par' dir='ltr' id='par_1_113' title="bbox 1938 5155 3530 5233">
     <span class='ocr_line' id='line_1_113' title="bbox 1938 5155 3530 5233; baseline -0.012 -10"><span class='ocrx_word' id='word_1_949' title='bbox 1938 5159 2160 5223; x_wconf 77' lang='lat' dir='ltr'><strong>aliorum</strong></span> <span class='ocrx_word' id='word_1_950' title='bbox 2180 5165 2395 5221; x_wconf 78' lang='lat' dir='ltr'><strong>auxilio.</strong></span> <span class='ocrx_word' id='word_1_951' title='bbox 2421 5164 2691 5233; x_wconf 85' lang='lat' dir='ltr'><strong>Accingere</strong></span> <span class='ocrx_word' id='word_1_952' title='bbox 2705 5159 2875 5232; x_wconf 87' lang='lat' dir='ltr'><strong>gladio</strong></span> <span class='ocrx_word' id='word_1_953' title='bbox 2897 5169 2980 5213; x_wconf 89' lang='lat' dir='ltr'><strong>tuo</strong></span> <span class='ocrx_word' id='word_1_954' title='bbox 2999 5172 3150 5225; x_wconf 90' lang='lat' dir='ltr'><strong>super</strong></span> <span class='ocrx_word' id='word_1_955' title='bbox 3171 5155 3332 5223; x_wconf 79' lang='lat' dir='ltr'><strong>femur</strong></span> <span class='ocrx_word' id='word_1_956' title='bbox 3353 5163 3530 5219; x_wconf 83' lang='lat' dir='ltr'><strong>tuum,</strong></span> 
     </span>
    </p>
   </div>
   <div class='ocr_carea' id='block_1_114' title="bbox 1939 5243 3526 5330">
    <p class='ocr_par' dir='ltr' id='par_1_114' title="bbox 1939 5243 3526 5330">
     <span class='ocr_line' id='line_1_114' title="bbox 1939 5243 3526 5330; baseline -0.009 -18"><span class='ocrx_word' id='word_1_957' title='bbox 1939 5259 2303 5330; x_wconf 89' lang='lat' dir='ltr'><strong>potentissime,</strong></span> <span class='ocrx_word' id='word_1_958' title='bbox 2335 5255 2499 5325; x_wconf 88' lang='lat' dir='ltr'><strong>specie</strong></span> <span class='ocrx_word' id='word_1_959' title='bbox 2523 5263 2610 5307; x_wconf 90' lang='lat' dir='ltr'><strong>tua</strong></span> <span class='ocrx_word' id='word_1_960' title='bbox 2630 5260 2676 5305; x_wconf 90' lang='lat' dir='ltr'><strong>et</strong></span> <span class='ocrx_word' id='word_1_961' title='bbox 2704 5247 3078 5322; x_wconf 89' lang='lat' dir='ltr'><strong>pulchritudine</strong></span> <span class='ocrx_word' id='word_1_962' title='bbox 3117 5253 3222 5298; x_wconf 89' lang='lat' dir='ltr'><strong>tua.</strong></span> <span class='ocrx_word' id='word_1_963' title='bbox 3256 5243 3392 5310; x_wconf 89' lang='lat' dir='ltr'><strong>Quid</strong></span> <span class='ocrx_word' id='word_1_964' title='bbox 3431 5243 3526 5298; x_wconf 83' lang='lat' dir='ltr'><strong>hie-</strong></span> 
     </span>
    </p>
   </div>
   <div class='ocr_carea' id='block_1_115' title="bbox 1940 5332 3528 5420">
    <p class='ocr_par' dir='ltr' id='par_1_115' title="bbox 1940 5332 3528 5420">
     <span class='ocr_line' id='line_1_115' title="bbox 1940 5332 3528 5420; baseline -0.011 -14"><span class='ocrx_word' id='word_1_965' title='bbox 1940 5352 2095 5420; x_wconf 85' lang='lat' dir='ltr'><strong>igitur</strong></span> <span class='ocrx_word' id='word_1_966' title='bbox 2122 5347 2286 5402; x_wconf 86' lang='lat' dir='ltr'><strong>dicit?</strong></span> <span class='ocrx_word' id='word_1_967' title='bbox 2316 5347 2417 5400; x_wconf 87' lang='lat' dir='ltr'><strong>Per</strong></span> <span class='ocrx_word' id='word_1_968' title='bbox 2444 5343 2556 5397; x_wconf 63' lang='lat' dir='ltr'><strong>haec</strong></span> <span class='ocrx_word' id='word_1_969' title='bbox 2595 5341 2854 5396; x_wconf 88' lang='lat' dir='ltr'><strong>crassiora</strong></span> <span class='ocrx_word' id='word_1_970' title='bbox 2894 5336 3108 5392; x_wconf 87' lang='lat' dir='ltr'><strong>nomina</strong></span> <span class='ocrx_word' id='word_1_971' title='bbox 3134 5332 3365 5387; x_wconf 86' lang='lat' dir='ltr'><strong>ostendit</strong></span> <span class='ocrx_word' id='word_1_972' title='bbox 3402 5333 3528 5404; x_wconf 22' lang='lat' dir='ltr'><strong>ejus.</strong></span> 
     </span>
    </p>
   </div>
   <div class='ocr_carea' id='block_1_116' title="bbox 1939 5425 3518 5513">
    <p class='ocr_par' dir='ltr' id='par_1_116' title="bbox 1939 5425 3518 5513">
     <span class='ocr_line' id='line_1_116' title="bbox 1939 5425 3518 5513; baseline -0.013 -15"><span class='ocrx_word' id='word_1_973' title='bbox 1939 5441 2304 5513; x_wconf 87' lang='lat' dir='ltr'><strong>operationem</strong></span> <span class='ocrx_word' id='word_1_974' title='bbox 2327 5476 2341 5501; x_wconf 94' lang='lat'><strong>,</strong></span> <span class='ocrx_word' id='word_1_975' title='bbox 2375 5450 2469 5505; x_wconf 90' lang='lat' dir='ltr'><strong>per</strong></span> <span class='ocrx_word' id='word_1_976' title='bbox 2496 5448 2652 5503; x_wconf 91' lang='lat' dir='ltr'><strong>quam</strong></span> <span class='ocrx_word' id='word_1_977' title='bbox 2693 5432 2876 5486; x_wconf 91' lang='lat' dir='ltr'><strong>orbem</strong></span> <span class='ocrx_word' id='word_1_978' title='bbox 2906 5438 3165 5482; x_wconf 89' lang='lat' dir='ltr'><strong>terrarum</strong></span> <span class='ocrx_word' id='word_1_979' title='bbox 3206 5425 3374 5492; x_wconf 86' lang='lat' dir='ltr'><strong>rexit,</strong></span> <span class='ocrx_word' id='word_1_980' title='bbox 3423 5440 3518 5494; x_wconf 90' lang='lat' dir='ltr'><strong>per</strong></span> 
     </span>
    </p>
   </div>
   <div class='ocr_carea' id='block_1_117' title="bbox 1941 5514 3527 5606">
    <p class='ocr_par' dir='ltr' id='par_1_117' title="bbox 1941 5514 3527 5606">
     <span class='ocr_line' id='line_1_117' title="bbox 1941 5514 3527 5606; baseline -0.016 -17"><span class='ocrx_word' id='word_1_981' title='bbox 1941 5549 2100 5606; x_wconf 88' lang='lat' dir='ltr'><strong>quam</strong></span> <span class='ocrx_word' id='word_1_982' title='bbox 2131 5530 2323 5587; x_wconf 90' lang='lat' dir='ltr'><strong>bellum</strong></span> <span class='ocrx_word' id='word_1_983' title='bbox 2355 5525 2614 5591; x_wconf 87' lang='lat' dir='ltr'><strong>confecit,</strong></span> <span class='ocrx_word' id='word_1_984' title='bbox 2645 5532 2696 5576; x_wconf 91' lang='lat' dir='ltr'><strong>et</strong></span> <span class='ocrx_word' id='word_1_985' title='bbox 2726 5530 2981 5589; x_wconf 71' lang='lat' dir='ltr'><strong>tr0ptcum</strong></span> <span class='ocrx_word' id='word_1_986' title='bbox 3005 5514 3193 5571; x_wconf 78' lang='lat' dir='ltr'><strong>erexit.</strong></span> <span class='ocrx_word' id='word_1_987' title='bbox 3224 5515 3353 5570; x_wconf 87' lang='lat' dir='ltr'><strong>Erat</strong></span> <span class='ocrx_word' id='word_1_988' title='bbox 3376 5517 3527 5571; x_wconf 66' lang='lat' dir='ltr'><strong>enim.</strong></span> 
     </span>
    </p>
   </div>
   <div class='ocr_carea' id='block_1_118' title="bbox 1942 5606 3523 5692">
    <p class='ocr_par' dir='ltr' id='par_1_118' title="bbox 1942 5606 3523 5692">
     <span class='ocr_line' id='line_1_118' title="bbox 1942 5606 3523 5692; baseline -0.019 -10"><span class='ocrx_word' id='word_1_989' title='bbox 1942 5627 2138 5682; x_wconf 90' lang='lat' dir='ltr'><strong>bellum</strong></span> <span class='ocrx_word' id='word_1_990' title='bbox 2165 5617 2532 5692; x_wconf 83' lang='lat' dir='ltr'><strong>gravissimum</strong></span> <span class='ocrx_word' id='word_1_991' title='bbox 2557 5656 2572 5681; x_wconf 92' lang='lat'><strong>,</strong></span> <span class='ocrx_word' id='word_1_992' title='bbox 2609 5621 2662 5668; x_wconf 92' lang='lat' dir='ltr'><strong>et</strong></span> <span class='ocrx_word' id='word_1_993' title='bbox 2691 5612 2924 5680; x_wconf 88' lang='lat' dir='ltr'><strong>omnium</strong></span> <span class='ocrx_word' id='word_1_994' title='bbox 2955 5607 3212 5663; x_wconf 90' lang='lat' dir='ltr'><strong>bellorum</strong></span> <span class='ocrx_word' id='word_1_995' title='bbox 3245 5606 3523 5664; x_wconf 66' lang='lat' dir='ltr'><strong>acerbissi-</strong></span> 
     </span>
    </p>
   </div>
   <div class='ocr_carea' id='block_1_119' title="bbox 1943 5696 3520 5788">
    <p class='ocr_par' dir='ltr' id='par_1_119' title="bbox 1943 5696 3520 5788">
     <span class='ocr_line' id='line_1_119' title="bbox 1943 5696 3520 5788; baseline -0.016 -12"><span class='ocrx_word' id='word_1_996' title='bbox 1943 5734 2087 5780; x_wconf 82' lang='lat' dir='ltr'><strong>munt</strong></span> <span class='ocrx_word' id='word_1_997' title='bbox 2107 5759 2122 5777; x_wconf 82' lang='grc'><strong><em>,</em></strong></span> <span class='ocrx_word' id='word_1_998' title='bbox 2167 5717 2218 5772; x_wconf 92' lang='lat' dir='ltr'><strong>in</strong></span> <span class='ocrx_word' id='word_1_999' title='bbox 2251 5727 2356 5788; x_wconf 81' lang='lat' dir='ltr'><strong>quo</strong></span> <span class='ocrx_word' id='word_1_1000' title='bbox 2381 5724 2486 5765; x_wconf 92' lang='lat' dir='ltr'><strong>non</strong></span> <span class='ocrx_word' id='word_1_1001' title='bbox 2512 5705 2719 5764; x_wconf 83' lang='lat' dir='ltr'><strong>barbari</strong></span> <span class='ocrx_word' id='word_1_1002' title='bbox 2743 5702 2937 5762; x_wconf 87' lang='lat' dir='ltr'><strong>bellum</strong></span> <span class='ocrx_word' id='word_1_1003' title='bbox 2967 5701 3254 5776; x_wconf 80' lang='lat' dir='ltr'><strong>gerebant,</strong></span> <span class='ocrx_word' id='word_1_1004' title='bbox 3285 5699 3376 5757; x_wconf 82' lang='lat' dir='ltr'><strong>sed</strong></span> <span class='ocrx_word' id='word_1_1005' title='bbox 3411 5696 3520 5759; x_wconf 73' lang='lat' dir='ltr'><strong>da:-</strong></span> 
     </span>
    </p>
   </div>
  </div>
