4068 6288
469 312 563 367 191

461 438 648 481 mones
678 420 961 478 tendebant
982 417 1200 474 insidias
1222 460 1236 484 ,
1280 430 1335 473 et
1361 416 1611 471 universo
1633 414 1746 469 orbi
1777 426 2035 469 terrarum

459 513 748 572 all‘erebant
776 504 1013 567 exitium.
1044 510 1300 575 Quocirca
1332 507 1517 562 Esaias
1546 520 1756 577 quoque
1789 505 2036 559 dicebat:

459 605 529 659 Et
571 605 775 676 fortium
818 601 1001 655 dividet
1039 599 1204 670 spolia
1247 596 1409 668 (Isai.
1443 597 1530 652 55.
1575 595 1699 665 12).
1749 595 1816 649 Et
1858 608 2041 647 rursus

458 696 585 751 alibi
615 712 629 750 :
661 694 884 765 Spiritus
910 691 1116 745 Domini
1142 707 1293 761 super
1332 705 1452 754 me;
1496 705 1594 757 qua
1621 687 1684 740 de
1709 701 1867 739 causa
1897 686 2041 739 unxit

459 803 558 852 me,
586 786 652 840 ad
671 782 1115 857 euangelizandum
1144 782 1451 854 pauperibus
1474 781 1604 835 misit
1625 794 1703 832 me
1725 820 1740 843 ,
1766 778 1833 830 ad
1855 777 2043 848 praedi-

457 877 674 931 cundum
706 877 913 947 captivis
932 876 1272 930 remissionem
1304 870 1419 945 (Ib.
1443 868 1644 940 (31.1).
1682 869 2037 936 Quamobrem

458 969 654 1024 Paulus
683 969 876 1038 ubique
902 968 954 1021 in
984 965 1245 1037 principio
1278 963 1632 1033 Epistolarum
1674 961 1915 1015 scribens
1953 959 2038 1012 di-

457 1059 612 1116 cabat
639 1076 653 1114 :
684 1058 859 1113 Gratia
884 1058 1018 1111 vobis
1041 1066 1085 1109 et
1107 1072 1210 1125 paa:
1237 1072 1267 1107 α
1297 1053 1403 1107 Deo
1431 1062 1572 1122 patre
1600 1060 1791 1106 nostra.
1827 1051 1891 1104 Et
1916 1065 2038 1102 rur-

459 1167 551 1205 sus
581 1167 596 1204 :
627 1148 748 1221 Ipse
770 1150 899 1203 enim
925 1157 993 1202 est
1019 1162 1118 1216 pax
1138 1156 1308 1200 nostra
1333 1187 1348 1210 ,
1395 1145 1480 1213 qui
1510 1144 1623 1211 fecit
1651 1151 1857 1211 utraque
1884 1156 2038 1193 unum

463 1230 689 1311 (Ephes.
711 1240 766 1296 2.
794 1241 859 1295 14
877 1240 918 1310 ).
949 1238 1024 1294 Ne
1044 1248 1219 1292 autem
1248 1236 1372 1291 dum
1403 1236 1553 1289 audis
1574 1276 1588 1299 ,
1634 1234 1902 1303 Accingere
1923 1230 2038 1303 gla-

460 1332 545 1385 dio
577 1340 681 1394 tuo,
706 1345 888 1385 ensem
919 1329 1180 1398 intelligas
1201 1326 1480 1388 sensilem,
1512 1324 1634 1378 audi
1653 1316 1779 1392 qua:
1804 1337 2038 1391 sequun-

461 1433 565 1476 tur.
597 1420 727 1477 Cum
755 1422 897 1477 enim
927 1422 1169 1490 dixisset,
1190 1419 1459 1489 Accingere
1486 1416 1656 1487 gladio
1681 1426 1786 1476 tuo,
1819 1413 2040 1482 subjun-

462 1513 555 1573 xit,
589 1513 642 1566 5.
675 1510 855 1581 Specie
876 1521 982 1577 tua,
1015 1520 1060 1564 et
1090 1509 1464 1580 pulchritudine
1488 1518 1573 1561 tua
1602 1522 1620 1561 :
1657 1508 1754 1560 hoc
1783 1514 1897 1570 est,
1926 1504 2040 1573 gla-

460 1603 610 1667 dius,
638 1602 841 1672 species
881 1601 1027 1671 ejus,
1074 1597 1427 1670 pulchritudo,
1470 1597 1669 1668 gloria,
1713 1596 2038 1660 auctoritas,

424 1674 429 1679 ’
460 1694 711 1762 majestas
767 1703 820 1746 et
848 1692 1256 1761 magniﬁcentia.
1305 1690 1510 1744 Nullius
1538 1690 1679 1743 enim
1722 1689 1809 1742 illa
1841 1687 2041 1757 indiget

459 1783 754 1839 substantia
780 1782 845 1837 ad
871 1797 930 1835 ea
961 1791 1106 1836 recte
1136 1779 1366 1851 gerenda
1393 1821 1407 1843 ,
1445 1797 1563 1850 qua:
1611 1780 1806 1833 fuerint
1847 1770 2039 1848 propo-

459 1875 559 1925 sita
599 1891 610 1923 :
644 1881 726 1927 est
769 1874 909 1927 enim
937 1872 1126 1925 nullius
1157 1871 1350 1941 indiga.
1385 1870 1519 1925 Eum
1558 1876 1687 1938 ergo
1725 1855 2040 1924 adhortatur

461 1962 738 2031 propheta,
771 1977 865 2031 pro
891 1961 1139 2015 universo
1164 1961 1291 2016 orbe
1312 1969 1571 2016 terrarum
1601 1976 1721 2016 eum
1744 1961 1809 2015 ad
1838 1961 2036 2015 bellum

457 2054 709 2109 edocens.
734 2054 934 2110 Deinde
960 2069 988 2107 a
1011 2054 1323 2109 sublimibus
1345 2054 1639 2108 orationem
1671 2067 1853 2108 rursus
1873 2052 2040 2107 dedu-

457 2146 528 2198 cit
566 2144 631 2199 ad
655 2146 934 2200 crassiora.
984 2146 1114 2199 Cum
1158 2144 1301 2199 enim
1330 2145 1551 2200 dixisset
1590 2144 1821 2214 gladium
1864 2153 1919 2200 et
1960 2143 2039 2198 lc-

456 2251 596 2299 mur,
627 2234 902 2291 adscendit
927 2234 992 2289 ad
1034 2235 1263 2304 speciem
1293 2243 1347 2289 et
1372 2234 1816 2303 pulchritudinem
1842 2252 1855 2287 :
1886 2241 1940 2289 et
1968 2232 2035 2287 il-

458 2326 564 2383 line
591 2342 775 2383 rursus
796 2326 1070 2382 descendit
1094 2327 1160 2382 ad
1191 2342 1251 2382 ea
1273 2342 1392 2398 qua:
1421 2336 1542 2382 sunt
1571 2329 1737 2397 magis
1757 2342 2033 2397 corporea,

456 2432 509 2474 ct
537 2420 664 2476 dicit
692 2438 704 2473 :
735 2420 977 2482 Intende,
1022 2436 1257 2490 prospere
1277 2422 1488 2487 procede
1511 2429 1557 2474 et
1578 2436 1753 2491 regna.
1782 2418 1913 2474 Cum
1943 2434 2039 2473 au-

458 2519 563 2565 tem
603 2510 768 2575 dixit,
813 2508 1065 2572 Intende,
1115 2525 1296 2565 arcum
1334 2510 1646 2580 significavit
1673 2521 1725 2566 et
1770 2510 2033 2582 sagittam.

457 2600 656 2655 Deinde
683 2599 968 2654 ostendens
999 2615 1183 2653 rursus
1211 2615 1330 2655 eum
1351 2601 1514 2654 armis
1554 2617 1657 2654 non
1682 2616 1856 2672 egere,
1905 2603 2035 2657 sub-

452 2693 626 2764 junxit
649 2734 662 2757 ,
706 2692 958 2762 Prospere
986 2692 1233 2763 procede,
1283 2703 1332 2746 et
1360 2709 1533 2763 regna.
1572 2693 1720 2748 Alius
1743 2700 1917 2747 autem
1950 2682 2059 2748 in-'

458 2798 664 2855 terprcs
690 2785 775 2839 hic
804 2785 954 2850 dicit,
990 2783 1253 2839 Promove.
1284 2784 1525 2855 Regnum
1557 2796 1729 2841 autem
1755 2786 1840 2841 hic
1868 2786 2030 2853 dicit,

453 2877 593 2947 quod
623 2892 744 2931 cum
774 2875 1099 2940 advenisset,
1145 2874 1530 2930 administravit
1558 2878 1810 2931 extremis
1834 2886 2034 2946 tempo-

454 2969 599 3022 ribus
621 3010 636 3034 ,
668 2966 916 3038 quodque
959 2975 1040 3021 est
1064 2965 1354 3021 secundum
1388 2968 1652 3036 prepriam
1693 2969 1952 3024 rationem
1979 2978 2034 3024 ct

452 3061 750 3115 scientiam.

522 3152 573 3205 ti.
606 3150 730 3205 llaec
754 3157 931 3206 autem
958 3150 1116 3205 verba
1141 3149 1374 3204 indicant
1395 3149 1662 3219 prepbcta‘.
1686 3149 2029 3216 desiderium,

453 3243 679 3296 videntis
704 3241 813 3312 jam
845 3257 963 3312 quae
993 3252 1146 3296 erant
1173 3241 1241 3296 ah
1270 3255 1336 3296 eo
1364 3241 1620 3307 facienda,
1644 3252 1697 3297 et
1721 3243 2030 3297 universum

453 3333 638 3386 urbem
667 3342 821 3386 terrae
846 3332 1129 3387 deductum
1156 3332 1220 3386 ad
1242 3332 1514 3386 veritatem
1540 3348 1553 3385 :
1584 3341 1637 3387 et
1664 3332 1781 3387 ideo
1808 3341 1960 3402 tropo
1980 3344 2033 3389 et

453 3426 616 3497 tignra
649 3424 955 3491 imperantis
976 3438 1100 3477 usus
1126 3432 1224 3488 est.
1259 3423 1663 3478 Consueverunt
1686 3425 1825 3478 enim
1858 3425 2028 3479 mino-

452 3530 558 3582 res,
589 3514 800 3583 quando
825 3524 949 3570 sunt
972 3516 1080 3568 acri
1108 3516 1364 3585 majorum
1395 3516 1700 3571 inﬂammati
1726 3518 1922 3582 studio,
1951 3518 2033 3575 his

452 3609 524 3661 uti
553 3607 888 3662 dictionibus.
930 3605 1148 3678 Propter
1184 3609 1456 3674 veritatem,
1489 3618 1534 3662 et
1574 3611 2029 3678 mansuetudinem,

450 3709 494 3753 et
514 3699 779 3766 iustitiam.
813 3697 1079 3753 Adverbio
1105 3698 1340 3753 veritatis
1371 3699 1552 3754 utitur.
1581 3698 1741 3756 Vides
1768 3701 2032 3771 quomodo

449 3793 676 3862 seipsam
708 3792 1083 3861 interpretatur
1103 3790 1392 3861 Scriptura,
1424 3801 1478 3846 et
1502 3793 1733 3847 ostendit
1758 3794 2029 3849 victoriam

450 3885 648 3941 versari
683 3886 733 3951 in
758 3883 1120 3954 intelligentia,
1150 3896 1203 3940 et
1231 3899 1350 3939 esse
1374 3884 1741 3953 spiritualem‘?
1762 3884 1860 3953 Qui
1889 3886 2029 3941 enim

448 3981 690 4036 meminit
734 3994 1023 4043 armorum,
1060 3978 1242 4048 gladii,
1288 3986 1342 4032 et
1367 3992 1604 4046 arcuum,
1641 3979 1908 4049 quomodo
1948 3979 2034 4047 hic

448 4072 689 4128 meminit
715 4070 1167 4126 mansuetudinis?
1187 4070 1320 4138 Quid
1343 4072 1482 4125 enim
1510 4086 1794 4127 commune
1819 4074 1956 4127 inter
1974 4089 2032 4128 se

449 4164 645 4218 habent
687 4162 881 4217 bellum
920 4170 976 4217 et
1011 4162 1383 4229 mansuetudo,
1425 4162 1681 4217 modestia
1729 4173 1783 4219 et
1823 4165 2032 4233 pugna?

449 4252 776 4306 Permultum
807 4251 1017 4323 quidem
1056 4262 1224 4318 certe,
1273 4253 1316 4306 si
1363 4253 1482 4322 quis
1512 4260 1657 4307 recte
1698 4254 2028 4322 expendcrit.

448 4344 578 4398 Nunt
608 4355 658 4399 et
691 4345 852 4399 David
890 4353 946 4399 et
979 4344 1152 4399 Moses
1185 4355 1334 4399 erant
1375 4346 1531 4400 mites
1559 4363 1570 4398 :
1611 4354 1665 4400 et
1703 4346 1820 4400 ideo
1845 4346 1912 4400 de
1942 4347 2032 4402 illo

449 4436 664 4507 quidem
689 4435 815 4491 dicit
840 4436 1111 4505 Scriptura
1142 4452 1156 4489 :
1193 4436 1466 4503 Memento,
1498 4435 1738 4501 Domine,
1769 4437 1953 4500 David,
1986 4447 2032 4494 et

450 4525 612 4578 omnis
646 4526 1039 4581 mansuetudinis
1064 4528 1170 4596 ejus
1201 4524 1370 4597 (Psal.
1393 4520 1526 4583 ’151.
1559 4528 1644 4598 1);
1672 4527 1739 4582 de
1766 4527 1910 4587 Mose
1934 4544 2032 4581 au-

453 4624 559 4669 tem
594 4631 607 4665 :
646 4614 767 4682 Erat
819 4614 987 4670 Moses
1032 4617 1320 4671 mitissimus
1371 4619 1595 4671 omnium
1641 4619 1900 4674 hominum
1947 4619 2033 4688 qui

450 4716 592 4763 erant
618 4724 768 4776 super
794 4717 975 4761 terram
1009 4707 1195 4780 (Num.
1228 4710 1313 4764 12.
1345 4707 1400 4778 5)
1435 4728 1448 4762 :
1480 4721 1654 4766 tamen
1685 4712 1929 4767 videntur
1972 4713 2030 4779 ii,

449 4798 537 4868 qui
564 4808 715 4852 erant
735 4797 969 4852 omnium
998 4798 1283 4865 mitissimi,
1305 4800 1541 4854 omnium
1565 4801 1801 4856 maxime
1827 4803 2028 4860 ulcisci.

448 4888 552 4944 Sed
580 4889 622 4943 si
651 4889 827 4955 vultis,
859 4888 1098 4943 dicamus
1126 4890 1270 4960 prius
1301 4889 1369 4944 de
1395 4906 1576 4945 eorum
1606 4894 2026 4950 mansuetudine.

445 4978 577 5034 Cum
621 4979 706 5035 hic
744 4981 929 5036 beatus
971 4981 1203 5050 cepisset
1244 4996 1385 5050 smpe
1430 4980 1662 5046 Saulem,
1708 4990 1760 5036 et
1799 4994 1941 5038 esset
1980 4985 2029 5039 in

444 5071 564 5140 ejus
589 5081 848 5142 potestate
877 5088 996 5128 eum
1031 5072 1099 5127 de
1130 5072 1304 5127 medio
1350 5073 1555 5139 tollere,
1587 5088 1798 5128 manum
1831 5075 1881 5129 in
1910 5092 2028 5131 eum

445 5177 552 5217 non
598 5162 815 5219 immisit
854 5162 931 5233 (1.
964 5162 1089 5232 Reg.
1125 5163 1214 5217 24.
1261 5163 1344 5218 11.
1385 5172 1428 5216 et
1463 5162 1554 5219 26.
1590 5162 1640 5216 7.
1667 5163 1799 5236 sqq.)
1833 5182 1847 5218 :
1876 5168 2030 5236 quin-

444 5252 605 5307 etiam
634 5268 755 5308 cum
792 5253 880 5308 alii
910 5253 1083 5324 ipsum
1111 5254 1412 5320 incitarent,
1447 5254 1493 5309 ci
1530 5255 1783 5324 pepercit,
1816 5266 1868 5311 et
1899 5258 2028 5311 iram

444 5344 718 5411 repressit.
749 5344 867 5400 Jam
897 5360 1027 5400 vero
1063 5360 1183 5401 cum
1215 5346 1390 5401 Semei
1419 5361 1538 5401 eum
1566 5348 1879 5402 contumelia
1911 5348 2030 5402 atti-

445 5438 613 5497 ccret,
652 5441 707 5487 et
743 5433 858 5503 ejus
882 5434 1167 5491 calamitati
1196 5445 1318 5490 tunc
1360 5435 1637 5491 insultaret
1664 5479 1678 5504 ,
1730 5437 2031 5507 vellentque

447 5519 612 5576 duces
642 5523 886 5589 transire,
926 5535 979 5581 et
1009 5525 1324 5581 maledicum
1350 5525 1619 5581 hominem
1648 5528 1854 5596 probris
1883 5529 2029 5599 ejus-

448 5609 593 5668 modi
641 5612 985 5670 inscctantem
1027 5618 1366 5683 interimere,
1396 5619 1569 5688 qualia
1622 5620 1823 5690 profert
1871 5622 2027 5675 verba

439 5700 583 5757 omni
615 5704 865 5771 sapientia
894 5708 1045 5776 plena
1067 5710 1142 5777 (2.
1175 5710 1299 5782 Reg.
1335 5714 1416 5767 l6.
1446 5713 1498 5768 5.
1531 5714 1701 5784 sqq.)?
1726 5713 1870 5769 Illum
1898 5731 2027 5783 qu0~

1240 300 1296 355 5.
1336 297 1614 356 JOANNIS
1650 294 2124 354 CHRYSOSTOMl
2162 291 2483 349 ARCHIEP;
2523 288 2870 347 GONSTAN]
2886 289 3060 346 lNOP.

3641 291 3740 346 192

2150 423 2254 479 que
2284 405 2598 478 parricidam
2625 415 2680 461 ct
2706 403 3129 460 incontinentem
3153 403 3571 470 adolescentem,
3600 392 3735 474 quo-

2145 501 2306 555 modo
2353 501 2465 555 suis
2493 497 2830 554 commendat
2853 497 3096 561 ducibus,
3127 496 3349 559 dicens:
3382 495 3585 551 Parcite
3611 498 3738 554 mihi

2143 592 2302 661 ﬁliolo
2328 590 2568 646 Absatoni
2591 590 2665 660 (2.
2698 590 2826 659 Reg.
2850 588 2940 644 18.
2957 588 3054 658 5)?
3079 588 3301 655 Quando
3321 597 3497 644 autem
3518 589 3571 643 in
3596 590 3737 659 prin-

2144 685 2281 752 cipio
2323 682 2638 753 loquebatur
2664 696 2785 737 cum
2826 680 3080 738 fratribus
3121 682 3173 736 ei
3205 680 3565 738 invidentibus
3606 698 3733 752 pro-

2144 781 2260 841 pter
2284 772 2511 828 futuram
2536 772 3031 842 victoriam,,cogita
3057 787 3217 841 quam
3245 771 3521 829 mansuete
3548 774 3727 844 loqui-

2145 874 2264 931 tur,
2308 865 2491 920 dicens
2521 882 2534 918 :
2581 865 2843 936 Numquid
2881 880 2981 919 non
3023 865 3225 919 verbum
3247 864 3370 936 est,.(
3398 865 3449 922 1.
3482 865 3609 938 Reg.
3640 867 3729 921 17.

2142 953 2279 1024 29)?
2307 955 2441 1022 Quid
2469 970 2594 1011 vero
2617 954 2829 1025 Moses?
2859 955 2963 1010 Pro
2991 955 3061 1011 iis.
3082 956 3171 1025 qui
3199 969 3323 1010 eum
3351 955 3610 1025 lapidibus
3632 971 3728 1026 pe-

2146 1047 2357 1112 tierant,
2391 1061 2488 1116 pro
2515 1047 2578 1100 iis
2609 1046 2698 1117 qui
2728 1061 2871 1115 eum,
2897 1055 3150 1116 quantum
3178 1047 3229 1103 in
3254 1048 3334 1102 eis
3360 1056 3489 1112 crat,
3523 1048 3590 1104 de
3619 1066 3731 1104 mc-

2141 1139 2231 1194 dio
2268 1141 2627 1206 sustulerant,
2679 1139 2802 1194 audi
2847 1139 2972 1210 quid
3021 1139 3163 1194 dicat
3210 1138 3421 1212 (Exod.
3470 1142 3555 1197 17.
3608 1142 3726 1210 4);

2144 1231 2204 1286 Si
2235 1243 2493 1302 peccatum
2528 1233 2738 1302 quidem.
2754 1232 2826 1286 eis
2854 1232 3063 1285 dimittis
3090 1272 3105 1298 ,
3139 1231 3333 1289 dimitte
3363 1246 3381 1285 :
3419 1233 3496 1286 sin
3528 1232 3724 1297 minus,

2144 1339 2222 1375 me
2245 1338 2438 1393 quoque
2466 1323 2576 1377 dele
2604 1323 2667 1377 de
2691 1322 2818 1376 libro
2846 1338 2990 1392 quem
3023 1314 3267 1390 scripsisti
3297 1320 3488 1392 (Exod.
3515 1322 3603 1381 52.
3636 1323 3725 1378 51.

2144 1414 2257 1484 52).
2289 1414 2419 1468 Cum
2451 1414 2540 1469 alii
2571 1428 2754 1469 rursus
2781 1428 2902 1468 eum
2931 1423 3203 1467 moverent
3229 1411 3293 1466 ad
3314 1413 3727 1477 a'tnulationcm,

2144 1517 2197 1559 et
2226 1506 2505 1561 incitarent
2541 1506 2606 1560 ad
2638 1507 2789 1573 iram,
2819 1505 3035 1574 pulchra
3067 1504 3154 1557 illa
3188 1514 3239 1559 et
3266 1505 3543 1574 sapientia:
3571 1507 3747 1575 plena.

2144 1597 2305 1670 verba
2334 1596 2581 1666 loquutus
2624 1610 2664 1650 e.
2686 1604 2726 1662 t,
2761 1594 2944 1649 dicens
2976 1611 2989 1646 :
3027 1593 3152 1659 Quis
3180 1593 3261 1647 det
3301 1603 3457 1649 totum
3486 1595 3755 1666 populum.

2145 1685 2351 1740 Domini
2381 1686 2649 1758 prOphetas
2679 1702 2783 1740 esse
2811 1683 2997 1755 (Num.
3029 1686 3115 1738 11.
3141 1683 3274 1755 29)?
3299 1684 3402 1739 Pro
3427 1698 3610 1741 sorore
3634 1702 3728 1739 au.-

2146 1787 2249 1832 tem
2294 1794 2498 1846 rursus,
2538 1794 2654 1849 quae
2697 1793 2817 1834 eum
2865 1776 3159 1833 maledictis
3203 1777 3524 1843 incesserat,
3568 1775 3753 1848 quam-

2143 1871 2449 1941 suppliciter
2477 1871 2758 1941 precatur?
2785 1870 2864 1924 Ex
2892 1869 3073 1925 multis
3102 1883 3315 1940 quoque
3341 1870 3460 1926 aliis
3488 1870 3620 1927 locis
3648 1873 3727 1926 vi-

2142 1960 2254 2015 deri
2287 1971 2458 2031 potest
2495 1962 2610 2032 ejus
2652 1960 3022 2027 mansuetudo,
3068 1959 3275 2029 quando
3318 1960 3476 2015 etiam
3514 1976 3546 2017 e
3586 1972 3726 2017 terra

2142 2052 2361 2121 ejectus,
2391 2063 2446 2108 et
2491 2054 2543 2107 iu
2593 2053 2928 2107 Palaestinam
2983 2050 3189 2122 ingredi
3239 2050 3553 2120 prohibitus,
3600 2068 3723 2108 cuin

2141 2145 2287 2199 omni
2337 2145 2587 2200 Comitate
2636 2155 2692 2200 et
2738 2142 3140 2198 mansuetudine
3186 2141 3398 2198 Judmos
3444 2142 3728 2211 allaquitur

2142 2236 2325 2308 (Num.
2354 2237 2436 2291 12.
2475 2229 2584 2305 15).
2617 2234 2719 2290 Sed
2750 2245 2925 2290 tamen
2948 2234 3034 2290 hic
3053 2234 3216 2297 mitis,
3250 2242 3307 2288 ut
3335 2233 3558 2302 Dathan,
3596 2236 3727 2289 Abi-

2142 2342 2236 2379 rnn
2266 2335 2318 2380 et
2347 2327 2505 2390 Core,
2538 2341 2659 2379 cum
2691 2326 2741 2379 in
2772 2323 3125 2380 sacerdotium
3157 2323 3491 2385 invasissent,
3522 2340 3550 2377 a
3584 2333 3725 2380 terra

2139 2416 2570 2482 absorberentur,
2607 2425 2661 2470 et
2691 2415 2778 2469 alii
2802 2423 3173 2479 exurerentur,
3204 2413 3340 2484 quod
3373 2414 3543 2484 ignem
3590 2415 3723 2470 alie-

2141 2523 2264 2561 num
2309 2506 2643 2574 obtulissent,
2678 2521 2886 2576 tequum
2913 2505 3234 2560 existimavit
3268 2504 3454 2577 (Num.
3499 2505 3583 2561 16.
3637 2509 3718 2563 15.

2138 2594 2293 2668 sqq.).
2328 2595 2488 2651 David
2513 2612 2721 2667 quoque
2743 2596 2831 2651 ille
2857 2604 3164 2650 mansuetus
3183 2605 3234 2652 et
3260 2595 3469 2652 Goliatb
3492 2614 3506 2666 ι
3526 2609 3724 2652 rostra-
3748 2648 3753 2651 _

2138 2688 2233 2752 vit,
2266 2696 2316 2740 et
2342 2689 2632 2742 exercitum
2656 2687 2871 2757 iugavit,
2899 2697 2953 2743 et
2980 2687 3161 2742 retulit
3189 2686 3461 2742 victoriam
3491 2686 3566 2759 (1.
3594 2689 3718 2759 Reg.

2138 2780 2251 2846 17).
2279 2778 2391 2836 Hoc
2415 2787 2496 2836 cst
2521 2779 2660 2837 enim
2688 2778 2768 2836 vel
2797 2779 3023 2832 maxime
3045 2779 3323 2843 mansueti,
3353 2792 3478 2832 snas
3508 2780 3721 2849 quidem

2137 2872 2357 2942 injurias
2383 2875 2668 2938 remittere,
2703 2888 2796 2928 eos
2823 2880 2997 2928 autem
3020 2870 3215 2947 quibus.
3240 2870 3296 2924 lit
3326 2870 3513 2940 injuria
3534 2871 3719 2926 defen-

2135 2964 2313 3020 dere:
2358 2965 2802 3035 qucmadmodnm
2850 2964 3089 3020 (ﬂuidus
3135 2978 3346 3035 quoque
3391 2962 3532 3017 fecit.
3584 2963 3720 3018 Cum

2135 3058 2278 3112 enim
2308 3057 2359 3111 in
2400 3073 2612 3113 crucem
2650 3057 2996 3123 ascendisset,
3034 3056 3241 3113 dicebat
3273 3076 3286 3111 :
3316 3055 3490 3121 Pater,
3522 3055 3724 3124 ignosce

2135 3150 2205 3229 eis
2225 3167 2245 3216 ;
2270 3150 2491 3205 nesciunt
2530 3151 2661 3204 enim
2704 3151 2825 3221 quid
2864 3151 3053 3221 faciunt
3078 3149 3225 3222 (Luc.
3257 3152 3347 3206 25.
3388 3151 3503 3217 51).
3535 3147 3599 3205 Et
3620 3147 3714 3206 Je-

2135 3242 2362 3297 rusalem
2403 3257 2585 3298 rursus
2621 3243 2845 3310 deﬂens,
2886 3242 3097 3299 diccbat
3130 3261 3143 3296 :
3176 3242 3380 3309 Quoties
3421 3244 3557 3299 volui
3590 3260 3715 3298 con-

2134 3348 2340 3403 gregare
2363 3332 2496 3401 filios
2539 3343 2743 3396 vestros,
2775 3347 2819 3387 et
2849 3335 3079 3388 noluistis
3106 3349 3125 3387 :
3148 3351 3258 3388 ecce
3282 3334 3585 3406 relinquetur
3618 3336 3717 3390 do-

2135 3438 2246 3475 mus
2278 3434 2438 3476 vestra
2477 3423 2669 3477 deserta
2703 3423 2913 3493 (Matth.
2943 3424 3033 3477 25.
3076 3424 3162 3479 57.
3194 3422 3306 3496 58).
3353 3424 3418 3478 Et
3449 3440 3568 3479 cum
3614 3426 3715 3478 im-

2136 3522 2318 3583 pactus
2346 3525 2487 3570 esset
2515 3515 2564 3569 ei
2594 3515 2868 3584 colaphos,
2897 3531 3000 3571 non
3025 3515 3305 3585 colaphum
3330 3527 3511 3573 contra
3543 3521 3715 3588 impc-

2134 3606 2229 3675 git,
2260 3605 2353 3660 sed
2391 3608 2438 3660 ei
2474 3605 2563 3675 qui
2609 3606 2900 3675 impegerat
2938 3621 2997 3661 se
3045 3617 3261 3662 excusat
3302 3605 3477 3678 (Joan.
3512 3607 3592 3661 18.
3625 3608 3716 3662 22.

2140 3694 2271 3765 25);
2303 3706 2358 3750 et
2383 3710 2501 3749 cum
2542 3696 2901 3765 appellaretur
2931 3695 3310 3758 daemoniacus,
3341 3697 3583 3767 ejieicbtt
3610 3697 3721 3753 dte-

2136 3802 2322 3843 ntoues
2350 3788 2558 3858 (Matth.
2590 3789 2642 3844 9.
2672 3789 2759 3843 52.
2786 3788 2918 3858 sqq.)
2944 3805 2959 3848 :
2985 3797 3037 3843 et
3063 3803 3184 3843 cum
3204 3797 3478 3843 vocaretur
3506 3788 3714 3858 planus,

2139 3892 2193 3935 et
2221 3880 2434 3950 impius,
2475 3889 2527 3935 et
2569 3882 2659 3935 Dei
2699 3880 3061 3946 adversarius,
3094 3882 3147 3935 in
3181 3897 3396 3952 regnum
3434 3896 3529 3936 eos
3563 3895 3719 3935 suam

2135 3972 2378 4028 ducebat.
2428 3973 2707 4043 Discipulis
2749 3988 2959 4043 quoque
3005 3972 3254 4043 prtrcvpit
3290 3981 3349 4026 ut
3385 3972 3582 4042 ubique
3623 3973 3719 4027 lla-

2134 4064 2273 4134 grlla
2314 4064 2656 4125 sustinerent.
2693 4064 3149 4133 perscquutioncm
3183 4071 3505 4133 paterentur,
3537 4065 3721 4132 e\pel-

2137 4158 2387 4218 lcrcntor‘,
2408 4154 2814 4223 interioremque
2830 4155 3003 4209 locum
3019 4154 3308 4224 deligerent
3330 4152 3505 4227 (Joan.
3527 4155 3579 4207 7.
3607 4154 3718 4224 12).

2139 4246 2238 4313 Qui
2267 4246 2404 4300 enim
2446 4246 2547 4299 vult
2587 4247 2640 4298 in
2681 4245 2817 4298 vobis
2846 4261 2952 4299 esse
2980 4245 3193 4314 primus,
3241 4245 3432 4314 inquit,
3461 4245 3524 4300 sit
3565 4255 3722 4299 vesttr

2135 4338 2358 4393 minister
2400 4336 2622 4408 (Matth.
2665 4335 2755 4391 20.
2787 4335 2916 4405 26).
2966 4337 3325 4392 Domesticum
3371 4346 3547 4391 autem
3593 4338 3721 4391 sub»

2132 4430 2305 4499 junxit
2346 4432 2678 4500 exemplum,
2718 4430 2905 4487 dicens
2942 4449 2954 4485 :
2985 4430 3128 4486 Sicut
3167 4429 3337 4485 Filius
3365 4430 3581 4485 hominis
3620 4447 3723 4483 non

2136 4507 2265 4577 venit
2302 4525 2597 4601 ministrari,
2645 4525 2734 4578 sed
2762 4524 3068 4591 ministrare,
3094 4534 3141 4578 et
3169 4523 3293 4578 dare
3326 4524 3550 4577 animam
3578 4540 3725 4576 suam

2134 4608 2521 4684 redemptionem
2559 4632 2649 4686 pro
2675 4615 2845 4670 multis
2872 4614 3032 4685 (Ibid.
3060 4630 3109 4669 υ.
3133 4614 3245 4685 28).
3288 4614 3438 4682 Quod
3466 4615 3510 4670 si
3541 4617 3725 4682 expel-

2136 4707 2195 4762 lit
2223 4708 2514 4773 danuoncs,
2542 4718 2737 4763 etcum
2768 4706 2979 4763 diabolo
3009 4707 3201 4762 bellum
3232 4707 3371 4778 gerit
3397 4714 3451 4761 et
3477 4721 3722 4761 errorem

2137 4799 2270 4852 tollit
2293 4798 2362 4854 de
2388 4798 2583 4864 medio,
2616 4799 2719 4854 hoc
2743 4814 2954 4869 quoque
2976 4810 3060 4854 eSt
3084 4799 3328 4853 maximm
3360 4799 3719 4853 mansuetudi-

2136 4891 2239 4956 nis,
2269 4908 2426 4945 omne
2450 4892 2661 4960 quidem
2700 4892 2883 4947 vitium
2913 4891 3128 4945 abolere
3149 4932 3163 4956 ,
3189 4906 3283 4945 eos
3322 4899 3497 4943 autem
3539 4889 3626 4959 qui
3656 4891 3724 4942 ab

2136 4983 2227 5038 illo
2266 4982 2570 5038 detinentur
2611 4985 2872 5051 liberare,
2914 4983 3224 5038 insidiantes
3267 4983 3535 5037 daanoues
3572 4998 3721 5037 coer-

2134 5090 2277 5141 cere,
2310 5087 2363 5129 et
2387 5076 2473 5144 qni
2498 5076 2564 5129 ab
2593 5076 2669 5130 eis
2700 5077 2908 5145 probris
2937 5074 3111 5131 allecti
3139 5074 3354 5141 iuerint,
3382 5089 3411 5133 ει
3438 5073 3588 5129 malis
3618 5089 3725 5128 ert-

2136 5181 2281 5233 pere.
2312 5166 2445 5232 Quid
2473 5178 2554 5222 est
2581 5176 2781 5233 autem,
2813 5165 3031 5237 Propter
3054 5167 3331 5233 veritatem,
3361 5173 3408 5219 et
3438 5175 3727 5219 mansuetu-

2135 5260 2323 5323 dinem,
2366 5270 2410 5312 et
2445 5260 2741 5329 justitiam?
2783 5260 2924 5315 Dixit
2964 5258 3183 5325 bellum,
3231 5258 3363 5315 dixit
3409 5259 3729 5339 instructam

2134 5354 2323 5416 aciem,
2347 5353 2578 5407 ostendit
2606 5362 2864 5408 armatum
2893 5353 3145 5418 militem;
3174 5352 3301 5406 dicit
3320 5351 3575 5423 deinceps
3602 5367 3722 5421 qua:

2136 5445 2354 5517 pulchra
2369 5452 2422 5500 et
2440 5442 2691 5515 praeclara
2711 5445 2762 5499 in
2780 5459 2944 5515 regno
2962 5460 3062 5500 suo
3075 5444 3315 5515 gesserit,
3330 5458 3499 5513 genus
3520 5445 3725 5512 tropei,

2135 5535 2491 5593 conditionem
2518 5547 2572 5593 et
2590 5548 2827 5593 naturam
2847 5538 3100 5594 victoriae.
3129 5538 3230 5592 Alii
3250 5539 3405 5601 enim
3421 5551 3606 5593 omnes
3628 5536 3725 5589 hu-

2137 5628 2306 5684 mines
2325 5638 2626 5699 regnantes,
2655 5628 2735 5683 vel
2758 5644 2852 5699 pro
2865 5628 3163 5684 civitatibus
3187 5627 3267 5681 vel
3312 5643 3408 5697 pro
3431 5628 3727 5697 opibus,\-el
3779 5650 3789 5663 ο

2144 5720 2548 5788 proiniuliciliis
2569 5761 2578 5782 ,
2602 5720 2683 5776 vel
2704 5736 2796 5791 pro
2814 5734 2942 5774 vanu
2968 5720 3126 5791 gloria
3154 5720 3344 5775 bellum
3374 5726 3557 5790 gerunt
3582 5736 3590 5769 :
3620 5717 3732 5787 ipse
