4084 6278
381 360 475 422 191
1439 358 1813 421 ΕΧΡΟΞΙἸῚΟ
1852 362 1917 417 IN
1959 361 2288 447 PSALML’M
2329 358 2509 420 XLIV.

374 479 644 552 δαιμόνων
678 478 1153 547 ἐπιϐουλευόντων,
1192 479 1285 533 καὶ
1316 479 1417 550 τὴν
1459 479 1786 551 οἰκουμένην
1827 478 1942 531 δια·-

376 572 708 645 φθειρόντων
750 571 989 628 ἅπασαν.
1039 571 1137 625 Διὰ
1186 571 1250 642 δὴ
1304 571 1462 625 τοῦτο
1510 572 1603 624 καὶ
1645 571 1673 622 6
1719 570 1946 631 Ἠσαίας

375 666 564 732 ἐλεγε-
605 665 715 717 Καὶ
761 663 880 717 τῶν
910 663 1177 732 ἰσχυρῶν
1210 663 1494 733 μεριεῒται
1527 674 1554 703 α
1585 660 1787 715 σκῦλα
1807 677 1821 690 ·
1853 660 1946 713 καὶ

3518 376 3616 428 192

3552 412 3617 430 νά

2057 477 2349 544 ἀξιούντων
2377 479 2628 549 διαϐῆναι
2658 479 2750 532 καὶ
2776 481 3069 549 ἀποτεμεῖν
3096 482 3186 536 τὸν
3215 482 3475 557 ὑϐριστὴν
3502 504 3616 540 τοι-

2052 568 2190 622 αῦτα
2224 567 2800 641 ἐμπαροινοῦντα,-,οἶά
2844 571 3140 641 φθέγγεται
3177 574 3396 645 ῥήματα
3438 577 3617 649 πάσης

2053 660 2242 729 σοφίας
2268 661 2504 732 γέμοντα
2524 662 2585 713 17!
2609 663 2709 715 Τὸν
2725 662 2781 715 δὲ
2809 664 3139 734 πατραλοίαν
3157 667 3360 719 ἐκεῖνον
3383 668 3477 720 καὶ
3498 668 3619 721 ἀκό-

377 755 540 810 πάλιν
559 771 573 785 ·
609 753 850 823 Πνεῦμα
870 755 1093 822 Κυρίου
1115 754 1207 807 ἐπ’
1235 753 1339 822 ἐμέ
1361 765 1375 780 ·
1405 749 1477 808 οὗ
1502 752 1714 806 ἕνεκεν
1738 751 1946 820 ἐχρισέ
2049 750 2244 803 λαστον
2275 752 2576 815 νεανίσκον,
2604 753 2723 817 πῶς
2754 756 3254 825 παρακατατίθεται
3286 761 3395 818 τοῖς
3422 758 3615 812 ἑαυτοῦ

375 863 471 915 με,
518 847 1027 915 εὐαγγελίσασθαι
1056 845 1313 914 πτωχοῖς
1346 842 1690 899 ἀπέσταλκέ
1712 861 1807 913 με,
1844 861 1946 911 κη-

376 937 553 1005 ρῦξαι
583 935 979 1006 αἰχμαλώτοις
1005 935 1244 1004 ἄφεσιν.
1277 935 1376 988 Διά
1405 934 1469 1006 δὴ
1492 935 1648 988 τοῦτο
1678 934 1771 987 καὶ
1800 934 1977 987 Παῦε

379 1028 469 1093 λος
500 1027 779 1099 πανταχοῦ
800 1028 908 1081 τῶν
933 1027 1230 1080 ἐπιστολῶν
1260 1028 1588 1099 προγράφων
1614 1026 1767 1094 ἔλεγε
1794 1042 1808 1055 ·
1837 1024 1950 1078 Χά-

376 1136 470 1189 ρις
496 1119 639 1189 ὑμῖν
679 1118 775 1172 καὶ
799 1117 1005 1186 εἰρήνη
1032 1118 1149 1172 ἀπὸ
1188 1118 1334 1171 Θεοῦ
1361 1117 1590 1185 Πατρός
1621 1117 1809 1185 ἡμῶν.
1842 1118 1949 1170 Kal

382 1210 544 1264 πάλιν
563 1227 577 1240 ·
606 1210 793 1274 Αὐτὸς
808 1209 919 1279 γάρ
938 1210 1109 1263 ἐστιν
1130 1210 1167 1277 ἠ
1193 1209 1399 1278 εἰρήνη
1427 1209 1615 1279 ἡμῶν,
1638 1212 1669 1263 ό
1690 1209 1950 1277 ποιήσας

382 1303 454 1355 τὰ
473 1302 774 1370 ἀμφότερα
908 1299 1023 1354 Ἵνα
1049 1300 1105 1353 δέ
1133 1302 1208 1370 μὴ
1239 1300 1471 1365 ἀκούων,
1494 1298 1810 1369 Περίζωσαι
1836 1300 1955 1367 τὴν

377 1395 681 1465 ῥομφαίαν
719 1408 856 1457 σου,
901 1393 1172 1465 μάχαιραν
1204 1393 1430 1466 νομίσῃς
1469 1392 1751 1464 αίσθητὴν,
1787 1392 1950 1445 ἄκουε

383 1486 491 1539 τῶν
519 1485 665 1557 ἐξῆς.
697 1485 882 1541 Εἰπὼν
909 1485 1039 1558 γὰρ,
1075 1486 1326 1554 Περίθου
1349 1485 1463 1553 τὴν
1478 1485 1783 1555 μάχαιράν
1810 1500 1947 1552 σου,

385 1575 651 1643 ἐπήγαγε,
688 1572 771 1640 Τῇ
813 1573 1124 1640 ὡραιότητί
1150 1587 1289 1640 σου,
1317 1573 1519 1640 καὶτῷ
1557 1574 1766 1628 κάλλει
1794 1588 1911 1627 σου
1932 1589 1947 1602 ·

386 1662 545 1716 τοῦτό
575 1664 721 1714 ἐστιν
760 1660 794 1730 ἡ
837 1661 1099 1731 μάχαιρα,
1148 1663 1181 1732 ἡ
1217 1662 1488 1733 ὼραιότης
1517 1661 1704 1724 αὑτοῦ,
1753 1662 1846 1716 καὶ
1892 1661 1954 1719 τὸ

390 1752 586 1814 κάλλος
625 1750 809 1815 αὑτοῦ,
847 1752 936 1803 καὶ
962 1753 995 1822 ἡ
1020 1751 1166 1816 δόξα,
1194 1753 1289 1805 καὶ
1317 1752 1379 1804 τί,
1407 1752 1642 1823 ἀξίωμα,
1672 1751 1766 1804 καὶ
1799 1752 1832 1822 ἡ
1859 1768 1956 1820 με-

389 1844 698 1915 γαλωσύνη.
726 1845 821 1898 καὶ
846 1844 879 1915 ἡ
908 1844 1372 1915 μεγαλοπρέπεια.
1400 1843 1627 1907 Οὐδενὸς
1645 1842 1756 1914 γὰρ
1784 1843 1953 1895 δεῖται

387 1940 422 2009 ὴ
439 1938 595 1991 οὐσία
611 1936 793 2007 ἐκείνη
811 1939 891 2001 είς
904 1936 966 1988 τὸ
984 1934 1325 2007 κατορθῶσαι
1342 1934 1409 1989 τὰ
1426 1936 1781 2006 προκείμενα·
1803 1934 1952 2007 [169]

386 2028 640 2098 ἀνενδεὴς
684 2028 794 2101 γάρ
832 2030 979 2084 ἐστι.
1010 2027 1327 2097 Παρακαλεϊ
1357 2027 1539 2081 τοίνυν
1582 2028 1610 2078 6
1645 2028 1953 2096 προφήτης,

389 2117 527 2187 ὑπὲρ
554 2120 652 2188 τῆς
678 2116 1008 2187 οἰκουμένης
1033 2104 1114 2178 είς
1134 2115 1368 2186 πόλεμον
1392 2114 1555 2168 αὑτὸν
1575 2113 1801 2182 ἐξάγων.
1822 2110 1956 2167 Εἶτα

389 2209 497 2262 ἀπὸ
522 2207 631 2260 τῶν
653 2207 872 2277 ὑψηλῶν
904 2208 1067 2261 πάλιν
1095 2208 1188 2260 ἐπὶ
1212 2208 1279 2261 τά
1310 2207 1590 2278 παχύτερα
1613 2208 1837 2274 κατάγει
1864 2205 1954 2258 τὸν

388 2299 566 2368 λόγον.
602 2298 788 2353 Εἰπὼν
824 2299 933 2369 γάρ
965 2299 1251 2371 μάχαιραν
1273 2301 1365 2353 καὶ
1400 2298 1594 2369 μηρὸν,
1625 2297 1851 2367 ἀνῆλθεν
1878 2298 1957 2359 είς

390 2391 486 2462 τὴν
516 2391 854 2461 ὡραιότητα·
890 2390 984 2445 καὶ
1026 2390 1188 2443 πάλιν
1230 2389 1437 2443 ἐκεῖθεν
1467 2388 1707 2442 κάτεισιν
1748 2389 1839 2441 ἐπὶ
1886 2387 1955 2440 τά

392 2481 843 2553 σωματικώτερα,
880 2482 974 2535 καί
1012 2497 1194 2552 φησιν·
1221 2481 1328 2534 Καὶ
1351 2480 1598 2543 ἔντεινε,
1626 2479 1721 2533 καί
1747 2494 1957 2532 κατευ-

389 2570 552 2633 οδοῦ,
583 2570 679 2624 καί
704 2570 1024 2633 βασίλευε.
1058 2567 1239 2622 Εἰπὼν
1266 2569 1344 2633 δὲ,
1380 2568 1668 2632 Ἐντεινε,
1699 2566 1760 2618 τὸ
1805 2566 1956 2632 τόξον

391 2663 522 2731 ἡμῖν
553 2661 790 2730 ἐδήλωσε
833 2662 927 2713 καὶ
954 2663 1016 2713 τὸ
1059 2661 1229 2731 βέλος.
1262 2654 1392 2712 Εἶτα
1416 2658 1630 2720 δεικνὺς
1656 2657 1836 2721 πάλιν,
1875 2658 1955 2710 ὅτι

388 2753 485 2822 οὑχ
514 2752 693 2805 ὅπλων
729 2750 877 2821 αὑτῷ
913 2751 1012 2815 δεῖ,
1044 2752 1313 2821 ἐπήγαγε,
1343 2749 1451 2803 Καὶ
1478 2747 1827 2812 κατευοδοῦ,
1855 2747 1953 2801 καὶ

385 2843 707 2905 βασίλευε.
740 2842 968 2911 Ἕτερος
990 2840 1047 2894 δὲ
1076 2840 1418 2910 ἑρμηνευτής
1446 2855 1600 2909 φησι,
1627 2839 1954 2906 Πρόκοπτε.

391 2931 678 2983 Βασιλείαν
706 2931 761 2983 δὲ
800 2929 1033 2984 ἐνταῦθα
1079 2930 1251 2997 λέγει,
1287 2930 1352 3000 ἢν
1387 2928 1554 2983 ἐλθὼν
1597 2928 1957 2999 κατώρθωσεν

391 3024 450 3074 ἐν
479 3023 730 3085 ὑστάτοις
759 3024 988 3093 καιροῖς,
1027 3021 1124 3092 τὴν
1154 3022 1273 3074 κατ’
1304 3021 1576 3074 οίκείωσιν
1607 3022 1700 3074 καὶ
1731 3020 1954 3086 γνῶσιν.

462 3180 537 3240 ς’.
562 3173 746 3228 Ταῦτα
771 3173 827 3227 δὲ
852 3173 921 3227 τά
968 3174 1189 3244 ῥήματα
1232 3171 1326 3226 τοῦ
1368 3172 1533 3226 πόθου
1576 3172 1809 3243 μάλιστά
1840 3173 1954 3227 ἐστι

392 3267 483 3320 τοῦ
514 3266 875 3337 προφητικοῦ,
905 3265 1138 3336 ὁρῶντος
1166 3264 1267 3336 ήδη
1297 3264 1364 3318 τά
1404 3262 1823 3335 κατορθώματα,
1864 3265 1957 3317 καὶ

392 3359 491 3431 τὴν
514 3358 836 3430 οἰκουμένην
858 3357 993 3428 πρὸς
1018 3355 1277 3428 ἀλήθειαν
1297 3370 1634 3426 χειραγωγου
1644 3354 1828 3426 μένην.
1858 3355 1956 3408 Διὰ

395 3450 758 3520 τοῦτοίτρόπῳ
781 3448 1277 3520 παρακελευομένη)
1308 3447 1573 3517 κέχρηται
1609 3444 1686 3515 τῷ
1717 3445 1957 3515 σχήματι

398 3542 495 3610 τῆς
522 3539 733 3607 λέξεως.
768 3539 930 3603 Ἔθος
960 3538 1069 3610 γὰρ
1103 3540 1197 3592 καὶ
1221 3540 1330 3599 τοῖς
1360 3536 1657 3599 ἐλάττοσιν,
1683 3536 1810 3588 ὅταν
1838 3534 1954 3587 δια-

398 3630 806 3703 θερμαινόμενοι
830 3629 966 3701 πρὸς
985 3630 1111 3692 τοὺς
1135 3628 1350 3698 μείζους
1377 3620 1498 3691 ὦσι,
1522 3626 1743 3690 ταύταις
1758 3625 1958 3697 κεχρῆ-

396 3721 518 3774 σθαι
543 3723 660 3784 ταῖς
674 3719 902 3784 λέξεσιν.
924 3720 1173 3774 Ἕνεκεν
1191 3717 1476 3785 ἀληθείας
1501 3717 1596 3770 καὶ
1627 3718 1959 3785 πραότητος

393 3812 492 3865 καὶ
539 3809 948 3876 δικαιοσύνης.
1004 3810 1373 3880 Ἐπιρῥῆματι
1426 3806 1682 3877 ἀληθείας
1737 3807 1953 3877 χρῆται.

406 3901 569 3972 Ὁρᾷς
595 3900 711 3963 πῶς
741 3901 933 3972 ἑαυτὴν
973 3899 1262 3971 ἐρμηνεύει
1298 3900 1330 3969 ἡ
1358 3898 1395 3950 Γ
1402 3898 1566 3969 ραφὴ.
1603 3897 1696 3950 καὶ
1720 3897 1957 3950 δείκνυσι

395 3992 585 4063 νοεράν
622 3987 786 4044 οὖσαν
828 3990 923 4062 τὴν
952 3992 1107 4060 νίκην
1142 3990 1236 4043 καὶ¹
1282 3991 1684 4060 πνευματικήν;
1745 3990 1803 4040 Ὀ
1849 3987 1958 4058 γάρ

390 4082 572 4138 ὅπλων
610 4082 1008 4154 μνημονεύσας,
1042 4083 1135 4134 καὶ
1167 4081 1461 4152 ῥομφαίας,
1484 4080 1576 4133 καὶ
1619 4079 1808 4145 τόξων,
1842 4078 1958 4142 πῶς

391 4173 698 4244 πραότητος
749 4172 983 4227 ἐνταῦθα
1034 4173 1334 4244 μέμνηται;
1385 4170 1521 4225 Ποία
1565 4169 1672 4242 γάρ
1710 4170 1959 4224 κοινωνία

372 4262 658 4336 ’πραότητι
707 4264 802 4317 καὶ
846 4263 1086 4335 πολέμῳ,
1120 4263 1391 4334 ἐπιεικείᾳ
1437 4263 1530 4317 καὶ
1564 4264 1748 4335 μάχης
1781 4260 1958 4333 Πολλὴ

394 4355 494 4425 μὲν
524 4351 638 4418 οὖν,
672 4356 766 4410 ἐάν
797 4373 879 4418 τις
910 4354 1152 4425 ἀκριϐῶς
1200 4355 1448 4425 ἐξετάσῃ.
1492 4354 1644 4406 Ἐπεὶ
1677 4352 1771 4405 καὶ
1797 4350 1959 4403 Δαυῖδ

392 4447 485 4501 καὶ
518 4446 755 4516 Μωῦσῆς
784 4447 949 4515 πρᾶοι
974 4434 1134 4516 ἦσαν.
1161 4445 1251 4497 Διὸ
1273 4446 1402 4516 περὶ
1438 4445 1536 4516 μὲν
1560 4444 1768 4498 ἐκείνου
1796 4443 1957 4513 φησὶν

393 4539 426 4609 ἡ
455 4537 494 4590 Γ
501 4537 642 4609 ραφή
662 4553 676 4567 ·
704 4536 1036 4605 Μνήσθητι,
1073 4537 1265 4606 Κύριε,
1294 4535 1400 4590 τοῦ
1423 4533 1607 4590 Δαυῖδ
1629 4532 1728 4593 καί
1752 4532 1957 4599 πάσης

390 4628 501 4698 τῆς
539 4628 876 4696 πραότητος
904 4626 1089 4681 αὑτοῦ
1112 4644 1124 4656 ·
1155 4626 1283 4697 περὶ
1313 4626 1369 4680 δὲ
1396 4625 1696 4690 Μωὺσέως,
1724 4625 1805 4678 ὅτι
1837 4620 1959 4677 τΗν

391 4721 720 4788 πραότατος
741 4718 1001 4788 Μωῢσῆς
1015 4717 1254 4773 πάντων
1263 4715 1590 4784 ἀνθρώπων
1602 4714 1720 4770 τῶν
1733 4715 1829 4769 ἐπί
1848 4713 1957 4784 τῆς

390 4811 523 4881 γῆς·
542 4810 656 4864 ἀλλ’
677 4811 827 4882 ὅμως
850 4811 1130 4880 φαίνονται
1150 4801 1297 4863 οὑτοι
1313 4809 1362 4861 οί
1388 4808 1607 4862 πάντων
1635 4807 1953 4878 πραότατοι,

395 4906 627 4974 μάλιστα
655 4905 870 4959 πάντων
897 4904 1245 4975 ἀμυνόμενοι.
1283 4901 1421 4954 Ἀλλ’
1443 4903 1491 4954 εί
1521 4899 1792 4970 βούλεσθε,
1825 4900 1958 4972 πρό-

388 5013 545 5068 τερον
563 4996 664 5067 τὴν
689 4996 969 5067 πραότητα
988 4993 1168 5048 αὐτῶν
1194 4992 1454 5063 εἴπωμεν·
1485 4990 1752 5054 Πολλάκις
1777 4989 1957 5045 λαϐὼν

388 5089 419 5140 6
450 5086 719 5159 μακάριος
768 5081 921 5150 οὗτος
960 5086 1053 5139 τὸν
1086 5083 1280 5149 Σαοὺλ,
1310 5082 1404 5136 καλ⁸
1435 5080 1729 5152 γενόμενος
1771 5081 1960 5151 κύριος

389 5177 618 5243 ἀνελεῖν,
665 5179 765 5233 οὑκ
815 5179 1064 5248 ἐπήγαγε
1092 5176 1192 5249 τὴν
1225 5176 1384 5246 χεῖρα
1404 5188 1416 5201 '
1449 5172 1585 5228 ἀλλά
1630 5173 1724 5225 καὶ
1756 5171 1958 5241 ἐτέρων

388 5268 848 5341 ἐγκελευομένων,
906 5268 1179 5338 ἐφείσατο,
1230 5267 1326 5321 καὶ
1364 5265 1454 5321 τὸν
1499 5263 1668 5336 θυμὸν
1703 5262 1955 5333 ἐχάλασε.

389 5361 621 5416 καὶτοῦ
654 5362 853 5432 Σεμεεὶ
878 5362 936 5416 δέ
975 5360 1199 5415 τοιαῦτα
1225 5356 1559 5431 ὑϐρίζοντος,
1596 5355 1693 5411 καλ⁹
1724 5357 1789 5426 τῇ
1822 5371 1961 5424 συμ-

391 5457 535 5527 φορᾷ
554 5455 673 5510 τότε
694 5455 1120 5532 ἐπεμϐα-ίνοντος
1142 5452 1372 5519 ἐκείνου,
1391 5448 1613 5505 καὶτῶν
1637 5446 1959 5520 στρατηγῶν

449 5628 481 5659 ³
508 5631 605 5693 Alli
624 5629 794 5693 μεριεῖ,
821 5633 873 5678 et
894 5631 965 5693 sie
987 5627 1240 5693 legiturrin
1265 5625 1483 5693 egitione
1509 5625 1723 5693 Romapa
1750 5625 1955 5693 t§w_0'.

392 5689 444 5738 In
469 5689 589 5739 edit.
600 5685 1066 5755 Amo-l'elipeptelmtv
1087 5691 1258 5751 σκῦλα,
1291 5691 1496 5740 fortasse
1520 5686 1755 5736 mendose
1780 5685 1957 5735 factum

389 5764 448 5802 ex
472 5753 619 5813 μεοιεῖ
638 5752 699 5801 τά
717 5749 887 5801 σκῦλαζ

2052 844 2377 910 στρατηγοῖς
2403 841 2610 911 λέγων·
2667 844 2963 899 Φείσασθέ
2996 863 3098 915 μοι
3147 847 3253 901 τοῦ
3300 847 3617 915 παιδαρίου

2034 929 2441 1015 ⁸Ἄϐεσσαλώμ
2466 949 2486 996 ;
2519 934 2647 986 Ὅτε
2673 934 2729 987 δέ
2758 936 2813 988 ἐν
2838 936 3140 1007 προοιμίοις
3168 937 3298 1008 πρὸς
3322 939 3447 1001 τοὺς
3467 938 3619 991 ἀδελ-

2053 1022 2186 1089 φοὺς
2215 1021 2484 1090 διελέγετο
2502 1022 2989 1094 διαφθονουμένους
3012 1027 3105 1078 καὶ
3128 1026 3512 1101 βασκαίνοντας
3531 1025 3618 1079 διὰ

2052 1112 2150 1182 τὴν
2180 1113 2440 1183 ἐσομένην
2461 1113 2637 1184 νίκην,
2663 1114 2910 1185 ἐννόησον
2932 1115 3047 1179 πῶς
3072 1118 3262 1187 πράως
3286 1117 3615 1184 διαλέγεται,

2054 1198 2151 1266 Μὴ
2177 1197 2311 1267 οὐχὶ
2325 1198 2494 1267 ,ῥῆμά
2512 1199 2678 1262 ἐστι;
2715 1199 2907 1268 λέγων.
2940 1202 3004 1255 Τί
3035 1203 3091 1255 δὲ
3119 1204 3394 1273 Μωῦσῆς;
3445 1204 3619 1275 ’Υπὲρ

2054 1286 2160 1338 τῶν
2191 1284 2520 1337 λιθασάντων
2554 1285 2903 1358 αὑτὸν,·ὑπέρ
2949 1287 3056 1341 τῶν
3102 1289 3417 1355 ἀνελόντων,
3453 1292 3511 1343 τό
3552 1307 3617 1359 γε

2056 1373 2134 1434 είς
2160 1370 2352 1434 αὑτοὺς
2375 1367 2528 1443 ἧκον,
2558 1372 2785 1427 ἄκουσον
2811 1374 2861 1427 τί
2888 1392 3066 1444 φησιν·
3096 1378 3163 1429 El
3186 1376 3302 1445 μὲν
3323 1378 3485 1446 ἀφῇς
3513 1381 3620 1433 αὐο-

2054 1457 2179 1524 τοῖς
2214 1456 2330 1524 τὴν
2352 1457 2661 1527 ἁμαρτίαν,
2694 1460 2862 1528 ἄφες·
2901 1462 3042 1516 εἰδὲ
3074 1464 3182 1531 μὴ,
3212 1463 3363 1533 κάμὲ
3390 1464 3619 1528 ἐξάλει-

2055 1547 2179 1612 grav
2201 1545 2268 1598 ἐκ
2298 1542 2404 1611 τῆς
2430 1545 2645 1608 ,ϐίϐλου
2675 1542 2747 1616 ἧς
2781 1548 3065 1618 ἔγραψας.
3112 1550 3340 1623 Ἑτέρων
3372 1551 3427 1604 δὲ
3459 1552 3620 1606 πάλιν

2056 1633 2216 1686 αὑτὸν
2235 1632 2313 1693 εἰς
2326 1631 2482 1702 ζῆλον
2498 1631 2644 1704 [ΠΟ]
2666 1633 2973 1698 κινούντων,
2994 1635 3088 1690 καὶ
3113 1637 3519 1706 παροξυνόντων
3540 1640 3621 1701 είς

2057 1718 2531 1789 ἀγανάκτησινκτα
2550 1718 2809 1786 φιλόσοφα
2838 1721 3017 1775 ἐκεῖνα
3046 1722 3376 1791 ἐφθέγξατο(⁵
3403 1725 3620 1795 ῥήματα

2057 1806 2227 1874 λέγων
2247 1823 2260 1837 ·
2296 1806 2389 1872 Τίς
2407 1805 2526 1874 δώῃ
2547 1806 2740 1860 πάντα
2758 1808 2863 1861 τὸν
2884 1812 3039 1863 λαόν
3062 1812 3280 1878 Κυρίου
3312 1812 3620 1881 προφήτας

2056 1892 2239 1957 sirm;
2272 1894 2440 1966 ’Υπὲρ
2463 1895 2518 1948 δὲ
2545 1896 2643 1966 τῆς
2666 1896 2895 1967 ἀδελφῆς
2929 1897 3085 1953 πάλιν
3119 1898 3504 1970 λοιδορησάσης
3524 1903 3621 1954 αὑε-

2057 1981 2167 2045 τὸν,
2201 1982 2331 2052 ὅσην
2350 1981 2553 2034 τίθεται
2576 1981 2671 2052 τὴν
2693 1984 2968 2054 ἱκετηρίαν
2994 1985 3006 2036 !
3030 1985 3137 2038 Kal
3161 1986 3485 2055 πολλαχόθεν
3508 1988 3622 2040 ἐτέ-

2062 2069 2233 2139 ρωθεν
2250 2070 2347 2122 ίδοι
2367 2087 2450 2133 τις
2468 2070 2533 2123 ἂν
2548 2069 2711 2123 αὑτοῦ
2732 2071 2831 2141 τὴν
2850 2072 3148 2143 πραότητα,
3175 2074 3261 2126 ὅτε
3284 2076 3377 2127 καὶ
3404 2076 3498 2146 τῆς
3516 2076 3622 2144 γῆς

2061 2154 2326 2219 ἐκπεσὼν,
2348 2155 2443 2209 καὶ
2462 2158 2538 2218 είς
2557 2155 2652 2227 τὴν
2677 2158 3036 2228 Παλαιστίνην
3060 2160 3320 2224 κωλυθεὶς
3341 2163 3618 2225 εἰσελθεῖν,

2063 2242 2200 2312 μετά
2240 2243 2418 2312 πάσης
2464 2240 2760 2307 ἐπιεικείας
2807 2246 3107 2314 διαλέγεται
3156 2249 3267 2310 τοῖς
3327 2248 3617 2313 Ἰουδαίοις.

2073 2329 2211 2383 Ἀλλ’
2245 2330 2393 2399 ὅμως
2429 2325 2581 2394 οὗτος
2613 2332 2642 2384 ό
2685 2333 2858 2401 πρᾶος
2892 2332 2981 2384 τὸν
3012 2333 3188 2386 Δαθάν
3218 2336 3311 2388 καὶ
3361 2336 3621 2407 Ἀϐειρὼν

2060 2418 2154 2470 καὶ
2199 2417 2342 2486 Κορέ
2376 2416 2572 2486 ¹ηξίωσε
2615 2417 3019 2488 καταποθῆναι,
3052 2420 3211 2490 ἡνίκα
3254 2424 3320 2492 τῇ
3357 2422 3622 2495 ἱερωσύνῃ

2061 2503 2450 2573 ἐπανέστησαν,
2486 2502 2591 2556 ὑπὸ
2621 2503 2716 2574 τῆς
2747 2503 2869 2572 γῆς,
2911 2505 3005 2557 καὶ
3035 2505 3158 2568 τοὺς
3186 2505 3376 2570 ἄλλους
3404 2510 3622 2579 ἐμπρη-

2063 2590 2274 2661 σθῆναι,
2305 2592 2391 2644 ὂτε
2416 2592 2791 2661 προσήνεγκαν
2814 2590 2925 2664 πῦρ
2951 2592 3245 2664 ἀλλότριον.
3278 2595 3387 2649 Καὶ
3411 2596 3438 2647 6
3463 2596 3624 2650 Δαυῒδ

2059 2677 2115 2729 δὲ
2142 2678 2230 2730 τὸν
2261 2677 2450 2731 ramo
2478 2678 2812 2746 κατήνεγκεν
2837 2680 2864 2731 6
2891 2682 3081 2749 πρᾶος,
3109 2680 3203 2733 καὶ
3233 2681 3293 2733 τὸ
3328 2682 3622 2751 στρατόπε-

2060 2763 2147 2817 δον
2178 2765 2344 2836 ήλασε
2363 2805 2377 2830 ,
2406 2765 2497 2817 καὶ
2526 2765 2623 2832 τὴν
2653 2765 2806 2835 νίκην
2835 2765 3023 2833 ἤρατο.
3053 2765 3222 2818 Τοῦτο
3251 2765 3357 2837 γὰρ
3391 2765 3621 2837 μάλιστά

2061 2852 2173 2904 ἐστι
2212 2852 2417 2922 πράου,
2444 2850 2514 2903 τὰ
2543 2850 2639 2921 μὲν
2672 2853 2750 2912 είς
2780 2850 2970 2903 ἐαυτὸν
2999 2851 3249 2918 ἀφεῖναι,
3280 2855 3392 2914 τοῖς
3423 2852 3480 2904 δέ
3510 2853 3625 2906 ἀδι-

2061 2940 2343 3010 κουμένοις
2374 2938 2618 3010 ἀμύνειν·
2650 2938 2897 3009 καθάπερ
2920 2939 3012 2991 καὶ
3036 2941 3063 2992 6
3090 2939 3321 3010 Χριστὸς
3347 2941 3620 3009 ἐποίησεν.

2060 3028 2155 3089 El;
2203 3027 2310 3098 γάρ
2347 3028 2438 3080 τὸν
2475 3028 2703 3099 σταυρὸν
2754 3025 2956 3089 ἀναϐὰς
2999 3025 3170 3093 ἔλεγε·
3220 3025 3428 3093 Πάτερ,
3477 3027 3625 3096 ἄφες

2060 3113 2282 3179 αὐτοῖς’
2326 3115 2400 3167 οὺ
2442 3113 2551 3182 γὰρ
2590 3113 2787 3168 οῖδασι
2842 3115 2899 3167 τί
2952 3113 3213 3167 ποιοῦσι.
3254 3113 3365 3166 Kal
3414 3112 3624 3183 θρηνῶν

2061 3200 2220 3253 πάλιν
2263 3199 2358 3271 τὴν
2415 3199 2766 3271 Ἰερουσαλὴμ
2808 3199 2996 3268 ἔλεγε·
3046 3200 3313 3265 Ποσάκις
3354 3200 3626 3268 ἠθέλησα

2059 3287 2526 3356 ἐπισυναγαγεῖν
2560 3286 2632 3340 τὰ
2670 3287 2852 3339 τέκνα
2887 3285 3071 3355 ὑμῶν,
3125 3285 3223 3339 καὶ
3270 3289 3378 3340 οὐκ
3408 3286 3626 3354 ἠθελή-

2061 3391 2228 3430 σατε·
2262 3376 2389 3429 ἰδοὺ
2424 3376 2657 3443 ἀφίεται
2687 3379 2718 3430 ό
2749 3372 2911 3438 οἶκος
2939 3374 3105 3444 ὑμῶν
3127 3375 3364 3444 ἕρημος.
3401 3377 3508 3428 Καὶ
3532 3378 3627 3446 ρα-

2060 3462 2369 3532 πιζόμενος,
2409 3463 2509 3516 οὑκ
2555 3463 2970 3533 ἀντεῤῥάπισεν,
3004 3462 3117 3515 ἀλλ’
3166 3462 3510 3530 ἀπολογεῖται
3547 3463 3626 3534 τῷ

2064 3551 2373 3622 ραπίζοντι·
2409 3550 2503 3602 καὶ
2540 3549 2804 3620 δαιμονῶν
2844 3549 3208 3620 καλούμενος,
3243 3551 3503 3622 δαίμονας
3538 3551 3627 3615 ἐξ·

2062 3637 2239 3691 έϐαλε·
2273 3637 2364 3691 καὶ
2396 3637 2591 3699 πλάνος
2622 3638 2712 3691 καὶ
2736 3637 2978 3700 ἀντίθεος
2996 3636 3341 3706 καλούμενος,
3372 3639 3450 3700 εἰς
3473 3636 3628 3707 βασι-

2061 3725 2206 3779 λείαν
2228 3726 2423 3784 αὑτοὺς
2448 3723 2818 3796 ἐχειραγώγει.
2850 3724 2959 3775 Kal
2985 3726 3096 3786 τοῖς
3122 3724 3386 3793 μαθηταῖς
3411 3723 3627 3776 ἐκέλευε

2061 3812 2331 3882 πανταχοῦ
2369 3797 2780 3882 μαστιγοῦσθαι,
2813 3809 3129 3873 διώκεσθαι,
3165 3810 3502 3876 ἐλαύνεσθαι,
3532 3812 3628 3865 καὶ

2061 3900 2159 3971 τὴν
2191 3899 2397 3953 ἐλάττω
2426 3897 2819 3968 καταδέχεσθαι
2862 3895 3031 3960 τάξιν·
3074 3897 3137 3950 '0
3182 3897 3290 3968 γὰρ
3331 3896 3523 3951 θέλων
3557 3898 3628 3951 ἐν

2060 3987 2202 4055 ὑμῖν
2237 3982 2389 4040 εἶναι
2438 3985 2684 4053 πρῶτος,
2732 3983 2913 4054 φησὶν,
2950 3983 3104 4036 ἔστω
3136 3982 3300 4051 ὑμῶν
3327 3983 3623 4048 διάκονος.

2062 4074 2171 4127 Καὶ
2199 4072 2257 4125 τὸ
2287 4071 2588 4140 ὑπόδειγμα
2620 4070 2828 4123 οἴκοθεν
2855 4069 3024 4136 ἐπῆγε
3069 4068 3259 4135 λέγων’
3292 4066 3566 4135 Καθάπερ
3592 4071 3627 4121 ό

2063 4159 2193 4225 Υἱὸς
2215 4159 2322 4212 τοῦ
2348 4157 2659 4225 ἀνθρώπου
2698 4159 2808 4210 οὐκ
2828 4152 2972 4224 ἦλθε
2995 4152 3438 4221 διακονηθῆναι,
3466 4153 3627 4208 ἀλλὰ

2063 4245 2417 4315 διακονῆσαι
2444 4244 2540 4298 καὶ
2560 4243 2767 4298 δοῦναι
2803 4241 2918 4309 τὴν
2944 4240 3155 4309 ψυχὴν
3192 4240 3378 4294 αὐτοῦ
3403 4241 3627 4305 λύτρον

2063 4333 2195 4389 ἀντὶ
2232 4330 2497 4387 πολλῶν.
2538 4332 2599 4383 El
2642 4330 2697 4383 δὲ
2731 4328 2940 4382 ἐλαύνει
2969 4327 3244 4397 δαίμονας.
3279 4328 3377 4380 καὶ
3405 4326 3629 4398 πολεμεῖ

2062 4422 2141 4494 τῷ
2167 4422 2394 4491 διαϐόλῳ
2415 4462 2428 4483 ,
2465 4421 2557 4474 καὶ
2601 4419 2698 4489 τὴν
2730 4417 2936 4486 πλάνην
2969 4417 3179 4487 ἀναιρεῖ
3209 4418 3302 4470 καὶ
3342 4416 3499 4470 τοῦτο
3528 4418 3629 4487 μά·-

2063 4510 2219 4563 λιστα
2240 4507 2540 4578 πραότητός
2566 4507 2701 4571 ἐστι,
2725 4505 2786 4559 τὸ
2802 4504 2899 4575 τὴν
2919 4503 3114 4557 κακίαν
3143 4503 3239 4574 μὲν
3262 4505 3438 4557 πᾶσαν
3459 4503 3625 4571 λύειν,

2062 4592 2283 4657 τοὺςδὲ
2317 4593 2711 4663 κατεχομένους
2761 4590 3094 4661 ἐλευθεροῦν,
3136 4591 3196 4642 τὸ
3247 4591 3372 4654 τοὺς
3410 4591 3630 4645 ἐπιϐου-

2064 4679 2311 4744 λεύοντας
2322 4678 2579 4750 δαίμονας
2603 4677 2962 4742 ἀναστέλλειν,
2980 4675 3168 4745 τοὺςδέ
3191 4677 3630 4749 ἐπηρεασθέντας

2065 4767 2420 4822 ἀπαλλάττειν
2444 4766 2552 4820 τῶν
2586 4765 2791 4819 δεινῶν.
2823 4764 2888 4817 Τί
2919 4764 2974 4817 δέ
3003 4765 3168 4830 ἐστιν,
3201 4766 3443 4819 Ἕνεκεν
3482 4767 3630 4832 ἀλη-

2064 4855 2242 4920 θείας,
2275 4854 2369 4907 καὶ
2394 4853 2754 4920 πραότητος,
2790 4851 2885 4904 καὶ
2925 4850 3348 4918 δικαιοσύνης;
3381 4849 3512 4904 Εἶπε
3539 4852 3629 4904 τὸν

2064 4942 2317 5012 πόλεμον,
2331 4936 2448 4993 εἷπε
2475 4939 2573 5011 τὴν
2585 4937 2905 5010 παράταξιν,
2931 4938 3095 5003 ἔδειξε
3111 4939 3200 4990 τὸν
3214 4939 3457 5007 ὁπλίτην·
3482 4938 3629 5006 λέγει

1993 5070 2011 5089 .
2062 5029 2242 5082 λοιπὸν
2267 5027 2361 5080 καὶ
2389 5029 2486 5099 τῆς
2514 5025 2786 5097 βασιλείας
2814 5025 2975 5081 αὑτοῦ
3003 5026 3071 5080 τά
3098 5024 3512 5096 κατορθώματα,
3539 5026 3629 5078 λέ-

2075 5130 2147 5185 γει
2168 5116 2258 5169 τοῦ
2275 5116 2535 5187 τροπαίου
2556 5115 2616 5168 τὸ
2644 5111 2780 5178 εἶδος
2798 5152 2813 5177 ,
2848 5113 2994 5182 λέγει
3023 5114 3120 5183 τῆς
3137 5111 3289 5182 νίκης
3319 5114 3417 5182 τὴν
3448 5110 3625 5181 φύσιν.

2062 5207 2124 5259 Οί
2160 5206 2257 5277 μὲν
2282 5205 2391 5276 γάρ
2419 5204 2567 5258 ἄλλοι
2594 5203 2790 5264 πάντες
2817 5202 3091 5273 ἄνθρωποι
3135 5200 3502 5270 βασιλεύοντες
3535 5218 3633 5253 πο-

2063 5292 2337 5364 λεμοῦσιν,
2367 5292 2640 5364 ἢ“πόλεων
2682 5291 2886 5357 ἕνεκεν,
2917 5291 2949 5360 ἢ
2985 5289 3300 5360 χρημάτων,
3344 5287 3376 5357 ἢ
3412 5286 3626 5358 ἔχθρας,

2063 5380 2096 5451 ἢ
2134 5379 2454 5444 κενοδοξίας·
2491 5379 2652 5441 αὑτὸς
2684 5378 2740 5431 δὲ
2768 5378 2833 5430 δι’
2864 5375 3015 5430 οὐδὲν
3044 5374 3268 5438 τούτων,
3301 5374 3412 5426 ἀλλ’
3440 5375 3629 5427 ἕνεκεν

2129 5561 2157 5599 b
2179 5558 2259 5607 Sic
2281 5557 2406 5619 Reg.
2431 5556 2523 5605 εει
2536 5563 2597 5619 et
2637 5558 2709 5604 sic
2741 5556 2872 5619 ‘legit
2892 5554 3155 5617 interpres.
3177 5553 3233 5619 In
3258 5553 3374 5619 edil.
3405 5553 3554 5604 Savil.
3579 5558 3632 5603 et

2067 5620 2257 5681 Mor-eL,
2282 5616 2666 5681 éprfapowpﬁwa,
2680 5616 2843 5681 Δποὶρςης
2866 5633 2973 5681 σοφ.
2996 5616 3100 5681 γέμ.
3123 5618 3277 5679 φθέγγ.
3300 5618 3499 5681 ρήμέαταΣ

2129 5684 2152 5713 °
2189 5675 2463 5739 Ἐφθέγξατο
2486 5679 2660 5726 deerat
2678 5678 2725 5724 in
2750 5675 2944 5739 Morel.,'
2963 5675 3269 5739 sed‘in'A-mks'.
3297 5675 3517 5739 eL’Sayil.
3545 5675 3608 5724 ha

2071 5743 2234 5793 betur.
2254 5736 2384 5791 Infra
2409 5739 2754 5804 λοιδορητάσης
2793 5736 2951 5797 αὐτόν,
2991 5738 3074 5786 alii
3099 5737 3228 5798 αῦτῷ
3248 5751 3341 5786 non
3368 5736 3513 5786 male.
