4084 6278
476 342 575 398 195

467 454 753 529 ἀληθείας,
774 456 860 511 ἵνα
890 454 1058 527 αὐτὴν
1088 455 1146 509 ἐν
1173 458 1239 527 τῇ
1273 459 1344 528 γῇ
1377 455 1620 527 φυτεύσῃ
1638 473 1652 487 ·
1686 457 1781 511 καὶ
1800 454 2041 527 πραότη-

467 563 575 611 τος,
597 545 682 598 ἵνα
706 542 908 615 θηρίων
934 543 1090 606 ὄντας
1110 542 1541 614 χαλεπωτέρους,
1571 544 1779 615 πράους
1804 542 2043 614 ἐργάση-

464 648 570 687 ται·
603 632 697 685 καὶ
720 629 1082 700 δικαιοσύνης,
1115 630 1203 684 ἵνα
1237 630 1342 683 ὑπὸ
1367 630 1467 701 τῆς
1497 629 1728 700 ἀνομίας
1757 645 2042 701 τυραννου-

470 720 683 790 μένους,
712 717 952 781 δικαίους
997 719 1195 789 ποιήσῃ
1222 758 1237 783 ,
1268 717 1486 788 πρῶτον
1516 717 1615 788 μὲν
1650 714 1758 770 ἀπὸ
1787 716 2040 789 χάριτος,

458 809 715 879 δεύτερον
735 807 902 861 δὲκαὶ
928 806 1033 860 ἀπὸ
1052 805 1512 876 κατορθωμάτων.
1529 805 1639 860 Καὶ
1659 804 1947 875 ὁδηγήσει
1968 818 2043 858 σε

466 893 821 963 θαυμαστῶς
847 895 884 960 ἡ
915 893 1081 958 δεξιά
1105 908 1240 947 σου.
1271 892 1483 957 ⁸Ἀλλος,
1506 892 1768 963 1711Καί
1800 893 2044 961 φωτίσει

465 997 541 1034 σε
561 982 657 1034 ἐπὶ
689 980 907 1049 φοϐερὰ
930 982 967 1047 ἡ
989 979 1156 1044 δεξιά
1179 994 1317 1034 σου.
1352 979 1565 1049 Ἄλλος,
1589 979 1701 1037 Καὶ
1740 979 2043 1045 ὑποδείξει

465 1085 564 1122 σοι
591 1068 810 1137 φοϐερὰ
843 1069 881 1130 ἡ
909 1066 1077 1132 δεξιά
1102 1082 1218 1122 σου
1241 1080 1289 1122 α.

536 1175 599 1239 ζ’.
620 1170 773 1239 Εἶδες
791 1176 907 1238 πῶς
926 1174 1084 1230 πάλιν
1106 1174 1430 1246 παρήνοιξεν
1456 1178 1587 1247 ἡμῖν
1609 1174 1705 1231 τοῦ
1725 1175 1794 1230 τά
1818 1174 2041 1230 τοιαῦτα

465 1266 854 1339 κατορθοῦντος
874 1266 936 1319 τὸ
954 1266 1203 1337 ἀξίωμας
1234 1267 1446 1339 Ὥσπερ
1466 1268 1574 1338 γὰρ
1593 1267 1851 1338 ἀνωτέρω
1873 1265 2042 1321 εἰπὼν

464 1355 603 1409 ὅπλα
635 1355 728 1409 καὶ
756 1355 1046 1425 ῥομφαίαν,
1075 1355 1168 1408 ἐπὶ
1201 1355 1299 1427 τὴν
1321 1355 1627 1427 ὡραιότητα
1658 1354 1823 1425 ἀνέϐη
1852 1354 1902 1421 δ,
1947 1354 2041 1411 καὶ

467 1442 602 1513 πρὸς
628 1442 726 1504 τὰς
770 1442 1093 1512 ἀσωμάτους
1120 1441 1327 1504 ἐννοίας
1356 1442 1447 1495 τὸν
1474 1442 1749 1512 ἀκροατὴν
1791 1442 1999 1512 ήγαγεν
2023 1458 2037 1471 ·

464 1529 605 1582 οὕτω
637 1529 796 1582 πάλιν
823 1529 915 1581 ἐπὶ
946 1529 1007 1581 τὸ
1041 1529 1343 1599 παχύτερον
1387 1527 1633 1590 καταϐάς
1651 1570 1666 1593 ,
1694 1528 1763 1583 τά
1791 1527 1922 1593 τόξα
1948 1530 2042 1582 καὶ

461 1618 530 1671 τά
583 1616 731 1689 βέλη,
785 1617 926 1673 κατά
958 1617 1151 1690 μικρὸν
1188 1618 1379 1685 ἀνάγει
1418 1616 1580 1694 πάλιν
1611 1617 1703 1671 τὸν
1744 1616 2039 1689 ἀκροατὴν,

461 1704 635 1773 λέγων
659 1703 753 1758 τοῦ
789 1704 1029 1774 πολέμου
1057 1703 1157 1767 τὰς
1194 1704 1405 1768 αἰτίας,
1453 1704 1710 1775 ἀλήθειαν
1743 1704 1836 1757 καί⁵
1874 1704 2043 1775 πραό-

459 1808 598 1864 τητα
622 1792 716 1845 καὶ
744 1791 1107 1860 δικαιοσύνην·
1140 1785 1259 1843 εἶτα
1287 1788 1448 1844 πάλιν
1479 1790 1573 1843 καὶ
1600 1790 1691 1845 τδν
1720 1789 1919 1860 τρόπον
1944 1789 2042 1859 τῆς

462 1878 634 1949 νίκης.
686 1879 843 1930 Ποῖον
889 1876 946 1929 δὲ
987 1874 1210 1943 τοῦτον;
1258 1875 1369 1929 Καὶ
1422 1876 1710 1945 ὁδηγήσει
1741 1890 1834 1934 σε.
1872 1876 2038 1946 φησὶ,

463 1966 818 2036 θαύμαστῶς
837 1966 874 2033 ὴ
900 1964 1068 2028 δεξιά
1091 1978 1228 2019 σου.
1257 1967 1322 2018 ’0
1343 1964 1399 2017 δέ
1418 1965 1587 2033 λέγει,
1613 1964 1849 2018 τοιοῦτόν
1872 1965 2037 2016 ἐστιν·

461 2060 609 2132 Αὐτὴ
640 2062 807 2130 ἑαυτῇ
839 2060 1000 2130 ἀρκεῖ
1032 2060 1065 2128 ή
1105 2057 1285 2127 φύσις,
1320 2058 1455 2127 αὐτὴ
1497 2060 1665 2129 ἑαυτῇ
1702 2058 1864 2128 ἀρκεῖ
1890 2058 1924 2127 ἡ
1953 2054 2043 2110 δύ-

459 2168 623 2222 ναμις
645 2153 723 2214 εἰς
753 2149 814 2204 τὸ
850 2150 946 2204 καὶ
973 2149 1103 2202 ἰδεῖν
1132 2149 1202 2203 τὰ
1227 2150 1472 2221 πρακτέα
1494 2189 1511 2217 ,
1545 2151 1640 2204 καὶ
1666 2151 1821 2215 τέλος
1856 2152 2042 2216 αὐτοῖς

456 2237 747 2293 ἐπιθεῖναι.

528 2348 637 2400 Καὶ
658 2344 836 2409 καλῶς
862 2344 1048 2416 ἕτερος
1074 2338 1216 2411 εἷπε,
1244 2344 1467 2412 Φοϐερὰ
1494 2345 1532 2412 ἡ
1559 2344 1727 2409 δεξιά
1744 2358 1882 2399 σου·
1906 2345 2040 2399 πολὺ

458 2433 568 2504 7&9
612 2432 819 2503 φοϐερά
853 2432 924 2484 τὰ
962 2432 1373 2502 κατωρθωμένα
1419 2434 1513 2486 καὶ
1555 2433 1756 2504 φρίκης
1784 2433 2038 2504 γέμοντα.

459 2519 697 2581 Θάνατος
717 2517 902 2588 ἐλύθη,
929 2517 1062 2588 ᾅδης
1088 2517 1386 2590 ἀνερῥάγη,
1411 2519 1735 2590 παράδεισος
1766 2519 2038 2590 ἀνεῴχθη,

458 2610 489 2660 6
531 2605 762 2676 οὐρανὸς
808 2604 1185 2673 ἀππετάσθη,
1232 2603 1485 2675 δαίμονες
1544 2605 2038 2677 ὲπεστομίσθησαν,

458 2692 692 2765 ἀνεμίγη
718 2693 786 2747 τά
817 2693 967 2747 κάτω
994 2695 1106 2755 τοῖς
1136 2691 1249 2746 ἄνω
1276 2733 1289 2755 ,
1324 2692 1458 2755 Θεὸς
1483 2693 1768 2765 ἄνθρωπος
1795 2692 2038 2762 γέγονεν,

458 2778 740 2850 ἄνθρωπος
762 2780 853 2833 ἐπὶ
879 2779 1156 2849 βασιλικοῦ
1185 2778 1418 2851 κάθηται
1449 2778 1664 2850 θρόνου·
1693 2780 2041 2843 ἀναστάσεως

457 2866 669 2930 ἐλπίδες
711 2867 1028 2937 ἠνοίγησαν,
1080 2866 1337 2920 ἀθάνατοι
1402 2867 1753 2937 προσδοκίαι,
1822 2865 2040 2934 ἀγαθῶν

457 2955 786 3026 ἁπορῥήτων
814 2953 1113 3016 ἀπόλαυσις
1135 2994 1150 3013 ,
1200 2952 1269 3005 τά
1313 2952 1446 3006 ἀλλα
1492 2954 1592 3006 ὅσα
1624 2953 1711 3008 διὰ
1742 2953 1838 3024 τῆς
1872 2952 2037 3006 αὑτοῦ

457 3040 761 3114 παρουσίας
791 3038 1138 3110 κατώρθωσε.
1172 3040 1270 3093 Διά
1313 3040 1377 3110 δὴ
1406 3038 1563 3092 τοῦτο
1585 3036 1756 3104 εἶπεν,
1798 3039 2039 3109 Ὀδηγή-

457 3142 553 3182 σει
586 3142 660 3180 σε
696 3126 795 3179 ἐπὶ
815 3125 889 3181 τὰ
926 3127 1146 3195 φοϐερὰ
1178 3126 1364 3179 ταῦτα
1389 3127 1426 3194 ἡ
1453 3125 1624 3190 δεξιά
1651 3144 1787 3190 σου,
1827 3126 2039 3192 δεικνὺς

455 3214 538 3266 ὅτι
565 3213 725 3285 ἀρκεῖ
754 3213 920 3283 ἑαυτῇ
940 3223 962 3251 ο
993 3213 1025 3282 ή
1050 3211 1232 3281 φύσις,
1262 3213 1413 3283 φησὶ,
1452 3213 1545 3265 καὶ
1573 3213 1856 3284 ἡδύναμις
1880 3217 1959 3277 εἰς
1976 3215 2039 3268 τὸ

454 3300 551 3354 καὶ
582 3301 760 3372 εὑρεῖν
783 3300 877 3353 καὶ
901 3300 1095 3352 ἀνύσαι
1118 3299 1187 3353 τά
1207 3300 1558 3371 προκείμενα.
1593 3303 1656 3354 Οἱ
1682 3302 1739 3355 δὲ
1773 3301 2035 3374 Ἐϐδομή-

455 3404 622 3441 κοντα
663 3386 845 3455 φασίν·
906 3387 1225 3457 Ὀδηγήσει
1274 3402 1347 3441 σε
1401 3389 1755 3457 θαυμαστῶς
1784 3391 1824 3459 ἡ
1869 3389 2038 3455 δεξιά

455 3488 592 3527 σου·
614 3474 905 3537 τουτέστιν,
928 3474 1000 3528 Οὐ
1025 3475 1183 3545 μόνον
1210 3474 1278 3527 τὰ
1309 3474 1716 3547 κατωρθωμένα
1732 3477 1813 3530 δεῖ
1832 3477 2038 3549 θαυμά-

453 3559 590 3624 ζειν,
617 3559 732 3611 ἀλλ’
760 3560 839 3612 ὅτι
860 3560 953 3612 καλ¹
969 3559 1280 3631 παραδόξως
1299 3562 1655 3634 κατωρθώθη.
1682 3563 1780 3617 Διὰ
1802 3564 2033 3619 θανάτου

452 3648 563 3719 7&9
578 3646 805 3710 θάνατος
834 3646 1017 3716 ἐλύθη,
1045 3647 1132 3701 διὰ
1156 3648 1399 3719 κατάρας
1418 3650 1632 3722 κατάρα
1653 3652 1911 3723 ἀνῃρέθη,
1940 3654 2035 3733 καὶ

450 3735 674 3804 εὐλογία
700 3734 875 3806 ἐδόθη·
918 3733 1006 3788 διὰ
1037 3733 1290 3806 βρώσεως
1314 3736 1680 3809 ἐξεϐλήθημεν
1710 3740 1923 3811 πρώην.
1947 3740 2035 3794 διὰ

449 3821 710 3895 βρώσεως
738 3820 961 3892 εἰσήχθη
971 3838 1068 3890 μεν
1089 3821 1271 3878 πάλιν.
1295 3823 1570 3893 Παρθένος
1595 3825 1742 3897 ἡμᾶς
1764 3823 1982 3890 ἐξέϐαλε
2002 3827 2032 3868 τι

450 3907 819 3979 παραδείσου,
870 3906 958 3961 διὰ
1000 3907 1267 3980 παρθένου
1319 3909 1464 3981 ζωὴν
1508 3910 1739 3983 εὕρομεν
1786 3914 2026 3972 αἰωνίαν.

450 3997 530 4050 Δι’
581 3988 655 4050 ὧν
705 3996 1127 4069 κατεκρίθημεν,
1175 3997 1262 4052 διὰ
1318 3998 1521 4052 τούτων
1553 4001 2027 4076 ἐστεφανώθημεν.

445 4084 635 4137 Ταῦτα
662 4083 840 4139 τοίνυν
868 4084 1063 4139 ἐννοῶν
1082 4088 1109 4140 6
1128 4085 1412 4160 Προφήτης
1442 4086 1629 4157 ἔλεγεν
1657 4105 1671 4119 ⁸
1712 4090 2030 4161 Ὀδηγήσει

444 4189 525 4227 σε
568 4173 924 4243 θαυμαστῶς
962 4176 1000 4244 ἡ
1032 4174 1201 4241 δεξιά
1227 4192 1364 4231 σου.
1406 4178 1496 4248 Μή
1528 4195 1580 4230 τι
1609 4178 1786 4233 ὃπλων
1835 4180 2026 4251 χρείας

450 4265 525 4335 μή
553 4281 608 4316 τι
643 4266 937 4335 ῥομφαίας,
974 4267 1047 4337 μή
1079 4285 1132 4319 τι
1172 4267 1341 4332 τόξων
1368 4268 1462 4321 καὶ
1490 4268 1693 4337 βελῶν;
1726 4265 1878 4334 Εἶδες
1910 4270 2030 4334 πῶς

444 4351 726 4421 αὐτάρκης
756 4353 893 4423 αὑτὴ
929 4354 1094 4424 ἐαυτῇ
1121 4355 1153 4423 ἡ
1184 4354 1364 4422 φύσις,
1391 4357 1424 4424 ή
1445 4355 1709 4427 δύναμις;
1750 4357 1890 4412 Ἀλλ’
1923 4359 2026 4429 ὅρα

448 4436 609 4488 πάλιν
637 4439 816 4502 αὑτὸν,
848 4439 1098 4508 καθάπερ
1132 4440 1352 4511 ἄριστον
1394 4445 1678 4516 χορευτὴν,
1725 4444 1886 4499 πάλιν
1917 4446 2027 4499 ἀπὸ

441 4522 555 4576 τῶν
581 4523 796 4593 ὑψηλῶν
817 4526 907 4577 ἐπὶ
926 4525 994 4577 τά
1015 4526 1292 4599 παχύτερα
1315 4532 1727 4586 καταϐαίνοντα.
1764 4532 1839 4586 Τὰ
1864 4533 2023 4604 ,βέλη

442 4627 563 4663 σου
595 4611 957 4679 ἠκονημένα,
980 4612 1217 4668 δυνατέ.
1258 4616 1403 4671 Λαοί
1447 4618 1726 4674 ὑποκάτω
1760 4635 1877 4676 σου
1917 4638 2024 4676 πε-

328 4722 331 4727 ·
440 4700 694 4753 σοῦνται
717 4741 730 4762 ,
774 4699 844 4752 ἐν
882 4700 1092 4769 καρδίᾳ
1141 4700 1262 4755 τῶν
1301 4705 1528 4774 ἐχθρῶν
1564 4708 1670 4763 τοῦ
1691 4711 2019 4778 βασιλέως.

452 4786 641 4850 amo;
679 4788 831 4857 φησὶ,
874 4787 1033 4842 Κατὰ
1082 4790 1328 4858 καρδίας
1369 4794 1420 4845 al
1452 4794 1648 4863 ἐχθροί
1698 4797 1805 4857 τοῦ
1837 4799 2024 4863 βασι-

442 4875 597 4943 λέως
606 4919 618 4931 .

514 4983 655 5054 Ὅρα
681 4982 858 5047 πάλιν,
882 4984 970 5037 ὅτε
1001 4983 1168 5054 βελῶν
1198 4987 1567 5058 ἐμνημόνευσε
1588 5031 1603 5055 ,
1629 4990 1748 5056 πῶς
1778 4994 1839 5047 τὸ
1868 4995 2018 5066 ῥῆμα

440 5069 534 5124 τοῦ
580 5070 803 5123 δυνατοῦ
836 5072 1186 5143 προσέλαϐεν,
1237 5073 1325 5129 ἵνα
1365 5074 1574 5147 μάθῃς,
1619 5079 1700 5132 ὅτι
1737 5080 1799 5133 οὐ
1848 5081 2016 5151 βελῶν

436 5157 632 5220 δεῖται,
661 5157 774 5210 ἀλλ’
805 5158 964 5223 αὐτὸς
990 5160 1167 5231 ἐαυτῷ
1184 5162 1361 5233 ἀρκεῖ.
1403 5163 1465 5216 Ἡ
1484 5165 1538 5217 δὲ
1561 5165 1847 5221 ἀκολουθία
1874 5169 2012 5242 αῦτη

439 5245 577 5297 ἐστί·
610 5245 685 5298 Τὰ
705 5244 864 5313 βέλη
885 5259 1001 5300 σου
1027 5246 1389 5318 ἠκονημένα,
1425 5248 1664 5315 δυνατὲ,
1697 5253 1768 5306 ἐν
1803 5256 2015 5323 καρδία

436 5330 557 5388 τῶν
588 5333 815 5404 ἐχθρῶν
858 5334 967 5390 τοῦ
986 5336 1312 5406 βασιλέως.
1344 5339 1416 5393 Τὸ
1440 5340 1517 5404 δέ,
1549 5342 1693 5397 Λαοί
1735 5345 2011 5399 ὑποκάτω

499 5472 529 5541 ξι
551 5470 639 5541 Εἰς
655 5472 963 5541 εὰῙῙεὶιΔΒε-ε.
988 5488 1117 5526 unus
1131 5475 1291 5535 ἄλλος,
1308 5477 1389 5526 καὶ
1410 5478 1648 5541 ἐπίφοϐος.

499 5530 531 5599 If
554 5532 661 5599 Quo
681 5530 796 5583 mss.
820 5530 1095 5599 gzyéwg.

506 5596 530 5625 ο
555 5592 793 5661 D_.;0_ms_s.
818 5597 897 5645 διὰ
918 5592 975 5654 δὴ
996 5592 1333 5661 τοῦτόᾷφησιψ
1364 5598 1678 5661 Ὅδηγήσει...
1702 5606 1733 5661 ἡ
1755 5605 1878 5660 δεξιά
1898 5623 2002 5656 σου.

447 5655 607 5725 Ἀρκεῖ
624 5656 712 5725 γάρ
732 5656 894 5718 ἑαυτῇ,
916 5670 1027 5725 quae
1052 5655 1200 5725 lecgid
1223 5655 1300 5725 εει
1321 5655 1590 5711 secundum
1622 5655 1863 5725 Aqdilarh.
1898 5655 2003 5716 Alia

434 5729 553 5786 νεετο
577 5718 877 5786 Ιεειῐοηιιιιαι
901 5724 977 5767 est
992 5720 1049 5786 _in
1083 5721 1203 5769 edit.
1244 5722 1437 5786 Morel"
1478 5718 1745 5774 secuudnim
1785 5727 2006 5786 Symma-

431 5776 914 5852 εὴυωηεοοείιιιιειε
928 5784 1026 5851 ρει,
1050 5793 1247 5851 nempe
1272 5776 1501 5840 ὑποδείξει
1526 5803 1603 5834 σοι
1626 5776 1853 5852 φοϐερὰῆ
1877 5776 2002 5847 δεξιά

430 5837 795 5902 coq._Priorem
825 5841 1088 5902 legationem
1112 5837 1381 5902 scilumur.

490 5897 520 5939 ἀ
545 5899 627 5951 δίε
646 5912 760 5950 nm.
794 5905 845 5949 et
867 5900 1038 5961 Savil.,
1067 5897 1237 5951 Morél.
1273 5917 1391 5954 vero
1419 5908 1630 5970 ἐξήγαγε.

1181 336 1239 393 S.
1275 334 1561 392 JOANNIS
1597 332 2087 392 CHRYSOSTOMI
2132 335 2454 393 ARCl-HEP.
2495 331 3022 394 CONSTANTINOI’

3623 337 3725 391 194

2148 471 2265 510 σου
2293 454 2644 519 πεσοῦνται,
2665 454 3024 526 παρέγκειται
3052 451 3234 523 μέσον.
3254 448 3517 509 Ἐνταῦθα
3548 452 3726 504 τοίνυν

2147 540 2304 613 διπλῆ
2342 538 2478 595 εἶναί
2512 560 2599 613 μοι
2627 543 2776 597 δοκεῖ
2812 544 2847 613 ή
2878 541 3164 611 ἐξήγησις·
3199 538 3233 609 ἢ
3260 537 3370 608 7&9
3397 537 3495 609 τὴν
3527 538 3729 594 ἀλωσίν

2148 653 2280 706 φησι
2310 633 2408 707 τὴν
2459 634 2773 707 Ἰουδαῖκὴν,
2813 635 2908 689 καὶ
2944 634 3036 688 τδν
3071 630 3221 704 ῘΠΞ]
3258 630 3360 702 τῆς
3391 631 3600 695 πόλεως
3631 632 3729 685 ἀν-

2146 721 2512 794 δραποδισμὸν
2540 723 2635 776 καὶ
2660 721 2758 793 τὴν
2785 718 3245 792 πανωλεθρίανιῆ
3272 718 3413 771 κατὰ
3436 718 3728 789 ἀναγωγὴν

2147 810 2245 880 τὴν
2283 807 2375 863 τοῦ
2423 809 2581 879 λόγου
2623 808 2850 879 δύναμιν
2882 808 3009 880 βέλη
3041 805 3216 863 καλεῖ.
3259 805 3370 861 Καὶ
3409 803 3518 878 7&9
3557 803 3727 874 βελῶν

2147 895 2397 965 ὀξύτερον
2434 896 2532 966 τὴν
2567 895 2890 966 οἰκουμένην
2915 893 3204 966 περιῆλθεν
3230 892 3467 958 ἃπασαν,
3498 892 3593 946 καὶ
3621 892 3727 947 τῶν

2148 983 2255 1055 πρὸ
2281 982 2473 1036 τούτου
2499 983 2707 1056 ἐχθρῶν
2732 981 2823 1037 τοῦ
2854 981 3119 1052 βασιλέως
3144 984 3243 1053 τῆς
3270 978 3496 1051 καρδίας
3527 979 3723 1050 ήψατο,

2145 1070 2243 1140 οὐχ
2278 1069 2365 1123 ἵνα
2392 1069 2579 1147 ἀνέλῃ,
2624 1069 2739 1124 ἀλλ’
2779 1069 2866 1124 ῑνα
2903 1069 3298 1139 ἐπισπάσηται·
3337 1068 3476 1138 ὅπερ
3508 1066 3604 1120 καὶ
3635 1066 3728 1120 ἐπὶ

2147 1159 2360 1215 Παύλου
2410 1160 2656 1230 γέγονεν.
2696 1160 2771 1214 Οὐ
2805 1159 2912 1229 γὰρ
2951 1160 3017 1221 ἄν
3057 1177 3142 1224 τις
3188 1158 3423 1230 ἁμάρτοι
3466 1156 3529 1209 τὸ
3574 1155 3727 1227 ῥῆμα

2146 1249 2321 1301 ἐκεῖνο
2344 1246 2499 1318 βέλος
2516 1247 2706 1314 εἰπὼν,
2732 1249 2868 1319 ὅπερ
2887 1247 2945 1314 ἐξ
2963 1247 3023 1301 ού
3031 1245 3193 1319 ρανοῦ
3217 1244 3529 1299 ἀκοντισθέν
3547 1243 3727 1315 ἥψατο

2146 1334 2246 1405 τῆς
2297 1335 2521 1406 καρδίας
2581 1334 2674 1388 τοῦ
2735 1334 2841 1406 πρὸ
2890 1334 3081 1388 τούτου
3127 1332 3321 1405 ἐχθροῦ
3346 1373 3363 1399 ,
3420 1331 3516 1387 καὶ
3574 1330 3727 1399 φίλον

2146 1420 2389 1491 ἐποίησε.
2418 1420 2564 1475 Λαοί
2610 1418 2890 1474 ὑποκάτω
2924 1436 3040 1475 σου
3069 1418 3416 1474 πεσοῦνται.
3447 1412 3601 1480 Εἶδες
3629 1414 3724 1470 τοῦ

2146 1507 2381 1578 πολέμου
2414 1509 2476 1561 τὸ
2519 1508 2885 1580 κατόρθωμα;
2914 1507 3014 1580 τὴν
3053 1505 3417 1579 προσαγωγὴν
3458 1505 3569 1559 τῶν
3618 1504 3726 1578 πρὸ

2144 1594 2334 1649 τούτου
2369 1595 2799 1661 στασιαζόντων;
2829 1595 2927 1668 τὴν
2953 1594 3325 1660 διδασκαλίαν;
3356 1594 3455 1666 τὴν
3480 1593 3723 1662 κατήχη-

2149 1698 2262 1742 σινζ
2302 1684 2368 1736 Ἦ
2398 1684 2507 1756 7&9
2543 1683 2894 1756 πρόσπτωσις
2929 1682 3090 1754 αὕτη,
3130 1682 3223 1736 καὶ
3256 1681 3318 1736 τὸ
3349 1680 3608 1754 ὑποκάτω
3632 1680 3725 1733 αύο

2145 1769 2260 1833 τοῦ,
2290 1772 2453 1825 πᾶσιν
2480 1768 2648 1840 ὕψους
2672 1770 2819 1823 ἐστὶν
2856 1768 3112 1833 ὑπόθεσις
3136 1768 3230 1823 καὶ
3270 1765 3415 1840 ῥίζα.
3457 1764 3722 1819 umna-

2147 1856 2242 1923 ξας
2268 1856 2376 1928 γὰρ
2406 1857 2605 1920 αὐτοὺς
2646 1856 2903 1920 ἀπονοίας
2942 1856 3035 1909 καὶ
3074 1853 3231 1909 κενοῦ
3263 1854 3432 1924 τύφου
3458 1893 3473 1917 ,
3501 1854 3595 1906 καὶ
3623 1851 3723 1921 τῆς

2146 1943 2253 1996 τῶν
2294 1943 2559 2014 δαιμόνων
2604 1944 2842 2013 πλάνης,
2892 1941 3069 2012 ἐαυτῷ
3108 1940 3395 2006 ὑπέταξεν.
3441 1939 3599 1994 Οῦτω
3628 1941 3723 1993 καὶ

2146 2031 2331 2101 ἕτερος
2364 2032 2646 2103 προφήτης
2672 2030 2939 2083 δείκνυσιν
2987 2029 3148 2083 αὐτὸν
3186 2027 3529 2100 ᾑμαγμένον,
3579 2026 3723 2081 οὕτω

2146 2118 2340 2186 λέγων·
2382 2119 2478 2184 Τίς
2499 2114 2679 2182 οὗτος
2701 2121 2734 2172 ό
2762 2117 3239 2186 παραγενόμενος
3257 2116 3326 2181 ἐξ
3364 2114 3576 2185 Ἔδώμ;
3597 2115 3724 2184 ἐρύ-

2146 2208 2302 2273 θημα
2326 2205 2569 2274 ἱματίων
2591 2205 2777 2259 αὐτοῦ
2798 2205 2866 2257 ὲκ
2889 2205 3082 2272 Βοσόρ
3095 2220 3116 2269 ;
3144 2202 3394 2274 Ούδαμοῦ
3419 2203 3560 2256 ὅπλα
3583 2204 3719 2265 ἐκεῖ,

2150 2293 2244 2346 καὶ
2267 2293 2398 2359 τόξα
2450 2293 2543 2346 καὶ
2577 2292 2738 2363 βέλη,
2776 2291 2891 2346 ἀλλ⁷
2935 2291 3146 2363 ίμάτια.
3182 2290 3495 2362 Παχύτερον
3536 2291 3634 2361 μὲν
3660 2289 3723 2343 τὸ

2149 2382 2318 2452 ῥῆμα,
2353 2379 2492 2451 πλὴν
2516 2383 2708 2433 τούτου
2739 2380 3078 2452 λεπτότερον·
3114 2382 3264 2452 ὅμως
3302 2380 3397 2433 καὶ
3423 2380 3482 2433 ἐν
3512 2382 3579 2451 τῇ
3613 2397 3720 2432 πα-

2146 2468 2360 2538 χύτητι,
2389 2469 2549 2521 κάκεῖ
2572 2466 2712 2521 κατὰ
2748 2468 2942 2540 μικρὸν
2971 2468 3107 2539 πρὸς
3135 2468 3202 2521 τά
3225 2460 3490 2538 ἀσώματα
3530 2465 3720 2533 ἀνάγει

2144 2556 2436 2625 τὸνλόγον.
2494 2556 2710 2628 Ἐπειδὴ
2753 2563 2861 2629 7&9
2901 2558 3080 2629 ἐρωτᾷ
3120 2560 3150 2611 6
3195 2558 3512 2629 προφήτης,
3559 2555 3721 2609 πόθεν

2146 2643 2347 2717 ἐρυθρά
2369 2643 2435 2697 τὰ
2470 2644 2678 2714 ίμάτια,
2712 2645 2873 2716 φησί·
2919 2645 3122 2714 Ληνὸν
3147 2644 3421 2713 ἐπάτησα
3454 2643 3721 2713 μονώτα-

2145 2749 2269 2797 τος,
2300 2731 2398 2801 τὴν
2428 2731 2674 2785 εὐκολίαν
2702 2732 2914 2796 δεικνὺς
2943 2732 3045 2802 τῆς
3081 2732 3259 2802 νίκης,
3291 2731 3385 2785 καὶ
3414 2730 3477 2784 τὸ
3517 2730 3722 2802 μηδένα

2148 2820 2294 2887 σχεῖν
2332 2817 2425 2871 τὸν
2467 2817 2830 2889 συνεργοῦντα
2876 2817 3047 2888 αὐτῷ,
3081 2818 3196 2871 ἀλλ’
3226 2820 3308 2872 ὅτι
3340 2818 3502 2881 αὐτὸς
3543 2814 3722 2887 ἐαυτῷ

2145 2905 2397 2975 ἤρκεσεν.
2431 2905 2643 2975 Ὥσπερ
2679 2905 2788 2976 7&9
2820 2905 3057 2959 ἐνταῦθά
3078 2923 3264 2976 φησιν,
3303 2905 3620 2975 Ὀδηγιξσει
3646 2921 3721 2959 σε

2145 2991 2500 3060 θαυμαστῶς
2537 2991 2575 3059 ἠ
2620 2990 2789 3057 δεξιά
2831 3007 2968 3045 σου·
3016 2992 3160 3046 οὕτω
3209 2993 3303 3046 καὶ
3342 2995 3489 3057 ἐκεῖ,
3517 2995 3721 3061 Ληνὸν

2143 3078 2418 3145 ἐπάτησα
2454 3077 2813 3147 μονώτατος.
2853 3081 2948 3132 Ὃν
2975 3079 3174 3150 τρόπον
3200 3080 3311 3150 7&9
3336 3080 3414 3151 τῷ
3451 3080 3721 3156 ληνοϐάτῃ

2146 3165 2324 3238 ῥᾴδιον
2352 3169 2683 3220 καταπατεῖν
2703 3168 2830 3231 τοὺς
2861 3166 3077 3238 βότρυς·
3105 3168 3246 3224 οῦτω
3272 3169 3349 3241 τῷ
3376 3170 3515 3241 Θεῷ,
3551 3171 3720 3244 ἐργά-

2145 3254 2338 3307 σασθαι
2388 3255 2531 3325 ἅπερ
2570 3253 2821 3325 ἠθέλησε·
2864 3255 3063 3326 μᾶλλον
3097 3256 3155 3309 δὲ
3190 3257 3309 3311 ούδέ
3349 3256 3542 3324 οὕτως,
3584 3259 3719 3313 ἀλλά

2142 3344 2235 3397 καὶ
2266 3342 2443 3413 πολλῷ
2480 3342 2683 3398 πλεῖον.
2701 3343 2754 3397 '0
2789 3346 3001 3412 θρόνος
3026 3360 3143 3399 σου
3163 3384 3179 3410 ,
3214 3347 3249 3400 ό
3292 3347 3466 3413 Θεὸς,
3499 3350 3585 3413 εἰς
3612 3349 3720 3402 τὸν

2140 3429 2324 3485 αἰῶνα
2362 3429 2469 3484 τοῦ
2495 3430 2729 3497 αἰῶνος.
2782 3431 3027 3498 Ῥάϐδος
3057 3433 3399 3501 εὐθύτητος,
3437 3434 3475 3502 ἡ
3494 3435 3718 3503 ῥάϐδος

2142 3516 2251 3586 τῆς
2275 3517 2597 3584 βασιλείας
2637 3533 2778 3572 σου.
2821 3516 3159 3588 Ἠγάπησας
3174 3520 3588 3589 δικαιοσύνην.
3618 3522 3718 3576 καὶ

2139 3604 2438 3673 ἐμίσησας
2473 3605 2748 3674 ἀνομίαν.
2781 3605 2884 3660 Διὰ
2922 3605 3096 3660 τοῦτο
3133 3606 3340 3677 ἔχρισέ
3387 3626 3460 3664 σε
3489 3613 3521 3664 ό
3551 3610 3713 3675 Θεὸς,

2140 3698 2173 3750 ό
2208 3696 2352 3762 Θεός
2379 3710 2495 3751 σου
2519 3695 2728 3752 ἔλαιον
2756 3696 3171 3765 ἀγαλλιάσεως
3210 3701 3371 3771 παρὰ
3414 3703 3556 3770 τοὺς
3582 3722 3716 3773 μετ-

2139 3780 2322 3845 όχους
2354 3793 2492 3833 σου.
2531 3778 2744 3843 Ἀλλος,
2785 3779 2849 3832 '0
2880 3781 3092 3848 θρόνος
3132 3798 3269 3848 σου,
3316 3788 3349 3839 ό
3386 3786 3548 3851 Θεὸς,
3577 3786 3713 3845 αἰώ-

2134 3882 2289 3932 νιος,
2324 3865 2420 3921 καὶ
2460 3866 2569 3921 ἔτι.
2611 3864 2672 3921 Ὀ
2703 3866 2759 3919 δέ
2803 3866 3052 3938 Ἐϐραῖός
3080 3887 3210 3940 φησι
3243 3870 3336 3937 τὸ,
3388 3872 3449 3926 '0
3476 3875 3636 3940 Θεὸς,
3679 3876 3714 3928 ό

2139 3909 2289 4015 Θεόςῖ
2315 3964 2466 4016 σου,
2526 3950 2766 4018 Ἐλωείμ
2810 3909 3053 4019 Ἐλῖοάχῖ
3080 3909 3167 4004 ΥΤὲ
3214 3910 3447 4009 ἐντάῦθα
3495 3909 3638 4009 an;
3679 3909 3712 4009 ό

2149 4036 2435 4115 Ἰουδαῖος;
2466 4039 2603 4110 Περὶ
2633 4036 2775 4102 τίνος
2813 4040 2923 4110 γὰρ
2949 4038 3019 4092 τά
3056 4040 3351 4113 λεγόμενας
3379 4044 3444 4097 Τί
3474 4044 3530 4105 δέ
3562 4045 3592 4097 6
3625 4047 3714 4100 αίο

2136 4124 2349 4196 ρετικός
2373 4142 2388 4191 ;
2412 4124 2476 4178 Εί
2498 4126 2606 4198 7&9
2628 4127 2692 4198 δὴ
2723 4126 3030 4201 λέγοῆπερί
3054 4127 3149 4182 τοῦ
3189 4130 3403 4205 Πατρδς
3433 4131 3708 4201 λέγεσθαι,

2145 4212 2209 4265 '0
2236 4212 2449 4279 θρόνος
2467 4228 2602 4277 σου,
2628 4218 2660 4269 d
2687 4215 2850 4282 Θεὸς,
2876 4218 2964 4284 εἰς
2998 4216 3104 4271 τὸν
3131 4217 3315 4273 αἰῶνα
3342 4219 3446 4274 τοῦ
3471 4219 3708 4290 αἰῶνος·

2135 4299 2254 4363 πῶς
2279 4301 2509 4371 ἁρμόσει
2538 4302 2685 4374 αὐτῷ
2708 4303 2767 4356 τὸ
2799 4303 2949 4374 ἐξῆςο
2992 4306 3096 4359 Διὰ
3127 4306 3303 4369 τοῦτο
3334 4308 3539 4378 ἕχρισέ
3564 4325 3639 4365 σε
3675 4313 3711 4366 ό

2135 4387 2299 4454 Θεὸς,
2350 4391 2383 4443 ό
2421 4391 2562 4457 Θεός
2610 4404 2765 4457 σου;
2802 4392 2878 4445 Οὐ
2919 4392 3028 4464 γάρ
3074 4393 3138 4463 δὴ
3178 4394 3207 4446 ὁ
3245 4394 3436 4466 Πατήρ
3484 4399 3635 4452 ἐστιν
3679 4399 3709 4452 6

2130 4474 2384 4546 Χριστὸς,
2418 4477 2538 4530 ούδέ
2564 4477 2727 4541 αὐτὸς
2761 4479 3065 4552 κέχρισται.
3107 4480 3270 4536 Ὅθεν
3292 4482 3447 4552 δῆλον
3468 4484 3548 4538 ὅτι
3578 4485 3709 4559 περὶ

2129 4562 2223 4615 τοῦ
2270 4562 2608 4632 Μονογενοῦς
2649 4567 2679 4620 6
2715 4563 2892 4635 λόγος,
2924 4567 3052 4639 περ)⁸
3081 4559 3142 4620 οὗ
3183 4569 3277 4624 καὶ
3302 4571 3370 4624 τὰ
3398 4570 3708 4645 ἔμπροσθεν

2131 4649 2367 4721 εἴρηται·
2407 4651 2543 4722 ὅπερ
2572 4651 2667 4705 καὶ
2693 4651 2724 4705 6
2761 4651 2993 4717 Ἡσαΐας
3042 4655 3245 4724 ἔλεγεν,
3281 4657 3365 4710 ὅτι
3397 4657 3512 4728 Τῆς
3531 4659 3709 4725 ,ϐασι-

2127 4737 2298 4803 λείας
2319 4739 2506 4793 αὺτοῦ
2542 4742 2653 4793 οὐκ
2675 4739 2848 4794 ἔσται
2878 4740 3073 4807 τέλος.

2197 4830 2267 4895 η’.
2298 4824 2435 4876 Ἀλλ’
2456 4825 2584 4888 ἴσως
2607 4826 2673 4880 ἀν
2694 4843 2777 4890 τις
2793 4829 2969 4881 ἐκεῖνο
2993 4829 3268 4900 ζητήσειε,
3293 4830 3346 4884 τί
3378 4831 3577 4903 δήποτε
3607 4833 3705 4888 νῦν

2126 4909 2253 4977 περὶ
2284 4911 2382 4979 τῆς
2410 4908 2660 4979 θεότητος
2692 4909 3014 4979 διαλέγεται,
3045 4913 3306 4985 πρότερον
3334 4917 3464 4983 περὶ
3489 4917 3592 4985 τῆς
3621 4919 3704 4970 οὶ-

2124 4990 2380 5061 κονομίας
2405 4994 2769 5063 ποιησάμενος
2794 4995 2884 5047 τὸν
2908 4994 3095 5063 λόγον;
3120 4997 3242 5050 Ὅτι
3260 4998 3357 5051 καὶ⁵
3378 5000 3407 5051 6
3426 4997 3705 5063 Ματθαῖος

2124 5073 2264 5127 οὕτω
2284 5078 2445 5130 ποιεῖ.
2486 5076 2618 5129 Ἀπὸ
2646 5076 2753 5147 7&9
2777 5076 2877 5145 τῆς
2897 5078 3097 5149 σαρκὸς
3123 5078 3369 5150 ἄρχεται,
3397 5082 3491 5135 καὶ
3518 5099 3704 5154 προοι-

2124 5156 2378 5228 μιάζεται
2408 5159 2576 5213 οὕτω·
2610 5161 2830 5227 Βίϐλος
2857 5162 3148 5231 γενέσεως
3189 5164 3393 5232 Ἰησοῦ
3415 5166 3699 5232 Χριστοῦ.

2132 5241 2359 5312 Ὁμοίως
2379 5244 2472 5296 καὶ
2491 5245 2704 5310 Λουκᾶς
2734 5246 2828 5305 καὶ
2851 5246 3097 5318 Μάρκος·
3120 5249 3149 5301 6
3179 5248 3428 5319 Ἰωάννης
3455 5251 3512 5305 δὲ
3540 5252 3700 5321 μόνος

2118 5325 2341 5397 ἑτέρως.
2374 5325 2646 5398 Πρότερον
2676 5327 2784 5399 γάρ
2818 5330 2947 5401 περί
2974 5331 3073 5401 τῆς
3107 5330 3358 5402 θεότητος
3391 5333 3581 5398 εἰπὼν,
3599 5334 3700 5390 Ἐν

2116 5407 2275 5477 ἀρχῇ
2300 5404 2377 5477 ἦν
2411 5411 2445 5463 ό
2470 5412 2681 5479 Λόγος,
2715 5411 2812 5467 καὶ
2840 5415 2874 5467 ό
2900 5413 3091 5482 Λόγος
3117 5408 3195 5483 ἦν
3223 5415 3372 5482 πρὸς
3401 5417 3507 5471 τὸν
3527 5420 3696 5484 Θεὸν,

2050 5492 2079 5502 ’
2114 5491 2213 5571 καὶ
2246 5491 2389 5571 Θεὸς
2412 5487 2493 5571 ἦν
2520 5495 2553 5546 ό
2586 5496 2797 5571 Λόγος,
2834 5495 2930 5548 καὶ
2957 5496 3127 5550 πολλά
3157 5498 3284 5570 περὶ
3315 5499 3487 5571 αὐτῆς
3523 5501 3699 5557 διαλε-

2114 5570 2280 5653 χθεὶς,
2308 5570 2458 5645 [175]
2490 5573 2611 5627 τότε
2644 5570 2784 5628 εἶπε·
2819 5577 2927 5630 Καί
2959 5580 2993 5632 ό
3020 5579 3211 5648 Λόγος
3238 5580 3395 5651 σὰρξ
3425 5584 3695 5653 ἐγένετο,

2112 5651 2213 5706 καί
2232 5653 2588 5724 ἐσκήνωσεν
2618 5657 2688 5711 ἐν
2717 5658 2881 5727 ἡμῖν.
2912 5658 2977 5714 Εἰ
3008 5662 3065 5714 δὲ
3095 5664 3189 5717 καὶ
3216 5651 3547 5730 ἀπεναντίας
3584 5672 3698 5733 τοῖς

2108 5738 2289 5804 ἀλλοις
2317 5742 2591 5813 ἐχρήσατο
2619 5747 2683 5815 τῇ
2719 5748 2904 5817 γραφῇ
2932 5746 3025 5800 τοῦ
3057 5749 3413 5819 Εὐαγγελίου,
3441 5754 3576 5808 ἀλλά
3604 5758 3696 5808 καὶ

2112 5820 2255 5875 οῦτω
2288 5825 2530 5896 μεγάλην
2558 5827 2694 5898 πρὸς
2725 5830 2922 5893 αὐτοὺς
2953 5830 3049 5901 τὴν
3083 5834 3400 5903 συμφωνίαν
3428 5836 3690 5902 ἐπέδειξε.

2110 5906 2219 5959 Καὶ
2256 5905 2371 5972 πῶς
2410 5907 2475 5963 ἂν
2504 5907 2615 5979 ἔχοι
2648 5909 2826 5979 λόγον,
2858 5913 3044 5983 φησὶν,
3081 5916 3140 5972 ἐν
3165 5915 3242 5987 τῷ
3283 5918 3511 5992 ἐναντίῳ
3551 5937 3690 5993 σύμ·
