4084 6278
436 404 535 458 195

427 529 602 573 autem
634 528 847 588 propter
875 516 1069 572 nullum
1099 531 1303 582 eorum,
1332 516 1421 568 sed
1453 524 1666 583 propter
1692 513 1989 579 veritatem,

429 620 485 663 ut
509 625 626 665 eam
654 610 857 678 plantet
887 607 940 661 in
973 616 1148 670 terra;
1178 613 1233 661 et
1269 617 1480 674 propter
1520 603 1995 667 mansuetudinem,

426 708 487 754 ut
519 698 607 767 qui
633 707 756 752 sunt
784 696 912 752 feris
952 696 1308 760 immaniores,
1352 702 1653 748 mansuetos
1687 692 1914 756 efﬁciat;
1940 699 1997 746 et

427 797 643 857 propter
667 786 945 856 justitiam,
980 791 1039 838 ut
1067 786 1118 839 in
1145 798 1278 854 quos
1304 782 1631 854 tyrannidem
1657 790 1870 838 exercet
1897 780 1994 834 ini-

424 877 616 946 quitas,
655 891 750 931 eos
787 867 966 946 justos'
995 875 1168 938 faciat,
1210 874 1437 943 primum
1465 873 1674 941 quidem
1702 886 1765 925 ex
1801 872 1988 941 gratia,

424 968 614 1022 deinde
634 982 699 1022 ex
731 978 874 1022 recte
901 966 1066 1020 factis.
1097 964 1163 1019 Et
1183 965 1387 1018 deducet
1409 974 1455 1016 te
1478 963 1767 1017 mirabiliter
1794 963 1997 1016 dextera

426 1068 530 1111 tua.
564 1058 734 1122 Alius,
756 1056 821 1110 Et
847 1055 1147 1109 illuminabit
1170 1064 1216 1109 te
1234 1070 1382 1125 super
1405 1053 1642 1108 terribilia
1666 1053 1867 1107 dextera
1886 1062 1990 1106 tua.

423 1150 594 1213 Alius,
628 1148 695 1202 Et
723 1149 942 1203 ostendet
967 1146 1054 1201 tibi
1078 1146 1317 1201 terribilia
1343 1146 1545 1200 dextera
1568 1154 1654 1199 tua
1680 1147 1719 1198 ‘.
1968 1196 1979 1207 ,

494 1239 545 1293 7.
578 1238 765 1293 Vidisti
791 1235 1056 1306 quomodo
1082 1250 1264 1290 rursus
1287 1234 1440 1290 nobis
1457 1235 1663 1305 aperuit
1685 1234 1992 1304 dignitatem

424 1330 537 1400 ejus
563 1328 652 1400 qui
679 1328 795 1383 haec
817 1328 1068 1398 praeclara
1090 1326 1252 1382 facit?
1271 1327 1425 1381 Sicut
1439 1327 1579 1382 enim
1606 1341 1727 1381 eum
1752 1327 1993 1395 superius

424 1420 642 1476 dixisset
685 1433 849 1484 arma,
886 1426 937 1474 et
974 1416 1228 1488 gladium,
1272 1418 1508 1472 ascendit
1544 1417 1611 1471 ad
1656 1418 1884 1486 speciem
1930 1430 1993 1470 ac

426 1511 884 1582 pulchritudinem,
929 1518 983 1565 et
1009 1507 1076 1563 ad
1116 1509 1453 1596 ineqrporeas
1492 1508 1863 1575 intelligentias
1898 1508 1992 1561 de-

424 1603 573 1657 duxit
609 1600 900 1655 auditorem
928 1615 943 1652 :
972 1600 1044 1653 ita
1070 1613 1189 1653 cum
1219 1613 1403 1653 rursus
1439 1598 1799 1653 descendisset
1834 1597 1899 1651 ad
1937 1597 1990 1651 id

424 1693 566 1763 quod
591 1700 674 1748 est
702 1691 961 1757 crassius,
990 1703 1179 1760 nempe
1205 1704 1360 1744 arcus
1388 1697 1443 1745 et
1477 1689 1713 1758 sagittas,
1739 1689 1988 1759 paulatim

426 1797 609 1838 rursus
636 1782 788 1851 erigit
814 1780 1126 1844 auditorem,
1157 1780 1279 1835 belli
1305 1793 1490 1834 causas
1516 1778 1771 1843 referens,
1798 1780 1990 1834 verita-

428 1884 552 1938 tem,
597 1871 1072 1937 mansuetudinem,
1107 1869 1397 1940 justitiam;
1436 1869 1626 1925 deinde
1654 1885 1836 1924 rursus
1874 1884 1990 1924 mo-

423 1964 549 2017 dum
586 1976 796 2032 quoqne
827 1960 1079 2015 victoriae.
1112 1959 1363 2027 Quisnam
1388 1967 1559 2013 autem
1591 1966 1673 2013 est
1700 1958 1777 2013 is?
1804 1959 1870 2012 Et
1896 1959 1989 2013 de-

424 2057 569 2109 ducet
612 2064 677 2121 te,
706 2053 892 2123 inquit,
923 2052 1215 2105 mirabiliter
1257 2051 1461 2105 dextera
1485 2061 1591 2104 tua.
1617 2050 1768 2118 Quod
1810 2058 1986 2104 autem

423 2146 568 2208 dicit,
591 2144 691 2199 tale
720 2151 837 2199 est:
878 2143 991 2212 Ipsa
1021 2141 1220 2211 sibiipsi
1248 2152 1435 2196 natura
1460 2142 1671 2209 sufﬁcit,
1716 2143 1823 2211 ipsa
1854 2142 1986 2196 sibi-

424 2238 520 2307 ipsi
539 2236 734 2293 suﬁicit
758 2236 987 2306 potentia
1009 2233 1075 2288 ad
1101 2232 1379 2289 videndum
1400 2248 1515 2303 quae
1543 2241 1667 2288 sunt
1692 2232 1912 2303 agenda,
1934 2243 1989 2288 et

426 2329 580 2382 ﬁnem
608 2327 687 2382 eis
713 2325 1107 2396 imponendum.

498 2416 664 2484 Opera
686 2416 871 2470 Christi
905 2414 1163 2469 terribilia.
1185 2443 1257 2454 —
1274 2413 1438 2469 Recte
1465 2422 1639 2469 autem
1666 2413 1796 2469 dixit
1818 2414 1951 2469 alius
1967 2455 1983 2479 ,

382 2524 387 2531 λ
431 2505 681 2560 Terribilis
720 2506 925 2559 dextera
959 2517 1043 2559 tua
1067 2520 1087 2559 :
1126 2515 1251 2559 sunt
1286 2505 1426 2559 enim
1462 2504 1613 2560 valde
1646 2505 1897 2560 terribilia
1933 2513 1988 2560 et

424 2596 641 2652 horrore
669 2596 823 2665 plena
851 2611 967 2665 qua:
1006 2595 1198 2665 gessit,
1227 2611 1371 2651 mors
1398 2594 1568 2651 deleta
1598 2604 1708 2659 est,
1738 2594 1985 2665 perfracti

423 2695 544 2739 sunt
566 2684 738 2753 inferi,
770 2685 1043 2755 paradisus
1069 2685 1165 2741 fuit
1186 2696 1418 2755 apertus,
1444 2686 1628 2740 ctelum
1658 2685 1854 2756 patuit,
1886 2685 1985 2741 ob~

429 2784 625 2830 structa
673 2783 798 2830 sunt
846 2789 940 2830 ora
985 2775 1329 2839 daemonibus,
1361 2775 1560 2830 inferna
1601 2789 1718 2830 cum
1744 2775 1988 2843 supernis

423 2865 702 2921 commixta
727 2873 869 2932 sunt,
901 2865 1040 2921 Deus
1071 2868 1227 2921 homo
1255 2866 1419 2921 factus
1454 2874 1554 2930 est,
1587 2865 1745 2920 homo
1769 2864 1904 2919 sedit
1930 2865 1986 2921 in

424 2956 559 3009 solio
584 2956 762 3025 regio;
788 2964 972 3026 aperta
998 2965 1079 3010 est
1108 2970 1227 3026 spes
1251 2954 1672 3034 resurrectionis,
1711 2956 1985 3011 immorta-

426 3048 503 3100 les
546 3048 990 3116 exSpectationes,
1036 3046 1376 3102 ineffabilium
1414 3046 1675 3101 bonorum
1704 3060 1831 3101 usus
1872 3045 1985 3100 fru-

423 3149 559 3204 ctus,
592 3146 646 3191 et
680 3137 782 3192 alia
823 3152 1163 3207 quaecumque
1194 3153 1286 3207 per
1327 3151 1480 3191 suum
1525 3137 1807 3192 adventum
1851 3151 1986 3206 pra:-

424 3229 564 3282 clare
591 3227 771 3297 gessit.
796 3225 866 3280 Et
891 3225 1008 3281 ideo
1031 3226 1181 3290 dixit,
1214 3226 1434 3280 Deducet
1453 3235 1498 3279 te
1520 3227 1587 3281 ad
1608 3226 1847 3281 terribilia
1875 3226 1982 3281 inec

426 3316 624 3370 dextera
659 3326 783 3380 tua,
813 3315 1094 3370 ostendens
1130 3316 1327 3386 sibiipsi
1374 3315 1614 3372 sufficere
1654 3325 1892 3371 naturam
1932 3324 1986 3372 et

328 3466 335 3471 _
424 3404 710 3473 potentiam
730 3404 795 3458 ad
824 3419 885 3458 ea
913 3405 1222 3460 invenienda
1255 3413 1310 3460 et
1340 3404 1674 3474 perﬁcienda,
1721 3421 1839 3476 quae
1867 3406 1982 3462 fue-

430 3502 544 3547 rant
572 3495 854 3564 proposita.
894 3494 1231 3564 Septuaginta
1259 3503 1431 3550 autem
1459 3495 1658 3558 dicunt,
1690 3495 1909 3550 Deducet
1938 3505 1986 3551 te

430 3584 711 3638 mirabiliter
753 3586 957 3639 dextera
997 3596 1120 3649 tua;
1167 3585 1267 3641 hoc
1311 3595 1413 3652 est,
1437 3601 1541 3641 non
1590 3588 1760 3642 solum
1802 3588 1984 3644 mirari

425 3684 629 3745 oportet
652 3677 791 3747 quod
835 3692 921 3731 res
960 3676 1204 3746 pulchras
1231 3686 1284 3733 et
1308 3678 1586 3748 praeclaras
1622 3680 1862 3749 gesserit,
1890 3680 1984 3735 sed

422 3764 561 3833 quod
584 3780 674 3819 cas
704 3773 893 3834 praeter
921 3766 1187 3820 hominum
1215 3766 1659 3836 exspectationem
1688 3775 1742 3822 et
1777 3768 1983 3836 Opinio-

422 3868 543 3907 nem
568 3855 810 3923 gesserit.
841 3855 941 3910 Per
969 3865 1189 3911 mortem
1217 3858 1356 3912 enim
1389 3872 1533 3913 mors
1557 3858 1726 3913 deleta
1754 3867 1853 3922 est,
1887 3874 1981 3928 per

424 3943 757 3998 maledictum
796 3946 1122 4001 maledictum
1162 3948 1421 4001 sublatum
1452 3955 1552 4014 est,
1581 3959 1634 4002 et
1669 3948 1789 4004 data
1824 3948 1983 4004 bene-

422 4032 614 4099 dictio;
647 4050 739 4103 per
779 4050 924 4091 esum
964 4054 1130 4107 nuper
1165 4037 1318 4107 ejecti
1357 4037 1641 4103 fueramus,
1693 4054 1787 4109 per
1829 4055 1981 4095 esum

420 4139 601 4179 rursus
631 4125 907 4181 introducti
939 4127 1151 4182 fuimus.
1181 4127 1340 4198 Virgo
1367 4143 1462 4184 nos
1490 4129 1743 4198 paradiso~
1757 4131 1976 4200 expulit,

418 4228 515 4283 per
560 4216 811 4286 virginem
856 4219 1012 4273 vitam
1062 4227 1310 4273 arternam
1352 4220 1668 4275 invenimus.
1716 4221 1816 4275 Per
1863 4236 1980 4291 qua:

417 4305 748 4359 condemnati
769 4322 971 4374 sumus,
998 4323 1090 4376 per
1114 4324 1175 4363 ea
1202 4308 1394 4364 fuimus
1420 4311 1674 4365 coronati.
1703 4310 1827 4365 Haec
1842 4327 1980 4387 ergo

416 4399 593 4452 animo
618 4403 821 4468 agitans
841 4399 1112 4470 propheta,
1147 4399 1353 4455 dicebat
1377 4418 1390 4454 :
1421 4400 1645 4456 Deducat
1669 4412 1716 4456 te
1738 4402 1980 4456 mirabili-

418 4497 491 4542 ter
515 4489 717 4543 dextera
738 4500 842 4543 tua.
870 4489 1129 4560 Numquid
1151 4508 1282 4560 opus
1300 4504 1382 4547 est
1406 4493 1602 4547 armis?
1622 4509 1745 4548 num
1766 4494 1979 4564 gladio?

418 4594 542 4631 num
587 4593 713 4633 arcu
743 4588 797 4634 et
836 4581 1071 4650 sagittis?
1098 4580 1281 4636 Vidisti
1319 4583 1583 4652 quomodo
1619 4584 1728 4653 ipsa
1768 4591 1973 4651 natura,

416 4670 525 4737 ipsa
556 4669 803 4737 potentia,
831 4679 914 4724 est
954 4670 1152 4741 sibiipsi
1182 4670 1488 4727 sufficiens?
1514 4672 1619 4728 Sed
1658 4674 1776 4728 vide
1817 4689 1971 4739 eum,

416 4770 681 4829 tamquam
721 4761 1021 4816 saltatorem
1064 4763 1352 4831 optimum,
1379 4779 1561 4819 rursus
1602 4779 1632 4818 a
1667 4766 1979 4821 sublimibus

413 4849 735 4904 descendere
763 4851 829 4904 ad
854 4852 1131 4906 crassiora.
1158 4853 1210 4906 6.
1243 4852 1456 4923 Sagitta:
1482 4863 1602 4921 tute,
1643 4856 1833 4926 inquit,
1854 4872 1979 4910 acu-

413 4949 497 5004 tae,
529 4941 877 5009 potentissime.
911 4940 1102 5011 Papuli
1138 4944 1229 4996 sub
1253 4952 1298 4997 te
1337 4942 1536 5010 cadent,
1563 4945 1617 4998 in
1644 4945 1791 5000 corde
1806 4946 1996 5003 inimL.

413 5044 589 5081 eorum
616 5030 765 5099 regis.
797 5030 964 5096 Alius,
996 5030 1062 5085 In
1089 5032 1237 5084 corde
1261 5032 1447 5085 inimici
1473 5032 1622 5102 regis.

484 5115 696 5187 Sagitta:
736 5119 866 5172 verbi
908 5120 979 5174 vis
1016 5120 1224 5190 efﬁcax;
1250 5121 1437 5175 Christi
1460 5123 1817 5177 teternitas.-—
1837 5124 1971 5180 Vide

413 5220 600 5262 rursus
623 5210 832 5277 quando
848 5210 1087 5264 meminit
1110 5212 1438 5281 sagittarum,
1456 5213 1721 5283 quomodo
1740 5218 1976 5286 potentis

415 5295 633 5350 verbum
659 5299 884 5367 accepit,
915 5306 975 5353 ut
1002 5300 1139 5355 scias
1159 5315 1279 5355 eum
1311 5316 1415 5357 non
1445 5318 1601 5374 egere
1629 5304 1853 5374 sagittis,
1881 5307 1974 5362 sed

409 5389 584 5459 ipsum
604 5388 803 5459 sibiipsi
820 5389 1082 5446 sufficere.
1110 5391 1234 5447 Huic
1252 5401 1335 5449 est
1356 5403 1529 5449 autem
1546 5397 1742 5451 series:
1763 5397 1976 5469 Sagitta:

412 5486 512 5530 tute
536 5487 713 5543 acutte,
747 5488 940 5548 potens,
968 5482 1022 5536 in
1041 5482 1191 5537 corde
1215 5485 1530 5539 inimicorum
1550 5488 1701 5557 regis.
1724 5487 1854 5543 Illud
1879 5505 1968 5543 au-

414 5576 539 5632 tem,
573 5566 760 5634 Populi
782 5569 872 5623 sub
899 5580 945 5625 te
977 5573 1182 5639 cadent,
1208 5573 1258 5627 in
1286 5574 1462 5629 medio
1491 5575 1856 5646 interponitur.
1880 5579 1977 5635 Hic

410 5672 458 5712 et
471 5673 538 5727 go
559 5657 689 5711 mihi
706 5672 822 5714 esse
838 5661 1042 5717 videtur
1059 5662 1251 5733 duplex
1276 5665 1533 5735 expositio
1552 5684 1565 5719 :
1586 5668 1668 5723 vel
1690 5669 1831 5725 enim
1851 5669 1978 5728 dicit

479 5771 497 5801 ι
532 5775 613 5820 ttic
633 5769 789 5834 adjicit
806 5779 923 5839 tteg.
944 5788 1083 5840 unus,
1110 5777 1251 5840 Alius,
1282 5796 1304 5827 ι
1324 5785 1370 5830 et
1384 5781 1645 5844 trepidans.
1669 5801 1692 5832 ι

1520 396 1875 451 EXPOSITIO
1913 395 1974 450 IN
2006 396 2326 453 PSALMUM
2368 399 2546 455 XLIV.
2934 484 2949 487 _
3332 469 3357 487 Ι
3570 421 3665 478 194

2913 484 2949 508 Ι

2109 511 2379 569 Iudaicam
2420 516 2774 587 captivitatem
2799 530 2853 574 et
2879 521 3106 579 civitatis
3130 526 3457 585 eversionem
3481 542 3535 588 et
3570 550 3667 592 ex-

2103 605 2318 672 cidium,
2350 608 2433 661 vel
2473 623 2567 677 per
2604 624 2871 680 anagogeu
2901 614 3007 668 vim
3051 617 3196 671 verbi
3240 628 3392 674 vocat
3426 631 3662 692 sagittas.

2101 696 2383 762 Quibusvis
2407 699 2546 753 enim
2568 702 2770 771 sagittis
2789 705 3019 761 velocius
3041 710 3271 777 pervasit
3292 711 3474 767 orbem
3497 723 3666 772 terra-

2102 801 2240 852 rum,
2283 795 2337 841 et
2376 803 2581 854 eorum,
2611 792 2698 860 qui
2729 793 2875 862 prius
2912 806 3065 850 erant
3106 797 3326 865 inimici;
3354 816 3447 856 cor
3475 804 3662 875 tetigit,

2101 890 2205 928 non
2237 884 2293 929 ut
2321 876 2659 946 interficeret,
2690 882 2783 935 sed
2836 892 2891 937 ut
2931 885 2997 939 ad
3040 901 3100 941 se
3145 889 3434 946 attraheret
3470 908 3484 945 :
3524 896 3661 962 quod

2100 965 2257 1019 etiam
2277 967 2328 1020 in
2347 968 2511 1023 Paulo
2532 970 2727 1025 evenit.
2751 978 2869 1028 Non
2885 976 3024 1030 enim
3040 977 3363 1036 abcrravcrit
3381 983 3657 1053 quispiam,

2048 1127 2061 1147 ἱ
2098 1055 2142 1108 si
2163 1055 2356 1111 dixerit
2376 1057 2502 1113 illud
2519 1060 2736 1115 verbum
2757 1064 3016 1132 sagittam,
3045 1068 3182 1135 quod
3202 1084 3233 1124 e
3248 1070 3391 1125 caelis
3411 1073 3660 1130 emissum

2100 1145 2267 1214 tetigit
2293 1160 2385 1201 cor
2423 1150 2555 1216 ejus,
2588 1151 2676 1220 qui
2704 1153 2850 1221 prius
2889 1166 3002 1210 erat
3052 1159 3313 1227 inimicus,
3353 1171 3409 1217 et
3435 1154 3661 1221 amicum

2097 1233 2344 1292 reddidit.
2372 1234 2565 1307 Populi
2591 1238 2682 1293 sub
2704 1251 2751 1294 te
2768 1243 2965 1299 cadent.
2995 1245 3181 1302 Vidisti
3207 1266 3362 1320 quam
3384 1261 3526 1309 recte
3541 1254 3662 1310 bel-

2095 1325 2201 1378 lum
2219 1335 2422 1395 gestum
2439 1329 2542 1383 sit?
2561 1334 2827 1400 quomodo
2852 1339 3174 1394 reconciliati
3190 1342 3385 1398 fuerint
3403 1346 3492 1415 qui
3513 1347 3659 1414 prius

2096 1425 2249 1469 erant
2276 1417 2549 1474 seditiosi?
2595 1425 2860 1492 quomodo
2897 1428 3078 1482 docti?
3121 1433 3387 1500 quomodo
3428 1435 3659 1492 initiati?

2096 1504 2213 1573 Ipse
2242 1507 2382 1562 enim
2433 1525 2607 1580 casus,
2653 1522 2707 1569 et
2733 1517 2871 1585 quod
2899 1519 3003 1573 sint
3044 1520 3141 1575 sub
3169 1522 3279 1588 illo,
3310 1536 3391 1579 est
3412 1527 3659 1582 omnibus

2048 1622 2055 1633 ι
2095 1596 2489 1656 fundamentum
2514 1613 2567 1659 et
2592 1606 2738 1661 radix
2759 1608 3066 1666 altitudinis.
3091 1612 3222 1667 Cum
3247 1618 3387 1670 enim
3406 1631 3499 1672 eos
3525 1618 3657 1674 libe-

2092 1701 2262 1748 rasset
2288 1694 2357 1750 ab
2381 1699 2696 1767 arrogantia,
2727 1708 2781 1755 et
2806 1701 2874 1755 ah
2899 1704 3037 1757 inani
3066 1706 3201 1760 fastu
3225 1714 3280 1762 et
3304 1708 3490 1778 gloria,
3518 1712 3659 1765 etab

2091 1795 2273 1837 errore
2287 1782 2605 1855 daemonum,
2624 1802 2717 1843 eos
2737 1790 2937 1860 sibiipsi
2963 1794 3213 1850 subdidit.
3237 1796 3311 1850 lta
3337 1799 3492 1853 etiam
3514 1800 3651 1856 alius

2091 1871 2346 1942 propheta
2376 1890 2498 1931 eum
2545 1880 2774 1935 ostendit
2814 1892 3166 1953 cruentatum,
3217 1902 3337 1943 cum
3382 1892 3460 1945 sic
3493 1890 3653 1946 dicit:

2094 1960 2218 2026 Quis
2246 1963 2328 2017 hic
2346 1974 2437 2031 est,
2465 1968 2550 2035 qui
2574 1971 2707 2023 venit
2730 1986 2793 2024 ea:
2817 1969 3020 2027 Edam?
3046 1975 3234 2030 rubedo
3261 1980 3659 2035 vestimentorum

2091 2052 2199 2120 ejus
2222 2067 2286 2106 ea:
2307 2052 2468 2109 Bosar
2491 2056 2641 2127 (lsai.
2666 2059 2754 2115 65.
2779 2058 2868 2131 l)?
2889 2061 3157 2133 Nusquam
3180 2066 3288 2121 illic
3309 2082 3477 2138 arma,
3498 2084 3657 2127 arcus

2090 2150 2144 2196 et
2169 2143 2393 2213 sagittae,
2423 2145 2516 2201 sed
2549 2156 2742 2204 vestes.
2792 2150 3022 2207 Verbum
3063 2156 3273 2225 quidem
3318 2160 3475 2227 paulo
3512 2176 3656 2216 cras-

2090 2231 2220 2299 sius,
2251 2233 2346 2288 sed
2371 2234 2472 2290 hoc
2499 2244 2672 2294 tamen
2700 2240 2975 2298 subtilius:
2997 2254 3049 2299 et
3084 2253 3260 2302 tamen
3300 2249 3409 2306 illic
3445 2266 3656 2323 quoque

2090 2320 2141 2374 in
2167 2336 2229 2377 ea
2257 2326 2605 2384 crassitudine
2634 2329 2788 2400 erigit
2815 2333 3012 2388 sensim
3051 2336 3341 2393 orationem
3365 2339 3431 2394 ad
3459 2320 3546 2396 res
3568 2320 3652 2396 in-

2090 2425 2394 2481 corporeas.
2433 2416 2690 2484 Quoniam
2732 2422 2872 2476 enim
2917 2433 3067 2494 rogat
3110 2428 3363 2497 prepheta
3394 2430 3653 2487 undenam

2088 2501 2262 2558 rubra:
2297 2514 2490 2571 vestes,
2539 2507 2702 2566 dicit:
2731 2510 2975 2568 Torcular
3000 2516 3187 2572 calcari
3211 2520 3348 2574 solus
3375 2518 3534 2588 (Ibid.
3564 2510 3654 2579 65.

2087 2589 2142 2683 2.
2163 2592 2248 2683 _5),
2281 2596 2569 2652 ostendens
2595 2599 2833 2657 victoriae
2857 2603 3184 2683 facilitatem,
3213 2617 3269 2664 et
3292 2612 3430 2680 quod
3452 2606 3669 2669 nullum

2091 2679 2331 2737 habuerit
2348 2686 2437 2754 qui
2451 2686 2498 2740 ei
2519 2701 2672 2756 opem
2695 2688 2877 2759 ferret,
2899 2694 2992 2749 sed
3016 2679 3130 2765 ipse
3149 2679 3349 2769 sibiipsi
3369 2701 3652 2758 suffecerit.

2088 2770 2541 2839 Quemadmodum
2566 2779 2709 2835 enim
2743 2781 2829 2837 hie
2865 2784 3007 2851 dicit,
3038 2784 3264 2842 Deducet
3289 2801 3337 2844 te
3362 2794 3656 2850 mirabiliter

2087 2864 2291 2920 dextera
2317 2875 2440 2920 tua:
2472 2868 2539 2924 ita
2570 2871 2728 2926 etiam
2758 2873 2888 2941 illic,
2914 2874 3161 2931 Torcular
3194 2881 3384 2936 calt-avi
3408 2885 3561 2940 solus.
3588 2888 3655 2943 Ut

2091 2955 2232 3009 enim
2260 2955 2416 3012 facile
2435 2967 2519 3014 est
2544 2960 2616 3026 ei,
2644 2965 2734 3032 qui
2760 2963 3048 3033 ingreditur
3065 2970 3312 3037 torcular,
3337 2972 3541 3030 calcare
3561 2976 3656 3031 bo-

2090 3054 2232 3101 tros:
2261 3047 2330 3102 ita
2359 3049 2518 3104 etiam
2548 3051 2676 3117 Deo,
2710 3051 2883 3110 facere
2909 3071 3027 3125 qua:
3056 3059 3299 3128 voluerit,
3339 3063 3448 3117 imo
3478 3082 3543 3120 ne
3571 3067 3649 3123 sic

2088 3136 2319 3206 quidem,
2347 3139 2441 3195 sed
2461 3139 2616 3211 longe
2640 3142 2862 3199 facilius.
2895 3146 2946 3199 7.
2977 3147 3212 3205 Thronus
3240 3160 3373 3218 tuus,
3414 3150 3570 3219 Deus,
3598 3158 3651 3211 in

2087 3229 2328 3283 saeculum
2347 3232 2535 3289 swculi.
2568 3231 2720 3304 Virga
2741 3235 3042 3303 directionis,
3061 3240 3200 3310 virga
3216 3243 3356 3313 regni
3371 3245 3460 3298 tui.
3485 3246 3536 3300 8.
3562 3247 3653 3301 Di-

2087 3318 2247 3374 lexisti
2274 3321 2546 3391 justitiam,
2586 3335 2634 3378 et
2672 3326 2821 3380 odisti
2846 3328 3175 3397 iniquitatem.
3203 3332 3478 3405 Pr0pterea
3502 3341 3648 3393 unxit

2087 3415 2135 3463 te
2173 3408 2328 3476 Deus,
2374 3410 2515 3467 Deus
2542 3424 2656 3470 tuus
2693 3417 2801 3472 oleo
2826 3414 3031 3487 lwtitiw,
3061 3440 3165 3492 prae
3193 3428 3502 3483 consortibus
3529 3431 3646 3484 tuis.

2086 3496 2254 3565 Alius,
2282 3497 2512 3554 Thr-onus
2535 3513 2670 3570 tuus,
2698 3503 2857 3573 Deus,
2883 3518 3117 3578 aeternus,
3143 3523 3190 3566 et
3218 3514 3369 3569 ultra.
3397 3516 3651 3575 Hebre-us

2086 3597 2261 3643 autem
2287 3589 2414 3646 dicit
2442 3592 2590 3662 illud,
2621 3594 2777 3662 Deus,
2820 3597 2958 3654 Deus
2988 3610 3122 3670 tuus,
3155 3604 3344 3667 Eloim.
3376 3607 3572 3664 Eloach
3606 3612 3646 3664 ¹.

2086 3679 2220 3747 Quid
2261 3681 2348 3736 hic
2382 3683 2574 3740 dixerit
2616 3686 2863 3745 Judaeus?
2889 3691 2965 3746 De
2991 3709 3218 3763 quonam
3259 3700 3398 3754 enim
3425 3700 3541 3755 haec
3563 3702 3649 3756 di-

2084 3773 2307 3825 cuntur?
2336 3773 2470 3839 Quid
2497 3791 2622 3831 vero
2650 3778 2965 3841 hzereticus?
2993 3784 3049 3840 Si
3078 3786 3272 3844 dixerit
3299 3792 3437 3845 enim
3459 3793 3560 3848 diri
3581 3795 3648 3851 de

2084 3859 2258 3929 Patre,
2286 3862 2518 3921 Thronus
2545 3877 2681 3934 tuus,
2722 3870 2875 3938 Deus,
2918 3874 2972 3929 in
3016 3880 3255 3933 saeculum
3293 3884 3498 3937 steculi:
3518 3902 3648 3954 quo-

2083 3951 2242 4005 modo
2267 3953 2315 4007 ci
2338 3958 2636 4025 conveniet,
2654 3961 2794 4030 quod
2814 3963 3063 4034 deinceps
3078 3970 3345 4037 sequitur:
3375 3951 3647 4044 Propterea

2083 4042 2227 4095 unxit
2257 4051 2302 4096 te
2329 4042 2486 4111 Deus,
2513 4047 2655 4103 Deus
2684 4060 2798 4105 tuus
2814 4053 2840 4104 ?
2856 4052 3040 4124 Neque
3055 4058 3194 4112 enim
3220 4059 3375 4115 Pater
3397 4042 3647 4120 est—Chri-

2083 4139 2214 4198 stus,
2244 4148 2414 4203 ueque
2455 4137 2568 4206 ipse
2610 4149 2797 4196 unctus
2834 4151 2933 4200 est.
2981 4144 3132 4202 Unde
3161 4149 3363 4205 clarum
3400 4164 3481 4207 est
3522 4169 3644 4210 eum

2084 4221 2227 4293 loqui
2251 4223 2319 4280 de
2344 4225 2643 4297 Unigcnito,
2672 4231 2738 4286 de
2761 4248 2866 4303 quo
2888 4235 3032 4303 prius
3057 4253 3264 4309 quoque
3291 4240 3490 4298 dictum
3524 4255 3643 4309 est;

2081 4311 2148 4366 de
2173 4328 2275 4383 quo
2301 4317 2432 4373 dixit
2458 4320 2615 4375 etiam
2640 4322 2802 4379 Isaias
2833 4343 2847 4380 :
2878 4326 2946 4381 Et
2970 4327 3083 4398 ejus
3106 4330 3253 4402 regni
3274 4344 3379 4389 non
3402 4332 3504 4389 erit
3531 4332 3653 4391 ﬁnis

2081 4403 2232 4475 (ιεαε.
2254 4408 2307 4464 9.
2337 4410 2413 4481 7).

2151 4498 2202 4552 8.
2244 4499 2345 4556 Sed
2367 4501 2498 4558 illud
2526 4505 2795 4574 quaesierit
2827 4491 3049 4566 fortasse
3076 4514 3356 4584 quispiam,
3384 4533 3481 4573 cur
3505 4536 3642 4577 nunc

2083 4588 2313 4658 loquitur
2331 4592 2397 4648 de
2421 4593 2712 4666 divinitate,
2744 4613 2862 4654 cum
2888 4600 2956 4657 de
2977 4601 3219 4662 humanae
3237 4618 3437 4665 natura;
3462 4627 3643 4668 susce-

2084 4682 2263 4750 ptione
2287 4693 2440 4740 antea
2466 4688 2627 4744 verba
2651 4690 2865 4747 fecerit?
2892 4693 3150 4761 Quoniam
3179 4699 3403 4770 idipsum
3431 4719 3642 4775 quoque

2078 4768 2204 4826 facit
2227 4771 2520 4831 Mattbteus.
2549 4779 2591 4833 A
2610 4795 2770 4838 carne
2797 4785 2937 4839 enim
2962 4785 3162 4858 incipit,
3181 4799 3235 4846 et
3251 4768 3319 4846 ita
3343 4768 3635 4850 exorditur:

2079 4860 2235 4955 Liber
2255 4869 2587 4955 generationis
2610 4871 2738 4927 Jesu
2763 4872 2949 4931 Christi
2974 4876 3185 4951 (Matth.
3205 4883 3256 4938 1.
3282 4885 3358 4955 1).
3390 4885 3641 4944 Similiter

2077 4952 2237 5006 etiam
2266 4952 2436 5010 Lucas
2461 4965 2516 5013 et
2542 4958 2778 5017 Marcus:
2800 4964 3035 5024 Joannes
3076 4980 3251 5027 autem
3290 4952 3435 5031 solus
3461 4977 3634 5035 aliter.
3654 4958 3673 4977 χ

2076 5041 2393 5142 Cum-enim
2436 5050 2581 5119 prius
2623 5053 2841 5112 dixisset
2869 5058 2936 5114 de
2963 5060 3257 5133 divinitate,
3298 5066 3367 5122 In
3393 5069 3639 5142 principio

2077 5143 2184 5221 erat
2216 5135 2447 5207 Verbum,
2475 5150 2522 5196 et
2558 5142 2769 5200 Verbum
2796 5159 2904 5203 erat
2922 5154 3060 5221 apud
3084 5153 3269 5221 Deum,
3299 5135 3506 5217 et
3533 5135 3641 5219 erat

2088 5220 2300 5280 Verbum
2337 5229 2515 5298 (Joan.
2543 5233 2596 5287 l.
2626 5235 2703 5304 1),
2734 5245 2788 5291 et
2828 5238 2895 5294 de
2930 5220 2992 5294 ea
3023 5243 3632 5318 multumdisseruisset,

2080 5323 2203 5371 tunc
2221 5318 2385 5374 dixit:
2416 5321 2486 5376 Et
2523 5323 2735 5381 Verbum
2759 5345 2877 5384 curo
2903 5333 3090 5401 factum
3116 5345 3205 5399 est,
3238 5344 3284 5390 et
3323 5337 3560 5396 habitavit
3585 5346 3639 5399 in

2077 5406 2240 5460 nobis.
2279 5408 2432 5474 Quod
2471 5410 2518 5465 si
2546 5427 2702 5469 secus
2743 5431 2807 5471 ac
2850 5421 3029 5475 caeteri
3073 5425 3327 5495 evangelii
3356 5428 3640 5499 scriptione

2078 5510 2206 5551 usus
2230 5508 2335 5565 est,
2357 5500 2433 5555 sic
2447 5516 2656 5572 quoque
2680 5520 2922 5576 magnam
2950 5509 3087 5565 inter
3112 5513 3252 5581 ipsos
3272 5519 3501 5574 ostendit
3515 5536 3611 5576 con
3630 5550 3650 5560 -

2079 5586 2400 5641 sensionem.
2424 5590 2489 5644 Et
2515 5594 2802 5662 quomodo,
2832 5597 3057 5666 inquies,
3104 5601 3259 5660 fuerit
3294 5608 3484 5663 rationi
3510 5626 3638 5666 con-

2079 5684 2408 5745 sentaneum,
2430 5690 2489 5735 ut
2515 5682 2584 5737 sit
2605 5684 2658 5737 in
2678 5698 2763 5749 eo,
2789 5688 2929 5756 quod
2951 5700 3030 5743 est
3052 5697 3394 5765 contrarium,
3415 5714 3636 5757 consen-

2145 5786 2161 5817 ι
2198 5792 2298 5837 Duo
2321 5794 2444 5854 υεςη
2469 5788 2596 5843 Elea.
2620 5794 2780 5847 Lectio
2799 5796 3029 5852 llebraica
3052 5782 3314 5882 εει-μήνη
3345 5791 3537 5867 mihi.
