4084 6278
386 395 490 451 195

381 511 496 567 sio?
523 511 601 563 An
634 506 827 574 nescis,
856 503 995 577 quod
1026 502 1309 557 comedere.
1339 506 1596 570 repugnat
1633 498 1682 553 ei
1711 495 1851 567 quod
1880 503 1963 549 est

381 616 489 657 non
520 598 821 660 comedere,
854 605 908 650 et
938 595 1120 649 bibere
1148 594 1196 647 ei
1243 591 1380 660 quod
1424 599 1507 646 est
1536 605 1639 643 non
1672 587 1876 653 bibere,
1909 594 1965 642 et

380 692 509 746 dare
534 690 582 745 ei
608 687 747 759 quod
780 696 861 741 est
887 702 991 740 non
1014 685 1173 739 dare?
1198 684 1349 752 Smpe
1370 689 1547 736 autem
1578 679 1816 734 medicus
1831 692 1953 748 quo-

381 796 485 851 que
526 779 691 835 multa
731 778 858 831 facit
896 775 1180 847 ejusmodi,
1214 789 1318 828 non
1366 786 1546 827 secum
1578 784 1837 850 pugnans,
1868 767 1964 824 sed

381 874 482 928 sibi
508 873 658 926 valde
690 870 1062 926 consentiens:
1093 882 1252 920 unum
1281 864 1424 919 enim
1453 862 1552 917 sibi
1584 862 1741 916 ﬁnem
1770 874 1967 930 propo-

383 967 481 1031 nit,
509 964 692 1035 a‘groli
723 962 1030 1018 sanitatem.
1079 958 1193 1013 Iloc
1235 958 1405 1027 ipsum
1433 956 1592 1010 etiam
1627 953 1872 1008 usuvenit
1911 952 1963 1007 in

380 1055 742 1126 evangelislis.
774 1053 903 1107 Nam
934 1060 1093 1106 testas
1136 1064 1349 1119 quoque
1375 1055 1458 1103 est
1488 1045 1648 1100 hiemi
1671 1044 1960 1109 contraria,

381 1147 449 1201 ad
488 1162 650 1201 unum
684 1156 859 1199 tamen
888 1143 1104 1213 respicit
1150 1141 1330 1203 ﬁnem,
1361 1136 1738 1209 perfectionem
1765 1143 1820 1191 et
1848 1150 1964 1188 ma-

381 1238 650 1291 turitatem
678 1236 960 1290 fructuum.
981 1232 1098 1288 Jam
1128 1245 1254 1286 vero
1278 1229 1552 1282 universus
1573 1240 1785 1296 quoque
1808 1240 1965 1279 mun-

383 1328 484 1382 dus
511 1336 718 1382 constat
739 1342 802 1380 ex
828 1323 1131 1381 contrariis,
1155 1321 1246 1375 sed
1277 1321 1499 1373 multum
1526 1317 1591 1371 ad
1620 1317 1742 1371 vitae
1768 1325 1965 1370 nostra;

380 1434 535 1474 usum
561 1432 878 1472 consensum
902 1413 1153 1470 ostendit.
1176 1412 1475 1480 Quinetiam
1495 1408 1735 1463 Christus
1755 1420 1965 1476 quoque

380 1512 463 1563 via
492 1509 679 1565 Joanui
705 1512 971 1563 contraria
1002 1504 1271 1576 ingressus
1297 1513 1396 1556 est.
1427 1499 1519 1555 Ille
1544 1499 1685 1555 enim
1712 1497 1961 1553 comede-

379 1605 491 1670 bat,
514 1601 597 1655 hic
614 1615 736 1654 vero
758 1614 861 1652 non
881 1596 1210 1652 comedebat.
1240 1594 1385 1649 Venit
1402 1594 1565 1658 enim,
1590 1592 1776 1661 inquit,
1798 1590 1963 1644 Joan-

378 1713 486 1760 nes,
515 1709 674 1766 neque
714 1690 998 1752 comedens,
1040 1704 1196 1758 neque
1233 1686 1420 1749 bibens,
1456 1695 1503 1739 et
1533 1685 1725 1749 dicunt,
1755 1682 1963 1737 Dromo-

378 1790 518 1841 nium
545 1789 710 1841 habet.
751 1783 895 1840 Venit
921 1781 1086 1835 Filius
1112 1779 1327 1833 hominis
1350 1778 1517 1833 bibens
1536 1787 1580 1830 et
1611 1777 1894 1841 comedens,
1919 1783 1966 1828 et

379 1883 574 1947 dicunt,
605 1880 737 1934 Ecce
757 1880 906 1934 homo
924 1890 1100 1937 vorax,
1121 1882 1166 1926 et
1184 1874 1281 1926 vini
1304 1879 1448 1940 potor
1469 1868 1619 1941 (Luc.
1651 1870 1702 1923 7.
1726 1869 1815 1924 33.
1848 1869 1960 1938 3i).

381 1972 486 2028 Sed
529 1972 639 2031 etsi
674 1979 827 2025 erant
868 1985 987 2038 qua:
1034 1965 1233 2022 ﬁebant
1274 1961 1560 2028 contraria,
1588 1952 1755 2015 unum
1784 1967 1961 2013 tamen

381 2067 540 2119 ﬁnem
572 2062 947 2133 respiciebant,
981 2075 1172 2130 nempe
1202 2070 1408 2122 eorum,
1455 2054 1544 2129 qui
1590 2067 1786 2123 sagena
1813 2058 1968 2106 erant

379 2154 644 2223 capiendi,
677 2153 923 2206 salutem.
972 2150 1045 2205 lta
1090 2151 1249 2205 etiam
1294 2147 1381 2203 hic
1423 2145 1555 2201 ordo
1592 2142 1885 2202 divinitatis
1913 2149 1967 2197 et

382 2246 630 2299 humana:
668 2252 929 2312 susceptae
976 2251 1198 2308 naturze,
1237 2240 1337 2295 etsi
1367 2254 1524 2295 secus
1550 2253 1611 2293 ac
1636 2238 1703 2293 ab
1729 2235 1871 2301 aliis,
1900 2233 1967 2288 ab

379 2337 584 2392 Joanne
627 2336 963 2391 introductus
997 2343 1103 2401 est,
1148 2334 1198 2388 id
1243 2342 1418 2389 tamen
1460 2334 1537 2387 eis
1565 2331 1722 2387 valde
1763 2342 1963 2386 conve-

380 2429 589 2482 nienter
619 2427 812 2482 factum
839 2435 941 2483 est.
969 2427 1036 2481 Et
1063 2425 1352 2496 quomodo,
1393 2425 1564 2479 dicam
1597 2440 1713 2494 ego.
1747 2424 1879 2491 Quia
1911 2424 1963 2479 in

383 2517 644 2587 principio
673 2517 886 2586 quidem
914 2532 1035 2571 cum
1079 2531 1258 2570 sermo
1287 2515 1517 2569 nondum
1549 2525 1691 2570 esset
1716 2515 1964 2570 dissemi-

382 2619 558 2676 natus,
599 2619 1018 2666 consentaneum
1048 2619 1162 2663 erat
1189 2608 1388 2663 versari
1433 2608 1484 2662 in
1532 2608 1841 2678 explicanda
1870 2608 1968 2661 hu-

384 2699 660 2762 inanitate,
683 2707 738 2753 et
762 2699 831 2753 de
857 2714 1018 2752 carne
1047 2698 1341 2752 doctrinam
1369 2697 1598 2766 aperire,
1626 2713 1653 2751 a
1681 2696 1965 2752 crassiori-

384 2791 485 2846 hus
525 2799 580 2845 et
621 2790 903 2845 sensilibus
931 2790 1186 2844 ducentes
1215 2790 1521 2853 exordium;
1553 2789 1652 2845 sed
1689 2801 1965 2861 postquam

384 2881 683 2936 introducta
711 2882 879 2935 fuerat
906 2881 1147 2944 scientia,
1176 2891 1229 2936 et
1252 2882 1686 2951 prmdicationem
1717 2881 1817 2949 iam
1850 2898 1967 2937 sus-

383 2980 656 3041 ceperant,
688 2980 802 3027 crat
831 2971 1084 3040 deinceps
1124 2981 1331 3063 tempus
1356 2981 1710 3042 opportunum
1738 2988 1766 3026 a
1800 2973 1968 3028 subli-

385 3062 641 3117 mioribus
667 3062 944 3117 inchoandi
976 3064 1051 3131 (I.
1097 3062 1213 3118 Car.
1244 3062 1311 3117 ’5.
1344 3064 1417 3133 1).
1449 3062 1808 3128 Quamobrem
1839 3080 1966 3134 pro-

385 3153 561 3224 phetre
587 3168 796 3223 quoque
822 3153 866 3206 si
898 3153 1108 3223 quando
1135 3153 1200 3208 de
1223 3167 1289 3208 eo
1316 3153 1602 3219 disserunt,
1625 3153 1693 3208 ab
1722 3142 1995 3211 humanm.

386 3251 590 3297 natum
633 3244 973 3312 susceptione
1005 3244 1280 3312 incipiunt,
1330 3253 1384 3298 et
1424 3243 1700 3299 exordium
1746 3243 1965 3304 ducunt.

386 3334 520 3390 Vide
547 3335 722 3404 itaque
747 3335 1014 3405 quomodo
1039 3335 1287 3390 Micha-as
1311 3335 1379 3390 ab
1409 3335 1591 3390 inﬁmo
1625 3336 1834 3391 orditur
1857 3355 1869 3391 :
1899 3335 1968 3390 Et

388 3433 464 3489 tu,
494 3423 762 3490 Bethleem,
789 3435 922 3479 terra
938 3422 973 3477 J
977 3425 1097 3488 uda,
1122 3441 1435 3497 nequaquam
1459 3441 1511 3480 es
1531 3425 1736 3480 minima
1755 3426 1806 3479 in
1829 3427 1970 3497 prin-

387 3517 581 3588 cipibus
607 3516 781 3570 Judw.
825 3516 910 3571 Ea;
956 3528 1002 3571 te
1048 3520 1180 3570 enim
1223 3518 1346 3571 mihi
1387 3518 1667 3588 egredietur
1713 3517 1838 3585 dux,
1884 3519 1970 3588 qui

387 3615 556 3677 pascet
583 3606 828 3676 papulum
853 3623 1017 3659 meum
1055 3605 1220 3661 Israel
1247 3606 1430 3675 (Mich.
1472 3607 1525 3662 5.
1569 3608 1645 3680 2).
1674 3609 1833 3678 Atqui
1863 3625 1966 3663 non

386 3707 504 3754 erat
531 3698 782 3753 divinitas
811 3715 873 3753 ex
919 3698 1211 3765 Bethleem,
1252 3700 1344 3754 sed
1373 3714 1521 3754 caro.
1562 3700 1667 3754 Sed
1706 3717 1813 3754 non
1845 3717 1965 3769 per-

386 3790 580 3846 mansit
599 3790 650 3844 in
670 3789 769 3844 hoc
786 3791 919 3857 solo,
946 3791 1040 3845 sed
1065 3791 1131 3844 ad
1159 3791 1493 3847 dwinitatem
1520 3793 1677 3847 etiam
1709 3793 1968 3859 ascendit,

381 3881 605 3937 'dicens:
631 3881 695 3935 Et
711 3898 938 3953 egressus
961 3884 1070 3953 ejus
1095 3883 1157 3936 ab
1173 3883 1315 3936 initio
1341 3899 1405 3937 ea:
1424 3883 1598 3938 diebus
1620 3884 1795 3938 seculi
1811 3883 1967 3958 (1b.).

388 3972 457 4027 Et
486 3987 667 4028 rursus
700 3972 892 4027 Isaias:
925 3973 1052 4027 Ecce
1079 3975 1217 4045 virgo
1245 3975 1298 4027 in
1326 3983 1465 4029 utero
1493 3975 1758 4045 concipiet,
1789 3985 1834 4029 et
1877 3994 1969 4047 pa-

387 4065 482 4118 riet
508 4065 692 4133 ﬁlium,
722 4074 768 4118 et
799 4064 1042 4119 vocabunt
1060 4082 1241 4119 nomen
1269 4066 1377 4131 ejus
1407 4064 1727 4133 Emmanuel,
1749 4068 1885 4138 quod
1900 4076 1971 4122 est

387 4158 788 4227 interpretatum,
841 4156 1120 4211 Nobiscum
1169 4156 1306 4211 Deus
1348 4155 1502 4227 (Isai.
1548 4158 1602 4212 7.
1650 4156 1764 4229 H).
1812 4158 1971 4213 Vides

389 4247 655 4319 quomodo
686 4248 730 4303 is
753 4263 962 4318 quoque
997 4263 1028 4303 a
1067 4263 1230 4304 carne
1268 4249 1506 4304 ascendit
1532 4248 1599 4303 ad
1639 4248 1969 4305 divinitatem

394 4340 605 4411 (Matth.
637 4344 686 4394 1.
727 4342 859 4411 25)?
899 4342 963 4396 Et
997 4356 1180 4396 rursus
1209 4341 1335 4396 alibi
1360 4342 1639 4396 considera
1668 4341 1771 4397 hoc
1798 4343 1968 4412 ipsum

392 4432 459 4485 ab
486 4448 550 4485 eo
576 4429 737 4484 fuisse
759 4430 986 4486 factum:
1010 4433 1136 4486 dicit
1163 4433 1342 4487 enim:
1380 4431 1590 4487 Puellus
1614 4442 1760 4488 natus
1784 4442 1856 4488 est
1882 4450 1975 4488 no-

393 4522 468 4575 bis
497 4521 659 4589 ﬁlius,
691 4531 737 4575 et
764 4520 914 4575 datus
938 4531 1011 4575 est
1027 4523 1189 4587 nobis,
1212 4531 1257 4575 et
1276 4533 1485 4577 vocatur
1509 4539 1691 4578 nomen
1710 4525 1842 4593 ejus,
1871 4540 1973 4576 ma-

393 4614 479 4682 qni
495 4611 691 4665 consilii
706 4611 935 4682 angelus,
961 4613 1274 4667 admirabilis
1288 4613 1629 4680 consiliarius,
1653 4613 1787 4668 Deus
1804 4614 1968 4685 fortis,

397 4714 592 4774 potens,
624 4702 859 4771 princeps
888 4704 1045 4771 pacis,
1079 4712 1221 4773 pater
1244 4706 1401 4774 futuri
1429 4706 1600 4759 surculi
1623 4704 1775 4773 (lsai.
1804 4707 1858 4760 9.
1889 4705 1969 4776 6).

397 4793 559 4850 Vides
580 4791 846 4862 quomodo
865 4807 1046 4845 rursus
1067 4809 1097 4846 a
1125 4809 1287 4861 puero
1309 4796 1591 4864 carnisque
1612 4798 1967 4865 susceptione,

396 4886 553 4943 veluti
578 4900 673 4954 per
695 4884 953 4955 quosdam
975 4884 1170 4953 gradus
1201 4886 1516 4953 ascendens,
1540 4888 1678 4941 sisﬁt
1699 4890 1751 4941 in
1781 4890 1975 4943 divini-

395 4981 558 5036 tate'.
594 4980 669 5034 Ita
712 4979 871 5035 etiam
914 4978 1072 5032 Pater
1109 4978 1223 5045 ejus
1262 4978 1502 5048 cognitus
1530 4989 1612 5034 est
1652 4981 1877 5049 primum
1907 4998 1969 5035 ex

395 5072 673 5129 creaturis.
707 5069 989 5125 lnvisibilia
1016 5070 1156 5124 enim
1182 5071 1309 5139 ejus,
1337 5070 1508 5139 inquit
1536 5070 1747 5137 Paulus,
1772 5088 1802 5123 a
1830 5088 1972 5124 crea.

394 5166 528 5218 tione
558 5162 733 5217 mundi
762 5161 993 5233 aperibus
1027 5158 1280 5214 intellecta
1307 5161 1682 5231 conspiciuntur
1712 5160 1884 5231 (Rom.
1920 5162 1970 5215 1.

392 5255 509 5325 20).
561 5254 628 5309 Et
665 5255 784 5309 ideo
820 5254 931 5323 ipse
976 5268 1185 5322 quoque
1228 5252 1457 5321 scipsutn
1489 5266 1632 5321 Saepe
1676 5252 1880 5322 effingit
1919 5253 1971 5308 in

396 5345 572 5414 specie
592 5345 847 5410 sensibili,
871 5344 1121 5416 paulatim
1152 5343 1384 5398 evehens
1408 5343 1694 5398 humanum
1716 5359 1881 5414 genus
1901 5345 1966 5398 ad

397 5435 742 5504 cogitationes
774 5435 1131 5503 incorporeas.
1164 5432 1230 5487 Et
1253 5433 1378 5502 quid
1420 5432 1649 5499 miraris,
1692 5435 1735 5488 si
1780 5434 1833 5488 in
1874 5434 1972 5490 doc

395 5525 658 5598 gmatibus
689 5524 787 5579 hoc
814 5526 1034 5580 consilio
1059 5534 1112 5580 et
1140 5525 1236 5579 hac
1262 5526 1556 5579 meououtia
1586 5540 1711 5580 usus
1739 5526 1827 5592 sit,
1846 5539 1968 5581 cum

368 5732 375 5737 0
460 5681 477 5712 ί
514 5685 660 5736 Unus,
683 5676 945 5745 ascendens
965 5690 1052 5739 per
1084 5677 1267 5745 gradus
1312 5676 1435 5745 colat
1474 5676 1607 5745 circa
1631 5679 1924 5745 divinitatem
1952 5693 1970 5731 :

399 5754 507 5802 qua:
529 5750 666 5805 certe
682 5737 835 5805 lectio
858 5736 975 5787 uon'
994 5736 1285 5805 spei‘nenda,
1308 5742 1359 5788 et
1383 5742 1596 5790 toi-mssis
1639 5736 1766 5791 Illam
1783 5742 1966 5805 ample-

398 5800 577 5864 cterer,
605 5802 693 5850 nisi
719 5811 865 5849 unum
887 5800 1136 5862 exemplar
1160 5811 1290 5850 esset
1314 5813 1479 5852 contra
1500 5816 1675 5851 omnia.

1166 386 1221 442 S.
1260 382 1538 442 JOANNIS
1572 374 2047 438 CllltYSOSTOMl
2086 376 2403 434 AllCHlEP.
2446 375 2980 434 CONSTANTINOP.

3551 379 3651 441 196

2075 496 2127 548 in
2156 494 2435 565 prteceptis
2460 504 2512 549 et
2545 494 2807 549 mandatis
2834 494 2937 551 hoc
2962 496 3135 564 ipsum
3163 494 3353 568 faciat?
3395 497 3651 565 Quocirca

2071 586 2331 658 propheta
2352 602 2562 655 quoque
2597 586 2673 641 sic
2701 587 2804 641 hoc
2834 588 2885 640 in
2913 587 3032 642 loco
3059 589 3300 644 oratione
3336 603 3464 644 usus
3490 600 3593 658 est,
3618 607 3648 645 a

2018 746 2028 756 '
2071 694 2233 735 carne
2254 680 2322 735 ad
2349 680 2678 736 divinitatem
2701 681 2995 737 ascendens
3016 680 3178 755 (labia
3212 684 3356 738 enim
3379 692 3509 739 sunt
3531 700 3651 741 car-

2070 771 2201 842 nis),
2231 782 2285 826 et
2318 788 2349 826 a
2375 772 2651 827 divinitate
2677 788 2864 828 rursus
2889 773 2953 827 ad
2977 789 3190 829 carnem
3219 774 3569 844 descendens,
3598 786 3652 832 et

2072 864 2327 918 varietate
2348 864 2605 919 orationis
2620 868 2774 919 utens
2792 865 2857 919 ad
2877 865 3100 921 salutem
3122 866 3647 923 catechumenorum.

2074 953 2117 1006 Τ
2118 954 2309 1008 In'onus
2335 963 2469 1018 tuus,
2501 953 2664 1018 Deus,
2690 957 2741 1009 in
2766 956 3005 1010 swculum
3033 955 3227 1013 swculi.
3262 957 3534 1013 Thronum
3568 960 3654 1015 hic

2073 1060 2176 1098 non
2210 1044 2367 1099 modo
2391 1048 2661 1110 thronum,
2692 1047 2784 1102 sed
2810 1062 3028 1118 regnum
3058 1048 3205 1103 dicit.
3238 1048 3334 1103 llic
3354 1065 3482 1120 ergo
3505 1050 3651 1106 illum

2070 1134 2198 1188 dicit
2222 1144 2502 1203 aeternum,
2530 1136 2654 1190 alibi
2680 1148 2856 1193 autem
2897 1138 3054 1192 etiam
3085 1139 3285 1192 altum:
3328 1138 3445 1193 Vidi
3485 1140 3649 1207 enim,
3684 1148 3702 1172 ‘

2072 1227 2261 1296 inquit,
2308 1226 2579 1280 Dominum
2627 1231 2877 1283 sedentem
2923 1246 3075 1298 super
3123 1229 3359 1284 thronum
3401 1232 3652 1285 excelsum

2073 1315 2224 1386 (Isai.
2254 1316 2305 1371 6.
2337 1315 2411 1388 1).
2439 1317 2508 1372 Et
2551 1333 2753 1382 rursus,
2790 1319 3039 1384 Quoniam
3064 1321 3199 1375 altus
3228 1322 3438 1377 thronus
3479 1326 3649 1378 tuus’.

2072 1408 2222 1462 Alius
2266 1423 2478 1478 quoque
2532 1409 2787 1479 prepheta
2836 1411 2968 1464 vidit
3009 1428 3130 1466 eum
3174 1412 3448 1467 sedentem
3494 1428 3644 1484 super
3730 1478 3733 1481 Α

2072 1500 2322 1555 thronum
2374 1501 2557 1572 gloriae
2588 1501 2750 1572 (Dan.
2775 1503 2827 1556 7.
2856 1501 2925 1575 9)
2954 1523 2968 1556 ς
2998 1502 3160 1557 David
3205 1514 3381 1559 autem
3420 1505 3655 1560 ostendit

2071 1592 2231 1647 etiam
2272 1591 2518 1647 thronum
2568 1593 2941 1648 humanitatis:
2970 1594 3322 1649 Misericordia
3370 1595 3533 1662 enim,
3567 1596 3652 1650 itt-

2071 1686 2205 1757 quit,
2257 1696 2302 1741 et
2335 1688 2591 1759 judicium
2629 1688 2870 1742 correctio
2906 1689 3073 1742 throni
3096 1691 3205 1760 ejus
3242 1687 3412 1761 (Psal.
3448 1691 3536 1745 96.
3568 1689 3649 1760 2).

2144 1777 2197 1831 9.
2231 1777 2356 1833 "me
2381 1779 2558 1833 omnia
2593 1780 2658 1835 de
2687 1779 2804 1849 ejus
2829 1795 2993 1850 regno
3023 1780 3159 1835 dicta
3191 1790 3339 1847 sunt,
3371 1782 3513 1852 quod
3542 1782 3651 1838 sci-

2072 1870 2194 1925 licet
2226 1869 2330 1925 ﬁne
2360 1880 2541 1926 careat
2562 1871 2688 1942 (hoc
2711 1872 2853 1927 enim
2880 1882 2981 1937 est,
3012 1869 3081 1926 In
3122 1872 3364 1929 sarculum
3389 1873 3605 1943 saeculi)
3634 1907 3649 1942 ,

2071 1962 2213 2033 quod
2246 1962 2317 2017 sit
2340 1963 2626 2032 gloriosum
2651 2004 2665 2029 ,
2697 1963 2839 2032 quod
2866 1962 3158 2030 excelsum,
3199 1966 3340 2034 quod
3388 1973 3576 2035 potens
3601 1975 3655 2020 et

2072 2056 2323 2111 validum.
2360 2056 2564 2112 Rursus
2593 2057 2735 2127 quod
2777 2058 2847 2112 sit
2891 2072 3083 2126 expers
3118 2057 3357 2126 principii
3382 2098 3396 2122 ,
3441 2058 3654 2128 quando

2075 2146 2224 2213 dicit,
2242 2145 2469 2219 Regnum
2504 2157 2666 2214 tuum,
2687 2165 2897 2219 regnum
2920 2148 3145 2202 omnium
3167 2150 3651 2223 swculorum(Psal.

2075 2240 2198 2294 144.
2228 2240 2339 2310 15).
2388 2240 2843 2308 Quemadmodum
2892 2231 3068 2297 autem
3112 2242 3331 2295 thronus
3378 2251 3461 2298 est
3506 2244 3653 2312 regni

2074 2332 2305 2401 signum,
2340 2333 2407 2385 ita
2436 2332 2595 2387 etiam
2627 2333 2793 2401 virga,
2823 2342 2878 2387 et
2930 2332 3095 2401 regni,
3145 2340 3200 2387 et
3240 2324 3650 2401 ‘jurisdictionis.

2072 2422 2139 2479 Et
2166 2421 2288 2477 ideo
2311 2421 2440 2476 dicit
2465 2440 2476 2474 :
2520 2420 2676 2493 Virga
2719 2424 3027 2491 directionis,
3059 2424 3200 2494 virga
3230 2424 3369 2490 regni
3394 2423 3489 2477 tui.
3527 2423 3651 2478 Cla-

2072 2531 2188 2570 rum
2242 2513 2386 2571 enim
2438 2513 2544 2568 illic
2592 2522 2672 2568 est
2715 2515 2854 2582 quod
2900 2514 3099 2583 justum
3138 2525 3261 2579 est,
3319 2514 3519 2568 clarum
3571 2523 3655 2569 eSt

2072 2602 2211 2679 quod
2238 2618 2321 2665 est
2362 2618 2590 2673 rectum,
2642 2608 2773 2661 nihil
2831 2608 2939 2662 illic
2985 2609 3372 2663 adumbratam.
3420 2610 3656 2666 Audiant

2071 2704 2159 2774 qui
2199 2704 2487 2771 insaniunt,
2515 2714 2570 2759 et
2594 2712 2780 2767 mente
2808 2702 2983 2774 capti;
3018 2702 3123 2756 imo
3163 2718 3292 2758 vero
3318 2704 3402 2774 qui
3430 2712 3553 2758 sunt
3576 2705 3655 2760 eis

2071 2796 2388 2851 deteriores.
2424 2796 2648 2864 Quinam
2668 2806 2842 2853 autem
2865 2806 2990 2853 sunt
3016 2797 3071 2851 hi
3090 2796 3112 2849 ?
3134 2796 3234 2864 Qui
3260 2796 3490 2851 divinam
3526 2812 3653 2866 pro-

2071 2886 2361 2941 videntiam
2404 2886 2821 2961 reprehendunt,
2851 2897 2906 2944 et
2930 2889 3116 2943 dicunt
3148 2907 3161 2944 :
3190 2890 3296 2944 Cur
3319 2890 3419 2946 hoc
3445 2902 3495 2945 et
3526 2888 3651 2946 illud

2071 2979 2149 3032 sic
2171 2978 2364 3034 factum
2395 2980 2818 3046 est?Quomodo
2839 2981 2978 3035 enim
3005 2997 3109 3035 non
3138 2980 3448 3046 absurdum,
3479 2990 3537 3037 ut
3561 2984 3651 3053 qui

2073 3068 2224 3124 fabro
2247 3071 2459 3141 quidem
2487 3072 2707 3136 assidet,
2748 3081 2801 3126 et
2837 3072 2975 3141 ligna
3009 3073 3339 3144 frangentem
3382 3084 3438 3130 et
3461 3091 3652 3132 secan-

2073 3170 2180 3218 tem
2221 3165 2632 3233 contemplatur,
2669 3164 2737 3218 ab
2776 3179 2842 3219 eo
2886 3165 3145 3219 rationem
3205 3182 3312 3222 non
3368 3166 3649 3237 exigat;et

2072 3255 2197 3310 dum
2230 3255 2469 3311 medicus
2498 3256 2689 3312 scindit
2715 3267 2767 3312 et
2790 3257 2895 3311 urit
2934 3272 3149 3312 carnem
3179 3301 3194 3325 ,
3236 3267 3291 3314 et
3331 3260 3381 3313 in
3420 3259 3646 3316 domun-

2073 3347 2194 3401 cula
2218 3355 2472 3416 :egrotum
2516 3347 2758 3415 includit,
2802 3358 2856 3402 et
2898 3349 3033 3403 fame
3058 3349 3342 3415 excruciat,
3378 3366 3476 3406 nec
3517 3352 3655 3407 ullus

2073 3437 2417 3504 adstantium,
2458 3453 2558 3493 nec
2603 3440 2720 3509 ipse
2759 3442 2847 3510 qui
2896 3439 3122 3507 laborat,
3170 3443 3235 3498 de
3288 3444 3494 3514 iisqua:
3526 3447 3658 3501 ﬁuut

2073 3531 2283 3586 curiose
2321 3532 2631 3601 investigat;
2677 3541 2730 3586 et
2759 3532 2883 3587 dum
2909 3534 3232 3604 gubernator
3255 3537 3425 3591 tendit
3451 3537 3652 3605 funem,

2077 3621 2357 3690 velumque
2385 3631 2439 3676 et
2480 3621 2708 3677 intendit
2749 3632 2805 3679 et
2835 3638 3019 3679 rursus
3048 3626 3299 3691 remittit,
3327 3636 3380 3681 ct
3406 3629 3552 3681 navis
3581 3629 3659 3683 la-

2075 3719 2187 3766 tera
2220 3713 2458 3778 immdat,
2500 3727 2658 3768 nemo
2704 3715 2770 3769 sit
2801 3716 3062 3778 curiosus,
3121 3732 3219 3771 nec
3249 3718 3297 3770 in
3329 3733 3649 3789 unoquoque

2077 3803 2266 3858 horum
2300 3802 2549 3873 opiﬁcum
2579 3805 2810 3874 iuquirat
2836 3816 2891 3860 et
2918 3808 3241 3873 sciscitetur,
3274 3808 3366 3862 sed
3410 3816 3579 3863 taceat
3604 3816 3657 3863 et

2076 3897 2328 3966 quiescat,
2362 3898 2603 3967 quamvis
2635 3898 2667 3950 ii
2694 3898 2748 3952 in
2778 3908 2891 3952 arte
2920 3914 3062 3968 smpe
3086 3912 3300 3968 peccent
3332 3916 3345 3952 :
3379 3900 3445 3955 de
3470 3901 3654 3955 ineﬁ'a-

2078 3985 2167 4040 bili
2212 3996 2389 4041 autem
2439 3987 2721 4057 sapientia,
2751 3987 2819 4043 de
2868 3988 3206 4044 inenarrabili
3243 3991 3542 4057 clementia,
3588 3989 3657 4045 de

2077 4077 2282 4133 inﬁnita
2301 4079 2624 4150 providentia
2639 4081 2851 4135 curiose
2871 4080 3136 4150 quispiam
3155 4081 3370 4151 indaget
3392 4081 3416 4135 ?
3435 4081 3659 4149 Quanta:

2079 4173 2194 4228 haec
2245 4188 2350 4227 non
2383 4180 2505 4228 sunt
2547 4171 2805 4227 insanire?
2848 4170 2916 4226 Et
2936 4187 3088 4242 opem
3129 4172 3342 4243 quidem
3381 4171 3543 4241 ferre,
3575 4173 3657 4227 vel

2080 4264 2332 4334 pecunias
2359 4278 2585 4335 erogare
2614 4279 2709 4335 pro
2747 4263 2832 4329 iis,
2857 4264 3049 4333 quibus
3071 4263 3130 4318 ﬁt
3170 4265 3383 4334 injuria,
3428 4265 3511 4320 vel
3562 4281 3659 4335 pro

2078 4356 2417 4425 pauperibus,
2468 4371 2574 4409 non
2605 4355 2758 4411 facile
2784 4355 3128 4410 inveniuntur
3182 4357 3271 4426 qui
3310 4356 3509 4422 velint;
3539 4374 3660 4427 per-

2079 4458 2237 4518 petuo
2263 4457 2436 4501 autem
2461 4445 2760 4518 inquirunt,
2785 4462 2882 4502 cur
2902 4447 2990 4503 hic
3012 4463 3211 4517 pauper
3233 4490 3249 4514 ,
3275 4465 3370 4503 cur
3391 4449 3480 4503 ille
3507 4466 3659 4504 men-

2077 4540 2249 4604 dieus,
2280 4549 2332 4594 et
2352 4554 2447 4593 cur
2468 4539 2604 4593 alter
2631 4538 2699 4593 sit
2718 4538 2890 4593 dives.
2924 4537 3089 4594 Serve
3116 4556 3342 4608 nequam
3365 4550 3418 4595 et
3438 4541 3655 4605 stolide,

2078 4645 2174 4683 cur
2221 4645 2327 4684 non
2376 4628 2561 4685 oculos
2607 4629 2884 4697 demittis,
2917 4644 3017 4685 nec
3048 4630 3271 4700 teipsum
3309 4631 3655 4697 condemnas,

2029 4746 2034 4750 -
2078 4718 2356 4774 nec’freno
2385 4719 2575 4789 lingua!
2614 4719 2805 4790 injecto
2834 4729 3064 4774 mentem
3095 4728 3235 4774 tuam
3265 4722 3528 4790 repritnis,
3561 4737 3661 4776 nec

2080 4817 2299 4869 mittens
2348 4812 2415 4867 de
2480 4813 2638 4867 tantis
2686 4812 2845 4868 rebus
2892 4810 3099 4867 curiose
3162 4812 3472 4883 inquit-ere,
3522 4812 3661 4868 hanc

2079 4911 2287 4965 anxiam
2323 4908 2713 4980 indagationem
2760 4910 2810 4962 in
2860 4918 3001 4963 tuam
3030 4909 3186 4963 vitam
3214 4909 3522 4964 convertis?
3551 4908 3659 4962 Re-

2078 5004 2223 5072 spice
2248 5020 2307 5058 ea
2335 5020 2453 5074 qum
2480 5003 2670 5069 fecisti,
2717 5004 2921 5074 respice
2943 5018 3087 5056 mare
3117 5011 3452 5072 peccatorum
3487 5020 3498 5055 :
3530 5011 3584 5055 et
3612 5002 3657 5056 si

2079 5110 2137 5149 es
2163 5096 2405 5150 curiosus
2432 5105 2485 5151 et
2512 5096 2702 5151 anxius
2754 5096 3053 5166 inquisitor,
3086 5095 3238 5162 exige
3277 5112 3306 5149 a
3342 5097 3510 5165 teipso
3536 5111 3657 5149 ver-

2079 5187 2267 5241 borum
2297 5203 2415 5257 qna:
2444 5187 2581 5241 male
2624 5186 2824 5251 dixisti,
2852 5196 2901 5241 et
2930 5203 3105 5241 rerum
3131 5202 3264 5256 quas
3297 5187 3433 5242 male
3462 5185 3654 5252 fecisti,

2080 5278 2337 5333 rationem
2361 5296 2374 5332 ε
2400 5293 2540 5333 nunc
2564 5286 2739 5333 autem
2760 5279 2832 5332 tui
2861 5279 3073 5346 quidem
3104 5280 3266 5347 ipsius
3300 5278 3658 5347 prtetcrmiSso

2079 5370 2359 5435 examine,
2398 5370 2521 5424 licet
2563 5371 2676 5424 lucc
2705 5370 2916 5439 quidem
2960 5368 3199 5424 socordia
3238 5369 3551 5437 supplicium
3581 5369 3659 5422 af-

2087 5461 2254 5527 ferat,
2289 5460 2498 5515 curiosa
2526 5471 2702 5516 autem
2734 5459 2999 5530 indagatio
3026 5460 3271 5524 salutem,
3300 5460 3455 5514 sedes
3490 5459 3654 5514 Deum

2143 5620 2159 5649 ι
2196 5619 2279 5667 ttic
2323 5618 2507 5680 variant
2542 5624 2650 5669 Mss.
2697 5625 2823 5667 Unus
2864 5625 2979 5680 Reg.
3026 5618 3109 5680 sic,
3143 5618 3318 5673 habet,
3353 5617 3479 5680 Altus
3521 5618 3655 5668 thro~

2076 5692 2197 5740 nus;
2222 5684 2275 5729 et
2295 5678 2409 5750 alibi
2432 5693 2616 5750 rursus,
2641 5682 2887 5750 sedentem
2907 5678 3052 5750 super
3074 5679 3295 5750 thronum
3316 5679 3514 5750 gtoniw;
3539 5680 3654 5730 alibi

2078 5750 2268 5799 autem,
2307 5742 2649 5804 Misericordiw
2683 5742 2907 5804 plenum;
2938 5760 2961 5789 ι
2981 5742 3331 5804 Misericordia
3350 5742 3502 5802 erant,
3527 5759 3548 5786 1
3579 5754 3655 5792 tn-

2081 5807 2202 5868 quit,
2223 5821 2244 5848 σι
2264 5809 2311 5853 et
2330 5802 2574 5865 judicium
2598 5802 2829 5854 correctio
2850 5805 3005 5855 throni
3028 5803 3148 5867 ejus.
3176 5819 3199 5850 ι
