4084 6278
421 354 520 412 I97

427 469 481 520 in
504 465 591 535 jus
619 477 834 524 vocans,
873 463 976 518 tuis
1005 463 1233 533 peccatis
1262 461 1362 516 alia
1393 461 1667 529 adjiciens.
1697 459 1811 513 Non
1842 456 1993 511 audis

420 559 732 629 prophetam
767 557 816 611 ei
839 556 1106 610 dicentem
1129 573 1143 608 :
1183 554 1334 625 Virga
1358 553 1664 615 directiouis,
1691 553 1830 619 uirga
1857 551 1998 620 regni

420 653 535 705 tui?
555 648 622 704 Et
652 663 834 703 rursus
862 648 998 702 alius
1024 665 1036 699 :
1066 642 1324 699 Iudicium
1347 647 1477 715 ejus,
1509 644 1697 713 inquit,
1733 654 1990 712 tamquam

419 744 508 796 lux
536 742 685 796 exibit
720 740 871 809 (Osee
922 739 974 794 6.
1004 737 1036 794 5
1061 738 1097 803 ).
1124 739 1273 806 Quod
1305 738 1346 792 si
1379 753 1484 791 non
1517 736 1652 789 nosti
1680 736 1856 788 omnia
1879 749 1998 804 quae

420 843 540 886 sttttt
568 833 640 885 tui
666 831 900 894 Domini,
931 841 1216 901 propterea
1233 843 1357 884 cum
1376 825 1545 900 gloria
1563 824 1733 893 allice,
1748 834 1999 897 propter-

419 937 483 976 ea
510 937 632 978 eum
679 921 910 974 maxime
939 920 1124 980 adora,
1155 924 1372 986 propter
1399 913 1720 968 ineffabilem
1745 912 1859 982 ejus
1887 927 2003 965 ma-

420 1000 689 1080 jestatem.
723 1016 940 1078 propter
965 1003 1553 1075 incomprehensibilem
1576 1003 1692 1072 ejus
1721 1001 2002 1072 providen-

423 1106 566 1168 tiam,
600 1113 815 1173 propter
841 1100 1043 1155 variam
1073 1114 1136 1154 ac
1161 1098 1455 1168 sapientem
1502 1097 1618 1166 ejus
1646 1097 1996 1150 curationem.

425 1193 658 1248 Dilexisti
664 1192 934 1264 justitiam,
959 1200 1006 1244 et
1029 1190 1179 1243 odisti
1201 1188 1532 1258 iniquitatem.
1559 1187 1841 1256 Postquam
1861 1187 2001 1239 enim

424 1283 668 1352 superius
696 1282 828 1335 dixit
850 1280 1100 1350 praeclara
1142 1278 1258 1348 ejus
1290 1278 1446 1342 facta,
1475 1277 1743 1338 victorias,
1775 1285 1995 1342 tropa-tt,

425 1375 644 1428 salutem
673 1374 818 1426 orbis
842 1382 1128 1434 terrarum,
1176 1369 1315 1439 quod
1345 1385 1464 1423 eam
1509 1370 1728 1423 veritate
1759 1369 2000 1437 replevit,

426 1465 562 1532 quod
595 1461 1022 1526 mansuetudine,
1055 1460 1194 1530 quod
1237 1459 1460 1530 justitia,
1511 1459 1798 1513 ostendens
1847 1459 2006 1512 fuisse

429 1554 618 1608 rationi
657 1562 1074 1608 consentaneum
1106 1561 1160 1604 ιιι
1191 1550 1303 1604 haec
1335 1549 1544 1616 flerent,
1573 1549 1812 1618 loquitur
1847 1547 2004 1602 dein-

426 1659 553 1713 ceps
572 1641 640 1697 de
665 1643 919 1712 dignitate
947 1642 1062 1709 ejus
1103 1641 1191 1710 qui
1221 1640 1306 1694 illa
1360 1639 1504 1705 fecit,
1547 1647 1848 1692 monstrans
1883 1654 2004 1694 eum

429 1735 592 1789 fuisse
625 1735 813 1799 Deum,
840 1748 1040 1803 regem,
1070 1732 1177 1787 line
1205 1743 1501 1799 carentem,
1530 1732 1893 1801 incorruptum
1915 1733 2003 1803 jn-

427 1827 627 1891 diecm,
676 1826 940 1894 justorum
987 1834 1278 1879 amatorem
1301 1865 1316 1890 ,
1345 1825 1498 1878 malis
1527 1825 1812 1879 infensmn.
1858 1825 2006 1891 Quo-

433 1921 596 1985 niam,
629 1918 814 1987 inquit,
843 1927 924 1971 est
943 1917 1227 1986 ejusmodi,
1256 1927 1532 1987 propterea
1556 1917 1676 1971 talia
1700 1917 1848 1971 abeo
1873 1916 2008 1971 [ιι-ιιι

434 2018 578 2062 sunt.
619 2010 784 2062 Nemo
826 2025 955 2078 ergo
981 2009 1045 2063 de
1078 2009 1158 2062 his
1183 2009 1406 2062 dubitet.
1437 2008 1538 2076 Qui
1585 2009 1725 2062 cnim
1755 2023 1818 2062 ea
1863 2008 2006 2074 fecit,

433 2117 494 2154 ea
528 2102 650 2156 fecit
673 2117 792 2157 cum
831 2111 883 2155 et
912 2111 1096 2170 posset
1134 2109 1188 2156 et
1227 2101 1405 2154 vellet.
1456 2100 1736 2168 Postquam
1785 2100 1853 2153 de
1879 2100 2012 2154 divi-

434 2195 598 2248 nitate
633 2193 936 2247 sublimiora
984 2190 1136 2256 dixit,
1177 2191 1462 2246 revertitur
1494 2189 1560 2244 ad
1599 2191 1919 2260 loquendum
1944 2189 2011 2244 de

433 2300 610 2346 carne,
641 2293 698 2338 et
745 2284 819 2338 ait
862 2281 1184 2353 :Propterea
1237 2284 1383 2336 una-it
1413 2291 1460 2336 te
1489 2280 1644 2344 Deus,
1697 2280 1834 2336 Deus
1877 2293 2008 2336 tuus.

437 2377 584 2429 Alius
611 2376 737 2430 dicit
767 2392 782 2428 :
822 2374 1036 2444 ProPter
1061 2375 1154 2427 hoc
1194 2376 1342 2428 unxit
1368 2384 1432 2427 te.
1465 2374 1539 2427 Eo
1568 2373 1703 2442 quod
1729 2374 1777 2426 in
1803 2373 1865 2426 iis
1893 2388 2012 2443 quae

436 2466 575 2519 dicta
603 2475 744 2529 sunt,
771 2475 823 2520 te
847 2475 989 2520 recte
1019 2465 1269 2535 gesseris,
1297 2465 1624 2532 iniquitatem
1654 2464 1896 2533 ejeceris,
1927 2464 2015 2534 ju-

438 2555 632 2609 stitiam
672 2556 989 2624 plantaveris
1013 2597 1026 2620 ,
1057 2564 1109 2609 et
1137 2572 1252 2624 quae
1296 2555 1462 2609 fecisti
1490 2555 1701 2609 feceris.
1727 2554 1806 2609 Tn
1837 2565 2012 2611 autem

439 2662 508 2700 ne
550 2648 884 2702 conturbet-is
924 2647 1048 2702 dum
1085 2647 1234 2701 audis
1289 2647 1401 2700 lucc
1449 2647 1588 2701 Patri
1631 2647 1868 2701 attribui.
1897 2646 2012 2701 Non

441 2739 583 2791 enim
625 2739 675 2791 id
719 2738 839 2791 facit
870 2747 925 2791 ut
952 2753 1076 2792 eum
1125 2741 1293 2803 privet
1334 2746 1476 2791 recte
1503 2737 1655 2791 factis
1681 2779 1694 2799 .
1723 2737 1816 2792 sed
1846 2746 1905 2792 ut
1928 2753 2011 2800 ea,

440 2843 557 2896 quze.
583 2836 705 2880 sunt
753 2827 895 2892 Filii,
927 2827 1065 2881 Patri
1113 2826 1399 2889 adserihat,
1446 2827 1532 2896 qui
1575 2843 1634 2880 ea
1665 2827 1848 2892 etiam,
1895 2843 2013 2897 qua:

439 2927 561 2971 sunt
581 2918 771 2982 Patris,
803 2935 894 2972 sua
924 2933 1042 2974 esse
1068 2919 1196 2972 dicit
1225 2937 1236 2970 :
1271 2917 1452 2971 Omnia
1483 2919 1646 2981 enim,
1683 2919 1870 2989 inquit,
1904 2937 2013 2973 mea

442 3019 528 3061 tua
555 3017 684 3071 sunt,
716 3021 761 3062 ct
787 3019 870 3062 tua
897 3027 1006 3062 mea
1034 3008 1210 3079 (Joan.
1242 3012 1326 3064 I7.
1360 3009 1482 3079 I0).
1516 3011 1643 3063 Nam
1676 3011 1742 3066 de
1774 3026 2014 3064 resurre-

438 3101 620 3152 ctione
675 3099 864 3152 l’aulns
904 3099 1115 3169 quidem
1163 3101 1432 3154 disserens
1467 3101 1634 3156 dicit:
1673 3101 1807 3155 Deus
1847 3105 2014 3170 ipsum

439 3191 694 3244 suscitauit
734 3208 764 3243 a
790 3191 998 3244 mortuis
1040 3192 1112 3258 (I.
1153 3191 1271 3246 Cor.
1303 3191 1355 3246 6.
1390 3190 1508 3260 I4);
1537 3191 1769 3246 Joannes
1795 3203 1969 3247 autem
1997 3212 2008 3247 :

443 3283 636 3335 Solvite
656 3283 898 3350 tentplum
929 3282 1043 3347 hoc,
1070 3291 1114 3334 et
1141 3283 1194 3335 in
1221 3281 1379 3336 tribus
1400 3283 1572 3335 diebus
1601 3283 1826 3336 excitabo
1848 3284 2014 3352 ipsum

442 3371 620 3434 (Joan.
643 3371 700 3426 2.
735 3373 862 3442 I9).
895 3372 1028 3437 Quid
1067 3381 1152 3426 est
1177 3383 1351 3425 autem
1382 3373 1556 3427 oleum
1597 3373 1833 3427 l:rtiti:e?
1859 3376 2013 3444 Atqui

445 3465 683 3520 Christus
713 3480 971 3535 nuSquam
992 3474 1181 3519 unctus
1202 3475 1283 3520 est
1306 3466 1447 3532 oleo,
1472 3466 1562 3520 sed
1587 3466 1784 3536 Spiritu
1807 3478 2011 3522 sancto.

447 3555 514 3610 Et
543 3556 659 3610 ideo
681 3557 898 3626 adjecit,
952 3557 1068 3610 Prae
1097 3557 1408 3610 consortibus
1437 3559 1533 3611 tu-‘s
1566 3573 1584 3612 :
1615 3557 1716 3612 hoc
1739 3559 1908 3628 ipsmn
1938 3559 2012 3612 si-

444 3646 715 3715 gniﬁcans,
750 3649 1016 3702 neminem
1041 3648 1110 3700 ita
1142 3656 1356 3701 unctum
1382 3647 1542 3702 fuisse
1563 3655 1619 3700 ut
1648 3649 1762 3717 ipse
1793 3649 1833 3702 ¹.
1859 3649 2003 3702 Multi

441 3740 581 3792 cnim
631 3737 844 3792 fuerunt
886 3749 1007 3792 ante
1060 3739 1229 3806 ipsum
1273 3739 1476 3803 christi,
1511 3739 1559 3792 id
1594 3749 1696 3804 est,
1720 3741 1884 3803 uncti,
1921 3740 2012 3793 sed

443 3849 600 3885 nemo
625 3833 702 3886 sic
727 3849 740 3884 :
764 3832 902 3886 sicut
931 3833 1086 3886 etiam
1119 3836 1236 3899 agni
1273 3831 1444 3896 multi,
1466 3832 1558 3885 sed
1598 3830 1712 3899 ipse
1737 3831 1960 3885 eximius
1993 3849 2008 3884 :

443 3924 520 3974 sic
541 3932 596 3975 et
625 3923 772 3975 nmlti
802 3923 914 3986 ﬁlii,
941 3923 1034 3976 sed
1065 3921 1538 3991 ipse'Unigenitus.
1567 3921 1699 3975 Sunt
1731 3923 1870 3975 enim
1893 3937 2011 3975 om-

440 4015 529 4065 nia
561 4014 678 4080 ejus
707 4013 918 4079 eximia,
951 4028 1052 4067 non
1071 4029 1131 4068 ea
1158 4013 1329 4066 solum
1355 4029 1472 4081 qua:
1499 4012 1763 4081 pertinent
1786 4012 1850 4064 ad
1880 4012 2013 4064 divi-

440 4107 682 4168 nitatem,
712 4105 803 4158 sed
834 4120 894 4158 ea
933 4106 1092 4158 etiam
1146 4120 1262 4174 qua:
1298 4103 1364 4156 ad
1396 4102 1774 4156 humanitatem
1811 4119 1824 4154 :
1856 4115 2012 4154 nemo

439 4198 580 4250 enim
628 4210 816 4250 unctus
865 4204 950 4249 est
993 4195 1081 4248 tali
1129 4195 1338 4264 spiritu.
1370 4193 1426 4249 Si
1473 4193 1521 4247 id
1569 4204 1746 4246 autem
1781 4191 2013 4261 appellat

441 4287 634 4348 oleum,
666 4303 730 4339 ne
759 4285 971 4340 mireris
1006 4304 1019 4340 :
1053 4301 1172 4338 nam
1199 4300 1318 4338 cum
1349 4283 1603 4353 propheta
1649 4281 1736 4348 sit,
1781 4283 2014 4351 loquitur

441 4378 596 4445 paulo
621 4378 898 4429 ohsmrins
942 4386 996 4429 ct
1025 4377 1188 4444 magis
1228 4375 1576 4444 :enigmatice.
1614 4373 1779 4427 Recte
1825 4383 2008 4426 autem

440 4467 593 4529 dixit,
645 4466 1030 4531 Exsultatiouis,
1073 4475 1130 4519 ut
1170 4467 1474 4520 ostenderet
1523 4465 1573 4518 id
1623 4480 1744 4520 esse
1793 4465 2008 4518 lwtitite.

441 4557 661 4612 Fructus
686 4560 828 4612 enim
860 4558 1083 4628 Spiritus
1105 4567 1172 4611 est
1197 4556 1422 4622 dilectio,
1451 4557 1712 4628 gaudium,
1747 4574 1848 4626 plur
1865 4556 2007 4625 (Gal.

437 4649 491 4702 5.
514 4648 626 4719 29.).
660 4649 806 4702 Alius
829 4657 1005 4701 autem
1039 4646 1203 4700 dicit:
1230 4646 1353 4699 ()leo
1397 4647 1665 4700 venustatis
1683 4648 1726 4698 ².
1760 4646 2010 4700 Ilehrazns

438 4753 586 4802 vero,
617 4739 805 4801 Sason,
851 4738 954 4791 hoc
996 4747 1078 4791 cst
1113 4737 1407 4805 elegantias,
1440 4735 1643 4805 glorias,
1687 4737 2006 4789 ornamenti.

437 4829 530 4883 Sin
554 4839 730 4882 autem
757 4830 826 4881 sit
872 4828 1086 4891 l:etiti:e,
1111 4827 1162 4880 id
1185 4841 1395 4896 quoque
1423 4841 1606 4880 verum
1645 4835 1753 4880 est.
1789 4826 1855 4881 Ut
1879 4841 2008 4893 ergo

438 4935 556 4972 cum
603 4919 846 4972 audivisti
895 4918 1150 4987 gladium,
1189 4916 1420 4986 gladium
1451 4931 1570 4970 .non
1616 4917 1905 4984 intelligis:
1957 4926 2014 4971 et

437 5025 556 5064 cum
591 5025 770 5064 arcum
821 5021 872 5062 et
905 5010 1142 5078 sagittas,
1191 5024 1295 5062 non
1343 5022 1500 5062 arcus
1546 5017 1604 5062 ct
1642 5009 1875 5078 sagittas,
1916 5008 2010 5063 sed

436 5103 551 5171 ejus
573 5103 934 5171 Operationem
964 5103 1050 5171 qui
1079 5103 1191 5156 haec
1219 5101 1363 5167 fecit,
1401 5111 1458 5154 ut
1475 5102 1584 5171 jam
1609 5110 1732 5155 ante
1753 5101 1864 5156 dixi
1893 5119 1906 5155 :
1941 5103 2008 5156 ita

437 5210 560 5250 cum
589 5195 763 5248 oleum
791 5195 1043 5250 audieris.
1074 5209 1140 5247 ne
1181 5193 1557 5247 oleum-solum
1599 5193 1878 5255 arbitrare,
1917 5193 2010 5247 sed

437 5285 740 5339 unctionem
761 5285 1015 5353 intelligo.
1030 5283 1216 5337 Oleum
1237 5284 1376 5337 enim
1397 5294 1513 5338 erat
1537 5285 1744 5353 signum
1759 5281 2008 5352 Spiritus,

436 5390 521 5429 res
543 5387 716 5429 autem
748 5374 1053 5444 principalis
1072 5383 1129 5427 et
1157 5377 1450 5427 necessaria
1478 5384 1592 5428 erat
1619 5375 1864 5444 Spiritus.

495 5493 509 5523 ¹
534 5499 640 5549 Ista,
658 5499 754 5541 Hoc
773 5490 932 5554 ipsum
950 5487 1239 5598 signiﬁcans,
1263 5489 1497 5539 neminem
1516 5489 1588 5539 ita
1604 5493 1817 5552 (unctum
1840 5489 2010 5551 niisse)

503 5553 621 5598 inse-
650 5553 858 5598 deerant
872 5554 918 5598 in
936 5558 1062 5598 More
1086 5586 1118 5598 ..
1137 5552 1226 5598 sed
1250 5551 1296 5598 in
1311 5558 1414 5598 Mss.
1443 5560 1494 5598 et
1517 5554 1564 5598 in
1586 5552 1722 5598 Savil.
1750 5553 2005 5598 habentur.

435 5559 480 5603 ιιι
503 5553 621 5608 ipse,
650 5551 858 5601 deerant
872 5554 918 5600 in
936 5551 1118 5607 κόνει..
1137 5552 1226 5599 sed
1250 5551 1296 5600 in
1311 5558 1414 5599 Mss.
1443 5560 1494 5601 et
1517 5554 1564 5600 in
1586 5551 1722 5600 savii.
1750 5553 2005 5602 habentur.

493 5619 512 5646 ¹
547 5617 659 5662 ofeo
683 5611 952 5661 υινιιιωιιιιὶς.
971 5621 1078 5662 Haec
1102 5615 1436 5676 interpretatio
1456 5619 1533 5663 est
1549 5613 1824 5676 Synunachi.
1845 5622 2005 5676 Sason,

425 5678 462 5724 ll
487 5688 664 5726 :nraice
683 5679 827 5754 πω
861 5693 872 5727 ε
901 5687 1012 5735 quae
1037 5688 1146 5731 vox,
1186 5673 1338 5736 inquit
1375 5673 1746 5737 Cht'ysnstomus,
1773 5673 2009 5736 signiﬁcat

435 5763 737 5833 2t..-_jwttimn,
757 5762 977 5826 glorianti,
1001 5772 1345 5814 ornamentum.

1510 344 1870 404 EXPOSITIO
1898 343 1963 399 IN
2001 342 2319 399 ΡΒΑιιιυιι
2361 341 2539 398 XLIV.

3583 341 3678 397 l98

2182 455 2372 508 Christi
2394 462 2552 508 uocati
2574 464 2690 508 sunt
2712 455 2856 508 multi
2878 499 2889 510 .
2912 454 3110 524 quando
3139 464 3317 508 unctus
3339 455 3586 509 Christus.
3613 485 3684 496 -

2107 545 2242 599 Cum
2272 546 2371 598 hoc
2400 561 2529 615 ergo
2553 545 2621 598 ita
2672 560 2731 600 se
2763 545 2972 610 haheat,
3007 560 3075 599 nc
3101 544 3280 598 dnhita
3327 561 3448 598 emn
3493 561 3684 603 vocare

2106 634 2376 688 Christum
2409 653 2423 688 :
2449 650 2568 688 nam
2607 634 2872 688 Abraham
2901 650 3112 704 quoque
3146 634 3512 703 appellabatur
3541 637 3688 690 chri-

2109 733 2247 789 stus,
2277 735 2334 779 et
2372 725 2665 793 prophctze,
2694 725 2786 778 scd
2815 741 2920 778 non
2964 741 3153 779 omnes
3191 727 3313 779 oleo
3345 724 3488 779 uncti
3517 735 3640 779 sunt
3668 745 3686 780 :

2108 816 2553 884 quemadmodum
2573 831 2691 869 cum
2708 817 2832 870 dicit
2861 833 2875 870 :
2907 815 3076 869 Nolite
3089 825 3291 887 tangere
3305 817 3516 869 christos
3533 833 3689 879 meos,

2111 915 2157 958 et
2195 906 2246 958 in
2270 906 2525 976 praphetis
2558 905 2680 958 meis
2708 907 2862 958 nolite
2883 905 3149 976 malignari
3188 905 3354 972 (I’sal.
3400 894 3519 960 101.
3557 906 3684 975 15).

2110 995 2332 1062 Quando
2361 1004 2534 1049 autem
2562 1006 2752 1049 unctus
2777 996 3154 1049 estChristus?
3177 995 3682 1066 Quandotamquam

2112 1087 2165 1141 in
2190 1088 2451 1142 columba:
2477 1088 2653 1157 specie
2678 1085 2909 1157 Spiritus
2950 1102 3110 1156 super
3145 1102 3266 1142 eum
3298 1089 3440 1142 venit
3461 1096 3478 1158 (
3500 1088 3690 1142 Matth.

2112 1177 2164 1232 3.
2198 1177 2320 1246 16).
2351 1177 2639 1232 (Σοηειιι-ιοε
2665 1186 2840 1230 autem
2886 1177 2972 1232 hic
3020 1189 3173 1231 vocat
3214 1193 3400 1232 omnes
3445 1180 3693 1249 spiritua-

2115 1268 2211 1329 les,
2241 1267 2684 1337 quemadmodum
2715 1267 2948 1321 Joannes
2973 1267 3100 1321 dicit
3131 1286 3143 1318 :
3177 1267 3288 1322 Nos
3313 1285 3483 1322 omnes
3504 1285 3565 1322 ex
3587 1271 3694 1338 ple-

2114 1359 2342 1410 nitudine
2367 1358 2478 1426 ejus
2497 1358 2778 1427 accepimus
2801 1357 2977 1430 (Joan.
3005 1360 3053 1412 I.
3075 1360 3163 1428 16)
3198 1377 3210 1411 :
3245 1359 3310 1414 de
3334 1361 3448 1428 ipso
3475 1369 3649 1414 autem
3676 1377 3689 1410 :

2117 1447 2236 1502 Non
2267 1450 2335 1502 ad
2373 1465 2659 1502 mensuram
2684 1449 2772 1502 dat
2815 1448 3068 1519 Spiritum
3094 1448 3234 1503 Deus
3265 1450 3440 1522 (Joan.
3470 1451 3523 1505 5.
3551 1450 3690 1521 54);

2114 1550 2168 1594 et
2226 1554 2407 1593 rursus
2440 1555 2453 1591 :
2491 1537 2770 1606 Effundam
2807 1541 2871 1592 de
2912 1539 3110 1609 Spiritu
3162 1557 3271 1593 meo
3312 1556 3464 1608 super
3499 1555 3693 1595 onmem

2114 1646 2315 1683 carnem
2350 1629 2508 1701 (Joel.
2536 1630 2588 1683 2.
2621 1628 2748 1700 28).
2778 1629 2887 1683 Illic
2913 1640 3086 1683 autem
3130 1645 3235 1683 non
3266 1646 3328 1683 cx
3357 1630 3575 1699 Spiritu,
3599 1631 3693 1685 scd

2119 1730 2258 1775 totus
2287 1721 2433 1775 venit
2467 1721 2730 1790 Spiritus;
2757 1730 2810 1775 et
2839 1720 2957 1773 ideo
2978 1719 3132 1786 dixit,
3170 1719 3288 1774 Non
3318 1721 3386 1773 ad
3411 1736 3694 1773 mensuram

2117 1815 2204 1865 dat
2234 1811 2366 1866 Deus
2393 1812 2662 1882 Spiritum.
2690 1810 2744 1865 9.
2778 1809 2992 1880 Myrrha
3017 1850 3033 1875 ,
3063 1819 3108 1862 et
3137 1821 3298 1880 gutta,
3323 1820 3368 1863 et
3388 1812 3526 1864 casia
3546 1829 3578 1863 a
3615 1828 3695 1863 re-

2116 1905 2360 1958 stituentis
2403 1906 2522 1957 tuis.
2567 1903 2736 1971 Alius,
2765 1901 2831 1957 In
2854 1905 3195 1956 vestimentum
3225 1912 3382 1955 tuum.
3420 1903 3592 1968 Alius,
3629 1905 3691 1956 lu

2117 2014 2288 2050 omnes
2312 2007 2466 2050 vestes
2488 2006 2619 2050 tuas.

2193 2087 2278 2142 10.
2309 2086 2557 2141 Nonnulli
2588 2074 2802 2156 quidem
2824 2087 3002 2142 dicunt
3029 2087 3340 2159 prophetam
3368 2105 3464 2160 per
3488 2090 3604 2146 lucc
3622 2091 3697 2145 si-

2119 2178 2370 2252 gnificare
2400 2179 2758 2250 sepulturam;
2791 2179 3032 2233 nonnulli
3059 2194 3219 2247 vero,
3249 2181 3481 2235 indicare
3518 2182 3698 2235 diver-

2119 2274 2328 2326 sitatem
2360 2273 2642 2326 unetionis.
2681 2271 2862 2342 Neque
2901 2272 3041 2326 enim
3081 2272 3238 2326 fiebat
3263 2274 3387 2327 olim
3428 2275 3606 2328 unctio
3632 2291 3696 2328 ex

2121 2362 2204 2418 his
2238 2364 2537 2433 unguentis,
2569 2362 2661 2416 sed
2707 2378 2776 2416 ex
2808 2361 2945 2416 aliis.
2992 2361 3061 2416 Et
3092 2371 3147 2416 ut
3189 2363 3360 2416 discas
3403 2362 3543 2417 hunc
3579 2380 3699 2416 esse

2121 2455 2279 2509 alium
2310 2453 2520 2507 modum
2548 2453 2829 2518 uncti-mis,
2863 2467 2955 2523 per
2981 2452 3328 2506 diﬂ'crcntiam
3361 2453 3696 2506 materiarum

2121 2543 2428 2615 significavit
2449 2542 2801 2598 differentiam
2828 2542 3170 2611 operationis.
3192 2541 3321 2596 Illud
3339 2551 3536 2606 autem,
3556 2544 3598 2596 Α
3621 2560 3699 2597 ve-

2121 2640 2365 2692 stimentis
2392 2639 2518 2702 tuis,
2548 2637 2780 2691 ostendit
2812 2637 2926 2705 ejus
2954 2650 3165 2706 quoque
3190 2645 3366 2690 vestes
3393 2635 3554 2690 fuisse
3581 2636 3698 2705 ple-

2124 2747 2220 2786 nas
2247 2731 2433 2801 gratia.
2459 2731 2587 2796 Qua:
2614 2729 2790 2800 itaque
2813 2729 3083 2798 sanguinis
3116 2728 3373 2797 proﬂuvio
3400 2727 3696 2789 lahorahat,

2123 2825 2396 2896 sanguinis
2425 2824 2569 2878 rivos
2607 2823 2882 2892 repressit,
2915 2837 3034 2875 eum
3070 2822 3232 2876 vestis
3275 2821 3533 2876 limbriam
3574 2824 3700 2876 atti-

2104 2905 2283 2994 igisset
2333 2915 2544 2984 (Matth.
2591 2917 2643 2970 9.
2672 2915 2788 2983 20).
2827 2914 2950 2969 Stve
2991 2914 3090 2968 hoc
3119 2928 3274 2983 ergo,
3307 2913 3417 2967 sive
3464 2913 3588 2966 illud
3631 2916 3699 2969 sit

2124 3008 2513 3078 accipiendum,
2544 3009 2684 3061 nulla
2727 3006 2970 3077 prohibet
3007 3008 3178 3060 ratio:
3211 3015 3336 3060 sunt
3374 3006 3514 3059 enim
3557 3023 3582 3058 a
3613 3006 3699 3061 me

2123 3111 2346 3172 utraque
2373 3100 2715 3158 admittenda.
2757 3101 2906 3156 Sicut
2935 3116 3062 3171 ergo
3092 3100 3242 3171 (nihil
3279 3101 3420 3156 enim
3453 3099 3698 3170 prohihet

2123 3196 2308 3250 eadem
2338 3210 2522 3248 rursus
2553 3193 2774 3264 dicere),
2805 3209 2926 3247 cum
2957 3209 3137 3246 arcmn
3165 3203 3219 3247 et
3247 3192 3476 3263 gladium
3513 3193 3695 3256 audis,

2125 3297 2176 3340 et
2205 3301 2323 3355 qua:
2353 3295 2476 3338 sunt
2503 3283 2801 3354 ejusmodi,
2830 3299 2932 3336 non
2962 3299 3021 3334 ea
3049 3283 3201 3336 audis
3235 3283 3470 3336 sensibili
3502 3297 3650 3336 more
3682 3300 3694 3332 :

2125 3378 2192 3431 ita
2227 3391 2325 3432 nec
2361 3391 2482 3431 cum
2519 3375 2788 3448 myrrham
2819 3385 2907 3430 aut
2933 3374 3128 3428 casiam
3157 3373 3452 3437 audiveris,
3480 3391 3540 3426 ea
3572 3391 3696 3427 sen-

2122 3471 2349 3525 sibilitcr
2390 3469 2670 3540 intelligas,
2716 3468 2810 3523 sed
2846 3468 3208 3537 Spiritnaliter.
3252 3467 3337 3523 10.
3382 3469 3424 3522 Α
3469 3468 3697 3522 domibus

2124 3564 2353 3618 eburneis
2373 3605 2387 3628 ,
2415 3579 2477 3616 ea:
2502 3563 2679 3634 quibus
2714 3563 3079 3616 delectaverunt
3109 3571 3156 3616 te
3180 3563 3302 3631 ﬁlia:
3334 3579 3505 3632 regum
3535 3563 3584 3615 in
3608 3563 3700 3615 ho-

2124 3671 2246 3708 nare
2270 3664 2376 3706 tuo.
2410 3655 2558 3707 Alius
2589 3654 2734 3718 dicit,
2769 3656 2808 3706 Α
2836 3654 3033 3721 templis
3063 3655 3291 3707 eburneis
3322 3653 3453 3706 unde
3474 3654 3700 3707 delecta—

2122 3754 2295 3798 verunt
2317 3754 2382 3806 te,
2415 3745 2535 3797 dum
2562 3752 2608 3799 te
2636 3742 2902 3799 honorant.
2937 3745 3104 3808 Alius,
3133 3743 3201 3798 In
3227 3745 3460 3815 gloriosis
3487 3746 3606 3797 tuis.

2195 3833 2375 3887 Eboris
2422 3835 2635 3903 pretium
2673 3832 2813 3901 apud
2852 3834 3103 3903 antiquos.
3144 3863 3213 3873 -—
3242 3834 3525 3904 Postquam
3567 3835 3693 3888 dixit

2121 3939 2239 3995 qua:
2268 3933 2412 3977 recte
2435 3925 2631 3994 gessit,
2659 3923 2785 3976 dicit
2816 3924 2973 3976 etiam
3026 3925 3279 3977 honorem
3328 3924 3414 3993 qui
3445 3925 3695 3994 prmclara

2122 4017 2236 4085 ejus
2267 4014 2402 4068 facta
2430 4023 2787 4084 consequutus
2811 4025 2913 4076 ρει,
2945 4029 3134 4082 nempe
3159 4029 3281 4066 eum
3327 4015 3378 4068 in
3428 4016 3696 4083 pretiosis-

2123 4108 2270 4161 simis
2311 4107 2520 4175 templis
2545 4121 2661 4160 esse
2691 4106 3038 4158 adorandum.
3082 4106 3386 4176 Antiquitus
3414 4106 3554 4163 enim
3585 4106 3696 4159 ha-e

2123 4198 2344 4252 materia
2376 4207 2489 4251 erat
2530 4197 2934 4267 pretiosissima,
2963 4206 3017 4250 et
3042 4212 3232 4266 magno
3271 4197 3446 4250 studio
3471 4200 3696 4266 conqui-

2122 4290 2357 4352 rchatur,
2389 4303 2578 4356 nempe
2620 4287 2874 4342 eburnea.
2915 4287 3064 4341 Unde
3103 4288 3259 4341 etiam
3308 4287 3519 4341 dicebat
3562 4290 3698 4342 alius

2123 4381 2415 4450 propheta:
2455 4379 2544 4433 Va:
2576 4379 2662 4450 qui
2699 4378 2926 4431 dormitis
2965 4378 3016 4430 in
3061 4377 3197 4430 lectis
3225 4377 3451 4432 eburneis
3486 4379 3506 4442 l
3524 4380 3693 4433 Amos.

2118 4473 2173 4528 (ἱ.
2203 4475 2278 4543 ti).
2312 4473 2374 4527 Et
2399 4486 2584 4526 rursus
2608 4470 2840 4526 os:endit
2874 4470 3303 4540 praedicationem
3336 4486 3439 4526 non
3468 4488 3690 4542 perven-

2123 4577 2290 4619 turam
2320 4564 2487 4618 sohun
2514 4562 2583 4617 ad
2619 4562 2854 4632 privatos
2874 4604 2890 4628 ,
2921 4561 3014 4617 sed
3054 4577 3214 4631 regna
3242 4564 3400 4618 etiam
3429 4563 3694 4634 subjectu-

2122 4672 2254 4720 l'alll,
2284 4654 2530 4724 :cdcsque
2558 4654 2630 4708 illi
2660 4652 2963 4722 magnificas
2985 4665 3307 4708 exsmtcnnn
3334 4654 3418 4708 iri.
3443 4655 3567 4710 Hzec
3585 4655 3694 4726 jam

2121 4749 2363 4802 videntur
2384 4763 2443 4802 re
2469 4747 2579 4817 ipsa
2600 4746 2733 4801 fieri.
2753 4746 2947 4802 Volens
2976 4747 3118 4802 enim
3141 4750 3395 4818 propheta
3417 4751 3700 4806 ostendere

2120 4842 2225 4896 vim
2259 4840 2648 4909 prmdiCationis
2669 4881 2682 4903 ,
2715 4839 2840 4896 dicit
2865 4840 3128 4910 quomodo
3164 4841 3384 4910 ceperit,
3426 4842 3697 4911 quomodo

2122 4933 2410 5002 snhjeccrit
2437 4933 2708 4998 mulieres,
2732 4933 2897 4996 viros,
2922 4931 3175 5000 privatos,
3203 4933 3413 4995 divites,
3436 4947 3531 4985 eos
3553 4933 3696 5001 ipsos

2119 5025 2310 5094 quibus
2335 5031 2489 5078 erant
2516 5022 2760 5078 redimita
2786 5023 2957 5092 capita
2989 5021 3401 5082 diadematilms,
3431 5031 3485 5075 et
3509 5037 3694 5076 eorum

2120 5129 2344 5180 uxores,
2394 5123 2449 5168 ιιι
2498 5114 2692 5183 templa
2742 5113 2851 5168 Deo
2898 5113 3091 5182 ubique
3136 5113 3452 5166 excitarent.
3495 5098 3696 5168 Deinde

2120 5211 2366 5280 queniam
2396 5209 2648 5277 deinceps
2673 5208 2738 5262 ad
2778 5207 2894 5262 hate
2931 5205 3151 5262 dicenda
3192 5205 3459 5273 digressus
3485 5215 3602 5271 est,
3626 5208 3696 5260 de

2121 5301 2202 5355 his
2231 5301 2396 5354 fusius
2430 5300 2608 5353 dicere
2649 5297 2953 5360 exorditur,
2977 5310 3072 5350 eos
3095 5295 3182 5364 qui
3225 5294 3369 5348 illum
3395 5294 3612 5359 colunt,
3642 5309 3695 5351 et

2119 5393 2206 5461 qui
2234 5392 2280 5444 ei
2313 5390 2604 5458 supplicant
2635 5386 2962 5442 describens.
2992 5385 3055 5438 Et
3074 5399 3192 5437 cum
3216 5383 3535 5439 ostendisset
3561 5403 3692 5456 quo-

2119 5481 2275 5535 modo
2319 5480 2494 5549 populi
2539 5479 2638 5532 suh
2664 5493 2728 5532 eo
2771 5477 2994 5542 cadunt,
3025 5475 3291 5544 quomodo
3322 5489 3414 5530 cor
3458 5475 3693 5547 ipsorum

2118 5573 2309 5642 tetigit.
2358 5569 2623 5640 quomodo
2653 5569 2895 5624 inimicos
2936 5568 3221 5638 superavit,
3267 5571 3534 5639 quomodo
3564 5585 3688 5623 eum

2114 5662 2330 5715 deduxit
2357 5659 2594 5721 dextera,
2617 5658 2882 5729 quomodo
2902 5659 3198 5725 veritatem,
3230 5660 3686 5714 mansuetudinem

2115 5762 2168 5806 et
2208 5750 2463 5821 justitiam
2514 5750 2802 5817 plantavit:
2852 5765 3034 5802 rursus
3075 5766 3284 5820 quoque
3331 5750 3687 5819 metaphorica
