4084 6278
365 381 464 446 ,99
1102 381 1155 435 s.
1191 379 1467 435 tomus
1503 343 1973 434 etmt'sosrout
2015 380 2326 436 AllCllll-J’.
2370 385 2896 441 cexsraxrtxop.
3524 393 3628 452 ego

361 507 754 559 oratione-usus
803 509 906 566 est,
941 499 1099 552 veluti
1141 499 1192 551 in
1242 497 1466 566 imagine
1512 495 1806 549 Ecclesiam
1847 496 1942 550 de-

357 596 599 648 Set'ithts
630 611 643 646 :
675 603 728 647 ct
755 607 874 661 qua:
912 600 1094 658 postea
1135 587 1383 640 dixerunt
1415 585 1678 654 apostoli,
1715 584 1800 638 hic
1829 586 1945 651 qui-

362 684 505 747 dem,
538 680 795 752 Despondi
830 695 915 734 vos
944 679 1030 731 uni
1074 678 1179 730 viro
1210 677 1448 746 virginem
1486 683 1677 728 castam
1717 673 1947 727 exhibere

363 768 560 830 Christo
591 776 663 847 (1.
690 771 808 830 Cor.
833 773 918 827 Η.
945 769 1031 842 2);
1067 769 1154 823 ille
1180 780 1378 833 autem,
1413 765 1511 831 Qui
1541 766 1686 818 habet
1709 781 1944 834 sponsam

368 881 580 939 sponsus
604 882 674 921 est
697 865 876 938 (Joan.
926 865 979 919 5.
1007 859 1135 933 29);
1163 860 1298 913 alius
1339 874 1496 922 vero,
1535 857 1717 911 Simile
1758 865 1832 909 est
1859 871 1942 908 re-

359 975 517 1037 gnum
541 959 780 1013 ca'lorum
821 955 1012 1010 homini
1041 951 1148 1023 regi
1184 950 1270 1021 qui
1313 949 1428 1020 fecit
1471 949 1674 1017 nuptias
1703 946 1809 1015 ﬁlio
1851 962 1944 998 sua

363 1054 576 1123 (Matth.
606 1050 698 1104 22.
725 1051 780 1120 2)
819 1067 830 1102 :
862 1064 925 1104 ea
958 1047 1044 1101 hic
1071 1059 1281 1115 quoque
1310 1041 1568 1112 pra-dicit,
1605 1039 1945 1094 introduceus

358 1144 521 1200 sintut
551 1156 798 1211 sponsam
829 1148 883 1194 et
903 1137 1139 1206 reginam
1171 1149 1184 1186 :
1215 1142 1268 1187 et
1297 1132 1413 1186 ideo
1442 1130 1590 1195 dicit,
1621 1129 1828 1182 Adstitit
1864 1143 1946 1181 re-

359 1235 532 1306 ginaa
558 1232 746 1288 dextris
774 1229 891 1283 tuis.
945 1228 1111 1290 Alius,
1148 1223 1390 1280 Stabitita
1435 1231 1539 1286 est,
1585 1220 1685 1274 hoc
1733 1229 1815 1273 est
1849 1219 1943 1273 lir-

362 1327 522 1380 tuiter
549 1323 714 1385 stetit,
742 1321 890 1374 stetit
911 1315 1274 1372 immobiliter.
1302 1311 1453 1380 Quod
1481 1311 1603 1365 alibi
1634 1309 1762 1364 dicit
1791 1309 1949 1364 Chri-

363 1429 478 1471 stus
521 1436 533 1469 :
589 1415 759 1469 Porta:
804 1412 953 1480 inferi
999 1426 1099 1464 non
1147 1406 1484 1478 pravalebunt
1525 1404 1790 1456 adversum
1836 1416 1946 1454 eam

357 1508 578 1577 (Mnuh.
613 1507 701 1561 i6.
750 1505 862 1573 18).
899 1501 1086 1556 Vidisti
1136 1500 1394 1568 insignem
1438 1491 1735 1549 honorem?
1770 1490 1946 1544 vidisti

359 1614 626 1652 suuunam
653 1597 958 1664 dignitatem
978 1591 1001 1645 ?
1025 1607 1141 1646 eam
1167 1605 1284 1659 quae
1310 1585 1639 1650 conculcata,
1667 1589 1720 1636 et
1748 1595 1865 1650 qua:
1894 1579 1945 1633 in

362 1688 603 1743 intimum
626 1686 802 1742 locum
829 1683 1108 1739 deturbata
1131 1679 1325 1743 fuerat,
1351 1677 1403 1730 in
1426 1683 1676 1746 quantam
1697 1668 1950 1726 extulerit

361 1779 717 1842 altitudinem,
752 1785 810 1830 ut
838 1775 885 1829 ei
913 1768 1230 1827 assisteret?
1257 1765 1573 1836 cognovisti,
1604 1762 1668 1816 ad
1696 1769 1945 1832 quantam

365 1889 426 1925 ra
457 1887 574 1941 qua:
611 1878 728 1924 erat
755 1868 960 1937 captiva
980 1906 994 1930 ,
1023 1865 1249 1918 alienata
1277 1855 1547 1922 meretrix,
1591 1854 1853 1908 scelerata
1893 1861 1946 1905 et

361 1959 687 2016 exsecranda
708 2002 722 2025 ,
752 1958 1058 2027 dignitatem
1089 1948 1422 2006 ascenderit?
1449 1949 1578 2002 Cum
1611 1945 1946 1998 ministrato-

364 2055 462 2109 riis
489 2049 838 2124 potestatibus
867 2047 1088 2101 adstitit.
1119 2044 1282 2098 Filius
1308 2041 1522 2110 quippe,
1552 2046 1608 2090 ut
1635 2037 1724 2103 qui
1756 2035 1823 2088 sit
1854 2032 1950 2088 ho-

367 2159 502 2198 nore
529 2143 768 2213 aequalis,
795 2139 942 2194 sedet
964 2154 992 2190 a
1017 2136 1217 2190 dextris
1241 2151 1255 2188 :
1285 2133 1394 2200 ipsa
1423 2145 1546 2183 vero
1568 2127 1730 2181 stetit.
1755 2125 1952 2191 Quam-

357 2235 440 2294 vis
464 2236 606 2290 enim
631 2233 912 2302 sitregiua,
931 2238 1012 2283 est
1039 2237 1210 2280 tamen
1241 2233 1432 2277 creatae
1455 2218 1782 2276 substantiae.
1807 2216 1950 2283 Quo-

351 2324 522 2380 modo
545 2338 673 2394 ergo
694 2321 822 2375 dicit
842 2319 1036 2374 Paulus
1056 2334 1069 2370 :
1090 2311 1502 2370 Conresuscitavit
1519 2318 1562 2362 et
1582 2307 1846 2361 consedere
1862 2321 1951 2358 nos

349 2418 480 2488 J'ecit
505 2416 554 2468 in
591 2411 863 2467 ccclestibus
884 2411 934 2462 in
952 2407 1151 2463 Christo
1171 2403 1205 2457 J
1210 2421 1292 2457 esu
1327 2400 1536 2473 (Ephes.
1569 2398 1625 2457 2.
1645 2397 1697 2467 6)
1717 2397 1736 2450 ?
1753 2395 1856 2450 Sed
1874 2403 1953 2448 at-

350 2485 519 2560 tende
531 2519 686 2572 quam
704 2510 886 2555 exacte
901 2493 1280 2567 loquatur.l\’on
1300 2491 1430 2544 dixit
1443 2487 1773 2542 solummodo
1790 2505 1801 2538 :
1820 2485 1954 2540 Con-

354 2595 672 2650 ~resuscitavit
696 2601 739 2644 et
760 2590 1024 2643 consedere
1047 2585 1161 2658 fecit
1183 2626 1196 2650 ,
1221 2581 1312 2636 sed
1335 2624 1348 2646 ,
1378 2577 1446 2632 In
1466 2577 1663 2632 Christo
1686 2617 1699 2641 ,
1725 2576 1825 2630 hoc
1849 2584 1948 2637 est,

363 2683 752 2756 perChristum.
768 2679 1025 2747 Quoniam
1047 2675 1210 2741 enim,
1238 2671 1422 2742 inquit,
1444 2679 1598 2738 caput
1618 2676 1851 2721 nostrmn
1871 2677 1952 2720 cst

361 2790 520 2846 supra
541 2791 556 2830 :
582 2788 678 2827 nos
699 2781 874 2826 autem
889 2782 1105 2837 corpus,
1122 2780 1240 2819 cmn
1259 2761 1500 2831 superius
1517 2761 1697 2813 sedeat
1713 2769 1951 2812 nostrum

361 2847 540 2934 caput,
560 2863 778 2918 honoris
799 2862 1080 2931 participes
1100 2857 1290 2910 luimus
1312 2852 1526 2924 (Ep/tes.
1546 2851 1597 2906 1.
1612 2850 1727 2919 22).
1743 2849 1952 2904 etiamsi

365 2957 450 3011 hic
487 2969 719 3018 Stemus,
753 2951 819 3004 In
844 2951 1016 3004 vestitu
1047 2947 1286 3000 deaurato
1313 2986 1326 3008 ,
1355 2941 1662 2995 circumdata
1693 2941 1949 2993 varietate.

355 3043 542 3113 'Alitts,
564 3047 615 3099 in
645 3045 930 3098 diademate
944 3040 1058 3092 auri
1083 3036 1144 3090 dc
1169 3035 1361 3106 Snphir
1386 3032 1486 3103 (α).

453 3135 621 3191 Vestes
646 3133 952 3203 sjiiritualcs.
983 3158 1048 3170 ——
1069 3123 1487 3194 Quemamodum
1511 3123 1561 3175 in
1584 3137 1707 3191 rege
1733 3137 1836 3174 non
1861 3135 1952 3175 ar-

347 3247 460 3285 cus
487 3240 542 3284 et
571 3229 790 3298 sagittas
832 3222 1208 3291 intelligimus,
1244 3217 1312 3270 ita
1340 3230 1439 3270 nec
1468 3216 1519 3267 in
1551 3227 1744 3282 Sponsa
1775 3223 1952 3266 vestes

351 3323 627 3391 intelligo;
656 3318 750 3374 sed
775 3334 867 3387 per
889 3332 950 3370 ea
973 3329 1091 3385 qtue
1116 3321 1238 3366 sunt
1263 3307 1553 3370 sensibilia,
1584 3306 1770 3375 accipe
1796 3320 1950 3359 sensa

350 3430 483 3484 qua:
515 3413 622 3466 Deo
668 3408 1006 3465 conveniant.
1049 3403 1125 3458 Ne
1169 3402 1289 3472 quis
1333 3399 1475 3453 enim
1507 3399 1614 3452 tale
1653 3396 1780 3467 quid
1829 3412 1948 3450 sus-

351 3508 601 3575 -picetur,
629 3498 902 3568 subjunsit
930 3514 942 3550 :
980 3494 1156 3549 Omnis
1198 3491 1364 3562 gloria
1391 3489 1513 3558 ﬁlia:
1545 3489 1676 3559 regis
1721 3488 1781 3539 ab
1814 3488 1950 3540 intus

354 3607 437 3667 ,(υ.
479 3595 592 3664 li).
624 3589 782 3662 Atqui
821 3597 996 3643 vestes
1034 3595 1156 3640 sunt
1195 3581 1432 3638 omnium
1477 3582 1706 3635 maxime
1745 3579 1949 3633 extrin-

365 3701 544 3752 secus,
566 3692 621 3739 et
648 3690 863 3753 propter
883 3695 976 3734 eos
995 3676 1086 3747 qui
1115 3675 1312 3728 vident.
1335 3671 1440 3727 Sed
1474 3674 1576 3725 hoc
1598 3671 1668 3725 ita
1693 3685 1752 3724 se
1775 3671 1950 3732 habet,

365 3776 582 3849 quando
612 3783 735 3829 sunt
782 3785 869 3826 res
909 3782 1184 3838 corporea:
1215 3782 1227 3817 :
1260 3761 1472 3833 quando
1517 3775 1645 3815 vero
1689 3760 1861 3829 agitur
1887 3759 1953 3814 de

356 3871 533 3925 rebus
577 3863 975 3935 Spiritualibus,
1023 3865 1275 3913 converte
1325 3854 1466 3908 intro
1513 3851 1705 3906 mentis
1747 3849 1949 3904 oculos.

365 3947 524 4016 illanc
550 3966 752 4013 vestem
795 3969 884 4008 rex
922 3949 1122 4015 texuit,
1151 3958 1310 4016 atque
1342 3943 1483 3998 illam
1518 3958 1610 4012 per
1633 3941 1951 4011 baptismum

361 4052 564 4109 induit.
606 4049 870 4118 Quotquot
897 4042 1061 4106 enim,
1101 4036 1305 4109 inquit,
1336 4037 1388 4089 in
1429 4032 1680 4090 Christum
1715 4031 1956 4100 baptisati

369 4147 508 4212 estis,
536 4143 788 4198 Christum
813 4137 1046 4192 induistis
1077 4130 1219 4202 (Gal.
1252 4129 1306 4184 ὅ.
1331 4124 1445 4199 27).
1477 4127 1642 4179 Antea
1669 4125 1812 4176 enim
1842 4131 1956 4176 crat

372 4237 532 4302 mala,
555 4234 720 4303 turpis
740 4240 792 4285 et
815 4228 1114 4288 inhonesta,
1135 4221 1375 4289 exposita
1401 4215 1646 4270 omnibus
1668 4214 1755 4283 qui
1779 4223 1954 4266 trans-

373 4332 517 4383 ibant
543 4341 638 4396 pcr
682 4323 820 4377 viam
853 4338 867 4374 :
898 4335 963 4373 es
1013 4332 1118 4386 quo
1143 4323 1319 4366 autem
1359 4310 1500 4363 illam
1531 4315 1730 4360 vestem
1764 4306 1953 4370 induit,

367 4417 556 4473 ‘t-vecta
588 4423 669 4468 est
689 4413 755 4467 ad
788 4412 931 4464 illam
962 4406 1314 4467 altitudinem,
1342 4410 1396 4455 et
1421 4409 1477 4452 ut
1507 4414 1535 4452 a
1563 4396 1765 4452 dextris
1793 4405 1958 4450 staret

373 4514 531 4582 digna
565 4507 662 4560 fuit
688 4505 884 4558 habita.
912 4499 1140 4555 Pulchre
1165 4505 1340 4550 autem
1369 4495 1534 4562 ipsam
1562 4505 1776 4560 quoque
1805 4498 1956 4542 vocat

379 4601 711 4656 varietatem.
739 4594 856 4650 Non
903 4598 1114 4646 constat
1138 4589 1281 4642 enim
1318 4586 1483 4640 vestis
1522 4597 1590 4638 ex
1618 4597 1724 4636 uno
1752 4589 1956 4634 tantum

378 4705 595 4766 uertere.
623 4687 740 4743 Non
776 4694 950 4756 potest
977 4682 1174 4753 quippe
1201 4677 1403 4734 servari
1429 4691 1495 4731 ex
1523 4675 1688 4744 gratia
1731 4681 1952 4737 tantum,

379 4761 474 4841 sed
506 4781 610 4837 fide
639 4793 848 4850 quoque
875 4788 1010 4844 opus
1033 4782 1132 4836 est,
1164 4779 1218 4824 et
1243 4777 1362 4838 post
1382 4766 1547 4820 ﬁdem
1570 4766 1784 4819 virtute.
1811 4761 1960 4817 Nunc

385 4886 562 4930 autem
593 4885 700 4926 non
746 4868 918 4937 agitur
943 4865 1013 4947 de
1050 4861 1310 4915 vestibus.
1344 4856 1526 4925 Neque
1552 4855 1692 4909 enim
1731 4852 1960 4922 Spiritus

385 4977 588 5022 tantum
623 4963 676 5016 in
703 4975 764 5016 ea
793 4956 1023 5012 studium
1052 4952 1285 5024 ponebat
1303 4990 1318 5014 ,
1351 4959 1408 5001 ut
1433 4960 1620 5000 aureas
1645 4954 1820 4998 vestes
1847 4959 1961 4996 mu-

388 5059 534 5114 .ieris
563 5051 913 5110 describeret.
943 5048 996 5103 Si
1025 5045 1169 5100 enim
1199 5042 1450 5096 mulieres
1478 5051 1596 5107 quze
1621 5050 1679 5089 se
1703 5045 1960 5089 exornant

384 5144 730 5220 reprehendit
774 5141 932 5195 Isaias
953 5180 967 5202 ,
994 5149 1048 5192 et
1070 5135 1268 5204 ubique
1298 5130 1531 5198 expulsae
1561 5136 1683 5179 sunt
1713 5126 1918 5179 delicia:
1945 5145 1960 5181 :

370 5215 656 5310 lqu—ontodo
702 5233 790 5288 hic
838 5239 1080 5286 ornatam
1140 5223 1417 5279 mulierem
1468 5218 1760 5273 laudaverit
1808 5215 1956 5288 (lsai.

376 5337 430 5392 3.
456 5335 576 5407 l6)?
597 5334 621 5388 1
639 5333 684 5387 ι.
702 5328 856 5395 Audi,
875 5327 1004 5396 ﬁlia,
1023 5333 1070 5378 et
1100 5320 1238 5386 vide,
1267 5329 1312 5372 ct
1337 5317 1523 5370 inclina
1539 5329 1707 5366 aurem
1731 5321 1887 5373 tuam,
1919 5320 1963 5364 et

387 5401 676 5484 obliviscere
705 5423 948 5494 papultmt
976 5431 1148 5480 tuum,
1176 5424 1223 5468 et
1249 5413 1454 5466 domum
1480 5408 1636 5478 patris
1661 5405 1752 5458 tui.
1781 5403 1866 5457 1.9..
1899 5401 1963 5455 Et

386 5517 701 5592 concupiscet
715 5534 805 5571 rea:
825 5517 1052 5570 decorent
1077 5520 1238 5563 tuum.
1259 5507 1408 5561 Alius
1419 5505 1512 5568 ait,
1537 5499 1602 5556 Ut
1622 5498 1962 5567 concupiscat.

393 5589 645 5675 Uuoniuus
678 5609 787 5676 ipse
809 5615 877 5659 est
921 5603 1154 5656 dominus
1177 5610 1314 5651 tuus.
1347 5595 1515 5658 Alius,
1561 5590 1682 5660 Ipse
1723 5589 1853 5642 enint
1893 5596 1964 5639 est

389 5685 622 5762 dminus
667 5713 800 5753 tuus.
838 5695 902 5749 Et
943 5693 1224 5747 adorabunt
1263 5690 1448 5757 ipsum.
1495 5683 1674 5748 Alius,
1709 5679 1768 5734 Et
1809 5678 1966 5732 adora

381 5781 384 5784 ζ
448 5797 525 5858 (tt)
555 5799 622 5842 he
642 5787 807 5852 01-bit,
833 5783 1039 5835 aurifera
1063 5791 1210 5839 terra,
1235 5787 1360 5840 Josel
1378 5779 1468 5825 lms
1485 5775 1532 5824 8.

2052 498 2278 566 ipsum‘.
2315 501 2397 553 15.
2435 501 2500 553 Et
2525 503 2633 571 [ilia
2675 503 2799 573 Tyri
2836 505 2886 556 in
2929 507 3229 561 muneribus.
3276 508 3444 573 Alius,
3496 512 3630 566 Filia

2048 598 2213 644 autem
2259 593 2404 662 fortis
2433 595 2564 645 dona
2607 594 2750 662 feret.
2819 594 3019 648 Vultum
3047 609 3186 651 ttmm
3233 599 3621 670 deprecabuntur

2049 696 2219 734 omnes
2247 683 2423 736 divites
2449 683 2627 752 plebis.

2122 773 2207 825 ll.
2247 771 2474 826 Ecclesia
2504 785 2549 827 et
2574 776 2683 843 [ilia
2712 786 2758 830 et
2779 778 3220 845 sponsa.—Vides
3247 784 3514 851 quomodo
3544 786 3626 838 ni-

2048 861 2122 914 hil
2140 871 2219 916 est
2237 865 2484 918 sensibile
2505 866 2809 934 ?quomodo
2831 868 2958 922 nihil
2977 884 3314 939 corporemn,
3334 873 3427 927 sed
3454 876 3628 927 omnia

2047 954 2376 1024 spiritantia?
2413 955 2690 1023 Quomodo
2722 959 2861 1012 enim
2889 975 3080 1027 sponsa
3104 971 3186 1016 est
3213 963 3449 1032 ejusdem
3483 966 3583 1018 tilia
3608 967 3630 1018 ?

2048 1046 2314 1116 quomodo
2332 1056 2506 1101 autem
2535 1047 2639 1102 ﬁlia
2667 1051 2902 1119 sponsa?
2928 1052 2982 1105 In
3009 1055 3167 1108 rebus
3194 1057 3406 1123 quidem
3437 1071 3630 1126 corpo-

2048 1141 2156 1195 reis
2185 1139 2299 1194 htec
2329 1155 2432 1194 non
2462 1139 2643 1197 insunt
2672 1181 2688 1208 ,
2717 1143 2808 1197 sed
2841 1143 2942 1198 hoc
2967 1146 3179 1214 quidem
3201 1146 3340 1200 aliud
3371 1188 3386 1212 ,
3417 1157 3469 1202 et
3499 1149 3626 1203 illud

2049 1233 2188 1288 aliud
2216 1253 2228 1286 :
2263 1233 2315 1287 in
2347 1233 2454 1289 Deo
2479 1245 2656 1289 autem
2685 1236 2867 1290 insunt
2907 1247 3144 1309 utraque.
3192 1237 3307 1308 Ipse
3333 1240 3473 1294 enim
3506 1257 3624 1297 eam

2051 1324 2384 1389 regeneravit
2412 1339 2508 1394 per
2537 1325 2859 1394 baptismum
2885 1369 2899 1391 ,
2929 1336 2982 1380 et
3014 1328 3124 1396 ipse
3152 1344 3362 1398 quoque
3389 1346 3504 1385 eam
3525 1331 3625 1385 de-

2049 1416 2282 1484 Spondit.
2308 1415 2444 1468 Audi
2475 1457 2490 1480 ,
2522 1416 2652 1485 ﬁlia,
2681 1427 2727 1470 et
2752 1417 2882 1471 vide.
2909 1419 3019 1472 Duo
3044 1419 3093 1473 ei
3125 1420 3389 1488 prmbuit:
3420 1430 3472 1475 et
3503 1421 3626 1474 dot--

2051 1507 2264 1572 trinam,
2291 1521 2408 1575 quzc
2436 1520 2528 1574 per
2553 1506 2711 1560 verba
2743 1507 2997 1572 traditur,
3024 1519 3076 1562 et
3103 1509 3272 1562 visum
3295 1551 3307 1571 ,
3339 1512 3428 1579 qui
3456 1520 3508 1564 et
3533 1527 3625 1578 per

2051 1597 2302 1650 miracula
2331 1636 2347 1661 ,
2396 1605 2450 1650 et
2491 1613 2584 1666 per
2629 1598 2786 1652 ﬁdem
2831 1600 3154 1668 suscipitur:
3189 1609 3243 1654 et
3271 1600 3382 1655 lunc
3412 1602 3625 1670 quidem

2050 1686 2216 1754 dedit,
2249 1687 2336 1740 illa
2366 1702 2493 1741 vero
2526 1688 2790 1757 pollicitus
2815 1698 2914 1742 est.
2948 1690 3083 1744 Audi
3121 1705 3247 1760 ergo
3278 1691 3436 1744 verba
3467 1707 3579 1744 mea
3610 1732 3626 1755 ,

2051 1780 2170 1833 vide
2194 1794 2309 1834 mea
2333 1780 2605 1844 miracula,
2637 1790 2688 1834 et
2713 1797 2826 1836 mea
2857 1797 3015 1850 opera
3037 1825 3052 1846 ,
3084 1793 3138 1836 et
3165 1799 3309 1837 meas
3337 1782 3414 1837 ler
3440 1783 3625 1836 admo—

2054 1872 2302 1926 ultiones.
2350 1869 2486 1925 Vide
2534 1882 2710 1926 autem
2743 1860 2906 1940 quale
2948 1873 3037 1927 det
3089 1873 3236 1943 prius
3282 1884 3626 1942 praeceptum.

2059 1963 2361 2019 Ubliviscerc
2389 1965 2632 2036 populum
2659 1974 2800 2018 tuum
2828 2005 2842 2026 ,
2885 1975 2931 2017 et
2959 1965 3161 2018 domum
3189 1966 3347 2036 patris
3375 1966 3466 2018 tui.
3499 1966 3628 2032 Quia

2053 2057 2194 2110 enim
2217 2071 2333 2110 eam
2355 2054 2637 2124 deSpondit
2661 2072 2723 2108 ex
2752 2056 2996 2126 gentibus
3026 2097 3039 2120 ,
3073 2055 3174 2109 hoc
3199 2056 3244 2109 ci
3275 2057 3420 2124 prius
3449 2057 3630 2124 praeci-

2056 2151 2152 2220 pit,
2183 2158 2238 2202 ut
2287 2149 2428 2202 illaut
2459 2147 2899 2202 consuetudinem
2931 2163 2995 2200 ex
3022 2147 3201 2201 animo
3232 2145 3427 2212 deleat,
3459 2165 3488 2202 e
3517 2164 3631 2199 tlte-

2055 2241 2222 2295 moria
2243 2240 2461 2306 eximat,
2489 2255 2517 2292 a
2545 2246 2724 2293 mente
2749 2239 2942 2307 ejiciat,
2970 2253 3072 2291 non
3091 2239 3258 2290 solum
3279 2255 3336 2291 ea
3362 2235 3630 2306 fugiendo,

2055 2331 2149 2386 sed
2173 2347 2240 2385 ne
2269 2346 2454 2385 eorum
2495 2329 2708 2400 quidem
2740 2329 3090 2384 recordando.
3131 2329 3194 2381 Et
3220 2330 3509 2382 obliviscere
3539 2346 3632 2398 po.

2057 2424 2231 2492 pulum
2252 2432 2410 2486 tuum,
2439 2433 2485 2476 et
2512 2423 2716 2476 domum
2736 2423 2892 2492 patris
2915 2421 3007 2474 tui.
3040 2420 3259 2486 Quando
3287 2431 3462 2474 autem
3499 2421 3628 2474 dicit

2055 2525 2108 2569 et
2144 2514 2394 2584 populum
2427 2523 2481 2567 et
2508 2511 2724 2566 domum
2752 2553 2766 2577 ,
2812 2512 3058 2581 intelligit
3087 2513 3261 2565 omnia
3285 2528 3402 2581 qua:
3436 2512 3541 2566 illic
3566 2513 3630 2565 ab
3669 2525 3674 2528 '

2055 2606 2132 2658 eis
2163 2606 2310 2670 liunt,
2338 2613 2392 2658 et
2413 2603 2552 2673 quod
2580 2603 2644 2656 ad
2677 2606 2834 2657 vitam
2862 2643 2876 2668 ,
2906 2612 2957 2656 et
2978 2601 3116 2673 quod
3145 2603 3211 2656 ad
3238 2602 3482 2671 dogmata
3516 2618 3632 2671 per-

2058 2695 2212 2748 tinet.
2263 2692 2327 2746 Et
2369 2694 2687 2762 concupiscet
2737 2709 2826 2745 rea:
2875 2693 3101 2744 decorem
3133 2701 3293 2744 tamn.
3328 2691 3486 2746 Vides
3513 2708 3633 2746 etnn

2059 2801 2164 2840 [ton
2196 2785 2337 2854 loqui
2363 2784 2429 2839 de
2455 2783 2848 2854 pulchritudine
2873 2783 3110 2853 corporis
3133 2801 3145 2835 :
3179 2784 3222 2837 si
3248 2785 3388 2838 enim
3416 2784 3530 2839 haec
3559 2785 3634 2838 le-

2055 2880 2215 2942 ceris,
2250 2887 2395 2943 tunc,
2431 2878 2616 2947 inquit,
2640 2877 2746 2932 eris
2769 2877 3004 2946 pulchra,
3031 2887 3154 2930 tunc
3176 2892 3266 2930 rex
3298 2878 3633 2946 concupiscet

2054 2973 2303 3027 decorem
2379 2982 2543 3024 tuum.
2600 2970 2724 3024 Haec
2783 2971 2925 3024 enim
2979 2984 3084 3022 non
3129 2969 3250 3023 facit
3300 2969 3636 3038 pulchritudo

2055 3080 2334 3134 corporea.
2385 3063 2541 3133 Atqui
2595 3063 2732 3117 inter
2768 3062 3005 3115 inﬁdeles
3050 3062 3287 3114 videmus
3323 3076 3634 3130 corpoream

2055 3155 2500 3226 pulchritudinem
2539 3195 2553 3219 ,
2600 3162 2656 3208 et
2714 3169 2777 3207 ex
2843 3152 3126 3221 gentilibus
3188 3151 3446 3206 fortttosas
3518 3168 3634 3206 mu-

2057 3252 2236 3307 lieres.
2263 3249 2367 3305 Sed
2412 3256 2471 3301 ut
2510 3249 2649 3301 scias
2675 3262 2796 3300 eum
2826 3262 2929 3300 nou
2975 3245 3113 3314 loqui
3143 3243 3210 3299 de
3241 3243 3637 3312 pulchritudine

2055 3341 2316 3412 corporis,
2345 3354 2462 3393 eam
2491 3337 2622 3393 dicit
2650 3335 2896 3391 constitui
2922 3351 2988 3390 ex
3013 3335 3125 3404 ejus
3153 3334 3453 3388 obedientia
3475 3351 3490 3400 ;
3509 3335 3634 3389 obe-

2055 3431 2251 3488 dientia
2278 3440 2454 3484 autem
2479 3444 2582 3482 non
2609 3427 2878 3482 coastituit
2902 3423 3346 3497 pulchritudinem
3371 3425 3632 3494 Corporis,

2056 3524 2149 3579 sed
2175 3523 2384 3576 animae.
2417 3520 2473 3575 Si
2503 3521 2646 3574 enim
2675 3519 2786 3573 tunc
2806 3559 2820 3582 ,
2855 3518 3024 3587 inquit
3056 3559 3072 3584 ,
3105 3516 3294 3570 feceris
3329 3557 3342 3580 ,
3377 3527 3500 3570 tunc
3529 3519 3637 3570 eris

2059 3616 2280 3686 pulchra
2307 3656 2323 3681 ,
2350 3624 2475 3669 tunc
2503 3612 2610 3666 eris
2633 3624 2830 3680 sponso
2855 3607 3120 3663 ainabilis.
3155 3608 3408 3676 Quoniam
3439 3610 3544 3678 ipse
3566 3616 3637 3658 est

2056 3707 2306 3762 Dominus
2326 3718 2455 3760 tuus.
2481 3704 2617 3758 Ecce
2645 3711 2813 3771 pater,
2848 3711 2902 3756 et
2921 3715 3168 3770 Sponsus,
3199 3711 3252 3756 et
3275 3701 3520 3755 dominus
3545 3714 3635 3767 ap.

2058 3800 2253 3870 paruit.
2277 3796 2537 3864 Quoniam
2564 3794 2705 3848 enim
2728 3793 2887 3862 jussit
2923 3807 2954 3846 a
3002 3791 3310 3860 parentibus
3337 3791 3586 3846 recedere
3617 3829 3634 3851 ,

2061 3889 2238 3960 populi
2281 3885 2519 3943 οι)ιίκίδεί
2539 3926 2554 3952 ,
2581 3883 3020 3939 consuetudinem
3051 3882 3323 3952 expellere
3349 3924 3362 3948 ,
3404 3880 3637 3936 ostendit

2059 3983 2341 4038 maximam
2373 3988 2426 4034 ct
2448 3978 2797 4049 justissimam
2825 3991 2942 4030 esse
2969 3991 3204 4042 causam,
3237 3991 3332 4029 cur
3361 3990 3420 4030 ea
3447 3976 3636 4044 praeci-

2059 4083 2227 4145 peret.
2257 4086 2604 4141 magnamque
2626 4084 2744 4123 esse
2765 4067 2981 4122 rationis
2999 4067 3453 4136 consequentiam,
3479 4065 3637 4134 idque

2058 4167 2254 4222 debere
2289 4163 2423 4217 ﬁeri.
2453 4160 2508 4216 Si
2539 4159 2679 4214 enim
2708 4160 2846 4213 idem
2879 4169 3026 4228 pater
3057 4168 3194 4223 tuus,
3235 4157 3372 4212 idem
3390 4171 3635 4227 sponsus,

2059 4271 2113 4314 et
2140 4258 2277 4312 idem
2307 4253 2587 4308 dominus:
2619 4268 2828 4320 {Equum
2852 4259 2933 4305 est
2958 4259 3014 4304 ut
3050 4251 3116 4303 ab
3155 4250 3258 4306 illis
3300 4251 3546 4303 omnibus
3585 4259 3638 4301 te

2061 4360 2328 4429 sejungas,
2379 4367 2431 4413 et
2461 4358 2681 4427 leipsam
2729 4354 2802 4408 illi
2845 4352 3078 4406 addicas.
3119 4350 3234 4404 Non
3263 4349 3393 4403 dixit
3419 4360 3636 4406 autem.

2061 4450 2319 4516 Quoniam
2349 4451 2460 4518 ipse
2486 4457 2568 4501 est
2596 4455 2743 4515 pater
2773 4455 2892 4497 tuus
2926 4484 2942 4508 ,
2973 4441 3069 4496 sed
3099 4483 3114 4507 ,
3155 4440 3408 4507 Quoniam
3434 4440 3542 4508 ipse
3564 4448 3637 4491 est

2061 4542 2334 4595 duminus'
2364 4551 2480 4592 tuus
2509 4578 2524 4603 ,
2554 4551 2610 4606 ut
2631 4551 2694 4590 ea
2727 4535 3057 4603 potissimum
3099 4531 3305 4584 ratione
3337 4529 3481 4582 illam
3515 4537 3638 4580 tan-

2061 4631 2456 4704 gatzquoniam
2481 4629 2570 4700 qui
2613 4636 2699 4683 est
2738 4627 2983 4680 dominus
3038 4633 3092 4677 et
3129 4625 3380 4691 magister
3398 4630 3452 4674 et
3494 4629 3641 4688 pater

2065 4736 2204 4789 tuus,
2229 4721 2394 4776 voluit
2409 4734 2619 4790 quoque
2635 4731 2863 4787 sponsus
2877 4713 2989 4769 fieri
3009 4731 3023 4767 :
3047 4714 3151 4767 imo
3173 4727 3298 4767 vero
3314 4710 3444 4766 illud
3472 4712 3643 4780 ipsum

2063 4830 2273 4886 quoque
2299 4813 2497 4869 factum
2525 4825 2646 4867 esse
2681 4808 2978 4874 dominum,
3005 4819 3227 4860 summa:
3252 4814 3306 4859 et
3325 4801 3644 4858 sollicitudi-

2064 4907 2149 4961 nis
2181 4914 2236 4960 et
2276 4901 2612 4959 clementize:
2640 4909 2699 4954 ut
2726 4915 2844 4968 qua:
2873 4905 2990 4952 erat
3035 4911 3188 4952 serva
3219 4895 3524 4949 d;cmonum
3549 4934 3564 4958 ,
3592 4901 3648 4946 et

2067 4995 2482 5053 conculcabatur
2505 4993 2572 5046 ab
2599 5006 2785 5046 errore
2804 5032 2820 5055 ,
2849 5005 2968 5044 eam
2997 5003 3148 5042 suam
3176 5000 3295 5042 esse
3316 4985 3497 5040 vellet.
3529 4984 3644 5038 Non

2066 5091 2236 5145 solum
2259 5096 2440 5142 autem
2462 5083 2706 5138 ancillam
2736 5123 2752 5148 ,
2799 5079 2896 5136 sed
2921 5080 3082 5134 tiliam
3127 5078 3250 5132 fecit
3276 5085 3331 5132 et
3369 5090 3643 5146 Sponsam.

2070 5183 2374 5234 (tblivt'scere
2410 5176 2651 5248 populum
2682 5184 2824 5227 tuum
2854 5213 2870 5238 ,
2912 5181 2957 5225 et
2983 5171 3186 5224 domum
3223 5169 3382 5238 patris
3407 5167 3497 5219 tui.
3529 5165 3645 5220 Non

2067 5275 2212 5328 enim
2241 5272 2390 5326 venis
2410 5269 2475 5323 ad
2498 5269 2728 5321 alienum
2753 5263 3054 5335 quempiam
3080 5303 3095 5328 ,
3123 5261 3216 5316 sed
3243 5260 3308 5314 ad
3334 5259 3564 5327 eumqui
3601 5269 3650 5312 te

2068 5363 2193 5418 fecit
2217 5403 2233 5428 ,
2262 5369 2423 5416 etest
2451 5357 2698 5413 omnibus
2725 5355 2832 5409 illis
2858 5353 2953 5408 tibi
2983 5351 3331 5423 propinquior
3362 5390 3377 5413 ,
3410 5365 3473 5404 ac
3501 5350 3568 5401 de
3601 5360 3650 5400 te

2069 5465 2150 5511 est
2177 5453 2436 5508 sollicitus
2457 5491 2473 5517 ,
2506 5449 2687 5518 tuique
2712 5461 2894 5502 curam
2939 5445 3095 5514 gerit.
3130 5443 3246 5513 Ipse
3276 5441 3416 5496 enim
3445 5451 3523 5493 cst
3553 5438 3649 5492 do-

2071 5549 2247 5604 minus
2271 5554 2392 5600 tuus
2415 5551 2468 5597 ct
2497 5552 2667 5614 pater,
2689 5549 2742 5594 et
2773 5539 2886 5608 ipse
2911 5537 3088 5591 omnia
3120 5535 3212 5588 tibi
3239 5533 3402 5587 dedit.
3433 5528 3500 5584 Et
3526 5530 3647 5581 ado-

2135 5640 2150 5671 ¹
2189 5645 2332 5695 Unus,
2357 5641 2412 5685 Et
2433 5631 2659 5683 adorabis
2681 5629 2857 5695 ipsum,

2136 5703 2156 5732 ²
2191 5686 2578 5756 Ροει,’άοηιὶηυδ,
2605 5686 2766 5743 Morel.
2793 5690 2940 5751 addit,
2963 5695 3008 5740 et
3039 5686 3265 5751 magister
3284 5693 3332 5736 et
3360 5691 3518 5749 pater,
3543 5693 3652 5745 qua:

2075 5762 2250 5818 desunt
2273 5761 2321 5808 in
2343 5757 2479 5807 savil.
2507 5763 2558 5806 et
2581 5763 2685 5805 Mss.
