4084 6278
430 381 527 436 2⁸η

433 491 611 545 rubuut
640 503 752 542 eum
780 502 801 540 :
829 493 875 539 et
899 485 1011 554 [ilia
1049 482 1174 555 Tyri
1224 483 1273 537 in
1318 481 1625 537 muneribus.
1648 480 1898 548 Qua-naut
1926 483 2009 533 est

434 583 547 636 lucc
576 575 998 648 consequentia?
1027 574 1183 629 Certe
1217 573 1414 643 Optima
1438 590 1448 623 :
1474 580 1555 626 est
1583 573 1723 625 enim
1754 568 2012 638 optimum

432 687 601 743 genus
628 665 1033 723 adhortationis.
1058 665 1285 731 Accede,
1317 664 1486 732 inquit
1516 681 1529 717 :
1574 671 1696 717 sunt
1724 663 1865 715 enim
1886 673 2012 747 {ma-

437 762 588 815 xinnc
613 760 728 828 ejus
757 760 896 812 vires
928 774 943 823 ;
969 763 1025 811 et
1048 771 1233 809 omnes
1249 755 1294 807 ei
1313 753 1579 807 obedient.
1603 752 1812 805 Mittens
1836 758 2012 804 autem

438 854 690 922 propheta
738 848 917 904 dicere
957 848 1141 902 orbem
1185 855 1444 900 terrarum
1469 884 1484 911 ,
1511 843 1642 897 dicit
1665 842 2015 913 propinquam

434 943 700 997 civitatem
733 980 748 1005 ,
792 955 908 1010 qua:
937 937 1125 993 morbo
1153 936 1435 1006 impietatis
1467 948 1590 990 tunc
1613 933 1844 989 maxime
1868 932 2018 986 labo-

436 1034 605 1099 rabat,
628 1039 685 1087 et
711 1038 825 1087 erat
849 1046 941 1084 arx
972 1028 1164 1083 diaboli
1197 1069 1211 1094 ,
1242 1028 1306 1083 de
1323 1027 1473 1097 cujus
1495 1026 1682 1097 opibus
1701 1034 1754 1081 et
1769 1022 2015 1095 magniﬁ-

437 1122 607 1179 centia
639 1122 776 1176 fama
804 1131 918 1175 erat
947 1119 1196 1183 maxima,
1228 1135 1290 1173 ex
1322 1127 1473 1188 parte
1500 1126 1665 1171 totum
1686 1115 2011 1187 significans.

511 1219 679 1273 Mores
706 1235 769 1273 es;
795 1216 995 1272 urbibus
1033 1216 1382 1285 exprimuntur
1412 1229 1431 1278 ;
1462 1210 1654 1279 virtutis
1674 1210 1786 1261 laus
1809 1207 2016 1262 eximia.

435 1341 505 1352 ——
522 1310 643 1364 Mihi
670 1319 844 1364 autem
868 1308 1076 1362 videtur
1096 1321 1306 1359 omnem
1333 1304 1656 1373 impietatem
1681 1311 1734 1355 et
1759 1299 2016 1353 luxuriam

439 1406 517 1459 sic
546 1417 733 1458 meare
759 1418 772 1449 τ
802 1401 937 1455 solet
966 1399 1108 1453 enim
1135 1411 1311 1451 mores
1333 1412 1395 1450 cx
1424 1395 1641 1450 urbibus
1666 1391 1964 1460 exprimere
1997 1430 2013 1455 ,

442 1509 496 1549 ut
521 1494 731 1565 quando
751 1493 878 1546 dicit
907 1509 921 1545 :
951 1490 1134 1543 Audite
1157 1488 1355 1542 t'erbum
1388 1485 1608 1548 Domini,
1641 1483 1891 1553 principes
1916 1480 2018 1535 So-

444 1586 747 1639 domorum:
774 1583 939 1636 audite
961 1582 1115 1653 legem
1142 1579 1237 1632 Dei
1264 1576 1408 1632 vestri
1435 1617 1450 1638 ,
1485 1574 1698 1644 populus
1723 1570 2019 1627 Comorrlta:

444 1677 598 1748 (Isai.
625 1677 674 1731 1.
719 1674 831 1744 10).
877 1673 1032 1743 Atqui
1059 1669 1427 1741 alloquebatur
1466 1667 1676 1721 .ludacos
1707 1682 1719 1718 :
1750 1662 1844 1717 sed
1884 1678 2016 1731 quo-

446 1770 587 1823 niam
615 1782 675 1822 ea
704 1763 966 1820 faciebant
995 1778 1112 1832 qua:
1149 1761 1345 1814 liebunt
1381 1776 1409 1811 a
1440 1755 1727 1811 Sodomitis
1751 1795 1765 1818 ,
1796 1768 1888 1808 cas
1915 1766 2014 1827 ap-

446 1860 606 1930 pellat
635 1874 664 1913 a
696 1855 909 1910 nomine
953 1846 1326 1908 Sodomorum.
1362 1849 1424 1913 Et
1464 1846 1587 1916 quid
1616 1842 1825 1899 miraris
1853 1843 1898 1896 si
1921 1856 2017 1896 eos

444 1952 520 2004 sit:
542 1947 770 2019 appellat
794 1962 858 2000 ex
886 1945 1075 2017 patria,
1099 1959 1217 1998 cum
1240 1942 1318 1996 eis
1341 1938 1660 2010 quoque’det
1690 1945 1864 2005 patres
1886 1933 2021 2002 ejus-

444 2040 606 2106 modi,
634 2040 816 2103 dicens
839 2054 852 2090 :
889 2034 1041 2090 Pater
1068 2048 1180 2089 tuus
1209 2042 1278 2096 est
1301 2032 1646 2094 Amorrltwus,
1675 2036 1723 2082 ct
1748 2035 1905 2080 mater
1929 2035 2017 2077 tua

444 2130 661 2184 Chattica
688 2127 899 2200 (Ezecli.
939 2125 1024 2181 16.
1047 2126 1123 2194 5).
1146 2124 1212 2179 Et
1237 2140 1304 2178 ne
1326 2122 1412 2177 hic
1430 2121 1641 2193 quidem
1665 2119 1803 2174 sistit
1830 2132 2015 2172 eorum

441 2221 851 2289 accusationem,
884 2218 979 2273 sed
1008 2218 1166 2272 etiam
1197 2215 1262 2270 ad
1295 2215 1432 2268 feras
1462 2228 1628 2282 usque
1656 2208 1871 2266 deducit
1894 2210 2014 2261 ora-

444 2318 639 2372 tionem
672 2356 691 2383 ,
733 2314 783 2367 in
832 2311 981 2366 Novo
1029 2310 1242 2381 quidem
1294 2309 1634 2363 Testamento
1686 2306 1762 2359 sic
1809 2303 2021 2358 dicente

446 2410 713 2480 Scriptura
736 2425 748 2460 :
784 2406 838 2462 ὃς
856 2417 1052 2476 rpentes
1076 2404 1328 2475 genimina
1358 2401 1639 2470 viperarum
1667 2397 1813 2471 (Luc.
1839 2396 1892 2450 '5.
1918 2394 1970 2465 7)
1999 2410 2012 2457 ;

448 2511 498 2557 et
524 2516 705 2556 rursus
730 2500 782 2553 in
814 2496 1026 2553 Veteri:
1059 2493 1166 2549 Ova
1192 2493 1425 2563 aspidum
1451 2498 1693 2560 ruperunt
1725 2529 1741 2554 ,
1780 2496 1825 2541 et
1867 2486 2016 2539 telam

452 2607 655 2647 araneae
678 2599 852 2655 texunt
881 2589 899 2661 (
926 2586 1056 2642 lsai.
1082 2588 1169 2643 59.
1199 2587 1230 2642 5
1264 2591 1305 2656 ).
1339 2586 1401 2639 Et
1431 2583 1587 2639 alibi:
1630 2577 1893 2651 Numquid
1922 2595 2021 2632 non

447 2685 573 2739 sicut
599 2685 696 2753 ﬁlii
728 2681 802 2737 1E
810 2683 1038 2753 thiopum
1074 2697 1156 2735 vos
1191 2679 1305 2732 estis
1359 2677 1479 2731 milii
1513 2674 1706 2747 (Amos.
1738 2673 1790 2727 9.
1820 2671 1919 2743 7)?
1947 2670 2022 2726 Ita

451 2776 536 2831 hic
564 2775 727 2831 etiam
767 2789 860 2829 eos
885 2773 972 2842 qui
1003 2771 1161 2841 impie
1191 2767 1541 2824 etlibidinose
1558 2765 1820 2827 vixerunt,
1835 2762 2024 2834 Tyrios

448 2868 750 2941 appellavit.
776 2866 880 2922 Sed
904 2865 1070 2919 etiam
1099 2878 1214 2927 eos,
1241 2861 1427 2932 inquit,
1457 2856 1738 2928 superabo,
1771 2864 1823 2910 et
1853 2854 1902 2907 in
1933 2867 2025 2907 eos

459 2960 790 3016 dominatum
822 2957 1094 3022 obtinebo,
1119 2964 1172 3010 et
1200 2956 1269 3008 ita
1298 2950 1568 3016 obtinebo,
1591 2960 1647 3004 ut
1675 2947 1772 3018 ipsi
1795 2962 1878 3001 me
1907 2945 2029 2998 ado-

452 3062 572 3109 rent
597 3068 612 3107 :
644 3062 698 3107 et
726 3068 828 3105 non
859 3049 1192 3104 solummodo
1221 3045 1461 3111 adorent,
1497 3042 1592 3099 sed
1620 3055 1840 3094 munera
1863 3038 2024 3093 etiam

451 3156 506 3203 ct
527 3144 789 3213 primitias
818 3140 1047 3196 oll‘erant
1071 3181 1086 3206 ,
1111 3138 1250 3210 quod
1283 3146 1360 3192 est
1393 3135 1679 3190 maximum
1705 3145 1873 3202 genus
1900 3127 2028 3182 ado'

455 3235 693 3299 razionis,
716 3241 770 3289 et
795 3233 1003 3303 signum
1030 3245 1252 3285 summa:
1279 3225 1613 3281 obedientiar.
1654 3220 1857 3276 Vul:um
1884 3230 2026 3272 tuum

456 3316 852 3396 deprecabuntur
880 3323 1053 3376 divites
1080 3320 1252 3390 plebis.
1277 3318 1411 3386 Quid
1441 3324 1542 3380 est,
1572 3311 1984 3383 Deprecabuntur
2006 3311 2031 3363 ?

462 3418 671 3473 llouore
713 3426 767 3471 et
794 3414 962 3487 gloria
999 3412 1232 3467 aflicieut
1263 3451 1278 3476 ,
1320 3409 1407 3480 qui
1439 3424 1579 3464 nunc
1609 3407 1784 3477 magni
1828 3413 1951 3461 sunt
1978 3412 2031 3457 et

468 3508 680 3565 excelsi.
707 3507 816 3563 Hoc
841 3496 984 3565 enim
1017 3507 1077 3560 tit
1102 3503 1418 3560 iii-Ecclesia
1448 3544 1463 3567 ,
1495 3516 1589 3556 eos
1612 3501 1706 3571 qui
1741 3515 1807 3554 ex
1834 3499 2030 3553 virtute

465 3603 622 3657 vitam
646 3610 804 3673 agunt
829 3614 1018 3656 omnes
1047 3597 1329 3659 honorant,
1347 3595 1546 3659 colunt,
1578 3593 1700 3648 licet
1719 3593 1825 3649 sint
1845 3600 1900 3647 et
1920 3590 2036 3663 opi-

463 3694 558 3746 Inus
604 3703 659 3755 et
698 3691 1015 3746 auctoritate
1041 3689 1294 3759 insignes.
1324 3686 1580 3742 Omnibus
1617 3684 1758 3740 enim
1785 3682 1950 3755 copiis
1981 3690 2035 3736 et

463 3782 799 3845 facultatibus
823 3789 905 3836 est
934 3780 1103 3849 major
1128 3780 1315 3847 virtus.

538 3873 619 3928 19..
647 3871 833 3928 Videte
856 3880 1028 3925 autem
1062 3870 1348 3925 Ecclesium
1370 3884 1487 3939 qua:
1508 3867 1800 3923 honoratur
1824 3866 1890 3922 ab
1917 3881 2035 3920 om-

466 3964 638 4023 nibus.
673 3961 837 4017 Recte
867 3978 987 4016 vero
1016 3961 1166 4024 dixit,
1213 3959 1416 4015 Vultum
1443 3968 1582 4013 tuum
1602 4000 1617 4025 ,
1649 3960 1748 4014 hoc
1773 3969 1853 4015 cst
1875 4001 1889 4019 .
1921 3960 2036 4030 glo-

466 4057 598 4109 riam
630 4063 804 4119 tuam,
830 4053 1054 4108 formam
1088 4062 1141 4108 et
1168 4052 1612 4122 pulchritudinem
1649 4060 1811 4106 tuam.
1843 4049 2040 4105 Deinde

462 4146 713 4214 quoniam
758 4144 934 4200 vultus
977 4144 1248 4208 meminit,
1284 4153 1338 4198 ct
1381 4143 1626 4208 vestium,
1656 4151 1712 4198 et
1754 4140 2043 4211 pulchritu-

464 4239 623 4303 ttiuis,
657 4254 726 4292 ne
745 4237 864 4309 quis
880 4236 1112 4292 crassior
1138 4237 1361 4290 sentiret
1385 4234 1581 4305 aliquid
1606 4233 1879 4300 sensibile,
1912 4219 2058 4286 sub-'

463 4330 666 4398 iunxit,
694 4328 917 4384 dicens:
945 4328 1032 4383 14.
1064 4326 1238 4382 Omnis
1272 4326 1435 4397 gloria
1472 4328 1594 4396 ﬁlia:
1619 4326 1749 4398 regis
1789 4325 1851 4379 ab
1887 4326 2040 4379 intus.

470 4421 524 4476 ln
549 4431 801 4487 mentem,
832 4422 1020 4491 inquit,
1049 4410 1344 4491 ingredere,
1375 4421 1552 4476 cdisce
1600 4418 2042 4490 pulchritudinem

466 4511 693 4578 animae;
721 4512 789 4567 de
808 4512 910 4573 illis
932 4521 1106 4566 tecum
1133 4512 1338 4580 loquor,
1368 4519 1421 4566 et
1446 4511 1489 4565 si
1516 4519 1715 4567 vestem
1745 4511 1864 4565 dico
1884 4552 1897 4573 ,
1921 4518 1974 4565 ct
2002 4509 2047 4563 si

472 4601 919 4671 pulchritudinem
943 4601 1081 4665 dico,
1114 4602 1158 4657 si
1187 4602 1421 4657 fimbrias
1442 4601 1562 4657 dico
1581 4644 1597 4669 ,
1619 4603 1662 4656 si
1691 4611 1874 4657 aurata
1904 4601 2042 4667 dico,

471 4693 515 4746 si
538 4693 658 4761 dico
684 4693 1054 4764 quodcumque
1078 4694 1146 4748 sit
1180 4694 1470 4763 ejusmodi,
1504 4694 1570 4748 de
1612 4702 1789 4748 mente
1823 4694 2047 4762 loquor,

471 4774 713 4853 doctrina
735 4774 817 4839 est
835 4782 903 4843 de
929 4784 1129 4851 animo,
1152 4792 1234 4839 est
1262 4783 1329 4838 de
1353 4783 1549 4838 virtute
1574 4783 1715 4853 quod
1742 4784 1954 4850 dicitur,
1985 4784 2052 4839 de

476 4877 682 4945 interna
733 4875 925 4946 gloria.
976 4875 1098 4943 ideo
1150 4875 1375 4929 fidenter
1410 4874 1701 4929 orationem
1744 4875 1947 4930 reducit
1987 4875 2052 4929 ad

474 4981 762 5035 corporcas
788 4965 1186 5033 similitudines,
1209 4974 1483 5035 postquam
1503 4979 1738 5018 crassum
1758 4965 2052 5019 auditorem

477 5072 542 5111 ex
578 5055 733 5125 dictis
760 5040 1088 5124 cerrexerat.
1120 5051 1185 5109 In
1224 5054 1432 5123 ﬁmbriis
1463 5055 1629 5109 aureis
1661 5055 2054 5119 circumamicta,

479 5150 714 5215 uarietate
732 5158 933 5202 ornata.
956 5146 1129 5215 Alius,
1158 5147 1261 5202 Per
1279 5147 1462 5216 ﬁbulas
1482 5165 1662 5203 aureas
1686 5148 1820 5201 varie
1844 5148 2018 5202 induta
2041 5162 2060 5203 :

479 5240 696 5305 nomine
721 5241 835 5295 auri
868 5240 1121 5295 virtutem
1164 5258 1345 5297 rursus
1377 5256 1589 5295 vocans.
1616 5240 1691 5296 Ita
1729 5239 1888 5295 etiam
1933 5241 2061 5296 dicit

482 5334 712 5397 Paulus:
745 5333 807 5389 Si
835 5335 947 5405 quis
976 5334 1343 5404 superwdiﬁcat
1366 5350 1518 5402 super
1540 5336 1634 5387 Itoc
1656 5332 2061 5404 fundamentum,

480 5441 695 5491 nurum,
743 5434 1040 5497 argentum,
1082 5422 1274 5491 lapides
1318 5425 1593 5495 pretiosos,
1626 5425 1802 5498 ligna,
1832 5424 2019 5495 {mnum
2041 5465 2058 5492 ,

482 5516 726 5584 stipulam
755 5513 831 5588 (1.
861 5508 978 5577 Cor.
1004 5516 1057 5570 5.
1093 5514 1180 5588 12)
1221 5533 1234 5570 :
1278 5517 1525 5571 virtutem
1573 5527 1626 5572 et
1664 5516 1843 5571 vitium
1876 5516 2062 5571 harum

486 5594 841 5667 litateriarum
870 5605 1223 5676 appellatione
1252 5606 1555 5661 ostendens.
1598 5606 1673 5662 Ne
1699 5608 1840 5663 enim
1885 5604 2067 5681 existi-

489 5686 667 5752 mares
695 5696 811 5751 lucc
838 5709 961 5751 esse
984 5696 1056 5761 id,
1090 5698 1227 5767 quod
1250 5700 1405 5753 situm
1430 5709 1509 5755 est
1540 5701 1791 5765 interius,
1818 5720 1919 5756 non
1940 5718 2063 5773 per-

489 5789 657 5847 mittit
684 5798 741 5845 ut
763 5803 883 5861 qua:
914 5798 1039 5847 sunt
1066 5800 1278 5847 externa
1308 5794 1638 5863 in:ag3ncris,
1669 5795 1761 5852 scd
1791 5795 1925 5853 intra
1957 5807 2063 5853 tia.

1564 365 1920 424 EXPOSlTlO
1960 362 2020 418 ΙΝ
2063 362 2378 419 ιιδλωιωι
2423 364 2598 423 ων.

3582 376 3636 422 ἳδ.
3645 376 3691 422 '2

2121 476 2197 528 bit
2239 480 2631 547 cogitationem.
2678 482 3132 548 Quemadmodum
3177 485 3317 541 enim
3372 501 3564 558 cirpns
3615 494 3695 543 lus

2115 568 2355 623 indutum
2378 612 2393 635 ,
2425 573 2701 642 pulchrum
2728 586 2946 646 apparet
2974 596 2986 632 :
3012 578 3080 632 ita
3111 591 3333 635 ornatur
3361 582 3534 636 anima
3560 584 3603 638 si
3626 585 3697 638 sit

2118 660 2309 717 virtute
2336 662 2536 719 induta.
2568 668 2656 722 15.
2676 668 3000 725 Addurentur
3034 673 3139 744 regi
3173 674 3382 744 virgines
3423 684 3534 744 post
3562 694 3704 737 eam..

2115 750 2284 818 Alius,
2310 754 2612 826 Sequemur.
2642 761 2812 827 Alius,
2847 762 3151 831 Oﬂ'erentur.
3179 766 3437 823 Proxima:
3471 771 3579 841 ejus
3607 774 3705 843 oft

2116 848 2338 917 ferentur
2364 848 2471 904 tibi.
2500 850 2583 905 l6.
2611 848 2902 920 Aﬁ'erentur
2940 857 2992 911 in
3017 854 3190 915 latitia
3229 868 3277 915 et
3319 863 3707 924 exsultatione:

2115 935 2421 992 adducentur
2454 940 2505 994 in
2532 942 2774 1015 templum
2807 947 2959 1018 regis.

2200 1028 2507 1103 i'irginitatis
2524 1036 2620 1105 ﬂos
2646 1037 2790 1091 vestis
2814 1038 3085 1109 Ecclesiae;
3114 1040 3343 1100 Ecclesia
3365 1048 3487 1103 olim
3512 1053 3703 1106 sterilis

2118 1136 2248 1174 nunc
2298 1133 2371 1177 est
2427 1135 2582 1179 mater
2633 1128 2854 1195 ﬁliorum
2902 1130 3457 1193 innumerubilium.—
3506 1140 3701 1197 Vidistis

2121 1222 2298 1267 vestes
2342 1214 2672 1272 limbriatas?
2699 1220 2871 1275 vidisti
2916 1224 3168 1279 amictum
3204 1242 3460 1296 aureum,
3507 1232 3692 1287 florem

2121 1302 2481 1372 virginitatis?
2513 1305 2637 1363 llaec
2676 1317 2759 1364 est
2787 1312 2947 1367 vestis
2977 1313 3247 1371 Ecclesiae.
3277 1317 3570 1376 Considera
3601 1336 3688 1377 au-

2121 1400 2226 1447 tem
2275 1394 2404 1461 mihi
2455 1413 2611 1466 quam
2667 1412 2911 1458 accurate
2966 1403 3211 1476 loquatur
3253 1409 3529 1481 propheta.
3562 1413 3695 1480 Quia

2118 1483 2260 1537 enim
2288 1499 2391 1539 non
2424 1487 2637 1555 statim,
2669 1507 2787 1545 eum
2830 1491 3059 1563 primum
3089 1499 3373 1554 constituta
3404 1509 3487 1556 est
3514 1502 3698 1559 Eccle-

2119 1572 2230 1637 sia,
2268 1573 2445 1629 ﬂoruit
2489 1578 2689 1633 bonum
2727 1580 3077 1653 virginitatis,
3124 1588 3217 1642 sed
3263 1591 3537 1659 aliquanto
3577 1604 3703 1663 post

2121 1673 2397 1735 tempore:
2432 1679 2711 1739 propterea
2761 1672 2874 1742 ipse
2923 1691 3136 1747 quoque
3181 1691 3363 1749 postea
3409 1682 3460 1737 id
3505 1685 3695 1754 ponit,

2121 1772 2311 1827 nempe
2342 1769 2616 1846 postquam
2636 1777 2700 1817 ea
2726 1760 2890 1818 oblita
2919 1761 3074 1821 fuerit
3095 1770 3271 1840 populi
3310 1780 3361 1825 et
3391 1773 3578 1828 domus
3606 1790 3698 1846 pa-

2122 1849 2236 1912 tris,
2259 1859 2313 1904 et
2339 1850 2518 1906 induta
2537 1842 2695 1909 fuerit
2724 1854 2813 1909 illo
2840 1866 3028 1913 ornatu
3049 1898 3065 1922 ,
3088 1867 3140 1913 et
3167 1861 3344 1930 specie
3375 1878 3439 1918 ac
3464 1842 3697 1933 pulchri-

2122 1941 2304 1998 tudine
2330 1943 2612 2000 refulserit.
2632 1947 2700 2002 Et
2726 1948 2844 2004 ideo
2868 1949 3026 2005 dicit:
3052 1949 3180 2006 Post
3197 1970 3308 2008 eam
3327 1955 3570 2023 proxima:
3588 1958 3711 2027 ejus-

2120 2030 2412 2098 a/Terentur.
2443 2034 2720 2104 Proximis,
2745 2052 2847 2093 non
2873 2039 2992 2094 loco
3014 2051 3238 2109 tantum,
3263 2043 3357 2098 sed
3384 2054 3436 2100 et
3459 2046 3707 2102 moribus

2120 2132 2174 2177 et
2217 2123 2549 2194 dogmatibus
2599 2141 2718 2181 cum
2767 2143 2827 2182 ea
2877 2140 3271 2200 congruentes;
3326 2133 3697 2192 lurreticorum

2121 2213 2259 2267 enim
2292 2215 2519 2285 virgines
2545 2232 2648 2271 non
2671 2228 2814 2275 recte
2842 2218 3037 2276 dixeris
3063 2223 3325 2293 virgines;
3359 2241 3531 2295 neque
3555 2229 3707 2283 enini-

2121 2314 2244 2359 sunt
2268 2306 2523 2374 proxima:
2567 2309 2782 2379 regium.
2815 2310 3105 2379 Aﬂ'erentur
3131 2315 3183 2367 in
3213 2315 3386 2369 laetitia
3405 2326 3451 2370 et
3471 2319 3695 2373 exsulta-

2122 2394 2275 2450 tione.
2304 2394 2431 2452 Vide
2468 2396 2556 2452 hic
2603 2398 2802 2454 dictum
2851 2402 3197 2471 apostolicum
3241 2406 3612 2476 reSplendere,
3644 2420 3711 2464 et.

2123 2485 2266 2541 illam
2304 2488 2720 2545 enuntiationem
2750 2492 2956 2546 ostendi
2983 2495 3142 2550 etiam
3175 2496 3224 2549 in
3254 2497 3695 2568 pr0phela.Qua:-

2122 2593 2243 2632 nam
2272 2586 2448 2631 autem
2473 2594 2533 2633 ea
2564 2581 2687 2635 est?
2717 2580 3105 2638 Tribulationem
3128 2586 3294 2640 carnis
3323 2587 3701 2661 habebantque:

2124 2670 2317 2723 nubunt
2364 2671 2438 2741 (1.
2469 2672 2585 2739 Cor.
2617 2673 2668 2726 7.
2708 2672 2831 2744 28).
2872 2673 3326 2742 Quemadmodum
3375 2686 3549 2734 autem
3595 2679 3700 2734 illa:

2126 2760 2484 2826 afﬂictioucm,
2514 2763 2583 2818 ita
2627 2761 2710 2818 ha:
2753 2764 2985 2820 lictitiam
3029 2775 3081 2820 et
3123 2768 3552 2825 exsultationem.
3590 2769 3700 2825 illa:

2125 2853 2268 2907 enim
2308 2852 2446 2909 ﬁlios
2487 2861 2543 2909 et
2584 2856 2855 2923 maritum,
2884 2855 3121 2924 domum,
3154 2856 3397 2926 l‘aniulos,
3425 2870 3700 2932 cognatos,

2126 2959 2341 2999 soceros
2360 2984 2375 3012 ,
2406 2960 2657 3016 generos,
2702 2956 2943 3016 nepotes,
2974 2947 3259 3003 liberorum
3310 2950 3719 3006 multitudinem

2127 3036 2545 3107 eorumdemque
2573 3037 2656 3093 vel
2682 3037 2945 3094 defectum
2975 3040 3055 3096 vel
3084 3041 3364 3115 orbitatem
3391 3057 3579 3097 curare
3608 3059 3702 3098 co-

2129 3136 2321 3196 guntur
2366 3127 2564 3199 (neque
2610 3130 2750 3184 enim
2798 3145 2939 3185 nunc
2987 3140 3194 3198 tempus
3240 3143 3323 3190 est
3372 3135 3702 3190 describendi

2131 3212 2446 3288 multiplices
2474 3234 2631 3275 curas
2660 3221 3002 3293 matrimonii)
3026 3242 3037 3275 :
3060 3220 3204 3294 virgo
3229 3233 3405 3279 autem
3433 3226 3702 3292 crucifixit,

2131 3316 2185 3363 et
2213 3323 2242 3361 a
2271 3309 2620 3378 praesentibus
2647 3311 2888 3380 liberata,
2909 3321 2962 3368 et
2987 3329 3128 3368 curis
3152 3319 3217 3368 ad
3245 3313 3381 3370 hanc
3403 3317 3560 3370 vitam
3588 3333 3723 3387 per-

2133 3399 2421 3454 liuentibus
2445 3400 2631 3456 eﬂ‘ecta
2657 3404 2900 3472 superior
2926 3412 2979 3459 et
3004 3406 3191 3475 euripo
3219 3406 3440 3479 trajecto
3460 3450 3476 3475 ,
3520 3409 3571 3463 in
3604 3426 3709 3464 cie-

2096 3507 2105 3513 ·
2134 3489 2241 3546 lum
2265 3493 2502 3561 quotidie
2532 3493 2848 3563 suiSpieiens,
2873 3494 3063 3551 fruitur
3087 3496 3278 3568 gaudio
3308 3498 3557 3568 Spiritus,
3588 3516 3709 3572 pcr-

2135 3585 2369 3641 funditur
2410 3588 2781 3644 exsultatione.
2824 3589 2938 3645 Non
2985 3590 3157 3647 solum
3202 3602 3378 3650 autem
3430 3596 3719 3666 praesentia

2137 3678 2395 3749 propheta
2416 3720 2429 3745 ,
2460 3680 2554 3735 sed
2581 3680 2740 3736 etiam
2783 3679 2956 3737 futura
2985 3683 3304 3749 subindicat,
3337 3685 3550 3755 quando
3592 3688 3725 3756 ραι-ρ

2137 3769 2296 3825 chras
2323 3780 2377 3825 et
2405 3770 2713 3842 Splendidas
2740 3771 3012 3842 lampades
3041 3773 3298 3830 habentes
3317 3775 3451 3831 fiunt
3476 3777 3710 3843 obviam,

2137 3876 2389 3931 sponsum
2415 3862 2739 3937 excipientes
2768 3863 2979 3935 (Matth.
3009 3863 3102 3921 23.
3125 3865 3203 3936 7).
3234 3865 3511 3938 Templum
3538 3876 3718 3922 autem

2139 3954 2279 4023 regis
2307 3954 2394 4015 hic
2424 3962 2576 4010 vocat
2600 3956 2797 4027 regiam
2823 3997 2840 4023 ,
2867 3965 2923 4011 et
2956 3957 3137 4025 sponsi
3170 3955 3460 4016 thalamum
3485 3957 3717 4027 appellat

2140 4044 2354 4100 cubilia.
2386 4044 2474 4100 17.
2507 4044 2613 4100 Pro
2643 4045 2864 4116 patribus
2885 4047 2983 4101 tuis
3017 4048 3126 4100 nati
3149 4056 3264 4101 sunt
3292 4048 3389 4117 ﬁlii
3421 4049 3513 4102 tui.
3545 4048 3722 4111 Alius,

2144 4137 2307 4192 Erunt
2328 4137 2416 4191 tibi
2436 4137 2533 4206 ﬁlii
2557 4138 2911 4205 tui.Quoniam
2934 4138 3179 4208 superius
3203 4140 3444 4194 meminit
3469 4141 3647 4211 pepuli
3664 4151 3721 4196 ct

2145 4237 2444 4302 parentum,
2462 4228 2646 4285 dicens
2672 4246 2685 4283 :
2707 4228 3008 4285 Obliviscere
3031 4231 3209 4301 populi
3217 4231 3306 4284 tui
3318 4271 3335 4295 ,
3355 4233 3602 4287 etdomus
3622 4249 3717 4303 pa-

2147 4322 2235 4376 tris
2262 4321 2376 4375 tui:
2400 4321 2687 4378 ostendens
2725 4322 2777 4376 in
2809 4322 2910 4378 hoc
2951 4338 3160 4394 quoque
3189 4323 3365 4379 omnia
3395 4324 3445 4379 ei
3472 4325 3641 4381 fausta
3669 4336 3722 4380 et

2150 4427 2399 4483 prospera
2424 4413 2614 4478 futura,
2645 4412 2745 4467 hoc
2779 4413 3068 4485 subiunxit.
3097 4415 3227 4482 Quin
3255 4417 3395 4471 enim
3416 4426 3533 4472 erat
3569 4420 3724 4473 steri-

2148 4505 2233 4571 lis,
2267 4514 2347 4561 est
2378 4514 2544 4560 mater
2580 4506 2805 4560 filiorum
2845 4506 3332 4565 innumerabilium.
3366 4510 3727 4578 Quamobrem

2150 4596 2357 4651 etiamsi
2388 4598 2566 4651 avulsa
2597 4613 2655 4652 es
2684 4614 2712 4651 a
2744 4600 3049 4668 parentibus
3071 4641 3087 4664 ,
3132 4609 3187 4656 at
3234 4611 3446 4658 tuorum
3493 4604 3734 4659 filiorum

2150 4687 2301 4743 chori
2327 4695 2482 4743 erunt
2502 4688 2637 4745 adeo
2664 4689 2792 4745 clari
2816 4731 2831 4755 ,
2859 4690 3093 4762 insignes
3117 4699 3175 4748 et
3199 4692 3451 4763 illustres,
3481 4701 3539 4750 ut
3558 4704 3741 4750 totum»

2152 4780 2340 4836 orbem
2367 4791 2627 4835 terrarum
2656 4781 2932 4852 impleant.

2230 4873 2315 4927 15.
2357 4871 2480 4926 Mihi
2522 4879 2698 4928 autem
2726 4871 2932 4929 videtur
2951 4873 3129 4931 dicere
3154 4875 3424 4945 apostolos
3444 4915 3460 4940 ,
3482 4878 3572 4946 qui
3613 4876 3741 4931 foe--

2158 4975 2283 5021 runt
2308 4968 2359 5022 in
2385 4982 2447 5021 ea
2488 4965 2755 5023 doctores.
2788 4967 2989 5024 Deinde
3013 4968 3319 5023 describens
3339 4983 3524 5024 eorum
3555 4969 3692 5039 vires
3713 5011 3728 5034 ,

2162 5058 2449 5129 potentiam
2494 5068 2549 5116 et
2576 5058 2827 5130 gloriam,
2852 5059 2977 5114 dicit
3005 5076 3021 5115 :
3052 5060 3329 5115 Constitues
3361 5075 3444 5114 eos
3480 5060 3731 5130 principes

2159 5166 2311 5223 super
2347 5167 2547 5207 onmem
2586 5161 2789 5206 terram.
2817 5150 3060 5220 Egentne
3105 5151 3220 5219 tunc
3255 5150 3737 5221 interpretatione?

2164 5245 2278 5317 Ego
2303 5245 2518 5313 quidem
2548 5259 2653 5298 non
2693 5243 2963 5310 existimo,
2990 5243 3436 5313 quemadmodum
3481 5258 3586 5316 nec,
3620 5243 3701 5299 sol
3723 5284 3739 5307 ,

2163 5337 2378 5408 quando
2405 5346 2487 5391 est
2515 5333 2827 5405 splendidus
2854 5351 2868 5387 :
2900 5351 3018 5404 quae
3049 5343 3227 5388 autem
3268 5335 3407 5403 dicta
3448 5341 3601 5401 sunt,
3628 5335 3743 5388 sole

2164 5437 2290 5483 sunt
2314 5428 2559 5501 clariora.
2590 5424 2911 5481 Universum.
2931 5426 3075 5480 enim
3103 5426 3289 5496 orbem
3330 5436 3591 5483 terrarum
3622 5442 3746 5496 per-

2167 5518 2690 5588 vaseruntapostoli,
2718 5532 2782 5575 ac
2804 5519 2985 5573 verius
3015 5517 3279 5587 principes
3310 5516 3561 5588 fuerunt,
3582 5534 3755 5589 quam-

2168 5613 2268 5682 ipsi
2316 5611 2601 5680 principes,
2632 5610 2949 5680 regibusque
2985 5609 3333 5678 potentiores.
3377 5611 3550 5680 Reges
3601 5611 3742 5666 enim

2166 5704 2292 5760 diun
2319 5706 2501 5759 vivunt
2523 5702 2848 5773 dominatum
2873 5702 3118 5777 obtinent
3144 5719 3156 5755 :
3185 5702 3451 5775 iisautem
3481 5703 3706 5756 mortuis
3728 5739 3747 5765 ,

2173 5797 2438 5854 intercidit
2465 5793 2806 5865 dominatus;
2838 5793 2890 5852 h‘i
2937 5802 3052 5865 post
3091 5803 3319 5851 mortem
3364 5792 3537 5848 verius
3581 5791 3747 5857 im‘pc—
