4084 6278
474 455 578 509 203

471 580 611 624 rant.
637 568 701 623 Et
721 581 905 637 regum
931 567 1143 638 quidem
1184 568 1328 637 leges
1356 577 1483 620 ratae
1523 575 1646 620 Silnl
1674 576 1726 621 et
1755 566 1942 622 validm
1970 568 2049 621 in-

472 673 550 713 tra
582 674 767 713 eorum
801 658 951 719 fines,
969 658 1114 727 jussu
1142 669 1318 711 autem
1366 659 1684 726 piscatorum
1715 673 1810 726 per
1834 659 2052 714 univer-

474 766 590 803 sum
615 751 798 804 orbem
844 759 998 802 terrce
1024 759 1239 802 extensa
1287 758 1430 800 sunt.
1460 747 1754 816 lmperator
1785 749 2053 802 Romano-

470 859 586 895 rum
612 841 788 896 Persis
811 855 914 894 noo
947 851 1120 910 posset
1157 839 1293 892 ferre
1315 839 1460 908 leges
1485 879 1499 904 ,
1533 855 1630 892 nec
1654 839 1934 893 Persarum
1962 857 2053 893 rex

471 940 651 1002 posset
690 931 828 986 ferre
872 933 1019 1000 leges
1071 931 1361 984 Romanis:
1391 929 1444 982 hi
1489 940 1665 983 autem
1694 931 1957 984 Palaestini
2001 943 2055 985 et

469 1025 670 1090 Persis,
695 1033 750 1079 et
783 1025 1056 1088 Romanis,
1089 1034 1143 1079 et
1171 1023 1464 1077 Thracibus
1493 1032 1548 1077 et
1585 1022 1799 1093 Scythis
1825 1067 1839 1090 ,
1869 1034 1920 1078 et
1967 1025 2052 1078 ln-

470 1117 581 1181 rlis,
610 1125 664 1170 et
709 1115 926 1181 Mauris,
955 1123 1011 1170 et
1060 1115 1311 1168 universo
1355 1114 1584 1183 denique
1623 1115 1738 1170 orbi
1793 1125 2050 1168 terrarum

467 1216 612 1278 leges
636 1209 897 1263 dederunt
926 1227 938 1257 :
969 1225 1064 1263 nec
1103 1209 1274 1263 snlnm
1299 1207 1423 1261 dum
1454 1209 1488 1262 ii
1518 1209 1778 1274 viverent,
1809 1209 1973 1262 firma!
2000 1221 2054 1264 et

467 1312 598 1356 rata:
645 1301 898 1366 fuerunt,
953 1301 1046 1356 scd
1105 1301 1188 1355 his
1231 1302 1391 1355 etiam
1455 1304 1676 1356 mortuis
1724 1304 2052 1357 confirmatae

469 1402 594 1445 sunt
622 1411 634 1446 :
666 1402 719 1448 et
747 1393 833 1463 qui
864 1409 958 1448 eas
1002 1393 1146 1464 leges
1189 1402 1531 1461 acceperunt,
1565 1394 1786 1448 mallent
1821 1396 2050 1449 animam

476 1485 670 1539 millies
697 1484 1039 1554 profundere,
1073 1500 1230 1554 quam
1254 1486 1320 1537 ah
1342 1483 1442 1537 iliis
1469 1480 1791 1539 desciscere.
1824 1485 1910 1539 18.
1939 1485 2051 1539 Με-

468 1591 579 1628 mor
606 1591 689 1629 ero
712 1576 926 1629 nominis
955 1575 1029 1628 tui
1057 1577 1107 1628 in
1137 1576 1276 1628 omni
1299 1576 1617 1646 generatione
1645 1583 1687 1628 et
1713 1576 2048 1646 generatione.

475 1667 747 1736 Propterea
786 1668 962 1740 populi
988 1667 1361 1737 confitebuntur
1401 1669 1490 1721 tibi
1526 1670 1587 1721 iu'
1616 1678 1886 1734 a’ternum,
1915 1679 1958 1722 et
1999 1669 2052 1722 in

465 1761 708 1815 saeculum
731 1763 924 1814 sa‘culi.
957 1761 1129 1824 Alius,
1161 1760 1423 1814 Revocabo
1454 1761 1507 1813 in
1538 1761 1833 1814 memoriam
1869 1777 2050 1814 nomen

469 1866 609 1905 tuum
640 1852 691 1904 in
731 1866 1028 1922 unaquaque
1054 1850 1387 1920 generatione.
1411 1849 1688 1918 Propterea
1726 1850 1904 1921 p0puli
1935 1849 2050 1903 lau-

465 1947 655 1998 dabunt
684 1954 729 1996 te
758 1952 996 2015 perpetuo
1019 1940 1118 2014 (α).
1146 1943 1316 2006 Alius,
1345 1942 1561 2010 Propter
1586 1943 1679 1996 Itoc
1715 1943 1892 2013 pepuli
1925 1958 2050 1995 con-

465 2036 736 2104 ﬁtebuntur
759 2033 865 2087 tibi.
894 2034 1033 2087 Dixit
1061 2032 1476 2102 magnitudinem
1510 2033 1854 2101 principatus,
1875 2047 1904 2084 a
1935 2031 2051 2086 lon-

465 2129 704 2201 giturline
739 2137 916 2192 terra),
946 2143 976 2181 a
1004 2127 1285 2181 latitudine
1313 2127 1459 2180 orbis
1488 2136 1781 2188 terrarum,
1813 2141 1842 2178 a
1869 2125 2048 2179 multi-

462 2222 646 2277 tudine
693 2221 928 2292 gentium
1011 2235 1128 2290 qua:
1182 2219 1439 2288 subjecta:
1499 2227 1640 2273 sunt.
1692 2217 1829 2271 Dicit
1886 2217 2046 2272 etiam

460 2312 674 2367 aliunde
704 2312 818 2382 ejus
849 2313 1242 2378 auctoritatem,
1271 2311 1411 2381 quod
1443 2326 1546 2364 non
1578 2309 1749 2364 solum
1794 2309 2049 2364 extende-

463 2415 549 2458 tur
577 2419 672 2474 per
708 2404 1012 2458 universum
1045 2403 1227 2456 orbem
1274 2412 1535 2455 terrarum
1559 2442 1574 2467 ,
1603 2401 1696 2455 sed
1742 2401 1904 2454 etiam
1949 2415 2046 2470 per

461 2495 767 2548 universum
818 2509 1010 2547 mvum.
1059 2491 1377 2546 Immortalis
1421 2492 1583 2556 enim,
1614 2491 1802 2560 inquit,
1829 2491 1929 2544 erit
1974 2492 2047 2545 tui

461 2585 744 2650 memoria,
773 2583 1040 2653 descripta
1067 2581 1120 2636 in
1152 2583 1300 2636 libris
1331 2584 1547 2646 nostris,
1569 2580 1835 2651 descripta
1867 2582 1918 2636 in
1957 2597 2050 2636 re-

457 2677 558 2731 bus
601 2676 846 2746 publicis,
882 2675 1146 2745 descripta
1201 2675 1251 2728 in
1290 2673 1589 2744 prteceptis.
1616 2671 1748 2726 Vide
1776 2672 2046 2742 quomodo

455 2783 568 2822 sua:
592 2782 802 2838 quoque
833 2765 1124 2836 prophetia:
1161 2764 1399 2835 prmdicit
1445 2764 1869 2834 perpetuitatem.
1911 2762 2044 2817 Cum

454 2860 598 2914 enim
625 2858 775 2920 dixit,
809 2857 1006 2911 Memor
1033 2873 1116 2910 ero
1137 2856 1352 2909 nominis
1391 2856 1464 2908 tui
1488 2856 1541 2908 in
1581 2856 1716 2908 omni
1733 2855 2047 2924 generatione

453 2961 501 3003 et
530 2950 868 3021 generatione,
899 2947 1001 3002 hoc
1023 2946 1358 3017 significavit.
1389 2945 1500 2998 Etsi
1525 2961 1672 3015 ergo,
1692 2945 1880 3014 inquit,
1903 2960 2048 2998 mor-

456 3057 578 3098 tuus
622 3041 804 3106 fuero,
837 3051 887 3094 te
933 3047 1110 3093 tamen
1155 3036 1380 3092 cantabo
1409 3037 1490 3091 vel
1547 3036 1802 3091 moriens.
1836 3035 2046 3105 Corpus

454 3137 596 3191 enim
621 3134 984 3190 dissolvetur:
1016 3132 1183 3186 litera:
1220 3139 1398 3185 autem
1435 3137 1684 3194 manent,
1719 3138 1772 3183 et
1811 3130 1892 3183 lcx
1927 3144 2044 3198 per-

458 3239 637 3298 petua.
670 3225 948 3296 Propterea
974 3225 1151 3294 populi
1171 3223 1544 3291 confitebuntur
1563 3221 1830 3277 tibi.Uude
1858 3238 2040 3291 crepe-

455 3329 570 3386 rat,
596 3320 724 3374 illuc
749 3318 966 3383 desinit,
982 3331 1171 3385 nempe
1193 3317 1245 3369 in
1268 3315 1560 3370 Christum.
1582 3312 1882 3385 Propterea.
1908 3314 2042 3368 Pro-

456 3421 577 3480 pter
605 3425 847 3481 quamam
871 3411 892 3462 ?
918 3408 1068 3474 Quod
1098 3417 1174 3461 tot
1201 3416 1254 3462 et
1279 3416 1420 3461 tanta
1450 3416 1597 3461 recte
1622 3407 1874 3476 gesseris,
1899 3405 2040 3476 quod

454 3504 586 3557 tales
629 3502 900 3572 principes
927 3501 1269 3555 constitueris
1296 3541 1308 3562 ,
1339 3498 1482 3569 quod
1525 3499 1712 3553 vitium
1755 3499 2034 3568 exegeris,

452 3593 596 3663 quod
647 3595 897 3647 virtutem
945 3592 1299 3662 plantavcris,
1332 3590 1474 3660 quod
1527 3599 1764 3645 nostram
1791 3602 2034 3643 naturam

451 3667 823 3754 ilequnderis,
855 3682 995 3753 quod
1020 3681 1134 3736 haec
1165 3681 1301 3736 bona
1329 3681 1612 3736 ineffabilia
1646 3681 1838 3736 feceris
1868 3697 1880 3734 :
1915 3682 2038 3735 uni-

461 3794 652 3832 versus
694 3776 839 3831 orbis
870 3785 1026 3830 terra;
1056 3774 1148 3828 tibi
1178 3773 1388 3828 laudem
1419 3771 1628 3835 offeret,
1662 3789 1766 3826 non
1813 3771 1862 3825 in
1894 3772 2038 3826 brevi

455 3881 697 3936 tempore
717 3909 733 3934 ,
766 3881 866 3922 nec
889 3865 942 3919 in
973 3865 1178 3926 decem,
1213 3873 1266 3919 et
1297 3863 1513 3934 viginti,
1546 3872 1600 3918 et
1624 3873 1834 3918 centum
1863 3864 2036 3930 annis,

451 3977 550 4016 nec
575 3961 625 4015 in
656 3968 806 4031 parte
829 3958 972 4013 orbis
1004 3965 1264 4011 terrarum
1287 3997 1301 4022 ,
1332 3955 1424 4010 sed
1452 3965 1591 4010 terra
1617 3965 1671 4010 et
1698 3971 1844 4010 mare
1864 3998 1879 4020 ,
1908 3971 2028 4027 quae

451 4062 534 4107 cst
579 4049 880 4105 habitabilis
933 4047 1111 4119 regio,
1167 4056 1220 4102 et
1271 4062 1390 4117 qua:
1444 4061 1547 4100 non
1574 4046 1906 4112 habitabilis,
1941 4063 2040 4117 per

456 4157 615 4198 onme
639 4157 810 4197 aevum
837 4148 1063 4204 canent,
1092 4139 1290 4208 gratias
1315 4148 1532 4210 agentes
1561 4153 1656 4206 pro
1676 4139 1830 4195 bonis
1858 4155 1977 4210 qua:
2006 4154 2037 4193 a

464 4247 515 4291 te
543 4243 882 4305 acceperunt.
910 4233 1011 4287 Pro
1046 4232 1127 4285 his
1171 4241 1346 4284 autem
1397 4232 1642 4286 omnibus
1688 4247 1786 4286 nos
1828 4247 2039 4301 quoque

459 4327 657 4395 gratias
705 4339 925 4395 agamus
970 4323 1199 4393 benigno
1254 4331 1309 4376 et
1356 4321 1608 4376 clementi
1650 4321 1909 4377 Christo:
1943 4338 2040 4392 per

453 4435 640 4489 quem,
663 4427 717 4472 et
741 4433 861 4472 cum
885 4432 990 4486 quo
1015 4415 1151 4468 Patri
1180 4414 1344 4485 g'oria
1373 4415 1528 4468 simul
1553 4429 1673 4467 cum
1706 4425 1891 4469 sancto
1918 4415 2039 4484 Spi-

452 4512 732 4572 ritu,nune
758 4518 812 4562 ct
840 4514 1141 4576 semper,et
1172 4507 1222 4558 in
1251 4507 1443 4558 saecula
1472 4505 1816 4562 saeculorum.
1843 4507 2034 4561 Amen.

911 4617 973 4671 IN
1011 4615 1328 4671 PSALMUM
1371 4616 1528 4670 XLV.

454 4732 506 4786 1.
549 4729 614 4783 1η
641 4730 792 4798 finem
823 4745 912 4799 pro
932 4728 1052 4797 ﬁliis
1073 4726 1231 4788 Core,
1260 4744 1353 4796 pro
1400 4730 1619 4782 arcanis.
1643 4729 1792 4784 Alius
1813 4770 1829 4796 ,
1870 4729 2038 4784 Victo-

527 4824 670 4878 toria:
694 4822 888 4876 auctori
917 4820 1140 4890 ﬁliorum
1168 4819 1314 4875 Core.
1340 4820 1487 4875 Alius
1509 4862 1523 4885 ,
1551 4821 1658 4875 Pro
1688 4823 2037 4877 adolescentiis

524 4915 777 4970 canticum

451 5033 506 5087 2.
551 5030 690 5084 Deus
733 5035 901 5082 noster
940 5025 1191 5096 refugium
1221 5033 1268 5078 et
1311 5025 1494 5087 virtus,
1515 5025 1720 5096 adjutor
1750 5025 1801 5079 in
1829 5027 2038 5081 tribula-

522 5123 887 5191 tionibus,qute
909 5119 1200 5171 inuenerunt
1220 5133 1311 5170 nos
1335 5115 1501 5170 nimis.
1531 5116 1700 5182 Alius,
1718 5116 1784 5170 In
1799 5120 2039 5189 afﬂictio-

523 5215 670 5268 nibus
716 5212 964 5266 inuentus.
1007 5208 1061 5263 5.
1099 5207 1376 5276 Propterea
1425 5222 1525 5259 non
1573 5207 1853 5263 timebimus
1917 5211 2038 5265 dum

525 5308 806 5364 turbabitur
826 5315 980 5368 terra,
1001 5312 1046 5357 et
1066 5305 1431 5371 transferentur
1453 5311 1642 5354 montes
1673 5303 1724 5354 in
1751 5318 1838 5356 cor
1859 5305 2036 5361 maris.

527 5424 581 5478 1.
619 5421 786 5478 Solita
810 5420 977 5475 utitur
1006 5413 1342 5487 philosophia
1376 5412 1632 5482 prOpheta
1664 5428 1693 5466 a
1722 5414 1883 5470 rebus
1916 5415 2037 5485 qui-

518 5520 590 5583 (a)
626 5520 744 5583 Hac
775 5519 928 5572 lectio
968 5525 1048 5571 est.
1070 5517 1262 5583 Aquilae
1289 5526 1343 5568 et
1371 5519 1666 5583 Symmachi,
1706 5530 1761 5570 ut
1786 5522 1952 5570 videas
1985 5520 2033 5571 in

454 5580 716 5645 Hexaplis.
764 5583 1018 5645 Posterior
1041 5580 1223 5645 _auiem
1256 5594 1380 5645 pars
1421 5580 1652 5631 versiculi
1710 5585 1784 5631 sic
1827 5585 2039 5632 effertur

454 5641 660 5708 ibidem,
685 5641 946 5708 laudabunt
967 5651 1011 5695 te
1035 5642 1084 5694 in
1113 5641 1298 5696 mallit
1329 5648 1562 5708 perpetuo
1587 5644 1874 5708 (ὕμνήσουσί
1895 5663 1952 5694 σε
1973 5647 2037 5702 εἰς

455 5705 608 5754 αἰῶνα
631 5706 901 5765 διηνεκῶς).

522 5751 914 5847 (“liciti-sicam
947 5781 1027 5824 est
1433 5789 1580 5840 super
1620 5774 1840 5828 Alamoth
1863 5780 2033 5847 {quod

453 5836 814 5903 Hebraizantes
853 5847 964 5903 esse
1006 5843 1179 5897 putant
1219 5839 1298 5886 vel
1348 5836 1730 5888 instrumentum
1775 5836 2031 5892 musicum.

459 5899 536 5946 vel
566 5909 728 5956 genus
757 5899 1038 5945 cantilenae.

1218 453 1273 508 S.
1315 451 1592 508 JOANNIS
1631 451 2102 509 CIIRYSOSTOMI
2142 455 2462 512 AliClllEP.
2502 457 3034 516 CONSTANTINOP.

3649 468 3746 523 ‘20!

2165 570 2287 625 dem
2327 572 2390 625 ad
2427 571 2563 628 hanc
2606 574 2764 627 vitam
2802 576 3188 644 pertinentibus
3229 592 3326 632 nos
3370 579 3669 644 abducens,
3700 602 3750 638 m

2163 677 2311 732 spem
2360 673 2536 718 autem
2576 681 2859 734 supernam
2891 667 3185 722 auditorem
3213 669 3443 738 erigens.
3463 669 3540 724 Ne
3577 672 3704 727 milii
3731 716 3747 739 ,

2164 753 2353 820 inquit,
2383 754 2580 808 dixeris
2633 771 2802 823 arma,
2832 772 3045 820 muros,
3077 767 3131 812 et
3158 757 3348 825 fossas,
3378 776 3477 814 nec
3502 765 3744 831 pecunias

2161 844 2515 910 eopiam,nec
2559 847 2635 900 rei
2685 848 2932 902 militaris
2988 849 3294 916 scientiam,
3351 867 3449 906 nec
3488 868 3747 924 equorum

2162 936 2578 1002 multitudinem,
2609 953 2707 992 nec
2736 954 2912 1005 arcus,
2944 943 3161 1010 sagittas
3189 953 3244 996 et
3273 944 3486 1011 loricas,
3519 962 3621 999 non
3655 963 3748 1000 so-

2160 1023 2364 1078 ciorum
2414 1027 2590 1092 vires,
2637 1043 2742 1081 non
2796 1029 3020 1084 militum
3071 1031 3392 1101 phalanges,
3423 1050 3526 1087 non
3580 1037 3750 1090 robur

2158 1115 2419 1183 corporis,
2461 1125 2517 1170 et
2562 1117 2792 1172 hostium
2837 1120 3240 1188 experientiam.
3275 1121 3410 1177 Sunt
3447 1125 3586 1178 cnim
3633 1125 3749 1183 haec

2160 1208 2337 1259 omnia
2363 1222 2571 1262 araneae
2595 1209 2695 1262 tela
2724 1219 2776 1264 et
2803 1212 2988 1266 umbra
3022 1213 3381 1269 imbecilliora.
3406 1217 3508 1270 Sed
3544 1221 3584 1271 si
3618 1223 3747 1274 velis

2160 1295 2340 1350 videre
2368 1297 2547 1366 copias
2572 1299 3004 1369 inexpugnabiles
3026 1343 3040 1366 ,
3073 1303 3330 1373 refugium
3366 1308 3743 1374 insuperabile,

2161 1386 2464 1454 prmsidium
2497 1388 2638 1458 quod
2688 1405 2793 1444 non
2834 1390 3012 1461 diripi,
3047 1402 3246 1447 turrem
3294 1412 3411 1463 qum
3443 1397 3744 1454 labefactari

2158 1491 2265 1529 non
2316 1486 2510 1545 potest,
2553 1478 2619 1533 ad
2671 1481 2836 1534 Deum
2881 1482 3140 1552 confuge,
3178 1486 3316 1539 vires
3357 1486 3474 1540 illas
3514 1493 3742 1544 attrahe.

2156 1566 2323 1621 Recte
2354 1579 2530 1623 autem
2558 1569 2692 1624 dixit
2718 1613 2734 1637 ,
2763 1571 2899 1625 Deus
2928 1575 3177 1644 refugium
3213 1587 3435 1630 nostrum
3461 1589 3508 1632 et
3538 1582 3694 1634 uirtus
3724 1600 3744 1636 :

2157 1660 2443 1714 ostendens
2470 1677 2567 1716 nos
2591 1663 2874 1734 aliquando
2904 1664 3167 1735 fugientes
3193 1669 3424 1734 vincere,
3457 1671 3743 1741 aliquando

2156 1761 2360 1807 stantes
2386 1762 2440 1807 et
2465 1767 2777 1823 pugnantes.
2805 1755 3099 1827 Utrumque
3129 1762 3270 1814 enim
3302 1771 3514 1830 oportet
3539 1761 3738 1829 facere,

2155 1851 2210 1895 et
2249 1853 2433 1897 contra
2465 1844 2704 1910 tendere,
2729 1855 2784 1900 et
2827 1848 3118 1905 declinare.
3165 1849 3276 1903 Hoc
3315 1851 3474 1905 etiam
3519 1852 3744 1908 faciebat

2155 1932 2352 1988 Paulus
2376 1936 2405 2000 ,'
2425 1935 2710 2006 aliquando
2739 1938 2951 2008 quidem
2980 1939 3177 1995 cedens
3197 1984 3211 2005 ,
3241 1941 3527 2010 aliquando
3559 1957 3735 2000 autem

2155 2026 2418 2083 insultans
2467 2028 2530 2082 iis
2557 2031 2645 2099 qui
2691 2031 3108 2087 adversabantur
3135 2035 3297 2088 verbo
3331 2037 3594 2094 veritatis.
3624 2039 3736 2092 lloe

2154 2132 2364 2188 quoque
2386 2118 2631 2175 Christus
2661 2121 2889 2176 faciebat
2919 2133 2974 2177 ut
2995 2139 3092 2178 nos
3119 2125 3372 2180 doceret:
3399 2129 3499 2182 hoc
3529 2145 3741 2199 quoque

2154 2223 2252 2262 nos
2280 2218 2492 2279 oportet
2521 2211 2730 2276 facere,
2759 2222 2814 2267 et
2842 2224 2988 2290 recte
3017 2230 3342 2285 cognoscere
3369 2221 3739 2288 Opportunita—

2155 2309 2260 2355 tem
2314 2303 2608 2372 temporis,
2641 2315 2696 2358 et
2741 2321 2898 2362 orare
2927 2307 3138 2376 quidem
3185 2324 3252 2363 ne
3297 2310 3657 2379 ingrediamur
3687 2314 3736 2367 in

2156 2395 2523 2463 tentationcm,
2551 2397 2840 2451 secundum
2894 2398 3022 2453 illud
3063 2399 3262 2454 dictum
3317 2403 3688 2472 evangelicum
3723 2424 3736 2459 :

2152 2485 2241 2538 ubi
2272 2495 2448 2540 autem
2477 2487 2774 2554 advenerit,
2795 2505 2898 2542 non
2925 2506 3045 2545 esse
3069 2492 3212 2545 molli
3245 2503 3298 2547 et
3316 2495 3505 2562 ignavo
3532 2497 3735 2561 animo,

2152 2575 2248 2630 sed
2290 2574 2500 2632 fortiter
2528 2581 2797 2634 resistere.
2827 2582 3044 2658 Adjutor
3070 2583 3123 2637 in
3155 2584 3558 2640 tribulationibus
3582 2630 3596 2652 ,
3626 2605 3739 2657 ιίιιω

2150 2670 2440 2726 invenerunt
2488 2689 2578 2726 nos
2617 2676 2782 2728 nimis.
2809 2676 2960 2744 Quod
3006 2694 3149 2748 szepe
3190 2679 3319 2746 dixi,
3347 2696 3488 2735 nunc
3529 2695 3740 2751 quoque

2150 2763 2312 2818 dico:
2347 2781 2452 2818 non
2501 2767 2747 2834 prohibet
2795 2769 3079 2838 quominus
3125 2771 3341 2824 veniant
3386 2770 3731 2836 afflictiones,

2149 2856 2243 2909 sed
2268 2856 2354 2909 ubi
2383 2857 2716 2924 advenerim,
2741 2861 2962 2927 assistit,
2992 2877 3088 2916 nos
3119 2861 3255 2931 frugi
3296 2874 3350 2917 et
3379 2865 3576 2931 probos
3615 2863 3736 2917 efti-

2147 2945 2316 2998 ciens.
2346 2943 2475 3000 Illud
2519 2957 2695 3003 autem
2744 2948 2932 3015 Nimis,
2983 2961 3072 3005 aut
3132 2951 3308 3019 Valde,
3341 2953 3733 3024 adjungendum

2149 3045 2230 3091 est
2257 3037 2330 3091 illi
2360 3039 2498 3106 voci,
2526 3039 2760 3111 Adjutor.
2793 3043 2973 3112 Neque
3018 3045 3157 3098 enim
3199 3045 3315 3100 leve
3335 3089 3350 3113 ,
3386 3049 3478 3101 sed
3530 3048 3736 3117 insigne

2148 3124 2254 3180 fert
2285 3129 2562 3196 auxilium,
2593 3131 2708 3200 plus
2735 3134 2981 3202 praebens
3007 3135 3181 3188 solatii
3217 3151 3281 3189 ex
3312 3151 3412 3205 ope
3442 3137 3544 3190 lata
3576 3153 3734 3207 quam

2145 3217 2216 3270 sit
2269 3227 2518 3288 suseepta
2572 3223 2812 3277 moleSIia
2870 3239 2938 3278 ex
2985 3223 3384 3280 afﬂictionibus.
3427 3226 3540 3281 Non
3589 3227 3735 3282 cnim

2145 3319 2404 3378 quantum
2454 3313 2714 3366 malorum
2743 3315 2978 3369 conditio
3022 3317 3292 3386 postulat,
3326 3326 3530 3372 tantum
3582 3319 3734 3372 nobis

2145 3400 2348 3468 prtebet
2376 3404 2626 3458 auxilium
2650 3447 2665 3472 ,
2696 3405 2789 3459 scd
2821 3406 2976 3475 longe
3007 3409 3198 3476 majus.
3235 3407 3514 3478 Propterea
3544 3427 3643 3463 non
3671 3411 3735 3463 ti-

2144 3489 2384 3546 mebimus
2401 3535 2415 3559 ,
2445 3495 2651 3563 inquit,
2672 3495 2794 3548 dum
2823 3496 3105 3550 turbabitur
3127 3499 3446 3554 terra.“ch
3467 3501 3734 3570 quomoda

2144 3580 2316 3650 majus
2344 3593 2398 3638 et
2439 3575 2596 3655 longe
2632 3587 2898 3655 cepiosius
2929 3587 3032 3642 fert
3060 3589 3353 3643 auxilium?
3384 3590 3498 3645 Non
3545 3592 3720 3647 solum

2145 3679 2285 3732 enim
2318 3677 2483 3739 dixit,
2519 3677 2632 3731 Non
2663 3679 2954 3748 capientur,
2987 3694 3085 3734 nec
3116 3682 3395 3744 cademusw
3419 3682 3535 3750 sed,
3569 3683 3646 3738 Ne
3677 3683 3727 3737 id

2144 3771 2357 3841 quidem
2408 3773 2710 3841 patiemur,
2754 3774 2892 3842 quod
2943 3783 3026 3827 est
3077 3785 3282 3830 natura:
3332 3777 3642 3846 proprium,
3673 3787 3733 3832 ut

2145 3870 2442 3916 terreamur
2463 3871 2517 3917 et
2543 3862 2847 3918 timeamus.
2867 3863 3148 3919 Undenam
3181 3875 3356 3920 autem
3383 3865 3485 3922 hoc
3511 3869 3731 3922 evenit?

2144 3951 2225 4006 Ex
2256 3967 2321 4006 eo
2369 3953 2508 4022 quod
2556 3953 2626 4007 sit
2661 3953 2936 4022 c0piosum
2979 3955 3252 4008 auxilium.
3286 3956 3504 4011 Terram
3551 3969 3729 4012 autem

2144 4044 2252 4109 hic,
2285 4055 2340 4099 et
2367 4055 2597 4112 montes,
2631 4055 2683 4101 et
2708 4061 2802 4101 cor
2829 4048 3010 4114 maris,
3040 4063 3146 4102 non
3171 4049 3295 4103 dicit
3318 4051 3602 4118 elementa,
3635 4053 3730 4106 sed

2142 4152 2327 4191 eorum
2357 4140 2573 4192 nomine
2604 4139 2959 4193 intolerabilia
3015 4142 3242 4209 pericula
3300 4143 3582 4212 significat.
3618 4144 3730 4199 Etsi

2142 4229 2342 4292 omnia,
2375 4228 2578 4297 inquit,
2611 4229 2882 4284 videamus
2926 4230 3165 4297 confusa,
3197 4233 3407 4288 etiamsi
3456 4235 3734 4303 perturba-

2145 4318 2342 4372 tionem
2394 4319 2549 4388 plane
2600 4320 3026 4387 intolerabilem,
3056 4323 3153 4376 etsi
3203 4339 3265 4377 ea
3309 4325 3486 4379 omnia
3516 4326 3732 4381 evenire

2142 4424 2260 4477 quae
2306 4425 2591 4479 numquam
2638 4410 2775 4465 facta
2827 4411 3060 4478 fuerunt,
3089 4413 3300 4468 etiamsi
3330 4414 3496 4484 ipsam
3522 4457 3536 4482 ,
3565 4425 3622 4470 ut
3661 4419 3732 4470 ita

2142 4501 2346 4564 dicam,
2377 4511 2672 4555 creaturam
2716 4518 2832 4556 cum
2879 4507 3054 4573 seipsa
3096 4504 3294 4564 collidi,
3323 4505 3487 4573 ipsius
3530 4517 3733 4560 natura:

2143 4592 2397 4647 terminos
2428 4594 2628 4647 moveri
2655 4634 2669 4658 ,
2697 4594 2876 4648 omnia
2906 4610 2971 4648 ex
3000 4595 3126 4663 ipsis
3149 4597 3376 4649 convelli
3405 4595 3730 4652 fundamen-

2143 4684 2246 4747 tis,
2281 4683 2448 4752 prima
2491 4685 2759 4739 elementa
2816 4685 3101 4746 confundi,
3133 4694 3188 4740 et
3215 4687 3451 4742 omnium
3502 4687 3734 4758 denique

2142 4793 2320 4831 rerum
2373 4778 2657 4830 maximam
2712 4778 2826 4832 fieri
2883 4779 3376 4847 perturbationem,
3413 4794 3526 4833 non
3573 4781 3733 4834 modo

2143 4884 2247 4922 non
2283 4869 2580 4933 vincemur,
2605 4867 2699 4922 sed
2747 4883 2815 4923 ne
2867 4869 3171 4924 timebimus
3212 4868 3448 4938 quidem.
3482 4870 3539 4924 ln
3570 4885 3732 4925 causa

2142 4968 2318 5012 autem
2347 4966 2465 5024 est,
2498 4957 2638 5028 quod
2677 4959 2913 5013 omnium
2946 4958 3138 5014 horum
3168 4960 3423 5014 Dominus
3451 4977 3606 5029 opem
3653 4962 3733 5015 fe—

2141 5061 2242 5111 rat.
2275 5067 2489 5105 manum
2517 5051 2750 5122 porrigat
2773 5061 2828 5106 et
2853 5053 3088 5108 assistat.
3111 5051 3166 5108 Si
3195 5062 3374 5108 autem
3397 5055 3483 5108 vel
3515 5055 3594 5108 his
3620 5069 3737 5107 eve.-

2145 5144 2415 5198 nientibus
2446 5145 2666 5198 minime
2693 5143 3026 5212 cederemus,
3055 5161 3156 5200 nec
3185 5147 3376 5200 molles
3415 5156 3508 5201 aut
3552 5136 3746 5218 ignavi‘

2143 5237 2528 5294 redderemur:
2569 5239 2737 5293 multo
2757 5239 2922 5307 magis
2953 5238 2996 5292 si
3024 5253 3123 5292 nos
3151 5239 3347 5294 inimici
3384 5239 3656 5306 invadant,
3683 5249 3739 5294 et

2143 5332 2194 5386 in
2245 5345 2344 5385 nos
2382 5329 2551 5384 aciem
2601 5328 2850 5400 dirigant.
2880 5330 2933 5384 4.
2965 5330 3260 5384 Sonuerunt
3305 5343 3353 5385 et
3383 5333 3597 5386 turbata:
3620 5339 3738 5384 sunt

2142 5438 2286 5494 aqua:
2314 5437 2507 5476 eorum.
2531 5418 2823 5474 Conturbati
2847 5429 2963 5474 sunt
2993 5430 3183 5476 montes
3219 5422 3272 5474 in
3299 5421 3731 5491 fortitudineejua.

2145 5515 2318 5580 Alius,
2350 5513 2662 5567 Sonantibns
2687 5522 2732 5566 et
2758 5512 2970 5566 turbatis
2997 5513 3139 5582 aquis
3158 5553 3173 5578 ,
3199 5521 3244 5566 et
3273 5514 3530 5566 concussis
3551 5513 3736 5564 monti-

2141 5607 2232 5661 bus
2257 5606 2308 5659 in
2337 5604 2708 5676 gloriﬁcatione
2740 5604 2869 5674 ejus.
2902 5603 3188 5674 Postquam
3221 5604 3389 5669 dixit,
3419 5602 3533 5657 Non
3565 5602 3724 5655 time-

2141 5697 2338 5761 bimus,
2366 5712 2432 5752 ne
2462 5697 2505 5750 si
2543 5696 2718 5750 omnia
2749 5695 2962 5764 quidem
3007 5693 3411 5764 confringantur
3462 5707 3524 5746 ac
3575 5692 3731 5747 colli-

2141 5787 2366 5852 dantur,
2411 5787 2665 5855 deinceps
2721 5786 2936 5841 disserit
2988 5785 3053 5839 de
3107 5786 3224 5852 ejus
3276 5784 3506 5854 potentia
3540 5826 3551 5837 .
3585 5782 3727 5852 quod

2145 5881 2345 5936 scilicet
2378 5880 2481 5933 sint
2513 5879 2652 5932 vires
2695 5879 2806 5946 ejus
2841 5877 3297 5949 inexpugnabiles.
3323 5877 3385 5932 Et
3436 5876 3625 5930 merito
3657 5876 3730 5928 in-
