4084 6278
464 306 572 362 203

468 429 639 484 τοῦσι.
674 425 783 480 Καί
827 424 894 477 τὰ
946 425 1043 494 μὲν
1088 421 1198 477 τῶν
1230 420 1495 492 βασιλέων
1526 421 1732 491 νόμιμα
1774 418 1905 473 εἴσω
1932 419 2041 473 τῶν

468 515 683 571 οἰκείων
708 514 850 584 ὅρων
872 511 984 582 ἔχει
1012 511 1112 579 τὴν
1145 512 1319 582 ἰσχὺν,
1338 511 1407 565 τὰ
1438 509 1495 563 δέ
1521 512 1627 563 τῶν
1654 508 1852 563 ἀλιέων
1882 524 2052 578 προσ-

468 604 726 674 τάγματα
754 599 1026 671 πανταχοῦ
1048 601 1150 668 τῆς
1178 599 1501 669 οἰκουμένης
1531 597 1783 667 ἐξετάθη.
1823 597 1882 648 '0
1917 596 2052 649 Ῥω-

475 690 649 763 μαίων
685 687 939 758 βασιλεὺς
966 687 1066 740 οὐκ
1098 687 1165 740 ἂν
1191 685 1408 740 δύναιτο
1445 685 1754 755 νομοθετεῖν
1786 685 2047 754 Πέρσαις,

471 779 592 832 οὐδὲ
637 779 664 830 ό
694 775 922 849 Περσῶν
966 774 1259 846 Ῥωμαίοις
1283 790 1296 803 '
1342 773 1391 825 οἱ
1422 773 1480 826 δέ
1517 771 1869 825 Παλαιστινοὶ
1900 767 2047 825 οὗτοι

474 867 567 922 καὶ
599 866 861 937 Πέρσαις,
894 863 997 933 καὶ,
1034 861 1348 930 Ῥωμαίοις,
1394 861 1489 913 καί.
1540 860 1733 931 Θρᾳξὶ,
1780 859 1874 912 καὶ
1909 858 2049 911 Σκύ-

474 954 614 1017 θαις,
655 953 749 1007 καὶ
799 951 997 1014 Ἰνδοῖς,
1031 950 1126 1002 καὶ
1164 948 1434 1019 Μαύροις,
1466 949 1560 1001 καὶ
1590 948 1739 1019 πάσῃ
1764 950 1830 1018 τῇ
1866 949 2046 1000 οἰκου-

478 1043 612 1115 μένῃ
638 1041 836 1111 νόμους
869 1039 1102 1108 έθηκαν’
1145 1028 1249 1090 καί
1269 1038 1391 1107 ούχί
1418 1035 1635 1100 ζώντων
1668 1035 1849 1089 αὐτῶν
1880 1035 2046 1108 ἐκράο

474 1148 643 1196 τησαν
665 1128 844 1198 μόνον,
868 1126 1003 1180 ἀλλά
1033 1125 1129 1178 καὶ
1156 1123 1600 1194 τελευτησάντων
1630 1135 1656 1164 ι
1678 1139 1693 1153 ’
1728 1122 1821 1176 ιιιαί⁴
1851 1123 2048 1194 μυριά-

474 1235 561 1281 κις
596 1217 661 1270 ἂν
686 1216 892 1269 ἐλοιντο
915 1215 966 1266 οἰ
1002 1211 1457 1283 νομοθετηθέντες
1484 1211 1585 1281 τὴν
1607 1209 1784 1281 ψυχὴν
1807 1211 2045 1279 ἀφεῖναι,

474 1308 508 1380 ἢ
542 1305 650 1359 τῶν
670 1304 848 1375 νόμων
871 1300 1176 1370 ἀποστῆναι
1205 1298 1449 1353 ἐκείνων.
1477 1298 1919 1369 Μνησθήσομαι
1942 1298 2048 1353 τοῦ

475 1393 765 1461 ὀνόματός
784 1404 900 1444 σου
922 1389 993 1442 ἐν
1010 1386 1178 1455 πάσῃ
1196 1384 1374 1457 γενεᾷ
1389 1385 1486 1438 καί
1508 1383 1706 1454 γενεᾷ.
1738 1385 1843 1439 Διά
1873 1385 2049 1439 τοῦτο

473 1480 608 1534 ,ιαοί
648 1474 1199 1546 ἑξομολοτήσονταί
1228 1487 1327 1527 σοι
1357 1475 1445 1538 εἰς
1473 1473 1582 1527 τόν
1609 1471 1796 1527 αἰῶνα
1825 1472 1924 1526 καί
1962 1475 2051 1540 εἰς

475 1566 585 1621 τόν
611 1565 799 1618 αἰῶνα
825 1564 932 1617 τοῦ
953 1561 1186 1627 αἰῶνος.
1215 1559 1440 1630 ’Έτερός
1467 1576 1656 1630 φησιν,
1692 1557 2050 1628 Ἀναμνήσω

475 1654 545 1708 τὸ
583 1650 770 1720 ὄνομά
807 1665 923 1705 σου
972 1650 1098 1703 καθ’
1137 1647 1407 1716 ἑκάστην
1453 1648 1689 1717 γενεάν.
1731 1647 1836 1700 Διά
1872 1647 2050 1702 τοῦτο

475 1740 614 1794 λαοί
643 1736 991 1807 ὑμνήσουσι
1020 1751 1095 1789 σε
1114 1733 1425 1803 διηνεκῶς.
1455 1734 1672 1798 Ἀλλος,
1710 1734 1835 1787 Ἐ’πί
1865 1735 2051 1801 τούτῳ

477 1829 615 1883 ,ιαοί
651 1823 1201 1894 ἐξομολογήσονταί
1244 1838 1363 1878 σοι.
1410 1819 1548 1875 Εἷπε
1579 1822 1641 1875 τὺ
1694 1821 1925 1893 μέγεθος
1947 1823 2052 1891 τῆς

477 1916 650 1987 ἀρχῆς
673 1914 780 1969 ἀπὸ
806 1913 898 1967 τοῦ
933 1914 1140 1985 μήκους
1170 1912 1269 1988 τῆς
1289 1911 1413 1982 γῆς,
1441 1910 1550 1965 ἀπὸ
1573 1909 1668 1963 τοῦ
1692 1908 1932 1972 πλάτους
1951 1910 2050 1981 τῆς

473 2001 817 2073 οἰκουμένης,
850 2000 959 2053 άπὸ
989 1998 1085 2052 τοῦ
1124 1998 1365 2068 πλήθους
1405 1995 1514 2051 τῶν
1559 1995 1709 2068 [ιεο]
1746 1995 1917 2050 ἐθνῶν
1940 1996 2049 2051 τῶν

474 2090 871 2156 ὑποταγέντων.
909 2087 1072 2156 Λέγει
1096 2087 1191 2140 καὶ
1219 2083 1489 2155 ἑτέρωθεν
1525 2084 1698 2154 αὐτῆς
1719 2083 1782 2136 τὸ
1807 2083 2046 2154 ἀξίωμα,

471 2176 555 2230 ὃτι
580 2178 641 2229 οὐ
672 2174 949 2245 πανταχοῦ
986 2174 1086 2245 τῆς
1110 2173 1439 2243 οἰκουμένης
1468 2170 1832 2242 ἐκταθήσεται
1865 2172 2046 2243 μόνον,

471 2264 607 2319 ἀλλά
628 2266 722 2319 καί.
751 2261 1026 2334 πανταχοῦ
1050 2262 1143 2315 τοῦ
1169 2261 1385 2324 αἰῶνος.
1420 2260 1714 2322 Ἀθάνατος
1739 2260 1847 2331 γὰρ
1871 2258 2047 2325 ἐσται,

476 2354 708 2424 φησὶν,ή
734 2354 922 2424 μνήμη
948 2368 1061 2414 σου,
1086 2351 1435 2422 ἀνάγραπτος
1469 2351 1526 2403 ἐν
1555 2350 1676 2411 ταῖς
1701 2347 1904 2418 βίϐλοις
1929 2349 2050 2412 ταῖς

476 2443 786 2512 ἡμετέραις,
818 2441 1169 2510 ἀνάγραπτος
1199 2440 1257 2492 ἐν
1286 2441 1406 2502 ταῖς
1449 2438 1771 2503 πολιτείαις,
1806 2436 2050 2508 ἀνάγρα-

475 2545 606 2592 πτος
632 2532 690 2582 ἐν
716 2530 828 2591 τοῖς
854 2526 1293 2598 προστάγμασιν.
1315 2526 1455 2598 Ὅρα
1476 2525 1592 2588 πῶς
1610 2525 1827 2595 καὶτῆς
1842 2524 2052 2588 οἰκείας

474 2614 810 2688 προφητείας
829 2614 892 2667 τὸ
906 2614 1125 2685 διαρκὲς
1151 2612 1505 2683 προφητεύει.
1525 2610 1709 2666 Εἰπὼν
1730 2610 1861 2682 γὰρ,
1885 2614 2049 2679 Μνη-

473 2703 778 2771 σθήσομαι
805 2702 911 2755 τοῦ
940 2702 1230 2770 ὀνόματός
1258 2715 1376 2754 σου
1408 2701 1478 2753 ἐν
1514 2699 1682 2769 πάσῃ
1721 2697 1898 2768 γενεᾷ
1947 2699 2049 2753 καί

474 2789 670 2859 γενεᾷ,
707 2788 865 2842 τοῦτο
896 2787 1152 2858 ἐδήλωσε.
1182 2786 1300 2841 Κᾶν
1344 2785 1457 2855 ἐγὼ
1495 2786 1828 2857 τελευτήσω,
1862 2786 2049 2856 φησὶν,

475 2879 592 2932 ἀλλ’
633 2879 834 2949 ᾄσομαι
866 2879 947 2940 εἰς
985 2877 1045 2929 σὲ
1078 2877 1173 2929 καὶ
1201 2875 1489 2931 τελευτῶν.
1522 2875 1595 2928 Τὸ
1625 2877 1723 2946 μέν
1752 2874 1862 2945 γὰρ
1892 2874 2052 2944 σῶμα

434 3038 437 3045 _
475 2965 858 3036 διαλυθήσεται
879 2983 894 2997 ο
929 2965 997 3018 τὰ
1026 2965 1084 3018 δέ
1129 2966 1435 3036 γράμματα
1470 2964 1641 3034 μένει,
1694 2965 1789 3017 καὶ
1834 2965 1863 3016 ὁ
1890 2965 2053 3035 νόμος

475 3054 726 3125 διαρκής.
766 3054 870 3106 Διὰ
916 3052 1091 3106 τοῦτο
1132 3051 1271 3105 λαοὶ
1325 3050 1878 3120 ἐξομολογήσονταί
1929 3067 2049 3105 σοι.

478 3143 639 3196 Ὅθεν
681 3138 907 3210 ἤρξατο,
937 3139 1172 3193 ἐνταῦθα
1204 3138 1521 3205 κατέλυσεν,
1558 3141 1643 3202 εἰς
1661 3137 1752 3191 τὸν
1791 3139 2048 3207 Χριστόν.

478 3231 579 3285 Διὰ
608 3231 805 3284 τοῦτο.
840 3230 1033 3294 Ποῖον;
1072 3230 1195 3283 ὐτι
1244 3227 1481 3282 τοσαῦτα
1525 3227 1915 3299 κατώρθωσας,
1969 3228 2051 3280 ὅτι

479 3319 750 3380 τοιούτους
786 3317 1053 3387 ἄρχοντας
1101 3315 1432 3384 ἐπέστησας,
1464 3316 1546 3368 ὅτι
1590 3315 1787 3368 κακίαν
1823 3314 2050 3385 ήλασας,

483 3405 564 3457 ὅτι
608 3404 808 3476 ἀρετὴν
853 3402 1177 3471 ἐφύτευσας,
1209 3403 1290 3455 ὅτι
1329 3403 1428 3474 τὴν
1464 3402 1627 3472 φύσιν
1670 3402 1902 3473 ήρμόσω
1953 3399 2051 3471 τὴν

484 3491 773 3563 ἡμετέραν,
816 3492 898 3545 ὅτι
929 3490 997 3544 τὰ
1032 3491 1318 3561 ἀπόρρητα
1350 3489 1522 3543 ταῦτα
1560 3489 1804 3561 εἰργάσω
1833 3487 2017 3557 ἀγαθά
2036 3504 2049 3517 ·

481 3582 631 3636 πᾶσά
655 3598 735 3635 σοι
756 3584 791 3654 ἡ
818 3582 1110 3652 οἰκουμένη
1144 3579 1310 3650 ὕμνον
1339 3581 1547 3633 ἀνοίσει
1574 3580 1626 3644 ι),
1654 3580 1755 3633 οὐκ
1773 3581 1831 3631 ἐν
1860 3580 2056 3651 βραχεῖ

478 3669 676 3741 χρόνῳ,
712 3671 831 3723 οὐδὲ
862 3671 921 3723 ἐν
953 3669 1105 3733 δέκα,
1141 3668 1236 3721 καί
1265 3670 1457 3731 εῐκοσι,
1503 3668 1596 3722 καὶ
1629 3667 1824 3721 ἐκατδν
1853 3658 2052 3733 ἐτεσιν,

477 3757 607 3809 οὐδὲ
636 3758 696 3809 ἐν
723 3756 877 3827 μέρει
901 3756 997 3826 τῆς
1029 3756 1375 3826 οἰκουμένης,
1404 3755 1542 3809 ἀλλά
1562 3756 1632 3826 γῆ
1666 3755 1760 3807 καὶ
1791 3754 2052 3818 θάλαττα,

478 3844 772 3915 οἰκουμένη
813 3860 872 3896 τε
913 3846 1007 3898 καὶ
1049 3845 1302 3913 ἀοίκητος
1335 3843 1422 3896 διά
1470 3843 1669 3906 παντὸς
1711 3841 1805 3895 τοῦ
1858 3841 2054 3905 αἰῶνος

478 3932 725 4006 ᾇσονται,
778 3932 934 4003 χάριν
973 3931 1360 4002 ὁμολογοῦντες
1391 3932 1484 3983 ἐπὶ
1528 3933 1642 3993 τοῖς
1681 3931 1907 3999 ἀγαθοῖς
1940 3932 2054 3993 τοῖς

478 4021 885 4094 γεγενημένοις.
928 4021 1102 4091 ’Υπὲρ
1128 4022 1192 4091 δὴ
1236 4020 1441 4073 τούτων
1477 4019 1732 4073 ἁπάντων
1763 4020 1858 4072 καὶ
1891 4020 2052 4089 ἡμεῖς
2088 4042 2093 4045 -

479 4111 966 4181 εύχαριστήσωμεν
993 4107 1071 4178 τῷ
1097 4107 1464 4179 φιλανθρώπῳ
1492 4104 1737 4177 Χριστῷ,
1764 4104 1832 4158 δι’
1871 4100 1931 4158 οὗ
1959 4104 2054 4157 καὶ

481 4198 602 4271 μεθ’
625 4189 687 4251 οὗ
707 4197 787 4268 τῷ
807 4197 985 4267 Πατρί
1006 4197 1041 4266 ἡ
1069 4195 1217 4260 δόξα,
1243 4195 1359 4264 ἅμα
1383 4192 1460 4263 τῷ
1477 4194 1616 4263 ἁγίῳ
1633 4190 1931 4262 Πνεύματι,
1958 4190 2054 4244 νῦν

477 4287 571 4341 καὶ
591 4285 698 4351 ἀεὶ,
734 4285 830 4339 καὶ
859 4287 941 4346 εἰς
983 4283 1109 4346 τοὺς
1138 4281 1339 4344 αἰῶνας
1370 4280 1478 4334 τῶν
1511 4278 1741 4333 αἰώνων.
1785 4278 1980 4350 Ἀμήν.

866 4402 976 4455 ΕΙΣ
1012 4402 1056 4454 Τ
1060 4402 1151 4454 ΟΝ
1187 4398 1301 4455 ME’
1335 4399 1653 4453 ΨΑΛΜΟΝ.

476 4514 584 4578 Εἰς
610 4512 675 4566 τὸ
708 4511 885 4576 τέλος
911 4509 1063 4576 ὑπὲρ
1090 4508 1209 4561 τῶν
1234 4506 1383 4578 vid»:
1399 4506 1570 4578 Χορὲ,
1596 4503 1749 4578 ὑπὲρ
1775 4503 1894 4578 τῶν
1916 4522 2054 4578 2gp!)-

548 4573 718 4636 (λείων.
757 4573 970 4643 Ἀλλος,
1005 4573 1089 4644 Τῷ
1108 4575 1391 4642 νικοποιῷ
1410 4573 1529 4630 τῶν
1560 4574 1706 4629 υἱῶν
1722 4573 1892 4643 Κορέ.
1927 4575 2054 4628 Ἀλ-

546 4636 660 4715 λος,
694 4663 717 4688 α
755 4650 936 4715 ’Υπὲρ
965 4646 1267 4715 νεοτήτων
1293 4642 1479 4715 ᾆσμα.

550 4665 660 4717 λος,
694 4665 717 4688 "-
757 4665 936 4717 ἰπερ
965 4665 1267 4715 νεοτητων
1293 4665 1479 4715 ᾳσμα.

550 4668 660 4717 λος,
694 4667 717 4688 α
758 4667 936 4719 *ιπερ
965 4667 1267 4715 νεοτητων
1293 4667 1479 4715 ᾳσμα.

485 4737 554 4790 '0
587 4734 731 4801 Θεὸς
759 4729 1272 4805 ήμῶνικαταφογὴ
1300 4728 1400 4805 καί
1429 4728 1704 4805 δύναμις,
1728 4726 1957 4805 βοηθός
1982 4725 2054 4779 ἐν

549 4796 819 4876 θλίψεσᾷ
854 4801 983 4867 ταῖς
1011 4796 1331 4876 εὑρούσαις
1356 4796 1512 4876 ἡμᾶς
1541 4796 1796 4876 σφόδρα.
1833 4796 2047 4876 ᾋλλος,

559 4866 982 4942 ἘνὌλίψεσιν
1002 4866 1454 4942 εὑρισκόμενος.
1485 4866 1589 4942 4ιά
1626 4866 1907 4942 τοῦτο-οὐ
1941 4884 2050 4942 φοτ

545 4934 928 5013 ϐηθησόιὶεθα
952 4941 1022 5014 ἐν
1046 4934 1137 5014 ἑῷᾼ
1169 4934 1579 5014 ταράσσεσθαι
1603 4935 1727 5014 Δτὴν
1760 4934 1898 5014 γῆν,
1946 4934 2051 4990 καί

542 5007 959 5086 μετατίθεσθαι
983 5011 1089 5081 ὄρη
1114 5011 1185 5065 ἐν
1212 5007 1480 5077 καρδίαις
1508 5007 1858 5060 θαλασσῶν.

545 5145 577 5181 α
601 5168 614 5182 .
637 5127 717 5199 Τῇ
743 5124 964 5197 συνήθει
981 5122 1245 5194 κέχρηται
1271 5118 1603 5190 φιλοσοφίαό
1624 5119 1927 5188 προφήτης,
1942 5117 2049 5170 τῶν

481 5215 583 5286 μὲν
607 5212 876 5285 βιωτικῶν
905 5211 1135 5279 ἀπάγων
1163 5209 1524 5280 πραγμάτων,
1556 5207 1635 5269 εἰς
1659 5205 1717 5258 δέ
1736 5205 1836 5275 τὴν
1860 5204 2050 5258 ἐλπίδα

473 5303 578 5374 τὴν
604 5301 810 5357 ἀνωθεν
841 5299 1060 5368 ἀνάγων
1086 5298 1177 5350 τὸν
1203 5296 1497 5367 ἀκροατήν.
1528 5294 1620 5366 Μὴ
1650 5293 1760 5366 γάρ
1793 5310 1882 5364 μοι
1909 5293 2047 5346 ὅπλα

474 5392 575 5446 καὶ
601 5391 758 5463 τείχη
780 5390 876 5444 καὶ
900 5387 1142 5459 τάφρους
1174 5386 1354 5456 είπης,
1384 5385 1537 5455 φησὶ,
1568 5382 1703 5455 μηδέ
1734 5383 2049 5451 περιουσίαν

537 5522 565 5591 .‘
591 5521 745 5591 Alius:
767 5517 1148 5591 τελευτησένεφν
1168 5516 1427 5591 πεπήγασι·

533 5583 565 5623 ι
591 5583 764 5632 Morel.
789 5583 968 5631 ἀνύσει.
991 5580 1187 5640 Reliqui
1213 5579 1412 5626 ἀνοίσει.

540 5647 563 5675 θ
603 5644 741 5694 Unus
770 5644 849 5695 ἐπὶ
883 5635 1208 5698 νεανιοτὴτὶον.
1235 5640 1412 5700 Aquila
1450 5635 1599 5687 habet
1621 5637 1738 5702 ὑπὲρ
1759 5636 1853 5686 τῶν
1871 5651 2050 5683 νεανισ-

473 5707 648 5764 τὴτων.

1562 297 1933 356 EXPOSITIO
1973 296 2041 352 IN
2082 290 2416 362 PS'ALMUM
2460 308 2617 365 XLV.

3618 324 3723 381 204

2160 424 2480 515 χρημάτων,
2522 432 2616 482 καὶ
2666 432 2973 504 πολεμικῶν
3019 436 3331 511 ἐμπειρίαν,
3382 442 3475 496 καί
3521 443 3726 515 πλῆθος

2151 509 2356 601 ἵππων,
2378 516 2513 587 μηδέ
2536 518 2684 586 τόξα,
2710 523 2804 574 καί
2825 522 2976 595 βέλη,
2998 526 3093 578 καὶ
3118 509 3395 598 θώρακας,
3423 530 3556 600 μηδὲ
3582 509 3724 601 συμ-

2152 600 2343 670 μάχων
2370 603 2573 676 πλήθη,
2601 609 2696 660 καί⁵
2728 611 3077 680 στρατιωτῶν
3104 612 3409 683 φάλαγγας,
3446 617 3581 687 μηδὲ
3618 600 3726 670 σῶ-

2151 705 2321 757 ματος
2374 694 2544 762 ἰσχὺν,
2591 698 2687 749 καὶ
2737 699 3014 768 πολεμίων
3056 704 3271 774 πεῖραν.
3324 704 3508 758 Πάντα
3555 707 3728 762 ταῦτα

2145 775 2388 864 ἀράχνης
2415 781 2509 833 καὶ
2543 786 2700 847 σκιᾶς
2732 785 3119 859 ἁδρανέστερα.
3169 789 3306 842 Ἀλλ’
3335 792 3382 842 εἰ
3425 791 3604 859 βούλει
3628 794 3726 864 τὴν

2149 861 2361 934 ἄμαχον
2384 866 2509 920 ἰδεῖν
2534 869 2782 941 δύναμιν,
2807 872 2906 943 τὴν
2934 876 3255 948 καταφυγὴν
3280 877 3379 948 τὴν
3399 861 3721 948 ἀχείρωτον.

2145 950 2207 1003 τὸ
2241 953 2498 1025 φρούριον
2518 958 2578 1009 τὸ
2606 959 2823 1022 ἄσυλον,
2855 961 2947 1014 τὸν
2971 962 3179 1032 πύργον
3207 965 3300 1017 τὸν
3331 966 3598 1027 ἄσειστον,
3626 968 3727 1020 ἐπὶ

2148 1035 2302 1112 [185]
2322 1040 2413 1093 τὸν
2437 1042 2570 1096 Θεὸν
2593 1045 2926 1115 κατάφευγε,
2952 1050 3166 1120 ἐκείνην
3189 1052 3406 1105 ἐπισπῶ
3425 1052 3522 1123 τὴν
3550 1054 3725 1123 ἰσχύν.

2110 1210 2113 1211 ν
2145 1127 2256 1179 Καὶ
2285 1128 2465 1191 καλῶς
2488 1126 2642 1186 εἶπεν
2660 1166 2674 1191 ,
2700 1132 2761 1186 ’0
2793 1134 2937 1201 Θεὸς
2967 1136 3139 1205 ἡμῶν
3162 1139 3479 1209 καταφυγὴ
3503 1142 3596 1193 καὶ
3623 1141 3724 1194 δύο

2144 1226 2357 1278 ναμις·
2412 1211 2625 1277 δεικνὺς
2670 1216 2751 1268 ὅτι
2792 1218 2924 1270 ποτὲ
2961 1220 3061 1290 μέν
3101 1225 3395 1291 φεὺγοντες
3451 1223 3722 1294 νικῶμεν,

2146 1296 2278 1348 ποτέ
2311 1295 2368 1349 δέ
2409 1298 2691 1370 ἱστάμενοι
2723 1304 2817 1356 καὶ
2847 1305 3235 1376 πολεμοῦντες.
3270 1310 3381 1363 Καὶ
3407 1310 3516 1381 γὰρ
3547 1311 3725 1379 ἀμφό-

2144 1399 2277 1454 τερα
2302 1383 2477 1439 ταῦτα
2504 1386 2585 1440 δεί
2623 1392 2817 1455 ποιεῖν,
2846 1393 2940 1445 καὶ
2968 1393 3134 1463 ὁμόσε
3160 1399 3378 1467 χωρεῖν,
3415 1397 3510 1450 καὶ
3547 1396 3727 1451 ἐκκλί-

2146 1490 2279 1557 νειν.
2308 1474 2481 1557 τοῦτο
2515 1477 2611 1531 καί.
2638 1479 2848 1544 Παῦλος
2873 1482 3069 1546 ἐποίει,
3098 1485 3230 1538 ποτὲ
3268 1485 3367 1556 μὲν
3402 1486 3723 1557 ὑποχωρῶν,

2148 1556 2278 1609 ποτέ
2299 1556 2355 1608 δὲ
2385 1559 2731 1629 ἐπεμϐαίνων
2763 1566 2877 1627 τοῖς
2905 1566 3334 1637 ἐναντιουμένοις
3359 1567 3437 1638 τῷ
3464 1556 3608 1639 λόγῲ
3626 1567 3726 1639 τῆς

2146 1643 2426 1714 ἀληθείας.
2451 1647 2621 1702 Τοῦτο
2642 1651 2735 1702 καὶ
2750 1652 2779 1704 ό
2803 1652 3037 1722 Χριστὸς
3059 1655 3231 1707 ἐποίει
3249 1655 3515 1709 διδάσκων
3545 1657 3691 1726 ἡμᾶς
3709 1671 3722 1685 ⁸

2110 1780 2113 1785 γ
2145 1726 2305 1780 τοῦτο
2325 1729 2418 1782 καὶ
2436 1732 2582 1801 ἡμᾶς
2611 1733 2693 1785 δεῖ
2717 1737 2910 1797 ποιεῖν,
2939 1738 3034 1789 καὶ
3062 1737 3256 1790 εἰδέναι
3284 1739 3422 1808 μετά
3444 1737 3728 1809 ἀκριϐείας

2146 1820 2354 1891 καιρῶν
2379 1823 2814 1895 ἐπιτηδειότητα,
2836 1828 2930 1879 καὶ
2950 1826 3205 1897 εὔχεσθαι
3238 1827 3341 1897 μέν
3366 1827 3440 1898 μὴ
3467 1827 3729 1882 εἰσελθεῖν

2146 1907 2227 1969 εἰς
2259 1908 2563 1979 πειρασμὸν
2584 1910 2724 1964 κατὰ
2752 1912 2813 1965 τὸ
2840 1911 3020 1980 λόγιον
3055 1915 3231 1966 ἐκεῖνο
3250 1913 3312 1966 τὸ
3342 1913 3725 1982 εύαγγεὶικόν·

2148 1996 2594 2065 παραγενομένου
2634 1998 2711 2065 δέ,
2762 2000 2837 2070 μὴ
2881 1999 3300 2070 μαλακίζεσθαι,
3347 2001 3460 2055 ἀλλ’
3508 2001 3728 2056 ἑστάναι

2145 2083 2430 2149 γενναίως.
2448 2087 2678 2153 Βοηθὸς
2698 2087 2769 2141 ἐν
2790 2089 3039 2158 θλίψεσι
3066 2090 3198 2157 ταῖς
3219 2092 3548 2158 εὑρούσαις
3572 2089 3732 2159 ἡμᾶς

2146 2171 2400 2239 σφόδρα.
2443 2175 2509 2226 Ὃ
2540 2175 2800 2240 πολλάκις
2828 2173 3003 2242 εἷπον,
3048 2180 3143 2233 καὶ
3185 2178 3282 2232 νῦν
3318 2179 3481 2247 λέγω.
3517 2180 3592 2232 Ού
3624 2196 3731 2232 κω-

2146 2257 2262 2311 λύει
2286 2258 2384 2322 τάς
2416 2260 2624 2331 θλίψεις
2647 2263 2915 2327 ἐπελθεῖν,
2945 2265 3081 2318 ἀλλὰ
3103 2266 3562 2337 παραγενομένων
3587 2282 3728 2336 παρ-

2151 2343 2385 2410 ίσταται,
2413 2348 2718 2418 χρησίμους
2744 2351 2891 2420 ἡμᾶς
2933 2349 3300 2422 ἐργαζόμενος
3336 2353 3429 2406 καὶ
3452 2352 3726 2422 δοκίμους.

2149 2432 2222 2485 Τὸ
2266 2433 2325 2485 δέ
2358 2436 2600 2503 Σφόδρα
2626 2436 2704 2507 τῷ
2734 2439 2966 2505 Βοηθὸς
2995 2440 3425 2510 προσνεμητέον.
3470 2439 3576 2493 Καὶ
3621 2439 3730 2510 γὰρ

2146 2519 2244 2590 ούχ
2295 2521 2369 2584 ὡς
2410 2521 2566 2591 ἔτυχε
2607 2523 2824 2594 βοηθεῖ,
2878 2524 3016 2577 άλλά
3073 2525 3212 2596 μετά
3254 2526 3356 2596 τῆς
3402 2525 3726 2598 ὑπερϐολῆς,

2149 2606 2369 2661 πλείονα
2398 2608 2653 2679 παρέχων
2682 2611 2781 2680 τὴν
2816 2611 2924 2663 ἀπὸ
2956 2612 3057 2682 τῆς
3093 2614 3411 2684 συμμαχίας
3440 2613 3730 2686 παράκλη-

2151 2710 2235 2746 σιν
2268 2695 2366 2764 τῆς
2400 2695 2507 2747 ἀπὺ
2530 2695 2639 2747 τῶν
2662 2695 2890 2765 θλίψεων
2923 2698 3135 2770 ὀδύνης.
3168 2700 3244 2752 Οὐ
3277 2702 3386 2770 γὰρ
3411 2701 3532 2754 ὅσον
3562 2702 3726 2753 άπαι-

2147 2785 2231 2834 τεῖ
2253 2781 2360 2834 τῶν
2387 2781 2576 2834 δεινῶν
2615 2784 2647 2853 ή
2680 2783 2861 2853 φύσις,
2897 2787 3164 2858 τοσαύτην
3197 2789 3327 2858 ἡμῖν
3365 2789 3592 2859 παρέχει
3630 2787 3728 2858 τὴν

2149 2868 2485 2940 συμμαχίαν,
2502 2869 2637 2922 ἀλλά
2658 2871 2836 2941 πολλῷ
2862 2872 3102 2926 πλείονα.
3129 2875 3228 2929 Διά
3253 2874 3427 2928 τοῦτο
3444 2877 3514 2927 οὐ
3543 2876 3729 2942 φοϐη-

2149 2958 2470 3026 θησόμεθα,
2509 2959 2694 3029 φησὶν,
2738 2961 2809 3012 ἑν
2847 2959 2930 3026 τῷ
2969 2961 3378 3031 ταράσσεσθαι
3425 2961 3540 3028 τὴν
3587 2960 3726 3031 γῆν.

2163 3043 2324 3116 Ὁρᾷς
2351 3044 2466 3108 πῶς
2485 3044 2706 3098 πλείονα
2723 3047 2950 3118 παρέχει
2966 3050 3065 3119 τὴν
3084 3048 3356 3119 βοήθειαν,
3385 3050 3478 3102 καὶ
3505 3051 3568 3102 ἐκ
3590 3048 3731 3100 πολ-

2149 3130 2247 3202 λῆς
2278 3133 2375 3202 τῆς
2398 3132 2746 3203 περιουσίας;
2772 3135 2845 3186 Οὐ
2875 3134 2984 3204 γὰρ
3006 3131 3179 3200 εἶπεν,
3196 3140 3270 3194 Οὐ
3289 3134 3448 3207 μόνον
3476 3134 3573 3205 οὐχ
3593 3134 3730 3189 ἀλω-

2153 3218 2356 3287 σὸμεθα
2377 3218 2427 3281 ἀ,
2462 3219 2589 3271 οὐδὲ
2613 3220 2947 3291 πεσούμεθα,
2976 3221 3089 3274 ἀλλ’
3114 3224 3290 3280 Οὐδὲὸ
3308 3222 3482 3275 κοινὸν
3504 3223 3604 3290 τῆς
3630 3221 3732 3290 φύ-

2153 3306 2288 3369 σεώς
2315 3308 2429 3357 ἐστι
2454 3306 2783 3376 πεισόμεθα,
2809 3307 2869 3360 τὺ
2899 3308 3199 3379 φοϐηθῆναι
3223 3307 3318 3363 καὶ
3335 3309 3526 3362 δεῖσαι.
3559 3308 3731 3362 Πόθεν

2150 3392 2205 3444 δὲ
2236 3390 2392 3444 τοῦτο
2417 3393 2651 3460 γίνεται;
2695 3394 2787 3446 Ἐκ
2816 3393 2908 3446 τοῦ
2935 3395 3035 3466 τὴν
3058 3395 3374 3465 συμμαχίαν
3407 3397 3469 3448 ἐκ
3500 3413 3566 3448 πε
3583 3412 3729 3465 ριου-

2153 3478 2271 3541 σίας
2301 3479 2534 3532 ἐπιέναι.
2570 3481 2679 3551 Γῆν
2707 3479 2763 3533 δέ
2788 3480 3042 3549 ἐνταῦθα,
3084 3483 3178 3534 καὶ
3212 3483 3334 3554 ὅρη,
3377 3481 3730 3554 καὶηκαρδίαν

2151 3566 2453 3631 θαλασσῶν,
2502 3569 2564 3621 οὐ
2606 3569 2676 3621 τὰ
2726 3570 2967 3640 στοιχεῖά
2989 3586 3175 3641 φησιν,
3212 3569 3349 3624 ἀλλά
3388 3569 3464 3640 τῷ
3509 3570 3730 3640 ὀνόματι

2150 3656 2355 3710 τούτων
2400 3657 2529 3721 τοὺς
2566 3657 2876 3728 ἀφορήτους
2917 3658 3197 3722 κινδύνους
3245 3658 3562 3713 αἰνίττεται.
3608 3658 3726 3712 Κᾶν

2157 3745 2336 3797 πάντα
2362 3743 2560 3814 ἴδωμεν
2591 3744 2993 3814 συγκεχυμένα,
3020 3746 3173 3817 φησὶ,
3201 3745 3304 3800 κᾶν
3331 3745 3580 3817 ταραχὴν
3600 3745 3728 3814 ἀφό-

2157 3848 2339 3902 ρητον,
2368 3830 2473 3884 κᾶν
2509 3831 2682 3884 ταῦτα
2716 3833 3101 3902 συμϐαίνοντα,
3137 3834 3174 3888 ἃ.
3202 3833 3476 3905 μηδέποτε
3518 3834 3728 3902 γέγονε,

2153 3918 2257 3972 κᾶν
2276 3918 2467 3987 αὐτὴν,
2488 3918 2564 3981 ὼς
2586 3918 2654 3973 ἂν
2674 3918 2817 3973 εἴποι
2840 3920 3058 3992 τις,τὴν
3078 3920 3254 3973 κτίσιν
3278 3923 3731 3992 συρρηγνυμένην

2154 4007 2344 4077 ἐαυτῇ,
2377 4008 2469 4058 καὶ
2499 4008 2624 4070 τοὺς
2650 4007 2748 4078 τῆς
2784 4007 2999 4076 φύσεως
3039 4008 3393 4079 κινουμένους
3421 4010 3603 4078 ὅρους,
3634 4010 3730 4061 καὶ

2154 4091 2334 4146 πάντα
2355 4093 2421 4145 ἐκ
2452 4092 2668 4163 βάθρων
2702 4093 3092 4164 ἀνασπώμενα,
3124 4096 3219 4148 καὶ
3246 4094 3327 4148 τά·
3346 4095 3539 4163 πρῶτα
3580 4112 3717 4148 στοι-

2153 4182 2276 4250 χεῖα
2311 4180 2672 4250 συγχεόμενα,
2706 4181 2801 4234 καὶ
2831 4180 3099 4252 τοσαύτην
3126 4179 3414 4253 γινομένην
3438 4181 3536 4252 τὴν
3559 4198 3729 4252 ταρα-

2152 4269 2275 4341 χὴν,
2303 4270 2363 4323 οὐ
2396 4270 2556 4340 μόνον
2581 4269 2679 4340 οὐχ
2704 4268 3046 4339 άλωσόμεθα,
3075 4269 3188 4323 ἀλλ’
3215 4269 3336 4323 οὐδὲ
3360 4269 3626 4340 δείσομεν.
3654 4269 3728 4323 Τὸ

2152 4358 2211 4411 δὲ
2242 4358 2433 4424 αίτιον,
2458 4359 2540 4411 ὅτι
2567 4360 2598 4412 ό
2627 4357 2845 4412 πάντων
2866 4357 3071 4411 τούτων
3093 4358 3369 4428 Δεσπότης
3394 4358 3596 4430 βοηθεῖ,
3626 4358 3720 4412 καί.

2154 4449 2315 4518 χεῖρα
2350 4446 2555 4518 ὀρέγει,
2584 4448 2680 4501 καὶ
2721 4447 3079 4516 παρίσταται.
3111 4445 3175 4500 El
3200 4445 3255 4499 δέ
3282 4446 3486 4501 τούτων
3512 4447 3733 4518 γινομέ-

2153 4551 2262 4587 νων
2307 4535 2407 4587 ούκ
2446 4534 2513 4588 ἂν
2567 4534 2870 4605 ἐνδοίημεν,
2919 4535 3038 4588 ούδέ
3086 4535 3727 4606 καταμαλακισθείημενο

2155 4620 2335 4692 πολλῷ
2371 4622 2570 4692 μᾶλλον
2598 4623 2861 4677 ἐπιόντων
2892 4622 3002 4676 τῶν
3045 4622 3275 4694 ἐχθρῶν,
3306 4626 3399 4678 καὶ
3425 4623 3531 4677 τῶν
3567 4623 3726 4676 πολει-

2157 4709 2296 4780 μίων
2326 4712 2838 4782 παραταττομένων.
2876 4711 3150 4779 Ἥχησαν
3176 4711 3273 4765 καὶ
3310 4710 3731 4782 ἐταράχθησαν

2160 4797 2233 4850 τὰ
2246 4797 2437 4852 ὕδατα
2458 4798 2676 4852 αὐτῶν.
2708 4797 3162 4868 Ἐταράχθησαν
3189 4799 3259 4853 τὰ
3282 4797 3390 4867 ὅρη
3411 4798 3567 4867 ἐντῇ
3589 4813 3729 4866 κρα-

2154 4885 2416 4953 ταιότητι
2463 4886 2670 4940 αὑτοῦ.
2706 4886 2896 4950 Ἀλλος
2938 4898 2960 4925 ο
3000 4887 3200 4956 φησίν’
3252 4886 3584 4954 Ἠχούντων
3625 4885 3725 4939 καί

2152 4972 2533 5041 θολουμένων
2560 4973 2679 5026 τῶν
2706 4973 2954 5037 ὑδάτων,
2977 4968 3074 5027 καὶ
3105 4973 3431 5038 σειομένων
3453 4972 3637 5040 ὀρέων
3653 4973 3726 5026 ἐν

2153 5057 2230 5124 τῷ
2251 5059 2605 5129 ἐνδοξασμῷ
2641 5060 2849 5115 αὑτοῦ.
2878 5059 3085 5126 Εἰπὼν,
3108 5061 3190 5113 ὅτι
3218 5060 3278 5112 ού
3305 5058 3556 5129 δείσομεν
3598 5061 3726 5133 cup-

2155 5149 2510 5218 ῥηγνυμένων
2543 5150 2818 5215 ἀπάντων,
2843 5148 3028 5202 λοιπὸν
3053 5149 3179 5219 περὶ
3194 5148 3292 5218 τῆς
3318 5146 3600 5217 δυνάμεως
3621 5152 3723 5201 αὐ-

2150 5236 2244 5289 τοῦ
2276 5235 2600 5304 διαλέγεται,
2632 5237 2714 5290 ὃτι
2735 5238 2942 5307 ἄμαχος
2974 5236 3137 5289 αὐτοῦ
3167 5236 3201 5307 ἡ
3235 5234 3406 5305 ἰσχύς.
3437 5236 3546 5288 Καὶ
3580 5237 3724 5290 εἰκός

2154 5340 2264 5389 τως
2295 5326 2480 5395 φησὶν,
2520 5324 2581 5377 ού
2618 5324 2956 5395 δεδοίκαμεν,
2997 5324 3090 5376 καὶ
3134 5324 3271 5393 ὅπερ
3299 5324 3387 5378 άεί
3431 5324 3593 5388 ποιεῖ,
3630 5323 3724 5376 νῦν

2198 5453 2245 5531 ’τι
2264 5455 2388 5529 Reg:
2537 5455 2592 5503 οὗ
2631 5455 2772 5519 μόνον
2811 5455 2866 5503 οὗ
2905 5454 3223 5516 κολασόμεθα.
3263 5455 3412 5505 Savil.
3441 5455 3603 5518 οὐγὰρ
3623 5455 3727 5504 εἰπε

2153 5517 2311 5579 μόνον,
2334 5517 2423 5577 οὐχ
2443 5517 2519 5563 ἀλ.
2635 5517 2640 5519 ‘
3528 5517 3532 5518 '
3581 5517 3587 5518 ί

2169 5639 2183 5651 .
2219 5588 2242 5616 ο
2265 5577 2598 5651 εγω-ῳεοὴυέ.
2626 5577 2747 5651 Ιζιξό.
2786 5575 2868 5651 alii
2896 5578 3072 5651 lggnn;
3110 5578 3159 5626 ἐν
3183 5579 3562 5651 παραδοξασμῶ,
3578 5578 3726 5651 ιιι-.νὶ-

2152 5639 2274 5705 dogs
2299 5641 2347 5686 in
2370 5637 2624 5705 ῌοιοριίε.
2644 5637 2761 5705 ⁸Μοιι
2798 5637 2970 5705 λοιπόν
2986 5642 3227 5705 τρυε-περί
3248 5637 3331 5699 τῆς
3353 5637 3527 5690 ἀοοέοί
3549 5637 3599 5690 in
3622 5639 3726 5690 Mo-

2158 5703 2275 5762 rel.,
2302 5700 2390 5749 scd
2412 5698 2621 5748 habetur
2642 5700 2694 5749 in
2714 5713 2827 5749 mss.
2851 5707 2904 5750 cl
2927 5701 2974 5749 in
3000 5700 3150 5750 Savil.
