4084 6278
452 342 557 397 285

454 472 554 542 μὲν
582 469 692 524 ἀπὸ
712 468 813 539 τῆς
839 469 1091 536 κτίσεως,
1117 470 1211 525 νῦν
1237 471 1294 525 δὲ
1314 470 1423 549 ἀπὸ
1446 470 1556 523 τῶν
1578 472 1691 533 τοῖς
1712 468 2019 542 ἀνθρώποις

451 552 861 623 συμϐαινόντων
895 554 1260 624 ἀνακηρύττει
1304 552 1469 608 αὐτοῦ
1507 553 1609 625 τὴν
1652 553 1830 622 ἰσχὺν,
1862 552 2020 607 τοῦτο

450 636 604 709 [εει]
633 639 727 691 καὶ¹
764 637 998 691 ἐνταῦθα
1017 640 1177 691 ποιεῖ.

529 720 597 774 ’0
632 721 689 775 δέ
727 720 873 789 λέγει
900 719 1140 774 τοιοῦτόν
1182 720 1301 772 ἐστι
1322 735 1337 750 °
1359 718 1503 772 Σείει
1536 719 1734 783 πάντα,
1776 717 2015 779 σαλεύει,

453 804 823 875 μετατίθησιν,
854 806 982 858 ὅταν
1013 803 1305 875 βούληται·
1345 800 1519 866 οὕτως
1545 801 1694 872 αῦτῴ
1739 802 1896 875 ῥᾴδια
1927 803 2019 854 καὶ

450 887 650 942 εὔκολα
675 889 871 943 πάντα.
919 888 1073 958 Ἐμοὶ
1102 887 1159 941 δέ
1187 886 1332 940 δοκεῖ
1361 885 1432 939 τά
1460 884 1636 956 πλήθη
1667 884 1899 941 ἐνταῦθα
1930 886 2019 938 αί-

448 970 724 1025 νίττεσθαι
748 971 856 1024 τῶν
890 971 1170 1043 ἀνδρείων,
1190 970 1286 1023 καὶ
1314 969 1443 1031 τοὺς
1465 967 1702 1038 ὑψηλοὺς
1725 967 1834 1021 τῶν
1861 966 2021 1021 πολε-

453 1055 612 1121 μίων,
646 1055 739 1108 καὶ
777 1055 867 1108 τὸν
892 1055 1116 1123 ἄπειρον
1159 1052 1286 1106 λαὸν
1309 1050 1417 1105 τῶν
1446 1053 1723 1104 ἐναντίων.
1766 1049 2016 1121 Τοσαύτη

447 1136 556 1206 γὰρ
581 1137 746 1191 αὑτοῦ
785 1139 819 1208 ή
846 1137 1092 1207 δύναμις,
1116 1136 1316 1205 ⁸φησὶν,
1345 1132 1421 1198 ὼς
1457 1133 1642 1198 ἁπλῶς
1684 1133 1891 1197 νεῦσαι,
1925 1135 2019 1187 καὶ⁵

446 1219 620 1274 ταῦτα
644 1222 820 1275 πάντα
847 1218 1113 1289 γίνεσθαι.
1144 1218 1268 1282 Πῶς
1301 1213 1394 1270 οὖν
1424 1217 1699 1288 δυνάμεθα
1731 1216 2017 1286 φοόεῖσθαι

446 1302 686 1356 τοιοῦτον
709 1303 923 1373 ἔχοντες
939 1302 1214 1368 Δεσπότην
1234 1317 1248 1365 ;
1272 1299 1608 1368 Διάψαλμα.
1634 1298 1847 1362 Ἄλλος,
1882 1299 2013 1354 Ἀεί.

455 1384 562 1437 Τοῦ
607 1385 878 1456 ποταμοῦ
925 1385 997 1439 τὰ
1038 1382 1365 1452 ὀρμήματα.
1404 1382 1616 1447 Ἄλλος,
1664 1380 2013 1451 Διαιρέσεις.

458 1466 516 1518 ’0
553 1466 609 1519 δὲ
642 1468 908 1538 Ἐϐραῖος,
931 1465 1230 1535 Φαλαγαῦ.
1265 1464 1806 1533 Εὐφραίνουσιτὴν
1837 1466 2018 1518 πόλιν

444 1549 550 1602 τοῦ
583 1550 760 1604 Θεοῦ·
782 1552 997 1621 ήγίασε
1026 1549 1091 1603 τὸ
1108 1548 1399 1618 σκήνωμα
1425 1547 1610 1602 αὑτοῦ
1634 1550 1666 1602 d
1689 1548 1711 1566 "
1727 1550 2009 1616 Υψιστος.

448 1631 642 1696 Ἀλλος
681 1635 834 1703 φησὶ,
889 1635 957 1689 Τὸ
989 1634 1161 1703 ἅγιον
1210 1631 1322 1700 τῆς
1353 1630 1869 1699 κατασκηνώσεως
1904 1632 2011 1686 τοῦ

454 1714 772 1782 Ὑψίστου.
821 1716 873 1768 '0
911 1716 1055 1781 Θεὸς
1084 1716 1156 1768 ἐν
1188 1715 1357 1784 μέσῳ
1404 1711 1616 1780 αὐτῆς,
1652 1713 1749 1765 καὶ
1781 1715 1851 1767 οὐ
1904 1730 2013 1767 σα-

439 1797 824 1863 λευθήσεται.
855 1799 1154 1867 Βοηυήσει
1198 1795 1353 1865 αὐτῇ
1390 1800 1423 1850 ὀ
1468 1796 1611 1861 Θεὸς
1658 1791 1738 1864 τῷ
1778 1796 1927 1863 πρὸς
1982 1809 2011 1838 ι

441 1879 592 1946 πρωῒ
622 1882 791 1947 πρωῒ.
823 1882 1016 1943 ’Δλλος
1054 1882 1205 1951 φησὶ,
1236 1880 1375 1946 Περὶ
1402 1879 1508 1932 τὸν
1528 1877 1759 1947 ὄρθρον.
1794 1879 2007 1942 Ἄλλος,

446 1961 518 2015 Τὸ
550 1961 765 2015 νεῦσαι
797 1963 1024 2032 πρωΐαν
1072 1963 1255 2016 Εἰπὼν
1278 1963 1404 2033 περὶ
1433 1963 1533 2032 τῆς
1551 1962 1829 2032 δυνάμεως
1844 1962 2011 2016 αὑτοῦ

440 2044 535 2097 καὶ
572 2046 674 2115 τῆς
721 2048 923 2116 ἰσχύος,
960 2046 1053 2100 καὶ
1079 2047 1160 2099 ὅτι
1191 2046 1349 2117 ῥᾴδια
1393 2046 1544 2115 αὑτῴ
1572 2046 1771 2113 πάντα,
1806 2048 1886 2111 εἰς
1912 2047 2011 2116 τήν

436 2131 539 2198 τῆς
581 2130 877 2201 Ἰουδαϊκῆς
902 2132 1158 2201 προνοίας
1191 2128 1445 2182 ὑπόθεσιν
1471 2129 1789 2201 μετατίθησι
1819 2130 1911 2182 τὸν
1930 2129 2013 2182 λό-

436 2227 554 2277 γον,
586 2212 656 2265 τὰ
689 2213 947 2284 δεδομένα
987 2214 1171 2277 αὐτοῖς
1198 2212 1378 2280 ἀγαθά
1406 2211 1494 2265 διὰ
1533 2211 1781 2282 βραχέων
1809 2210 2009 2277 λέξεων

435 2298 727 2366 παριστάς.
760 2292 930 2361 Οὗτος
957 2297 1086 2366 γὰρ,
1111 2298 1141 2348 6
1168 2294 1311 2348 οὕτω
1335 2295 1579 2361 δυνατὸς,
1600 2296 1629 2349 6
1652 2294 1826 2358 οὕτως
1861 2296 2010 2365 ἰσχυ-

436 2377 528 2446 ρὸς
554 2379 647 2431 καὶ
668 2380 918 2448 φοϐερὸς,
937 2380 1031 2433 καὶ
1058 2381 1237 2433 πάντα
1261 2379 1410 2448 ἄγων
1440 2378 1533 2431 καὶ
1549 2378 1754 2449 φέρων,
1780 2379 1810 2431 6
1833 2379 2008 2433 πάντα

436 2462 596 2515 σείων
624 2464 715 2516 καὶ
754 2464 940 2528 κινῶν,
982 2465 1078 2517 καὶ
1119 2463 1428 2532 μετατιθεὶς
1458 2462 1550 2515 καὶ
1594 2462 1872 2532 μεθιστὰς,
1904 2480 2009 2532 μυ-

436 2548 568 2619 ρίων
604 2549 700 2621 τὴν
729 2550 882 2603 πόλιν
928 2550 1088 2619 ήμῶν
1121 2549 1420 2619 ἐνέπλησεν
1468 2550 1710 2617 ἀγαθῶν.
1755 2551 2008 2621 Ποταμὸς

432 2632 541 2700 γὰρ
584 2633 817 2687 ἐνταῦθα
858 2633 919 2686 τὸ
951 2633 1167 2702 δαψιλὲς
1195 2634 1297 2703 τῆς
1341 2633 1607 2703 χορηγίας
1646 2634 1755 2688 τῶν
1799 2634 2006 2689 ἀνωθεν

431 2717 670 2788 δωρεῶν,
704 2719 796 2771 καί
835 2718 896 2771 τὸ
922 2717 1196 2771 ἀκώλυτον
1235 2717 1419 2772 καὶτὸ
1463 2718 1824 2788 ἐκκεχυμένον
1867 2737 2009 2791 παρ-

434 2800 554 2868 ίστη
563 2819 668 2862 σιν,
683 2801 885 2856 ὡσανεὶ
905 2802 1078 2871 ἐλεγε-
1096 2801 1358 2873 Καθάπερ
1369 2801 1432 2855 ἐκ
1445 2818 1518 2873 πη
1526 2802 1636 2870 γῶν
1649 2805 1777 2874 ήμῖν
1792 2804 2007 2858 ἅπαντα

433 2885 649 2954 ἐπιρρεῖ
680 2885 746 2938 τὰ
797 2885 998 2953 ἀγαθά.
1032 2885 1244 2956 ’Ὠσπερ
1281 2886 1391 2956 γὰρ
1443 2886 1686 2955 ποταμὸς
1724 2887 1804 2949 εἰς
1836 2888 2007 2956 μυρία

433 2971 752 3039 σχιζόμενος
778 2972 942 3042 μέρη,
969 2972 1068 3042 τὴν
1100 2973 1468 3042 ὑποκειμένην
1493 2971 1642 3042 ἀρδει
1673 2971 1854 3042 χώραν
1876 2991 1887 3004 '
1914 2973 2007 3027 οὖ-

429 3057 585 3123 τωςή
611 3054 703 3108 τοῦ
734 3054 869 3108 Θεοῦ
899 3055 1122 3123 πρόνοια
1149 3054 1483 3124 πανταχόθεν
1507 3055 1746 3126 ἐπιρρεῖ,
1765 3055 2006 3122 δαψιλῶς

432 3137 727 3207 φερομένη,
746 3139 841 3192 καὶ
861 3137 1104 3209 ῥοιζηδὸν
1116 3138 1365 3201 ἐπιοῦσα,
1393 3139 1487 3190 καὶ
1504 3139 1680 3191 πάντα
1698 3138 1803 3209 πλη
1810 3139 1999 3209 ροῦσα.

430 3219 543 3273 Οὐκ
572 3220 872 3289 ἀσφάλειαν
893 3221 950 3274 δὲ
982 3221 1211 3291 παρέχει
1237 3221 1395 3289 μόνον
1424 3223 1578 3291 ήμῖν,
1611 3221 1730 3273 οὐδὲ
1754 3221 2004 3292 βοήθειαν

429 3302 670 3372 ἀρραγῆ,
711 3303 848 3356 ἀλλά
898 3304 990 3356 καὶ
1034 3302 1409 3373 πνευματικὴν
1437 3302 1646 3374 χαράν
1683 3304 1761 3358 διό
1806 3323 1999 3376 φησιν·

440 3384 687 3453 Ἠγιάσε
709 3387 774 3437 τὸ
796 3386 1083 3455 σκήνωμα
1109 3386 1295 3441 αὐτοῦ
1321 3389 1354 3440 ὁ
1379 3387 1695 3454 "rgno-tog.
1716 3389 1824 3442 Καὶ
1848 3389 2003 3443 τοῦτο

429 3466 488 3519 δὲ
523 3468 845 3538 εὐεργεσίας
876 3468 1009 3522 αὐτὸ
1062 3468 1226 3539 μέρος
1258 3469 1319 3521 οὐ
1365 3469 1582 3542 μικρὸν,
1626 3470 1687 3524 τὸ
1738 3472 2002 3544 σκήνωμα

428 3550 593 3603 αὐτοῦ
620 3549 845 3605 καλέσαι
885 3551 977 3603 τὸν
1000 3552 1183 3607 τόπον.

504 3632 567 3702 β’.
589 3633 699 3687 Καὶ
718 3633 815 3702 οὔχ
840 3632 1027 3697 άπλῶς
1041 3635 1250 3687 τέθεικε
1275 3634 1357 3698 τὸ,
1374 3635 1439 3688 '0
1455 3635 1761 3705 Ὕψιστος.
1780 3636 1836 3692 Ὀ
1853 3633 1946 3693 οῦν
1969 3640 1998 3680 ι’

425 3714 599 3778 οὕτως
636 3715 837 3786 ὑψηλὸς
856 3757 870 3782 ,
892 3716 920 3768 6
945 3716 1133 3788 μηδενί
1157 3717 1308 3788 τόπῳ
1330 3719 1714 3788 περιεχόμενος
1730 3761 1744 3784 ,
1768 3723 1801 3792 ή
1832 3722 2000 3793 ἀφρα-

429 3815 553 3862 στος
585 3799 765 3866 οὐσία,
791 3800 1096 3872 κατηξίωσε
1143 3804 1408 3874 σκήνωμα
1440 3803 1603 3856 αὐτοῦ
1642 3804 1870 3859 καλέσαι
1902 3806 1999 3877 τὴν

426 3882 581 3936 πόλιν
621 3882 718 3953 τὴν
773 3883 1083 3954 ἡμετέραν,
1124 3883 1216 3938 καὶ
1265 3885 1529 3939 πάντοθεν
1560 3886 1729 3958 αὐτὴν
1762 3890 1994 3959 συνέχει.

424 3967 593 4020 Τοῦτο
623 3963 731 4039 γὰρ
767 3968 932 4031 ἔστιν,
983 3969 1085 4023 Ἑν
1105 3968 1275 4037 μέσῳ
1294 3969 1486 4037 αὐτῆς
1507 4010 1522 4034 ,
1550 3970 1626 4034 ὼς
1648 3973 1741 4041 καὶ
1763 3972 1997 4045 ἀλλαχοῦ

424 4049 604 4118 λέγει·
639 4051 787 4106 Ἰδοὺ
835 4051 951 4121 ἐγὼ
988 4052 1117 4120 μεθ’
1147 4051 1314 4121 ὑμῶν
1358 4054 1493 4122 ειμι.
1525 4055 1792 4109 Πάντοθεν
1827 4057 1997 4129 αὐτὴν

427 4139 739 4204 συγκροτεῖ⁸
763 4135 852 4188 διὰ
882 4134 1039 4189 τοῦτο
1062 4135 1123 4187 οὐ
1159 4135 1318 4205 μόνον
1346 4136 1497 4190 οὐδὲν
1527 4137 1773 4192 πείσεται
1801 4139 1993 4205 δεινὸν,

422 4215 538 4273 ἀλλ’
573 4217 692 4271 οὐδὲ
720 4218 1129 4290 σαλευθήσεται.
1157 4220 1267 4273 Καὶ
1292 4219 1353 4273 τὸ
1383 4219 1555 4274 αἴτιον
1578 4259 1593 4284 ,
1620 4222 1702 4275 ὅτι
1736 4222 1997 4293 ταχίστης

424 4298 685 4355 ἀπολαύει
732 4302 832 4371 τῆς
866 4301 1215 4372 συμμαχίας,
1251 4302 1470 4372 ἑτοίμου
1510 4304 1606 4358 καὶ
1655 4320 1999 4374 παρεσκευα-

427 4384 630 4455 σμένης
652 4384 818 4455 οὔσης
837 4402 850 4415 ·
890 4386 1050 4438 τοῦτο
1075 4387 1184 4456 γάρ
1213 4388 1328 4440 ἐστι
1363 4386 1425 4440 τὸ
1460 4388 1642 4455 Ηρωτ’
1672 4388 1733 4441 οὐ
1773 4388 1999 4457 μελλού-

427 4483 527 4534 σης
545 4505 560 4529 ,
586 4467 705 4519 οὐδὲ
736 4467 1130 4539 βραδυνούσης,
1157 4469 1296 4524 ἀλλά
1339 4474 1538 4542 νεαρᾶς
1566 4472 1652 4525 ἀεὶ
1682 4473 1776 4525 καὶ
1810 4474 1995 4543 ἀκμα-

425 4547 652 4617 εούσης.
683 4551 775 4602 καὶ
820 4551 877 4603 ἐν
912 4551 1086 4621 καιρῷ
1130 4552 1207 4621 τῷ
1242 4555 1591 4625 προσήκοντι.
1648 4554 1997 4624 Ἐτιιράχυη-

422 4648 547 4687 σαν
597 4631 761 4699 ἔθνη.
806 4632 1027 4696 Ἀλλος,
1060 4634 1465 4704 Συνήχθησαν
1506 4637 1669 4706 ἔθνη.
1704 4641 1999 4692 Ἕκλιναν

419 4713 750 4783 βασιλεῖαι.
800 4716 1025 4771 Ἔδωκε
1074 4716 1285 4787 φωνὴν
1334 4719 1521 4774 αὑτοῦ
1572 4724 1605 4775 ό
1671 4722 1994 4790 Ὕψιστος,

422 4796 725 4864 ἐσαλεύθη
758 4796 796 4863 ἡ
846 4796 941 4866 γῆ.
982 4799 1265 4853 Δείκνυσιν
1296 4800 1460 4853 αὑτοῦ
1494 4804 1591 4872 τῆς
1625 4803 1874 4874 βοηθείας
1907 4807 1998 4858 ἐν-

422 4881 597 4937 ταῦθα
622 4880 720 4951 τὴν
747 4880 994 4951 δύναμιν.
1024 4882 1099 4934 Οὐ
1134 4881 1240 4954 γάρ
1281 4882 1346 4953 δή
1383 4883 1489 4936 τῶν
1518 4887 1784 4956 τυχόντων
1822 4891 1995 4943 ἐπιόνο

421 4984 530 5019 των
559 5006 574 5030 ,
628 4964 763 5019 ἀλλὰ
796 4963 1058 5034 βασιλέων
1083 5006 1097 5031 ,
1154 4965 1322 5020 ἐθνῶν
1372 4968 1634 5021 πάντοθεν
1688 4973 1991 5034 συνιόντων,

426 5047 575 5121 [185]
606 5048 968 5112 κυκλούντων,
1000 5049 1427 5121 πολιορκούντων
1461 5052 1614 5105 πόλιν
1641 5054 1789 5123 μίαν,
1819 5057 1880 5108 οὐ
1909 5056 1998 5125 μό-

425 5150 511 5185 νον
548 5133 700 5187 ούδὲν
726 5132 926 5188 ἔπαθεν
948 5134 1038 5187 ὑπ’
1071 5134 1249 5189 αὐτῶν
1277 5135 1445 5189 δεινὸν
1469 5177 1483 5193 .
1516 5137 1652 5191 ἀλλά
1687 5138 1779 5192 καὶ
1808 5157 1995 5211 περιε-

421 5217 629 5283 γένετο,
653 5219 744 5271 καὶ
770 5218 1065 5289 ἐκράτησε,
1092 5219 1183 5271 καὶ
1213 5219 1537 5291 περιέτρεψε
1572 5224 1698 5285 τοὺς
1722 5223 1992 5287 ἐπιόντας.

421 5300 591 5355 Τοῦτο
620 5303 727 5374 γάρ
760 5303 876 5355 ἐστι
900 5302 981 5366 τὸ,
1004 5304 1298 5356 Ἔκλιναν
1310 5303 1639 5370 βασιλεῖαι,
1670 5307 1854 5359 ἔδωκε
1878 5326 1996 5375 φω-

422 5380 541 5450 νὴν
568 5384 754 5441 αὐτοῦ
788 5388 821 5440 ὀ
851 5385 1170 5459 Ὕψιστοςο
1206 5385 1282 5449 ὡς
1323 5387 1389 5439 ἂν
1422 5388 1564 5445 εἴποι
1596 5404 1678 5453 τις
1700 5429 1715 5455 ,
1741 5390 1996 5447 Αύτοϐοεὶ

483 5638 507 5714 ᾖ
535 5637 735 5714 ῐίυετρ
759 5641 888 5702 πρὸς.
922 5643 1046 5695 Infra
1073 5660 1198 5697 unus
1214 5647 1283 5710 τῷ
1301 5645 1484 5710 νεῦσαι,
1506 5655 1555 5698 cl
1584 5649 1688 5701 hac
1706 5658 1782 5701 esl
1803 5650 1993 5714 Aquila:

420 5705 785 5756 mwrpn‘uliu.

479 5759 509 5801 b
530 5759 698 5811 Morel.
728 5760 754 5810 6
774 5761 881 5824 γάρ.

1090 344 1149 399 8.
1193 342 1476 400 ΙΟΛΝΝΖΞ
1510 338 2000 401 CIIRYSOSTONI

2106 338 2360 398 .KCIIIEP.
2397 338 2945 398 CONSTANTINOP.

3593 339 3699 394 εισι

2122 471 2221 537 τὰς
2250 472 2434 535 πόλεις
2458 465 2591 525 εἷλε.
2624 471 2775 541 Παχὺ
2812 471 2909 540 μὲν
2937 470 2997 524 τὸ
3025 472 3197 543 ῥῆμα,
3224 471 3318 527 καὶ
3343 466 3699 543 ἀνθρωπινώ-

2121 572 2277 624 τερον
2301 556 2364 609 τὸ
2388 554 2694 625 εἰρημένον.
2730 555 2863 609 οὐδὲ
2900 555 3009 628 γὰρ
3038 558 3186 627 φωνῇ
3232 558 3325 611 καὶ
3374 555 3469 626 βοῇ
3502 557 3532 608 6
3563 554 3697 617 Θεὸς

2120 639 2267 708 νικᾷ,
2297 638 2432 691 ἀλλά
2454 636 2681 708 νεύματι
2712 637 2858 707 μόνῳ
2887 639 2981 691 καὶ
3021 638 3341 710 βουλήματι.
3381 638 3519 692 Ἀλλ’
3544 638 3696 707 ὅμως

2120 720 2228 773 ἀπὸ
2268 720 2375 773 τῶν
2404 720 2721 790 παχυτέρων
2750 720 2911 774 αὐτὸν
2938 721 3153 788 ἀνάγων
3179 761 3194 785 ,
3220 722 3327 775 τῶν
3356 721 3528 776 ἄλλων
3557 720 3697 790 ὑψη-

2120 802 2346 873 λοτέραν
2375 804 2637 873 ἐπενόησε
2664 803 2827 868 λέξιν.
2863 803 3082 875 Ἐπειδὴ
3103 803 3210 874 γάρ
3231 805 3318 858 ἀεὶ
3341 803 3695 875 όπλιζόμενον

2120 886 2281 939 αὑτὸν
2313 887 2520 955 εἰσάγει
2547 925 2561 950 ,
2596 886 2809 949 δεικνὺς
2837 886 2918 939 ὅτι
2950 886 3131 940 πάντα
3181 889 3362 940 ἐκεῖνα
3399 904 3694 958 μεταιρορι⁴

2120 968 2231 1032 κῶς
2259 968 2492 1038 εἴρηται,
2519 966 3058 1040 καὶτροπικώτερον,
3086 970 3179 1022 καὶ
3210 969 3693 1038 συγκαταδατικώ-

2117 1068 2274 1123 τερον
2304 1053 2352 1124 (6
2374 1052 2482 1123 γὰρ
2506 1052 2636 1117 Θεὸς
2656 1052 2865 1116 οὐδενὸς
2896 1052 3099 1105 τούτων
3129 1052 3358 1122 δεῖται),
3387 1055 3687 1124 ἐπήγαγεν,

2123 1134 2346 1188 Ἔδωκε
2387 1134 2597 1203 φωνὴν
2635 1135 2822 1188 αὐτοῦ
2846 1175 2861 1199 ,
2902 1136 2999 1189 καὶ
3029 1136 3325 1204 ἐσαλεύθη
3356 1136 3394 1203 ἠ
3432 1136 3509 1205 γῆ
3532 1150 3547 1166 ’
3577 1136 3685 1189 δει-

2118 1218 2252 1281 κνὺς
2272 1258 2287 1281 ,
2319 1218 2401 1272 ὅτι
2433 1217 2494 1271 οὐ
2551 1218 2710 1288 μόνον
2742 1218 2958 1282 πόλεις,
3000 1219 3094 1271 καὶ
3125 1218 3251 1287 ἐθνη
3275 1259 3290 1283 ,
3341 1219 3437 1272 καὶ
3485 1219 3686 1291 χώρας,

2117 1299 2253 1354 ἀλλά
2276 1300 2370 1353 καὶ
2403 1300 2534 1355 αὐτὸ
2556 1300 2617 1354 τὸ
2650 1303 2910 1370 στοιχεῖον
2943 1300 3186 1355 διασείει.
3218 1297 3339 1354 Οἵδε
3367 1301 3424 1354 δέ
3458 1303 3553 1355 καὶ
3586 1304 3689 1373 γῆν

2115 1381 2185 1435 τά
2210 1383 2388 1455 πλήθη
2417 1383 2624 1447 καλεῖν,
2653 1384 2729 1447 ὼς
2745 1385 2873 1437 ὅταν
2896 1383 3061 1454 λέγῃ·
3089 1384 3197 1437 Καὶ
3231 1380 3311 1449 ἦν
3341 1381 3509 1438 πᾶσα
3537 1384 3575 1451 ή
3608 1384 3685 1453 τῆ

2115 1465 2318 1535 χεῖλος
2337 1466 2427 1523 ἓν.
2457 1468 2670 1535 Κύριος
2693 1466 2814 1521 τῶν
2838 1467 3151 1536 δυνάμεων
3179 1469 3307 1536 μεθ’
3336 1465 3521 1536 ἡμῶν.
3566 1468 3686 1520 Ἂν-

2114 1551 2413 1618 τιλήπτωρ
2442 1549 2611 1619 ἡμῶν
2636 1553 2669 1604 ὁ
2697 1549 2841 1616 Θεὸς
2880 1550 3092 1604 Ἰακώϐ.
3127 1548 3186 1604 Ὀ
3206 1549 3262 1603 δε
3292 1550 3541 1621 Ἐϐραῖος
3565 1549 3685 1602 ἀντὶ

2111 1629 2227 1697 τοῦ,
2258 1631 2381 1686 Τῶν
2408 1631 2738 1702 δυνάμεων,
2765 1633 3008 1686 Σαϐαὼθ
3052 1624 3226 1685 εἶπεν.
3259 1633 3402 1703 Ὅρα
3432 1632 3545 1695 πῶς
3579 1633 3685 1686 ἀπὸ

2110 1714 2213 1783 τῆς
2236 1715 2341 1784 γῆς
2378 1715 2570 1783 ἀνάγει
2606 1715 2698 1769 τὸν
2726 1714 2882 1782 λόγον
2910 1716 3004 1768 ἐπὶ
3033 1715 3125 1769 τὸν
3159 1715 3385 1786 οὐρανὸν
3408 1756 3423 1779 ,
3452 1717 3531 1778 είς
3559 1717 3684 1778 τοὺς

2113 1797 2373 1868 ἀπείρους
2396 1797 2504 1850 τῶν
2528 1797 2775 1866 ἀγγέλων
2812 1799 3020 1869 δήμους
3044 1837 3060 1863 ,
3087 1799 3167 1861 εἰς
3191 1797 3262 1850 τὰ
3289 1796 3415 1868 ἔθνη
3444 1798 3552 1850 τῶν
3582 1798 3682 1868 ἀρ-

2111 1881 2416 1951 χαγγέλων,
2443 1883 2524 1944 είς
2544 1881 2643 1943 τάς
2664 1880 2920 1951 δυνάμεις
2951 1881 3051 1945 τάς
3080 1881 3214 1936 ἀνω.
3244 1880 3309 1933 Τί
3346 1881 3455 1951 γάρ
3489 1898 3578 1950 μοι
3606 1880 3685 1933 λέ-

2109 1979 2229 2031 γεις
2282 1963 2617 2035 στρατόπεδα
2643 2003 2659 2029 ,
2695 1965 2788 2019 καὶ
2839 1964 3144 2036 βαρϐάρους
3166 2002 3183 2029 ,
3230 1964 3324 2018 καὶ
3366 1962 3684 2033 ἀνθρώπους

2112 2045 2544 2116 ἀπολλυμένους;
2569 2046 2752 2117 φησίν.
2772 2048 3052 2117 Ἐννόησον
3075 2045 3239 2099 αὑτοῦ
3258 2047 3357 2117 τὴν
3387 2047 3561 2117 ἰσχὺν,
3576 2047 3684 2101 ἀπὸ

2109 2130 2210 2199 τῆς
2237 2131 2295 2182 ἐν
2318 2132 2429 2193 τοῖς
2453 2131 2700 2200 οὐρανοῖς
2729 2130 3003 2200 βασιλείας
3022 2169 3037 2193 ,
3076 2132 3179 2184 ὅσα
3211 2130 3545 2200 στρατόπεδα
3574 2130 3683 2183 τῶν

2111 2210 2356 2279 ἀοράτων
2384 2211 2664 2282 δυνάμεων
2702 2214 2791 2283 ὑφ’
2831 2213 3009 2285 ἐαυτῷ
3049 2214 3357 2283 τεταγμένα
3401 2213 3538 2281 ἔχει.
3572 2214 3683 2267 Καὶ

2111 2293 2291 2359 καλῶς
2320 2295 2576 2366 δυνάμεις
2608 2296 2853 2360 ἐκάλεσε,
2880 2297 2980 2366 τὴν
3010 2298 3162 2368 ἰσχὺν
3200 2296 3379 2351 αὐτῶν
3411 2296 3684 2349 ἐνδεικνύ-

2112 2394 2272 2447 μενος
2295 2394 2308 2407 ·
2335 2377 2472 2451 ὅπερ
2501 2390 2523 2417 ε
2579 2380 2673 2433 καὶ
2724 2378 2957 2451 ἀλλαχοῦ
2990 2396 3150 2449 φησι·
3198 2378 3448 2434 Δυνατοί
3492 2380 3681 2447 ίσχύτ,

2107 2459 2422 2526 ποιοῦντες
2459 2460 2567 2514 τὸν
2596 2464 2783 2531 λόγον
2815 2462 3019 2517 αὑτοῦ.
3053 2462 3158 2516 Καὶ
3198 2462 3307 2532 γὰρ
3352 2456 3431 2525 εἷς
3457 2460 3683 2528 ἄγγελός

2109 2561 2237 2597 ποτε
2289 2543 2552 2611 ἐξελθὼν,
2607 2545 2798 2600 ἑκατὸν
2846 2547 3175 2617 ὀγδοήκοντα
3226 2545 3387 2598 πέντε
3436 2545 3682 2615 χιλιάδας

2106 2627 2303 2681 ἀνεῖλε.
2333 2627 2398 2679 Τί
2442 2623 2535 2680 οῦν
2558 2629 2606 2682 εί
2634 2629 2858 2691 δυνατὸς
2897 2630 2994 2700 μέν
3032 2630 3180 2683 ἐστιν
3207 2670 3222 2694 ,
3246 2629 3306 2682 οὐ
3351 2627 3595 2698 βούλεται
3625 2628 3683 2681 δὲ

2108 2711 2239 2780 ἡμῖν
2270 2713 2428 2781 χεῖρα
2457 2709 2676 2781 ὀρέξαι;
2718 2710 2878 2764 Ἀλλά
2912 2711 3049 2782 μηδὲ
3077 2710 3235 2765 τοῦτο
3260 2709 3475 2781 δείσῃς,
3508 2710 3641 2780 φησί
3664 2727 3678 2741 ο

2106 2792 2194 2848 διὰ
2236 2793 2396 2845 τοῦτο
2431 2793 2713 2864 ἐπήγαγεν
2739 2834 2753 2860 ,
2802 2793 3203 2861 Ἀντιλήπτωρ
3240 2791 3428 2861 ἡμῶν.
3473 2792 3683 2844 Οὐκοῦν

2107 2876 2200 2928 καὶ
2236 2875 2479 2945 βούλεται
2514 2878 2608 2929 καὶ
2632 2875 2886 2930 δύναταιο
2936 2875 3012 2946 μὴ
3052 2875 3231 2927 τοίνυν
3276 2874 3462 2944 φοϐοῦ.
3494 2875 3558 2927 Τί
3586 2872 3680 2928 οῦν

2106 2959 2154 3009 εἰ
2179 2959 2339 3028 ἡμεῖς
2368 2959 2609 3025 ἀνάξιος
2654 2958 2812 3011 Ἀλλά
2846 2956 3102 3030 πατρῴαν
3141 2958 3278 3029 πρὸς
3302 2957 3464 3012 αὐτὸν
3486 2958 3682 3028 ἔχομεν

2107 3042 2533 3112 φιλανθρωπίαν.
2557 3043 2648 3097 Διὸ
2670 3045 2764 3096 καὶ
2790 3043 2949 3097 τοῦτο
2978 3042 3290 3113 προστιθεὶς
3317 3042 3501 3110 ἔλεγεν
3520 3041 3570 3103 ἀ,
3617 3042 3678 3095 ’0

2050 3146 2055 3151 “
2107 3125 2250 3191 Θεὸς
2299 3126 2498 3180 Ἰακὼϐ
2517 3168 2531 3189 ,
2596 3126 2795 3181 ὡσανεὶ
2845 3125 3027 3194 ἔλεγεν
3047 3141 3060 3156 ’
3108 3122 3205 3179 Αεὶ
3253 3126 3410 3178 τοῦτο
3445 3125 3505 3178 τὸ
3559 3124 3684 3190 ἔθος

2104 3209 2253 3279 αὐτῷ
2270 3251 2283 3275 ,
2309 3212 2494 3281 φησὶν,
2514 3210 2741 3273 ἀνωθεν,
2772 3210 2865 3263 καὶ
2897 3208 2956 3273 ἐξ
2981 3208 3177 3279 ἀρχῆς.
3194 3208 3529 3277 Διάψαλμα.
3556 3209 3679 3261 Ἀλ-

2102 3291 2191 3356 λος
2215 3333 2232 3357 ,
2272 3292 2395 3349 Ἀεί.
2444 3292 2622 3347 Δεῦτε
2658 3292 2759 3345 καὶ
2796 3291 2951 3345 ἴδετε
2976 3293 3048 3345 τὰ
3089 3291 3233 3361 ἔργα
3268 3291 3374 3344 τοῦ
3418 3291 3565 3345 Θεοῦ
3592 3329 3607 3354 ,
3639 3290 3679 3345 ἁ

2101 3375 2268 3431 ἔθετο
2294 3376 2507 3443 τέρατα
2533 3375 2631 3429 ἐπὶ
2657 3375 2768 3444 τῆς
2799 3374 2943 3445 τῆς,
2972 3372 3342 3442 ἀπαναιρῶν
3376 3373 3679 3444 πολέμους

2092 3457 2272 3528 μέχρι
2303 3458 2423 3512 τῶν
2468 3458 2737 3527 περάτων
2782 3457 2892 3526 τῆς
2928 3457 3058 3528 γῆς.
3109 3456 3297 3521 Τόξον
3334 3460 3673 3525 συντρίψει,

2099 3542 2199 3595 καί
2243 3541 2579 3597 συνθλάσει
2605 3541 2799 3599 ὅπλον
2846 3541 3024 3613 (ἄλλος
3060 3540 3241 3611 λέγει,
3272 3541 3675 3611 Συνέκλασε),

2100 3632 2198 3687 καί
2244 3632 2494 3701 θυρεοὺς
2543 3634 2910 3689 κατακαύσει
2961 3634 3032 3688 ἐν
3078 3633 3243 3702 πυρί.
3292 3632 3482 3695 ’Λλλος
3511 3674 3526 3699 ,
3566 3633 3676 3686 Καὶ

2099 3713 2335 3784 ἁμάξας
2376 3714 2669 3786 ἐμπρήσει
2716 3716 2786 3769 ἐν
2830 3716 2993 3785 πιορί.
3028 3716 3211 3769 Εἰπὼν
3247 3714 3377 3786 περὶ
3407 3715 3504 3785 τῆς
3535 3715 3671 3785 γῆς,

2100 3799 2231 3869 περὶ
2256 3799 2358 3868 ’τῆς
2392 3798 2668 3869 θαλάσσης
2688 3838 2702 3860 ,
2732 3800 2859 3870 περὶ
2890 3799 2998 3852 τῶν
3036 3797 3202 3870 ὀρῶν,
3232 3799 3359 3869 περὶ
3387 3798 3486 3868 τῆς
3514 3814 3674 3851 πνευ-

2103 3882 2337 3953 ματικῆς
2370 3882 2631 3953 χορηγίας
2654 3882 2755 3952 τῆς
2782 3884 2861 3945 είς
2887 3882 3083 3944 αὐτοὺς
3114 3880 3484 3951 γεγενημένης
3507 3920 3522 3945 ,
3547 3879 3671 3948 περὶ

2099 3966 2196 4034 τῆς
2244 3965 2594 4037 συμμαχίας,
2634 3964 2797 4019 πάλιν
2848 3964 3076 4017 ἐκτείνει
3119 3962 3216 4034 τήν
3248 3963 3499 4016 ὑπόθεσιν
3536 3962 3671 4033 πρὸς

2099 4048 2224 4110 τοὺς
2257 4046 2452 4112 θεατάς
2471 4087 2486 4113 ,
2516 4049 2609 4102 ἐπὶ
2635 4048 2704 4102 τά
2746 4049 2983 4120 τρόπαια
3028 4046 3224 4109 αὐτοὺς
3253 4045 3430 4099 καλῶν
3464 4046 3523 4112 ἐξ
3552 4046 3671 4115 ήδο-

2098 4128 2196 4200 νῆς
2238 4129 2465 4200 πολλῆς,
2499 4131 2594 4184 καὶ
2631 4130 2729 4200 τῆς
2759 4131 2895 4202 πρὸς
2925 4130 3015 4183 τὸν
3038 4128 3313 4198 Δεσπότην
3345 4127 3633 4190 διαθέσεως
3654 4170 3669 4194 ,

2099 4213 2193 4264 καὶ
2215 4211 2314 4275 τὰς
2338 4213 2492 4276 νίκας
2515 4212 2881 4285 ἀναγορεύων,
2902 4211 2966 4276 ἀς
2993 4211 3133 4282 ὑπὲρ
3157 4210 3333 4264 αὐτῶν
3355 4211 3666 4281 εἰργάσατο.

2099 4294 2211 4348 Καὶ
2240 4293 2421 4359 καλῶς
2446 4291 2565 4349 εἷπε
2587 4335 2601 4360 ,
2638 4295 2852 4363 Τέρατα
2875 4334 2891 4356 ,
2929 4295 3029 4347 οὐκ
3056 4289 3175 4346 εἷπε
3200 4331 3215 4356 ,
3240 4293 3397 4356 νίκας
3425 4293 3517 4345 καὶ
3541 4290 3667 4363 τρό-

2100 4393 2257 4433 παια.
2284 4378 2357 4431 υύ
2392 4377 2498 4450 γὰρ
2532 4378 2673 4432 κατά
2703 4376 3021 4431 ἀκολουθίαν
3052 4376 3260 4443 ἐγίνετο
3286 4374 3351 4428 τά
3388 4375 3668 4445 γινόμενα,

2098 4460 2220 4513 οὐδὲ
2246 4462 2431 4525 ὅπλοις
2453 4462 2548 4515 καὶ
2568 4462 2794 4531 δυνάμει
2826 4460 3091 4531 σωμάτων
3111 4459 3181 4514 τὰ
3197 4460 3297 4531 τῆς
3324 4459 3501 4529 μάχης
3525 4459 3671 4533 ἐκρί-

2098 4561 2251 4608 νετο,
2295 4544 2430 4598 ἀλλά
2463 4544 2597 4598 Θεοῦ
2645 4544 2906 4616 νεύματι,
2940 4542 3048 4597 τῶν
3082 4543 3420 4613 πραγμάτων
3450 4541 3668 4613 δηλούν-

2097 4654 2239 4702 των,
2269 4637 2352 4689 ὅτι
2389 4636 2549 4700 αὐτὸς
2588 4636 2740 4708 [186]
2767 4631 2836 4706 ἦν
2867 4637 2897 4688 6
2930 4634 3268 4706 στρατηγῶν.
3312 4634 3530 4705 Ἐπειδὴ
3559 4634 3670 4705 γάρ

2097 4731 2147 4782 οί
2183 4728 2428 4793 ἀσθενεῖς
2455 4731 2581 4793 τοὺς
2610 4728 2869 4790 δυνατοὺς
2900 4726 3115 4791 ἐνίκων,
3136 4729 3184 4780 οἱ
3206 4727 3376 4795 ὀλίγοι
3398 4729 3520 4790 τοὺς
3549 4727 3670 4779 πολ-

2097 4824 2223 4888 λοὺς
2245 4866 2259 4890 ,
2292 4824 2339 4876 οἰ
2394 4822 2795 4894 κεκρατημένοι
2840 4824 2966 4887 τοὺς
3002 4822 3372 4895 κρατοῦντας,
3411 4822 3506 4875 καὶ
3540 4821 3669 4892 παρ’

2097 4917 2289 4970 ἐλπίδα
2323 4917 2392 4971 τὰ
2426 4917 2726 4988 πράγματα
2752 4916 2960 4986 ἐγίνετο
2983 4957 2999 4982 ,
3034 4916 3258 4980 εἰκότως
3293 4915 3434 4970 αὐτά
3465 4915 3670 4985 τέρατα

2099 5008 2293 5074 καλεῖ,
2338 5007 2432 5061 ἆτε
2477 5007 2795 5080 παραδόξως
2830 5006 3231 5077 συμὸαίνοντα,
3272 5008 3366 5062 καὶ
3395 5004 3669 5077 πανταχοῦ

2097 5101 2198 5170 τῆς
2226 5099 2331 5170 γῆς
2354 5098 2709 5170 ἐκτεταμένα.

2167 5198 2237 5260 γ’.
2265 5192 2436 5245 Τοῦτο
2462 5190 2517 5243 δὲ
2561 5190 2661 5243 οὐκ
2683 5189 2746 5243 ἀν
2762 5207 2843 5254 τις
2861 5190 3095 5262 άμάρτοι
3115 5189 3208 5244 καί⁵
3228 5188 3368 5243 κατά
3382 5187 3669 5258 ἀναγωγήν

2098 5284 2364 5350 ἐκλαϐὼν,
2392 5285 2485 5339 καὶ
2516 5286 2595 5348 εἰς
2617 5284 2708 5336 τὸν
2731 5283 2974 5353 παρόντα
2998 5283 3208 5355 καιρόν.
3233 5285 3343 5338 Καὶ
3370 5284 3479 5355 γὰρ
3513 5284 3664 5337 1:61:-

2100 5398 2197 5453 μον
2227 5378 2460 5451 χαλεπὸν
2485 5377 2752 5430 κατέλυσε
2781 5375 2871 5429 τόν
2902 5375 3011 5430 τῶν
3032 5377 3321 5448 δαιμόνων,
3350 5379 3443 5432 καὶ
3470 5395 3673 5433 πανταο

2159 5657 2180 5717 ‘f
2208 5653 2382 5717 Morel.
2407 5655 2585 5717 ὥσπερ.

2155 5713 2181 5753 ἀ
2209 5716 2303 5764 Alii
2326 5720 2380 5764 et
2414 5711 2564 5764 Savil'.
2595 5714 2668 5763 διὸ
2689 5711 2934 5763 καὶτοῦτο
2963 5713 3120 5769 δηλῶν
3152 5713 3295 5760 εἶπεν.
3328 5711 3428 5760 Sub
3453 5713 3552 5761 [unc
3573 5724 3665 5760 non

2099 5792 2249 5843 pauca
2270 5780 2474 5829 deerant
2497 5776 2546 5827 in
2570 5777 2741 5826 Morel.
2761 5788 2871 5837 quze
2892 5787 2957 5824 ex
2978 5776 3091 5824 allis
3109 5774 3404 5837 supplentur
