4084 6278
425 325 528 380 205

425 446 558 512 quit,
581 441 696 496 Non
725 441 1048 498 timebimus,
1069 447 1123 490 et
1149 436 1288 506 quod
1313 451 1525 502 semper
1553 433 1696 496 facit,
1722 447 1859 486 nunc
1889 432 2005 501 qui—

425 539 545 592 dem
573 552 640 590 ex
668 532 951 595 creaturis,
983 545 1122 583 nunc
1165 544 1292 582 vero
1333 541 1396 580 ex
1428 525 1493 578 iis
1536 540 1652 594 qua:
1699 520 2002 575 hominibus

427 627 672 682 accidunt
697 622 835 679 viros
856 621 970 690 ejus
999 617 1294 690 praedicans
1313 657 1327 682 ,
1351 616 1452 670 hoc
1478 616 1650 685 ipsum
1682 613 1768 666 hic
1793 625 2001 682 quoque

427 718 566 770 facit.

499 806 683 859 Unmia
703 805 811 858 Deo
831 803 1069 873 proclivia
1091 818 1109 865 ;
1135 799 1229 854 Dei
1248 797 1560 870 providentia
1579 813 1690 850 cum
1706 795 1859 866 fluvio
1884 810 2003 847 con-

426 903 603 968 fertur.
624 926 698 940 -ρ
713 893 864 962 Quod
884 902 1060 946 autem
1081 891 1231 956 dicit,
1252 898 1333 944 est
1353 887 1610 958 ejusmodi
1637 905 1651 941 :
1676 887 1863 941 Omnia
1883 901 2004 938 cou-

426 989 574 1053 cutit,
605 986 877 1048 labefacit,
911 983 1162 1037 transfert
1189 981 1401 1052 quando
1428 978 1686 1043 voluerit;
1718 977 1851 1031 adeo
1879 984 2003 1030 sunt

426 1079 500 1133 illi
546 1077 722 1132 omnia
755 1083 994 1145 prompta
1025 1083 1078 1127 ct
1115 1072 1387 1142 proclivia.
1428 1069 1554 1124 Mihi
1589 1077 1766 1123 autem
1798 1067 2003 1121 videtur

428 1171 510 1225 hic
534 1170 832 1237 signiﬁcare
853 1164 1243 1220 nmltitudincm
1273 1163 1505 1217 virorum
1528 1161 1763 1223 fortium,
1793 1168 1846 1212 et
1866 1175 2002 1228 pra:-

425 1260 782 1315 stautissimos
810 1257 1062 1321 hosﬁum,
1088 1264 1143 1310 et
1167 1254 1426 1309 infinitutn
1466 1253 1718 1323 pupulum
1747 1242 2000 1306 adversa;

428 1354 642 1407 riormn.
675 1351 840 1404 Tanta
871 1360 951 1404 est
977 1349 1138 1413 enim,
1172 1347 1358 1417 inquit,
1386 1345 1501 1415 ejus
1525 1353 1756 1413 potestas
1783 1351 1854 1406 ut,
1888 1357 2001 1395 mo-

426 1447 495 1500 do
512 1456 731 1510 annuat,
759 1445 874 1498 hinc
892 1442 1067 1496 omnia
1093 1443 1240 1495 llaut.
1265 1439 1540 1505 Quomodo
1559 1453 1685 1506 ergo
1712 1435 2001 1502 poterimus

425 1538 615 1590 timere
668 1534 758 1602 qui
806 1533 961 1586 talem
1011 1531 1267 1585 habemus
1313 1526 1627 1582 Dominum?
1679 1524 1997 1592 Diapsnlma.

432 1629 598 1692 Alius,
629 1626 857 1691 Semper.
969 1622 1218 1676 Fluminis
1254 1620 1486 1688 impetus.
1518 1618 1684 1678 Alius,
1713 1617 1997 1668 divisiones.

430 1717 683 1772 Hebraeus
710 1725 882 1769 autem
903 1754 916 1778 ,
952 1711 1236 1781 Pltulagau.
1280 1709 1562 1777 Laeti/team
1599 1708 1845 1760 civitatem
1867 1705 2000 1760 Dei:

429 1805 756 1873 sancti/ienuit
780 1803 1152 1856 tabernaculum
1178 1817 1326 1854 suunt
1351 1799 1652 1853 Altissimus.
1681 1799 1828 1851 Alius
1878 1797 1950 1848 ait
1983 1814 1996 1850 :

432 1898 678 1951 Sanctum
703 1895 1023 1948 habitationis
1050 1893 1312 1946 Altissiini.
1339 1891 1391 1945 6.
1427 1889 1567 1944 Deus
1589 1891 1642 1943 in
1678 1889 1840 1942 medio
1868 1891 1997 1958 ejus,

425 1997 472 2040 et
497 2002 594 2042 non
622 1985 1023 2038 commovebitur.
1046 1983 1310 2053 Adjuuabit
1339 1999 1449 2035 eam
1472 1981 1606 2034 Deus
1633 1996 1778 2032 mane
1801 1981 2000 2033 dilucu-

428 2080 495 2132 lo.
527 2079 675 2132 Alius
694 2077 822 2131 dicit
845 2095 859 2130 :
885 2074 1032 2130 Circa
1058 2076 1376 2128 matutinum.
1401 2073 1569 2137 Alius,
1593 2070 1716 2125 Cum
1741 2072 1865 2124 hora
1885 2086 1996 2122 nta-

428 2171 583 2223 tulina
609 2172 781 2222 instat.
810 2169 1093 2237 Postquam
1121 2165 1255 2220 dixit
1278 2165 1344 2219 de
1372 2164 1488 2234 eius
1517 2174 1778 2232 potestate
1805 2172 1860 2215 et
1891 2162 1997 2214 vir-

429 2272 566 2320 tute,
593 2271 650 2314 et
686 2260 736 2313 ei
765 2260 942 2312 omnia
973 2272 1092 2312 esse
1137 2257 1307 2311 facilia
1332 2297 1347 2320 ,
1396 2254 1463 2308 ad
1493 2255 1606 2323 ejus
1633 2269 1758 2322 erga
1786 2253 1998 2307 Judaros

428 2352 766 2422 providentia:
801 2359 1164 2419 argumentum
1190 2347 1451 2402 convertit
1473 2346 1786 2410 orationem,
1818 2345 1998 2412 paucis

423 2444 705 2498 ostendens
746 2459 863 2511 quae
891 2443 1028 2495 bona
1056 2440 1136 2494 eis
1172 2440 1292 2493 data
1338 2438 1552 2493 fuerint.
1584 2438 1677 2491 llic
1703 2438 1864 2501 enim,
1907 2437 1995 2505 qui

423 2545 503 2586 est
531 2535 662 2587 adeo
693 2533 843 2587 fortis
863 2573 876 2597 ,
907 2532 1041 2585 adeo
1068 2542 1255 2599 potens
1287 2529 1635 2598 terribilisque
1655 2569 1671 2594 ,
1699 2527 1787 2596 qui
1819 2528 1997 2580 omnia

423 2627 522 2680 fert
543 2636 594 2681 et
620 2628 722 2695 agit
748 2667 762 2690 ,
791 2629 877 2694 qui
924 2625 1099 2678 omnia
1125 2633 1320 2690 movet,
1352 2623 1618 2686 concutit,
1659 2631 1714 2676 et
1749 2619 1998 2673 transfert

421 2733 480 2770 ac
513 2717 756 2780 traducit,
807 2716 1042 2784 implevit
1069 2716 1333 2769 civitatem
1372 2726 1606 2767 nostrant
1640 2711 1790 2766 bonis
1837 2713 1994 2764 innu-

422 2807 604 2860 tneris.
636 2799 852 2860 Fluvios
879 2805 1019 2859 enim
1051 2805 1134 2859 hic
1159 2804 1449 2872 profusam,
1477 2802 1767 2871 copiosam,
1799 2812 1851 2855 et
1876 2817 1994 2869 qua:

419 2898 588 2950 arceri
618 2899 798 2966 nequit
833 2911 1182 2965 supernorum
1214 2894 1477 2949 donorum
1510 2893 1714 2961 copiam
1741 2893 1992 2954 ostendit,

422 2989 643 3056 perinde
677 3002 740 3042 ac
765 2989 807 3042 si
840 2989 1042 3042 diceret
1071 3003 1085 3039 :
1129 2987 1416 3056 Tamquam
1459 3001 1521 3040 ex
1556 2984 1785 3038 fontibus
1815 2984 1993 3036 omnia

420 3081 574 3135 nobis
595 3083 730 3135 bona
761 3081 1043 3150 profluunt.
1069 3080 1215 3135 Sicut
1251 3081 1390 3134 enim
1417 3078 1608 3132 ﬂuvius
1628 3078 1714 3147 qui
1737 3076 1993 3131 scinditur

421 3175 471 3227 in
500 3176 692 3229 tnultas
717 3188 915 3242 partes,
944 3173 1233 3241 subjectam
1263 3171 1530 3240 regionem
1559 3170 1738 3238 irrigat
1762 3185 1774 3221 :
1807 3169 1875 3221 ita
1903 3168 1992 3221 Dei

422 3266 745 3334 providentia
773 3265 916 3318 omni
943 3280 1007 3318 ex
1031 3272 1178 3334 parte
1205 3263 1394 3327 inﬂuit,
1423 3261 1630 3315 abunde
1653 3275 1990 3330 promanans,

422 3372 539 3410 cum
565 3373 783 3411 susurro
810 3356 1093 3427 perfluens,
1125 3364 1178 3410 et
1203 3355 1380 3410 omnia
1404 3355 1647 3421 impletis.
1683 3354 1794 3406 Non
1819 3353 1991 3406 solum

424 3455 594 3502 autem
622 3449 818 3516 praebet
848 3448 998 3502 nobis
1025 3447 1390 3509 securitatem,
1429 3443 1815 3510 iufractuntque
1840 3442 1992 3495 auxi-

425 3539 548 3591 lium
569 3581 585 3605 ,
625 3541 715 3594 sed
757 3542 915 3594 etiam
955 3537 1227 3608 spirituale
1253 3535 1499 3606 gaudium
1529 3552 1542 3587 :
1575 3543 1628 3588 et
1671 3533 1788 3587 ideo
1817 3533 1940 3586 dicit
1974 3547 1987 3584 :

419 3630 761 3698 Snnctiﬁcavit
795 3628 1166 3682 tabernaculum
1186 3643 1334 3681 suum
1363 3625 1661 3680 Altissimus.
1691 3624 1990 3689 Quinetiatn

421 3720 518 3774 ltoc
544 3722 717 3789 ipsum
741 3729 823 3774 est
851 3735 956 3773 non
984 3733 1140 3787 parva
1163 3731 1284 3787 pars
1314 3715 1572 3780 beneficii,
1599 3714 1993 3768 tabernaculum

419 3828 572 3866 suum
597 3813 772 3865 locum
795 3819 1028 3865 nostrum
1060 3824 1271 3864 vocare.

489 3904 544 3958 2.
585 3903 768 3972 Neque
792 3903 928 3956 enim
961 3911 1159 3957 temere
1179 3900 1358 3971 posuit
1384 3898 1536 3964 illud,
1567 3898 1870 3952 Altissimus.
1895 3896 1992 3963 Qui

418 4008 495 4053 est
525 4013 654 4067 ergo
681 3996 816 4051 adeo
849 3997 1020 4063 altus,
1053 3996 1142 4064 qui
1186 3995 1331 4049 nullo
1359 3994 1477 4049 loco
1505 3993 1990 4062 comprehenditur,

416 4092 507 4163 qui
533 4100 618 4147 est
653 4092 946 4146 substantia
974 4089 1272 4154 ineffabilis,
1302 4089 1548 4157 dignatus
1574 4096 1656 4142 est
1685 4101 1874 4140 vocare
1901 4101 1996 4138 no—

417 4193 580 4238 stram
608 4183 874 4236 civitatem
920 4195 1072 4234 suum
1119 4180 1547 4243 tabernaculum,
1592 4193 1815 4246 eamque
1850 4177 1994 4231 ontni

418 4291 481 4330 ex
511 4286 658 4344 parte
687 4274 942 4328 continet.
977 4272 1088 4327 lloc
1126 4273 1266 4326 enim
1294 4271 1391 4326 sibi
1420 4271 1532 4323 vult
1561 4269 1710 4337 illud,
1741 4268 1805 4322 ln
1831 4269 1994 4323 medio

422 4367 531 4434 ejus
557 4379 574 4417 .·
599 4363 1045 4431 quemadmodum
1076 4363 1234 4416 etiam
1268 4362 1394 4416 dicit
1425 4377 1439 4415 ε
1473 4361 1601 4414 Ecce
1629 4377 1718 4431 ego
1746 4359 1996 4414 vobiscum

417 4472 528 4509 sunt
559 4453 781 4526 (Matth.
809 4454 899 4508 ‘28.
931 4451 1060 4522 ‘20).
1094 4451 1336 4522 Undique
1364 4469 1479 4507 eam
1509 4452 1910 4520 complectitur;
1943 4461 1996 4505 et

421 4548 540 4600 ideo
585 4563 687 4599 non
718 4545 876 4600 modo
905 4544 1034 4599 nihil
1063 4559 1224 4614 grave
1263 4545 1506 4614 patietur,
1537 4544 1631 4598 sed
1661 4559 1727 4598 ne
1763 4558 1999 4597 conmin-

421 4639 627 4693 vebitur
655 4638 891 4708 quidem.
936 4635 1104 4690 Causa
1135 4645 1311 4690 autem
1341 4643 1454 4698 est,
1482 4634 1623 4704 quod
1661 4635 1996 4689 celerrimum

421 4729 721 4797 assequitur
741 4726 1018 4788 auxilium,
1048 4734 1228 4794 utpote
1246 4724 1387 4794 quod
1409 4725 1477 4777 sit
1506 4733 1802 4794 promptuut
1825 4731 1877 4778 et
1905 4738 1998 4793 pa-

427 4828 592 4872 ratum
618 4833 630 4869 :
658 4818 757 4870 hoc
782 4818 922 4870 enim
953 4816 1051 4869 sibi
1073 4816 1184 4868 vult
1214 4814 1362 4880 illud,
1395 4812 1547 4867 Mane
1570 4813 1792 4867 diluculo
1816 4829 1834 4866 :
1858 4813 1998 4882 quod

424 4927 528 4966 non
559 4909 821 4975 differtur,
854 4923 951 4962 nec
980 4905 1326 4976 protrahitur,
1355 4904 1447 4959 sed
1473 4912 1555 4958 est
1579 4919 1789 4972 semper
1815 4919 2000 4958 recens

420 5011 478 5056 et
506 5013 772 5070 vegetum,
805 5008 858 5053 et
895 4999 946 5052 in
979 5009 1214 5066 tempore
1243 5006 1559 5064 opportuno.
1599 4995 1650 5048 7.
1682 4994 2002 5048 Conturbata:

422 5104 539 5146 sunt
577 5101 766 5163 gentes.
809 5091 976 5154 Alius,
1010 5090 1336 5160 Congrcgatw
1361 5095 1475 5141 sunt
1516 5097 1703 5156 gentes.
1749 5084 2002 5139 Inclinata

420 5195 536 5236 sunt
558 5200 732 5253 regna.
749 5180 904 5235 Dedit
924 5197 1090 5234 uocem
1110 5196 1253 5233 suam
1276 5179 1579 5243 Altissimus,
1602 5185 1736 5230 mota
1755 5187 1826 5230 est
1846 5186 2000 5236 terra.

427 5274 672 5330 Ostendit
697 5273 783 5328 hic
827 5273 932 5327 vim
959 5272 1075 5340 ejus
1117 5271 1317 5324 auxilii.
1355 5269 1471 5324 Non
1514 5269 1654 5324 enim
1684 5268 2007 5336 quibuslibet

423 5363 815 5430 invadentibus,
843 5361 937 5416 sed
977 5361 1210 5431 regibus,
1237 5359 1483 5430 gentibus
1513 5358 1740 5427 undique
1765 5358 2003 5412 coeunti-

426 5457 544 5522 bus,
577 5470 736 5510 unam
763 5454 1033 5508 civitatem
1062 5452 1512 5507 circumdantibus
1537 5459 1590 5505 et
1614 5448 2000 5516 obsidentibus,

425 5564 528 5600 non
559 5545 720 5600 ntodo
750 5545 877 5598 nihil
907 5560 1064 5615 grave
1098 5543 1165 5596 ab
1191 5542 1270 5597 eis
1303 5557 1451 5611 paSsa
1477 5550 1579 5605 est,
1611 5539 1704 5594 sed
1734 5540 1891 5594 etiam
1922 5539 2003 5592 vi-

422 5640 518 5701 cit,
563 5637 854 5706 superavit,
886 5646 942 5690 et
984 5635 1173 5690 evertit
1220 5649 1314 5689 eos
1365 5633 1454 5702 qui
1506 5633 1841 5688 invadebant.
1894 5630 2005 5685 lloc

433 5733 570 5796 attint
600 5729 701 5788 sibi
735 5729 843 5784 vult
873 5727 1020 5795 illud,
1054 5725 1306 5782 Inclinato
1331 5735 1446 5780 euut
1477 5742 1649 5802 regna,
1677 5726 1810 5779 dedit
1840 5739 2004 5778 vocem

1531 316 1886 372 EXI’OSITIO
1928 316 1991 371 IN
2030 317 2346 372 PSALMUM
2386 317 2544 372 XLV.

3587 325 3692 378 206

2103 442 2252 483 suam
2277 432 2564 486 Altissimus
2591 449 2609 484 :
2638 433 2856 503 perinde
2884 449 2945 488 ac
2974 435 3018 488 si
3044 435 3264 501 dixeris,
3304 437 3396 491 Vel
3437 438 3550 492 Solo
3577 440 3685 491 cla-

2108 536 2257 576 more
2297 523 2438 592 cepit
2465 525 2643 580 urbes.
2677 525 2906 579 Verbum
2936 528 3147 597 quidem
3178 544 3434 595 crassum,
3466 542 3519 584 et
3543 533 3684 600 quod

2110 615 2342 667 humano
2379 630 2529 668 more
2571 615 2769 669 dictum
2820 626 2901 670 est
2929 635 2942 670 :
2973 633 3144 690 neque
3173 618 3316 674 enim
3361 619 3523 673 vincit
3551 621 3692 676 Deus

2109 718 2239 758 voce
2268 712 2322 758 et
2359 705 2621 770 clamore,
2649 707 2742 760 sed
2772 708 2884 761 solo
2914 719 3040 762 ntttu
3071 717 3124 763 et
3151 717 3438 765 voluntate.
3469 710 3572 766 Sed
3607 723 3688 766 ta-

2108 811 2229 850 men
2260 812 2323 850 ex
2356 797 2437 850 bis
2457 814 2665 868 quoque
2693 798 3040 854 crassioribus
3070 817 3191 854 cum
3221 803 3529 869 sustollens,
3566 803 3682 859 aliis

2108 885 2349 942 altiorem
2373 889 2660 946 dictionem
2691 891 3026 961 exeogitavit.
3056 893 3188 960 Quia
3223 895 3365 949 enim
3393 913 3511 950 eum
3539 912 3682 952 sem-

2111 995 2203 1048 per
2231 980 2517 1035 iutroducit
2563 992 2860 1048 armatum,
2891 985 3180 1038 ostendens
3225 986 3310 1039 illa
3340 987 3514 1040 omnia
3546 988 3686 1042 dicta

2109 1086 2227 1124 esse
2253 1072 2631 1140 metapltorice,
2659 1083 2713 1127 et
2743 1075 2960 1141 tropice,
2985 1086 3039 1128 ct
3067 1084 3122 1130 ut
3145 1092 3204 1131 se
3246 1077 3310 1130 ad
3340 1089 3577 1132 nostrum
3601 1097 3689 1133 ca-

2109 1173 2254 1231 ptum
2281 1162 2710 1218 acconunodarct
2731 1164 2894 1235 (Deus
2916 1167 3054 1220 enim
3075 1169 3220 1222 nullo
3239 1185 3421 1222 eorum
3442 1171 3683 1241 indiget),

2107 1251 2385 1320 subjuuxit
2417 1271 2430 1306 :
2461 1251 2610 1306 Dedit
2652 1270 2817 1307 vocent
2855 1273 3029 1320 suam,
3060 1267 3104 1310 et
3133 1270 3381 1313 commota
3412 1273 3482 1314 est
3517 1273 3688 1322 terra;

2107 1341 2394 1396 ostendens
2412 1346 2583 1411 ipsum
2605 1360 2707 1398 non
2729 1345 2899 1399 solum
2924 1348 3101 1417 urbes,
3121 1358 3322 1415 gentes,
3345 1360 3399 1404 et
3423 1353 3683 1420 regiones,

2105 1433 2197 1486 sed
2234 1433 2403 1501 ipsum
2441 1435 2598 1488 etiam
2629 1437 2946 1491 elementum
2977 1447 3279 1494 concutere.
3316 1440 3461 1496 Solet.
3505 1455 3683 1496 autem

2110 1531 2302 1576 terram
2327 1539 2536 1593 quoque
2561 1541 2751 1581 vocare
2781 1529 3188 1596 multitudinem,
3215 1539 3269 1584 ut
3289 1532 3499 1600 quando
3521 1533 3646 1585 dicit
3668 1549 3683 1585 :

2106 1611 2173 1666 Et
2203 1625 2307 1666 erat
2334 1617 2495 1669 omnis
2515 1627 2647 1670 terra
2681 1619 2867 1671 fabium
2907 1637 3058 1672 unum
3089 1620 3243 1690 (Gen.
3275 1625 3356 1676 Η.
3389 1624 3461 1693 1).
3497 1625 3549 1678 8.
3581 1623 3689 1677 Do-

2107 1707 2268 1759 minus
2294 1709 2531 1760 virtutum
2556 1709 2828 1764 nobiscton.
2857 1711 3130 1780 Susceptor
3151 1726 3317 1768 noster
3344 1714 3480 1768 Deus
3502 1715 3683 1769 Jacob.

2107 1797 2358 1852 Hebraeus
2384 1809 2558 1853 autem
2588 1816 2682 1869 pro
2711 1815 2776 1855 eo
2805 1801 2943 1872 quod
2975 1813 3075 1866 est,
3115 1802 3399 1872 Virtutum,
3427 1806 3557 1860 dixit
3582 1807 3683 1860 Su-

2104 1889 2273 1943 baotlt.
2307 1890 2436 1944 Vide
2485 1892 2753 1960 quomodo
2781 1908 2811 1946 a
2841 1903 2975 1946 terra
3006 1894 3138 1948 tollit
3167 1897 3460 1950 orationem
3489 1899 3553 1952 ad
3584 1916 3684 1955 cae.

2104 1981 2235 2046 lum,
2263 1983 2328 2036 ad
2352 1983 2584 2036 infinitos
2613 1984 2920 2053 angelorum
2948 1997 3138 2050 eteius,
3168 1989 3230 2039 ad
3250 1999 3434 2057 gentes
3457 1990 3685 2043 archan-

2105 2075 2364 2140 gelorum,
2393 2073 2456 2127 ad
2490 2091 2745 2142 supernas
2778 2085 3084 2145 potestates.
3118 2079 3252 2143 Quid
3281 2084 3420 2132 enim
3447 2081 3570 2132 ιιιίΙιί
3601 2081 3684 2135 di-

2103 2164 2180 2216 cis
2208 2175 2402 2228 castra,
2433 2165 2705 2227 barbaros,
2735 2175 2787 2218 et
2817 2167 3060 2219 homines
3089 2169 3176 2236 qui
3210 2172 3471 2237 pereunt?
3497 2171 3686 2225 Consi-

2103 2255 2228 2309 dera
2258 2256 2374 2324 cjtts
2402 2258 2539 2310 vires
2562 2273 2627 2309 ex
2658 2273 2820 2326 regno
2851 2258 2989 2324 quod
3024 2261 3073 2312 iit
3105 2261 3248 2313 ClDllS
3283 2263 3479 2315 obtinet
3512 2283 3523 2317 :
3557 2273 3685 2332 quot

2105 2348 2445 2402 invisibilium
2494 2358 2806 2416 potestatum
2836 2351 3099 2402 exercitus
3145 2352 3242 2404 sub
3281 2366 3339 2404 se
3381 2352 3572 2406 haheat
3598 2354 3682 2406 itt-

2101 2449 2355 2494 struclos.
2401 2440 2563 2494 llccte
2591 2451 2767 2494 autem
2804 2457 2897 2495 eos
2923 2443 3208 2511 appellavit
3249 2443 3503 2510 virtutes,
3539 2447 3683 2499 vires

2103 2546 2287 2586 eorum
2317 2530 2606 2584 ostendens
2633 2547 2645 2582 :
2675 2529 2769 2585 sed
2797 2533 2954 2585 etiam
2982 2531 3108 2586 dicit
3127 2533 3250 2586 alibi
3281 2549 3295 2586 :
3327 2533 3557 2588 Potentes
3583 2537 3677 2588 υἱι-

2101 2631 2220 2685 tute,
2264 2623 2498 2691 facientes
2528 2621 2730 2674 verbum
2771 2623 2878 2691 ejus
2915 2621 3086 2691 (Psal.
3127 2625 3243 2677 102.
3291 2625 3422 2693 20).
3473 2626 3690 2680 Etenim

2103 2730 2237 2767 unus
2265 2715 2482 2783 angelus
2508 2729 2628 2767 cum
2671 2714 2956 2782 aliquando
2985 2724 3128 2769 esset
3157 2732 3400 2784 egressus
3423 2759 3435 2780 ,
3469 2727 3680 2772 centum

2101 2807 2361 2876 octoginta
2384 2807 2616 2875 quinque
2639 2807 2796 2859 millia
2821 2807 3032 2861 sustulit
3057 2806 3130 2876 (4.
3152 2808 3277 2878 Reg.
3305 2810 3387 2863 l9.
3412 2810 3524 2876 '55).
3546 2812 3678 2875 Quid

2103 2900 2288 2968 igitur,
2323 2899 2365 2952 si
2409 2908 2488 2952 est
2516 2898 2725 2966 quidem
2759 2907 2972 2966 potens,
3017 2915 3124 2951 non
3155 2900 3268 2953 vult
3310 2910 3482 2953 autem
3531 2902 3683 2955 nobis

2101 3010 2312 3048 immuni
2353 2995 2624 3064 praebere?
2649 2995 2808 3063 Atqui
2839 3010 2904 3048 ne
2945 2995 3045 3050 hoc
3079 2995 3315 3049 timueris
3343 3011 3356 3047 :
3391 2996 3509 3050 idco
3537 2996 3678 3050 enim

2101 3087 2372 3157 subjunxit
2394 3127 2409 3153 ,
2439 3087 2715 3157 Susceptor
2739 3098 2923 3141 noster.
2953 3087 3020 3141 Et
3050 3088 3159 3141 vult
3185 3091 3342 3158 igitur
3366 3099 3418 3142 et
3461 3097 3634 3157 potest
3662 3109 3678 3145 :

2101 3197 2166 3233 ne
2206 3196 2333 3249 ergo
2363 3182 2566 3233 timeas.
2597 3179 2731 3247 Quid
2771 3179 2814 3232 si
2847 3195 2942 3232 nos
2968 3196 3153 3234 smnus
3185 3181 3380 3250 indigni
3402 3181 3425 3234 ?
3450 3180 3554 3235 Sed
3586 3181 3681 3235 lia-

2101 3271 2287 3326 bcmus
2314 3288 2342 3324 a
2372 3272 2606 3340 patribus
2634 3270 2877 3323 traditam
2909 3269 3023 3338 ejus
3060 3271 3110 3323 in
3141 3286 3236 3324 nos
3277 3271 3676 3339 benignitatem.

2101 3361 2211 3416 lloc
2239 3364 2413 3432 itaque
2441 3361 2746 3430 subjiciens,
2775 3361 2928 3424 dixit,
2963 3360 3096 3413 Deus
3123 3361 3282 3415 Jacob
3303 3377 3322 3415 :
3356 3362 3502 3431 quasi
3530 3361 3678 3416 dice-

2099 3463 2198 3520 rel,
2228 3454 2342 3508 Jam
2370 3455 2495 3506 olim
2519 3495 2534 3519 ,
2564 3463 2618 3508 et
2643 3454 2709 3509 ab
2740 3453 2887 3507 initio
2915 3454 3026 3506 lare
3057 3453 3151 3506 fuit
3173 3470 3386 3524 semper
3410 3453 3524 3523 ejus
3550 3469 3678 3507 con-

2098 3544 2340 3598 suetudo.
2383 3543 2679 3610 Diapsalma
2723 3543 2822 3614 (a).
2875 3545 3045 3610 Alius,
3076 3543 3309 3613 Semper.
3339 3543 3392 3597 9.
3437 3543 3605 3597 Venite
3633 3552 3680 3596 et

2099 3638 2256 3690 videte
2277 3651 2430 3703 opera
2456 3634 2682 3700 Domini,
2717 3650 2828 3703 qua:
2850 3636 3013 3700 posuit
3042 3634 3272 3704 prodigia
3297 3651 3447 3701 super
3471 3643 3674 3697 terram,

2101 3726 2186 3779 ll).
2215 3728 2447 3795 auferens
2467 3723 2596 3777 bella
2619 3739 2775 3794 usque
2801 3723 2868 3775 ad
2888 3724 3014 3791 fines
3034 3734 3196 3776 terrte.
3225 3725 3410 3775 Arcum
3438 3731 3675 3786 conteret,

2099 3827 2146 3872 et
2175 3816 2452 3886 confringet
2479 3832 2619 3868 arma
2648 3815 2819 3885 (alius,
2853 3813 3152 3882 Confregit),
3180 3822 3227 3866 et
3251 3814 3450 3881 clypeos
3475 3811 3680 3863 combu-

2099 3919 2170 3961 ret
2199 3909 2322 3977 igni.
2356 3907 2523 3972 Alius,
2549 3914 2596 3959 et
2624 3921 2799 3958 currus
2842 3905 3096 3956 comburat
3135 3905 3186 3955 in
3223 3903 3348 3971 igni.
3393 3901 3683 3967 Postquam

2099 3997 2234 4053 dixit
2261 3997 2327 4051 de
2358 4006 2497 4050 terra
2522 4038 2537 4062 ,
2568 3995 2634 4050 de
2665 3995 2832 4061 mari,
2873 3995 2941 4048 de
2983 3993 3280 4057 montibus,
3308 3991 3375 4044 de
3417 3990 3686 4059 spiritual't

2099 4105 2217 4158 qua:
2247 4088 2373 4156 ipsis
2403 4086 2538 4140 facta
2563 4093 2645 4139 est
2669 4085 2820 4155 copia
2840 4125 2855 4149 ,
2901 4084 2968 4137 de
2997 4083 3192 4136 auxilio
3212 4123 3226 4145 ,
3257 4081 3321 4134 ad
3351 4088 3689 4150 Spectatores.

2099 4193 2286 4234 rursus
2329 4185 2692 4245 argumentum
2722 4173 2994 4238 extendit,
3027 4187 3122 4227 eos
3148 4185 3342 4225 vocans
3383 4169 3448 4223 ad
3481 4178 3684 4236 tropma-

2101 4289 2166 4327 ex
2199 4287 2381 4340 inagna
2414 4269 2700 4338 voluptate,
2728 4277 2781 4320 et
2809 4280 3012 4319 summa
3050 4265 3101 4317 in
3134 4261 3411 4316 Dominum
3437 4260 3679 4313 affectio-

2103 4379 2169 4417 ne
2189 4405 2201 4428 ,
2234 4373 2286 4417 et
2314 4375 2536 4414 narrans
2569 4356 2812 4411 victorias
2839 4371 2970 4424 quas
3004 4369 3099 4423 pro
3127 4353 3207 4408 eis
3236 4353 3482 4406 obtinuit.
3518 4351 3680 4413 ltecte

2101 4463 2277 4507 autem
2306 4451 2458 4513 dixit,
2490 4447 2756 4517 Prodigia,
2783 4462 2887 4498 non
2910 4455 3084 4498 autem
3109 4443 3356 4497 victorias
3379 4452 3432 4496 et
3457 4450 3676 4509 tropica.

2103 4543 2215 4599 Non
2237 4544 2376 4597 enim
2403 4557 2519 4611 qua:
2548 4539 2739 4593 fiebant
2759 4578 2774 4602 ,
2806 4546 2953 4590 certo
2979 4535 3166 4589 ordine
3192 4543 3246 4588 et
3271 4533 3409 4587 serie
3451 4531 3683 4601 :gebanq

2105 4648 2233 4691 tur:
2281 4648 2382 4687 nec
2430 4631 2594 4684 armis
2641 4639 2695 4683 et
2744 4628 2936 4680 virtute
2985 4641 3266 4694 corporum
3297 4622 3687 4678 decernebatur-

2104 4724 2365 4796 praelium,
2397 4721 2490 4776 sed
2543 4719 2634 4774 Dei
2682 4728 2833 4783 nutu,
2888 4716 3046 4770 rebus
3094 4715 3512 4784 significantibus
3557 4727 3686 4770 ειιιιι

2104 4833 2222 4872 cssc
2245 4816 2641 4884 Imperatorem.
2664 4810 2920 4878 Quoniam
2943 4808 3082 4862 enim
3110 4816 3352 4875 potentes
3384 4803 3683 4857 vincebanq

2108 4917 2192 4961 tur
2211 4906 2277 4959 ab
2302 4902 2600 4966 imbecillis,
2629 4899 2778 4955 multi
2813 4916 2842 4951 a
2877 4898 3076 4967 paucis,
3102 4898 3188 4966 qui
3219 4895 3545 4949 dominatum
3571 4891 3646 4945 ob

2108 4999 2371 5062 titubant,
2403 4995 2468 5048 ab
2495 4995 2556 5048 iis
2578 4993 2666 5062 qui
2691 4992 2770 5046 eis
2808 4991 3094 5060 parebant,
3120 4997 3175 5041 et
3200 5001 3284 5040 res
3312 4994 3502 5054 prieter
3530 4999 3608 5052 sp!

2107 5091 2481 5151 succedemut,
2511 5101 2573 5140 ea
2596 5086 2714 5154 jure
2741 5092 2892 5137 vocat
2923 5078 3180 5149 prodigia,
3213 5085 3268 5130 ut
3288 5093 3404 5145 quae
3439 5075 3624 5128 admir;

2109 5183 2283 5237 biliter
2303 5191 2356 5235 et
2381 5187 2572 5248 praeter
2590 5189 2741 5245 spem
2766 5169 3104 5237 eveniebant,
3131 5176 3185 5224 et
3205 5166 3397 5236 ubique
3424 5175 3680 5224 terraru...

2108 5289 2292 5347 sparsa
2313 5273 2553 5342 lfuerant.

2180 5367 2231 5420 5.
2278 5364 2390 5417 Pas:
2417 5362 2469 5412 in
2496 5369 2679 5414 terram
2700 5370 2787 5424 per
2809 5352 3059 5407 Christum
3077 5350 3266 5411 allata;
3295 5347 3442 5418 ignis,
3471 5348 3547 5400 ira
3567 5345 3683 5400 Dei.

2109 5455 2293 5510 —Non
2312 5449 2633 5506 aberraverit
2647 5455 2823 5499 autem
2839 5441 3119 5512 quispiam,
3132 5440 3174 5494 si
3193 5439 3293 5494 hoc
3309 5454 3400 5509 per
3415 5433 3684 5507 anago‘gcn

2111 5547 2175 5603 ad
2206 5556 2440 5616 prxscns
2463 5539 2622 5594 etiam
2648 5545 2856 5605 tempus
2881 5531 3252 5602 destunpserit.
3291 5531 3517 5586 Difficile
3539 5529 3682 5582 enim

2182 5726 2254 5790 (α)
2298 5717 2588 5786 ιῑαρδαίιηα,
2614 5726 2702 5780 pro
2726 5725 2822 5777 quo
2849 5711 3043 5761 t-tebraei
3065 5710 3265 5771 habent,
3288 5707 3412 5760 Scia.
