4086 6268
495 313 597 370 207

491 428 792 484 (lannonum
821 429 1021 486 bellum
1051 433 1312 505 confecit,
1354 447 1405 491 et
1429 453 1524 507 per
1564 439 1867 497 universum
1895 443 2077 498 orbem

492 528 649 575 terrae
678 536 862 590 pacem
890 523 1128 580 extendit
1156 544 1169 579 :
1203 527 1329 596 quin
1355 529 1514 583 etiam
1565 531 1704 601 quod
1734 533 1834 587 sub
1859 548 2076 590 sensum

487 612 666 679 cadit,
716 629 899 669 eorum
944 615 1139 672 bellum
1169 618 1390 687 depulit.
1436 621 1586 689 Quod
1634 623 1815 677 Esaias
1866 641 2075 696 quoth

488 704 793 772 signiﬁcans
820 706 1031 764 dicebat
1057 726 1070 762 :
1100 709 1414 765 Contundent
1434 713 1631 784 gladios
1657 733 1772 770 suos
1798 718 1851 770 in
1881 730 2071 781 aratra,

484 805 530 848 et
555 801 755 851 lanceas
798 816 915 852 suas
964 800 1017 854 in
1061 801 1249 872 falces,
1279 813 1324 857 et
1349 821 1447 857 non
1476 816 1636 859 sumet
1676 825 1796 878 gens
1835 809 2073 864 adversus

484 896 676 955 gentem
696 888 942 959 gladium,
972 908 1060 945 nec
1082 892 1270 947 discent
1291 895 1509 964 amplius
1531 897 1717 952 bellare
1742 898 1890 971 (Isai.
1914 900 1969 955 2.
1988 901 2064 969 4).

487 978 623 1033 Ante
650 979 843 1037 (Ihristi
873 982 1012 1037 enim
1057 985 1368 1053 adventum,
1397 1003 1584 1044 omnes
1612 990 1856 1047 homines
1902 995 2068 1049 armis

484 1068 898 1138 instruebantur,
925 1084 978 1127 et
1003 1076 1178 1130 nullus
1200 1089 1316 1133 erat
1336 1077 1403 1133 ab
1424 1079 1525 1134 hoc
1548 1097 1768 1138 munere
1796 1085 2063 1153 immunis,

482 1171 538 1215 et
556 1161 797 1217 civitates
828 1166 1131 1235 pugnabant
1149 1167 1404 1224 adversus
1425 1172 1685 1238 civitates,
1719 1186 1772 1231 et
1794 1177 1934 1232 bello
1961 1179 2067 1235 ubi-

479 1266 584 1318 que
610 1252 1019 1324 conﬂigebatur;
1051 1274 1191 1315 nunc
1216 1269 1392 1315 autem
1436 1265 1606 1332 major
1634 1280 1755 1334 pars
1786 1278 1941 1324 terra:
1970 1269 2064 1326 de-

478 1343 553 1411 git
582 1343 634 1397 in
681 1360 828 1414 pace,
861 1349 1107 1404 omnibus
1132 1367 1319 1409 secure
1349 1363 1490 1409 artes
1516 1359 1907 1425 exercentibus,
1940 1371 2063 1417 ter—

480 1447 590 1487 ram
633 1436 962 1505 colentilms,
994 1450 1047 1496 et
1076 1457 1223 1498 mare
1270 1447 1637 1517 navigantibus
1670 1467 1685 1502 :
1716 1461 1839 1505 sunt
1882 1463 2057 1510 autem

482 1527 633 1591 pauci
661 1529 887 1597 milites,
919 1534 1006 1602 qui
1034 1549 1131 1604 pro
1165 1536 1282 1591 aliis
1314 1541 1561 1596 omnibus
1598 1543 1843 1599 militant.
1878 1547 2060 1615 Quin—

478 1619 638 1671 etiam
698 1634 882 1675 eorum
926 1639 1137 1695 quoque
1179 1629 1355 1685 nullus
1424 1642 1566 1704 esset
1602 1651 1728 1690 usus
1773 1639 2053 1710 reliquus,

475 1707 518 1759 si
569 1723 687 1777 quae
716 1710 871 1767 decet
900 1713 1223 1783 faceremus,
1271 1730 1326 1775 et
1366 1738 1471 1776 non
1515 1740 1648 1794 opus
1699 1725 2053 1799 haberemus,

478 1805 533 1850 ut
566 1805 1130 1873 commonclieremus,
1180 1809 1247 1863 ab
1302 1811 1697 1871 afﬂictionibus.
1742 1819 1919 1889 Ignem
1961 1839 2058 1877 au-

474 1897 580 1942 tem
629 1891 712 1946 hic
768 1905 921 1949 vocat
972 1898 1088 1967 ejus
1140 1901 1311 1970 iram,
1354 1912 1408 1960 et
1457 1904 1584 1962 dicit
1628 1924 1740 1964 rem
1792 1928 1911 1982 qua:
1967 1929 2055 1968 ac-

427 2052 430 2055 ,
472 1978 639 2046 cidit,
698 1985 839 2054 quod
885 1988 1089 2044 scilicet
1138 2006 1284 2047 arma
1339 2011 1522 2051 eorum
1571 2009 1624 2054 et
1665 2017 1853 2059 currus
1907 2021 2054 2062 com-

471 2071 757 2142 husserint,
808 2093 930 2132 cum
980 2095 1073 2136 eos
1111 2098 1206 2153 per
1253 2086 1356 2140 vim
1399 2089 1671 2157 vicissent,
1704 2095 1844 2163 quod
1889 2097 2048 2155 etiam

467 2163 596 2219 dicit
636 2165 884 2225 Ezechiel
920 2170 1151 2243 (Ezeclt.
1183 2177 1270 2233 59.
1304 2179 1447 2249 l0);
1491 2193 1545 2237 et
1566 2184 1885 2255 quicumque
1926 2200 2052 2246 sunt

471 2255 691 2312 studiosi
722 2272 933 2317 .norunt
978 2264 1276 2323 historiam.
1309 2272 1393 2326 11.
1430 2271 1615 2330 Vacate
1641 2288 1686 2332 et
1716 2279 1901 2347 videte,
1922 2298 2049 2353 quo-

467 2349 602 2403 niam
622 2369 712 2423 ego
736 2370 846 2408 sum
872 2356 1024 2414 Deus.
1059 2359 1347 2419 Eraltabor
1373 2368 1424 2420 in
1443 2370 1691 2438 gentibus,
1721 2382 1767 2427 et
1788 2349 2048 2430 exaltabor

462 2440 517 2494 in
540 2453 693 2498 terra.
724 2447 893 2514 Alius,
926 2449 1208 2519 Curamini,
1240 2464 1286 2508 et
1313 2462 1620 2527 cognoscite.
1656 2464 1808 2518 Alius
1828 2506 1842 2528 ,
1878 2466 2044 2523 Sinite

464 2542 517 2584 ut
548 2540 862 2604 cognoscatis
888 2557 907 2595 :
928 2541 1183 2600 llebrarus
1203 2557 1377 2601 autem
1418 2551 1565 2616 dicit,
1602 2553 1880 2626 Guarpltou
1918 2575 2040 2613 oua-

462 2622 583 2677 dou.
602 2625 696 2680 llic
715 2628 842 2684 mihi
863 2633 1072 2690 videtur
1090 2638 1282 2708 alloqui
1301 2650 1508 2711 gentes,
1534 2622 1913 2715 propemodum
1942 2651 2043 2709 hoc

465 2714 650 2773 dicens
676 2735 695 2773 :
733 2721 965 2779 Novistis
994 2729 1204 2796 quidem
1234 2732 1348 2800 ejus
1378 2734 1521 2792 vires
1546 2777 1559 2800 ,
1605 2750 1659 2792 et
1706 2743 1993 2809 potentiam
2019 2786 2035 2811 ,

457 2823 576 2874 qum
603 2810 794 2881 ubique
833 2823 1091 2872 terrarum
1135 2835 1193 2875 se
1236 2824 1509 2880 extendit:
1562 2843 1695 2898 opus
1742 2841 1825 2886 est
1861 2843 2036 2889 autem

458 2898 610 2953 vobis
637 2902 769 2969 otio,
799 2920 933 2973 opus
962 2920 1043 2962 est
1065 2925 1196 2965 sano
1232 2915 1430 2969 animo.
1456 2917 1568 2973 lloc
1589 2935 1747 2987 porro
1776 2924 2038 2993 signiﬁcat

455 2991 614 3045 etiam
647 2994 795 3063 illud,
841 2997 1005 3052 Sinite
1036 3016 1055 3054 :
1082 3003 1329 3059 Errorcm
1370 3006 1639 3073 dimittite,
1668 3026 1696 3063 a
1729 3013 1888 3080 priori
1916 3016 2037 3071 vita}

457 3082 697 3140 instituto
744 3089 979 3144 rccedite
1003 3131 1019 3156 ,
1071 3107 1099 3146 a
1150 3110 1328 3150 rerum
1372 3098 1730 3168 improharum
1754 3143 1769 3169 ,
1793 3121 1910 3175 qua:
1942 3123 2034 3163 vos

452 3174 731 3243 detinent,
763 3183 991 3253 caligine
1023 3187 1281 3253 respirate
1308 3229 1323 3255 ,
1358 3199 1414 3243 ut
1452 3190 1665 3248 deducti
1714 3213 1742 3249 a
1791 3174 2031 3255 doctrina

452 3267 845 3336 miraculorum,
864 3276 1147 3348 quietaque
1174 3281 1352 3334 animo
1380 3283 1606 3352 prtcditi,
1638 3287 1798 3341 Deum
1823 3292 2035 3346 univcr-

450 3374 629 3414 sorum
660 3367 978 3432 agnoscatis.
1008 3369 1190 3440 Neque
1221 3375 1360 3428 enim
1406 3377 1660 3432 miracula
1705 3380 1876 3435 solum
1923 3384 2031 3437 suf-

455 3451 661 3518 ficiunt,
695 3455 793 3508 nisi
842 3457 980 3513 adsit
1025 3463 1141 3528 pius
1167 3473 1220 3517 et
1246 3474 1426 3534 gratus
1468 3468 1697 3523 animus.
1728 3471 1858 3525 Nam
1890 3474 2026 3543 apud

446 3538 661 3595 Judaaos
691 3558 902 3614 quoque
932 3547 1067 3603 facta
1096 3561 1217 3605 sunt
1243 3555 1515 3621 miracula,
1550 3574 1646 3613 nec
1671 3576 1736 3614 ex
1762 3562 1840 3616 eis
1868 3538 2026 3633 quid-

449 3645 611 3699 quam
643 3634 985 3693 emolumenti
1024 3641 1089 3695 ad
1134 3642 1343 3698 illorum
1399 3648 1620 3704 salutem
1665 3652 1878 3708 allatum
1922 3667 2022 3712 est.

445 3722 903 3786 Quemadmodum
937 3731 1077 3784 enim
1123 3749 1226 3788 non
1268 3736 1539 3794 sufﬁciunt
1571 3742 1698 3797 solis
1720 3745 1890 3811 radii,
1922 3747 2023 3802 nisi

448 3814 637 3869 oculus
666 3831 879 3888 quoque
925 3822 995 3876 sit
1021 3838 1185 3892 purus
1210 3835 1264 3881 et
1306 3843 1506 3907 sanus:
1547 3832 1616 3886 ita
1646 3848 1745 3888 nec
1783 3834 1872 3892 hic
1907 3838 2024 3907 qui-

451 3904 573 3959 dem
604 3907 714 3962 sola
746 3908 1003 3966 miracula
1039 3913 1333 3972 sufﬁciunt.
1367 3904 1628 3986 Quocirca
1656 3939 1776 3979 cum
1819 3926 1886 3980 de
1917 3928 2021 3984 illis

443 3995 808 4065 disseruisset,
838 4001 1085 4060 hortatur
1112 4022 1206 4062 eos
1231 4009 1324 4078 qui
1352 4021 1476 4067 sunt
1514 4029 1579 4070 ex
1610 4014 1714 4070 illis
1739 4018 2019 4073 utilitatem

444 4091 653 4159 capturi
678 4132 695 4158 ,
739 4102 797 4149 ut
826 4097 1142 4168 resipiscam
1165 4115 1193 4154 a
1218 4104 1370 4159 malis
1396 4122 1515 4177 quae
1535 4124 1631 4164 eos
1657 4120 1848 4180 captos
1876 4113 2017 4168 deti-

438 4190 584 4247 nent,
613 4192 674 4238 ut
704 4187 911 4253 possint
928 4204 1255 4262 cognoscere
1284 4197 1446 4252 Deum
1475 4201 1866 4259 universorum.
1907 4204 2015 4260 Va-

434 4281 566 4339 cote,
598 4285 644 4328 et
675 4277 852 4343 uidete,
874 4285 1115 4351 quoniam
1138 4302 1231 4357 ego
1257 4305 1369 4342 sum
1390 4289 1548 4359 Deus,
1583 4309 1686 4350 non
1710 4296 2012 4365 simulacra,

442 4381 540 4418 nec
562 4375 772 4424 statum.
822 4372 1021 4432 Vacatc
1066 4378 1263 4448 igitur,
1313 4392 1368 4437 et
1413 4386 1578 4440 multa
1619 4388 2011 4448 evidentissima

432 4454 587 4510 vobis
616 4472 926 4527 argumenta
953 4470 1253 4525 ostendam.
1284 4473 1392 4527 lloc
1423 4476 1564 4530 enim
1591 4478 1691 4532 sibi
1718 4481 1833 4535 vult
1856 4482 2008 4549 illud,

446 4544 726 4602 lia-altabor
746 4552 797 4605 in
827 4557 1051 4623 gentibus
1072 4600 1086 4622 ,
1115 4570 1159 4613 et
1194 4564 1458 4619 exaltabor
1483 4568 1535 4621 in
1566 4578 1699 4623 terra
1720 4613 1737 4638 ,
1777 4571 1877 4627 hoc
1900 4587 2006 4639 est,

435 4636 538 4691 Per
560 4653 722 4707 opera
745 4643 894 4698 vobis
926 4663 1150 4718 magnus
1182 4663 1236 4706 et
1271 4656 1511 4712 excelsus
1536 4662 1806 4716 ostendor.
1843 4665 2009 4721 Habet

429 4731 572 4785 cnim
623 4736 890 4805 propriam
945 4740 1277 4815 altitudinem
1322 4764 1447 4815 pura
1496 4752 1621 4819 illa,
1680 4755 1747 4811 ab
1793 4758 2005 4814 interitu

430 4820 608 4878 aliena
658 4835 712 4878 ct
760 4827 1043 4887 ineﬁ'abilis
1090 4844 1298 4891 natura.
1350 4840 1454 4895 Sed
1485 4846 1736 4911 quoniam
1763 4864 1859 4904 vos
1886 4866 2003 4906 eam

431 4930 538 4969 non
561 4919 883 4988 perspicitis.
911 4938 1027 4976 eam
1059 4926 1207 4981 vobis
1242 4945 1334 4996 per
1359 4945 1521 5000 opera
1552 4939 1854 4993 ostendam.
1885 4941 2000 4998 Non

421 5007 595 5063 solum
625 5019 809 5065 autem
842 5012 892 5065 in
925 5014 1230 5086 Palaestina,
1263 5036 1362 5077 nec
1418 5023 1588 5079 solum
1618 5026 1997 5102 Jerosolymis,

421 5097 515 5154 sed
541 5103 700 5155 etiam
730 5103 871 5174 apud
918 5121 1015 5162 vos
1066 5118 1273 5177 gentes.
1309 5112 1382 5168 Ita
1418 5130 1547 5186 ergo
1577 5119 1874 5186 exaltatur,
1906 5140 2001 5180 eos

416 5191 636 5247 vincens
681 5210 745 5250 ac
781 5210 1083 5265 superans,
1132 5202 1385 5260 miracula
1442 5208 1641 5264 faciens
1688 5211 1994 5285 Babylone,

427 5284 680 5339 miracula
710 5288 761 5341 in
805 5287 1059 5360 )Egypto,
1095 5294 1347 5350 miracula
1379 5297 1431 5351 in
1459 5300 1670 5356 deserto
1693 5345 1706 5369 ,
1741 5307 1992 5364 miracula

413 5385 512 5437 per
540 5377 844 5433 universum
889 5383 1074 5437 orbem
1102 5391 1366 5442 terrarum
1393 5429 1408 5452 ,
1450 5399 1507 5444 ut
1532 5392 1606 5446 illi
1639 5395 1871 5466 undique
1896 5398 1993 5453 ha-

415 5462 577 5517 beant
604 5467 898 5527 doctrinam
946 5476 1062 5545 ejus
1103 5480 1444 5549 cognitionis.
1495 5485 1584 5539 12.
1629 5462 1875 5546 Dominus
1901 5497 1993 5548 vir-

411 5563 572 5607 tutum
599 5559 886 5629 nobiscum,
913 5578 1174 5638 susceptor
1197 5581 1366 5627 noster
1394 5573 1532 5628 Deus
1571 5576 1752 5634 Iacob.
1783 5582 1879 5639 llic
1904 5596 1987 5641 est

413 5660 542 5716 ergo
568 5648 733 5719 Deus,
757 5655 849 5723 qui
898 5670 978 5712 est
1019 5663 1212 5730 ubique
1253 5681 1475 5736 magnus
1499 5710 1513 5734 ,
1542 5672 1631 5738 qui
1675 5684 1756 5727 est
1793 5675 1988 5747 ubique

408 5737 671 5807 esctlsus,
704 5743 746 5798 is
775 5759 988 5816 semper
1014 5753 1158 5808 stetit
1196 5755 1490 5813 nobiscum.
1533 5760 1609 5816 Ne
1639 5778 1765 5835 ergo
1797 5766 1984 5825 timea-

1169 319 1221 377 S.
1263 320 1542 381 JOANNIS
1602 324 2071 385 CllRYSOSTOMI
2113 331 2426 389 ARCIIIEP.
2468 334 3000 399 CONSTANTINOP.

3668 361 3770 416 9.(18

2188 444 2276 509 tis,
2325 461 2498 516 neque
2548 453 2937 509 conturbemini
2973 498 2988 523 ,
3042 472 3162 512 cum
3216 459 3455 519 habeatis
3494 467 3769 527 Dominum

2189 533 2325 589 adeo
2349 537 2814 610 inexpugnabilem
2855 563 2868 600 :
2899 563 3055 615 quem
3095 551 3247 606 decet
3277 553 3470 623 gloria,
3505 557 3698 626 honor,
3716 577 3771 618 et

2185 626 2576 695 magniﬁcentia
2604 673 2617 693 ,
2648 649 2768 686 tum
2820 635 2975 691 Patre
3008 640 3253 710 principii
3278 654 3520 715 experte,
3553 661 3608 704 et
3632 653 3768 707 vivi-

2181 714 2282 768 ﬁeo
2315 734 2413 772 suo
2437 719 2654 788 Spiritu,
2688 741 2830 780 nunc
2858 736 2911 782 et
2940 744 3176 801 semper,
3196 744 3249 788 et
3284 735 3336 790 in
3365 740 3562 795 szrcula
3600 757 3769 798 att-eu-

2179 807 2373 864 lorum.
2396 813 2590 868 Amen.

2620 969 2689 1025 IN
2716 971 3038 1031 PSALMUM
3079 977 3266 1035 XLVI.

2178 1096 2227 1150 1.
2280 1096 2348 1151 In
2390 1100 2581 1170 liuent,
2624 1122 2717 1174 pro
2752 1106 2873 1174 ﬁliis
2900 1106 3048 1195 Core.
3075 1109 3248 1181 Alius,
3285 1113 3521 1172 Victoria
3564 1123 3758 1177 auctori

2764 1198 2988 1266 ﬁliorum
3008 1198 3159 1256 Core.

2167 1341 2223 1398 2.
2270 1343 2456 1401 Omnes
2483 1365 2676 1419 gentes,
2703 1353 2928 1423 plaudite
2955 1359 3203 1414 manibus.
3238 1361 3406 1428 Alius,
3433 1362 3610 1421 Manu.
3646 1369 3752 1422 Ju-

2237 1435 2391 1492 bilate
2417 1437 2527 1494 Deo
2541 1442 2593 1494 in
2619 1459 2740 1496 voce
2766 1447 3131 1504 exsultationis.
3162 1453 3332 1518 Alius,
3367 1455 3667 1528 Signi/Scuto
3692 1464 3745 1516 in

2237 1542 2357 1582 voce
2393 1532 2797 1589 laudationis.5.
2830 1538 3081 1605 Quoniam
3097 1542 3346 1601 Dominus
3374 1552 3620 1616 excelsus,
3655 1567 3757 1610 ter-

2234 1620 2414 1687 ribilis,
2445 1640 2534 1679 rex
2563 1643 2774 1696 magnus
2800 1646 2953 1701 super
2981 1649 3176 1689 omnem
3203 1646 3405 1693 ternum.

2234 1775 2288 1828 1.
2345 1776 2446 1832 Hic
2478 1779 2640 1834 etiam
2687 1781 2928 1840 Psalmus
2957 1787 3094 1842 idem
3120 1794 3286 1863 tangit
3323 1809 3737 1867 argumentum,

2159 1862 2345 1921 dicens
2374 1868 2624 1925 victorias
2672 1883 2727 1927 et
2780 1881 2977 1945 tropaea
3009 1894 3128 1948 qua:
3174 1892 3359 1938 contra
3392 1862 3585 1943 hostes
3636 1862 3736 1945 sibi

2160 1967 2413 2024 pararunt
2441 2002 2456 2024 ,
2485 1970 2541 2016 et
2566 1964 2870 2022 universum
2923 1970 3107 2025 orbem
3140 1983 3402 2032 terrarum
3442 1996 3641 2038 vocans
3667 1984 3734 2038 ad

2154 2059 2218 2099 ea
2245 2046 2529 2116 laudanda,
2560 2068 2679 2122 qute
2706 2067 2853 2125 gesta
2898 2069 3040 2116 sunt.
3070 2064 3173 2120 Sed
3206 2069 3478 2125 nonnullis
3506 2071 3735 2132 fortasse

2154 2137 2365 2194 videtur
2384 2142 2548 2199 divini
2573 2144 2802 2216 Spiritus
2834 2149 3135 2211 hortatione
3163 2157 3432 2226 indignum
3462 2176 3582 2219 esse
3606 2180 3759 2238 pro-_

2151 2231 2373 2285 (nmium
2404 2272 2421 2299 ,
2450 2248 2658 2291 necnon
2709 2238 2973 2306 ejusmodi
3009 2243 3182 2313 jussio
3206 2288 3222 2314 ,
3254 2248 3474 2318 plausus
3496 2295 3513 2321 ,
3543 2257 3736 2325 strepi-

2151 2326 2256 2382 tus,
2285 2330 2340 2376 et
2360 2325 2786 2385 vociferationes.
2813 2330 2996 2402 Neque
3044 2338 3186 2390 enim
3219 2338 3283 2393 iis
3309 2343 3434 2412 ,qui
3478 2344 3531 2397 in
3582 2345 3725 2403 hunc

2151 2412 2508 2467 venerandum
2534 2416 2707 2472 locum
2724 2418 2790 2474 ad
2810 2420 3108 2480 docendum
3133 2430 3728 2504 constitutum,coeunt,

2149 2499 2264 2557 haec
2300 2501 2529 2562 fortasse
2569 2513 2928 2579 conveniunt,
2954 2516 3148 2573 dixerit
3175 2522 3440 2592 quispiam
3466 2544 3480 2592 ;
3509 2529 3604 2583 sed
3661 2532 3728 2586 iis

2145 2593 2313 2669 quiin
2342 2610 2499 2652 scena
2546 2608 2600 2654 et
2651 2603 2909 2659 conviviis
2939 2621 3240 2677 versantur,
3280 2616 3477 2669 crotala
3512 2621 3728 2687 pulsare

2145 2694 2201 2738 et
2257 2686 2509 2755 plaudere
2556 2695 2838 2750 manibus:
2884 2699 3012 2754 viris
3059 2712 3236 2757 autem
3267 2707 3355 2775 qui
3391 2707 3651 2765 docentur
3694 2729 3725 2767 a

2142 2777 2309 2842 gratia
2335 2776 2569 2846 Spiritus
2589 2823 2604 2845 ,
2638 2787 2888 2840 cooveoit
2917 2790 3069 2858 quies
3089 2832 3106 2855 ,
3132 2793 3287 2861 ordo,
3320 2805 3376 2850 et
3401 2800 3719 2855 moderatio.

2148 2865 2283 2932 Quid
2329 2884 2458 2939 ergo
2486 2871 2571 2926 his
2621 2875 2981 2944 signiﬁcatur,
3022 2891 3077 2935 et
3103 2899 3264 2952 quam
3308 2886 3676 2955 juhilationem
3704 2935 3721 2957 ,

2141 2970 2298 3025 quem
2326 2960 2565 3028 plausum
2607 2965 2680 3019 ait
2708 2966 2732 3017 Ἰ
2757 2967 3166 3027 Cousueverunt
3208 2977 3349 3031 enim
3381 2977 3484 3034 hoc
3511 2978 3683 3035 facere
3702 3025 3720 3049 ,

2138 3048 2226 3115 qui
2255 3048 2508 3106 instructa
2540 3054 2654 3107 acie
2688 3060 2885 3122 pr.clio.
2912 3073 3036 3117 sunt
3061 3064 3411 3131 deccrtaturi.
3441 3070 3674 3139 juhilare
3698 3117 3714 3139 ,

2140 3137 2354 3208 inquam
2384 3184 2397 3208 ,
2452 3153 2505 3197 et
2549 3148 2794 3203 manibus
2845 3156 3107 3210 maximos
3145 3159 3362 3228 plausus
3410 3162 3608 3225 edere.
3649 3167 3717 3221 ad

2137 3227 2321 3286 hostes
2353 3237 2729 3299 perterrendos
2770 3258 2783 3293 :
2817 3256 2845 3293 a
2875 3247 3158 3315 tranquillo
3207 3260 3383 3306 autem
3436 3255 3615 3311 animo
3635 3267 3720 3313 est

2138 3320 2239 3376 hoc
2267 3324 2519 3380 alienum.
2556 3329 2795 3386 Psalmus
2819 3350 2947 3390 vero
2967 3338 3117 3408 jubet
3141 3353 3428 3416 utrumque
3453 3390 3467 3410 ,
3487 3359 3541 3405 ct
3560 3351 3715 3425 plau-

2137 3412 2266 3471 dere
2331 3421 2576 3475 manibus
2596 3464 2610 3485 ,
2640 3434 2693 3478 et
2723 3426 2972 3496 juhilare.
3017 3432 3153 3499 Quid
3200 3447 3281 3490 est
3311 3412 3443 3509 ergo
3466 3444 3606 3511 quod
3633 3424 3719 3501 di-

2134 3518 2279 3561 ctum
2302 3519 2385 3563 est
2415 3512 2437 3564 ?
2462 3512 2602 3569 Nihil
2637 3517 2779 3572 aliud
2810 3562 2824 3584 ,
2859 3523 2958 3576 nisi
3007 3525 3332 3596 voluptatem
3361 3571 3376 3596 ,
3405 3542 3463 3587 et
3502 3534 3711 3604 signum

2131 3601 2905 3697 victori:e-signiﬁcat._Nam
2969 3618 3091 3672 alibi
3169 3638 3380 3692 quoque
3456 3601 3711 3697 propheta

2130 3683 2331 3739 inducit
2377 3686 2569 3744 ﬂuvios
2596 3694 2907 3759 plaudentes
2944 3683 3226 3767 manibus,
3257 3683 3426 3761 luoii
3444 3683 3470 3774 ,’
3492 3683 3709 3778 dicens,

2129 3775 2371 3843 plandent
2420 3784 2650 3837 manibus
2690 3786 2742 3840 in
2787 3789 3057 3861 idipsum(
3087 3794 3229 3849 Psal.
3273 3798 3360 3854 97.
3392 3801 3487 3865 9).
3530 3775 3713 3860 Esai':s

2127 3878 2306 3924 autem
2338 3873 2557 3929 arbores
2596 3892 2806 3948 quoque
2834 3883 3051 3940 adducit
3099 3887 3201 3944 hoc
3229 3889 3484 3949 facientes
3527 3902 3542 3964 (
3581 3896 3705 3955 lsai.

2124 3956 2213 4011 55.
2239 3959 2348 4030 12)
2378 3977 2393 4027 ;
2421 3962 2509 4019 hic
2533 3964 2644 4034 ipse
2668 3978 2844 4024 autem
2874 3988 3060 4031 rursus
3084 3986 3139 4031 et
3181 3992 3427 4050 montes,
3459 3995 3511 4039 ct
3533 3956 3709 4045 colles

2123 4052 2429 4110 exsilientcs
2457 4057 2645 4127 (Psal.
2680 4062 2800 4117 H5.
2838 4066 2935 4135 4):
2970 4084 3077 4122 non
3104 4080 3161 4124 ut
3191 4072 3291 4127 hoc
3318 4075 3702 4147 intelligamus,

2122 4158 2314 4212 nempe
2344 4157 2554 4202 montes
2582 4157 2636 4205 et
2664 4152 2828 4209 colles
2850 4159 3085 4225 exsilire,
3130 4178 3226 4217 nec
3244 4163 3493 4232 plaudere
3518 4167 3706 4226 ﬂuvios

2119 4235 2203 4290 vel
2254 4250 2443 4293 manus
2494 4240 2736 4318 babere(
2759 4245 2859 4301 hoc
2901 4261 3043 4305 esset
3070 4255 3208 4308 enim
3240 4268 3492 4314 extrema-
3523 4280 3706 4319 amen-

2119 4325 2207 4379 tia:
2236 4327 2275 4397 ),
2304 4328 2397 4383 sed
2427 4340 2478 4384 ut
2506 4347 2766 4389 summam
2783 4337 3051 4396 discamus
3077 4345 3419 4416 voluptatem.
3448 4352 3520 4406 Ita
3541 4355 3701 4410 etiam

2119 4431 2399 4484 possumus
2435 4421 2615 4478 videre
2664 4426 2718 4480 in
2772 4427 3092 4488 hominibus.
3161 4436 3227 4491 Et
3255 4453 3350 4492 cur
3389 4457 3490 4494 non
3523 4443 3655 4498 dixit
3681 4485 3699 4511 ,

2115 4506 2356 4564 Gaudete
2385 4520 2439 4565 et
2464 4514 2671 4571 exsilite
2693 4558 2708 4581 ,
2739 4518 2832 4573 sed
2854 4562 2869 4586 ,
2904 4519 3161 4593 Plaudite,
3209 4537 3282 4595 ct,
3329 4528 3555 4587 Jttbilate
3579 4535 3605 4588 2
3633 4506 3701 4591 Ut

2116 4598 2269 4652 nobis
2295 4600 2556 4670 insignem
2591 4608 2837 4663 ostendat
2871 4612 3216 4683 voluptatem.
3239 4619 3698 4686 Quemadmodum

2112 4687 2254 4742 enim
2292 4690 2552 4761 Christus,
2598 4699 2813 4765 quando
2856 4701 3022 4769 dicit,
3056 4703 3133 4762 Tn
3164 4720 3329 4764 autem
3370 4715 3573 4783 quando
3608 4719 3695 4786 je-

2101 4777 2282 4846 junus,
2315 4795 2447 4850 uage
2469 4795 2619 4853 caput
2646 4795 2809 4854 tuum,
2848 4800 2895 4844 et
2920 4792 3104 4859 [aciem
3132 4806 3270 4851 tuam
3310 4777 3426 4855 laoa
3451 4801 3471 4875 (
3494 4777 3662 4861 Mati/1

2110 4864 2163 4919 6.
2190 4869 2255 4921 17
2282 4868 2322 4938 ),
2345 4886 2448 4925 non
2479 4873 2578 4927 hoc
2603 4876 2751 4939 dicit,
2786 4881 3103 4952 prmcipiens
3126 4896 3180 4940 ut
3212 4864 3474 4958 ungamur
3494 4894 3514 4966 (
3537 4912 3697 4950 nemo

2107 4958 2247 5012 enim
2292 4972 2530 5017 nostrum
2568 4965 2670 5021 hoc
2714 4967 2901 5041 facit).
2933 4974 3025 5028 sed
3073 4986 3132 5031 ut
3179 4958 3527 5039 ostendamus
3559 5002 3693 5055 gau-

2106 5048 2281 5114 dium,
2325 5053 2608 5126 ltctumque
2647 5060 2880 5115 animum
2928 5066 2949 5129 (
2993 5069 3228 5138 praecipit.
3270 5072 3497 5129 enimut
3542 5078 3692 5134 lactus

2099 5139 2337 5209 jejunet,
2366 5145 2632 5201 tristitiam
2661 5164 2765 5204 non
2794 5167 2905 5222 pra:
2944 5171 3003 5211 se
3048 5158 3222 5215 ferens
3252 5163 3302 5232 ):
3327 5166 3393 5221 ita
3419 5170 3578 5223 etiam
3606 5170 3693 5226 hic

2102 5244 2312 5299 quoque
2344 5249 2448 5287 non
2478 5234 2583 5291 hoc
2605 5237 2740 5307 jussi
2764 5259 2967 5310 sumus,
3003 5265 3194 5320 nempe
3225 5255 3477 5323 plaudere
3517 5264 3688 5315 mani-

2104 5319 2201 5374 bus
2224 5363 2240 5388 ,
2267 5332 2322 5378 et
2342 5324 2569 5393 jubilare
2589 5370 2603 5393 ,
2633 5331 2728 5386 sed
2759 5334 2883 5390 dum
2917 5319 3192 5407 psallimus
3269 5347 3433 5403 laetari
3455 5393 3469 5414 ,
3499 5363 3555 5405 et
3598 5370 3688 5405 vo-

2101 5410 2299 5479 luptate
2335 5416 2492 5471 afﬁci.
2536 5419 2662 5477 .lure
2698 5435 2874 5481 autem
2919 5436 3202 5502 sumpserit
3229 5439 3489 5509 quispiam
3536 5443 3685 5497 Psal-

2099 5518 2245 5556 mum
2278 5521 2373 5574 per
2391 5521 2685 5582 anagogen,
2717 5514 2934 5573 historia
2967 5525 3246 5583 sublimior
3268 5528 3506 5587 effectus.
3548 5535 3682 5589 Nam

2095 5594 2193 5646 etsi
2224 5594 2426 5653 initium
2453 5616 2516 5656 ac
2545 5608 2860 5670 prooemium
2887 5611 3033 5668 ducit
3067 5632 3095 5670 a
3123 5621 3483 5685 sensmilibus.
3506 5628 3573 5679 ad
3598 5626 3680 5681 in-

2095 5684 2383 5754 telligibilia
2418 5699 2593 5748 tamen
2623 5695 2837 5754 deducit
2869 5703 3185 5763 auditorem.

2168 5775 2436 5849 Scriptura
2468 5801 2612 5840 sacra
2654 5797 2708 5841 ut
2747 5792 3056 5864 accipienda.
3088 5831 3150 5841 —
3171 5803 3323 5870 Quod
3352 5806 3493 5861 enim
3522 5818 3677 5865 ante.
