  <div class='ocr_page' id='page_1' title='image "/cluster/home/n/w/nwhite01/storage/ocr_20150623/55/mdp.39015028539511/200.png"; bbox 0 0 4084 6278; ppageno 0'>
   <div class='ocr_carea' id='block_1_1' title="bbox 385 284 487 340">
    <p class='ocr_par' dir='ltr' id='par_1_1' title="bbox 385 284 487 340">
     <span class='ocr_line' id='line_1_1' title="bbox 385 284 487 340; baseline -0.029 0"><span class='ocrx_word' id='word_1_1' title='bbox 385 284 487 340; x_wconf 66' lang='grc' dir='ltr'>2οἹ</span> 
     </span>
    </p>
   </div>
   <div class='ocr_carea' id='block_1_2' title="bbox 386 394 1964 468">
    <p class='ocr_par' dir='ltr' id='par_1_2' title="bbox 386 394 1964 468">
     <span class='ocr_line' id='line_1_2' title="bbox 386 394 1964 468; baseline 0.003 -19"><span class='ocrx_word' id='word_1_2' title='bbox 386 396 484 468; x_wconf 80' lang='grc' dir='ltr'>χοῦ</span> <span class='ocrx_word' id='word_1_3' title='bbox 519 394 618 465; x_wconf 83' lang='grc' dir='ltr'>τῆς</span> <span class='ocrx_word' id='word_1_4' title='bbox 646 394 972 464; x_wconf 81' lang='grc' dir='ltr'>οἰκουμένης</span> <span class='ocrx_word' id='word_1_5' title='bbox 1002 400 1098 465; x_wconf 80' lang='grc' dir='ltr'>τὴν</span> <span class='ocrx_word' id='word_1_6' title='bbox 1139 397 1358 468; x_wconf 80' lang='grc' dir='ltr'>εἰρήνην</span> <span class='ocrx_word' id='word_1_7' title='bbox 1405 397 1635 463; x_wconf 78' lang='grc' dir='ltr'>ἐξέτεινε</span> <span class='ocrx_word' id='word_1_8' title='bbox 1671 413 1719 466; x_wconf 69' lang='grc'>³,</span> <span class='ocrx_word' id='word_1_9' title='bbox 1751 400 1845 453; x_wconf 76' lang='grc' dir='ltr'>καὶ</span> <span class='ocrx_word' id='word_1_10' title='bbox 1874 399 1964 453; x_wconf 88' lang='grc' dir='ltr'>τὸν</span> 
     </span>
    </p>
   </div>
   <div class='ocr_carea' id='block_1_3' title="bbox 388 477 1968 553">
    <p class='ocr_par' dir='ltr' id='par_1_3' title="bbox 388 477 1968 553">
     <span class='ocr_line' id='line_1_3' title="bbox 388 477 1968 553; baseline 0.002 -20"><span class='ocrx_word' id='word_1_11' title='bbox 388 477 644 549; x_wconf 76' lang='grc' dir='ltr'>αἰσθητὸν</span> <span class='ocrx_word' id='word_1_12' title='bbox 673 478 731 530; x_wconf 81' lang='grc' dir='ltr'>δὲ</span> <span class='ocrx_word' id='word_1_13' title='bbox 758 478 938 532; x_wconf 90' lang='grc' dir='ltr'>αὐτῶν</span> <span class='ocrx_word' id='word_1_14' title='bbox 966 480 1199 550; x_wconf 86' lang='grc' dir='ltr'>πόλεμον</span> <span class='ocrx_word' id='word_1_15' title='bbox 1231 482 1651 549; x_wconf 85' lang='grc' dir='ltr'>συγκατέϐαλεν.</span> <span class='ocrx_word' id='word_1_16' title='bbox 1673 486 1848 553; x_wconf 85' lang='grc' dir='ltr'>Ὅπερ</span> <span class='ocrx_word' id='word_1_17' title='bbox 1876 483 1968 536; x_wconf 74' lang='grc' dir='ltr'>καὶ</span> 
     </span>
    </p>
   </div>
   <div class='ocr_carea' id='block_1_4' title="bbox 385 560 1968 635">
    <p class='ocr_par' dir='ltr' id='par_1_4' title="bbox 385 560 1968 635">
     <span class='ocr_line' id='line_1_4' title="bbox 385 560 1968 635; baseline 0.001 -21"><span class='ocrx_word' id='word_1_18' title='bbox 385 565 414 614; x_wconf 91' lang='lat'>6</span> <span class='ocrx_word' id='word_1_19' title='bbox 455 562 682 624; x_wconf 78' lang='grc' dir='ltr'>Ἡσαΐας</span> <span class='ocrx_word' id='word_1_20' title='bbox 722 560 898 631; x_wconf 84' lang='grc' dir='ltr'>δηλῶν</span> <span class='ocrx_word' id='word_1_21' title='bbox 932 561 1084 630; x_wconf 79' lang='grc' dir='ltr'>ἔλεγε</span> <span class='ocrx_word' id='word_1_22' title='bbox 1110 566 1571 632; x_wconf 75' lang='grc' dir='ltr'>’.Συντρίψουσι</span> <span class='ocrx_word' id='word_1_23' title='bbox 1601 566 1710 631; x_wconf 84' lang='grc' dir='ltr'>τὰς</span> <span class='ocrx_word' id='word_1_24' title='bbox 1752 566 1968 635; x_wconf 78' lang='grc' dir='ltr'>μαχαί-</span> 
     </span>
    </p>
   </div>
   <div class='ocr_carea' id='block_1_5' title="bbox 378 644 1968 717">
    <p class='ocr_par' dir='ltr' id='par_1_5' title="bbox 378 644 1968 717">
     <span class='ocr_line' id='line_1_5' title="bbox 378 644 1968 717; baseline 0.005 -21"><span class='ocrx_word' id='word_1_25' title='bbox 378 660 494 712; x_wconf 80' lang='grc' dir='ltr'>ρας</span> <span class='ocrx_word' id='word_1_26' title='bbox 520 644 720 699; x_wconf 80' lang='grc' dir='ltr'>αὐτῶν</span> <span class='ocrx_word' id='word_1_27' title='bbox 747 647 836 711; x_wconf 83' lang='grc' dir='ltr'>εἰς</span> <span class='ocrx_word' id='word_1_28' title='bbox 859 646 1100 715; x_wconf 72' lang='grc' dir='ltr'>ἄροτρα,</span> <span class='ocrx_word' id='word_1_29' title='bbox 1132 649 1230 701; x_wconf 79' lang='grc' dir='ltr'>καὶ</span> <span class='ocrx_word' id='word_1_30' title='bbox 1263 648 1370 714; x_wconf 82' lang='grc' dir='ltr'>τὰς</span> <span class='ocrx_word' id='word_1_31' title='bbox 1389 648 1626 717; x_wconf 69' lang='grc' dir='ltr'>ᾰϐύνας</span> <span class='ocrx_word' id='word_1_32' title='bbox 1654 652 1855 706; x_wconf 77' lang='grc' dir='ltr'>αὐτῶν</span> <span class='ocrx_word' id='word_1_33' title='bbox 1880 653 1968 716; x_wconf 78' lang='grc' dir='ltr'>εἰς</span> 
     </span>
    </p>
   </div>
   <div class='ocr_carea' id='block_1_6' title="bbox 384 726 1969 803">
    <p class='ocr_par' dir='ltr' id='par_1_6' title="bbox 384 726 1969 803">
     <span class='ocr_line' id='line_1_6' title="bbox 384 726 1969 803; baseline 0.006 -24"><span class='ocrx_word' id='word_1_34' title='bbox 384 726 680 794; x_wconf 76' lang='grc' dir='ltr'>δρέπανα,</span> <span class='ocrx_word' id='word_1_35' title='bbox 723 728 821 781; x_wconf 79' lang='grc' dir='ltr'>καί</span> <span class='ocrx_word' id='word_1_36' title='bbox 880 731 954 782; x_wconf 86' lang='grc' dir='ltr'>οὐ</span> <span class='ocrx_word' id='word_1_37' title='bbox 1014 729 1277 797; x_wconf 74' lang='grc' dir='ltr'>λήψεται</span> <span class='ocrx_word' id='word_1_38' title='bbox 1315 732 1488 798; x_wconf 75' lang='grc' dir='ltr'>ἔθνος</span> <span class='ocrx_word' id='word_1_39' title='bbox 1519 733 1613 786; x_wconf 81' lang='grc' dir='ltr'>ἐπ’</span> <span class='ocrx_word' id='word_1_40' title='bbox 1652 732 1828 800; x_wconf 78' lang='grc' dir='ltr'>ἔθνος</span> <span class='ocrx_word' id='word_1_41' title='bbox 1853 733 1969 803; x_wconf 79' lang='grc' dir='ltr'>μά-</span> 
     </span>
    </p>
   </div>
   <div class='ocr_carea' id='block_1_7' title="bbox 388 809 1966 887">
    <p class='ocr_par' dir='ltr' id='par_1_7' title="bbox 388 809 1966 887">
     <span class='ocr_line' id='line_1_7' title="bbox 388 809 1966 887; baseline 0.005 -26"><span class='ocrx_word' id='word_1_42' title='bbox 388 826 621 877; x_wconf 72' lang='grc' dir='ltr'>χαιραν,</span> <span class='ocrx_word' id='word_1_43' title='bbox 650 810 746 862; x_wconf 81' lang='grc' dir='ltr'>καὶ</span> <span class='ocrx_word' id='word_1_44' title='bbox 786 812 859 862; x_wconf 85' lang='grc' dir='ltr'>οὐ</span> <span class='ocrx_word' id='word_1_45' title='bbox 873 809 960 879; x_wconf 78' lang='grc' dir='ltr'>μὴ</span> <span class='ocrx_word' id='word_1_46' title='bbox 980 811 1256 879; x_wconf 80' lang='grc' dir='ltr'><em>μάθωσιν</em></span> <span class='ocrx_word' id='word_1_47' title='bbox 1285 812 1372 867; x_wconf 77' lang='grc' dir='ltr'>ἔτι</span> <span class='ocrx_word' id='word_1_48' title='bbox 1394 815 1699 884; x_wconf 76' lang='grc' dir='ltr'>πολεμεῖν.</span> <span class='ocrx_word' id='word_1_49' title='bbox 1720 816 1834 887; x_wconf 85' lang='grc' dir='ltr'>Πρὸ</span> <span class='ocrx_word' id='word_1_50' title='bbox 1867 817 1966 887; x_wconf 85' lang='grc' dir='ltr'>μὲν</span> 
     </span>
    </p>
   </div>
   <div class='ocr_carea' id='block_1_8' title="bbox 388 893 1975 974">
    <p class='ocr_par' dir='ltr' id='par_1_8' title="bbox 388 893 1975 974">
     <span class='ocr_line' id='line_1_8' title="bbox 388 893 1975 974; baseline 0.006 -28"><span class='ocrx_word' id='word_1_51' title='bbox 388 893 494 965; x_wconf 82' lang='grc' dir='ltr'>γὰρ</span> <span class='ocrx_word' id='word_1_52' title='bbox 521 896 620 963; x_wconf 75' lang='grc' dir='ltr'>τῆς</span> <span class='ocrx_word' id='word_1_53' title='bbox 666 893 762 947; x_wconf 91' lang='grc' dir='ltr'>τοῦ</span> <span class='ocrx_word' id='word_1_54' title='bbox 796 896 1037 966; x_wconf 81' lang='grc' dir='ltr'>Χριστοῦ</span> <span class='ocrx_word' id='word_1_55' title='bbox 1086 898 1389 967; x_wconf 83' lang='grc' dir='ltr'>παρουσίας</span> <span class='ocrx_word' id='word_1_56' title='bbox 1434 899 1639 964; x_wconf 84' lang='grc' dir='ltr'>πάντες</span> <span class='ocrx_word' id='word_1_57' title='bbox 1687 900 1975 974; x_wconf 78' lang='grc' dir='ltr'>ἄνθρωποι</span> 
     </span>
    </p>
   </div>
   <div class='ocr_carea' id='block_1_9' title="bbox 385 980 1965 1059">
    <p class='ocr_par' dir='ltr' id='par_1_9' title="bbox 385 980 1965 1059">
     <span class='ocr_line' id='line_1_9' title="bbox 385 980 1965 1059; baseline 0.006 -26"><span class='ocrx_word' id='word_1_58' title='bbox 385 980 523 1034; x_wconf 82' lang='grc' dir='ltr'>ὅπλα</span> <span class='ocrx_word' id='word_1_59' title='bbox 542 980 812 1059; x_wconf 49' lang='grc' dir='ltr'>ἐτίθεντο,</span> <span class='ocrx_word' id='word_1_60' title='bbox 839 983 932 1035; x_wconf 81' lang='grc' dir='ltr'>καὶ</span> <span class='ocrx_word' id='word_1_61' title='bbox 952 984 1127 1047; x_wconf 80' lang='grc' dir='ltr'>οὐδεὶς</span> <span class='ocrx_word' id='word_1_62' title='bbox 1148 984 1343 1055; x_wconf 84' lang='grc' dir='ltr'>ἀτελὴς</span> <span class='ocrx_word' id='word_1_63' title='bbox 1363 985 1568 1057; x_wconf 84' lang='grc' dir='ltr'>ταύτης</span> <span class='ocrx_word' id='word_1_64' title='bbox 1589 987 1690 1058; x_wconf 82' lang='grc' dir='ltr'>τῆς</span> <span class='ocrx_word' id='word_1_65' title='bbox 1721 988 1965 1059; x_wconf 79' lang='grc' dir='ltr'>λειτουρ-</span> 
     </span>
    </p>
   </div>
   <div class='ocr_carea' id='block_1_10' title="bbox 386 1055 1966 1138">
    <p class='ocr_par' dir='ltr' id='par_1_10' title="bbox 386 1055 1966 1138">
     <span class='ocr_line' id='line_1_10' title="bbox 386 1055 1966 1138; baseline 0.008 -27"><span class='ocrx_word' id='word_1_66' title='bbox 386 1059 509 1128; x_wconf 85' lang='grc' dir='ltr'>γίας</span> <span class='ocrx_word' id='word_1_67' title='bbox 537 1055 628 1131; x_wconf 80' lang='grc' dir='ltr'>ἦν,</span> <span class='ocrx_word' id='word_1_68' title='bbox 656 1062 751 1115; x_wconf 80' lang='grc' dir='ltr'>καὶ</span> <span class='ocrx_word' id='word_1_69' title='bbox 778 1061 962 1126; x_wconf 89' lang='grc' dir='ltr'>πόλεις</span> <span class='ocrx_word' id='word_1_70' title='bbox 995 1062 1134 1133; x_wconf 90' lang='grc' dir='ltr'>πρὸς</span> <span class='ocrx_word' id='word_1_71' title='bbox 1180 1063 1279 1127; x_wconf 79' lang='grc' dir='ltr'>τὰς</span> <span class='ocrx_word' id='word_1_72' title='bbox 1311 1066 1493 1130; x_wconf 89' lang='grc' dir='ltr'>πόλεις</span> <span class='ocrx_word' id='word_1_73' title='bbox 1525 1055 1797 1138; x_wconf 61' lang='grc' dir='ltr'>⁷ἐμάχοντο</span> <span class='ocrx_word' id='word_1_74' title='bbox 1821 1109 1836 1136; x_wconf 92' lang='grc'>,</span> <span class='ocrx_word' id='word_1_75' title='bbox 1874 1055 1966 1122; x_wconf 76' lang='grc' dir='ltr'>καὶ</span> 
     </span>
    </p>
   </div>
   <div class='ocr_carea' id='block_1_11' title="bbox 383 1143 1964 1219">
    <p class='ocr_par' dir='ltr' id='par_1_11' title="bbox 383 1143 1964 1219">
     <span class='ocr_line' id='line_1_11' title="bbox 383 1143 1964 1219; baseline 0.006 -24"><span class='ocrx_word' id='word_1_76' title='bbox 383 1143 556 1196; x_wconf 82' lang='grc' dir='ltr'>διόλου</span> <span class='ocrx_word' id='word_1_77' title='bbox 608 1143 676 1197; x_wconf 84' lang='grc' dir='ltr'>τὰ</span> <span class='ocrx_word' id='word_1_78' title='bbox 726 1143 835 1197; x_wconf 87' lang='grc' dir='ltr'>τῶν</span> <span class='ocrx_word' id='word_1_79' title='bbox 883 1144 1137 1216; x_wconf 87' lang='grc' dir='ltr'>πολέμων</span> <span class='ocrx_word' id='word_1_80' title='bbox 1189 1151 1565 1219; x_wconf 84' lang='grc' dir='ltr'>συνεκροτεῖτο</span> <span class='ocrx_word' id='word_1_81' title='bbox 1590 1166 1603 1180; x_wconf 88' lang='grc'><strong>·</strong></span> <span class='ocrx_word' id='word_1_82' title='bbox 1651 1150 1746 1205; x_wconf 93' lang='grc' dir='ltr'>νῦν</span> <span class='ocrx_word' id='word_1_83' title='bbox 1790 1151 1849 1205; x_wconf 80' lang='grc' dir='ltr'>δὲ</span> <span class='ocrx_word' id='word_1_84' title='bbox 1904 1152 1964 1205; x_wconf 90' lang='grc' dir='ltr'>τὸ</span> 
     </span>
    </p>
   </div>
   <div class='ocr_carea' id='block_1_12' title="bbox 386 1226 1964 1307">
    <p class='ocr_par' dir='ltr' id='par_1_12' title="bbox 386 1226 1964 1307">
     <span class='ocr_line' id='line_1_12' title="bbox 386 1226 1964 1307; baseline 0.007 -29"><span class='ocrx_word' id='word_1_85' title='bbox 386 1226 547 1280; x_wconf 81' lang='grc' dir='ltr'>πλέον</span> <span class='ocrx_word' id='word_1_86' title='bbox 573 1227 674 1293; x_wconf 81' lang='grc' dir='ltr'>τῆς</span> <span class='ocrx_word' id='word_1_87' title='bbox 705 1227 1028 1299; x_wconf 79' lang='grc' dir='ltr'>οἰκουμένης</span> <span class='ocrx_word' id='word_1_88' title='bbox 1066 1231 1124 1282; x_wconf 77' lang='grc' dir='ltr'>ὲν</span> <span class='ocrx_word' id='word_1_89' title='bbox 1167 1231 1392 1302; x_wconf 79' lang='grc' dir='ltr'>εἰρήνῃ,</span> <span class='ocrx_word' id='word_1_90' title='bbox 1438 1232 1657 1286; x_wconf 86' lang='grc' dir='ltr'>πάντων</span> <span class='ocrx_word' id='word_1_91' title='bbox 1706 1236 1763 1288; x_wconf 84' lang='grc' dir='ltr'>ὲν</span> <span class='ocrx_word' id='word_1_92' title='bbox 1810 1235 1964 1307; x_wconf 66' lang='grc' dir='ltr'>ἀδείᾳ</span> 
     </span>
    </p>
   </div>
   <div class='ocr_carea' id='block_1_13' title="bbox 385 1308 1963 1387">
    <p class='ocr_par' dir='ltr' id='par_1_13' title="bbox 385 1308 1963 1387">
     <span class='ocr_line' id='line_1_13' title="bbox 385 1308 1963 1387; baseline 0.006 -26"><span class='ocrx_word' id='word_1_93' title='bbox 385 1308 482 1362; x_wconf 72' lang='grc' dir='ltr'>καὶ</span> <span class='ocrx_word' id='word_1_94' title='bbox 529 1308 723 1380; x_wconf 79' lang='grc' dir='ltr'>τέχνας</span> <span class='ocrx_word' id='word_1_95' title='bbox 765 1309 1094 1381; x_wconf 78' lang='grc' dir='ltr'>μετιόντων,</span> <span class='ocrx_word' id='word_1_96' title='bbox 1126 1312 1222 1365; x_wconf 77' lang='grc' dir='ltr'>καὶ</span> <span class='ocrx_word' id='word_1_97' title='bbox 1266 1314 1372 1384; x_wconf 79' lang='grc' dir='ltr'>γῆν</span> <span class='ocrx_word' id='word_1_98' title='bbox 1415 1315 1799 1387; x_wconf 77' lang='grc' dir='ltr'>ἐργαζομένων</span> <span class='ocrx_word' id='word_1_99' title='bbox 1823 1359 1837 1378; x_wconf 86' lang='grc'>,</span> <span class='ocrx_word' id='word_1_100' title='bbox 1869 1320 1963 1371; x_wconf 82' lang='grc' dir='ltr'>καὶ</span> 
     </span>
    </p>
   </div>
   <div class='ocr_carea' id='block_1_14' title="bbox 386 1392 1963 1470">
    <p class='ocr_par' dir='ltr' id='par_1_14' title="bbox 386 1392 1963 1470">
     <span class='ocr_line' id='line_1_14' title="bbox 386 1392 1963 1470; baseline 0.004 -23"><span class='ocrx_word' id='word_1_101' title='bbox 386 1392 655 1447; x_wconf 83' lang='grc' dir='ltr'>θάλατταν</span> <span class='ocrx_word' id='word_1_102' title='bbox 679 1393 951 1447; x_wconf 83' lang='grc' dir='ltr'>πλεόντων</span> <span class='ocrx_word' id='word_1_103' title='bbox 973 1411 987 1424; x_wconf 88' lang='grc'><strong>·</strong></span> <span class='ocrx_word' id='word_1_104' title='bbox 1016 1395 1197 1464; x_wconf 78' lang='grc' dir='ltr'>ὀλίγον</span> <span class='ocrx_word' id='word_1_105' title='bbox 1232 1396 1290 1449; x_wconf 85' lang='grc' dir='ltr'>δέ</span> <span class='ocrx_word' id='word_1_106' title='bbox 1324 1399 1442 1450; x_wconf 80' lang='grc' dir='ltr'>ἐστι</span> <span class='ocrx_word' id='word_1_107' title='bbox 1482 1399 1543 1450; x_wconf 89' lang='grc' dir='ltr'>τὸ</span> <span class='ocrx_word' id='word_1_108' title='bbox 1574 1400 1963 1470; x_wconf 89' lang='grc' dir='ltr'>στρατιωτικὸν</span> 
     </span>
    </p>
   </div>
   <div class='ocr_carea' id='block_1_15' title="bbox 388 1474 1961 1550">
    <p class='ocr_par' dir='ltr' id='par_1_15' title="bbox 388 1474 1961 1550">
     <span class='ocr_line' id='line_1_15' title="bbox 388 1474 1961 1550; baseline 0.008 -25"><span class='ocrx_word' id='word_1_109' title='bbox 388 1474 494 1544; x_wconf 83' lang='grc' dir='ltr'>πρὸ</span> <span class='ocrx_word' id='word_1_110' title='bbox 516 1475 625 1531; x_wconf 89' lang='grc' dir='ltr'>τῶν</span> <span class='ocrx_word' id='word_1_111' title='bbox 650 1476 823 1529; x_wconf 85' lang='grc' dir='ltr'>ἀλλων</span> <span class='ocrx_word' id='word_1_112' title='bbox 862 1477 1116 1530; x_wconf 82' lang='grc' dir='ltr'>ἁπάντων</span> <span class='ocrx_word' id='word_1_113' title='bbox 1149 1479 1500 1550; x_wconf 78' lang='grc' dir='ltr'>τεταγμένον.</span> <span class='ocrx_word' id='word_1_114' title='bbox 1534 1482 1645 1535; x_wconf 80' lang='grc' dir='ltr'>Καὶ</span> <span class='ocrx_word' id='word_1_115' title='bbox 1670 1483 1863 1537; x_wconf 84' lang='grc' dir='ltr'>τούτου</span> <span class='ocrx_word' id='word_1_116' title='bbox 1904 1485 1961 1536; x_wconf 78' lang='grc' dir='ltr'>δὲ</span> 
     </span>
    </p>
   </div>
   <div class='ocr_carea' id='block_1_16' title="bbox 384 1557 1957 1636">
    <p class='ocr_par' dir='ltr' id='par_1_16' title="bbox 384 1557 1957 1636">
     <span class='ocr_line' id='line_1_16' title="bbox 384 1557 1957 1636; baseline 0.006 -26"><span class='ocrx_word' id='word_1_117' title='bbox 384 1557 452 1610; x_wconf 80' lang='grc' dir='ltr'>ἂν</span> <span class='ocrx_word' id='word_1_118' title='bbox 479 1560 514 1629; x_wconf 79' lang='grc' dir='ltr'><strong>ἡ</strong></span> <span class='ocrx_word' id='word_1_119' title='bbox 539 1559 699 1630; x_wconf 88' lang='grc' dir='ltr'>χρεία</span> <span class='ocrx_word' id='word_1_120' title='bbox 725 1557 1014 1629; x_wconf 82' lang='grc' dir='ltr'>κατελύθη,</span> <span class='ocrx_word' id='word_1_121' title='bbox 1048 1561 1097 1612; x_wconf 80' lang='grc' dir='ltr'>εἰ</span> <span class='ocrx_word' id='word_1_122' title='bbox 1124 1562 1190 1612; x_wconf 65' lang='grc' dir='ltr'>τὰ</span> <span class='ocrx_word' id='word_1_123' title='bbox 1222 1563 1566 1632; x_wconf 84' lang='grc' dir='ltr'>προσήκοντα</span> <span class='ocrx_word' id='word_1_124' title='bbox 1593 1565 1957 1636; x_wconf 82' lang='grc' dir='ltr'>ἐπράττομεν,</span> 
     </span>
    </p>
   </div>
   <div class='ocr_carea' id='block_1_17' title="bbox 387 1641 1957 1719">
    <p class='ocr_par' dir='ltr' id='par_1_17' title="bbox 387 1641 1957 1719">
     <span class='ocr_line' id='line_1_17' title="bbox 387 1641 1957 1719; baseline 0.006 -25"><span class='ocrx_word' id='word_1_125' title='bbox 387 1643 483 1695; x_wconf 72' lang='grc' dir='ltr'>καὶ</span> <span class='ocrx_word' id='word_1_126' title='bbox 507 1642 582 1713; x_wconf 80' lang='grc' dir='ltr'>μὴ</span> <span class='ocrx_word' id='word_1_127' title='bbox 613 1641 872 1713; x_wconf 81' lang='grc' dir='ltr'>ἐδεόμεθα</span> <span class='ocrx_word' id='word_1_128' title='bbox 901 1643 995 1713; x_wconf 75' lang='grc' dir='ltr'>τῆς</span> <span class='ocrx_word' id='word_1_129' title='bbox 1023 1642 1128 1696; x_wconf 82' lang='grc' dir='ltr'>ἀπὸ</span> <span class='ocrx_word' id='word_1_130' title='bbox 1168 1642 1277 1695; x_wconf 87' lang='grc' dir='ltr'>τῶν</span> <span class='ocrx_word' id='word_1_131' title='bbox 1309 1642 1540 1713; x_wconf 78' lang='grc' dir='ltr'>θλίψεων</span> <span class='ocrx_word' id='word_1_132' title='bbox 1580 1648 1957 1719; x_wconf 86' lang='grc' dir='ltr'>ὑπομνήσεως.</span> 
     </span>
    </p>
   </div>
   <div class='ocr_carea' id='block_1_18' title="bbox 388 1723 1960 1801">
    <p class='ocr_par' dir='ltr' id='par_1_18' title="bbox 388 1723 1960 1801">
     <span class='ocr_line' id='line_1_18' title="bbox 388 1723 1960 1801; baseline 0.006 -26"><span class='ocrx_word' id='word_1_133' title='bbox 388 1725 505 1795; x_wconf 82' lang='grc' dir='ltr'>Ιιῦρ</span> <span class='ocrx_word' id='word_1_134' title='bbox 526 1723 582 1776; x_wconf 80' lang='grc' dir='ltr'>δὲ</span> <span class='ocrx_word' id='word_1_135' title='bbox 606 1723 833 1777; x_wconf 73' lang='grc' dir='ltr'>ἐνταῦθα</span> <span class='ocrx_word' id='word_1_136' title='bbox 865 1724 965 1794; x_wconf 81' lang='grc' dir='ltr'>τὴν</span> <span class='ocrx_word' id='word_1_137' title='bbox 989 1725 1157 1794; x_wconf 79' lang='grc' dir='ltr'>ὀργὴν</span> <span class='ocrx_word' id='word_1_138' title='bbox 1185 1725 1347 1778; x_wconf 84' lang='grc' dir='ltr'>αὐτοῦ</span> <span class='ocrx_word' id='word_1_139' title='bbox 1384 1727 1543 1779; x_wconf 89' lang='grc' dir='ltr'>καλεῖ</span> <span class='ocrx_word' id='word_1_140' title='bbox 1565 1769 1579 1792; x_wconf 96' lang='grc'>,</span> <span class='ocrx_word' id='word_1_141' title='bbox 1612 1730 1705 1782; x_wconf 78' lang='grc' dir='ltr'>καὶ</span> <span class='ocrx_word' id='word_1_142' title='bbox 1731 1732 1960 1801; x_wconf 85' lang='grc' dir='ltr'>πρᾶγμα</span> 
     </span>
    </p>
   </div>
   <div class='ocr_carea' id='block_1_19' title="bbox 387 1807 1957 1880">
    <p class='ocr_par' dir='ltr' id='par_1_19' title="bbox 387 1807 1957 1880">
     <span class='ocr_line' id='line_1_19' title="bbox 387 1807 1957 1880; baseline 0.006 -22"><span class='ocrx_word' id='word_1_143' title='bbox 387 1807 732 1877; x_wconf 84' lang='grc' dir='ltr'>συμϐεϐηκὸς</span> <span class='ocrx_word' id='word_1_144' title='bbox 767 1808 947 1875; x_wconf 81' lang='grc' dir='ltr'>λέγει,</span> <span class='ocrx_word' id='word_1_145' title='bbox 985 1809 1066 1861; x_wconf 85' lang='grc' dir='ltr'>ὅτι</span> <span class='ocrx_word' id='word_1_146' title='bbox 1097 1807 1166 1861; x_wconf 88' lang='grc' dir='ltr'>τά</span> <span class='ocrx_word' id='word_1_147' title='bbox 1214 1807 1354 1862; x_wconf 78' lang='grc' dir='ltr'>ὅπλα</span> <span class='ocrx_word' id='word_1_148' title='bbox 1379 1812 1560 1865; x_wconf 90' lang='grc' dir='ltr'>αὐτῶν</span> <span class='ocrx_word' id='word_1_149' title='bbox 1590 1815 1957 1880; x_wconf 80' lang='grc' dir='ltr'>κατέκαυσαν,</span> 
     </span>
    </p>
   </div>
   <div class='ocr_carea' id='block_1_20' title="bbox 387 1889 1958 1968">
    <p class='ocr_par' dir='ltr' id='par_1_20' title="bbox 387 1889 1958 1968">
     <span class='ocr_line' id='line_1_20' title="bbox 387 1889 1958 1968; baseline 0.006 -28"><span class='ocrx_word' id='word_1_150' title='bbox 387 1889 524 1942; x_wconf 85' lang='grc' dir='ltr'>κατά</span> <span class='ocrx_word' id='word_1_151' title='bbox 553 1890 752 1960; x_wconf 85' lang='grc' dir='ltr'>κράτος</span> <span class='ocrx_word' id='word_1_152' title='bbox 786 1891 1111 1960; x_wconf 84' lang='grc' dir='ltr'>νικήσαντες</span> <span class='ocrx_word' id='word_1_153' title='bbox 1134 1930 1148 1953; x_wconf 88' lang='grc'>,</span> <span class='ocrx_word' id='word_1_154' title='bbox 1184 1892 1280 1944; x_wconf 77' lang='grc' dir='ltr'>καὶ</span> <span class='ocrx_word' id='word_1_155' title='bbox 1309 1891 1376 1944; x_wconf 72' lang='grc' dir='ltr'>τὰ</span> <span class='ocrx_word' id='word_1_156' title='bbox 1407 1892 1658 1963; x_wconf 74' lang='grc' dir='ltr'>ἅρματα,</span> <span class='ocrx_word' id='word_1_157' title='bbox 1686 1896 1823 1968; x_wconf 84' lang='grc' dir='ltr'>ὅπερ</span> <span class='ocrx_word' id='word_1_158' title='bbox 1863 1897 1958 1952; x_wconf 81' lang='grc' dir='ltr'>Ἰε-</span> 
     </span>
    </p>
   </div>
   <div class='ocr_carea' id='block_1_21' title="bbox 383 1972 1961 2051">
    <p class='ocr_par' dir='ltr' id='par_1_21' title="bbox 383 1972 1961 2051">
     <span class='ocr_line' id='line_1_21' title="bbox 383 1972 1961 2051; baseline 0.007 -27"><span class='ocrx_word' id='word_1_159' title='bbox 383 1972 571 2043; x_wconf 77' lang='grc' dir='ltr'>ζεκιηλ</span> <span class='ocrx_word' id='word_1_160' title='bbox 600 1989 767 2043; x_wconf 75' lang='grc' dir='ltr'>φησιο</span> <span class='ocrx_word' id='word_1_161' title='bbox 807 1974 903 2027; x_wconf 74' lang='grc' dir='ltr'>καὶ</span> <span class='ocrx_word' id='word_1_162' title='bbox 934 1974 1050 2028; x_wconf 81' lang='grc' dir='ltr'>ὅσοι</span> <span class='ocrx_word' id='word_1_163' title='bbox 1101 1974 1415 2044; x_wconf 80' lang='grc' dir='ltr'>φιλομαθεῖς</span> <span class='ocrx_word' id='word_1_164' title='bbox 1442 2015 1456 2038; x_wconf 89' lang='grc'>,</span> <span class='ocrx_word' id='word_1_165' title='bbox 1495 1977 1641 2031; x_wconf 85' lang='grc' dir='ltr'>ίσασι</span> <span class='ocrx_word' id='word_1_166' title='bbox 1680 1979 1779 2051; x_wconf 87' lang='grc' dir='ltr'>τὴν</span> <span class='ocrx_word' id='word_1_167' title='bbox 1820 1983 1961 2035; x_wconf 87' lang='grc' dir='ltr'>ίστο-</span> 
     </span>
    </p>
   </div>
   <div class='ocr_carea' id='block_1_22' title="bbox 387 2054 1955 2132">
    <p class='ocr_par' dir='ltr' id='par_1_22' title="bbox 387 2054 1955 2132">
     <span class='ocr_line' id='line_1_22' title="bbox 387 2054 1955 2132; baseline 0.009 -25"><span class='ocrx_word' id='word_1_168' title='bbox 387 2054 523 2124; x_wconf 76' lang='grc' dir='ltr'>ρίαν.</span> <span class='ocrx_word' id='word_1_169' title='bbox 556 2055 928 2124; x_wconf 74' lang='grc' dir='ltr'>Σχολὰσατε,</span> <span class='ocrx_word' id='word_1_170' title='bbox 969 2059 1067 2111; x_wconf 75' lang='grc' dir='ltr'>καὶ</span> <span class='ocrx_word' id='word_1_171' title='bbox 1102 2058 1310 2127; x_wconf 73' lang='grc' dir='ltr'>γνῶτε,</span> <span class='ocrx_word' id='word_1_172' title='bbox 1342 2059 1430 2112; x_wconf 85' lang='grc' dir='ltr'>ὅτι</span> <span class='ocrx_word' id='word_1_173' title='bbox 1456 2060 1570 2129; x_wconf 79' lang='grc' dir='ltr'>ἐγώ</span> <span class='ocrx_word' id='word_1_174' title='bbox 1593 2065 1707 2130; x_wconf 78' lang='grc' dir='ltr'>εἰμι</span> <span class='ocrx_word' id='word_1_175' title='bbox 1738 2068 1771 2117; x_wconf 81' lang='grc' dir='ltr'>ό</span> <span class='ocrx_word' id='word_1_176' title='bbox 1793 2067 1955 2132; x_wconf 81' lang='grc' dir='ltr'>Θεός.</span> 
     </span>
    </p>
   </div>
   <div class='ocr_carea' id='block_1_23' title="bbox 399 2137 1959 2219">
    <p class='ocr_par' dir='ltr' id='par_1_23' title="bbox 399 2137 1959 2219">
     <span class='ocr_line' id='line_1_23' title="bbox 399 2137 1959 2219; baseline 0.008 -30"><span class='ocrx_word' id='word_1_177' title='bbox 399 2137 812 2209; x_wconf 67' lang='grc' dir='ltr'>’Υψωθήσομαι</span> <span class='ocrx_word' id='word_1_178' title='bbox 845 2143 916 2194; x_wconf 80' lang='grc' dir='ltr'>ἐν</span> <span class='ocrx_word' id='word_1_179' title='bbox 943 2141 1067 2205; x_wconf 81' lang='grc' dir='ltr'>τοῖς</span> <span class='ocrx_word' id='word_1_180' title='bbox 1095 2142 1317 2205; x_wconf 74' lang='grc' dir='ltr'>ἔθνεσι,</span> <span class='ocrx_word' id='word_1_181' title='bbox 1363 2144 1755 2214; x_wconf 69' lang='grc' dir='ltr'>ὑψωθήσομαι</span> <span class='ocrx_word' id='word_1_182' title='bbox 1785 2148 1854 2199; x_wconf 80' lang='grc' dir='ltr'>ἐν</span> <span class='ocrx_word' id='word_1_183' title='bbox 1882 2150 1959 2219; x_wconf 72' lang='grc' dir='ltr'>τῇ</span> 
     </span>
    </p>
   </div>
   <div class='ocr_carea' id='block_1_24' title="bbox 383 2219 1955 2298">
    <p class='ocr_par' dir='ltr' id='par_1_24' title="bbox 383 2219 1955 2298">
     <span class='ocr_line' id='line_1_24' title="bbox 383 2219 1955 2298; baseline 0.008 -26"><span class='ocrx_word' id='word_1_184' title='bbox 383 2219 478 2291; x_wconf 77' lang='grc' dir='ltr'>τῇ.</span> <span class='ocrx_word' id='word_1_185' title='bbox 511 2221 703 2286; x_wconf 75' lang='grc' dir='ltr'>Ἄλλος</span> <span class='ocrx_word' id='word_1_186' title='bbox 743 2226 907 2295; x_wconf 68' lang='grc' dir='ltr'>φησὶν</span> <span class='ocrx_word' id='word_1_187' title='bbox 936 2265 951 2288; x_wconf 93' lang='grc'>,</span> <span class='ocrx_word' id='word_1_188' title='bbox 1006 2224 1222 2292; x_wconf 84' lang='grc' dir='ltr'>Ἰάθητε</span> <span class='ocrx_word' id='word_1_189' title='bbox 1261 2226 1287 2265; x_wconf 79' lang='lat' dir='ltr'>b</span> <span class='ocrx_word' id='word_1_190' title='bbox 1338 2227 1435 2278; x_wconf 76' lang='grc' dir='ltr'>καὶ</span> <span class='ocrx_word' id='word_1_191' title='bbox 1495 2226 1700 2295; x_wconf 76' lang='grc' dir='ltr'>γνῶτε.</span> <span class='ocrx_word' id='word_1_192' title='bbox 1743 2231 1955 2298; x_wconf 76' lang='grc' dir='ltr'>Ἄλλος,</span> 
     </span>
    </p>
   </div>
   <div class='ocr_carea' id='block_1_25' title="bbox 395 2303 1958 2383">
    <p class='ocr_par' dir='ltr' id='par_1_25' title="bbox 395 2303 1958 2383">
     <span class='ocr_line' id='line_1_25' title="bbox 395 2303 1958 2383; baseline 0.006 -26"><span class='ocrx_word' id='word_1_193' title='bbox 395 2303 664 2365; x_wconf 79' lang='grc' dir='ltr'>Ἐάσατε,</span> <span class='ocrx_word' id='word_1_194' title='bbox 690 2306 790 2360; x_wconf 79' lang='grc' dir='ltr'>ἵνα</span> <span class='ocrx_word' id='word_1_195' title='bbox 823 2307 1027 2376; x_wconf 75' lang='grc' dir='ltr'>γνῶτε.</span> <span class='ocrx_word' id='word_1_196' title='bbox 1080 2308 1135 2360; x_wconf 90' lang='lat'>&#39;0</span> <span class='ocrx_word' id='word_1_197' title='bbox 1163 2307 1218 2360; x_wconf 82' lang='grc' dir='ltr'>δὲ</span> <span class='ocrx_word' id='word_1_198' title='bbox 1258 2309 1506 2380; x_wconf 84' lang='grc' dir='ltr'>Ἐϐραῖός</span> <span class='ocrx_word' id='word_1_199' title='bbox 1532 2328 1695 2380; x_wconf 64' lang='grc' dir='ltr'>φησιν</span> <span class='ocrx_word' id='word_1_200' title='bbox 1721 2355 1734 2377; x_wconf 94' lang='grc'>,</span> <span class='ocrx_word' id='word_1_201' title='bbox 1769 2316 1958 2383; x_wconf 79' lang='grc' dir='ltr'>Οὐαρ-</span> 
     </span>
    </p>
   </div>
   <div class='ocr_carea' id='block_1_26' title="bbox 380 2386 1958 2467">
    <p class='ocr_par' dir='ltr' id='par_1_26' title="bbox 380 2386 1958 2467">
     <span class='ocr_line' id='line_1_26' title="bbox 380 2386 1958 2467; baseline 0.007 -28"><span class='ocrx_word' id='word_1_202' title='bbox 380 2386 499 2453; x_wconf 70' lang='grc' dir='ltr'>φοῦ</span> <span class='ocrx_word' id='word_1_203' title='bbox 528 2387 772 2442; x_wconf 77' lang='grc' dir='ltr'>οὐαδοῦ.</span> <span class='ocrx_word' id='word_1_204' title='bbox 818 2389 1085 2442; x_wconf 87' lang='grc' dir='ltr'>Ἐνταῦθά</span> <span class='ocrx_word' id='word_1_205' title='bbox 1116 2407 1205 2460; x_wconf 89' lang='grc' dir='ltr'>μοι</span> <span class='ocrx_word' id='word_1_206' title='bbox 1234 2389 1382 2445; x_wconf 85' lang='grc' dir='ltr'>δοκεῖ</span> <span class='ocrx_word' id='word_1_207' title='bbox 1421 2393 1558 2462; x_wconf 74' lang='grc' dir='ltr'>πρὸς</span> <span class='ocrx_word' id='word_1_208' title='bbox 1587 2395 1655 2446; x_wconf 92' lang='grc' dir='ltr'>τά</span> <span class='ocrx_word' id='word_1_209' title='bbox 1691 2395 1815 2467; x_wconf 72' lang='grc' dir='ltr'>ἔθνη</span> <span class='ocrx_word' id='word_1_210' title='bbox 1851 2397 1958 2451; x_wconf 91' lang='grc' dir='ltr'>δια-</span> 
     </span>
    </p>
   </div>
   <div class='ocr_carea' id='block_1_27' title="bbox 380 2468 1955 2548">
    <p class='ocr_par' dir='ltr' id='par_1_27' title="bbox 380 2468 1955 2548">
     <span class='ocr_line' id='line_1_27' title="bbox 380 2468 1955 2548; baseline 0.01 -29"><span class='ocrx_word' id='word_1_211' title='bbox 380 2468 653 2537; x_wconf 86' lang='grc' dir='ltr'>λέγεσθαι,</span> <span class='ocrx_word' id='word_1_212' title='bbox 686 2472 968 2542; x_wconf 77' lang='grc' dir='ltr'>μονονουχὶ</span> <span class='ocrx_word' id='word_1_213' title='bbox 1000 2472 1159 2526; x_wconf 88' lang='grc' dir='ltr'>τοῦτο</span> <span class='ocrx_word' id='word_1_214' title='bbox 1184 2473 1360 2540; x_wconf 87' lang='grc' dir='ltr'>λέγων</span> <span class='ocrx_word' id='word_1_215' title='bbox 1379 2477 1645 2547; x_wconf 87' lang='grc' dir='ltr'>·”Εγνωτε</span> <span class='ocrx_word' id='word_1_216' title='bbox 1659 2478 1756 2548; x_wconf 84' lang='grc' dir='ltr'>μὲν</span> <span class='ocrx_word' id='word_1_217' title='bbox 1791 2482 1955 2535; x_wconf 85' lang='grc' dir='ltr'>αὐτοῦ</span> 
     </span>
    </p>
   </div>
   <div class='ocr_carea' id='block_1_28' title="bbox 378 2550 1957 2634">
    <p class='ocr_par' dir='ltr' id='par_1_28' title="bbox 378 2550 1957 2634">
     <span class='ocr_line' id='line_1_28' title="bbox 378 2550 1957 2634; baseline 0.008 -31"><span class='ocrx_word' id='word_1_218' title='bbox 378 2550 478 2622; x_wconf 76' lang='grc' dir='ltr'>τὴν</span> <span class='ocrx_word' id='word_1_219' title='bbox 505 2553 680 2623; x_wconf 81' lang='grc' dir='ltr'>ἰσχὺν,</span> <span class='ocrx_word' id='word_1_220' title='bbox 711 2556 866 2624; x_wconf 78' lang='grc' dir='ltr'>φησί,</span> <span class='ocrx_word' id='word_1_221' title='bbox 907 2555 1002 2608; x_wconf 70' lang='grc' dir='ltr'>καί⁵</span> <span class='ocrx_word' id='word_1_222' title='bbox 1036 2555 1135 2626; x_wconf 84' lang='grc' dir='ltr'>τὴν</span> <span class='ocrx_word' id='word_1_223' title='bbox 1162 2556 1392 2626; x_wconf 89' lang='grc' dir='ltr'>δύναμιν</span> <span class='ocrx_word' id='word_1_224' title='bbox 1421 2560 1522 2630; x_wconf 85' lang='grc' dir='ltr'>τὴν</span> <span class='ocrx_word' id='word_1_225' title='bbox 1552 2561 1830 2632; x_wconf 81' lang='grc' dir='ltr'>πανταχοῦ</span> <span class='ocrx_word' id='word_1_226' title='bbox 1859 2565 1957 2634; x_wconf 79' lang='grc' dir='ltr'>τῆς</span> 
     </span>
    </p>
   </div>
   <div class='ocr_carea' id='block_1_29' title="bbox 380 2635 1956 2712">
    <p class='ocr_par' dir='ltr' id='par_1_29' title="bbox 380 2635 1956 2712">
     <span class='ocr_line' id='line_1_29' title="bbox 380 2635 1956 2712; baseline 0.007 -25"><span class='ocrx_word' id='word_1_227' title='bbox 380 2635 706 2707; x_wconf 81' lang='grc' dir='ltr'>οἰκουμένης</span> <span class='ocrx_word' id='word_1_228' title='bbox 726 2638 1120 2709; x_wconf 80' lang='grc' dir='ltr'>ἐκτεταμένην·</span> <span class='ocrx_word' id='word_1_229' title='bbox 1151 2639 1231 2690; x_wconf 87' lang='grc' dir='ltr'>δεῖ</span> <span class='ocrx_word' id='word_1_230' title='bbox 1272 2641 1329 2692; x_wconf 80' lang='grc' dir='ltr'>δὲ</span> <span class='ocrx_word' id='word_1_231' title='bbox 1364 2642 1491 2709; x_wconf 90' lang='grc' dir='ltr'>ὑμῖν</span> <span class='ocrx_word' id='word_1_232' title='bbox 1528 2642 1722 2712; x_wconf 80' lang='grc' dir='ltr'>σχολῆς</span> <span class='ocrx_word' id='word_1_233' title='bbox 1741 2683 1755 2706; x_wconf 93' lang='grc'>,</span> <span class='ocrx_word' id='word_1_234' title='bbox 1787 2644 1869 2698; x_wconf 83' lang='grc' dir='ltr'>δεῖ</span> <span class='ocrx_word' id='word_1_235' title='bbox 1900 2646 1956 2699; x_wconf 85' lang='grc' dir='ltr'>δὲ</span> 
     </span>
    </p>
   </div>
   <div class='ocr_carea' id='block_1_30' title="bbox 378 2719 1956 2792">
    <p class='ocr_par' dir='ltr' id='par_1_30' title="bbox 378 2719 1956 2792">
     <span class='ocr_line' id='line_1_30' title="bbox 378 2719 1956 2792; baseline 0.008 -22"><span class='ocrx_word' id='word_1_236' title='bbox 378 2719 506 2788; x_wconf 84' lang='grc' dir='ltr'>ὑμῖν</span> <span class='ocrx_word' id='word_1_237' title='bbox 537 2720 888 2791; x_wconf 79' lang='grc' dir='ltr'>ὑγιαινούσης</span> <span class='ocrx_word' id='word_1_238' title='bbox 910 2721 1105 2792; x_wconf 77' lang='grc' dir='ltr'>ψυχῆς.</span> <span class='ocrx_word' id='word_1_239' title='bbox 1133 2724 1242 2776; x_wconf 76' lang='grc' dir='ltr'>Καὶ</span> <span class='ocrx_word' id='word_1_240' title='bbox 1273 2724 1335 2776; x_wconf 87' lang='grc' dir='ltr'>τὸ</span> <span class='ocrx_word' id='word_1_241' title='bbox 1370 2725 1623 2779; x_wconf 83' lang='grc' dir='ltr'>Ἐὰσατε</span> <span class='ocrx_word' id='word_1_242' title='bbox 1648 2727 1705 2780; x_wconf 84' lang='grc' dir='ltr'>δὲ</span> <span class='ocrx_word' id='word_1_243' title='bbox 1738 2728 1799 2780; x_wconf 90' lang='grc' dir='ltr'>τὸ</span> <span class='ocrx_word' id='word_1_244' title='bbox 1825 2730 1956 2782; x_wconf 87' lang='grc' dir='ltr'>αὐτὸ</span> 
     </span>
    </p>
   </div>
   <div class='ocr_carea' id='block_1_31' title="bbox 377 2801 1955 2882">
    <p class='ocr_par' dir='ltr' id='par_1_31' title="bbox 377 2801 1955 2882">
     <span class='ocr_line' id='line_1_31' title="bbox 377 2801 1955 2882; baseline 0.008 -29"><span class='ocrx_word' id='word_1_245' title='bbox 377 2801 553 2873; x_wconf 80' lang='grc' dir='ltr'>δηλοῖ·</span> <span class='ocrx_word' id='word_1_246' title='bbox 588 2806 754 2872; x_wconf 78' lang='grc' dir='ltr'>ἄφετε</span> <span class='ocrx_word' id='word_1_247' title='bbox 783 2803 881 2875; x_wconf 80' lang='grc' dir='ltr'>τὴν</span> <span class='ocrx_word' id='word_1_248' title='bbox 914 2805 1142 2876; x_wconf 80' lang='grc' dir='ltr'>πλάνην,</span> <span class='ocrx_word' id='word_1_249' title='bbox 1172 2806 1523 2879; x_wconf 84' lang='grc' dir='ltr'>ἀπαλλάγητε</span> <span class='ocrx_word' id='word_1_250' title='bbox 1554 2811 1653 2880; x_wconf 84' lang='grc' dir='ltr'>τῆς</span> <span class='ocrx_word' id='word_1_251' title='bbox 1686 2812 1955 2882; x_wconf 87' lang='grc' dir='ltr'>προτέρας</span> 
     </span>
    </p>
   </div>
   <div class='ocr_carea' id='block_1_32' title="bbox 378 2886 1954 2961">
    <p class='ocr_par' dir='ltr' id='par_1_32' title="bbox 378 2886 1954 2961">
     <span class='ocr_line' id='line_1_32' title="bbox 378 2886 1954 2961; baseline 0.006 -22"><span class='ocrx_word' id='word_1_252' title='bbox 378 2886 726 2958; x_wconf 79' lang='grc' dir='ltr'>ἀναστροφῆς</span> <span class='ocrx_word' id='word_1_253' title='bbox 751 2926 766 2951; x_wconf 87' lang='grc'>,</span> <span class='ocrx_word' id='word_1_254' title='bbox 815 2887 1188 2943; x_wconf 83' lang='grc' dir='ltr'>ἀναπνεύσατε</span> <span class='ocrx_word' id='word_1_255' title='bbox 1222 2891 1284 2942; x_wconf 78' lang='grc' dir='ltr'>ἐκ</span> <span class='ocrx_word' id='word_1_256' title='bbox 1321 2892 1419 2961; x_wconf 77' lang='grc' dir='ltr'>τῆς</span> <span class='ocrx_word' id='word_1_257' title='bbox 1453 2891 1651 2961; x_wconf 84' lang='grc' dir='ltr'>ἀχλύος</span> <span class='ocrx_word' id='word_1_258' title='bbox 1679 2894 1789 2947; x_wconf 90' lang='grc' dir='ltr'>τῶν</span> <span class='ocrx_word' id='word_1_259' title='bbox 1823 2913 1954 2949; x_wconf 90' lang='grc' dir='ltr'>κατ-</span> 
     </span>
    </p>
   </div>
   <div class='ocr_carea' id='block_1_33' title="bbox 377 2968 1955 3049">
    <p class='ocr_par' dir='ltr' id='par_1_33' title="bbox 377 2968 1955 3049">
     <span class='ocr_line' id='line_1_33' title="bbox 377 2968 1955 3049; baseline 0.008 -29"><span class='ocrx_word' id='word_1_260' title='bbox 377 2968 612 3038; x_wconf 67' lang='grc' dir='ltr'>εχόντων</span> <span class='ocrx_word' id='word_1_261' title='bbox 645 2970 786 3040; x_wconf 78' lang='grc' dir='ltr'>ὑμᾶς</span> <span class='ocrx_word' id='word_1_262' title='bbox 812 2972 1061 3041; x_wconf 83' lang='grc' dir='ltr'>πονηρῶν</span> <span class='ocrx_word' id='word_1_263' title='bbox 1091 2973 1450 3043; x_wconf 85' lang='grc' dir='ltr'>πραγμάτων,</span> <span class='ocrx_word' id='word_1_264' title='bbox 1474 2975 1558 3029; x_wconf 83' lang='grc' dir='ltr'>ἵνα</span> <span class='ocrx_word' id='word_1_265' title='bbox 1591 2977 1698 3030; x_wconf 89' lang='grc' dir='ltr'>ἀπὸ</span> <span class='ocrx_word' id='word_1_266' title='bbox 1728 2980 1826 3049; x_wconf 83' lang='grc' dir='ltr'>τῆς</span> <span class='ocrx_word' id='word_1_267' title='bbox 1847 2979 1955 3033; x_wconf 82' lang='grc' dir='ltr'>τῶν</span> 
     </span>
    </p>
   </div>
   <div class='ocr_carea' id='block_1_34' title="bbox 376 3050 1953 3133">
    <p class='ocr_par' dir='ltr' id='par_1_34' title="bbox 376 3050 1953 3133">
     <span class='ocr_line' id='line_1_34' title="bbox 376 3050 1953 3133; baseline 0.008 -30"><span class='ocrx_word' id='word_1_268' title='bbox 376 3050 672 3133; x_wconf 78' lang='grc' dir='ltr'>θαυμάτων</span> <span class='ocrx_word' id='word_1_269' title='bbox 732 3052 1077 3117; x_wconf 80' lang='grc' dir='ltr'>διδασκαλίας</span> <span class='ocrx_word' id='word_1_270' title='bbox 1137 3059 1637 3127; x_wconf 87' lang='grc' dir='ltr'>χειραγωγούμενοι</span> <span class='ocrx_word' id='word_1_271' title='bbox 1700 3061 1796 3113; x_wconf 73' lang='grc' dir='ltr'>καὶ</span> <span class='ocrx_word' id='word_1_272' title='bbox 1856 3061 1953 3133; x_wconf 81' lang='grc' dir='ltr'>τὴν</span> 
     </span>
    </p>
   </div>
   <div class='ocr_carea' id='block_1_35' title="bbox 376 3132 1952 3208">
    <p class='ocr_par' dir='ltr' id='par_1_35' title="bbox 376 3132 1952 3208">
     <span class='ocr_line' id='line_1_35' title="bbox 376 3132 1952 3208; baseline 0.008 -23"><span class='ocrx_word' id='word_1_273' title='bbox 376 3132 554 3205; x_wconf 69' lang='grc' dir='ltr'>ψυχὴν</span> <span class='ocrx_word' id='word_1_274' title='bbox 583 3135 946 3205; x_wconf 76' lang='grc' dir='ltr'>σχολάζουσαν</span> <span class='ocrx_word' id='word_1_275' title='bbox 979 3136 1191 3207; x_wconf 73' lang='grc' dir='ltr'>ἔχοντες</span> <span class='ocrx_word' id='word_1_276' title='bbox 1211 3180 1226 3202; x_wconf 94' lang='grc'>,</span> <span class='ocrx_word' id='word_1_277' title='bbox 1258 3139 1527 3208; x_wconf 80' lang='grc' dir='ltr'>ἐπιγνῶτε</span> <span class='ocrx_word' id='word_1_278' title='bbox 1565 3144 1658 3194; x_wconf 89' lang='grc' dir='ltr'>τὸν</span> <span class='ocrx_word' id='word_1_279' title='bbox 1683 3142 1790 3196; x_wconf 90' lang='grc' dir='ltr'>τῶν</span> <span class='ocrx_word' id='word_1_280' title='bbox 1816 3132 1952 3197; x_wconf 84' lang='grc' dir='ltr'>ὅλων</span> 
     </span>
    </p>
   </div>
   <div class='ocr_carea' id='block_1_36' title="bbox 376 3216 1952 3297">
    <p class='ocr_par' dir='ltr' id='par_1_36' title="bbox 376 3216 1952 3297">
     <span class='ocr_line' id='line_1_36' title="bbox 376 3216 1952 3297; baseline 0.008 -30"><span class='ocrx_word' id='word_1_281' title='bbox 376 3216 526 3270; x_wconf 85' lang='grc' dir='ltr'>Θεόν.</span> <span class='ocrx_word' id='word_1_282' title='bbox 555 3217 690 3270; x_wconf 77' lang='grc' dir='ltr'>Οὐδὲ</span> <span class='ocrx_word' id='word_1_283' title='bbox 714 3218 824 3290; x_wconf 88' lang='grc' dir='ltr'>γάρ</span> <span class='ocrx_word' id='word_1_284' title='bbox 852 3221 1012 3290; x_wconf 89' lang='grc' dir='ltr'>ἀρκεῖ</span> <span class='ocrx_word' id='word_1_285' title='bbox 1038 3220 1104 3273; x_wconf 73' lang='grc' dir='ltr'>τὰ</span> <span class='ocrx_word' id='word_1_286' title='bbox 1133 3219 1386 3293; x_wconf 87' lang='grc' dir='ltr'>θαύματα</span> <span class='ocrx_word' id='word_1_287' title='bbox 1414 3224 1594 3293; x_wconf 87' lang='grc' dir='ltr'>μόνον,</span> <span class='ocrx_word' id='word_1_288' title='bbox 1628 3226 1721 3278; x_wconf 79' lang='grc' dir='ltr'>ἐὰν</span> <span class='ocrx_word' id='word_1_289' title='bbox 1751 3227 1825 3297; x_wconf 79' lang='grc' dir='ltr'>μὴ</span> <span class='ocrx_word' id='word_1_290' title='bbox 1859 3229 1952 3280; x_wconf 78' lang='grc' dir='ltr'>καὶ</span> 
     </span>
    </p>
   </div>
   <div class='ocr_carea' id='block_1_37' title="bbox 377 3298 1952 3379">
    <p class='ocr_par' dir='ltr' id='par_1_37' title="bbox 377 3298 1952 3379">
     <span class='ocr_line' id='line_1_37' title="bbox 377 3298 1952 3379; baseline 0.008 -28"><span class='ocrx_word' id='word_1_291' title='bbox 377 3298 521 3370; x_wconf 79' lang='grc' dir='ltr'>ψυχὴ</span> <span class='ocrx_word' id='word_1_292' title='bbox 545 3300 917 3377; x_wconf 80' lang='grc' dir='ltr'>εὐγνώμων</span> <span class='ocrx_word' id='word_1_293' title='bbox 964 3305 1116 3358; x_wconf 78' lang='grc' dir='ltr'>Ἐπεὶ</span> <span class='ocrx_word' id='word_1_294' title='bbox 1150 3307 1241 3358; x_wconf 79' lang='grc' dir='ltr'>καὶ</span> <span class='ocrx_word' id='word_1_295' title='bbox 1270 3306 1362 3359; x_wconf 75' lang='grc' dir='ltr'>ἐπὶ</span> <span class='ocrx_word' id='word_1_296' title='bbox 1390 3306 1498 3360; x_wconf 83' lang='grc' dir='ltr'>τῶν</span> <span class='ocrx_word' id='word_1_297' title='bbox 1534 3309 1802 3362; x_wconf 82' lang='grc' dir='ltr'>Ἰουδαίων</span> <span class='ocrx_word' id='word_1_298' title='bbox 1833 3314 1952 3379; x_wconf 83' lang='grc' dir='ltr'>ὲγέ-</span> 
     </span>
    </p>
   </div>
   <div class='ocr_carea' id='block_1_38' title="bbox 381 3383 1952 3464">
    <p class='ocr_par' dir='ltr' id='par_1_38' title="bbox 381 3383 1952 3464">
     <span class='ocr_line' id='line_1_38' title="bbox 381 3383 1952 3464; baseline 0.008 -29"><span class='ocrx_word' id='word_1_299' title='bbox 381 3398 500 3435; x_wconf 87' lang='grc' dir='ltr'>νετο</span> <span class='ocrx_word' id='word_1_300' title='bbox 527 3383 799 3456; x_wconf 85' lang='grc' dir='ltr'>θαύματα,</span> <span class='ocrx_word' id='word_1_301' title='bbox 819 3388 913 3440; x_wconf 80' lang='grc' dir='ltr'>καὶ</span> <span class='ocrx_word' id='word_1_302' title='bbox 939 3388 1091 3441; x_wconf 83' lang='grc' dir='ltr'>οὐδὲν</span> <span class='ocrx_word' id='word_1_303' title='bbox 1126 3389 1284 3442; x_wconf 84' lang='grc' dir='ltr'>πλέον</span> <span class='ocrx_word' id='word_1_304' title='bbox 1311 3391 1528 3458; x_wconf 74' lang='grc' dir='ltr'>ἐγένετο</span> <span class='ocrx_word' id='word_1_305' title='bbox 1553 3392 1691 3462; x_wconf 83' lang='grc' dir='ltr'>πρὸς</span> <span class='ocrx_word' id='word_1_306' title='bbox 1716 3396 1814 3464; x_wconf 80' lang='grc' dir='ltr'>τὴν</span> <span class='ocrx_word' id='word_1_307' title='bbox 1849 3412 1952 3447; x_wconf 88' lang='grc' dir='ltr'>σω-</span> 
     </span>
    </p>
   </div>
   <div class='ocr_carea' id='block_1_39' title="bbox 381 3467 1950 3546">
    <p class='ocr_par' dir='ltr' id='par_1_39' title="bbox 381 3467 1950 3546">
     <span class='ocr_line' id='line_1_39' title="bbox 381 3467 1950 3546; baseline 0.008 -27"><span class='ocrx_word' id='word_1_308' title='bbox 381 3467 574 3538; x_wconf 88' lang='grc' dir='ltr'>τηρίαν</span> <span class='ocrx_word' id='word_1_309' title='bbox 608 3470 848 3524; x_wconf 74' lang='grc' dir='ltr'>ἐκείνων.</span> <span class='ocrx_word' id='word_1_310' title='bbox 889 3474 1099 3545; x_wconf 85' lang='grc' dir='ltr'>Ὥσπερ</span> <span class='ocrx_word' id='word_1_311' title='bbox 1141 3473 1251 3543; x_wconf 81' lang='grc' dir='ltr'>γὰρ</span> <span class='ocrx_word' id='word_1_312' title='bbox 1286 3476 1388 3527; x_wconf 87' lang='grc' dir='ltr'>οὐκ</span> <span class='ocrx_word' id='word_1_313' title='bbox 1433 3475 1695 3546; x_wconf 90' lang='grc' dir='ltr'>ἀρκοῦσιν</span> <span class='ocrx_word' id='word_1_314' title='bbox 1749 3479 1805 3530; x_wconf 78' lang='grc' dir='ltr'>αἱ</span> <span class='ocrx_word' id='word_1_315' title='bbox 1855 3479 1950 3532; x_wconf 91' lang='grc' dir='ltr'>τοῦ</span> 
     </span>
    </p>
   </div>
   <div class='ocr_carea' id='block_1_40' title="bbox 379 3548 1948 3635">
    <p class='ocr_par' dir='ltr' id='par_1_40' title="bbox 379 3548 1948 3635">
     <span class='ocr_line' id='line_1_40' title="bbox 379 3548 1948 3635; baseline 0.009 -34"><span class='ocrx_word' id='word_1_316' title='bbox 379 3548 530 3635; x_wconf 77' lang='grc' dir='ltr'>ἡλίου</span> <span class='ocrx_word' id='word_1_317' title='bbox 557 3551 800 3621; x_wconf 78' lang='grc' dir='ltr'>ἀκτῖνες,</span> <span class='ocrx_word' id='word_1_318' title='bbox 835 3554 932 3608; x_wconf 78' lang='grc' dir='ltr'>ἐὰν</span> <span class='ocrx_word' id='word_1_319' title='bbox 969 3556 1044 3626; x_wconf 85' lang='grc' dir='ltr'>μὴ</span> <span class='ocrx_word' id='word_1_320' title='bbox 1092 3556 1185 3609; x_wconf 79' lang='grc' dir='ltr'>καὶ</span> <span class='ocrx_word' id='word_1_321' title='bbox 1226 3559 1254 3609; x_wconf 98' lang='lat'>6</span> <span class='ocrx_word' id='word_1_322' title='bbox 1302 3557 1579 3629; x_wconf 68' lang='grc' dir='ltr'>ὀφθαλμὸς</span> <span class='ocrx_word' id='word_1_323' title='bbox 1621 3558 1861 3629; x_wconf 86' lang='grc' dir='ltr'>καθαρὸς</span> <span class='ocrx_word' id='word_1_324' title='bbox 1893 3559 1948 3635; x_wconf 80' lang='grc' dir='ltr'>ᾗ,</span> 
     </span>
    </p>
   </div>
   <div class='ocr_carea' id='block_1_41' title="bbox 377 3634 1951 3717">
    <p class='ocr_par' dir='ltr' id='par_1_41' title="bbox 377 3634 1951 3717">
     <span class='ocr_line' id='line_1_41' title="bbox 377 3634 1951 3717; baseline 0.006 -31"><span class='ocrx_word' id='word_1_325' title='bbox 377 3634 470 3717; x_wconf 74' lang='grc' dir='ltr'>καὶ</span> <span class='ocrx_word' id='word_1_326' title='bbox 502 3635 760 3703; x_wconf 83' lang='grc' dir='ltr'>ὑγιαίνων</span> <span class='ocrx_word' id='word_1_327' title='bbox 786 3655 801 3670; x_wconf 80' lang='grc' dir='ltr'><strong><em>ο</em></strong></span> <span class='ocrx_word' id='word_1_328' title='bbox 838 3637 983 3691; x_wconf 77' lang='grc' dir='ltr'>οὕτω</span> <span class='ocrx_word' id='word_1_329' title='bbox 1013 3638 1077 3709; x_wconf 84' lang='grc' dir='ltr'>δὴ</span> <span class='ocrx_word' id='word_1_330' title='bbox 1133 3639 1255 3692; x_wconf 84' lang='grc' dir='ltr'>οὐδὲ</span> <span class='ocrx_word' id='word_1_331' title='bbox 1300 3641 1533 3694; x_wconf 77' lang='grc' dir='ltr'>ἐνταῦθα</span> <span class='ocrx_word' id='word_1_332' title='bbox 1581 3641 1649 3694; x_wconf 87' lang='grc' dir='ltr'>τά</span> <span class='ocrx_word' id='word_1_333' title='bbox 1700 3642 1951 3717; x_wconf 71' lang='grc' dir='ltr'>θαύματα</span> 
     </span>
    </p>
   </div>
   <div class='ocr_carea' id='block_1_42' title="bbox 376 3712 1951 3796">
    <p class='ocr_par' dir='ltr' id='par_1_42' title="bbox 376 3712 1951 3796">
     <span class='ocr_line' id='line_1_42' title="bbox 376 3712 1951 3796; baseline 0.006 -28"><span class='ocrx_word' id='word_1_334' title='bbox 376 3712 537 3783; x_wconf 87' lang='grc' dir='ltr'>μόνον</span> <span class='ocrx_word' id='word_1_335' title='bbox 563 3719 745 3789; x_wconf 86' lang='grc' dir='ltr'>ἀρκεῖ.</span> <span class='ocrx_word' id='word_1_336' title='bbox 775 3720 865 3773; x_wconf 86' lang='grc' dir='ltr'>Διὸ</span> <span class='ocrx_word' id='word_1_337' title='bbox 890 3720 955 3791; x_wconf 81' lang='grc' dir='ltr'>δὴ</span> <span class='ocrx_word' id='word_1_338' title='bbox 978 3724 1107 3792; x_wconf 81' lang='grc' dir='ltr'>περὶ</span> <span class='ocrx_word' id='word_1_339' title='bbox 1133 3722 1355 3776; x_wconf 78' lang='grc' dir='ltr'>ἐκείνων</span> <span class='ocrx_word' id='word_1_340' title='bbox 1386 3722 1689 3793; x_wconf 78' lang='grc' dir='ltr'>διαλεχθεὶς</span> <span class='ocrx_word' id='word_1_341' title='bbox 1706 3762 1720 3786; x_wconf 85' lang='grc'>,</span> <span class='ocrx_word' id='word_1_342' title='bbox 1746 3712 1951 3796; x_wconf 69' lang='grc' dir='ltr'>πάρω-</span> 
     </span>
    </p>
   </div>
   <div class='ocr_carea' id='block_1_43' title="bbox 373 3799 1946 3877">
    <p class='ocr_par' dir='ltr' id='par_1_43' title="bbox 373 3799 1946 3877">
     <span class='ocr_line' id='line_1_43' title="bbox 373 3799 1946 3877; baseline 0.008 -28"><span class='ocrx_word' id='word_1_343' title='bbox 373 3802 457 3850; x_wconf 80' lang='grc' dir='ltr'>νεῖ</span> <span class='ocrx_word' id='word_1_344' title='bbox 485 3801 599 3861; x_wconf 88' lang='grc' dir='ltr'>τοῖς</span> <span class='ocrx_word' id='word_1_345' title='bbox 635 3799 915 3870; x_wconf 79' lang='grc' dir='ltr'>μέλλουσιν</span> <span class='ocrx_word' id='word_1_346' title='bbox 941 3804 1120 3857; x_wconf 80' lang='grc' dir='ltr'>αὐτῶν</span> <span class='ocrx_word' id='word_1_347' title='bbox 1155 3805 1495 3877; x_wconf 81' lang='grc' dir='ltr'>καρποῦσθαι</span> <span class='ocrx_word' id='word_1_348' title='bbox 1533 3808 1631 3877; x_wconf 85' lang='grc' dir='ltr'>τὴν</span> <span class='ocrx_word' id='word_1_349' title='bbox 1661 3806 1946 3875; x_wconf 83' lang='grc' dir='ltr'>ὠφέλειαν,</span> 
     </span>
    </p>
   </div>
   <div class='ocr_carea' id='block_1_44' title="bbox 374 3881 1947 3958">
    <p class='ocr_par' dir='ltr' id='par_1_44' title="bbox 374 3881 1947 3958">
     <span class='ocr_line' id='line_1_44' title="bbox 374 3881 1947 3958; baseline 0.008 -26"><span class='ocrx_word' id='word_1_350' title='bbox 374 3881 714 3936; x_wconf 83' lang='grc' dir='ltr'>ἀναπνεῦσαι</span> <span class='ocrx_word' id='word_1_351' title='bbox 744 3886 807 3937; x_wconf 80' lang='grc' dir='ltr'>ἐκ</span> <span class='ocrx_word' id='word_1_352' title='bbox 834 3885 940 3938; x_wconf 88' lang='grc' dir='ltr'>τῶν</span> <span class='ocrx_word' id='word_1_353' title='bbox 967 3889 1305 3958; x_wconf 82' lang='grc' dir='ltr'>κατεχόντων</span> <span class='ocrx_word' id='word_1_354' title='bbox 1334 3889 1530 3953; x_wconf 85' lang='grc' dir='ltr'>αὐτοὺς</span> <span class='ocrx_word' id='word_1_355' title='bbox 1555 3889 1739 3943; x_wconf 85' lang='grc' dir='ltr'>κακῶν</span> <span class='ocrx_word' id='word_1_356' title='bbox 1763 3930 1778 3954; x_wconf 96' lang='grc'>,</span> <span class='ocrx_word' id='word_1_357' title='bbox 1807 3891 1947 3944; x_wconf 88' lang='grc' dir='ltr'>ῶστε</span> 
     </span>
    </p>
   </div>
   <div class='ocr_carea' id='block_1_45' title="bbox 374 3963 1947 4042">
    <p class='ocr_par' dir='ltr' id='par_1_45' title="bbox 374 3963 1947 4042">
     <span class='ocr_line' id='line_1_45' title="bbox 374 3963 1947 4042; baseline 0.007 -26"><span class='ocrx_word' id='word_1_358' title='bbox 374 3963 570 4033; x_wconf 82' lang='grc' dir='ltr'>μαθεῖν</span> <span class='ocrx_word' id='word_1_359' title='bbox 595 3965 686 4019; x_wconf 88' lang='grc' dir='ltr'>τὸν</span> <span class='ocrx_word' id='word_1_360' title='bbox 704 3965 835 4021; x_wconf 85' lang='grc' dir='ltr'>Θεὸν</span> <span class='ocrx_word' id='word_1_361' title='bbox 872 3969 962 4022; x_wconf 86' lang='grc' dir='ltr'>τὸν</span> <span class='ocrx_word' id='word_1_362' title='bbox 995 3972 1087 4023; x_wconf 75' lang='grc' dir='ltr'>ἐπὶ</span> <span class='ocrx_word' id='word_1_363' title='bbox 1119 3971 1227 4024; x_wconf 87' lang='grc' dir='ltr'>τῶν</span> <span class='ocrx_word' id='word_1_364' title='bbox 1256 3970 1412 4028; x_wconf 81' lang='grc' dir='ltr'>ὅλων.</span> <span class='ocrx_word' id='word_1_365' title='bbox 1444 3972 1816 4042; x_wconf 77' lang='grc' dir='ltr'>Σχολάσατε,</span> <span class='ocrx_word' id='word_1_366' title='bbox 1849 3976 1947 4027; x_wconf 79' lang='grc' dir='ltr'>καὶ</span> 
     </span>
    </p>
   </div>
   <div class='ocr_carea' id='block_1_46' title="bbox 371 4047 1948 4121">
    <p class='ocr_par' dir='ltr' id='par_1_46' title="bbox 371 4047 1948 4121">
     <span class='ocr_line' id='line_1_46' title="bbox 371 4047 1948 4121; baseline 0.005 -20"><span class='ocrx_word' id='word_1_367' title='bbox 371 4047 557 4118; x_wconf 72' lang='grc' dir='ltr'>γνῶτε</span> <span class='ocrx_word' id='word_1_368' title='bbox 581 4090 597 4109; x_wconf 90' lang='grc'>.</span> <span class='ocrx_word' id='word_1_369' title='bbox 628 4048 719 4103; x_wconf 79' lang='grc' dir='ltr'>ὅτι</span> <span class='ocrx_word' id='word_1_370' title='bbox 763 4050 877 4120; x_wconf 75' lang='grc' dir='ltr'>ἐγώ</span> <span class='ocrx_word' id='word_1_371' title='bbox 923 4056 1039 4121; x_wconf 75' lang='grc' dir='ltr'>εἰμι</span> <span class='ocrx_word' id='word_1_372' title='bbox 1088 4057 1120 4107; x_wconf 86' lang='grc' dir='ltr'>ό</span> <span class='ocrx_word' id='word_1_373' title='bbox 1160 4052 1338 4120; x_wconf 83' lang='grc' dir='ltr'>Θεὸς,</span> <span class='ocrx_word' id='word_1_374' title='bbox 1379 4056 1438 4107; x_wconf 89' lang='grc' dir='ltr'>οὐ</span> <span class='ocrx_word' id='word_1_375' title='bbox 1464 4055 1534 4109; x_wconf 80' lang='grc' dir='ltr'>τὰ</span> <span class='ocrx_word' id='word_1_376' title='bbox 1561 4055 1753 4108; x_wconf 74' lang='grc' dir='ltr'>εἴδωλα</span> <span class='ocrx_word' id='word_1_377' title='bbox 1780 4097 1794 4121; x_wconf 93' lang='grc'>,</span> <span class='ocrx_word' id='word_1_378' title='bbox 1829 4057 1948 4110; x_wconf 87' lang='grc' dir='ltr'>οὐδὲ</span> 
     </span>
    </p>
   </div>
   <div class='ocr_carea' id='block_1_47' title="bbox 335 4129 1947 4210">
    <p class='ocr_par' dir='ltr' id='par_1_47' title="bbox 335 4129 1947 4210">
     <span class='ocr_line' id='line_1_47' title="bbox 335 4129 1947 4210; baseline 0.006 -29"><span class='ocrx_word' id='word_1_379' title='bbox 335 4148 339 4151; x_wconf 59' lang='grc'><strong><em>⁷</em></strong></span> <span class='ocrx_word' id='word_1_380' title='bbox 372 4129 528 4203; x_wconf 74' lang='grc'>[187]</span> <span class='ocrx_word' id='word_1_381' title='bbox 552 4131 621 4186; x_wconf 82' lang='grc' dir='ltr'>τὰ</span> <span class='ocrx_word' id='word_1_382' title='bbox 654 4131 840 4199; x_wconf 83' lang='grc' dir='ltr'>ξόανα.</span> <span class='ocrx_word' id='word_1_383' title='bbox 866 4137 913 4187; x_wconf 90' lang='grc' dir='ltr'><strong><em>Σ</em></strong></span> <span class='ocrx_word' id='word_1_384' title='bbox 914 4136 1216 4203; x_wconf 71' lang='grc' dir='ltr'>χολώσατο</span> <span class='ocrx_word' id='word_1_385' title='bbox 1242 4138 1440 4201; x_wconf 87' lang='grc' dir='ltr'>τοίνυν,</span> <span class='ocrx_word' id='word_1_386' title='bbox 1464 4139 1558 4191; x_wconf 74' lang='grc' dir='ltr'>καὶ</span> <span class='ocrx_word' id='word_1_387' title='bbox 1587 4138 1790 4201; x_wconf 85' lang='grc' dir='ltr'>πολλὰς</span> <span class='ocrx_word' id='word_1_388' title='bbox 1820 4140 1947 4210; x_wconf 90' lang='grc' dir='ltr'>ὑμῖν</span> 
     </span>
    </p>
   </div>
   <div class='ocr_carea' id='block_1_48' title="bbox 372 4214 1947 4292">
    <p class='ocr_par' dir='ltr' id='par_1_48' title="bbox 372 4214 1947 4292">
     <span class='ocr_line' id='line_1_48' title="bbox 372 4214 1947 4292; baseline 0.007 -27"><span class='ocrx_word' id='word_1_389' title='bbox 372 4214 679 4289; x_wconf 77' lang='grc' dir='ltr'>παρέξομαι</span> <span class='ocrx_word' id='word_1_390' title='bbox 703 4217 802 4280; x_wconf 84' lang='grc' dir='ltr'>τάς</span> <span class='ocrx_word' id='word_1_391' title='bbox 828 4218 1148 4285; x_wconf 83' lang='grc' dir='ltr'>ἀποδείξεις.</span> <span class='ocrx_word' id='word_1_392' title='bbox 1168 4219 1337 4273; x_wconf 89' lang='grc' dir='ltr'>Τοῦτο</span> <span class='ocrx_word' id='word_1_393' title='bbox 1364 4221 1473 4292; x_wconf 89' lang='grc' dir='ltr'>γάρ</span> <span class='ocrx_word' id='word_1_394' title='bbox 1500 4223 1616 4275; x_wconf 86' lang='grc' dir='ltr'>ὲστι</span> <span class='ocrx_word' id='word_1_395' title='bbox 1642 4223 1721 4289; x_wconf 89' lang='grc' dir='ltr'>τὸ,</span> <span class='ocrx_word' id='word_1_396' title='bbox 1767 4223 1947 4291; x_wconf 70' lang='grc' dir='ltr'>’Υψω-</span> 
     </span>
    </p>
   </div>
   <div class='ocr_carea' id='block_1_49' title="bbox 371 4298 1944 4375">
    <p class='ocr_par' dir='ltr' id='par_1_49' title="bbox 371 4298 1944 4375">
     <span class='ocr_line' id='line_1_49' title="bbox 371 4298 1944 4375; baseline 0.008 -24"><span class='ocrx_word' id='word_1_397' title='bbox 371 4298 632 4367; x_wconf 68' lang='grc' dir='ltr'>θήσομαι</span> <span class='ocrx_word' id='word_1_398' title='bbox 653 4299 723 4352; x_wconf 77' lang='grc' dir='ltr'>ἐν</span> <span class='ocrx_word' id='word_1_399' title='bbox 754 4299 878 4366; x_wconf 79' lang='grc' dir='ltr'>τοῖς</span> <span class='ocrx_word' id='word_1_400' title='bbox 902 4301 1161 4360; x_wconf 64' lang='grc' dir='ltr'>ἔθνεσιν,</span> <span class='ocrx_word' id='word_1_401' title='bbox 1192 4304 1588 4375; x_wconf 75' lang='grc' dir='ltr'>ὐψωθήσομαι</span> <span class='ocrx_word' id='word_1_402' title='bbox 1616 4306 1689 4360; x_wconf 75' lang='grc' dir='ltr'>ἐν</span> <span class='ocrx_word' id='word_1_403' title='bbox 1722 4305 1797 4374; x_wconf 79' lang='grc' dir='ltr'>τῇ</span> <span class='ocrx_word' id='word_1_404' title='bbox 1835 4305 1911 4375; x_wconf 76' lang='grc' dir='ltr'>γῇ</span> <span class='ocrx_word' id='word_1_405' title='bbox 1931 4322 1944 4334; x_wconf 87' lang='grc'><strong><em>“</em></strong></span> 
     </span>
    </p>
   </div>
   <div class='ocr_carea' id='block_1_50' title="bbox 372 4383 1948 4460">
    <p class='ocr_par' dir='ltr' id='par_1_50' title="bbox 372 4383 1948 4460">
     <span class='ocr_line' id='line_1_50' title="bbox 372 4383 1948 4460; baseline 0.005 -25"><span class='ocrx_word' id='word_1_406' title='bbox 372 4383 638 4447; x_wconf 81' lang='grc' dir='ltr'>τουτέστι,</span> <span class='ocrx_word' id='word_1_407' title='bbox 659 4383 759 4437; x_wconf 83' lang='grc' dir='ltr'>Διά</span> <span class='ocrx_word' id='word_1_408' title='bbox 773 4385 880 4440; x_wconf 92' lang='grc' dir='ltr'>τῶν</span> <span class='ocrx_word' id='word_1_409' title='bbox 908 4385 1085 4455; x_wconf 81' lang='grc' dir='ltr'>ἔργων</span> <span class='ocrx_word' id='word_1_410' title='bbox 1117 4388 1245 4456; x_wconf 87' lang='grc' dir='ltr'>ὑμῖν</span> <span class='ocrx_word' id='word_1_411' title='bbox 1271 4387 1626 4459; x_wconf 85' lang='grc' dir='ltr'>δειχθήσομαι</span> <span class='ocrx_word' id='word_1_412' title='bbox 1655 4389 1828 4460; x_wconf 85' lang='grc' dir='ltr'>μέγας</span> <span class='ocrx_word' id='word_1_413' title='bbox 1856 4390 1948 4442; x_wconf 74' lang='grc' dir='ltr'>καὶ</span> 
     </span>
    </p>
   </div>
   <div class='ocr_carea' id='block_1_51' title="bbox 373 4467 1946 4545">
    <p class='ocr_par' dir='ltr' id='par_1_51' title="bbox 373 4467 1946 4545">
     <span class='ocr_line' id='line_1_51' title="bbox 373 4467 1946 4545; baseline 0.023 -41"><span class='ocrx_word' id='word_1_414' title='bbox 373 4467 596 4535; x_wconf 58' lang='grc' dir='ltr'>ὑψηλός,</span> <span class='ocrx_word' id='word_1_415' title='bbox 630 4468 784 4538; x_wconf 84' lang='grc' dir='ltr'>Ἔχει</span> <span class='ocrx_word' id='word_1_416' title='bbox 827 4468 926 4539; x_wconf 81' lang='grc' dir='ltr'>μὲν</span> <span class='ocrx_word' id='word_1_417' title='bbox 959 4469 1066 4539; x_wconf 82' lang='grc' dir='ltr'>γὰρ</span> <span class='ocrx_word' id='word_1_418' title='bbox 1098 4470 1158 4522; x_wconf 90' lang='grc' dir='ltr'>τὸ</span> <span class='ocrx_word' id='word_1_419' title='bbox 1189 4472 1386 4525; x_wconf 84' lang='grc' dir='ltr'>οἰκεῖον</span> <span class='ocrx_word' id='word_1_420' title='bbox 1428 4475 1462 4544; x_wconf 77' lang='grc' dir='ltr'>ὴ</span> <span class='ocrx_word' id='word_1_421' title='bbox 1503 4473 1665 4543; x_wconf 86' lang='grc' dir='ltr'>φύσις</span> <span class='ocrx_word' id='word_1_422' title='bbox 1704 4473 1868 4537; x_wconf 69' lang='grc' dir='ltr'>ὕψος,</span> <span class='ocrx_word' id='word_1_423' title='bbox 1912 4475 1946 4545; x_wconf 76' lang='grc' dir='ltr'>ἡ</span> 
     </span>
    </p>
   </div>
   <div class='ocr_carea' id='block_1_52' title="bbox 368 4550 1946 4628">
    <p class='ocr_par' dir='ltr' id='par_1_52' title="bbox 368 4550 1946 4628">
     <span class='ocr_line' id='line_1_52' title="bbox 368 4550 1946 4628; baseline 0.006 -26"><span class='ocrx_word' id='word_1_424' title='bbox 368 4551 645 4620; x_wconf 80' lang='grc' dir='ltr'>ἀκήρατος</span> <span class='ocrx_word' id='word_1_425' title='bbox 692 4550 874 4621; x_wconf 78' lang='grc' dir='ltr'>ἐκείνη</span> <span class='ocrx_word' id='word_1_426' title='bbox 924 4553 1017 4605; x_wconf 75' lang='grc' dir='ltr'>καὶ</span> <span class='ocrx_word' id='word_1_427' title='bbox 1071 4551 1365 4623; x_wconf 78' lang='grc' dir='ltr'>ἄφραστος.</span> <span class='ocrx_word' id='word_1_428' title='bbox 1413 4555 1629 4628; x_wconf 82' lang='grc' dir='ltr'>Ἐπειδὴ</span> <span class='ocrx_word' id='word_1_429' title='bbox 1684 4557 1741 4610; x_wconf 81' lang='grc' dir='ltr'>δὲ</span> <span class='ocrx_word' id='word_1_430' title='bbox 1791 4557 1946 4610; x_wconf 89' lang='grc' dir='ltr'>τοῦτο</span> 
     </span>
    </p>
   </div>
   <div class='ocr_carea' id='block_1_53' title="bbox 340 4632 1946 4709">
    <p class='ocr_par' dir='ltr' id='par_1_53' title="bbox 340 4632 1946 4709">
     <span class='ocr_line' id='line_1_53' title="bbox 340 4632 1946 4709; baseline 0.004 -24"><span class='ocrx_word' id='word_1_431' title='bbox 340 4644 346 4652; x_wconf 90' lang='grc'><strong>·</strong></span> <span class='ocrx_word' id='word_1_432' title='bbox 368 4632 530 4702; x_wconf 84' lang='grc' dir='ltr'>ὑμεῖς</span> <span class='ocrx_word' id='word_1_433' title='bbox 551 4633 612 4687; x_wconf 83' lang='grc' dir='ltr'>οὐ</span> <span class='ocrx_word' id='word_1_434' title='bbox 642 4636 926 4706; x_wconf 82' lang='grc' dir='ltr'>συνορᾶτε,</span> <span class='ocrx_word' id='word_1_435' title='bbox 946 4635 1039 4687; x_wconf 78' lang='grc' dir='ltr'>καὶ</span> <span class='ocrx_word' id='word_1_436' title='bbox 1067 4636 1154 4688; x_wconf 86' lang='grc' dir='ltr'>διὰ</span> <span class='ocrx_word' id='word_1_437' title='bbox 1178 4636 1286 4689; x_wconf 89' lang='grc' dir='ltr'>τῶν</span> <span class='ocrx_word' id='word_1_438' title='bbox 1309 4637 1485 4707; x_wconf 76' lang='grc' dir='ltr'>ἔργων</span> <span class='ocrx_word' id='word_1_439' title='bbox 1509 4640 1639 4709; x_wconf 86' lang='grc' dir='ltr'>ὑμῖν</span> <span class='ocrx_word' id='word_1_440' title='bbox 1667 4640 1800 4693; x_wconf 85' lang='grc' dir='ltr'>αὐτὸ</span> <span class='ocrx_word' id='word_1_441' title='bbox 1825 4642 1946 4694; x_wconf 81' lang='grc' dir='ltr'>ἐπι-</span> 
     </span>
    </p>
   </div>
   <div class='ocr_carea' id='block_1_54' title="bbox 342 4714 1944 4791">
    <p class='ocr_par' dir='ltr' id='par_1_54' title="bbox 342 4714 1944 4791">
     <span class='ocr_line' id='line_1_54' title="bbox 342 4714 1944 4791; baseline 0.006 -24"><span class='ocrx_word' id='word_1_442' title='bbox 342 4714 543 4782; x_wconf 72' lang='grc' dir='ltr'>σδείξω.</span> <span class='ocrx_word' id='word_1_443' title='bbox 576 4716 653 4769; x_wconf 86' lang='grc' dir='ltr'>Οὐ</span> <span class='ocrx_word' id='word_1_444' title='bbox 690 4716 850 4786; x_wconf 85' lang='grc' dir='ltr'>μόνον</span> <span class='ocrx_word' id='word_1_445' title='bbox 871 4717 928 4771; x_wconf 77' lang='grc' dir='ltr'>δὲ</span> <span class='ocrx_word' id='word_1_446' title='bbox 960 4720 1019 4771; x_wconf 77' lang='grc' dir='ltr'>ἐν</span> <span class='ocrx_word' id='word_1_447' title='bbox 1044 4721 1109 4790; x_wconf 79' lang='grc' dir='ltr'>τῇ</span> <span class='ocrx_word' id='word_1_448' title='bbox 1146 4719 1477 4791; x_wconf 86' lang='grc' dir='ltr'>Παλαιστίνῃ</span> <span class='ocrx_word' id='word_1_449' title='bbox 1499 4760 1512 4784; x_wconf 95' lang='grc'>,</span> <span class='ocrx_word' id='word_1_450' title='bbox 1540 4721 1661 4774; x_wconf 86' lang='grc' dir='ltr'>οὐδὲ</span> <span class='ocrx_word' id='word_1_451' title='bbox 1694 4722 1852 4791; x_wconf 87' lang='grc' dir='ltr'>μόνον</span> <span class='ocrx_word' id='word_1_452' title='bbox 1886 4725 1944 4776; x_wconf 87' lang='grc' dir='ltr'>ὲν</span> 
     </span>
    </p>
   </div>
   <div class='ocr_carea' id='block_1_55' title="bbox 340 4797 1945 4873">
    <p class='ocr_par' dir='ltr' id='par_1_55' title="bbox 340 4797 1945 4873">
     <span class='ocr_line' id='line_1_55' title="bbox 340 4797 1945 4873; baseline 0.006 -24"><span class='ocrx_word' id='word_1_453' title='bbox 340 4824 341 4827; x_wconf 57' lang='grc' dir='ltr'>η</span> <span class='ocrx_word' id='word_1_454' title='bbox 379 4797 796 4869; x_wconf 80' lang='grc' dir='ltr'>Ἰεροσολύμοις,</span> <span class='ocrx_word' id='word_1_455' title='bbox 820 4799 955 4854; x_wconf 85' lang='grc' dir='ltr'>ἀλλά</span> <span class='ocrx_word' id='word_1_456' title='bbox 976 4802 1069 4854; x_wconf 74' lang='grc' dir='ltr'>καὶ</span> <span class='ocrx_word' id='word_1_457' title='bbox 1098 4803 1229 4873; x_wconf 83' lang='grc' dir='ltr'>παρ’</span> <span class='ocrx_word' id='word_1_458' title='bbox 1255 4801 1383 4872; x_wconf 88' lang='grc' dir='ltr'>ὑμῖν</span> <span class='ocrx_word' id='word_1_459' title='bbox 1409 4805 1522 4865; x_wconf 87' lang='grc' dir='ltr'>τοῖς</span> <span class='ocrx_word' id='word_1_460' title='bbox 1541 4803 1770 4857; x_wconf 73' lang='grc' dir='ltr'>ἔθνεσιν.</span> <span class='ocrx_word' id='word_1_461' title='bbox 1788 4804 1945 4858; x_wconf 77' lang='grc' dir='ltr'>Οὕτω</span> 
     </span>
    </p>
   </div>
   <div class='ocr_carea' id='block_1_56' title="bbox 366 4879 1946 4956">
    <p class='ocr_par' dir='ltr' id='par_1_56' title="bbox 366 4879 1946 4956">
     <span class='ocr_line' id='line_1_56' title="bbox 366 4879 1946 4956; baseline 0.005 -23"><span class='ocrx_word' id='word_1_462' title='bbox 366 4879 500 4948; x_wconf 89' lang='grc' dir='ltr'>γοῦν</span> <span class='ocrx_word' id='word_1_463' title='bbox 524 4880 775 4951; x_wconf 72' lang='grc' dir='ltr'>ὑψοῦται,</span> <span class='ocrx_word' id='word_1_464' title='bbox 797 4883 1014 4956; x_wconf 87' lang='grc' dir='ltr'>κρατῶν</span> <span class='ocrx_word' id='word_1_465' title='bbox 1033 4884 1213 4938; x_wconf 86' lang='grc' dir='ltr'>αὐτων</span> <span class='ocrx_word' id='word_1_466' title='bbox 1235 4885 1329 4938; x_wconf 74' lang='grc' dir='ltr'>καὶ</span> <span class='ocrx_word' id='word_1_467' title='bbox 1353 4886 1766 4956; x_wconf 87' lang='grc' dir='ltr'>περιγινόμενος</span> <span class='ocrx_word' id='word_1_468' title='bbox 1784 4929 1799 4952; x_wconf 95' lang='grc'>,</span> <span class='ocrx_word' id='word_1_469' title='bbox 1823 4887 1946 4941; x_wconf 89' lang='grc' dir='ltr'>θαύ-</span> 
     </span>
    </p>
   </div>
   <div class='ocr_carea' id='block_1_57' title="bbox 334 4963 1941 5043">
    <p class='ocr_par' dir='ltr' id='par_1_57' title="bbox 334 4963 1941 5043">
     <span class='ocr_line' id='line_1_57' title="bbox 334 4963 1941 5043; baseline 0.005 -27"><span class='ocrx_word' id='word_1_470' title='bbox 334 4987 341 4996; x_wconf 93' lang='grc'><strong>·</strong></span> <span class='ocrx_word' id='word_1_471' title='bbox 369 4979 517 5035; x_wconf 75' lang='grc' dir='ltr'>ματα</span> <span class='ocrx_word' id='word_1_472' title='bbox 538 4963 903 5037; x_wconf 70' lang='grc' dir='ltr'>ἐργαζόμενος</span> <span class='ocrx_word' id='word_1_473' title='bbox 924 4968 983 5020; x_wconf 80' lang='grc' dir='ltr'>ὲν</span> <span class='ocrx_word' id='word_1_474' title='bbox 996 4966 1298 5034; x_wconf 87' lang='grc' dir='ltr'>Βαϐυλῶνι,</span> <span class='ocrx_word' id='word_1_475' title='bbox 1317 4968 1571 5038; x_wconf 85' lang='grc' dir='ltr'>θαύματα</span> <span class='ocrx_word' id='word_1_476' title='bbox 1588 4973 1645 5025; x_wconf 78' lang='grc' dir='ltr'>ἐν</span> <span class='ocrx_word' id='word_1_477' title='bbox 1663 4971 1941 5043; x_wconf 80' lang='grc' dir='ltr'>Αἰγύπτῳ,</span> 
     </span>
    </p>
   </div>
   <div class='ocr_carea' id='block_1_58' title="bbox 358 5046 1946 5132">
    <p class='ocr_par' dir='ltr' id='par_1_58' title="bbox 358 5046 1946 5132">
     <span class='ocr_line' id='line_1_58' title="bbox 358 5046 1946 5132; baseline 0.006 -33"><span class='ocrx_word' id='word_1_478' title='bbox 358 5046 623 5132; x_wconf 60' lang='grc' dir='ltr'>θαύματα</span> <span class='ocrx_word' id='word_1_479' title='bbox 656 5051 716 5104; x_wconf 82' lang='grc' dir='ltr'>ὲν</span> <span class='ocrx_word' id='word_1_480' title='bbox 734 5051 948 5122; x_wconf 73' lang='grc' dir='ltr'>ἐρήμῳ,</span> <span class='ocrx_word' id='word_1_481' title='bbox 974 5050 1229 5121; x_wconf 89' lang='grc' dir='ltr'>θαύματα</span> <span class='ocrx_word' id='word_1_482' title='bbox 1260 5053 1536 5124; x_wconf 88' lang='grc' dir='ltr'>πανταχοῦ</span> <span class='ocrx_word' id='word_1_483' title='bbox 1563 5054 1663 5125; x_wconf 81' lang='grc' dir='ltr'>τῆς</span> <span class='ocrx_word' id='word_1_484' title='bbox 1694 5056 1946 5126; x_wconf 83' lang='grc' dir='ltr'>οἰκουμέ-</span> 
     </span>
    </p>
   </div>
   <div class='ocr_carea' id='block_1_59' title="bbox 365 5132 1943 5210">
    <p class='ocr_par' dir='ltr' id='par_1_59' title="bbox 365 5132 1943 5210">
     <span class='ocr_line' id='line_1_59' title="bbox 365 5132 1943 5210; baseline 0.005 -26"><span class='ocrx_word' id='word_1_485' title='bbox 365 5147 488 5201; x_wconf 89' lang='grc' dir='ltr'>νης,</span> <span class='ocrx_word' id='word_1_486' title='bbox 512 5132 588 5196; x_wconf 80' lang='grc' dir='ltr'>ὡς</span> <span class='ocrx_word' id='word_1_487' title='bbox 614 5132 950 5204; x_wconf 85' lang='grc' dir='ltr'>πανταχόθεν</span> <span class='ocrx_word' id='word_1_488' title='bbox 973 5134 1169 5198; x_wconf 81' lang='grc' dir='ltr'>αὐτοὺς</span> <span class='ocrx_word' id='word_1_489' title='bbox 1189 5135 1535 5191; x_wconf 81' lang='grc' dir='ltr'>διδασκαλίαν</span> <span class='ocrx_word' id='word_1_490' title='bbox 1562 5136 1707 5208; x_wconf 81' lang='grc' dir='ltr'>ἔχειν</span> <span class='ocrx_word' id='word_1_491' title='bbox 1731 5141 1829 5210; x_wconf 82' lang='grc' dir='ltr'>τῆς</span> <span class='ocrx_word' id='word_1_492' title='bbox 1846 5139 1943 5192; x_wconf 89' lang='grc' dir='ltr'>αὐ-</span> 
     </span>
    </p>
   </div>
   <div class='ocr_carea' id='block_1_60' title="bbox 363 5214 1942 5292">
    <p class='ocr_par' dir='ltr' id='par_1_60' title="bbox 363 5214 1942 5292">
     <span class='ocr_line' id='line_1_60' title="bbox 363 5214 1942 5292; baseline 0.005 -23"><span class='ocrx_word' id='word_1_493' title='bbox 363 5214 463 5269; x_wconf 85' lang='grc' dir='ltr'>τοῦ</span> <span class='ocrx_word' id='word_1_494' title='bbox 501 5215 774 5286; x_wconf 78' lang='grc' dir='ltr'>γνώσεως.</span> <span class='ocrx_word' id='word_1_495' title='bbox 805 5215 1029 5287; x_wconf 79' lang='grc' dir='ltr'>Κύριος</span> <span class='ocrx_word' id='word_1_496' title='bbox 1075 5217 1195 5272; x_wconf 80' lang='grc' dir='ltr'>τῶν</span> <span class='ocrx_word' id='word_1_497' title='bbox 1233 5219 1547 5289; x_wconf 77' lang='grc' dir='ltr'>δυνάμεων</span> <span class='ocrx_word' id='word_1_498' title='bbox 1586 5223 1714 5291; x_wconf 77' lang='grc' dir='ltr'>μεθ’</span> <span class='ocrx_word' id='word_1_499' title='bbox 1752 5223 1942 5292; x_wconf 72' lang='grc' dir='ltr'>ἡμῶν,</span> 
     </span>
    </p>
   </div>
   <div class='ocr_carea' id='block_1_61' title="bbox 363 5298 1945 5372">
    <p class='ocr_par' dir='ltr' id='par_1_61' title="bbox 363 5298 1945 5372">
     <span class='ocr_line' id='line_1_61' title="bbox 363 5298 1945 5372; baseline 0.003 -16"><span class='ocrx_word' id='word_1_500' title='bbox 363 5299 744 5372; x_wconf 67' lang='grc' dir='ltr'>ἀνταήπτωρ</span> <span class='ocrx_word' id='word_1_501' title='bbox 780 5299 953 5372; x_wconf 77' lang='grc' dir='ltr'>ἡμῶν</span> <span class='ocrx_word' id='word_1_502' title='bbox 998 5304 1032 5356; x_wconf 82' lang='grc' dir='ltr'>ό</span> <span class='ocrx_word' id='word_1_503' title='bbox 1078 5301 1223 5368; x_wconf 78' lang='grc' dir='ltr'>Θεὸς</span> <span class='ocrx_word' id='word_1_504' title='bbox 1262 5304 1476 5360; x_wconf 78' lang='grc' dir='ltr'>Ἰακώϐ.</span> <span class='ocrx_word' id='word_1_505' title='bbox 1505 5298 1671 5370; x_wconf 77' lang='grc' dir='ltr'>Οὗτος</span> <span class='ocrx_word' id='word_1_506' title='bbox 1705 5306 1884 5361; x_wconf 89' lang='grc' dir='ltr'>τοίνυν</span> <span class='ocrx_word' id='word_1_507' title='bbox 1916 5310 1945 5361; x_wconf 91' lang='lat'>6</span> 
     </span>
    </p>
   </div>
   <div class='ocr_carea' id='block_1_62' title="bbox 423 5521 1943 5643">
    <p class='ocr_par' dir='ltr' id='par_1_62' title="bbox 423 5521 1943 5643">
     <span class='ocr_line' id='line_1_62' title="bbox 426 5521 767 5572; baseline -0.006 0"><span class='ocrx_word' id='word_1_508' title='bbox 426 5521 453 5550; x_wconf 84' lang='grc'><strong>⁸</strong></span> <span class='ocrx_word' id='word_1_509' title='bbox 474 5522 577 5572; x_wconf 70' lang='lat' dir='ltr'>Alii</span> <span class='ocrx_word' id='word_1_510' title='bbox 601 5521 767 5571; x_wconf 70' lang='grc' dir='ltr'>ἔτεινε.</span> 
     </span>
     <span class='ocr_line' id='line_1_63' title="bbox 423 5579 1943 5643; baseline 0 -11"><span class='ocrx_word' id='word_1_511' title='bbox 423 5580 576 5632; x_wconf 73' lang='grc' dir='ltr'><strong>δΑΙὶἱ</strong></span> <span class='ocrx_word' id='word_1_512' title='bbox 600 5584 839 5643; x_wconf 74' lang='grc' dir='ltr'>ἱλάσθητε·</span> <span class='ocrx_word' id='word_1_513' title='bbox 866 5596 978 5643; x_wconf 68' lang='lat' dir='ltr'>quae</span> <span class='ocrx_word' id='word_1_514' title='bbox 1009 5579 1157 5633; x_wconf 75' lang='lat' dir='ltr'><strong>etiam</strong></span> <span class='ocrx_word' id='word_1_515' title='bbox 1203 5584 1353 5634; x_wconf 75' lang='lat' dir='ltr'>lectio</span> <span class='ocrx_word' id='word_1_516' title='bbox 1395 5591 1452 5634; x_wconf 81' lang='grc' dir='ltr'>ιιι</span> <span class='ocrx_word' id='word_1_517' title='bbox 1485 5587 1665 5635; x_wconf 77' lang='lat' dir='ltr'>incerti</span> <span class='ocrx_word' id='word_1_518' title='bbox 1710 5583 1868 5633; x_wconf 76' lang='lat' dir='ltr'>fertur</span> <span class='ocrx_word' id='word_1_519' title='bbox 1891 5586 1943 5633; x_wconf 87' lang='lat' dir='ltr'>in</span> 
     </span>
    </p>
   </div>
   <div class='ocr_carea' id='block_1_63' title="bbox 364 5641 1939 5708">
    <p class='ocr_par' dir='ltr' id='par_1_63' title="bbox 364 5641 1939 5708">
     <span class='ocr_line' id='line_1_64' title="bbox 364 5641 1939 5708; baseline 0 -14"><span class='ocrx_word' id='word_1_520' title='bbox 364 5644 623 5708; x_wconf 42' lang='lat' dir='ltr'>Hexapligz</span> <span class='ocrx_word' id='word_1_521' title='bbox 651 5641 777 5690; x_wconf 76' lang='lat' dir='ltr'>Infra</span> <span class='ocrx_word' id='word_1_522' title='bbox 803 5644 860 5691; x_wconf 85' lang='grc' dir='ltr'>τὸ</span> <span class='ocrx_word' id='word_1_523' title='bbox 1034 5644 1186 5702; x_wconf 84' lang='grc' dir='ltr'>δηλοῖ’</span> <span class='ocrx_word' id='word_1_524' title='bbox 1222 5647 1365 5708; x_wconf 81' lang='grc' dir='ltr'>ἄφετε</span> <span class='ocrx_word' id='word_1_525' title='bbox 1384 5648 1470 5704; x_wconf 87' lang='grc' dir='ltr'>τήν</span> <span class='ocrx_word' id='word_1_526' title='bbox 1499 5643 1802 5708; x_wconf 9' lang='grc' dir='ltr'>πλάνην.78ἰε</span> <span class='ocrx_word' id='word_1_527' title='bbox 1824 5659 1939 5708; x_wconf 81' lang='lat' dir='ltr'>mss.</span> 
     </span>
    </p>
   </div>
   <div class='ocr_carea' id='block_1_64' title="bbox 364 5705 1938 5770">
    <p class='ocr_par' dir='ltr' id='par_1_64' title="bbox 364 5705 1938 5770">
     <span class='ocr_line' id='line_1_65' title="bbox 364 5705 1938 5770; baseline -0.001 -12"><span class='ocrx_word' id='word_1_528' title='bbox 364 5716 419 5758; x_wconf 71' lang='lat' dir='ltr'><strong>et</strong></span> <span class='ocrx_word' id='word_1_529' title='bbox 441 5705 553 5758; x_wconf 58' lang='grc' dir='ltr'>εει,</span> <span class='ocrx_word' id='word_1_530' title='bbox 581 5705 701 5754; x_wconf 73' lang='lat' dir='ltr'>Mor.</span> <span class='ocrx_word' id='word_1_531' title='bbox 728 5709 893 5753; x_wconf 77' lang='lat' dir='ltr'><strong>autem</strong></span> <span class='ocrx_word' id='word_1_532' title='bbox 914 5705 1190 5754; x_wconf 75' lang='lat' dir='ltr'>inseruerat</span> <span class='ocrx_word' id='word_1_533' title='bbox 1215 5705 1429 5768; x_wconf 77' lang='grc' dir='ltr'>παραινεῖ</span> <span class='ocrx_word' id='word_1_534' title='bbox 1450 5709 1537 5769; x_wconf 82' lang='grc' dir='ltr'>γὰρ</span> <span class='ocrx_word' id='word_1_535' title='bbox 1576 5707 1734 5763; x_wconf 76' lang='grc' dir='ltr'>αὐτοῖς</span> <span class='ocrx_word' id='word_1_536' title='bbox 1759 5707 1830 5754; x_wconf 84' lang='grc' dir='ltr'>ὅτι</span> <span class='ocrx_word' id='word_1_537' title='bbox 1855 5707 1938 5770; x_wconf 72' lang='grc' dir='ltr'>ἄρ.</span> 
     </span>
    </p>
   </div>
   <div class='ocr_carea' id='block_1_65' title="bbox 1486 286 2553 344">
    <p class='ocr_par' dir='ltr' id='par_1_65' title="bbox 1486 286 2553 344">
     <span class='ocr_line' id='line_1_66' title="bbox 1486 286 2553 344; baseline -0.002 0"><span class='ocrx_word' id='word_1_538' title='bbox 1486 287 1855 344; x_wconf 81' lang='lat' dir='ltr'>EXPOSITIO</span> <span class='ocrx_word' id='word_1_539' title='bbox 1894 288 1958 344; x_wconf 80' lang='lat' dir='ltr'>IN</span> <span class='ocrx_word' id='word_1_540' title='bbox 2000 287 2327 343; x_wconf 77' lang='lat' dir='ltr'>PSALMUM</span> <span class='ocrx_word' id='word_1_541' title='bbox 2369 286 2553 342; x_wconf 68' lang='lat' dir='ltr'>XLVI.</span> 
     </span>
    </p>
   </div>
   <div class='ocr_carea' id='block_1_66' title="bbox 3540 286 3646 340">
    <p class='ocr_par' dir='ltr' id='par_1_66' title="bbox 3540 286 3646 340">
     <span class='ocr_line' id='line_1_67' title="bbox 3540 286 3646 340; baseline 0.019 -2"><span class='ocrx_word' id='word_1_542' title='bbox 3540 286 3646 340; x_wconf 64' lang='lat'>208</span> 
     </span>
    </p>
   </div>
   <div class='ocr_carea' id='block_1_67' title="bbox 2074 394 3647 467">
    <p class='ocr_par' dir='ltr' id='par_1_67' title="bbox 2074 394 3647 467">
     <span class='ocr_line' id='line_1_68' title="bbox 2074 394 3647 467; baseline 0.002 -17"><span class='ocrx_word' id='word_1_543' title='bbox 2074 397 2208 460; x_wconf 82' lang='grc' dir='ltr'>Θεὸς</span> <span class='ocrx_word' id='word_1_544' title='bbox 2231 437 2246 460; x_wconf 93' lang='grc'>,</span> <span class='ocrx_word' id='word_1_545' title='bbox 2282 400 2311 451; x_wconf 90' lang='lat'>6</span> <span class='ocrx_word' id='word_1_546' title='bbox 2351 396 2630 467; x_wconf 80' lang='grc' dir='ltr'>πανταχοῦ</span> <span class='ocrx_word' id='word_1_547' title='bbox 2672 395 2877 467; x_wconf 85' lang='grc' dir='ltr'>μέγας,</span> <span class='ocrx_word' id='word_1_548' title='bbox 2916 397 2941 448; x_wconf 84' lang='lat'>6</span> <span class='ocrx_word' id='word_1_549' title='bbox 2987 395 3260 465; x_wconf 83' lang='grc' dir='ltr'>πανταχοῦ</span> <span class='ocrx_word' id='word_1_550' title='bbox 3296 396 3528 465; x_wconf 78' lang='grc' dir='ltr'>ὑψηλὸς,</span> <span class='ocrx_word' id='word_1_551' title='bbox 3558 394 3647 453; x_wconf 78' lang='grc' dir='ltr'>οὐ·</span> 
     </span>
    </p>
   </div>
   <div class='ocr_carea' id='block_1_68' title="bbox 2069 473 3647 551">
    <p class='ocr_par' dir='ltr' id='par_1_68' title="bbox 2069 473 3647 551">
     <span class='ocr_line' id='line_1_69' title="bbox 2069 473 3647 551; baseline 0 -18"><span class='ocrx_word' id='word_1_552' title='bbox 2069 497 2161 543; x_wconf 84' lang='grc' dir='ltr'>τος</span> <span class='ocrx_word' id='word_1_553' title='bbox 2192 481 2280 533; x_wconf 78' lang='grc' dir='ltr'>ἀεὶ</span> <span class='ocrx_word' id='word_1_554' title='bbox 2310 480 2431 551; x_wconf 91' lang='grc' dir='ltr'>μεθ’</span> <span class='ocrx_word' id='word_1_555' title='bbox 2457 480 2613 551; x_wconf 85' lang='grc' dir='ltr'>ἡμῶν</span> <span class='ocrx_word' id='word_1_556' title='bbox 2639 480 2858 551; x_wconf 71' lang='grc' dir='ltr'>ἔστηκε.</span> <span class='ocrx_word' id='word_1_557' title='bbox 2880 477 3063 548; x_wconf 85' lang='grc' dir='ltr'>Μηδὲν</span> <span class='ocrx_word' id='word_1_558' title='bbox 3082 473 3175 530; x_wconf 85' lang='grc' dir='ltr'>οὖν</span> <span class='ocrx_word' id='word_1_559' title='bbox 3206 478 3478 547; x_wconf 76' lang='grc' dir='ltr'>φοϐεῖσθε,</span> <span class='ocrx_word' id='word_1_560' title='bbox 3516 482 3647 550; x_wconf 75' lang='grc' dir='ltr'>μηδὲ</span> 
     </span>
    </p>
   </div>
   <div class='ocr_carea' id='block_1_69' title="bbox 2069 555 3647 637">
    <p class='ocr_par' dir='ltr' id='par_1_69' title="bbox 2069 555 3647 637">
     <span class='ocr_line' id='line_1_70' title="bbox 2069 555 3647 637; baseline 0 -22"><span class='ocrx_word' id='word_1_561' title='bbox 2069 564 2430 637; x_wconf 83' lang='grc' dir='ltr'>ταράσσεσθε,</span> <span class='ocrx_word' id='word_1_562' title='bbox 2449 563 2620 626; x_wconf 70' lang='grc' dir='ltr'>οὕτως</span> <span class='ocrx_word' id='word_1_563' title='bbox 2650 562 2864 633; x_wconf 82' lang='grc' dir='ltr'>ἔχοντες</span> <span class='ocrx_word' id='word_1_564' title='bbox 2887 563 3099 633; x_wconf 82' lang='grc' dir='ltr'>ἄμαχον</span> <span class='ocrx_word' id='word_1_565' title='bbox 3118 561 3394 630; x_wconf 86' lang='grc' dir='ltr'>Δεσπότην</span> <span class='ocrx_word' id='word_1_566' title='bbox 3417 578 3429 591; x_wconf 89' lang='grc'><strong>·</strong></span> <span class='ocrx_word' id='word_1_567' title='bbox 3457 555 3501 628; x_wconf 80' lang='grc' dir='ltr'>ᾧ</span> <span class='ocrx_word' id='word_1_568' title='bbox 3526 565 3647 632; x_wconf 75' lang='grc' dir='ltr'>πρέ·</span> 
     </span>
    </p>
   </div>
   <div class='ocr_carea' id='block_1_70' title="bbox 2071 644 3644 715">
    <p class='ocr_par' dir='ltr' id='par_1_70' title="bbox 2071 644 3644 715">
     <span class='ocr_line' id='line_1_71' title="bbox 2071 644 3644 715; baseline -0.002 -17"><span class='ocrx_word' id='word_1_569' title='bbox 2071 663 2162 698; x_wconf 90' lang='grc' dir='ltr'>πει</span> <span class='ocrx_word' id='word_1_570' title='bbox 2200 648 2346 699; x_wconf 82' lang='grc' dir='ltr'>πᾶσα</span> <span class='ocrx_word' id='word_1_571' title='bbox 2396 647 2527 715; x_wconf 78' lang='grc' dir='ltr'>τιμὴ</span> <span class='ocrx_word' id='word_1_572' title='bbox 2560 646 2653 699; x_wconf 73' lang='grc' dir='ltr'>καὶ</span> <span class='ocrx_word' id='word_1_573' title='bbox 2678 646 2806 709; x_wconf 78' lang='grc' dir='ltr'>δόξα</span> <span class='ocrx_word' id='word_1_574' title='bbox 2852 647 2949 699; x_wconf 83' lang='grc' dir='ltr'>σὺν</span> <span class='ocrx_word' id='word_1_575' title='bbox 2992 644 3070 713; x_wconf 78' lang='grc' dir='ltr'>τῷ</span> <span class='ocrx_word' id='word_1_576' title='bbox 3099 644 3319 714; x_wconf 84' lang='grc' dir='ltr'>ἁνάρχῳ</span> <span class='ocrx_word' id='word_1_577' title='bbox 3348 644 3521 714; x_wconf 81' lang='grc' dir='ltr'>Πατρ“ι</span> <span class='ocrx_word' id='word_1_578' title='bbox 3553 648 3644 696; x_wconf 74' lang='grc' dir='ltr'>καὶ</span> 
     </span>
    </p>
   </div>
   <div class='ocr_carea' id='block_1_71' title="bbox 2071 727 3644 799">
    <p class='ocr_par' dir='ltr' id='par_1_71' title="bbox 2071 727 3644 799">
     <span class='ocr_line' id='line_1_72' title="bbox 2071 727 3644 799; baseline -0.001 -17"><span class='ocrx_word' id='word_1_579' title='bbox 2071 728 2315 799; x_wconf 78' lang='grc' dir='ltr'>ζωοποιῷ</span> <span class='ocrx_word' id='word_1_580' title='bbox 2348 729 2512 782; x_wconf 82' lang='grc' dir='ltr'>αὐτοῦ</span> <span class='ocrx_word' id='word_1_581' title='bbox 2543 728 2820 799; x_wconf 87' lang='grc' dir='ltr'>[Ινεύματι</span> <span class='ocrx_word' id='word_1_582' title='bbox 2843 770 2855 788; x_wconf 86' lang='grc'>,</span> <span class='ocrx_word' id='word_1_583' title='bbox 2892 727 2983 781; x_wconf 87' lang='grc' dir='ltr'>νῦν</span> <span class='ocrx_word' id='word_1_584' title='bbox 3008 727 3101 781; x_wconf 66' lang='grc' dir='ltr'>καλ⁵</span> <span class='ocrx_word' id='word_1_585' title='bbox 3130 727 3217 781; x_wconf 69' lang='grc' dir='ltr'>ἀεὶ</span> <span class='ocrx_word' id='word_1_586' title='bbox 3237 768 3252 794; x_wconf 92' lang='grc'>,</span> <span class='ocrx_word' id='word_1_587' title='bbox 3280 727 3373 782; x_wconf 76' lang='grc' dir='ltr'>καὶ</span> <span class='ocrx_word' id='word_1_588' title='bbox 3408 729 3487 789; x_wconf 80' lang='grc' dir='ltr'>εἰς</span> <span class='ocrx_word' id='word_1_589' title='bbox 3520 728 3644 790; x_wconf 61' lang='grc' dir='ltr'>τεὸς</span> 
     </span>
    </p>
   </div>
   <div class='ocr_carea' id='block_1_72' title="bbox 2069 812 2897 882">
    <p class='ocr_par' dir='ltr' id='par_1_72' title="bbox 2069 812 2897 882">
     <span class='ocr_line' id='line_1_73' title="bbox 2069 812 2897 882; baseline 0 -17"><span class='ocrx_word' id='word_1_590' title='bbox 2069 812 2270 876; x_wconf 77' lang='grc' dir='ltr'>αἰῶνας</span> <span class='ocrx_word' id='word_1_591' title='bbox 2299 812 2406 866; x_wconf 92' lang='grc' dir='ltr'>τῶν</span> <span class='ocrx_word' id='word_1_592' title='bbox 2429 812 2659 866; x_wconf 82' lang='grc' dir='ltr'>αἰώνων.</span> <span class='ocrx_word' id='word_1_593' title='bbox 2711 814 2897 882; x_wconf 70' lang='grc' dir='ltr'>Ἀμήν.</span> 
     </span>
    </p>
   </div>
   <div class='ocr_carea' id='block_1_73' title="bbox 2445 919 3274 986">
    <p class='ocr_par' dir='ltr' id='par_1_73' title="bbox 2445 919 3274 986">
     <span class='ocr_line' id='line_1_74' title="bbox 2445 919 3274 986; baseline 0.001 -14"><span class='ocrx_word' id='word_1_594' title='bbox 2445 919 2553 972; x_wconf 79' lang='grc' dir='ltr'>ΕΙΣ</span> <span class='ocrx_word' id='word_1_595' title='bbox 2592 919 2730 973; x_wconf 91' lang='lat' dir='ltr'>TON</span> <span class='ocrx_word' id='word_1_596' title='bbox 2766 921 2892 986; x_wconf 71' lang='grc' dir='ltr'>Μςῖυ</span> <span class='ocrx_word' id='word_1_597' title='bbox 2951 919 3274 973; x_wconf 80' lang='grc' dir='ltr'>ΨΑΛΜΟΝ.</span> 
     </span>
    </p>
   </div>
   <div class='ocr_carea' id='block_1_74' title="bbox 2067 1001 3645 1071">
    <p class='ocr_par' dir='ltr' id='par_1_74' title="bbox 2067 1001 3645 1071">
     <span class='ocr_line' id='line_1_75' title="bbox 2067 1001 3645 1071; baseline 0.001 -15"><span class='ocrx_word' id='word_1_598' title='bbox 2067 1005 2172 1068; x_wconf 82' lang='grc' dir='ltr'>Εὶς</span> <span class='ocrx_word' id='word_1_599' title='bbox 2197 1002 2265 1055; x_wconf 83' lang='grc' dir='ltr'>τὸ</span> <span class='ocrx_word' id='word_1_600' title='bbox 2290 1003 2466 1068; x_wconf 79' lang='grc' dir='ltr'>τέλος</span> <span class='ocrx_word' id='word_1_601' title='bbox 2485 1044 2500 1068; x_wconf 91' lang='grc'>,</span> <span class='ocrx_word' id='word_1_602' title='bbox 2533 1002 2685 1070; x_wconf 84' lang='grc' dir='ltr'>ὑπὲρ</span> <span class='ocrx_word' id='word_1_603' title='bbox 2716 1001 2834 1055; x_wconf 73' lang='grc' dir='ltr'>τῶν</span> <span class='ocrx_word' id='word_1_604' title='bbox 2859 1002 3007 1056; x_wconf 71' lang='grc' dir='ltr'>υἱῶν</span> <span class='ocrx_word' id='word_1_605' title='bbox 3025 1003 3195 1071; x_wconf 81' lang='grc' dir='ltr'>Κορέ.</span> <span class='ocrx_word' id='word_1_606' title='bbox 3235 1002 3426 1066; x_wconf 72' lang='grc' dir='ltr'>’Ἄλλος</span> <span class='ocrx_word' id='word_1_607' title='bbox 3452 1002 3529 1069; x_wconf 86' lang='grc' dir='ltr'>δὲ,</span> <span class='ocrx_word' id='word_1_608' title='bbox 3557 1001 3645 1069; x_wconf 81' lang='grc' dir='ltr'>Τῷ</span> 
     </span>
    </p>
   </div>
   <div class='ocr_carea' id='block_1_75' title="bbox 2440 1071 3257 1139">
    <p class='ocr_par' dir='ltr' id='par_1_75' title="bbox 2440 1071 3257 1139">
     <span class='ocr_line' id='line_1_76' title="bbox 2440 1071 3257 1139; baseline -0.001 -12"><span class='ocrx_word' id='word_1_609' title='bbox 2440 1071 2723 1136; x_wconf 78' lang='grc' dir='ltr'>νικοποιῷ</span> <span class='ocrx_word' id='word_1_610' title='bbox 2756 1071 2875 1123; x_wconf 74' lang='grc' dir='ltr'>τῶν</span> <span class='ocrx_word' id='word_1_611' title='bbox 2905 1071 3051 1126; x_wconf 71' lang='grc' dir='ltr'>υἱῶν</span> <span class='ocrx_word' id='word_1_612' title='bbox 3088 1073 3257 1139; x_wconf 83' lang='grc' dir='ltr'>Κορέ.</span> 
     </span>
    </p>
   </div>
   <div class='ocr_carea' id='block_1_76' title="bbox 2066 1152 3637 1224">
    <p class='ocr_par' dir='ltr' id='par_1_76' title="bbox 2066 1152 3637 1224">
     <span class='ocr_line' id='line_1_77' title="bbox 2066 1152 3637 1224; baseline 0.001 -16"><span class='ocrx_word' id='word_1_613' title='bbox 2066 1154 2269 1208; x_wconf 76' lang='grc' dir='ltr'>Πάντα</span> <span class='ocrx_word' id='word_1_614' title='bbox 2296 1154 2366 1208; x_wconf 85' lang='grc' dir='ltr'>τὰ</span> <span class='ocrx_word' id='word_1_615' title='bbox 2385 1154 2552 1224; x_wconf 71' lang='grc' dir='ltr'>ἔθνη.</span> <span class='ocrx_word' id='word_1_616' title='bbox 2576 1152 2912 1220; x_wconf 73' lang='grc' dir='ltr'>κροτήσατε</span> <span class='ocrx_word' id='word_1_617' title='bbox 2941 1156 3161 1224; x_wconf 69' lang='grc' dir='ltr'>χεῖρας.</span> <span class='ocrx_word' id='word_1_618' title='bbox 3198 1155 3422 1217; x_wconf 76' lang='grc' dir='ltr'>Ἀλλος,</span> <span class='ocrx_word' id='word_1_619' title='bbox 3460 1157 3637 1224; x_wconf 70' lang='grc' dir='ltr'>Χειρί.</span> 
     </span>
    </p>
   </div>
   <div class='ocr_carea' id='block_1_77' title="bbox 2148 1224 3639 1293">
    <p class='ocr_par' dir='ltr' id='par_1_77' title="bbox 2148 1224 3639 1293">
     <span class='ocr_line' id='line_1_78' title="bbox 2148 1224 3639 1293; baseline 0.002 -16"><span class='ocrx_word' id='word_1_620' title='bbox 2148 1224 2509 1287; x_wconf 72' lang='grc' dir='ltr'>Ἀλαλάξατε</span> <span class='ocrx_word' id='word_1_621' title='bbox 2562 1224 2642 1289; x_wconf 84' lang='grc' dir='ltr'>τῷ</span> <span class='ocrx_word' id='word_1_622' title='bbox 2696 1224 2816 1289; x_wconf 85' lang='grc' dir='ltr'>Θεῷ</span> <span class='ocrx_word' id='word_1_623' title='bbox 2879 1226 2948 1278; x_wconf 85' lang='grc' dir='ltr'>ἐν</span> <span class='ocrx_word' id='word_1_624' title='bbox 2984 1224 3153 1293; x_wconf 70' lang='grc' dir='ltr'>φωνῇ</span> <span class='ocrx_word' id='word_1_625' title='bbox 3202 1225 3639 1292; x_wconf 70' lang='grc' dir='ltr'>ἀγαλλιάσεως.</span> 
     </span>
    </p>
   </div>
   <div class='ocr_carea' id='block_1_78' title="bbox 2137 1292 3639 1364">
    <p class='ocr_par' dir='ltr' id='par_1_78' title="bbox 2137 1292 3639 1364">
     <span class='ocr_line' id='line_1_79' title="bbox 2137 1292 3639 1364; baseline 0.002 -17"><span class='ocrx_word' id='word_1_626' title='bbox 2137 1293 2384 1364; x_wconf 56' lang='grc' dir='ltr'>έΈτερός</span> <span class='ocrx_word' id='word_1_627' title='bbox 2425 1311 2576 1362; x_wconf 70' lang='grc' dir='ltr'>φησι</span> <span class='ocrx_word' id='word_1_628' title='bbox 2597 1335 2618 1364; x_wconf 15' lang='grc' dir='ltr'>ν,</span> <span class='ocrx_word' id='word_1_629' title='bbox 2644 1292 2957 1363; x_wconf 81' lang='grc' dir='ltr'>Σημάνιιτε</span> <span class='ocrx_word' id='word_1_630' title='bbox 2987 1292 3071 1347; x_wconf 26' lang='grc' dir='ltr'>ίέν</span> <span class='ocrx_word' id='word_1_631' title='bbox 3122 1293 3291 1364; x_wconf 67' lang='grc' dir='ltr'>φωνῇ</span> <span class='ocrx_word' id='word_1_632' title='bbox 3321 1298 3639 1363; x_wconf 67' lang='grc' dir='ltr'>εὐφημίας.</span> 
     </span>
    </p>
   </div>
   <div class='ocr_carea' id='block_1_79' title="bbox 2135 1363 3642 1437">
    <p class='ocr_par' dir='ltr' id='par_1_79' title="bbox 2135 1363 3642 1437">
     <span class='ocr_line' id='line_1_80' title="bbox 2135 1363 3642 1437; baseline 0.001 -20"><span class='ocrx_word' id='word_1_633' title='bbox 2135 1363 2265 1417; x_wconf 83' lang='grc' dir='ltr'>’Ὅτι</span> <span class='ocrx_word' id='word_1_634' title='bbox 2284 1374 2311 1437; x_wconf 69' lang='lat'>_¢</span> <span class='ocrx_word' id='word_1_635' title='bbox 2336 1365 2552 1437; x_wconf 57' lang='grc' dir='ltr'>Κύριος</span> <span class='ocrx_word' id='word_1_636' title='bbox 2581 1363 2871 1437; x_wconf 42' lang='grc' dir='ltr'>ὕψιστος)</span> <span class='ocrx_word' id='word_1_637' title='bbox 2905 1363 3154 1432; x_wconf 64' lang='grc' dir='ltr'>φοϐερὸς</span> <span class='ocrx_word' id='word_1_638' title='bbox 3177 1406 3191 1432; x_wconf 94' lang='grc'>,</span> <span class='ocrx_word' id='word_1_639' title='bbox 3216 1365 3523 1433; x_wconf 75' lang='grc' dir='ltr'>,βασιλεὺς</span> <span class='ocrx_word' id='word_1_640' title='bbox 3538 1367 3642 1437; x_wconf 74' lang='grc' dir='ltr'>μέο</span> 
     </span>
    </p>
   </div>
   <div class='ocr_carea' id='block_1_80' title="bbox 2134 1432 2925 1503">
    <p class='ocr_par' dir='ltr' id='par_1_80' title="bbox 2134 1432 2925 1503">
     <span class='ocr_line' id='line_1_81' title="bbox 2134 1432 2925 1503; baseline 0.004 -18"><span class='ocrx_word' id='word_1_641' title='bbox 2134 1449 2243 1503; x_wconf 67' lang='grc' dir='ltr'>νας</span> <span class='ocrx_word' id='word_1_642' title='bbox 2271 1432 2371 1486; x_wconf 76' lang='grc' dir='ltr'>ἐπὶ</span> <span class='ocrx_word' id='word_1_643' title='bbox 2397 1432 2605 1487; x_wconf 69' lang='grc' dir='ltr'>πᾶσαν·</span> <span class='ocrx_word' id='word_1_644' title='bbox 2635 1434 2749 1502; x_wconf 79' lang='grc' dir='ltr'>τὴν</span> <span class='ocrx_word' id='word_1_645' title='bbox 2786 1432 2925 1502; x_wconf 77' lang='grc' dir='ltr'>γῆν.</span> 
     </span>
    </p>
   </div>
   <div class='ocr_carea' id='block_1_81' title="bbox 2134 1549 3638 1628">
    <p class='ocr_par' dir='ltr' id='par_1_81' title="bbox 2134 1549 3638 1628">
     <span class='ocr_line' id='line_1_82' title="bbox 2134 1549 3638 1628; baseline 0.001 -20"><span class='ocrx_word' id='word_1_646' title='bbox 2134 1562 2203 1609; x_wconf 88' lang='grc' dir='ltr'>α’.</span> <span class='ocrx_word' id='word_1_647' title='bbox 2224 1555 2339 1626; x_wconf 80' lang='grc' dir='ltr'>Τῆς</span> <span class='ocrx_word' id='word_1_648' title='bbox 2361 1556 2531 1627; x_wconf 82' lang='grc' dir='ltr'>αὐτῆς</span> <span class='ocrx_word' id='word_1_649' title='bbox 2556 1554 2864 1619; x_wconf 86' lang='grc' dir='ltr'>ὑποθέσεως</span> <span class='ocrx_word' id='word_1_650' title='bbox 2878 1558 2971 1610; x_wconf 67' lang='grc' dir='ltr'>καὶ</span> <span class='ocrx_word' id='word_1_651' title='bbox 2993 1549 3146 1620; x_wconf 78' lang='grc' dir='ltr'>οὗτος</span> <span class='ocrx_word' id='word_1_652' title='bbox 3166 1558 3194 1608; x_wconf 89' lang='lat'>6</span> <span class='ocrx_word' id='word_1_653' title='bbox 3208 1557 3418 1628; x_wconf 71' lang='grc' dir='ltr'>ψαλμὸς</span> <span class='ocrx_word' id='word_1_654' title='bbox 3434 1556 3638 1627; x_wconf 77' lang='grc' dir='ltr'>ἔχεται,</span> 
     </span>
    </p>
   </div>
   <div class='ocr_carea' id='block_1_82' title="bbox 2063 1638 3639 1709">
    <p class='ocr_par' dir='ltr' id='par_1_82' title="bbox 2063 1638 3639 1709">
     <span class='ocr_line' id='line_1_83' title="bbox 2063 1638 3639 1709; baseline 0 -16"><span class='ocrx_word' id='word_1_655' title='bbox 2063 1640 2217 1703; x_wconf 88' lang='grc' dir='ltr'>νίκας</span> <span class='ocrx_word' id='word_1_656' title='bbox 2245 1638 2420 1707; x_wconf 92' lang='grc' dir='ltr'>λέγων</span> <span class='ocrx_word' id='word_1_657' title='bbox 2450 1639 2540 1691; x_wconf 71' lang='grc' dir='ltr'>καὶ</span> <span class='ocrx_word' id='word_1_658' title='bbox 2565 1639 2632 1691; x_wconf 90' lang='grc' dir='ltr'>τά</span> <span class='ocrx_word' id='word_1_659' title='bbox 2662 1639 2896 1707; x_wconf 88' lang='grc' dir='ltr'>τρόπαια</span> <span class='ocrx_word' id='word_1_660' title='bbox 2922 1638 2991 1691; x_wconf 79' lang='grc' dir='ltr'>τὰ</span> <span class='ocrx_word' id='word_1_661' title='bbox 3037 1638 3177 1693; x_wconf 81' lang='grc' dir='ltr'>κατὰ</span> <span class='ocrx_word' id='word_1_662' title='bbox 3214 1641 3321 1692; x_wconf 86' lang='grc' dir='ltr'>τῶν</span> <span class='ocrx_word' id='word_1_663' title='bbox 3369 1640 3639 1709; x_wconf 86' lang='grc' dir='ltr'>πολεμίων</span> 
     </span>
    </p>
   </div>
   <div class='ocr_carea' id='block_1_83' title="bbox 2069 1720 3640 1792">
    <p class='ocr_par' dir='ltr' id='par_1_83' title="bbox 2069 1720 3640 1792">
     <span class='ocr_line' id='line_1_84' title="bbox 2069 1720 3640 1792; baseline 0.001 -19"><span class='ocrx_word' id='word_1_664' title='bbox 2069 1720 2450 1792; x_wconf 88' lang='grc' dir='ltr'>συμϐεϐηκότα</span> <span class='ocrx_word' id='word_1_665' title='bbox 2475 1763 2489 1788; x_wconf 90' lang='grc'>,</span> <span class='ocrx_word' id='word_1_666' title='bbox 2523 1723 2617 1773; x_wconf 79' lang='grc' dir='ltr'>καὶ</span> <span class='ocrx_word' id='word_1_667' title='bbox 2647 1723 2745 1791; x_wconf 78' lang='grc' dir='ltr'>τὴν</span> <span class='ocrx_word' id='word_1_668' title='bbox 2771 1722 3097 1791; x_wconf 76' lang='grc' dir='ltr'>οἰκουμένην</span> <span class='ocrx_word' id='word_1_669' title='bbox 3131 1725 3312 1775; x_wconf 82' lang='grc' dir='ltr'>πᾶσαν</span> <span class='ocrx_word' id='word_1_670' title='bbox 3345 1723 3524 1774; x_wconf 87' lang='grc' dir='ltr'>καλῶν</span> <span class='ocrx_word' id='word_1_671' title='bbox 3557 1725 3640 1784; x_wconf 81' lang='grc' dir='ltr'>εἰς</span> 
     </span>
    </p>
   </div>
   <div class='ocr_carea' id='block_1_84' title="bbox 2061 1803 3638 1874">
    <p class='ocr_par' dir='ltr' id='par_1_84' title="bbox 2061 1803 3638 1874">
     <span class='ocr_line' id='line_1_85' title="bbox 2061 1803 3638 1874; baseline 0 -18"><span class='ocrx_word' id='word_1_672' title='bbox 2061 1804 2159 1873; x_wconf 85' lang='grc' dir='ltr'>τὴν</span> <span class='ocrx_word' id='word_1_673' title='bbox 2211 1803 2350 1874; x_wconf 79' lang='grc' dir='ltr'>ὑπὲρ</span> <span class='ocrx_word' id='word_1_674' title='bbox 2396 1804 2504 1856; x_wconf 90' lang='grc' dir='ltr'>τῶν</span> <span class='ocrx_word' id='word_1_675' title='bbox 2551 1804 2936 1873; x_wconf 86' lang='grc' dir='ltr'>γεγενημένων</span> <span class='ocrx_word' id='word_1_676' title='bbox 2980 1804 3276 1874; x_wconf 77' lang='grc' dir='ltr'>εὐφημίαν.</span> <span class='ocrx_word' id='word_1_677' title='bbox 3328 1803 3467 1855; x_wconf 81' lang='grc' dir='ltr'>Ἀλλ’</span> <span class='ocrx_word' id='word_1_678' title='bbox 3509 1804 3638 1866; x_wconf 76' lang='grc' dir='ltr'>ἴσως</span> 
     </span>
    </p>
   </div>
   <div class='ocr_carea' id='block_1_85' title="bbox 2060 1882 3638 1958">
    <p class='ocr_par' dir='ltr' id='par_1_85' title="bbox 2060 1882 3638 1958">
     <span class='ocr_line' id='line_1_86' title="bbox 2060 1882 3638 1958; baseline 0 -19"><span class='ocrx_word' id='word_1_679' title='bbox 2060 1886 2201 1939; x_wconf 73' lang='grc' dir='ltr'>τισὶν</span> <span class='ocrx_word' id='word_1_680' title='bbox 2231 1887 2448 1950; x_wconf 82' lang='grc' dir='ltr'>ἀνάξιον</span> <span class='ocrx_word' id='word_1_681' title='bbox 2497 1882 2830 1939; x_wconf 77' lang='grc' dir='ltr'>εἶναιδοκεῖ</span> <span class='ocrx_word' id='word_1_682' title='bbox 2859 1889 2958 1958; x_wconf 81' lang='grc' dir='ltr'>τῆς</span> <span class='ocrx_word' id='word_1_683' title='bbox 3004 1886 3097 1939; x_wconf 89' lang='grc' dir='ltr'>τοῦ</span> <span class='ocrx_word' id='word_1_684' title='bbox 3145 1887 3289 1939; x_wconf 90' lang='grc' dir='ltr'>θείου</span> <span class='ocrx_word' id='word_1_685' title='bbox 3325 1885 3638 1956; x_wconf 85' lang='grc' dir='ltr'>Πνεύματος</span> 
     </span>
    </p>
   </div>
   <div class='ocr_carea' id='block_1_86' title="bbox 2061 1970 3640 2041">
    <p class='ocr_par' dir='ltr' id='par_1_86' title="bbox 2061 1970 3640 2041">
     <span class='ocr_line' id='line_1_87' title="bbox 2061 1970 3640 2041; baseline 0.001 -19"><span class='ocrx_word' id='word_1_686' title='bbox 2061 1970 2438 2040; x_wconf 87' lang='grc' dir='ltr'>παραινέσεως</span> <span class='ocrx_word' id='word_1_687' title='bbox 2463 1970 2523 2022; x_wconf 83' lang='grc' dir='ltr'>τὸ</span> <span class='ocrx_word' id='word_1_688' title='bbox 2545 1970 2849 2040; x_wconf 87' lang='grc' dir='ltr'>προοίμιον,</span> <span class='ocrx_word' id='word_1_689' title='bbox 2872 1972 2968 2023; x_wconf 66' lang='grc' dir='ltr'>καί⁸</span> <span class='ocrx_word' id='word_1_690' title='bbox 2996 1972 3030 2040; x_wconf 83' lang='grc' dir='ltr'><strong>ἡ</strong></span> <span class='ocrx_word' id='word_1_691' title='bbox 3058 1970 3278 2039; x_wconf 80' lang='grc' dir='ltr'>τοιαύτη</span> <span class='ocrx_word' id='word_1_692' title='bbox 3307 1970 3640 2041; x_wconf 86' lang='grc' dir='ltr'>παρακέλευ-</span> 
     </span>
    </p>
   </div>
   <div class='ocr_carea' id='block_1_87' title="bbox 2063 2053 3636 2125">
    <p class='ocr_par' dir='ltr' id='par_1_87' title="bbox 2063 2053 3636 2125">
     <span class='ocr_line' id='line_1_88' title="bbox 2063 2053 3636 2125; baseline -0.001 -18"><span class='ocrx_word' id='word_1_693' title='bbox 2063 2071 2147 2117; x_wconf 90' lang='grc' dir='ltr'>σις</span> <span class='ocrx_word' id='word_1_694' title='bbox 2165 2093 2180 2118; x_wconf 89' lang='grc'>,</span> <span class='ocrx_word' id='word_1_695' title='bbox 2212 2053 2417 2123; x_wconf 89' lang='grc' dir='ltr'>κρότοι,</span> <span class='ocrx_word' id='word_1_696' title='bbox 2441 2053 2535 2106; x_wconf 76' lang='grc' dir='ltr'>καὶ</span> <span class='ocrx_word' id='word_1_697' title='bbox 2564 2053 2818 2120; x_wconf 88' lang='grc' dir='ltr'>πάταγοι,</span> <span class='ocrx_word' id='word_1_698' title='bbox 2849 2053 2945 2105; x_wconf 78' lang='grc' dir='ltr'>καὶ</span> <span class='ocrx_word' id='word_1_699' title='bbox 2986 2053 3256 2122; x_wconf 87' lang='grc' dir='ltr'>ὀλολυγαί.</span> <span class='ocrx_word' id='word_1_700' title='bbox 3287 2056 3360 2107; x_wconf 88' lang='grc' dir='ltr'>Οὐ</span> <span class='ocrx_word' id='word_1_701' title='bbox 3389 2054 3496 2125; x_wconf 80' lang='grc' dir='ltr'>γὰρ</span> <span class='ocrx_word' id='word_1_702' title='bbox 3522 2057 3636 2117; x_wconf 81' lang='grc' dir='ltr'>τοῖς</span> 
     </span>
    </p>
   </div>
   <div class='ocr_carea' id='block_1_88' title="bbox 2061 2134 3634 2208">
    <p class='ocr_par' dir='ltr' id='par_1_88' title="bbox 2061 2134 3634 2208">
     <span class='ocr_line' id='line_1_89' title="bbox 2061 2134 3634 2208; baseline -0.001 -19"><span class='ocrx_word' id='word_1_703' title='bbox 2061 2138 2121 2191; x_wconf 77' lang='grc' dir='ltr'>ὲν</span> <span class='ocrx_word' id='word_1_704' title='bbox 2155 2137 2234 2208; x_wconf 81' lang='grc' dir='ltr'>τῷ</span> <span class='ocrx_word' id='word_1_705' title='bbox 2280 2134 2464 2205; x_wconf 88' lang='grc' dir='ltr'>σεμνῷ</span> <span class='ocrx_word' id='word_1_706' title='bbox 2491 2134 2667 2204; x_wconf 85' lang='grc' dir='ltr'>τούτῳ</span> <span class='ocrx_word' id='word_1_707' title='bbox 2691 2134 3047 2204; x_wconf 83' lang='grc' dir='ltr'>διδασκαλείῳ</span> <span class='ocrx_word' id='word_1_708' title='bbox 3100 2137 3341 2190; x_wconf 88' lang='grc' dir='ltr'>συνιοῦσι</span> <span class='ocrx_word' id='word_1_709' title='bbox 3370 2139 3634 2207; x_wconf 74' lang='grc' dir='ltr'>προσήκει</span> 
     </span>
    </p>
   </div>
   <div class='ocr_carea' id='block_1_89' title="bbox 2064 2217 3637 2289">
    <p class='ocr_par' dir='ltr' id='par_1_89' title="bbox 2064 2217 3637 2289">
     <span class='ocr_line' id='line_1_90' title="bbox 2064 2217 3637 2289; baseline -0.002 -16"><span class='ocrx_word' id='word_1_710' title='bbox 2064 2220 2193 2282; x_wconf 75' lang='grc' dir='ltr'>ἴσως</span> <span class='ocrx_word' id='word_1_711' title='bbox 2225 2218 2397 2271; x_wconf 87' lang='grc' dir='ltr'>ταῦτα</span> <span class='ocrx_word' id='word_1_712' title='bbox 2422 2257 2437 2282; x_wconf 92' lang='grc'>,</span> <span class='ocrx_word' id='word_1_713' title='bbox 2474 2219 2590 2288; x_wconf 85' lang='grc' dir='ltr'>ὲρεί</span> <span class='ocrx_word' id='word_1_714' title='bbox 2618 2234 2736 2281; x_wconf 89' lang='grc' dir='ltr'>τις,</span> <span class='ocrx_word' id='word_1_715' title='bbox 2769 2217 2906 2271; x_wconf 84' lang='grc' dir='ltr'>ἀλλά</span> <span class='ocrx_word' id='word_1_716' title='bbox 2937 2221 3049 2282; x_wconf 87' lang='grc' dir='ltr'>τοῖς</span> <span class='ocrx_word' id='word_1_717' title='bbox 3100 2219 3198 2288; x_wconf 82' lang='grc' dir='ltr'>μὲν</span> <span class='ocrx_word' id='word_1_718' title='bbox 3235 2221 3295 2272; x_wconf 81' lang='grc' dir='ltr'>ὲν</span> <span class='ocrx_word' id='word_1_719' title='bbox 3325 2221 3496 2289; x_wconf 81' lang='grc' dir='ltr'>σκηνῇ</span> <span class='ocrx_word' id='word_1_720' title='bbox 3541 2221 3637 2271; x_wconf 70' lang='grc' dir='ltr'>καὶ</span> 
     </span>
    </p>
   </div>
   <div class='ocr_carea' id='block_1_90' title="bbox 2062 2301 3636 2373">
    <p class='ocr_par' dir='ltr' id='par_1_90' title="bbox 2062 2301 3636 2373">
     <span class='ocr_line' id='line_1_91' title="bbox 2062 2301 3636 2373; baseline -0.001 -18"><span class='ocrx_word' id='word_1_721' title='bbox 2062 2303 2385 2373; x_wconf 88' lang='grc' dir='ltr'>συμποσίοις</span> <span class='ocrx_word' id='word_1_722' title='bbox 2417 2301 2813 2371; x_wconf 79' lang='grc' dir='ltr'>ἡσχολημένοις</span> <span class='ocrx_word' id='word_1_723' title='bbox 2835 2341 2851 2366; x_wconf 95' lang='grc'>,</span> <span class='ocrx_word' id='word_1_724' title='bbox 2882 2302 2945 2354; x_wconf 87' lang='grc' dir='ltr'>τὸ</span> <span class='ocrx_word' id='word_1_725' title='bbox 2974 2303 3315 2373; x_wconf 79' lang='grc' dir='ltr'>κροταλίζειν</span> <span class='ocrx_word' id='word_1_726' title='bbox 3335 2343 3350 2367; x_wconf 93' lang='grc'>,</span> <span class='ocrx_word' id='word_1_727' title='bbox 3391 2304 3486 2356; x_wconf 78' lang='grc' dir='ltr'>καὶ</span> <span class='ocrx_word' id='word_1_728' title='bbox 3520 2306 3636 2366; x_wconf 86' lang='grc' dir='ltr'>ταῖς</span> 
     </span>
    </p>
   </div>
   <div class='ocr_carea' id='block_1_91' title="bbox 2060 2385 3637 2458">
    <p class='ocr_par' dir='ltr' id='par_1_91' title="bbox 2060 2385 3637 2458">
     <span class='ocr_line' id='line_1_92' title="bbox 2060 2385 3637 2458; baseline 0 -19"><span class='ocrx_word' id='word_1_729' title='bbox 2060 2388 2216 2458; x_wconf 75' lang='grc' dir='ltr'>χερσὶ</span> <span class='ocrx_word' id='word_1_730' title='bbox 2250 2385 2576 2440; x_wconf 84' lang='grc' dir='ltr'>πατάσσειν·</span> <span class='ocrx_word' id='word_1_731' title='bbox 2608 2385 2834 2456; x_wconf 83' lang='grc' dir='ltr'>ἀνδράσι</span> <span class='ocrx_word' id='word_1_732' title='bbox 2867 2386 2925 2439; x_wconf 75' lang='grc' dir='ltr'>δὲ</span> <span class='ocrx_word' id='word_1_733' title='bbox 2948 2387 3053 2439; x_wconf 84' lang='grc' dir='ltr'>ὑπὸ</span> <span class='ocrx_word' id='word_1_734' title='bbox 3075 2388 3173 2456; x_wconf 85' lang='grc' dir='ltr'>τῆς</span> <span class='ocrx_word' id='word_1_735' title='bbox 3202 2387 3295 2438; x_wconf 88' lang='grc' dir='ltr'>τοῦ</span> <span class='ocrx_word' id='word_1_736' title='bbox 3324 2386 3459 2438; x_wconf 84' lang='grc' dir='ltr'>Πνεύ</span> <span class='ocrx_word' id='word_1_737' title='bbox 3470 2403 3637 2456; x_wconf 79' lang='grc' dir='ltr'>ματος</span> 
     </span>
    </p>
   </div>
   <div class='ocr_carea' id='block_1_92' title="bbox 2061 2469 3632 2541">
    <p class='ocr_par' dir='ltr' id='par_1_92' title="bbox 2061 2469 3632 2541">
     <span class='ocr_line' id='line_1_93' title="bbox 2061 2469 3632 2541; baseline -0.001 -18"><span class='ocrx_word' id='word_1_738' title='bbox 2061 2471 2280 2541; x_wconf 88' lang='grc' dir='ltr'>χάριτος</span> <span class='ocrx_word' id='word_1_739' title='bbox 2324 2469 2734 2539; x_wconf 90' lang='grc' dir='ltr'>παιδευομένοις</span> <span class='ocrx_word' id='word_1_740' title='bbox 2774 2469 2978 2539; x_wconf 83' lang='grc' dir='ltr'>ἡσυχία</span> <span class='ocrx_word' id='word_1_741' title='bbox 3014 2471 3111 2522; x_wconf 78' lang='grc' dir='ltr'>καὶ</span> <span class='ocrx_word' id='word_1_742' title='bbox 3143 2470 3364 2535; x_wconf 82' lang='grc' dir='ltr'>εὐταξία</span> <span class='ocrx_word' id='word_1_743' title='bbox 3411 2471 3632 2540; x_wconf 84' lang='grc' dir='ltr'>πρέπει.</span> 
     </span>
    </p>
   </div>
   <div class='ocr_carea' id='block_1_93' title="bbox 2060 2550 3636 2622">
    <p class='ocr_par' dir='ltr' id='par_1_93' title="bbox 2060 2550 3636 2622">
     <span class='ocr_line' id='line_1_94' title="bbox 2060 2550 3636 2622; baseline 0.001 -18"><span class='ocrx_word' id='word_1_744' title='bbox 2060 2553 2124 2604; x_wconf 74' lang='lat' dir='ltr'>Ti</span> <span class='ocrx_word' id='word_1_745' title='bbox 2152 2553 2331 2605; x_wconf 90' lang='grc' dir='ltr'>τοίνυν</span> <span class='ocrx_word' id='word_1_746' title='bbox 2383 2550 2631 2619; x_wconf 81' lang='grc' dir='ltr'>βούλεται</span> <span class='ocrx_word' id='word_1_747' title='bbox 2664 2552 2692 2602; x_wconf 93' lang='lat'>6</span> <span class='ocrx_word' id='word_1_748' title='bbox 2731 2551 2885 2620; x_wconf 88' lang='grc' dir='ltr'>λόγος</span> <span class='ocrx_word' id='word_1_749' title='bbox 2934 2553 3212 2622; x_wconf 76' lang='grc' dir='ltr'>ἐμφῆναι,</span> <span class='ocrx_word' id='word_1_750' title='bbox 3247 2554 3340 2605; x_wconf 83' lang='grc' dir='ltr'>καὶ</span> <span class='ocrx_word' id='word_1_751' title='bbox 3388 2553 3508 2605; x_wconf 89' lang='grc' dir='ltr'>τίνα</span> <span class='ocrx_word' id='word_1_752' title='bbox 3545 2553 3636 2606; x_wconf 78' lang='grc' dir='ltr'>τὸν</span> 
     </span>
    </p>
   </div>
   <div class='ocr_carea' id='block_1_94' title="bbox 2057 2630 3636 2707">
    <p class='ocr_par' dir='ltr' id='par_1_94' title="bbox 2057 2630 3636 2707">
     <span class='ocr_line' id='line_1_95' title="bbox 2057 2630 3636 2707; baseline 0 -18"><span class='ocrx_word' id='word_1_753' title='bbox 2057 2636 2371 2707; x_wconf 87' lang='grc' dir='ltr'>ἀλαλαγμὸν</span> <span class='ocrx_word' id='word_1_754' title='bbox 2388 2630 2449 2699; x_wconf 55' lang='grc' dir='ltr'>ἀ,</span> <span class='ocrx_word' id='word_1_755' title='bbox 2471 2636 2564 2688; x_wconf 80' lang='grc' dir='ltr'>καὶ</span> <span class='ocrx_word' id='word_1_756' title='bbox 2595 2635 2715 2688; x_wconf 88' lang='grc' dir='ltr'>τίνα</span> <span class='ocrx_word' id='word_1_757' title='bbox 2744 2634 2836 2688; x_wconf 90' lang='grc' dir='ltr'>τὸν</span> <span class='ocrx_word' id='word_1_758' title='bbox 2866 2635 3058 2706; x_wconf 76' lang='grc' dir='ltr'>κρότον</span> <span class='ocrx_word' id='word_1_759' title='bbox 3083 2636 3248 2705; x_wconf 74' lang='grc' dir='ltr'>φησίς</span> <span class='ocrx_word' id='word_1_760' title='bbox 3274 2637 3384 2688; x_wconf 80' lang='grc' dir='ltr'>Καὶ</span> <span class='ocrx_word' id='word_1_761' title='bbox 3407 2636 3513 2707; x_wconf 87' lang='grc' dir='ltr'>γὰρ</span> <span class='ocrx_word' id='word_1_762' title='bbox 3544 2638 3636 2689; x_wconf 76' lang='grc' dir='ltr'>καὶ</span> 
     </span>
    </p>
   </div>
   <div class='ocr_carea' id='block_1_95' title="bbox 2059 2717 3636 2790">
    <p class='ocr_par' dir='ltr' id='par_1_95' title="bbox 2059 2717 3636 2790">
     <span class='ocr_line' id='line_1_96' title="bbox 2059 2717 3636 2790; baseline 0 -19"><span class='ocrx_word' id='word_1_763' title='bbox 2059 2720 2288 2790; x_wconf 83' lang='grc' dir='ltr'>σύνηθες</span> <span class='ocrx_word' id='word_1_764' title='bbox 2311 2718 2472 2772; x_wconf 88' lang='grc' dir='ltr'>τοῦτο</span> <span class='ocrx_word' id='word_1_765' title='bbox 2501 2721 2614 2782; x_wconf 90' lang='grc' dir='ltr'>τοῖς</span> <span class='ocrx_word' id='word_1_766' title='bbox 2638 2719 2696 2770; x_wconf 83' lang='grc' dir='ltr'>ὲν</span> <span class='ocrx_word' id='word_1_767' title='bbox 2729 2717 3035 2789; x_wconf 81' lang='grc' dir='ltr'>παρατάξει</span> <span class='ocrx_word' id='word_1_768' title='bbox 3064 2719 3304 2790; x_wconf 89' lang='grc' dir='ltr'>πολέμου</span> <span class='ocrx_word' id='word_1_769' title='bbox 3332 2720 3426 2772; x_wconf 74' lang='grc' dir='ltr'>καὶ</span> <span class='ocrx_word' id='word_1_770' title='bbox 3455 2719 3636 2788; x_wconf 81' lang='grc' dir='ltr'>μάχης</span> 
     </span>
    </p>
   </div>
   <div class='ocr_carea' id='block_1_96' title="bbox 2057 2800 3636 2873">
    <p class='ocr_par' dir='ltr' id='par_1_96' title="bbox 2057 2800 3636 2873">
     <span class='ocr_line' id='line_1_97' title="bbox 2057 2800 3636 2873; baseline 0 -19"><span class='ocrx_word' id='word_1_771' title='bbox 2057 2805 2231 2856; x_wconf 90' lang='grc' dir='ltr'>ποιεῖν</span> <span class='ocrx_word' id='word_1_772' title='bbox 2252 2841 2267 2865; x_wconf 93' lang='grc'>,</span> <span class='ocrx_word' id='word_1_773' title='bbox 2302 2800 2596 2865; x_wconf 75' lang='grc' dir='ltr'>ἀλαλάζειν</span> <span class='ocrx_word' id='word_1_774' title='bbox 2623 2801 2768 2869; x_wconf 86' lang='grc' dir='ltr'>λέγω</span> <span class='ocrx_word' id='word_1_775' title='bbox 2789 2841 2805 2863; x_wconf 89' lang='grc'>,</span> <span class='ocrx_word' id='word_1_776' title='bbox 2849 2802 2944 2854; x_wconf 78' lang='grc' dir='ltr'>καὶ</span> <span class='ocrx_word' id='word_1_777' title='bbox 2978 2802 3122 2871; x_wconf 81' lang='grc' dir='ltr'>μέγα</span> <span class='ocrx_word' id='word_1_778' title='bbox 3153 2803 3366 2869; x_wconf 89' lang='grc' dir='ltr'>κροτεῖν</span> <span class='ocrx_word' id='word_1_779' title='bbox 3411 2802 3545 2873; x_wconf 81' lang='grc' dir='ltr'>πρὸς</span> <span class='ocrx_word' id='word_1_780' title='bbox 3575 2803 3636 2854; x_wconf 67' lang='grc' dir='ltr'>τὸ</span> 
     </span>
    </p>
   </div>
   <div class='ocr_carea' id='block_1_97' title="bbox 2056 2884 3634 2958">
    <p class='ocr_par' dir='ltr' id='par_1_97' title="bbox 2056 2884 3634 2958">
     <span class='ocr_line' id='line_1_98' title="bbox 2056 2884 3634 2958; baseline -0.003 -17"><span class='ocrx_word' id='word_1_781' title='bbox 2056 2886 2532 2958; x_wconf 87' lang='grc' dir='ltr'>καταπλήττεσθαι</span> <span class='ocrx_word' id='word_1_782' title='bbox 2575 2886 2703 2948; x_wconf 82' lang='grc' dir='ltr'>τοὺς</span> <span class='ocrx_word' id='word_1_783' title='bbox 2733 2884 3024 2956; x_wconf 85' lang='grc' dir='ltr'>πολεμίους</span> <span class='ocrx_word' id='word_1_784' title='bbox 3044 2902 3058 2915; x_wconf 90' lang='grc'><strong>·</strong></span> <span class='ocrx_word' id='word_1_785' title='bbox 3093 2885 3413 2956; x_wconf 87' lang='grc' dir='ltr'>γαληνιαίας</span> <span class='ocrx_word' id='word_1_786' title='bbox 3444 2886 3499 2938; x_wconf 81' lang='grc' dir='ltr'>δὲ</span> <span class='ocrx_word' id='word_1_787' title='bbox 3528 2885 3634 2954; x_wconf 79' lang='grc' dir='ltr'>ψυ-</span> 
     </span>
    </p>
   </div>
   <div class='ocr_carea' id='block_1_98' title="bbox 2055 2968 3634 3042">
    <p class='ocr_par' dir='ltr' id='par_1_98' title="bbox 2055 2968 3634 3042">
     <span class='ocr_line' id='line_1_99' title="bbox 2055 2968 3634 3042; baseline -0.009 -16"><span class='ocrx_word' id='word_1_788' title='bbox 2055 2972 2156 3042; x_wconf 85' lang='grc' dir='ltr'>χῆς</span> <span class='ocrx_word' id='word_1_789' title='bbox 2201 2971 2359 3024; x_wconf 86' lang='grc' dir='ltr'>τοῦτο</span> <span class='ocrx_word' id='word_1_790' title='bbox 2391 2970 2693 3041; x_wconf 87' lang='grc' dir='ltr'>ἀλλότριον.</span> <span class='ocrx_word' id='word_1_791' title='bbox 2727 2970 2787 3022; x_wconf 80' lang='grc' dir='ltr'>ὐ</span> <span class='ocrx_word' id='word_1_792' title='bbox 2821 2969 2878 3022; x_wconf 77' lang='grc' dir='ltr'>δὲ</span> <span class='ocrx_word' id='word_1_793' title='bbox 2928 2968 3144 3040; x_wconf 82' lang='grc' dir='ltr'>ψαλμὸς</span> <span class='ocrx_word' id='word_1_794' title='bbox 3193 2970 3478 3040; x_wconf 80' lang='grc' dir='ltr'>ἀμφότερα</span> <span class='ocrx_word' id='word_1_795' title='bbox 3518 2970 3634 3023; x_wconf 66' lang='grc' dir='ltr'>δια-</span> 
     </span>
    </p>
   </div>
   <div class='ocr_carea' id='block_1_99' title="bbox 2055 3048 3633 3125">
    <p class='ocr_par' dir='ltr' id='par_1_99' title="bbox 2055 3048 3633 3125">
     <span class='ocr_line' id='line_1_100' title="bbox 2055 3048 3633 3125; baseline -0.002 -18"><span class='ocrx_word' id='word_1_796' title='bbox 2055 3053 2367 3119; x_wconf 82' lang='grc' dir='ltr'>κελεύεται,</span> <span class='ocrx_word' id='word_1_797' title='bbox 2395 3055 2489 3108; x_wconf 72' lang='grc' dir='ltr'>καὶ</span> <span class='ocrx_word' id='word_1_798' title='bbox 2529 3055 2776 3125; x_wconf 79' lang='grc' dir='ltr'>κροτεῖν,</span> <span class='ocrx_word' id='word_1_799' title='bbox 2822 3052 2917 3105; x_wconf 65' lang='grc' dir='ltr'>καλ⁸</span> <span class='ocrx_word' id='word_1_800' title='bbox 2946 3051 3253 3117; x_wconf 79' lang='grc' dir='ltr'>ἀλαλάζειν.</span> <span class='ocrx_word' id='word_1_801' title='bbox 3292 3053 3358 3105; x_wconf 90' lang='grc' dir='ltr'>Τί</span> <span class='ocrx_word' id='word_1_802' title='bbox 3394 3052 3512 3105; x_wconf 84' lang='grc' dir='ltr'>ποτ’</span> <span class='ocrx_word' id='word_1_803' title='bbox 3540 3048 3633 3106; x_wconf 77' lang='grc' dir='ltr'>οὖν</span> 
     </span>
    </p>
   </div>
   <div class='ocr_carea' id='block_1_100' title="bbox 2054 3133 3638 3208">
    <p class='ocr_par' dir='ltr' id='par_1_100' title="bbox 2054 3133 3638 3208">
     <span class='ocr_line' id='line_1_101' title="bbox 2054 3133 3638 3208; baseline -0.001 -19"><span class='ocrx_word' id='word_1_804' title='bbox 2054 3138 2169 3190; x_wconf 81' lang='grc' dir='ltr'>ἐστι</span> <span class='ocrx_word' id='word_1_805' title='bbox 2205 3137 2268 3189; x_wconf 89' lang='grc' dir='ltr'>τὸ</span> <span class='ocrx_word' id='word_1_806' title='bbox 2297 3136 2618 3208; x_wconf 85' lang='grc' dir='ltr'>εἰρημένον;</span> <span class='ocrx_word' id='word_1_807' title='bbox 2661 3134 2828 3189; x_wconf 79' lang='grc' dir='ltr'>Οὐδὲν</span> <span class='ocrx_word' id='word_1_808' title='bbox 2859 3135 3073 3203; x_wconf 72' lang='grc' dir='ltr'>ἕτερον,</span> <span class='ocrx_word' id='word_1_809' title='bbox 3104 3134 3217 3188; x_wconf 82' lang='grc' dir='ltr'>ἀλλ’</span> <span class='ocrx_word' id='word_1_810' title='bbox 3245 3133 3438 3205; x_wconf 82' lang='grc' dir='ltr'>ἡδονὴν</span> <span class='ocrx_word' id='word_1_811' title='bbox 3467 3134 3638 3188; x_wconf 75' lang='grc' dir='ltr'>ὲνδείο</span> 
     </span>
    </p>
   </div>
   <div class='ocr_carea' id='block_1_101' title="bbox 2052 3216 3632 3290">
    <p class='ocr_par' dir='ltr' id='par_1_101' title="bbox 2052 3216 3632 3290">
     <span class='ocr_line' id='line_1_102' title="bbox 2052 3216 3632 3290; baseline 0 -19"><span class='ocrx_word' id='word_1_812' title='bbox 2052 3236 2242 3273; x_wconf 86' lang='grc' dir='ltr'>κνυται</span> <span class='ocrx_word' id='word_1_813' title='bbox 2272 3220 2366 3273; x_wconf 78' lang='grc' dir='ltr'>καὶ</span> <span class='ocrx_word' id='word_1_814' title='bbox 2390 3220 2548 3290; x_wconf 90' lang='grc' dir='ltr'>νίκης</span> <span class='ocrx_word' id='word_1_815' title='bbox 2570 3217 2862 3289; x_wconf 89' lang='grc' dir='ltr'>σύμϐολον.</span> <span class='ocrx_word' id='word_1_816' title='bbox 2893 3216 3046 3270; x_wconf 77' lang='grc' dir='ltr'>Ἐπεὶ</span> <span class='ocrx_word' id='word_1_817' title='bbox 3071 3216 3165 3270; x_wconf 78' lang='grc' dir='ltr'>καὶ</span> <span class='ocrx_word' id='word_1_818' title='bbox 3192 3216 3415 3289; x_wconf 76' lang='grc' dir='ltr'>ἑτέρωθι</span> <span class='ocrx_word' id='word_1_819' title='bbox 3442 3221 3632 3288; x_wconf 66' lang='lat'>61190-</span> 
     </span>
    </p>
   </div>
   <div class='ocr_carea' id='block_1_102' title="bbox 2054 3299 3634 3373">
    <p class='ocr_par' dir='ltr' id='par_1_102' title="bbox 2054 3299 3634 3373">
     <span class='ocr_line' id='line_1_103' title="bbox 2054 3299 3634 3373; baseline -0.001 -17"><span class='ocrx_word' id='word_1_820' title='bbox 2054 3307 2233 3373; x_wconf 81' lang='grc' dir='ltr'>φητης</span> <span class='ocrx_word' id='word_1_821' title='bbox 2251 3303 2377 3366; x_wconf 81' lang='grc' dir='ltr'>τοὺς</span> <span class='ocrx_word' id='word_1_822' title='bbox 2402 3302 2681 3373; x_wconf 77' lang='grc' dir='ltr'>ποταμοὺς</span> <span class='ocrx_word' id='word_1_823' title='bbox 2709 3302 2921 3370; x_wconf 86' lang='grc' dir='ltr'>εἰσάγει</span> <span class='ocrx_word' id='word_1_824' title='bbox 2947 3301 3278 3371; x_wconf 86' lang='grc' dir='ltr'>κροτοῦντας</span> <span class='ocrx_word' id='word_1_825' title='bbox 3296 3317 3310 3330; x_wconf 81' lang='grc'><em>’</em></span> <span class='ocrx_word' id='word_1_826' title='bbox 3346 3299 3497 3372; x_wconf 86' lang='grc'>[188]</span> <span class='ocrx_word' id='word_1_827' title='bbox 3523 3305 3634 3354; x_wconf 85' lang='lat' dir='ltr'>Ilo-</span> 
     </span>
    </p>
   </div>
   <div class='ocr_carea' id='block_1_103' title="bbox 2051 3382 3634 3455">
    <p class='ocr_par' dir='ltr' id='par_1_103' title="bbox 2051 3382 3634 3455">
     <span class='ocr_line' id='line_1_104' title="bbox 2051 3382 3634 3455; baseline 0.001 -18"><span class='ocrx_word' id='word_1_828' title='bbox 2051 3384 2244 3454; x_wconf 78' lang='grc' dir='ltr'>ταμοί,</span> <span class='ocrx_word' id='word_1_829' title='bbox 2281 3385 2415 3455; x_wconf 77' lang='grc' dir='ltr'>φησί</span> <span class='ocrx_word' id='word_1_830' title='bbox 2436 3425 2449 3446; x_wconf 88' lang='grc'>,</span> <span class='ocrx_word' id='word_1_831' title='bbox 2479 3384 2851 3454; x_wconf 76' lang='grc' dir='ltr'>κροτήσουσι</span> <span class='ocrx_word' id='word_1_832' title='bbox 2880 3385 3029 3453; x_wconf 74' lang='grc' dir='ltr'>χειρὶ</span> <span class='ocrx_word' id='word_1_833' title='bbox 3057 3382 3156 3436; x_wconf 75' lang='grc' dir='ltr'>ἐπὶ</span> <span class='ocrx_word' id='word_1_834' title='bbox 3186 3383 3255 3436; x_wconf 88' lang='grc' dir='ltr'>τὸ</span> <span class='ocrx_word' id='word_1_835' title='bbox 3288 3384 3438 3438; x_wconf 82' lang='grc' dir='ltr'>αὑτό</span> <span class='ocrx_word' id='word_1_836' title='bbox 3463 3400 3478 3414; x_wconf 75' lang='grc' dir='ltr'><strong><em>ο</em></strong></span> <span class='ocrx_word' id='word_1_837' title='bbox 3513 3385 3541 3437; x_wconf 88' lang='lat'>6</span> <span class='ocrx_word' id='word_1_838' title='bbox 3576 3383 3634 3438; x_wconf 65' lang='grc' dir='ltr'>δὲ</span> 
     </span>
    </p>
   </div>
   <div class='ocr_carea' id='block_1_104' title="bbox 2063 3466 3634 3538">
    <p class='ocr_par' dir='ltr' id='par_1_104' title="bbox 2063 3466 3634 3538">
     <span class='ocr_line' id='line_1_105' title="bbox 2063 3466 3634 3538; baseline 0 -18"><span class='ocrx_word' id='word_1_839' title='bbox 2063 3466 2291 3532; x_wconf 82' lang='grc' dir='ltr'>Ἦσαῖας</span> <span class='ocrx_word' id='word_1_840' title='bbox 2310 3507 2325 3533; x_wconf 92' lang='grc'>,</span> <span class='ocrx_word' id='word_1_841' title='bbox 2353 3468 2444 3520; x_wconf 75' lang='grc' dir='ltr'>καὶ</span> <span class='ocrx_word' id='word_1_842' title='bbox 2473 3467 2668 3538; x_wconf 89' lang='grc' dir='ltr'>δένδρα</span> <span class='ocrx_word' id='word_1_843' title='bbox 2688 3466 2847 3520; x_wconf 89' lang='grc' dir='ltr'>τοῦτο</span> <span class='ocrx_word' id='word_1_844' title='bbox 2873 3467 3128 3521; x_wconf 88' lang='grc' dir='ltr'>ποιοῦντα</span> <span class='ocrx_word' id='word_1_845' title='bbox 3159 3467 3368 3536; x_wconf 85' lang='grc' dir='ltr'>εἰσάγει</span> <span class='ocrx_word' id='word_1_846' title='bbox 3394 3478 3440 3530; x_wconf 75' lang='grc' dir='ltr'>ο,</span> <span class='ocrx_word' id='word_1_847' title='bbox 3472 3467 3634 3532; x_wconf 89' lang='grc' dir='ltr'>αὐτὸς</span> 
     </span>
    </p>
   </div>
   <div class='ocr_carea' id='block_1_105' title="bbox 2049 3542 3633 3622">
    <p class='ocr_par' dir='ltr' id='par_1_105' title="bbox 2049 3542 3633 3622">
     <span class='ocr_line' id='line_1_106' title="bbox 2049 3542 3633 3622; baseline 0.001 -20"><span class='ocrx_word' id='word_1_848' title='bbox 2049 3549 2106 3602; x_wconf 81' lang='grc' dir='ltr'>δὲ</span> <span class='ocrx_word' id='word_1_849' title='bbox 2134 3542 2288 3613; x_wconf 80' lang='grc' dir='ltr'>οὗτος</span> <span class='ocrx_word' id='word_1_850' title='bbox 2313 3548 2496 3615; x_wconf 83' lang='grc' dir='ltr'>πάλιν,</span> <span class='ocrx_word' id='word_1_851' title='bbox 2527 3552 2622 3603; x_wconf 84' lang='grc' dir='ltr'>καὶ</span> <span class='ocrx_word' id='word_1_852' title='bbox 2645 3549 2745 3620; x_wconf 79' lang='grc' dir='ltr'>ὅρη</span> <span class='ocrx_word' id='word_1_853' title='bbox 2774 3550 3104 3621; x_wconf 84' lang='grc' dir='ltr'>σκιρτῶντα,</span> <span class='ocrx_word' id='word_1_854' title='bbox 3134 3552 3230 3604; x_wconf 70' lang='grc' dir='ltr'>καὶ</span> <span class='ocrx_word' id='word_1_855' title='bbox 3253 3551 3475 3622; x_wconf 82' lang='grc' dir='ltr'>βουνοὺς</span> <span class='ocrx_word' id='word_1_856' title='bbox 3494 3592 3509 3615; x_wconf 95' lang='grc'>,</span> <span class='ocrx_word' id='word_1_857' title='bbox 3534 3551 3633 3621; x_wconf 90' lang='grc' dir='ltr'>οὑχ</span> 
     </span>
    </p>
   </div>
   <div class='ocr_carea' id='block_1_106' title="bbox 2052 3636 3631 3710">
    <p class='ocr_par' dir='ltr' id='par_1_106' title="bbox 2052 3636 3631 3710">
     <span class='ocr_line' id='line_1_107' title="bbox 2052 3636 3631 3710; baseline 0.002 -21"><span class='ocrx_word' id='word_1_858' title='bbox 2052 3637 2139 3690; x_wconf 74' lang='grc' dir='ltr'>ἵνα</span> <span class='ocrx_word' id='word_1_859' title='bbox 2166 3637 2326 3692; x_wconf 88' lang='grc' dir='ltr'>τοῦτο</span> <span class='ocrx_word' id='word_1_860' title='bbox 2353 3639 2667 3709; x_wconf 79' lang='grc' dir='ltr'>νοήσωμεν,</span> <span class='ocrx_word' id='word_1_861' title='bbox 2699 3638 2781 3690; x_wconf 80' lang='grc' dir='ltr'>ὅτι</span> <span class='ocrx_word' id='word_1_862' title='bbox 2812 3636 2879 3690; x_wconf 88' lang='grc' dir='ltr'>τά</span> <span class='ocrx_word' id='word_1_863' title='bbox 2912 3637 3013 3710; x_wconf 79' lang='grc' dir='ltr'>ὅρη</span> <span class='ocrx_word' id='word_1_864' title='bbox 3043 3641 3271 3709; x_wconf 78' lang='grc' dir='ltr'>σκιρτᾷ,</span> <span class='ocrx_word' id='word_1_865' title='bbox 3301 3639 3393 3692; x_wconf 79' lang='grc' dir='ltr'>καὶ</span> <span class='ocrx_word' id='word_1_866' title='bbox 3422 3640 3471 3692; x_wconf 90' lang='grc' dir='ltr'>οί</span> <span class='ocrx_word' id='word_1_867' title='bbox 3504 3639 3631 3709; x_wconf 81' lang='grc' dir='ltr'>βου-</span> 
     </span>
    </p>
   </div>
   <div class='ocr_carea' id='block_1_107' title="bbox 2051 3720 3632 3794">
    <p class='ocr_par' dir='ltr' id='par_1_107' title="bbox 2051 3720 3632 3794">
     <span class='ocr_line' id='line_1_108' title="bbox 2051 3720 3632 3794; baseline 0.001 -21"><span class='ocrx_word' id='word_1_868' title='bbox 2051 3722 2132 3773; x_wconf 88' lang='grc' dir='ltr'>νο“ι</span> <span class='ocrx_word' id='word_1_869' title='bbox 2151 3759 2165 3784; x_wconf 93' lang='grc'>,</span> <span class='ocrx_word' id='word_1_870' title='bbox 2197 3721 2303 3774; x_wconf 81' lang='grc' dir='ltr'>οὐδ’</span> <span class='ocrx_word' id='word_1_871' title='bbox 2334 3721 2422 3775; x_wconf 80' lang='grc' dir='ltr'>ἵνα</span> <span class='ocrx_word' id='word_1_872' title='bbox 2448 3722 2727 3790; x_wconf 75' lang='grc' dir='ltr'>ποταμοὺς</span> <span class='ocrx_word' id='word_1_873' title='bbox 2750 3720 3081 3792; x_wconf 87' lang='grc' dir='ltr'>κροτοῦντας</span> <span class='ocrx_word' id='word_1_874' title='bbox 3099 3761 3114 3784; x_wconf 91' lang='grc'>,</span> <span class='ocrx_word' id='word_1_875' title='bbox 3142 3723 3175 3793; x_wconf 82' lang='grc' dir='ltr'><strong>ἢ</strong></span> <span class='ocrx_word' id='word_1_876' title='bbox 3202 3726 3389 3794; x_wconf 85' lang='grc' dir='ltr'>χεῖρας</span> <span class='ocrx_word' id='word_1_877' title='bbox 3408 3723 3632 3794; x_wconf 81' lang='grc' dir='ltr'>ἔχοντας</span> 
     </span>
    </p>
   </div>
   <div class='ocr_carea' id='block_1_108' title="bbox 2053 3802 3628 3876">
    <p class='ocr_par' dir='ltr' id='par_1_108' title="bbox 2053 3802 3628 3876">
     <span class='ocr_line' id='line_1_109' title="bbox 2053 3802 3628 3876; baseline 0.002 -22"><span class='ocrx_word' id='word_1_878' title='bbox 2053 3803 2230 3874; x_wconf 85' lang='grc' dir='ltr'>(τοῦτο</span> <span class='ocrx_word' id='word_1_879' title='bbox 2274 3802 2385 3875; x_wconf 79' lang='grc' dir='ltr'>γάρ</span> <span class='ocrx_word' id='word_1_880' title='bbox 2422 3804 2657 3873; x_wconf 75' lang='grc' dir='ltr'>ἐσχάτης</span> <span class='ocrx_word' id='word_1_881' title='bbox 2701 3803 2946 3873; x_wconf 89' lang='grc' dir='ltr'>ἀνοίας),</span> <span class='ocrx_word' id='word_1_882' title='bbox 2998 3804 3113 3857; x_wconf 87' lang='grc' dir='ltr'>ἀλλ’</span> <span class='ocrx_word' id='word_1_883' title='bbox 3154 3806 3242 3858; x_wconf 84' lang='grc' dir='ltr'>ῖνα</span> <span class='ocrx_word' id='word_1_884' title='bbox 3272 3807 3368 3876; x_wconf 84' lang='grc' dir='ltr'>τὴν</span> <span class='ocrx_word' id='word_1_885' title='bbox 3397 3806 3628 3875; x_wconf 78' lang='grc' dir='ltr'>ὑπερϐο-</span> 
     </span>
    </p>
   </div>
   <div class='ocr_carea' id='block_1_109' title="bbox 2049 3887 3632 3958">
    <p class='ocr_par' dir='ltr' id='par_1_109' title="bbox 2049 3887 3632 3958">
     <span class='ocr_line' id='line_1_110' title="bbox 2049 3887 3632 3958; baseline 0.001 -19"><span class='ocrx_word' id='word_1_886' title='bbox 2049 3887 2147 3958; x_wconf 80' lang='grc' dir='ltr'>λὴν</span> <span class='ocrx_word' id='word_1_887' title='bbox 2177 3887 2275 3958; x_wconf 78' lang='grc' dir='ltr'>τῆς</span> <span class='ocrx_word' id='word_1_888' title='bbox 2319 3888 2511 3958; x_wconf 79' lang='grc' dir='ltr'>ἡδονῆς</span> <span class='ocrx_word' id='word_1_889' title='bbox 2548 3887 2833 3958; x_wconf 86' lang='grc' dir='ltr'>μάθωμεν.</span> <span class='ocrx_word' id='word_1_890' title='bbox 2863 3888 3021 3941; x_wconf 82' lang='grc' dir='ltr'>υῦτω</span> <span class='ocrx_word' id='word_1_891' title='bbox 3053 3889 3117 3958; x_wconf 85' lang='grc' dir='ltr'>δὴ</span> <span class='ocrx_word' id='word_1_892' title='bbox 3147 3889 3241 3942; x_wconf 72' lang='grc' dir='ltr'>καὶ</span> <span class='ocrx_word' id='word_1_893' title='bbox 3276 3890 3366 3942; x_wconf 73' lang='grc' dir='ltr'>ἐπὶ</span> <span class='ocrx_word' id='word_1_894' title='bbox 3404 3889 3513 3941; x_wconf 88' lang='grc' dir='ltr'>τῶν</span> <span class='ocrx_word' id='word_1_895' title='bbox 3543 3890 3632 3941; x_wconf 84' lang='grc' dir='ltr'>ἀν-</span> 
     </span>
    </p>
   </div>
   <div class='ocr_carea' id='block_1_110' title="bbox 2051 3968 3626 4042">
    <p class='ocr_par' dir='ltr' id='par_1_110' title="bbox 2051 3968 3626 4042">
     <span class='ocr_line' id='line_1_111' title="bbox 2051 3968 3626 4042; baseline 0.001 -19"><span class='ocrx_word' id='word_1_896' title='bbox 2051 3968 2284 4042; x_wconf 84' lang='grc' dir='ltr'>θρώπων</span> <span class='ocrx_word' id='word_1_897' title='bbox 2315 3971 2461 4023; x_wconf 76' lang='grc' dir='ltr'>ἔστιν</span> <span class='ocrx_word' id='word_1_898' title='bbox 2498 3970 2644 4022; x_wconf 84' lang='grc' dir='ltr'>ἰδεῖν.</span> <span class='ocrx_word' id='word_1_899' title='bbox 2687 3972 2796 4023; x_wconf 70' lang='grc' dir='ltr'>Καὶ</span> <span class='ocrx_word' id='word_1_900' title='bbox 2829 3970 2919 4023; x_wconf 75' lang='grc' dir='ltr'>διὰ</span> <span class='ocrx_word' id='word_1_901' title='bbox 2969 3972 3020 4023; x_wconf 88' lang='grc' dir='ltr'>τί</span> <span class='ocrx_word' id='word_1_902' title='bbox 3071 3973 3146 4041; x_wconf 81' lang='grc' dir='ltr'>μὴ</span> <span class='ocrx_word' id='word_1_903' title='bbox 3193 3968 3348 4035; x_wconf 82' lang='grc' dir='ltr'>εἷπε,</span> <span class='ocrx_word' id='word_1_904' title='bbox 3390 3972 3626 4041; x_wconf 82' lang='grc' dir='ltr'>Χάρητε,</span> 
     </span>
    </p>
   </div>
   <div class='ocr_carea' id='block_1_111' title="bbox 2050 4052 3628 4123">
    <p class='ocr_par' dir='ltr' id='par_1_111' title="bbox 2050 4052 3628 4123">
     <span class='ocr_line' id='line_1_112' title="bbox 2050 4052 3628 4123; baseline -0.001 -17"><span class='ocrx_word' id='word_1_905' title='bbox 2050 4055 2145 4106; x_wconf 75' lang='grc' dir='ltr'>καὶ</span> <span class='ocrx_word' id='word_1_906' title='bbox 2173 4054 2523 4123; x_wconf 87' lang='grc' dir='ltr'>σκιρτήσατε,</span> <span class='ocrx_word' id='word_1_907' title='bbox 2548 4052 2684 4105; x_wconf 88' lang='grc' dir='ltr'>ἀλλά</span> <span class='ocrx_word' id='word_1_908' title='bbox 2707 4052 3074 4120; x_wconf 78' lang='grc' dir='ltr'>Κροτήσατε,</span> <span class='ocrx_word' id='word_1_909' title='bbox 3101 4053 3215 4117; x_wconf 77' lang='grc' dir='ltr'>καὶ,</span> <span class='ocrx_word' id='word_1_910' title='bbox 3234 4054 3628 4116; x_wconf 55' lang='grc' dir='ltr'>Ἀλαλάξατω</span> 
     </span>
    </p>
   </div>
   <div class='ocr_carea' id='block_1_112' title="bbox 2051 4135 3623 4207">
    <p class='ocr_par' dir='ltr' id='par_1_112' title="bbox 2051 4135 3623 4207">
     <span class='ocr_line' id='line_1_113' title="bbox 2051 4135 3623 4207; baseline 0 -18"><span class='ocrx_word' id='word_1_911' title='bbox 2051 4137 2164 4207; x_wconf 85' lang='grc' dir='ltr'>Τὴν</span> <span class='ocrx_word' id='word_1_912' title='bbox 2227 4135 2347 4206; x_wconf 69' lang='grc' dir='ltr'>μεθ’</span> <span class='ocrx_word' id='word_1_913' title='bbox 2394 4135 2701 4207; x_wconf 79' lang='grc' dir='ltr'>ὑπερϐολῆς</span> <span class='ocrx_word' id='word_1_914' title='bbox 2759 4139 2892 4207; x_wconf 75' lang='grc' dir='ltr'>ἡμῖν</span> <span class='ocrx_word' id='word_1_915' title='bbox 2947 4137 3141 4207; x_wconf 80' lang='grc' dir='ltr'>ἡδονὴν</span> <span class='ocrx_word' id='word_1_916' title='bbox 3200 4137 3623 4207; x_wconf 72' lang='grc' dir='ltr'>ἐνδεικνύμενος.</span> 
     </span>
    </p>
   </div>
   <div class='ocr_carea' id='block_1_113' title="bbox 2051 4220 3626 4293">
    <p class='ocr_par' dir='ltr' id='par_1_113' title="bbox 2051 4220 3626 4293">
     <span class='ocr_line' id='line_1_114' title="bbox 2051 4220 3626 4293; baseline 0.002 -21"><span class='ocrx_word' id='word_1_917' title='bbox 2051 4221 2263 4291; x_wconf 83' lang='grc' dir='ltr'>’Ὠσπερ</span> <span class='ocrx_word' id='word_1_918' title='bbox 2292 4220 2401 4290; x_wconf 89' lang='grc' dir='ltr'>γὰρ</span> <span class='ocrx_word' id='word_1_919' title='bbox 2427 4220 2693 4290; x_wconf 86' lang='grc' dir='ltr'>Χριστὸς,</span> <span class='ocrx_word' id='word_1_920' title='bbox 2721 4222 2851 4274; x_wconf 84' lang='grc' dir='ltr'>ὅταν</span> <span class='ocrx_word' id='word_1_921' title='bbox 2883 4221 3047 4293; x_wconf 77' lang='grc' dir='ltr'>λέγῃ,</span> <span class='ocrx_word' id='word_1_922' title='bbox 3084 4221 3167 4275; x_wconf 81' lang='grc' dir='ltr'>Σὺ</span> <span class='ocrx_word' id='word_1_923' title='bbox 3216 4220 3285 4273; x_wconf 83' lang='grc' dir='ltr'>δὲ</span> <span class='ocrx_word' id='word_1_924' title='bbox 3331 4220 3475 4274; x_wconf 79' lang='grc' dir='ltr'>ὅταν</span> <span class='ocrx_word' id='word_1_925' title='bbox 3518 4238 3626 4289; x_wconf 76' lang='grc' dir='ltr'>νη-</span> 
     </span>
    </p>
   </div>
   <div class='ocr_carea' id='block_1_114' title="bbox 2050 4302 3628 4373">
    <p class='ocr_par' dir='ltr' id='par_1_114' title="bbox 2050 4302 3628 4373">
     <span class='ocr_line' id='line_1_115' title="bbox 2050 4302 3628 4373; baseline 0.001 -17"><span class='ocrx_word' id='word_1_926' title='bbox 2050 4303 2273 4371; x_wconf 78' lang='grc' dir='ltr'>στεύῃς</span> <span class='ocrx_word' id='word_1_927' title='bbox 2298 4303 2570 4373; x_wconf 58' lang='lat' dir='ltr'>ﬁlatde</span> <span class='ocrx_word' id='word_1_928' title='bbox 2598 4317 2715 4356; x_wconf 84' lang='grc' dir='ltr'>σου</span> <span class='ocrx_word' id='word_1_929' title='bbox 2747 4303 2861 4369; x_wconf 80' lang='grc' dir='ltr'>τὴν</span> <span class='ocrx_word' id='word_1_930' title='bbox 2887 4303 3192 4373; x_wconf 70' lang='grc' dir='ltr'>κεφαλὴν,</span> <span class='ocrx_word' id='word_1_931' title='bbox 3226 4302 3325 4356; x_wconf 80' lang='grc' dir='ltr'>καὶ</span> <span class='ocrx_word' id='word_1_932' title='bbox 3356 4303 3422 4356; x_wconf 84' lang='grc' dir='ltr'>τὸ</span> <span class='ocrx_word' id='word_1_933' title='bbox 3444 4305 3628 4370; x_wconf 83' lang='grc' dir='ltr'>πρόσ-</span> 
     </span>
    </p>
   </div>
   <div class='ocr_carea' id='block_1_115' title="bbox 2016 4386 3626 4456">
    <p class='ocr_par' dir='ltr' id='par_1_115' title="bbox 2016 4386 3626 4456">
     <span class='ocr_line' id='line_1_116' title="bbox 2016 4386 3626 4456; baseline 0 -17"><span class='ocrx_word' id='word_1_934' title='bbox 2016 4387 2215 4439; x_wconf 80' lang='grc' dir='ltr'>““ωπο’ν</span> <span class='ocrx_word' id='word_1_935' title='bbox 2270 4402 2386 4440; x_wconf 86' lang='grc' dir='ltr'>σου</span> <span class='ocrx_word' id='word_1_936' title='bbox 2433 4387 2606 4455; x_wconf 75' lang='grc' dir='ltr'>νίψαι</span> <span class='ocrx_word' id='word_1_937' title='bbox 2634 4427 2646 4448; x_wconf 82' lang='grc'>,</span> <span class='ocrx_word' id='word_1_938' title='bbox 2682 4388 2783 4441; x_wconf 86' lang='grc' dir='ltr'>οὐκ</span> <span class='ocrx_word' id='word_1_939' title='bbox 2838 4386 3067 4456; x_wconf 83' lang='grc' dir='ltr'>ἀλοιφὴν</span> <span class='ocrx_word' id='word_1_940' title='bbox 3112 4386 3322 4440; x_wconf 86' lang='grc' dir='ltr'>κελεύει</span> <span class='ocrx_word' id='word_1_941' title='bbox 3374 4387 3626 4452; x_wconf 85' lang='grc' dir='ltr'>γενέσθαι</span> 
     </span>
    </p>
   </div>
   <div class='ocr_carea' id='block_1_116' title="bbox 2052 4468 3628 4542">
    <p class='ocr_par' dir='ltr' id='par_1_116' title="bbox 2052 4468 3628 4542">
     <span class='ocr_line' id='line_1_117' title="bbox 2052 4468 3628 4542; baseline 0.001 -21"><span class='ocrx_word' id='word_1_942' title='bbox 2052 4468 2247 4539; x_wconf 76' lang='grc' dir='ltr'>(οὐδεὶς</span> <span class='ocrx_word' id='word_1_943' title='bbox 2275 4468 2382 4539; x_wconf 82' lang='grc' dir='ltr'>γὰρ</span> <span class='ocrx_word' id='word_1_944' title='bbox 2419 4469 2761 4539; x_wconf 83' lang='grc' dir='ltr'>ήμῶν-τοῦτο</span> <span class='ocrx_word' id='word_1_945' title='bbox 2788 4472 2948 4539; x_wconf 85' lang='grc' dir='ltr'>ποιεῖ)</span> <span class='ocrx_word' id='word_1_946' title='bbox 2972 4511 2986 4533; x_wconf 91' lang='grc'>,</span> <span class='ocrx_word' id='word_1_947' title='bbox 3023 4471 3160 4525; x_wconf 87' lang='grc' dir='ltr'>ἀλλά</span> <span class='ocrx_word' id='word_1_948' title='bbox 3191 4470 3292 4540; x_wconf 84' lang='grc' dir='ltr'>τὴν</span> <span class='ocrx_word' id='word_1_949' title='bbox 3321 4470 3511 4542; x_wconf 78' lang='grc' dir='ltr'>ἡδονὴν</span> <span class='ocrx_word' id='word_1_950' title='bbox 3539 4473 3628 4523; x_wconf 83' lang='grc' dir='ltr'>ὲν-</span> 
     </span>
    </p>
   </div>
   <div class='ocr_carea' id='block_1_117' title="bbox 2048 4552 3625 4626">
    <p class='ocr_par' dir='ltr' id='par_1_117' title="bbox 2048 4552 3625 4626">
     <span class='ocr_line' id='line_1_118' title="bbox 2048 4552 3625 4626; baseline 0.001 -20"><span class='ocrx_word' id='word_1_951' title='bbox 2048 4552 2379 4617; x_wconf 86' lang='grc' dir='ltr'>δείκνυσθαι,</span> <span class='ocrx_word' id='word_1_952' title='bbox 2411 4554 2505 4606; x_wconf 80' lang='grc' dir='ltr'>καὶ</span> <span class='ocrx_word' id='word_1_953' title='bbox 2533 4553 2594 4605; x_wconf 90' lang='grc' dir='ltr'>τὸ</span> <span class='ocrx_word' id='word_1_954' title='bbox 2621 4554 2844 4626; x_wconf 81' lang='grc' dir='ltr'>φαιδρὸν</span> <span class='ocrx_word' id='word_1_955' title='bbox 2874 4556 2973 4625; x_wconf 81' lang='grc' dir='ltr'>τῆς</span> <span class='ocrx_word' id='word_1_956' title='bbox 2996 4554 3233 4617; x_wconf 86' lang='grc' dir='ltr'>διανοίας</span> <span class='ocrx_word' id='word_1_957' title='bbox 3257 4554 3489 4622; x_wconf 87' lang='grc' dir='ltr'>(κελεύει</span> <span class='ocrx_word' id='word_1_958' title='bbox 3517 4554 3625 4623; x_wconf 83' lang='grc' dir='ltr'>γὰρ</span> 
     </span>
    </p>
   </div>
   <div class='ocr_carea' id='block_1_118' title="bbox 2048 4634 3625 4709">
    <p class='ocr_par' dir='ltr' id='par_1_118' title="bbox 2048 4634 3625 4709">
     <span class='ocr_line' id='line_1_119' title="bbox 2048 4634 3625 4709; baseline 0.001 -22"><span class='ocrx_word' id='word_1_959' title='bbox 2048 4634 2321 4705; x_wconf 88' lang='grc' dir='ltr'>γεγηθότα</span> <span class='ocrx_word' id='word_1_960' title='bbox 2347 4634 2662 4706; x_wconf 87' lang='grc' dir='ltr'>νηστεύειν,</span> <span class='ocrx_word' id='word_1_961' title='bbox 2707 4636 2781 4708; x_wconf 82' lang='grc' dir='ltr'>μὴ</span> <span class='ocrx_word' id='word_1_962' title='bbox 2836 4637 3350 4709; x_wconf 80' lang='grc' dir='ltr'>σκυθρωπάζοντα),</span> <span class='ocrx_word' id='word_1_963' title='bbox 3386 4637 3529 4691; x_wconf 76' lang='grc' dir='ltr'>οὕτω</span> <span class='ocrx_word' id='word_1_964' title='bbox 3560 4636 3625 4708; x_wconf 83' lang='grc' dir='ltr'>δὴ</span> 
     </span>
    </p>
   </div>
   <div class='ocr_carea' id='block_1_119' title="bbox 2048 4715 3623 4791">
    <p class='ocr_par' dir='ltr' id='par_1_119' title="bbox 2048 4715 3623 4791">
     <span class='ocr_line' id='line_1_120' title="bbox 2048 4715 3623 4791; baseline 0.002 -22"><span class='ocrx_word' id='word_1_965' title='bbox 2048 4717 2143 4770; x_wconf 80' lang='grc' dir='ltr'>καὶ</span> <span class='ocrx_word' id='word_1_966' title='bbox 2170 4715 2404 4771; x_wconf 78' lang='grc' dir='ltr'>ἐνταῦθα</span> <span class='ocrx_word' id='word_1_967' title='bbox 2445 4718 2507 4770; x_wconf 89' lang='grc' dir='ltr'>οὐ</span> <span class='ocrx_word' id='word_1_968' title='bbox 2549 4718 2708 4773; x_wconf 90' lang='grc' dir='ltr'>τοῦτο</span> <span class='ocrx_word' id='word_1_969' title='bbox 2740 4720 3087 4791; x_wconf 83' lang='grc' dir='ltr'>ἐπετάγημεν</span> <span class='ocrx_word' id='word_1_970' title='bbox 3112 4719 3251 4772; x_wconf 84' lang='grc' dir='ltr'>ὥστε</span> <span class='ocrx_word' id='word_1_971' title='bbox 3281 4723 3495 4791; x_wconf 86' lang='grc' dir='ltr'>κροτεῖν</span> <span class='ocrx_word' id='word_1_972' title='bbox 3523 4718 3623 4782; x_wconf 82' lang='grc' dir='ltr'>τὰς</span> 
     </span>
    </p>
   </div>
   <div class='ocr_carea' id='block_1_120' title="bbox 2047 4801 3618 4873">
    <p class='ocr_par' dir='ltr' id='par_1_120' title="bbox 2047 4801 3618 4873">
     <span class='ocr_line' id='line_1_121' title="bbox 2047 4801 3618 4873; baseline 0.003 -21"><span class='ocrx_word' id='word_1_973' title='bbox 2047 4802 2270 4872; x_wconf 88' lang='grc' dir='ltr'>χεῖρας,</span> <span class='ocrx_word' id='word_1_974' title='bbox 2303 4801 2416 4854; x_wconf 86' lang='grc' dir='ltr'>ἀλλ’</span> <span class='ocrx_word' id='word_1_975' title='bbox 2444 4801 2668 4872; x_wconf 77' lang='grc' dir='ltr'>ἥδεσθαι</span> <span class='ocrx_word' id='word_1_976' title='bbox 2688 4842 2702 4866; x_wconf 90' lang='grc'>,</span> <span class='ocrx_word' id='word_1_977' title='bbox 2748 4802 2843 4855; x_wconf 71' lang='grc' dir='ltr'>καὶ</span> <span class='ocrx_word' id='word_1_978' title='bbox 2874 4803 3264 4873; x_wconf 79' lang='grc' dir='ltr'>εὐφραίνεσθαι</span> <span class='ocrx_word' id='word_1_979' title='bbox 3303 4803 3618 4873; x_wconf 80' lang='grc' dir='ltr'>ψάλλοντες.</span> 
     </span>
    </p>
   </div>
   <div class='ocr_carea' id='block_1_121' title="bbox 2047 4884 3619 4957">
    <p class='ocr_par' dir='ltr' id='par_1_121' title="bbox 2047 4884 3619 4957">
     <span class='ocr_line' id='line_1_122' title="bbox 2047 4884 3619 4957; baseline -0.001 -20"><span class='ocrx_word' id='word_1_980' title='bbox 2047 4885 2281 4949; x_wconf 87' lang='grc' dir='ltr'>Δικαίως</span> <span class='ocrx_word' id='word_1_981' title='bbox 2306 4885 2352 4937; x_wconf 91' lang='grc' dir='ltr'>δ’</span> <span class='ocrx_word' id='word_1_982' title='bbox 2381 4885 2446 4939; x_wconf 81' lang='grc' dir='ltr'>ἄν</span> <span class='ocrx_word' id='word_1_983' title='bbox 2471 4903 2553 4950; x_wconf 85' lang='grc' dir='ltr'>τις</span> <span class='ocrx_word' id='word_1_984' title='bbox 2580 4887 2672 4939; x_wconf 90' lang='grc' dir='ltr'>τὸν</span> <span class='ocrx_word' id='word_1_985' title='bbox 2699 4885 2911 4957; x_wconf 82' lang='grc' dir='ltr'>ψαλμὸν</span> <span class='ocrx_word' id='word_1_986' title='bbox 2937 4887 3078 4940; x_wconf 89' lang='grc' dir='ltr'>κατά</span> <span class='ocrx_word' id='word_1_987' title='bbox 3109 4887 3398 4954; x_wconf 82' lang='grc' dir='ltr'>ἀναγωγὴν</span> <span class='ocrx_word' id='word_1_988' title='bbox 3422 4884 3619 4954; x_wconf 83' lang='grc' dir='ltr'>μᾶλλον</span> 
     </span>
    </p>
   </div>
   <div class='ocr_carea' id='block_1_122' title="bbox 2047 4968 3622 5042">
    <p class='ocr_par' dir='ltr' id='par_1_122' title="bbox 2047 4968 3622 5042">
     <span class='ocr_line' id='line_1_123' title="bbox 2047 4968 3622 5042; baseline 0.001 -22"><span class='ocrx_word' id='word_1_989' title='bbox 2047 4968 2300 5034; x_wconf 81' lang='grc' dir='ltr'>ὲκλάϐοι,</span> <span class='ocrx_word' id='word_1_990' title='bbox 2335 4968 2436 5039; x_wconf 85' lang='grc' dir='ltr'>τῆς</span> <span class='ocrx_word' id='word_1_991' title='bbox 2485 4970 2722 5040; x_wconf 84' lang='grc' dir='ltr'>ἱστορίας</span> <span class='ocrx_word' id='word_1_992' title='bbox 2761 4969 3031 5042; x_wconf 85' lang='grc' dir='ltr'>ἀνώτερος</span> <span class='ocrx_word' id='word_1_993' title='bbox 3078 4969 3388 5039; x_wconf 83' lang='grc' dir='ltr'>γενόμενος.</span> <span class='ocrx_word' id='word_1_994' title='bbox 3420 4969 3483 5020; x_wconf 89' lang='grc' dir='ltr'>Εἰ</span> <span class='ocrx_word' id='word_1_995' title='bbox 3515 4968 3622 5038; x_wconf 87' lang='grc' dir='ltr'>γὰρ</span> 
     </span>
    </p>
   </div>
   <div class='ocr_carea' id='block_1_123' title="bbox 2047 5050 3618 5126">
    <p class='ocr_par' dir='ltr' id='par_1_123' title="bbox 2047 5050 3618 5126">
     <span class='ocr_line' id='line_1_124' title="bbox 2047 5050 3618 5126; baseline -0.004 -20"><span class='ocrx_word' id='word_1_996' title='bbox 2047 5055 2141 5106; x_wconf 75' lang='grc' dir='ltr'>καὶ</span> <span class='ocrx_word' id='word_1_997' title='bbox 2151 5053 2249 5125; x_wconf 83' lang='grc' dir='ltr'>τὴν</span> <span class='ocrx_word' id='word_1_998' title='bbox 2276 5054 2450 5126; x_wconf 81' lang='grc' dir='ltr'>ἀρχὴν</span> <span class='ocrx_word' id='word_1_999' title='bbox 2466 5054 2560 5108; x_wconf 74' lang='grc' dir='ltr'>καὶ</span> <span class='ocrx_word' id='word_1_1000' title='bbox 2571 5054 2632 5107; x_wconf 92' lang='grc' dir='ltr'>τὸ</span> <span class='ocrx_word' id='word_1_1001' title='bbox 2643 5054 2924 5124; x_wconf 90' lang='grc' dir='ltr'>προοίμιον</span> <span class='ocrx_word' id='word_1_1002' title='bbox 2940 5052 3050 5107; x_wconf 88' lang='grc' dir='ltr'>ἀπὸ</span> <span class='ocrx_word' id='word_1_1003' title='bbox 3068 5051 3176 5105; x_wconf 89' lang='grc' dir='ltr'>τῶν</span> <span class='ocrx_word' id='word_1_1004' title='bbox 3192 5050 3464 5121; x_wconf 88' lang='grc' dir='ltr'>αἰσθητῶν</span> <span class='ocrx_word' id='word_1_1005' title='bbox 3487 5051 3618 5119; x_wconf 77' lang='grc' dir='ltr'>ἔχει,</span> 
     </span>
    </p>
   </div>
   <div class='ocr_carea' id='block_1_124' title="bbox 2045 5128 3710 5210">
    <p class='ocr_par' dir='ltr' id='par_1_124' title="bbox 2045 5128 3710 5210">
     <span class='ocr_line' id='line_1_125' title="bbox 2045 5128 3710 5210; baseline -0.005 -19"><span class='ocrx_word' id='word_1_1006' title='bbox 2045 5138 2160 5191; x_wconf 80' lang='grc' dir='ltr'>ἀλλ’</span> <span class='ocrx_word' id='word_1_1007' title='bbox 2188 5139 2335 5210; x_wconf 81' lang='grc' dir='ltr'>ὅμως</span> <span class='ocrx_word' id='word_1_1008' title='bbox 2361 5139 2453 5192; x_wconf 82' lang='grc' dir='ltr'>ὲπὶ</span> <span class='ocrx_word' id='word_1_1009' title='bbox 2481 5138 2553 5192; x_wconf 89' lang='grc' dir='ltr'>τά</span> <span class='ocrx_word' id='word_1_1010' title='bbox 2598 5137 2765 5208; x_wconf 87' lang='grc' dir='ltr'>νοητά</span> <span class='ocrx_word' id='word_1_1011' title='bbox 2809 5138 3142 5207; x_wconf 86' lang='grc' dir='ltr'>χειραγωγεῖ</span> <span class='ocrx_word' id='word_1_1012' title='bbox 3178 5135 3271 5187; x_wconf 89' lang='grc' dir='ltr'>τὸν</span> <span class='ocrx_word' id='word_1_1013' title='bbox 3323 5134 3618 5203; x_wconf 76' lang='grc' dir='ltr'>ἀκροατήν.</span> <span class='ocrx_word' id='word_1_1014' title='bbox 3697 5128 3710 5135; x_wconf 61' lang='grc'><strong><em>”</em></strong></span> 
     </span>
    </p>
   </div>
   <div class='ocr_carea' id='block_1_125' title="bbox 2118 5214 3623 5294">
    <p class='ocr_par' dir='ltr' id='par_1_125' title="bbox 2118 5214 3623 5294">
     <span class='ocr_line' id='line_1_126' title="bbox 2118 5214 3623 5294; baseline -0.005 -18"><span class='ocrx_word' id='word_1_1015' title='bbox 2118 5223 2294 5293; x_wconf 83' lang='grc' dir='ltr'>Ὅπερ</span> <span class='ocrx_word' id='word_1_1016' title='bbox 2341 5223 2450 5294; x_wconf 80' lang='grc' dir='ltr'>γὰρ</span> <span class='ocrx_word' id='word_1_1017' title='bbox 2484 5221 2578 5277; x_wconf 80' lang='grc' dir='ltr'>καὶ</span> <span class='ocrx_word' id='word_1_1018' title='bbox 2615 5220 2923 5292; x_wconf 72' lang='grc' dir='ltr'>ἔμπροσθεν</span> <span class='ocrx_word' id='word_1_1019' title='bbox 2971 5214 3160 5286; x_wconf 80' lang='grc' dir='ltr'>εἷπον,</span> <span class='ocrx_word' id='word_1_1020' title='bbox 3191 5216 3350 5270; x_wconf 87' lang='grc' dir='ltr'>τοῦτο</span> <span class='ocrx_word' id='word_1_1021' title='bbox 3399 5216 3490 5270; x_wconf 78' lang='grc' dir='ltr'>καὶ</span> <span class='ocrx_word' id='word_1_1022' title='bbox 3528 5216 3623 5273; x_wconf 79' lang='grc' dir='ltr'>νῦν</span> 
     </span>
    </p>
   </div>
   <div class='ocr_carea' id='block_1_126' title="bbox 2110 5392 3617 5466">
    <p class='ocr_par' dir='ltr' id='par_1_126' title="bbox 2110 5392 3617 5466">
     <span class='ocr_line' id='line_1_127' title="bbox 2110 5392 3617 5466; baseline -0.001 -22"><span class='ocrx_word' id='word_1_1023' title='bbox 2110 5398 2132 5426; x_wconf 69' lang='grc' dir='ltr'><strong><em>ο</em></strong></span> <span class='ocrx_word' id='word_1_1024' title='bbox 2157 5396 2282 5466; x_wconf 64' lang='lat' dir='ltr'>Beg.</span> <span class='ocrx_word' id='word_1_1025' title='bbox 2310 5408 2436 5466; x_wconf 67' lang='lat' dir='ltr'>opus</span> <span class='ocrx_word' id='word_1_1026' title='bbox 2838 5393 3030 5466; x_wconf 47' lang='grc' dir='ltr'>’ῥλλοῇ</span> <span class='ocrx_word' id='word_1_1027' title='bbox 3056 5392 3617 5466; x_wconf 44' lang='grc' dir='ltr'>εὐφημῄσῃ..⁹ῌτερος,</span> 
     </span>
    </p>
   </div>
   <div class='ocr_carea' id='block_1_127' title="bbox 2046 5454 3618 5528">
    <p class='ocr_par' dir='ltr' id='par_1_127' title="bbox 2046 5454 3618 5528">
     <span class='ocr_line' id='line_1_128' title="bbox 2046 5454 3618 5528; baseline 0.001 -23"><span class='ocrx_word' id='word_1_1028' title='bbox 2046 5454 2422 5528; x_wconf 54' lang='grc' dir='ltr'>ςημάνᾷε;.ὃτι.</span> <span class='ocrx_word' id='word_1_1029' title='bbox 2469 5454 2600 5528; x_wconf 44' lang='lat' dir='ltr'>[llud</span> <span class='ocrx_word' id='word_1_1030' title='bbox 2620 5464 2785 5506; x_wconf 75' lang='lat' dir='ltr'>autem</span> <span class='ocrx_word' id='word_1_1031' title='bbox 2825 5454 3148 5518; x_wconf 71' lang='grc' dir='ltr'>εὖφημήσατε,</span> <span class='ocrx_word' id='word_1_1032' title='bbox 3175 5462 3230 5504; x_wconf 68' lang='lat' dir='ltr'>ut.</span> <span class='ocrx_word' id='word_1_1033' title='bbox 3272 5454 3420 5505; x_wconf 70' lang='lat' dir='ltr'>lectio</span> <span class='ocrx_word' id='word_1_1034' title='bbox 3442 5454 3618 5506; x_wconf 64' lang='lat' dir='ltr'>iaciam</span> 
     </span>
    </p>
   </div>
   <div class='ocr_carea' id='block_1_128' title="bbox 2046 5517 3623 5641">
    <p class='ocr_par' dir='ltr' id='par_1_128' title="bbox 2046 5517 3623 5641">
     <span class='ocr_line' id='line_1_129' title="bbox 2046 5517 2896 5578; baseline -0.007 -9"><span class='ocrx_word' id='word_1_1035' title='bbox 2046 5517 2207 5569; x_wconf 70' lang='lat' dir='ltr'>fer&#39;lur</span> <span class='ocrx_word' id='word_1_1036' title='bbox 2224 5519 2274 5566; x_wconf 77' lang='lat' dir='ltr'><strong>in</strong></span> <span class='ocrx_word' id='word_1_1037' title='bbox 2296 5517 2548 5578; x_wconf 76' lang='lat' dir='ltr'>Hexaplis.</span> <span class='ocrx_word' id='word_1_1038' title='bbox 2891 5517 2896 5518; x_wconf 62' lang='lat'><em>&#39;</em></span> 
     </span>
     <span class='ocr_line' id='line_1_130' title="bbox 2108 5576 3623 5641; baseline 0.001 -12"><span class='ocrx_word' id='word_1_1039' title='bbox 2108 5578 2136 5618; x_wconf 76' lang='grc' dir='ltr'>ἀ</span> <span class='ocrx_word' id='word_1_1040' title='bbox 2158 5580 2238 5629; x_wconf 84' lang='lat' dir='ltr'>Sic</span> <span class='ocrx_word' id='word_1_1041' title='bbox 2257 5591 2373 5629; x_wconf 82' lang='lat' dir='ltr'>mss.</span> <span class='ocrx_word' id='word_1_1042' title='bbox 2418 5584 2473 5628; x_wconf 73' lang='lat' dir='ltr'>et</span> <span class='ocrx_word' id='word_1_1043' title='bbox 2491 5577 2663 5638; x_wconf 81' lang='lat' dir='ltr'>Savil.;</span> <span class='ocrx_word' id='word_1_1044' title='bbox 2710 5576 2882 5626; x_wconf 73' lang='lat' dir='ltr'>Morel.</span> <span class='ocrx_word' id='word_1_1045' title='bbox 2922 5588 3039 5627; x_wconf 79' lang='lat' dir='ltr'>vero</span> <span class='ocrx_word' id='word_1_1046' title='bbox 3057 5578 3084 5626; x_wconf 86' lang='lat'>6</span> <span class='ocrx_word' id='word_1_1047' title='bbox 3105 5577 3261 5641; x_wconf 74' lang='grc' dir='ltr'>λόγος,</span> <span class='ocrx_word' id='word_1_1048' title='bbox 3287 5581 3369 5629; x_wconf 81' lang='grc' dir='ltr'>καὶ</span> <span class='ocrx_word' id='word_1_1049' title='bbox 3390 5579 3499 5629; x_wconf 82' lang='grc' dir='ltr'>τίνα</span> <span class='ocrx_word' id='word_1_1050' title='bbox 3534 5579 3623 5639; x_wconf 63' lang='grc' dir='ltr'>τὴν</span> 
     </span>
    </p>
   </div>
   <div class='ocr_carea' id='block_1_129' title="bbox 2047 5643 2997 5765">
    <p class='ocr_par' dir='ltr' id='par_1_129' title="bbox 2047 5643 2997 5765">
     <span class='ocr_line' id='line_1_131' title="bbox 2047 5643 2997 5765; baseline -0.002 -14"><span class='ocrx_word' id='word_1_1051' title='bbox 2047 5643 2293 5765; x_wconf 45' lang='grc' dir='ltr'>ὀλῖλῗῖἒέί</span> <span class='ocrx_word' id='word_1_1052' title='bbox 2319 5713 2444 5752; x_wconf 85' lang='lat' dir='ltr'><strong>unus</strong></span> <span class='ocrx_word' id='word_1_1053' title='bbox 2468 5707 2521 5750; x_wconf 79' lang='lat' dir='ltr'><strong>et</strong></span> <span class='ocrx_word' id='word_1_1054' title='bbox 2551 5700 2701 5750; x_wconf 75' lang='lat' dir='ltr'>Savil.</span> <span class='ocrx_word' id='word_1_1055' title='bbox 2724 5700 2997 5764; x_wconf 73' lang='grc' dir='ltr'>παρίστησι.</span> 
     </span>
    </p>
   </div>
  </div>
