4086 6268
451 318 557 373 επις»

444 437 557 509 ἐρῶ
574 455 588 468 '
617 440 688 493 τά
710 438 807 511 μὲν
830 439 904 503 ὡς
931 438 1143 512 εἴρηται
1164 441 1479 512 ἐκληπτέον,
1512 441 1578 496 τὰ
1606 441 1662 495 δέ
1686 441 2014 505 ἀπεναντίας

445 530 556 591 τοῖς
569 527 862 597 κειμένοις,
891 524 1002 581 οἷον
1026 527 1101 591 ὡς
1128 527 1241 598 ἔχει
1270 528 1354 582 ἐπ’
1388 529 1621 582 ἐκείνου·
1657 532 1882 583 Λύκοιι
1917 528 2017 582 καὶ

401 648 406 671 ι
445 615 626 683 ἄρνες
649 615 767 685 ἅμα
797 616 1313 684 βοσκηθοὶσονται.
1345 618 1421 670 Οὐ
1451 618 1560 688 γάρ
1588 617 1652 687 δὴ
1693 614 1887 680 λύκους
1916 615 2012 668 καὶ

448 703 619 774 ἄρνας
650 702 1016 774 ἐκληψόμεθα,
1045 704 1165 757 οὐδὲ
1195 704 1370 775 ἄχυρα
1392 746 1407 770 ,
1441 706 1537 757 καὶ
1564 704 1690 774 βοῦν
1718 744 1733 767 ,
1762 703 1856 756 καὶ
1882 701 2018 755 ταῦ-

453 806 567 862 ρον,
598 789 734 843 ἀλλά
755 790 822 844 τά
845 790 954 843 τῶν
977 790 1276 862 ἀνθρώπιον
1292 791 1397 861 ήθη
1426 791 1514 844 διά
1535 792 1634 860 τῆς
1676 790 1785 843 τῶν
1810 787 2020 859 ἀλόγων

453 878 659 940 εἰκόνος
681 878 1173 949 χαρακτηρίξομεν-
1200 877 1269 931 τά
1283 877 1339 931 δὲ
1356 878 1497 931 κατά
1511 877 1703 948 διπλῆν
1727 876 1948 947 ἐκδοχὴν
1966 874 2017 940 δ,

452 966 521 1018 τά
545 981 605 1017 τε
640 964 872 1035 αἰσθητά
903 966 1177 1029 νοοῦντες,
1207 965 1302 1019 καὶ
1338 966 1404 1018 τὰ
1443 966 1608 1035 νοητά
1645 963 2018 1033 ἐκδεχόμενοι*

454 1049 642 1123 ὥσπερ
682 1051 776 1105 ἐπὶ
823 1052 924 1121 τῆς
972 1052 1261 1122 ἀναγωγῆς
1310 1051 1403 1104 τοῦ
1460 1050 1576 1104 υίοῦ
1610 1049 1703 1103 τοῦ
1749 1048 2019 1121 Ἀϐραάμ.

456 1139 578 1191 Ὅτι
609 1139 717 1209 γάρ
745 1139 773 1191 6
800 1139 915 1203 υἱὸς
946 1139 1213 1210 ἀνηνέχθη
1243 1141 1417 1209 ίσμεν,
1456 1139 1550 1191 καὶ
1577 1137 1763 1208 ⁶ἕτερόν
1792 1155 1843 1189 τι
1866 1137 2024 1204 ἐγκε-

456 1227 769 1296 κρυμμένον
799 1225 875 1296 τῷ
907 1227 1135 1297 νοήματι
1168 1226 1463 1295 ἐκλέγομεν
1496 1226 1583 1279 διὰ
1618 1224 1712 1278 τοῦ
1742 1225 1861 1277 υίοῦ
1884 1265 1899 1287 ,
1931 1223 2022 1277 τὸν

458 1312 707 1383 σταυρόν.
735 1314 840 1366 Καὶ
884 1312 980 1366 ἐπὶ
1009 1312 1101 1384 τοῦ
1132 1312 1405 1384 προϐάτου
1433 1312 1490 1364 δέ
1527 1309 1621 1365 τοῦ
1651 1313 1709 1365 ἐν
1742 1310 2023 1382 Αἰγύπτῳ,

459 1381 620 1451 πάλιν
638 1399 836 1469 ὁμοίως
862 1398 957 1452 τοῦ
981 1381 1186 1463 πάθους
1204 1400 1304 1471 τὴν
1323 1398 1508 1451 εἰκόνα
1529 1381 2022 1469 χαρακτηρίζομεν.

459 1485 629 1538 Τοῦτο
663 1486 726 1558 δὴ
760 1488 851 1540 καὶ
882 1486 1117 1541 ἐνταῦθα
1164 1490 1336 1541 ποιεῖν
1382 1488 1511 1559 χρή.
1553 1487 1688 1540 Οὐδὲ
1731 1487 1839 1559 γάρ
1896 1487 2028 1557 περὶ

471 1573 715 1643 Ἀράϐων
761 1574 948 1639 ἁπλῶς
978 1576 1007 1629 6
1057 1575 1243 1644 λόγος,
1274 1578 1369 1630 καί
1406 1576 1516 1628 τῶν
1561 1575 1817 1643 γειτόνων
1837 1616 1854 1639 ,
1893 1573 2028 1628 ἀλλὰ

460 1660 639 1714 πάντα
663 1661 730 1714 τὰ
762 1662 888 1734 ἔθνη
916 1663 1090 1717 καλεῖ.
1128 1665 1255 1718 Ὅτι
1282 1663 1497 1731 Κύριος
1533 1662 1819 1731 ὕψιστος,
1857 1662 2030 1731 φοϐε-

454 1749 598 1816 ρὸς,
632 1750 933 1817 ,βασιλεὺς
967 1750 1155 1820 μέγας
1195 1750 1295 1804 ἐπὶ
1332 1751 1539 1805 πᾶσαν
1576 1748 1692 1815 τὴν
1724 1747 1861 1818 τῆν.
1908 1750 2029 1801 Ἀν-

464 1835 644 1905 ίστησι
668 1837 847 1889 τοίνυν
879 1840 943 1891 ἐκ
973 1839 1272 1909 προοιμίων
1314 1837 1405 1891 τὸν
1444 1837 1742 1908 ἀκροατὴν,
1775 1836 1909 1907 πρὸς
1939 1853 2029 1889 το-

462 1924 652 1976 σοῦτον
675 1924 837 1992 δγκον
866 1924 1208 1993 Εὐαγγελίων
1242 1923 1424 1978 καλῶν
1448 1963 1463 1989 ,
1491 1925 1586 1978 καὶ
1618 1923 1756 1994 πρὸς
1790 1923 1888 1995 τὴν
1932 1924 2032 1995 τῆς

461 2012 785 2082 οἰκουμένης
820 2014 1144 2084 πανήγυριν,
1171 2013 1263 2067 καὶ
1298 2012 1447 2066 Θείαν
1470 2012 1594 2066 τινὰ
1614 2013 1709 2065 καὶ
1734 2029 2032 2083 πνευματι-

460 2099 565 2166 κὴν
587 2097 777 2170 ἐορτὴν
795 2140 810 2165 ,
838 2099 932 2152 καὶ
963 2098 1063 2170 τήν
1095 2103 1161 2153 ἐκ
1188 2099 1300 2153 τῶν
1329 2100 1574 2170 οὐρανῶν
1617 2100 2033 2171 κατενεχθεῖσαν

464 2187 872 2255 μυσταγωγίαν.
903 2188 1003 2240 Διά
1033 2187 1097 2256 δὴ
1120 2186 1295 2251 τοῦτο,
1322 2187 1688 2254 Κροτήσατε.
1717 2188 1883 2259 φησί·
1911 2205 2031 2244 του-

460 2269 613 2322 τέστι
641 2307 657 2330 ,
686 2270 889 2340 χάρητε
914 2310 928 2332 ,
960 2271 1309 2340 σκιρτήσατε.
1340 2270 1449 2323 Καὶ
1480 2269 1589 2343 γάρ
1618 2270 1712 2324 καὶ
1745 2273 1775 2324 6
1803 2271 2034 2340 εὐαγγε-

460 2350 613 2414 λικὺς
655 2351 812 2420 λόγος
850 2351 1006 2405 τοῦτο
1053 2351 1485 2422 παρακελεύεται
1536 2351 1712 2421 λέγων
1735 2393 1754 2419 ,
1794 2352 2036 2421 Σκιρτή-

461 2448 641 2486 σατε·
672 2434 735 2485 οὐ
771 2434 987 2495 πάντως
1025 2434 1529 2504 παρακελευόμενος
1557 2434 1907 2500 ἐξάλλεσθαι,
1939 2435 2035 2488 καὶ

463 2515 642 2585 πηδᾷν
665 2514 856 2585 (τοῦτο
890 2515 1000 2585 γὰρ
1037 2515 1421 2587 ἀνελεύθερον)
1443 2554 1458 2579 ,
1483 2516 1619 2570 ἀλλά
1646 2516 1746 2582 τῆς
1771 2518 1947 2587 χαρᾶς
1975 2516 2035 2570 τὸ

463 2596 851 2666 ἐπιτεταμένον
879 2596 1077 2668 δηλῶν.
1118 2599 1229 2651 Καὶ
1266 2598 1376 2669 γάρ
1423 2597 1623 2669 πολλῆς
1670 2599 1861 2669 ήδονῆς
1887 2598 2036 2663 ἀξιον

463 2679 527 2733 τὸ
554 2678 855 2749 γινόμενον.
880 2679 1053 2750 Ὄσην
1074 2681 1183 2751 γάρ
1215 2683 1244 2735 6
1269 2681 1418 2752 ἥλιος
1446 2682 1618 2753 ἐφορᾷ
1638 2681 1747 2752 γῆν
1769 2721 1785 2745 ,
1814 2682 1843 2734 ό
1875 2682 2037 2750 εὐαγ-

464 2763 678 2831 γελικδς
704 2762 861 2831 λόγος
906 2764 1214 2836 ἐπέδραμε,
1244 2766 1338 2819 καὶ
1381 2766 1531 2819 πᾶσα
1576 2764 1757 2836 ἐσώθη
1791 2766 1826 2837 ἡ
1858 2766 2038 2819 οἰκου-

468 2846 602 2917 μένη
630 2885 645 2909 ,
679 2846 772 2899 καὶ
801 2846 902 2916 τῆς
929 2845 1181 2919 λατρείας
1216 2847 1317 2918 τῆς
1360 2847 1654 2917 Ἰουδαϊκῆς
1695 2848 1745 2899 οἰ
1783 2847 1890 2918 πρὸ
1916 2847 2039 2901 τού-

462 2946 558 2982 του
584 2931 649 2999 τῇ
678 2928 852 3000 πλάνῃ
880 2932 1233 2999 κατεχόμενοι
1266 2928 1485 3000 μείζονα
1513 2930 1858 2995 ἐπεδείξαντο
1887 2929 2038 2997 φιλο-

468 3012 680 3080 σοφίαν.
721 3012 924 3065 Πάντα
982 3011 1056 3065 τὰ
1097 3002 1255 3079 ἔθνη
1284 3012 1616 3079 κροτήσατε
1664 3012 1885 3079 χεῷας.
1928 3011 2038 3076 Τάς

471 3095 668 3165 μιαράς
708 3095 923 3157 ἐκείνας
957 3093 1062 3165 πρὸ
1094 3096 1281 3147 τούτου
1306 3135 1321 3158 ,
1355 3093 1521 3163 φησὶν
1548 3133 1563 3155 ,
1599 3093 1751 3165 [189]
1785 3094 1885 3157 τὰς
1911 3096 2038 3148 ἐνα-

468 3181 612 3246 γεῖς,
648 3177 745 3241 τάς
774 3179 966 3249 αἵματι
1004 3178 1369 3249 μολυνομένας
1407 3176 1529 3229 καθ’
1562 3178 1797 3247 ἐκάστην
1827 3178 2041 3250 ήμέραν

468 3260 557 3315 διὰ
580 3259 691 3312 τῶν
717 3261 1039 3331 ἀκαθάρτων
1066 3260 1266 3314 θυσιῶν
1285 3299 1301 3323 ,
1330 3259 1398 3312 δι’
1422 3252 1497 3312 ὧν
1527 3259 1720 3322 παῖδας
1746 3259 2039 3329 ὲσφάξατε,

469 3344 565 3396 καὶ
589 3345 657 3397 τὰ
680 3347 882 3418 αἰσχρά
904 3346 1260 3417 ἐτολμήσατε,
1287 3345 1382 3398 καὶ
1409 3346 1549 3398 κατά
1583 3344 1681 3413 τῆς
1709 3343 1922 3413 φύσεως
1946 3345 2043 3397 αὐ-

469 3428 566 3497 τῆς
590 3429 930 3498 ἐχωρήσατε,
966 3429 1054 3482 διὰ
1080 3429 1283 3482 τούτων
1316 3430 1616 3499 κροτήσατε
1641 3426 1757 3480 νῦν.
1799 3425 2044 3481 Ἀλαλά-

472 3511 617 3573 ξατε
645 3510 725 3575 τῷ
752 3511 874 3575 Θεῷ
898 3512 968 3564 ἐν
990 3511 1159 3580 φωνῇ
1180 3510 1613 3581 ἀγαλλιάσεως.
1632 3509 1730 3563 Διά
1751 3511 1848 3580 τῆς
1869 3508 2042 3578 γλώτ-

470 3609 573 3661 ⁶¹ιης
606 3592 848 3663 ἐκείνης,
882 3593 949 3646 δι’
976 3589 1043 3664 ἧς
1068 3593 1361 3662 ἐγεύσασθε
1387 3595 1495 3646 τῶν
1520 3592 1751 3661 ἐναγῶν,
1781 3591 1846 3645 δι’
1874 3589 1943 3664 ἦς
1974 3591 2042 3644 τά

475 3677 772 3747 βλάσφημα
796 3677 1124 3748 ἐξηνέγκατε
1154 3679 1393 3749 ῥήματα,
1414 3677 1501 3730 διά
1522 3676 1723 3748 ταύτης
1744 3675 2044 3742 ἀλαλάξατε

474 3761 573 3830 τὴν
600 3759 861 3812 ἐπινίκιον
882 3761 1046 3831 ᾠδήν.
1075 3761 1184 3814 Καὶ
1211 3762 1318 3832 γὰρ
1344 3758 1465 3823 ἔθος
1491 3762 1604 3823 τοῖς
1636 3759 2038 3829 στρατοπέδοις,

472 3843 602 3896 ὅταν
630 3842 787 3914 κλίνῃ
816 3844 922 3895 τῶν
960 3842 1216 3897 ἐναντίων
1243 3843 1306 3896 τὸ
1334 3841 1691 3912 στρατόπεδον
1710 3884 1725 3907 ,
1756 3840 1950 3911 μηκέτι
1975 3843 2041 3912 τῇ

476 3926 743 3989 συστάδην
778 3936 801 3965 ο
834 3925 1133 3997 κεχρῆσθαι
1176 3925 1325 3998 μάχη
1344 3964 1359 3984 .
1389 3924 1503 3977 ἀλλ’
1533 3922 1799 3993 ὁμοφὼνῳ
1831 3923 1927 3994 βοῇ
1952 3925 2047 3977 καὶ

472 4010 773 4082 ἀλαλαγμῷ
802 4011 899 4073 τὰς
926 4011 1025 4083 ήδη
1076 4009 1509 4081 καταδληθείσας
1538 4008 1716 4062 αὐτῶν
1740 4007 2047 4061 κατασείειν

472 4094 681 4166 ψυχάς⁶
715 4096 852 4167 ὅπερ
872 4094 987 4147 ἐστί
1014 4092 1167 4164 νίκης
1197 4093 1457 4164 λαμπρᾶς
1482 4093 1576 4145 καὶ
1599 4091 1861 4163 τροπαίου
1890 4091 2050 4162 μέγι-

477 4197 600 4232 στον
633 4180 951 4250 τεκμήριον,
977 4178 1107 4232 ὅταν
1139 4178 1214 4248 μὴ
1243 4177 1428 4247 χερσὶν
1451 4176 1480 4228 6
1513 4174 1746 4246 πόλεμος
1772 4175 2046 4247 κρίνηται,

475 4263 590 4316 ἀλλ’
643 4264 677 4332 ή
739 4262 834 4334 βοὴ
909 4263 1002 4316 καὶ
1063 4261 1185 4314 ἀντὶ
1237 4259 1438 4332 χειρῶν
1457 4297 1474 4322 ,
1531 4258 1627 4312 καὶ
1681 4259 1804 4313 ἀντὶ
1870 4258 2051 4313 ὃπλων

474 4346 640 4399 ἀοκῆ.
2011 4388 2017 4399 .

517 4347 714 4492 ⁸Τὺ
745 4423 843 4493 μὲν
875 4419 967 4476 οῦν
998 4423 1153 4495 ἔργον
1175 4423 1320 4478 ᾶπαν
1338 4421 1433 4478 τοῦ
1457 4420 1695 4495 Χριστοῦ
1716 4422 1935 4491 γέγονε·
1960 4388 2052 4477 τόν

478 4505 588 4574 γὰρ
614 4504 846 4573 χαλεπὸν
872 4504 1058 4557 τοῦτον
1090 4506 1251 4569 αὐτὸς
1287 4505 1551 4562 κατέλυσε
1581 4506 1845 4576 πόλεμον,
1881 4505 2053 4576 δήσας

479 4588 570 4639 τὸν
620 4586 836 4656 ἰσχυρὸν
866 4586 959 4639 καί
1003 4587 1069 4639 τά
1114 4588 1283 4658 σκεύη
1318 4589 1482 4643 αὐτοῦ
1515 4589 1842 4660 διαρπάσας.
1867 4588 2055 4642 Φιλάν-

477 4672 696 4740 θρωπος
721 4668 775 4721 δέ
802 4667 899 4734 ὢν,
928 4670 1053 4732 τοὺς
1073 4671 1225 4725 οὐδὲν
1252 4674 1593 4742 πονήσαντας
1612 4714 1627 4739 ,
1660 4673 1885 4735 τούτους
1910 4675 2055 4726 ποιεῖ

478 4754 581 4822 τῆς
608 4752 762 4822 νίκης
794 4752 1011 4805 καὶτῶν
1029 4753 1302 4823 τροπαίων
1327 4754 1643 4821 ἀπολαύειν,
1682 4758 1773 4810 καὶ
1806 4756 1904 4827 τὴν
1931 4758 2054 4809 ἐπι-

479 4836 650 4888 νίκιον
672 4835 1077 4904 παρασκευάζει
1105 4836 1398 4907 ἀναφέρειν
1422 4838 1627 4909 φωνὴν,
1651 4838 1903 4909 καθάπερ
1929 4840 2055 4902 τοῦς

481 4916 910 4988 κατωρθωκότας
932 4918 1129 4980 αὐτοὺς
1153 4920 1249 4971 καὶ
1278 4923 1673 4990 κρατήσαντας.
1692 4922 1783 4975 Διὸ
1807 4924 1900 4976 καί
1928 4921 2056 4992 βοῶ-

482 5018 587 5071 μεν
636 5000 909 5063 ἀπαντες,
946 5000 1049 5053 οὐκ
1098 5000 1311 5071 ἄσημόν
1351 5020 1470 5055 τινα
1520 5005 1707 5073 φωνὴν
1735 5043 1749 5064 ,
1785 5004 1921 5057 ἀλλά
1960 5005 2056 5059 καὶ

483 5085 690 5157 σφόδρα
718 5081 987 5153 εὔσημον·
1037 5083 1161 5138 Ποῦ
1193 5098 1343 5150 σου,
1382 5085 1632 5148 θάνατε,
1664 5086 1732 5140 τὸ
1759 5087 2009 5154 κέντρον
2038 5105 2056 5152 ;

480 5167 602 5223 ποῦ
623 5183 762 5231 σου,
788 5165 926 5235 ᾄδῃ,
952 5165 1020 5219 τὸ
1039 5165 1210 5232 νῖκος
1225 5182 1243 5231 ;
1264 5166 1373 5221 Καὶ
1406 5167 1587 5232 πάλιν,
1620 5168 1827 5237 ’Λνέϐη
1859 5172 1891 5222 ό
1910 5168 2056 5236 Θεὸς

478 5253 553 5305 ἐν
577 5249 922 5320 ἀλαλαγμῷ.
946 5250 1117 5304 Τοῦτο
1149 5250 1258 5321 γάρ
1286 5251 1346 5304 ἐν
1372 5251 1450 5323 τῷ
1476 5251 1675 5323 ψαλμῷ
1701 5252 1875 5323 τούτῳ
1903 5252 2055 5325 εἴρη-

480 5353 594 5389 ται.
629 5335 736 5387 Καὶ
776 5334 938 5389 πάλιν
966 5334 1195 5404 ἀλλαχοῦ
1221 5352 1236 5365 υ
1274 5335 1503 5403 Ἀνέϐης
1531 5338 1617 5402 εὶς
1646 5336 1804 5405 ὕψος
1823 5376 1837 5397 ,
1870 5337 2060 5405 ᾐχμα-

483 5416 794 5484 λώτευσας
818 5419 1257 5489 αἰχμαλωσίαν,
1281 5418 1493 5486 ἔλαϐες
1513 5419 1740 5491 δόματα
1760 5422 1830 5475 ἐν
1848 5421 2061 5486 ἀνθρώ-

547 5601 578 5673 ξι
600 5602 776 5673 Αιίἰνρι
800 5603 947 5673 δεῖν..
974 5608 1039 5673 ᾡς
1054 5608 1167 5673 ὅταν
1185 5608 1318 5673 λέγῃ,
1340 5608 1509 5657 Mm.

547 5663 579 5731 ξ
599 5664 749 5731 ξανιί.
770 5667 904 5731 addit
922 5663 1234 5731 ἐκληψόμεθα.

547 5726 573 5754 ο
598 5726 748 5771 5am.
772 5734 823 5773 el
843 5728 943 5775 duo
963 5726 1076 5777 Inss'.
1106 5726 1169 5791 ’τῇ
1196 5732 1452 5791 συστάδην.
1494 5731 1667 5782 Morel.
1692 5738 1749 5792 τῇ
1768 5731 1965 5793 ὐστάτῃ.

1212 321 1269 379 S.
1312 321 1593 379 JOANNIS
1630 321 2121 377 CHRYSOS’I‘OW
2163 321 2485 377 ARCIIIEP.
2526 321 3076 377 CONSTANTINOP.

3592 325 3699 382 ιιι)

2124 455 2280 506 ⁴ποις.
2320 441 2650 513 Ἀνήνεγκάν
2696 459 2823 495 ποτε
2859 444 2954 496 καὶ
3006 442 3244 497 Ἰουδαῖοι
3284 444 3549 497 ἐπινίκιον
3587 464 3701 514 φωο

2125 532 2242 599 νὴν,
2276 534 2365 586 ὅτε
2393 533 2503 587 τῶν
2539 533 2850 602 Αἰγυπτίων
2883 533 2944 587 τὸ
2986 534 3350 604 στρατόπεδον
3383 540 3703 591 κατεποντί-

2125 624 2267 689 ζετο,
2297 624 2547 695 λέγοντες
2570 642 2585 656 ·
2615 626 2891 695 ’ᾼσωμεν
2918 622 3001 689 τῷ
3036 626 3261 692 Κυρίῳ·
3294 626 3558 694 ἐνδόξως
3588 630 3703 697 γὰρ

2125 714 2502 781 δεδόξασται.
2535 715 2673 769 Ἀλλ’
2694 718 2728 786 ή
2754 714 3002 787 ἡμετέρα
3035 714 3212 785 πολλῷ
3244 715 3467 787 μείζων,
3489 719 3589 771 οὐκ
3609 721 3706 773 Αἰ-

2126 808 2391 875 γυπτίων,
2406 806 2542 861 ἀλλά
2556 807 2667 860 τῶν
2680 806 2950 876 δαιμόνων
2966 807 3519 862 κατακοντισθέντων·
3536 812 3595 865 οὐ
3607 810 3703 865 τοῦ

2126 890 2327 963 Φαραὼ
2359 891 2495 945 ἀλλά
2524 890 2619 944 τοῦ
2644 890 2893 943 διαϐόλου
2918 889 3230 958 νικηθέντος
3250 906 3265 921 ο
3292 892 3352 943 οὐ
3389 893 3498 945 τῶν
3525 894 3706 948 ὅπλων

2128 981 2440 1052 ληφθέντων
2458 982 2566 1036 τῶν
2585 982 2880 1053 αἰσθητῶν,
2913 982 3050 1036 ἀλλά
3066 983 3165 1054 τῆς
3184 981 3383 1047 κακίας
3403 984 3708 1055 ἀναιρεθεί-

2132 1090 2251 1143 σης’
2270 1074 2372 1127 οὐκ
2397 1074 2456 1127 ἐν
2492 1074 2729 1147 Ἐρυθρᾷ
2747 1075 3009 1149 θαλάσσῃ,
3044 1075 3160 1130 ἀλλ’
3182 1078 3242 1131 ἐν
3269 1075 3349 1147 τῷ
3372 1076 3578 1148 λουτρῷ
3602 1078 3706 1148 τῆς

2130 1168 2547 1237 παλιγγενεσίας
2564 1185 2578 1199 ·
2604 1169 2703 1223 οὐκ
2724 1170 2802 1232 εἰς
2821 1168 2919 1241 τὴν
2945 1170 3050 1239 γῆν
3067 1170 3166 1240 τῆς
3186 1170 3520 1239 ἐπαγγελίας
3543 1168 3708 1235 ἐξιόν-

2130 1278 2260 1321 των,
2282 1260 2396 1313 ἀλλ⁹
2425 1262 2503 1324 είς
2522 1259 2614 1313 τὸν
2649 1261 2873 1333 οὐρανὸν
2901 1259 3379 1333 μεθορμιζομένων
3397 1280 3410 1292 ·
3442 1262 3503 1314 οὐ
3531 1262 3707 1331 μάννα

2132 1352 2421 1406 ἐσθιόντων
2443 1394 2459 1418 ,
2487 1352 2622 1408 ἀλλὰ
2663 1351 2823 1424 σῶμα
2861 1353 3197 1424 σιτουμένων
3228 1354 3572 1408 δεσποτικόν·
3607 1353 3709 1424 οὐχ

2136 1443 2279 1514 ὕδωρ
2295 1444 2555 1499 πινόντων
2573 1444 2680 1499 ἀπὸ
2700 1446 2925 1515 πέτρας,
2937 1445 3051 1499 ἀλλ’
3064 1440 3202 1516 αἷμα
3217 1446 3325 1499 ἀπὸ
3339 1447 3593 1517 πλευρᾶς.
3607 1446 3709 1499 Διά

2133 1526 2290 1579 τοῦτό
2323 1543 2454 1596 φησι
2475 1541 2487 1555 ⁸
2518 1526 2861 1594 Κροτήσατε
2896 1527 3119 1597 χεῷας,
3146 1531 3230 1583 ὅτι
3272 1528 3434 1582 λίθων
3462 1528 3712 1583 ἀπαλλα-

2135 1620 2323 1688 γέντες
2366 1619 2459 1672 καὶ
2508 1617 2700 1685 ξύλων,
2746 1619 3053 1691 ὐπερέὸητε
3100 1622 3230 1685 τοὺς
3278 1620 3563 1691 οὐρανοὺς,
3612 1619 3709 1674 καὶ

2136 1704 2265 1766 τοὺς
2293 1703 2556 1773 οὐρανοὺς
2582 1702 2691 1756 τῶν
2717 1703 2987 1776 οὐρανῶν,
3022 1704 3116 1760 καὶ
3147 1704 3286 1774 πρὸς
3316 1702 3479 1757 αὐτὸν
3516 1704 3710 1773 ἔστητε

2136 1787 2228 1841 τὸν
2274 1786 2462 1859 θρόνον
2509 1786 2602 1840 τὸν
2647 1785 2943 1856 βασιλικόν.
3006 1788 3367 1852 Ἀλαλὰξατε
3411 1788 3590 1840 τοίνυν
3629 1784 3713 1851 τῷ

2141 1868 2263 1933 Θεῷ
2291 1907 2305 1926 .
2364 1863 2909 1940 τουτέστιν,Ἐκείνῳ
2952 1869 3052 1939 τὴν
3102 1870 3452 1942 εὐχαριστίαν
3491 1870 3714 1937 ἀνενέγο

2140 1949 2330 2015 κατειι,
2355 1950 2550 2020 ἐκείνῳ
2572 1952 2671 2022 τὴν
2686 1951 2863 2022 νίκην,
2882 1952 3074 2022 ἐκείνῳ
3098 1952 3159 2006 τὸ
3171 1954 3446 2023 τρόπαιον.
3475 1953 3589 2007 Οὐκ
3613 1954 3711 2007 ἀν-

2140 2031 2410 2103 θρώπινος
2439 2033 2468 2085 ὁ
2492 2033 2727 2103 πόλεμος
2752 2035 2874 2088 οὐδὲ
2894 2034 3126 2105 αἰσθητὴ
3154 2036 3186 2105 ή
3224 2035 3395 2106 μάχη.
3419 2032 3540 2089 οὐδὲ
3570 2034 3712 2105 ὐπέρ

2138 2131 2284 2178 τινος
2315 2115 2424 2170 τῶν
2460 2116 2728 2187 βιωτικῶν
2751 2118 2781 2170 6
2816 2117 2987 2186 ἀγὼν,
3022 2117 3138 2172 ἀλλ’
3168 2118 3309 2189 ὑπὲρ
3335 2118 3443 2171 τῶν
3465 2117 3713 2188 οὐρανῶν

2140 2197 2340 2261 αὐτῶν,
2390 2200 2485 2252 καὶ
2535 2198 2646 2252 τῶν
2684 2201 2744 2253 ἐν
2782 2200 3053 2271 οὐρανοῖς.
3099 2199 3271 2263 Αὐτὸς
3318 2199 3412 2253 τὸν
3477 2200 3715 2270 πόλεμον

2141 2281 2519 2354 ἐστρατήγησε
2550 2282 2762 2343 τοῦτον.
2788 2284 2883 2337 καί
2921 2285 3055 2355 ἡμῖν
3081 2284 3181 2354 τῆς
3203 2285 3359 2355 νίκης
3387 2283 3712 2354 μετέδωκεν.

2142 2365 2265 2418 Ὅτι
2314 2368 2532 2435 Κύριος
2568 2366 2849 2435 ὕψιστος,
2897 2368 3169 2436 φοϐερὸς,
3200 2367 3501 2432 βασιλεὺς
3526 2366 3715 2436 μέγας

2141 2448 2237 2502 ἐπὶ
2273 2446 2481 2502 πᾶσαν
2507 2448 2622 2517 τὴν
2647 2448 2783 2519 γῆν.
2813 2449 2923 2502 Ποῦ
2963 2449 3058 2503 νῦν
3097 2452 3234 2503 εἰσιν
3258 2450 3309 2502 οἰ
3345 2449 3440 2502 τοῦ
3472 2450 3714 2517 Μονογε-

2142 2531 2267 2595 νοῦς
2291 2532 2389 2602 τὴν
2419 2532 2574 2597 δόξαν
2598 2532 3023 2604 καθαιροῦντεςς
3066 2534 3200 2586 Ἰδοὺ
3242 2530 3495 2603 βασιλεὺς
3537 2530 3717 2602 μέγας

2140 2613 2172 2666 6
2202 2614 2327 2678 Υἰὸς
2374 2614 2610 2682 λέγεται,
2657 2614 2687 2668 δ
2732 2616 2860 2687 περὶ
2915 2614 3011 2668 τοῦ
3066 2615 3281 2685 Πατρὸς
3320 2614 3565 2685 εἴρηταιο
3618 2613 3716 2681 Μὴ

2143 2695 2375 2766 ὀμόσῃς
2398 2698 2529 2769 γάρ,
2579 2698 2734 2769 φησί,
2762 2699 2915 2768 μήτε
2946 2698 3017 2753 ἐν
3047 2698 3130 2765 τῷ
3169 2697 3422 2766 οὐρανῷ,
3471 2697 3558 2750 ὅτι
3587 2696 3720 2764 θρό-

2142 2796 2252 2846 νος
2287 2780 2472 2834 αὐτοῦ
2518 2781 2677 2834 ἐστι·
2722 2782 2875 2851 μήτε
2923 2784 3011 2846 είς
3056 2782 3130 2834 τὰ
3181 2781 3578 2848 Ἰεροσόλυμα,
3628 2778 3720 2832 ὅτι

2144 2863 2322 2930 πόλις
2341 2863 2473 2918 ἐστὶ
2505 2863 2614 2917 τοῦ
2638 2864 2963 2930 βασιλέως.
2986 2863 3252 2936 [190]Καί
3281 2864 3514 2935 ἀλλαχοῦ
3535 2863 3718 2919 πάλιν·

2147 2946 2293 3012 Θεὸς
2326 2947 2598 3017 ἰσχυρός,
2628 2948 3071 3014 ἐξουσιαστήςο
3108 2949 3246 3018 ὅπερ
3284 2948 3402 3002 ἐστί
3444 2945 3721 3018 βασιλεύς.

2150 3032 2317 3086 ὐταν
2343 3032 2523 3086 τοίνυν
2567 3033 2805 3105 ἀκούσῃς
2841 3034 2926 3086 ὅτι
2960 3031 3389 3102 ἀνεσκολοπίσθη
3421 3048 3515 3093 σου
3554 3032 3584 3084 6
3626 3032 3726 3082 Δε-

2148 3116 2372 3188 σπότης,
2411 3117 2495 3171 ὅτι
2541 3116 2857 3189 ἐκρεμάσθη
2892 3118 2952 3169 ἐν
2989 3115 3069 3187 τῷ
3119 3115 3360 3186 σταυρῷ,
3395 3117 3477 3169 ὅτι
3523 3114 3721 3184 ἐτάφη.

2147 3198 2230 3253 ὅτι
2263 3200 2530 3271 κατῆλθεν
2575 3202 2657 3263 εἰς
2701 3200 2771 3253 τά
2814 3198 3101 3269 κατώτερα
3140 3200 3282 3270 μέρη
3324 3200 3426 3269 τῆς
3472 3196 3598 3267 γῆς.
3647 3197 3725 3267 μὴ

2147 3282 2488 3355 καταπέσῃς,
2508 3282 2645 3354 μηδὲ
2665 3282 3014 3353 ἀδημονήσῃς
3034 3298 3047 3312 ·
3086 3282 3308 3351 ὕψιστος
3341 3283 3449 3353 γάρ
3475 3282 3613 3341 ἐστι,
3630 3282 3726 3334 καὶ

2151 3366 2373 3437 ὕψιστος
2402 3366 2584 3435 φύσει.
2616 3365 2691 3420 Τὸ
2733 3366 2791 3418 δὲ
2817 3366 3018 3436 ὑψηλὸν
3050 3365 3208 3435 φύσει
3234 3366 3334 3419 οὐκ
3368 3366 3433 3420 ἀν
3464 3381 3593 3417 ποτε
3629 3380 3727 3433 μεο

2151 3448 2382 3518 τασταίη
2405 3447 2499 3501 τοῦ
2545 3447 2732 3517 ὕψους,
2766 3448 2875 3501 οὐδ’
2912 3448 2977 3502 ἂν
3006 3449 3216 3517 γένοιτο
3250 3446 3539 3500 ταπεινόν·
3589 3445 3728 3499 ἀλλὰ

2151 3530 2245 3584 καὶ
2275 3531 2332 3584 ἐν
2370 3534 2437 3601 τῇ
2470 3530 2796 3584 ταπεινώσει
2825 3529 2989 3584 αὐτοῦ
3032 3531 3185 3601 μένει
3214 3531 3276 3584 τὸ
3315 3530 3449 3599 ὕψος
3470 3529 3567 3584 καὶ
3606 3529 3726 3582 δια-

2151 3612 2445 3668 δείκνυται.
2486 3614 2640 3668 Ἐπεὶ
2682 3615 2777 3667 καὶ
2827 3612 3138 3677 ἀποθανὼν,
3189 3614 3311 3668 τότε
3356 3613 3596 3684 μάλιστα
3626 3612 3729 3683 τὴν

2153 3695 2295 3749 κατά
2315 3695 2408 3748 τοῦ
2446 3695 2678 3749 θανάτου
2707 3694 2860 3764 ίσχὺν
2885 3695 3087 3759 ἔδειξε.
3108 3695 3176 3749 Τὸ
3224 3693 3350 3763 φῶς
3381 3695 3450 3747 ἐν
3476 3691 3552 3762 τῇ
3586 3709 3730 3748 σκο-

2155 3778 2254 3847 τίᾳ
2285 3779 2502 3847 φαίνει,
2533 3778 2686 3849 φησὶ,
2727 3776 2828 3830 καὶ
2864 3779 2903 3846 ἡ
2935 3778 3152 3831 σκοτία
3182 3778 3331 3831 αὐτὸ
3368 3779 3442 3831 οὐ
3475 3777 3730 3830 κατέ.1α-

2155 3864 2293 3917 ὄειν
2330 3860 2475 3914 οὕτω
2511 3861 2577 3931 δὴ
2610 3863 2704 3914 καὶ
2730 3860 2793 3914 τὸ
2836 3859 2969 3930 ὕψος
2998 3859 3164 3913 αὐτοῦ
3195 3862 3254 3913 ἐν
3283 3863 3350 3932 τῇ
3384 3860 3732 3930 ταπεινότητι

2155 3945 2500 4017 ἐφάνη.”ορα
2528 3943 2660 4013 γοῦν
2685 3943 2849 3999 αὐτὸν
2863 3946 2923 3997 ἐν
2941 3943 3020 4016 τῷ
3047 3944 3149 4015 ᾄδῃ
3163 3945 3313 4007 ὅντα,
3341 3945 3435 3997 καὶ
3458 3944 3527 3997 τὰ
3549 3943 3732 4015 ὐψηλά

2156 4028 2374 4082 ᾶπαντα
2404 4027 2636 4081 σείοντα.
2678 4027 2744 4080 '0
2774 4025 2884 4099 γὰρ
2913 4027 3063 4097 ἥλιος
3090 4029 3213 4081 τότε
3242 4027 3342 4091 τὰς
3370 4028 3592 4089 ἀκτῖνας
3620 4026 3728 4080 ἀπ-

2157 4110 2409 4182 έστρεψε,
2442 4109 2639 4181 πέτραι
2683 4109 2976 4179 ἐσχίζοντο,
3003 4109 3067 4162 τὺ
3098 4109 3495 4179 καταπέτασμα
3528 4109 3735 4181 ἐρρήγ-

2159 4210 2306 4256 νυτο,
2329 4193 2598 4246 ἐκλονεῖτο
2631 4193 2663 4262 ή
2694 4193 2787 4262 γῆ,
2817 4192 3018 4256 Ἰούδας
3046 4193 3349 4264 ἀπήγχετο,
3381 4191 3610 4254 Πιλάτος
3637 4192 3735 4244 καὶ

2159 4278 2194 4347 ἡ
2224 4275 2412 4330 τούτου
2436 4276 2573 4346 γυνὴ
2612 4275 2986 4345 ἐδειματοῦτο,
3016 4274 3180 4339 αὐτὸς
3213 4276 3241 4327 6
3268 4274 3504 4339 δικάζων
3530 4273 3734 4328 ἀττελο⁴

2158 4361 2517 4428 γεῖτο.”οταν
2557 4358 2736 4411 τοίνυν
2778 4357 3038 4431 ἀκούσῃς,
3069 4358 3151 4410 ὅτι
3188 4356 3341 4428 ἐδέθη
3378 4358 3473 4410 καὶ
3508 4359 3737 4427 ἐμαστι-

2160 4443 2332 4514 γῶθη,
2360 4443 2437 4513 μὴ
2470 4442 2772 4513 συγχυθῇς·
2798 4441 2915 4495 ἀλλ’
2943 4442 3047 4512 ὅρα
3069 4441 3232 4495 αὐτὸν
3256 4443 3351 4496 καὶ
3368 4442 3425 4495 ἐν
3445 4439 3523 4511 τῷ
3549 4440 3737 4511 δεσμῷ

2159 4529 2260 4599 τὴν
2309 4528 2460 4596 ἰσχὺν
2507 4523 2966 4595 ἐπιδεικνύμενον.
3008 4520 3162 4588 Εἶπε,
3197 4524 3338 4579 Τίνα
3370 4520 3619 4590 (meite;
3642 4524 3736 4576 καὶ

2164 4611 2373 4673 πάντας
2406 4608 2628 4682 ἔρριψεν
2658 4608 2901 4672 ὑπτίους.
2953 4604 3105 4671 Εἶδες
3136 4607 3255 4671 πῶς
3299 4606 3553 4677 φοϐερὸς,
3582 4607 3735 4676 φωνῇ

2166 4695 2299 4765 μόνῃ
2332 4694 2426 4747 καὶ
2457 4692 2686 4762 νεύματι
2732 4690 2970 4746 τοσαῦτα
3010 4690 3408 4761 ἐργαζόμενοςς
3441 4692 3610 4743 Ὅταν
3642 4685 3737 4744 οῦν

2163 4778 2278 4849 ίδῃς
2308 4776 2468 4832 αὐτὸν
2492 4776 2704 4847 νεκρὸν,
2727 4775 2978 4846 ἐννόησον
2996 4775 3087 4827 τὸν
3107 4774 3254 4827 λίθον
3281 4775 3591 4846 αἰρόμενον,
3609 4772 3739 4837 τοῦς
3834 4770 3839 4773 ’

2162 4862 2429 4930 ἀγγέλους
2459 4861 2586 4922 τοὺς
2617 4858 2753 4930 μετά
2791 4858 2957 4927 φόϐου
2996 4859 3411 4929 παραμένοντας
3450 4857 3529 4928 τῷ
3559 4858 3737 4927 τάφῳ,

2161 4948 2253 5001 τὸν
2282 4947 2415 5017 ᾅδην
2434 4944 2717 5014 λυόμενον,
2748 4944 2842 4997 τὸν
2866 4942 3097 4998 θάνατον
3126 4944 3448 5015 τηκόμενον,
3485 4943 3613 5006 τοῦς
3646 4942 3738 4996 δε-

2164 5028 2387 5100 σμώτας
2414 5026 2748 5083 ἀπολύονταο
2783 5027 2879 5080 καὶ
2909 5027 3032 5080 τότε
3056 5026 3179 5096 δψει
3202 5025 3371 5080 αὐτοῦ
3391 5025 3452 5079 τὺ
3485 5024 3737 5097 φοϐερόν.

2163 5112 2227 5165 Et
2259 5110 2317 5163 δέ
2349 5110 2408 5162 ἐν
2440 5108 2515 5179 τῷ
2540 5107 2715 5180 καιρῷ
2742 5109 2840 5179 τῆς
2877 5109 3100 5180 ἀτιμίας
3133 5108 3371 5162 τοσαῦτα
3403 5106 3740 5174 ἐπεδείξατο,

2166 5195 2222 5246 ἐν
2249 5192 2484 5264 οὐρανῷ,
2529 5193 2589 5246 ἐν
2616 5195 2708 5261 γῇ,
2740 5193 2798 5244 ἐν
2831 5191 2952 5263 ᾄδῃ,
2995 5192 3118 5245 τίνα
3159 5191 3261 5245 οὐκ
3294 5190 3634 5263 ἐπιδείξηται
3682 5192 3743 5244 ἐν

2164 5275 2244 5347 τῷ
2270 5274 2444 5347 καιρῷ
2479 5273 2581 5344 τῆς
2620 5273 2920 5344 μελλούσης
2972 5275 3304 5345 παρουσίας;
3334 5273 3601 5326 Ἄκουσον
3631 5273 3743 5325 τῶν

2166 5359 2439 5429 δαιμόνων
2466 5359 2525 5410 ἐν
2559 5357 2638 5428 τῷ
2667 5356 2845 5429 καιρῷ
2878 5357 2975 5427 τῆς
3000 5355 3380 5420 ταπεινώσεως
3406 5356 3459 5410 τί
3486 5355 3704 5424 λέγουσι
3721 5394 3739 5419 ,

2167 5440 2275 5493 τῶν
2301 5439 2655 5510 ἀφριζόντων,
2693 5440 2803 5493 τῶν
2835 5439 3009 5511 δεσμὰ
3039 5439 3384 5505 διαλυόντων,
3413 5439 3521 5493 τῶν
3541 5438 3743 5493 ἄϐατον

2168 5524 2466 5577 ποιούντων
2484 5523 2584 5596 τήν
2604 5524 2723 5578 ὁδόν
2740 5542 2754 5557 ο
2788 5526 2850 5579 Τί
2874 5523 3021 5595 ἡμῖν
3045 5524 3143 5579 καί
3164 5525 3287 5589 σοί,
3318 5524 3414 5579 Υιέ
3429 5523 3534 5577 τοῦ
3555 5522 3739 5587 Θειοῦς

2232 5732 2261 5773 ἀ
2280 5733 2362 5783 Sic
2383 5747 2498 5783 mss.
2572 5739 2629 5787 ct
2693 5736 2864 5789 SaviL:
2892 5735 3061 5786 Morel.
3088 5750 3205 5785 vero
3230 5737 3460 5789 ἐνέγκατε.
