4084 6278
317 371 416 427 2-ῒ9

312 485 420 540 dixi
447 527 461 549 ,
513 498 654 538 nunc
701 492 909 551 quoque
949 477 1069 531 dico
1102 494 1113 529 :
1143 473 1243 529 alia
1273 472 1483 543 quidem
1513 471 1581 524 ita
1608 475 1729 523 sunt
1750 481 1889 519 acet-

318 572 531 647 piendo,
573 584 628 628 ut
652 570 797 625 dicta
841 577 994 634 sunt;
1026 567 1126 621 alia
1157 579 1283 619 vero
1312 563 1480 623 aliter,
1513 574 1669 631 quam
1698 571 1807 627 prae
1834 569 1893 609 se

318 667 497 722 ferunt
524 684 536 718 :
571 662 1014 735 quemadmodum
1041 676 1098 712 se
1125 657 1283 711 habet
1309 657 1359 709 in
1383 654 1475 708 illo
1503 670 1518 709 :
1549 650 1685 720 Lupi
1712 659 1756 703 et
1779 664 1892 701 ores

315 756 472 814 simul
500 765 768 824 pascentur
793 752 944 825 (Isai.
979 753 1062 806 ll.
1096 750 1175 818 6).
1216 746 1331 802 Non
1375 743 1716 812 intelligimus
1752 739 1892 794 enim

317 848 470 917 lupos
497 856 550 901 et
573 860 720 908 oves,
755 859 852 897 nec
878 842 1077 911 paleas,
1109 839 1188 893 vel
1216 839 1404 893 bovem
1432 833 1516 889 vel
1543 842 1773 895 taurum,
1800 830 1892 883 sed

317 951 496 992 mores
537 936 808 990 hominum
852 948 946 1003 per
981 927 1379 986 similitudinem
1408 926 1684 981 brutorum
1712 919 1894 991 expri-

319 1029 535 1082 mimus.
584 1027 699 1080 Alia
725 1040 853 1079 vero
896 1030 1021 1077 sunt
1070 1017 1370 1089 accipienda
1417 1014 1716 1085 dupliciter,
1744 1019 1803 1066 ut
1844 1018 1897 1064 et

320 1119 589 1173 sensibilia
618 1116 991 1185 intelligamus,
1011 1121 1063 1166 ct
1087 1127 1206 1182 qua:
1231 1112 1281 1163 in
1309 1104 1655 1177 intelligentia
1680 1114 1897 1157 versan-

321 1218 409 1262 tur
424 1208 772 1276 suscipiamus
792 1223 805 1257 :
825 1201 1270 1274 quemadmodum
1294 1200 1344 1252 in
1366 1210 1598 1268 auagoge
1611 1203 1663 1250 et
1683 1189 1895 1247 sublimi

321 1298 770 1367 contemplatione
813 1294 904 1350 ﬁlii
949 1293 1235 1348 Abraham.
1281 1289 1472 1344 Filium
1499 1286 1639 1341 enim
1665 1284 1894 1338 oblatum

322 1387 487 1441 fuisse
513 1388 710 1441 scimus
732 1383 882 1454 (Gen.
909 1380 1023 1453 2‘2),
1066 1396 1247 1435 verum
1291 1376 1485 1446 aliquid
1526 1376 1684 1431 etiam
1730 1372 1893 1438 aliud,

324 1479 467 1548 quod
516 1480 646 1534 latet
691 1478 742 1531 in
785 1474 1149 1545 intelligentia,
1197 1488 1292 1542 per
1339 1470 1500 1523 lilium
1541 1466 1894 1535 excerpimus,

326 1584 518 1637 nempe
546 1582 778 1622 crucem.
819 1565 884 1619 Et
911 1579 1091 1618 rursus
1113 1563 1164 1616 in
1194 1560 1396 1633 pecude
1424 1560 1474 1612 in
1501 1558 1752 1627 Egypto,
1782 1570 1899 1625 pas—

325 1661 495 1712 sionis
524 1655 918 1712 similitudinem
940 1654 1180 1708 similiter
1202 1651 1545 1723 exprimimus
1573 1648 1762 1718 (Exod.
1784 1645 1894 1718 12).

329 1751 443 1805 lloc
482 1749 652 1818 ipsum
683 1746 766 1801 hic
795 1761 1003 1816 quoque
1042 1743 1336 1799 faciendum
1384 1751 1485 1797 est.
1531 1739 1714 1808 Neque
1755 1738 1895 1790 enim

328 1843 565 1911 loquitur
613 1838 780 1894 solum
828 1838 894 1891 de
939 1836 1200 1893 Arabibus
1249 1844 1306 1889 et
1350 1832 1560 1896 vicinis,
1614 1832 1705 1885 sed
1749 1839 1898 1883 vocat

332 1948 522 1986 omnes
567 1942 768 2002 gentes.
812 1931 1061 1997 Quoniam
1099 1928 1343 1982 Dominus
1377 1924 1615 1985 excelsus.
1645 1922 1896 1988 terribilis,

329 2040 423 2076 rea:
451 2041 656 2092 magnus
689 2038 837 2090 super
872 2036 1063 2074 onmem
1096 2029 1301 2074 terram.
1337 2017 1524 2072 Statim
1551 2030 1677 2085 ergo
1700 2030 1728 2067 a
1753 2014 1898 2083 prin-

330 2112 469 2182 cipio
497 2112 787 2166 auditorem
815 2106 1124 2175 excitat,'ad
1165 2118 1242 2164 tot
1278 2107 1586 2161 annuntiata
1628 2105 1762 2160 bona
1803 2120 1898 2156 vo-

336 2219 475 2264 cans,
508 2214 561 2257 et
591 2205 656 2257 ad
684 2204 941 2273 publicam
983 2203 1142 2256 totius
1178 2201 1321 2255 orbis
1366 2209 1520 2253 terra:
1557 2199 1897 2261 concionem,

335 2294 677 2364 divinumque
708 2309 770 2347 ac
797 2294 1067 2363 spirituale
1096 2292 1358 2363 quoddam
1392 2290 1578 2344 festum
1605 2330 1619 2354 ,
1650 2297 1806 2357 atque
1835 2287 1899 2340 ad

334 2386 601 2456 delapsam
639 2403 703 2442 ex
743 2387 888 2442 caelis
922 2387 1291 2458 mysteriorum
1323 2382 1639 2439 doctrinam.
1675 2381 1743 2436 Et
1780 2379 1902 2434 ideo

334 2477 464 2532 dicit
493 2495 508 2533 :
540 2477 773 2532 Plaudite
790 2477 1059 2541 manibus;
1088 2476 1189 2530 hoc
1232 2484 1309 2530 est
1333 2515 1348 2541 ,
1376 2472 1642 2536 Gaudete,
1670 2472 1898 2526 exsilite.

334 2568 462 2621 Nam
512 2567 611 2623 hoc
649 2583 857 2636 quoque
893 2583 1069 2622 sermo
1101 2566 1248 2636 jubet
1284 2565 1648 2635 evangelicus,
1683 2563 1899 2629 dicens,

338 2655 599 2711 Exsultate
626 2656 777 2725 (Luc.
808 2657 861 2712 6.
899 2656 991 2726 2'5)
1025 2675 1038 2710 :
1070 2673 1173 2710 non
1205 2657 1384 2725 utique
1408 2655 1598 2725 jubens
1625 2654 1820 2708 saltare
1848 2662 1901 2706 et

336 2746 547 2801 exsilire
577 2746 713 2815 (hoc
739 2756 820 2802 cst
856 2750 997 2803 enim
1039 2748 1364 2818 illiberale),
1392 2746 1484 2802 sed
1507 2741 1899 2801 vehementiam

336 2835 530 2889 lzctitiaz
568 2836 888 2906 significans.
930 2838 1078 2904 Quod
1106 2838 1249 2893 enim
1278 2839 1449 2909 agitur
1471 2878 1485 2901 ,
1516 2853 1756 2906 magnam
1787 2852 1901 2891 me-

336 2936 481 2978 retur
532 2924 788 2979 laetitiam.
838 2927 1102 2994 Quantum
1147 2928 1287 2981 enim
1332 2935 1488 2981 terra:
1534 2926 1612 2980 sol
1657 2927 1900 2997 respicit,

337 3029 511 3067 sermo
537 3017 768 3085 pervasit
790 3018 1143 3087 evangelieus,
1173 3027 1228 3073 et
1256 3027 1495 3072 servatus
1520 3028 1600 3073 est
1625 3019 1905 3073 universos

336 3104 479 3157 orbis
508 3115 663 3159 terrm
715 3114 806 3161 :et
853 3108 941 3176 qui
985 3107 1052 3161 ab
1094 3123 1279 3163 errore
1321 3119 1473 3163 antea
1514 3108 1901 3176 detinebantur,

337 3195 558 3250 Judaico
611 3196 754 3250 cultu
799 3196 1054 3265 majorem
1096 3198 1445 3253 ostenderunt
1490 3199 1902 3269 philosophiam.

341 3285 525 3338 Omnes
543 3296 730 3356 gentes,
759 3286 983 3357 plaudite
1000 3289 1245 3342 manibus.
1271 3288 1395 3356 Illis,
1415 3289 1603 3359 inquit,
1620 3298 1772 3344 antea
1789 3304 1908 3345 sce-

340 3376 537 3439 leratis,
568 3379 672 3432 illis
697 3380 870 3448 impiis
899 3388 953 3434 et
980 3381 1342 3446 exsecrandis,
1371 3398 1488 3452 qua:
1512 3398 1606 3452 per
1634 3384 1904 3439 immunda

343 3469 595 3523 sacriﬁcia
623 3472 858 3541 quotidie
887 3473 1272 3540 pollnebantur,
1303 3474 1493 3544 quibus
1525 3475 1659 3531 filios
1687 3477 1900 3532 occide-

347 3560 502 3625 batis,
522 3564 765 3634 et‘tu’rpia
788 3564 1093 3633 patrabatis,
1122 3573 1177 3620 et
1195 3566 1449 3622 adversus
1475 3568 1643 3637 ipsam
1665 3578 1904 3623 naturam

343 3650 773 3721 contendebatis,
816 3654 892 3709 cis
938 3669 1076 3710 nunc
1120 3657 1349 3720 plaudite
1395 3659 1660 3714 manibus.
1687 3658 1911 3714 Jubilate

340 3738 448 3794 Deo
473 3741 662 3798 in‘voce
685 3744 1048 3799 exsultationls.
1080 3746 1276 3818 Lingua
1300 3748 1384 3802 illa
1410 3790 1424 3813 ,
1452 3764 1552 3819 qua
1585 3750 1907 3805 exsecranda

339 3835 613 3902 gustastis,
638 3850 740 3906 qua
765 3837 921 3893 verba
953 3839 1111 3907 impia
1151 3847 1207 3895 et
1243 3840 1548 3910 blasphema
1585 3842 1905 3912 protulislis,

342 3938 405 3977 ea
433 3923 659 3993 jubilale
677 3926 934 3984 canticum
962 3930 1213 3985 victoriae.
1242 3930 1423 3986 Solent
1450 3932 1590 3986 enim
1618 3933 1903 3999 exercitus,

345 4015 559 4086 quando
588 4017 867 4075 inclinatur
885 4021 1029 4076 acies
1057 4021 1309 4087 hostium,
1338 4037 1443 4076 non
1472 4024 1544 4077 uti
1571 4025 1783 4078 stataria
1814 4040 1907 4093 po-

339 4124 441 4177 gna
462 4149 478 4174 ,
508 4109 601 4164 scd
629 4111 877 4167 concordi
906 4127 1034 4169 voce
1058 4123 1110 4168 et
1134 4113 1365 4170 clamore
1390 4114 1583 4170 fractos
1598 4113 1706 4184 jam
1738 4125 1788 4170 et
1817 4117 1911 4169 ab.

337 4200 509 4269 jrctos
550 4216 736 4257 eorum
778 4204 984 4259 animos
1018 4219 1400 4274 conquassare;
1443 4206 1584 4277 quod
1630 4216 1713 4262 est
1753 4207 1910 4262 clarre

343 4292 576 4347 victoria:
616 4303 671 4349 et
713 4296 894 4364 troptei
937 4298 1223 4353 maximum
1262 4309 1652 4368 argumentum,
1699 4301 1911 4370 quando

340 4381 538 4436 bellum
569 4397 674 4437 non
705 4385 981 4453 manibus,
1015 4385 1110 4443 sed
1135 4387 1368 4444 clamore
1394 4388 1734 4455 decernitur,
1759 4388 1909 4459 isque

341 4470 464 4526 loco
489 4488 735 4529 manuum
764 4484 817 4531 et
840 4490 1105 4541 armorum
1131 4480 1343 4535 sufficit.

410 4561 467 4615 2.
505 4561 635 4618 Vicit
678 4565 946 4622 Diabolum
986 4567 1253 4638 Christus;
1285 4583 1641 4642 coutparuntur
1675 4576 1912 4642 beneﬁcia

340 4651 529 4706 collata
545 4653 598 4708 in
613 4652 824 4711 Iudaeos
849 4658 968 4711 olim
988 4674 1101 4714 cum
1129 4661 1381 4730 beneficiis
1412 4662 1466 4716 in
1494 4661 1810 4719 Christianos
1830 4667 1910 4736 ef-

341 4745 506 4812 fusis;
532 4744 908 4818 redarguuntur
923 4748 1180 4804 Anomwi.
1202 4780 1271 4793 --
1297 4752 1406 4808 lloc
1429 4769 1556 4824 ergo
1581 4757 1674 4810 funt
1704 4757 1914 4811 univer-

339 4831 669 4890 sum'Christi
695 4852 828 4907 opus
856 4855 871 4894 :
899 4838 1111 4895 difficile
1134 4842 1274 4896 enim
1299 4843 1401 4898 hoc
1426 4844 1618 4900 bellum
1644 4847 1757 4915 ipse
1776 4864 1907 4903 con-

341 4920 486 4987 fecit,
515 4923 635 4979 forti
656 4926 901 4999 alligato,
933 4930 1264 4999 supellectile
1282 4932 1397 5000 ejus
1426 4934 1671 5004 vasisque
1695 4938 1906 4993 ablatis.

342 5008 470 5067 Cum
513 5015 583 5070 sit
617 5024 793 5073 autem
834 5019 1088 5091 benignus
1125 5030 1180 5078 et
1217 5022 1486 5091 clemens,
1518 5040 1614 5081 eos
1652 5028 1740 5097 qui
1781 5030 1910 5084 nihil

341 5103 742 5172 laboraverant,
768 5110 989 5166 victoria
1030 5112 1131 5168 frui
1172 5113 1325 5184 jubet
1366 5124 1422 5170 et
1465 5118 1712 5184 tropmis,
1747 5127 1804 5173 ct
1844 5120 1910 5173 ad

338 5195 624 5264 epinicinm
674 5199 1003 5257 oﬂercodmn
1047 5218 1139 5259 eos
1186 5214 1465 5275 praeparat,
1507 5207 1725 5276 perinde
1760 5224 1823 5264 ac
1864 5211 1909 5265 si

337 5287 437 5358 ipsi
464 5292 693 5346 selecto
720 5295 1030 5363 geSsissenl,
1052 5305 1107 5350 et
1128 5298 1401 5354 vicissent.
1432 5299 1689 5368 Quocirca
1718 5315 1907 5358 omnes

334 5380 887 5452 quoqtie‘clamamus,
915 5401 1022 5441 non
1051 5386 1180 5443 voce
1198 5389 1376 5459 aliqua
1398 5391 1651 5454 obscura,
1683 5392 1776 5447 scd
1799 5393 1909 5448 cla-

332 5467 544 5524 riseima
572 5487 590 5527 :
615 5470 719 5527 Ubi
737 5482 1006 5542 61,1110”,
1027 5478 1259 5532 stimulus
1277 5480 1430 5535 tuus?
1460 5481 1544 5534 ubi
1572 5492 1661 5543 est,
1691 5485 1906 5553 inferne,

331 5568 421 5612 tua
439 5561 646 5616 vietor-ia
670 5566 748 5637 (1.
778 5565 896 5622 Cor.
926 5568 1162 5636 15.755)?
1192 5569 1257 5624 Et
1279 5575 1745 5629 rursusmscendit
1774 5574 1908 5631 Deus

331 5655 384 5706 in
402 5657 569 5723 iubilo
597 5658 670 5729 (υ.
699 5659 778 5729 ϐ).
830 5659 940 5715 Hoc
967 5663 1106 5717 enim
1132 5666 1184 5717 in
1214 5665 1556 5722 hoc-Psalmo
1580 5669 1776 5723 dictum
1801 5680 1901 5724 est.

334 5747 609 5806 l-Zt'rursus
637 5750 764 5805 alibi
795 5768 809 5805 :
838 5751 1116 5808 Διί-θυιάὶπί
1146 5757 1198 5809 in
1231 5757 1389 5810 altum
1410 5799 1423 5821 ,
1456 5759 1706 5829 captivam
1721 5759 1905 5827 cepisti

1404 352 1767 413 'EXPOSITIO
1806 350 1867 405 lN
1910 348 2222 407 PSAHIUM
2266 353 2441 410 XLVI.

3474 362 3577 415 ΞΝ)

1997 464 2351 529 captivitatem,
2374 468 2608 529 arrepiin
2627 467 2759 518 dona
2783 466 2833 519 in
2856 468 3136 523 hominibus
3165 467 3335 538 (Psal.
3360 471 3569 538 67.19;

1997 552 2136 621 Eph.
2167 555 2220 608 4.
2250 554 2323 626 8).
2373 555 2691 611 Obtulerunt
2736 558 2893 611 ctiam
2941 559 3224 628 aliquando
3261 560 3429 615 .ludzei
3474 563 3570 633 by-

1999 658 2178 697 mnum
2226 659 2320 714 pro
2354 646 2591 710 victoria,
2640 649 2850 716 quando
2898 649 2950 703 in
2991 650 3123 703 mari
3167 649 3266 705 fuit
3301 650 3577 709 demersus

1998 733 2366 805 Egyptiorum
2405 738 2666 792 exercitus
2683 780 2697 801 ,
2727 740 2965 794 dicentes
2993 756 3008 794 :
3031 740 3281 795 Cauamus
3308 742 3526 797 Domino
3555 760 3576 799 :

1996 824 2210 893 gloriose
2227 826 2357 878 enim
2384 827 2691 896 gloriﬁcalus
2719 838 2790 882 est
2821 828 3009 897 (Exod.
3037 830 3123 885 15.
3149 832 3226 901 1).
3256 830 3359 886 Sed
3390 841 3568 887 nostra

1997 926 2078 970 cSt
2106 917 2269 971 multo
2296 919 2479 987 major.
2513 935 2617 972 non
2651 919 2912 991 Aigyptiis
2940 922 3216 988 demersis,
3245 923 3339 979 sed
3367 923 3572 979 daemoo

2001 1007 2155 1061 nibus
2185 1025 2199 1061 :
2229 1023 2332 1062 non
2375 1009 2651 1064 Pharaone
2689 1020 2969 1080 superato,
3016 1012 3109 1067 sed
3154 1013 3365 1069 diabolo
3408 1032 3422 1069 :
3467 1029 3570 1070 non

1997 1099 2163 1152 armis
2190 1100 2361 1168 captis
2382 1100 2715 1156 sensibilibus
2734 1142 2750 1167 ,
2782 1102 2875 1156 sed
2910 1103 3115 1158 sublata
3152 1105 3384 1175 nequitia
3416 1124 3431 1161 :
3465 1122 3569 1160 non

1999 1186 2052 1240 in
2091 1186 2271 1242 Rubro
2308 1190 2462 1253 mari,
2489 1189 2581 1243 sed
2630 1190 2681 1242 in
2726 1190 2937 1246 lavacro
2976 1195 3432 1262 regenerationis:
3467 1212 3570 1250 non

1997 1278 2388 1345 egredientibus
2424 1279 2477 1333 in
2516 1290 2709 1335 terram
2751 1283 3146 1350 promissionis,
3181 1285 3273 1339 sed
3306 1286 3356 1339 in
3382 1287 3571 1342 celum

2001 1367 2331 1421 tendentibus
2362 1384 2376 1420 :
2408 1382 2511 1423 non
2557 1384 2746 1424 manna
2789 1373 3193 1428 comedentibus
3235 1374 3445 1446 (Exod.
3483 1377 3569 1430 lti.

2005 1456 2116 1527 l4),
2144 1457 2234 1511 sed
2261 1457 2526 1512 dominico
2553 1474 2777 1530 corpore
2804 1464 3138 1517 vescentibus
3161 1464 3334 1533 (Joan.
3357 1466 3413 1522 6.
3440 1465 3569 1535 5|):

2002 1564 2104 1602 non
2129 1564 2318 1618 aquam
2362 1566 2393 1606 c
2428 1560 2575 1619 petra
2621 1553 2948 1619 bibentibus,
2981 1555 3074 1610 sed
3102 1558 3408 1626 sanguinem
3438 1574 3470 1613 e
3500 1559 3567 1610 la-

2002 1649 2114 1695 tere
2157 1640 2365 1710 (Exod.
2409 1644 2494 1698 17.
2545 1642 2643 1713 6
2687 1644 2806 1698 Ideo
2841 1646 2966 1699 dicit
2995 1663 3008 1701 :
3040 1645 3279 1701 Plaudite
3317 1648 3570 1715 manibus,

1999 1730 2138 1799 quod
2180 1732 2385 1786 liberati
2427 1746 2457 1785 a
2495 1733 2648 1802 lignis
2685 1742 2739 1788 ct
2782 1735 3060 1804 lapidibus,
3089 1739 3270 1803 είιειος,
3315 1746 3369 1792 et
3412 1738 3573 1792 caelos

2000 1823 2247 1877 czclorum
2279 1824 2708 1879 transcenderitis
2730 1865 2746 1890 ,
2780 1835 2835 1880 et
2868 1827 2933 1881 ad
2961 1828 3131 1895 ipsum
3160 1829 3358 1897 regium
3382 1830 3570 1883 solium

1999 1915 2269 1970 steteritis.
2296 1916 2522 1970 'Jubilate
2549 1932 2677 1987 ergo
2700 1917 2805 1972 Deo
2825 1960 2839 1984 ,
2871 1918 2972 1972 hoc
2999 1928 3081 1973 eat
3101 1962 3114 1982 ,
3147 1919 3219 1972 illi
3245 1920 3429 1974 offerte
3452 1930 3570 1990 gra-

2003 2008 2189 2061 tiarum
2231 2006 2492 2061 actionem
2517 2049 2533 2074 ,
2571 2009 2643 2062 illi
2688 2009 2984 2075 victoriam,
3018 2010 3091 2062 illi
3139 2019 3413 2078 tropa‘um.
3458 2009 3571 2064 Non

2001 2109 2081 2153 est
2121 2099 2313 2152 bellum
2343 2099 2627 2154 humanum
2649 2142 2662 2164 ,
2691 2115 2791 2155 nec
2816 2116 2982 2170 pugna
3014 2102 3279 2155 sensibilis
3308 2120 3321 2154 :
3357 2118 3451 2155 nec
3479 2114 3576 2170 pro

2000 2190 2177 2259 aliquo
2197 2203 2380 2244 eorum
2407 2205 2524 2259 qua:
2562 2190 2627 2244 ad
2668 2191 2803 2244 hanc
2830 2191 2989 2244 vitam
3022 2193 3305 2259 pertinent,
3335 2190 3574 2245 decerta-

2004 2291 2106 2344 tur,
2135 2282 2228 2336 sed
2253 2295 2347 2350 pro
2373 2281 2517 2335 caelis
2539 2282 2697 2351 ipsis,
2723 2290 2777 2335 et
2803 2281 2865 2335 iis
2893 2296 3012 2350 quae
3041 2292 3165 2336 sunt
3191 2282 3241 2334 in
3263 2283 3426 2335 cadis.
3459 2282 3573 2350 ipse

2002 2374 2112 2427 suis
2134 2374 2379 2443 auspiciis
2400 2389 2600 2443 suoque
2618 2373 2774 2429 ductu
2797 2374 2897 2428 hoc
2922 2375 3116 2428 bellum
3138 2375 3394 2429 confecit:
3416 2376 3566 2429 nobis

2002 2473 2179 2519 autent
2209 2465 2477 2519 victoriam
2510 2463 2779 2533 impertiit.
2834 2463 3085 2529 Quoniam
3123 2462 3370 2519 Dominus
3410 2466 3599 2519 «ξετερι-⁷

2002 2568 2107 2619 sus,
2147 2556 2403 2622 terribilis,
2431 2572 2521 2610 rex
2551 2572 2762 2626 magnus
2795 2573 2944 2622 super
2986 2573 3178 2610 omnem
3221 2567 3423 2611 terram.
3472 2558 3568 2613 Ubi

2005 2664 2144 2703 nunc
2172 2658 2292 2703 sunt
2316 2649 2403 2718 qui
2431 2647 2714 2701 detrahunt
2738 2647 2921 2717 gloria:
2961 2647 3262 2716 Unigeniti?
3307 2649 3441 2702 Ecce
3482 2663 3572 2703 rex

2005 2756 2225 2810 magnus
2252 2740 2442 2795 dicitur
2462 2739 2647 2799 Filius,
2676 2739 2814 2810 quod
2842 2739 2908 2792 de
2937 2740 3090 2792 Patre
3114 2740 3308 2792 dictum
3340 2748 3422 2792 est
3453 2756 3467 2790 :
3494 2738 3576 2792 Ne

1993 2834 2248 2907 juraseris
2294 2835 2457 2899 enim,
2491 2833 2676 2901 inquit,
2709 2846 2864 2899 neque
2882 2830 2930 2883 in
2964 2830 3106 2895 creto,
3134 2830 3366 2899 quonimn
3390 2839 3462 2883 est
3490 2845 3570 2882 se—

2004 2927 2090 2981 des
2139 2928 2247 2997 rjns
2271 2942 2291 2980 :
2318 2941 2472 2995 neque
2512 2926 2565 2977 in
2609 2922 2912 2984 Jerusalem,
2954 2923 3072 2984 quia
3111 2932 3182 2974 est
3228 2922 3400 2975 civitas
3446 2922 3576 2992 regis

2009 3018 2218 3089 (Matth.
2240 3017 2291 3072 5.
2325 3018 2411 3071 54.
2441 3016 2509 3071 55
2616 3014 2681 3068 Ει
2711 3027 2892 3067 rursus
2919 3012 3042 3067 alibi
3073 3030 3086 3064 :
3122 3012 3256 3065 Deus
3280 3012 3421 3082 {ortis
3442 3052 3456 3073 ,
3487 3029 3577 3080 po-

2006 3121 2112 3165 tens
2139 3109 2287 3182 (Isai.
2315 3110 2369 3165 9.
2398 3107 2483 3178 6);
2511 3108 2650 3178 quod
2680 3115 2760 3161 est
2792 3120 2903 3159 rex.
2943 3105 3163 3171 Quando
3193 3120 3318 3174 ergo
3346 3106 3578 3159 audit-ris

2005 3203 2311 3258 crucifixum
2341 3216 2459 3255 esse
2492 3201 2799 3261 Dominam,
2834 3198 2992 3252 fuisse
3022 3204 3313 3266 scpu'tum,
3348 3199 3410 3250 ad
3440 3197 3576 3250 info-

2007 3294 2176 3348 riorcs
2221 3302 2373 3346 terra:
2415 3299 2590 3361 partes
2631 3288 2986 3354 descendisse,
3016 3304 3083 3342 ne
3111 3287 3322 3352 labaris,
3352 3302 3450 3342 nec
3478 3302 3573 3341 an-

2006 3386 2148 3455 garis
2176 3402 2190 3432 τ
2214 3392 2295 3439 est
2318 3383 2457 3438 enim
2481 3381 2786 3445 altissimus,
2811 3390 2863 3433 et
2889 3391 3069 3433 natura
3098 3379 3381 3433 altissimus
3425 3379 3573 3447 Quod

2007 3482 2090 3528 est
2123 3482 2298 3527 autem
2341 3472 2506 3525 altum
2552 3479 2758 3536 natura,
2786 3468 2854 3525 ab
2894 3469 3167 3525 altitudine
3201 3470 3416 3524 minime
3456 3485 3576 3523 um-

2008 3580 2164 3634 quam
2191 3562 2491 3625 recesserit,
2518 3576 2619 3616 nec
2647 3560 2843 3616 humile
2873 3560 3024 3614 l‘uerit
3054 3577 3066 3612 :
3091 3559 3182 3615 sed
3209 3560 3367 3615 etiam
3400 3561 3449 3612 in
3479 3560 3578 3613 lm-

2010 3659 2229 3713 militatc
2262 3657 2378 3726 ejus
2417 3655 2638 3709 altitudo
2677 3662 2854 3708 manet
2888 3661 2944 3708 et
2979 3651 3292 3708 ostenditur.
3338 3652 3468 3707 Nam
3496 3653 3576 3707 vel

2012 3759 2250 3805 mortuus
2278 3750 2505 3803 maxime
2532 3746 2765 3803 ostendit
2782 3760 2929 3799 suam
2954 3744 3005 3798 in
3025 3755 3245 3798 mortem
3268 3745 3576 3813 potentiam.

2010 3845 2127 3899 Lua:
2149 3844 2200 3898 in
2228 3842 2435 3896 tenebris
2464 3846 2613 3905 lucet,
2647 3840 2850 3908 inquit,
2876 3847 2924 3891 et
2950 3838 3164 3891 tenebras
3186 3853 3294 3889 eam
3327 3853 3424 3890 non
3447 3854 3583 3890 conn-

2010 3936 2374 4007 prehenderunt
2400 3933 2623 4000 (Jaan.l
2679 3932 2736 3998 5)
2760 3945 2774 3982 :
2800 3930 2866 3982 ita
2893 3928 3049 3982 etiam
3081 3928 3130 3980 in
3154 3927 3445 3981 humilitate
3466 3925 3583 3993 ejus

2010 4027 2230 4081 altitudo
2269 4024 2528 4095 apparuit.
2571 4022 2702 4075 Vide
2727 4036 2854 4088 ergo
2879 4020 3049 4088 ipsum
3071 4061 3086 4083 ,
3112 4019 3237 4072 dum
3265 4025 3403 4071 esset
3443 4017 3581 4085 apud

2011 4117 2206 4172 inferos
2228 4157 2243 4179 ,
2273 4115 2355 4169 vel
2382 4114 2484 4167 alta
2515 4112 2712 4181 qumvis
2731 4110 3136 4165 concutientem.
3176 4106 3264 4162 Sol
3294 4106 3433 4161 enim
3460 4116 3584 4159 tunc

2011 4207 2282 4262 avertebat
2310 4203 2506 4269 radios,
2537 4210 2695 4270 peti-.1:
2726 4199 3089 4262 findebantur,
3120 4206 3174 4251 et
3199 4196 3370 4250 velum
3403 4196 3581 4264 templi

2012 4296 2455 4366 abrumpebatur,
2483 4304 2620 4347 terra
2650 4291 2962 4344 movebatur
2980 4330 2995 4353 ,
3027 4287 3188 4342 Judas
3216 4288 3586 4357 strangulabu-

2016 4400 2118 4453 tur,
2142 4388 2342 4443 Pilatus
2385 4395 2439 4440 et
2475 4385 2589 4454 ejus
2633 4399 2767 4437 uxor
2809 4383 3163 4445 terrelmutur,
3203 4381 3316 4449 ipse
3336 4379 3498 4450 judex
3526 4394 3586 4435 se

2012 4481 2344 4538 defendebat.
2373 4476 2595 4546 Quando
2623 4490 2748 4544 ergo
2775 4471 3024 4537 audieris,
3057 4487 3175 4526 eum
3206 4472 3435 4525 vinctum
3465 4484 3588 4526 esse

2013 4583 2067 4628 et
2091 4572 2264 4643 ﬂagris
2282 4584 2501 4632 czesum,
2529 4582 2595 4622 ne
2619 4563 2953 4620 conl'uudaris
2974 4579 2987 4615 :
3010 4561 3101 4616 sed
3125 4560 3244 4615 vide
3265 4576 3385 4615 eum
3404 4569 3585 4614 Osteno

2013 4664 2225 4718 dentem
2255 4660 2542 4730 potentiam
2583 4658 2664 4712 vel
2711 4656 2763 4709 in
2799 4654 3040 4709 vinculis.
3073 4652 3212 4707 Dixit
3237 4653 3400 4716 enim,
3428 4652 3586 4716 Quem

2013 4755 2235 4824 qmeritis
2263 4751 2456 4821 (Joan.
2486 4751 2573 4805 18.
2601 4749 2635 4804 At
2657 4748 2714 4817 )‘l
2748 4756 2802 4801 et
2834 4759 3021 4800 omnes
3045 4743 3188 4797 humi
3218 4743 3434 4811 supinos
3466 4757 3590 4810 [οι-ο.

2014 4846 2222 4902 stravit.
2245 4844 2401 4898 Vides
2422 4856 2577 4911 quam
2603 4841 2668 4894 sit
2702 4837 2968 4901 terribilis,
2983 4835 3074 4905 qui
3102 4834 3212 4888 sola
3236 4848 3362 4888 voce
3383 4842 3437 4887 et
3454 4842 3586 4885 lllllu

2016 4951 2157 4994 tanta
2191 4935 2382 4992 faciat?
2410 4933 2631 5001 Quando
2656 4946 2781 5000 ergo
2808 4929 3000 4983 videris
3025 4943 3146 4982 eum
3171 4935 3435 4980 mortumn
3456 4965 3471 4988 ,
3505 4923 3589 4977 fac

2014 5033 2191 5085 animo
2232 5027 2433 5098 cogites
2465 5026 2728 5080 sublatum
2778 5022 3034 5092 lapidem,
3074 5021 3288 5085 angelos
3333 5015 3423 5085 qui
3464 5030 3584 5069 cum

2015 5132 2156 5175 metu
2186 5120 2250 5176 ad
2277 5118 2578 5189 sepulcrum
2607 5122 2842 5178 manent,
2869 5110 3067 5165 inferos
3094 5110 3180 5178 qui
3209 5106 3586 5173 refringuntur,

2016 5224 2238 5267 mortem
2256 5224 2372 5281 qum
2390 5209 2738 5270 consumitur,
2759 5203 2996 5272 captivos
3014 5200 3326 5254 liberautem
3354 5217 3368 5251 :
3387 5204 3443 5250 et
3461 5203 3586 5250 tunc

2003 5317 2202 5360 cernes
2227 5317 2382 5371 quam
2411 5301 2480 5355 sit
2499 5295 2766 5354 terribilis.
2797 5293 2854 5355 Si
2875 5300 3050 5347 autem
3077 5291 3128 5344 in
3150 5290 3266 5357 ipso
3286 5285 3588 5357 ignominim

2000 5406 2253 5461 tempore
2297 5401 2437 5445 tanta
2467 5390 2621 5453 fecit,
2660 5387 2713 5443 in
2743 5386 2909 5450 ca-lo,
2965 5382 3019 5436 in
3054 5388 3205 5434 terra
3227 5420 3240 5438 .
3267 5376 3405 5448 apud
3448 5377 3584 5433 inte-

2015 5500 2148 5541 ros:
2178 5482 2302 5552 quid
2347 5492 2452 5534 non
2496 5478 2650 5533 faciet
2694 5485 2934 5543 tempore
2977 5470 3133 5524 futuri
3173 5470 3253 5525 sui
3295 5469 3589 5525 adventus?

2017 5575 2151 5631 Audi
2178 5573 2300 5644 quid
2328 5573 2503 5626 dicant
2527 5570 2796 5622 daemones
2825 5574 3065 5633 tempore
3089 5561 3431 5629 humilitatis,
3459 5578 3590 5633 spu-

2014 5675 2239 5726 mantes,
2266 5659 2472 5716 vincula
2509 5659 2776 5712 solventes
2793 5694 2809 5720 ,
2849 5653 3173 5708 inaccessam
3197 5652 3337 5708 viam
3355 5653 3593 5709 redden-

2014 5768 2097 5810 tes
2128 5772 2142 5808 :
2177 5753 2312 5821 Quid
2354 5749 2496 5805 nobis
2533 5757 2577 5803 et
2620 5747 2726 5807 tibi,
2769 5745 2875 5799 Fili
2917 5742 3057 5797 Dei?
3101 5741 3291 5799 Venisti
3330 5743 3428 5796 huc
3454 5750 3580 5796 ante
