4084 6278
456 464 650 517 tempus
671 456 895 516 torquere
922 460 1011 497 nos
1041 443 1248 515 (Jlatth.
1273 442 1326 496 8.
1355 441 1489 510 29)?
1515 439 1570 494 Si
1593 454 1718 509 ergo
1746 439 1858 492 hzec
1886 448 2031 500 tunc,

455 537 666 606 quando
696 534 960 598 adveniet,
982 543 1035 586 ιιι
1060 540 1344 602 potestates
1366 531 1616 584 ett-lorum
1645 529 2034 589 concutiuntur,

456 642 512 684 et
535 631 613 684 sol
647 641 934 682 conversus
963 627 1118 678 fuerit
1143 626 1194 678 in
1224 623 1500 687 tenebras,
1531 632 1584 675 et
1617 622 1733 674 luna
1763 637 1865 673 non
1894 619 2039 672 dabit

461 723 632 776 lucem
656 736 802 774 suam
833 718 1040 786 (Matth.
1075 719 1163 771 24.
1204 716 1315 786 ‘29),
1351 714 1476 784 quid
1505 714 1722 768 dicent?
1756 714 2036 781 Propterea

461 811 587 866 dicit
618 829 629 864 :
658 810 929 873 Excelsus,
973 808 1225 861 terribilis.
1276 806 1364 858 Vel
1409 806 1581 874 potius
1603 845 1617 869 ,
1647 804 1771 872 quid
1798 804 1913 871 quis
1945 817 2038 871 pro

457 903 711 972 dignitate
728 899 936 962 dixerit,
955 900 1094 952 diem
1116 900 1258 951 illum
1277 913 1516 959 narrans,
1533 895 1742 965 quando
1762 895 1932 948 mittet
1947 911 2043 946 an-

458 993 604 1062 gelos
633 992 1036 1060 peruniversum
1063 989 1244 1043 orbem
1277 998 1428 1042 terra:
1449 986 1613 1055 (Ibid.
1635 987 1803 1055 v.51),
1831 985 2039 1054 quando

460 1085 634 1136 omnia
666 1084 1052 1140 concutientur.
1082 1081 1292 1150 quando
1321 1090 1456 1133 terra
1488 1078 1784 1132 movebitur
1811 1077 2039 1131 reddens

462 1186 790 1230 mortuorum
821 1174 1143 1244 depositum,
1162 1171 1372 1243 quando
1398 1169 1793 1225 innumerabilia
1816 1183 2038 1238 corpora

463 1268 867 1334 excitabuntur,
913 1267 1124 1336 quando
1171 1265 1356 1319 caslum
1399 1264 1560 1317 veluti
1605 1263 1779 1317 velum
1827 1261 2040 1330 aliquod

458 1357 838 1421 contrahetur;
902 1356 1114 1426 quando
1171 1363 1430 1409 statuetur
1487 1354 1722 1407 terribile
1774 1351 2036 1415 triliunal,

460 1450 670 1516 quando
692 1448 832 1502 fluvii
856 1448 989 1516 ignis
1017 1447 1310 1512 trahentur,
1337 1445 1546 1516 quando
1573 1444 1692 1498 libri
1712 1445 2040 1513 aperientur,

459 1539 672 1609 quando
701 1554 816 1609 qum
842 1540 910 1593 ab
937 1555 1253 1608 unoquoque
1279 1539 1329 1592 in
1363 1537 1594 1592 tenebris
1632 1536 1764 1588 facta
1809 1534 2035 1593 fuerint.

460 1629 512 1682 in
556 1630 792 1684 medium
839 1629 1227 1699 producentur;
1273 1629 1484 1700 quando
1531 1629 1635 1682 illa:
1684 1626 2040 1681 intolerabiles

459 1733 630 1787 paena:
675 1734 737 1772 ac
781 1719 1060 1788 supplicia,
1087 1719 1298 1788 quando
1336 1717 1668 1772 minabunda:
1715 1724 2036 1784 potestates,

457 1811 671 1879 quando
698 1811 864 1865 stricti
895 1810 1052 1879 gladii
1078 1852 1092 1876 ,
1132 1810 1343 1880 quando
1372 1810 1473 1863 erit
1493 1808 1738 1862 abductio
1763 1808 1814 1861 in
1842 1806 2040 1876 gehen-

461 1915 613 1964 nam;
643 1900 854 1969 quando
877 1900 1052 1954 omnis
1078 1901 1271 1969 peribit
1294 1899 1601 1963 auctoritas,
1636 1900 2034 1967 imperatorum,

459 1988 675 2056 dueutn,
722 1990 1036 2055 consulum,
1087 2000 1140 2044 et
1191 1989 1505 2058 praesidum;
1558 1987 1766 2057 quando
1810 1985 2038 2039 adfuerit

461 2089 639 2133 tantus
675 2080 982 2148 angelorum
1026 2081 1248 2149 populus
1272 2123 1287 2146 ,
1319 2079 1529 2149 quando
1562 2087 1849 2148 martyrum
1869 2120 1882 2142 ,
1917 2092 2038 2146 pro-

461 2169 736 2238 phetarum
757 2210 773 2235 ,
811 2171 1168 2240 apostolorum
1195 2211 1211 2235 ,
1254 2171 1588 2225 sacerdotum
1610 2210 1625 2236 ,
1658 2168 2035 2222 monachorum

457 2259 722 2323 examina,
749 2261 960 2329 quando
988 2261 1072 2314 illa
1098 2260 1378 2314 ineffabilia
1408 2261 1643 2329 prtemia,
1672 2258 1883 2328 quando
1911 2259 2035 2312 bra-

459 2352 564 2416 via,
589 2352 800 2420 quando
824 2367 1054 2419 coronm,
1083 2352 1292 2420 quando
1318 2352 1474 2416 bona,
1505 2367 1624 2420 qua:
1650 2365 1860 2405 omnem
1889 2365 2036 2403 mcu-

458 2455 564 2498 tetn
595 2454 846 2513 superant
877 2444 1032 2514 (Dan.
1063 2446 1114 2498 7.
1145 2445 1236 2512 9)?

530 2537 585 2589 ὃ.
616 2537 744 2600 Qum
766 2537 934 2590 oratio
957 2537 1071 2591 hate
1095 2538 1361 2605 explicare
1388 2537 1618 2606 poterit?
1647 2537 1702 2591 Si
1727 2537 1866 2591 enim
1889 2551 2037 2590 crea-

459 2625 656 2679 tionem
689 2625 941 2694 prOpheta
975 2635 1319 2696 persequutus
1342 2669 1358 2694 ,
1381 2626 1692 2696 defatigatus
1719 2637 1800 2681 est
1827 2636 1876 2679 et
1905 2626 2036 2680 resi-

459 2717 557 2782 liit,
583 2715 766 2770 (licens
797 2733 809 2768 :
841 2717 1006 2782 Quam
1032 2717 1353 2786 magniﬁcam
1376 2729 1490 2772 sunt
1518 2735 1671 2786 opera
1697 2728 1801 2783 tua,
1825 2716 2036 2770 Domine

459 2806 626 2873 (Psal.
663 2809 748 2862 9|.
780 2810 854 2877 6)!
881 2818 934 2861 ct
956 2809 1145 2863 Paulus
1167 2826 1326 2863 unum
1354 2825 1520 2879 genus
1551 2823 1884 2878 perscrutans
1915 2826 2037 2878 pro-

459 2901 724 2962 videntia;
756 2902 1100 2965 exclamavit,
1145 2902 1364 2956 dicens:
1401 2902 1444 2955 0
1491 2903 1705 2957 altitudo
1749 2905 2034 2958 divitiarum

458 2991 632 3057 (Rom.
668 2991 752 3044 il.
782 2992 906 3061 55)!
948 2991 1072 3059 quid
1099 2992 1291 3048 dixerit
1315 2993 1571 3060 quispiam
1602 2993 1738 3046 diem
1770 2994 1910 3046 illum
1937 2994 2034 3047 de-

455 3079 733 3134 scribens?
786 3083 910 3133 Haec
956 3080 1134 3134 omnia
1186 3096 1306 3135 cum
1357 3081 1684 3148 praevidisset
1738 3082 2032 3152 prOpheta,

459 3168 593 3222 dixit
622 3186 637 3223 :
665 3167 913 3223 Dominus
947 3171 1168 3223 excelsus
1188 3212 1202 3236 ,
1233 3172 1486 3235 terribilis,
1514 3187 1603 3225 rea:
1635 3189 1845 3242 magnus
1887 3191 2036 3243 super

459 3277 653 3313 omnem
683 3271 885 3326 terram,
918 3261 1060 3316 orbis
1102 3261 1324 3315 salutem
1364 3261 1668 3316 ostendens.
1701 3263 1826 3317 Erat
1861 3264 2036 3333 itaque

458 3353 618 3405 etiam
665 3362 820 3407 antea
862 3369 953 3407 rex
994 3368 1247 3422 magnus,
1286 3353 1381 3409 sed
1421 3355 1777 3424 ignorabatur.
1812 3356 2036 3411 Mundus

459 3444 600 3497 enim
648 3460 736 3513 per
779 3445 944 3514 ipsum
982 3449 1147 3515 factus
1183 3455 1276 3511 est,
1312 3455 1358 3499 et
1395 3449 1628 3513 mundus,
1659 3450 1845 3519 inquit,
1871 3450 2035 3518 ipsum

461 3552 559 3587 non
600 3535 829 3604 cognovit
870 3535 1063 3603 (Joan.
1098 3539 1148 3590 t.
1182 3537 1288 3603 l0).
1329 3537 1476 3591 Nunc
1501 3548 1676 3593 autem
1706 3539 1807 3594 hoc
1829 3557 2038 3610 quoque

463 3627 714 3693 praeclare
753 3627 918 3696 gessit
938 3669 951 3690 ,
979 3628 1118 3695 quod
1145 3644 1239 3682 nos
1267 3629 1364 3682 sibi
1395 3628 1746 3686 familiaritate
1767 3633 2038 3702 jungendo

463 3734 554 3771 rex
601 3734 821 3788 magnus
869 3719 1087 3773 effectus
1131 3729 1232 3773 cst.
1277 3720 1468 3788 Quidni
1512 3723 1652 3776 enim
1683 3740 1923 3794 magnus,
1949 3727 2038 3794 qui

463 3825 724 3880 pauperes
753 3812 1059 3879 piscatores,
1086 3811 1380 3877 illiteratos,
1405 3813 1592 3867 idiotas
1619 3830 1838 3869 numero
1871 3817 2040 3871 nude-

462 3901 587 3959 cim,
621 3899 896 3963 obscuros,
929 3901 1258 3969 peregrinos,
1279 3904 1446 3971 magis
1469 3913 1640 3957 mutos
1660 3920 1814 3974 quam
1847 3907 2037 3974 pisces,

465 3989 673 4043 unicam
717 3991 945 4045 tunicam
996 3991 1268 4055 habentes,
1315 3993 1507 4046 calceis
1553 4005 1814 4056 carentes,
1848 3997 2038 4063 nudos,

465 4097 560 4150 per
590 4080 898 4134 universum
929 4082 1111 4136 orbem
1141 4092 1397 4136 terrarum
1430 4085 1570 4138 misit
1601 4083 1620 4157 (
1644 4085 1828 4139 Matth.
1861 4088 1944 4141 l0.
1975 4089 2038 4153 9;

465 4174 593 4227 Luc.
620 4177 706 4232 it).
735 4174 828 4246 4),
858 4184 912 4230 et
939 4175 1100 4231 veluti
1131 4178 1376 4233 mandato
1408 4197 1593 4234 omnes
1617 4183 1795 4250 cepit?
1827 4182 1936 4236 Hoc
1962 4192 2044 4236 est

466 4283 591 4322 vere
620 4283 738 4323 esse
766 4285 943 4339 regem
971 4286 1216 4341 magnum
1245 4274 1367 4342 :qui
1396 4275 1696 4329 universum
1724 4277 1904 4329 orbem
1936 4285 2043 4329 ter-

467 4377 540 4414 ra:
565 4377 745 4415 errore
774 4363 1029 4426 liberavit,
1063 4377 1116 4419 et
1150 4365 1294 4418 brevi
1335 4367 1587 4434 temporis
1613 4377 1881 4421 momento
1904 4368 2044 4422 veri-

471 4465 631 4508 tatem
673 4457 919 4519 reduxit,
960 4469 1013 4511 et
1055 4458 1251 4512 diaboli
1297 4461 1624 4530 tyrannidem
1673 4462 1923 4513 sustulit:
1957 4463 2044 4529 qui

471 4547 630 4600 etiam
659 4557 941 4615 antequam
963 4559 1140 4602 essent
1164 4550 1251 4618 qui
1277 4555 1322 4603 ei
1347 4562 1627 4618 parerent,
1657 4562 1771 4606 erat
1809 4569 1899 4605 rex
1932 4569 2046 4605 ma-

471 4650 626 4702 gnus,
651 4651 754 4687 non
784 4635 982 4690 habens
1011 4638 1060 4690 in
1093 4639 1260 4691 servis
1280 4639 1382 4692 vim
1409 4641 1632 4708 imperii,
1659 4657 1762 4695 non
1790 4643 1839 4695 in
1872 4642 2048 4710 specie

471 4739 535 4776 ac
567 4725 817 4790 vestibus,
850 4727 942 4780 sed
973 4728 1022 4780 in
1055 4729 1162 4795 ipsa
1191 4739 1394 4783 natura.
1425 4731 1534 4800 Ego
1561 4735 1722 4799 enim,
1751 4736 1951 4805 inquit,
1982 4735 2050 4787 ad

473 4820 567 4869 hoc
591 4828 738 4870 natus
758 4834 866 4870 sum
897 4817 1073 4887 (Joan.
1099 4820 1184 4874 18.
1210 4822 1320 4891 57).
1357 4823 1465 4876 l-loc
1489 4834 1705 4879 estesse
1729 4843 1906 4895 regem
1937 4843 2050 4880 ma-

472 4927 632 4982 gnum
671 4927 686 4964 :
715 4913 800 4980 qui
844 4928 946 4965 non
979 4913 1135 4967 habet
1164 4912 1418 4968 honorem
1439 4918 1765 4971 extrinsecus
1795 4920 2007 4973 allatum
2033 4959 2049 4986 ,

471 5006 561 5075 qui
591 5004 731 5058 nulla
763 5021 820 5058 re
847 5022 982 5076 optts
1018 5006 1178 5061 habet
1215 5016 1270 5060 ut
1317 5009 1384 5061 sit
1424 5025 1536 5073 rex,
1582 5012 1670 5079 qui
1711 5009 1836 5064 facit
1873 5013 2050 5065 omnia

473 5114 822 5169 (timeumque
848 5101 977 5154 vult.
1020 5098 1213 5155 Euntes
1251 5102 1415 5167 enim,
1449 5103 1649 5172 inquit,
1690 5105 1859 5157 docete
1886 5121 2052 5157 omnes

473 5201 642 5260 gentes
668 5190 857 5259 (Marc.
882 5190 968 5246 16.
994 5191 1112 5261 15);
1145 5200 1199 5246 et
1221 5207 1400 5246 sermo
1427 5193 1476 5247 iu
1503 5208 1637 5262 Opus
1659 5194 1873 5249 exibat:
1905 5193 2050 5259 Volo,

478 5282 719 5336 mundare
744 5281 957 5349 (Matth.
989 5283 1040 5338 8.
1073 5281 1150 5356 3).
1179 5283 1289 5338 Tibi
1314 5285 1446 5349 dico,
1477 5285 1782 5340 dtemonium
1806 5289 2012 5342 surdum
2037 5330 2052 5354 ,

476 5374 707 5440 egredere
728 5372 789 5427 ab
818 5375 948 5444 ipso.
973 5373 1124 5440 Tace,
1152 5377 1432 5430 obmutesce
1454 5375 1642 5447 (Marc.
1666 5377 1718 5432 9.
1741 5377 1830 5433 24.
1857 5388 1908 5433 et
1932 5395 1977 5432 c.
2001 5380 2052 5432 4.

475 5461 592 5531 59).
623 5461 700 5516 Ite
723 5464 776 5518 in
801 5465 967 5536 ignem
989 5475 1232 5520 (sternam
1257 5467 1345 5537 qui
1364 5477 1570 5536 paratus
1597 5478 1668 5524 est
1697 5469 1916 5523 diabolo.
1960 5469 2052 5523 Ve-

477 5556 600 5617 nite,
621 5556 867 5623 possidete
888 5567 1120 5626 paratum
1139 5559 1274 5612 vobis
1295 5576 1503 5630 regnum
1521 5571 1637 5614 ante
1659 5563 2060 5615 constitutionem

483 5648 657 5699 mundi
694 5647 711 5715 (
736 5647 917 5701 Matth.
945 5650 1036 5705 25.
1068 5652 1156 5705 41.
1191 5661 1243 5704 et
1271 5651 1387 5720 5i).
1421 5651 1580 5706 Vides
1609 5653 1802 5722 ubique
1827 5662 2062 5722 potesta-

486 5737 632 5791 tein?
657 5736 806 5791 vides
824 5738 1154 5807 potentiam?
1191 5741 1262 5796 Ita
1292 5745 1431 5797 enim
1464 5745 1599 5813 cepit
1630 5759 1721 5799 eos
1750 5746 1838 5812 qui
1868 5761 2058 5814 paruo-

1258 329 1316 385 S.
1343 327 1614 384 JOANNIS
1651 324 2120 382 CHRYSOSTOMI
2159 322 2471 377 ARClllEP.
2511 322 3037 378 CONS'I'ANTINOP.

3627 328 3729 383 2:2

2153 445 2294 500 rtmt,
2326 446 2381 489 ttt
2421 435 2742 505 persuaserit
2772 436 2850 489 vel
2893 437 3123 490 animam
3170 437 3346 504 potius
3385 440 3724 508 profundere,

2147 541 2302 594 quam
2328 526 2464 594 quod
2487 526 2690 596 jussum
2718 537 2800 579 est
2827 526 3107 580 transilire.
3140 527 3248 581 Rex
3283 529 3423 582 enim
3453 530 3610 586 habet
3631 532 3726 586 ho-

2148 635 2330 672 norem
2361 619 2426 671 ab
2461 619 2557 681 iis,
2601 619 2689 688 qui
2732 619 2848 686 ejus
2886 618 3234 686 subjiciuntur
3258 619 3442 673 ditioni
3475 639 3488 676 :
3517 621 3604 676 hic
3632 640 3728 676 au-

2149 719 2252 762 tem
2282 709 2478 776 prtcbet
2502 709 2758 762 honorem
2788 709 2850 762 iis
2873 710 2958 778 qui
2987 708 3034 761 ei
3063 709 3314 762 obediunt
3339 728 3352 763 :
3375 719 3428 764 et
3455 711 3573 766 ideo
3598 713 3724 768 illud

2147 799 2358 866 quidem
2390 807 2471 852 est
2501 799 2668 850 solum
2701 814 2892 850 nomen
2917 840 2930 862 ,
2965 798 3066 851 hoc
3095 813 3221 851 vero
3247 814 3350 852 res.
3398 800 3613 869 Magnus
3644 813 3726 857 est

2147 906 2236 943 rex
2265 931 2278 954 ,
2307 890 2391 956 qui
2425 889 2724 943 universum
2770 891 2950 943 orbem
2991 901 3145 944 teme
3183 891 3372 944 etelum
3417 891 3559 958 fecit,
3588 905 3641 948 et
3669 905 3725 948 ut

2149 980 2353 1033 barbari
2377 979 2675 1048 philosophi
2707 989 2902 1044 essent,
2928 992 2980 1034 et
3009 981 3224 1050 angelos
3247 982 3602 1047 imitarentur,
3629 1001 3721 1038 cu-

2148 1071 2298 1124 ravit.
2331 1070 2557 1139 Populos
2581 1071 2724 1124 nobis
2746 1071 2975 1139 subjecit,
3006 1083 3052 1124 et
3074 1083 3245 1142 gentes
3273 1072 3362 1126 sub
3402 1073 3607 1140 pedibus
3630 1090 3723 1125 no-

2147 1163 2282 1215 stris.
2331 1161 2375 1216 O
2405 1162 2748 1216 miraculum!
2803 1163 2887 1215 Eis
2928 1163 3012 1231 qui
3053 1163 3446 1224 crucifixcrant.
3497 1164 3720 1218 adorare

2149 1253 2405 1320 persuasit
2431 1269 2553 1307 :eos
2574 1255 2659 1322 qui
2691 1256 3006 1307 contumelia
3033 1255 3351 1319 adiciebant,
3375 1258 3462 1326 qui
3494 1257 3720 1313 insecta-

2151 1345 2340 1396 bantur
2368 1343 2659 1398 maledictis
2682 1387 2696 1410 ,
2728 1345 2817 1414 qui
2855 1345 3112 1414 lapidibus
3141 1345 3285 1398 afﬁxi
3326 1357 3498 1412 erant,
3539 1348 3721 1401 docuit

2147 1435 2229 1487 vel
2259 1449 2380 1487 suas
2405 1434 2607 1488 animas
2634 1435 2948 1502 profundere
2969 1477 2982 1498 ,
3015 1436 3078 1488 ad
3111 1435 3275 1505 ipsius
3303 1437 3573 1504 placitum.
3601 1438 3716 1491 Non

2145 1525 2286 1578 enim
2313 1525 2414 1579 hoc
2440 1526 2507 1580 ab
2533 1526 2784 1595 apostolis
2809 1529 3109 1595 gerebatur,
3137 1527 3229 1581 sed
3269 1528 3334 1580 ab
3372 1544 3436 1581 eo
3473 1529 3561 1596 qui
3602 1529 3717 1582 illos

2147 1615 2496 1683 praecedebat,
2543 1625 2595 1669 et
2641 1617 2882 1671 movebat
2923 1632 3104 1670 eorum
3148 1617 3401 1670 animum.
3443 1617 3718 1684 Quomodo

2145 1707 2285 1758 enim
2312 1706 2542 1775 piscator
2563 1708 2642 1760 vel
2673 1707 3132 1762 tabernaculorum
3155 1721 3486 1764 constructor
3517 1720 3713 1765 tantum

2145 1803 2300 1852 terra:
2327 1796 2623 1852 habitabilis
2643 1798 2823 1853 orbem
2858 1800 2926 1853 ita
2958 1810 3212 1854 mutasset
3233 1841 3248 1866 ,
3272 1801 3370 1854 nisi
3393 1802 3531 1854 illius
3556 1803 3714 1856 verba

2144 1889 2516 1958 impedimenta
2547 1892 2722 1944 omnia
2752 1892 3122 1946 sustulissent?
3163 1893 3226 1946 Et
3265 1894 3671 1963 prarstigiatores
3696 1937 3712 1959 ,

2143 1993 2196 2035 et
2224 1993 2494 2050 tyrannos,
2533 1994 2585 2037 et
2631 1993 2898 2048 oratores,
2930 1992 2985 2038 et
3026 1984 3387 2054 philosophos,
3429 1995 3482 2039 et
3528 1999 3716 2039 omnes

2141 2074 2368 2143 denique
2413 2077 2500 2142 qui
2546 2077 2862 2129 resistebant
2885 2118 2898 2140 ,
2935 2084 3198 2144 tamquam
3227 2077 3493 2145 pulverem
3523 2076 3717 2130 disco-

2143 2165 2333 2217 tientes
2354 2205 2368 2228 ,
2405 2165 2571 2218 instar
2601 2166 2726 2219 fumi
2755 2167 3105 2220 dissolventes
3125 2208 3139 2230 ,
3173 2167 3242 2219 ita
3272 2168 3506 2220 veritatis
3545 2168 3715 2221 lucem

2141 2257 2551 2321 seminaverunt,
2583 2274 2684 2310 non
2716 2258 2894 2322 armis,
2920 2273 3019 2312 nec
3047 2260 3094 2310 vi
3120 2259 3373 2326 pecunbe,
3399 2259 3488 2311 sed
3516 2259 3629 2311 solo
3654 2274 3716 2312 ac

2140 2348 2364 2415 simplici
2387 2362 2630 2402 sermone
2659 2359 2896 2413 utentes;
2931 2351 3037 2403 imo
3066 2366 3194 2402 vero
3221 2365 3327 2402 non
3356 2359 3468 2404 erat
3489 2350 3711 2418 simplex

2141 2454 2316 2492 sermo
2336 2480 2349 2503 ,
2374 2439 2466 2494 sed
2494 2451 2607 2494 erat
2629 2442 2814 2509 qumis
2844 2457 3002 2510 opere
3034 2443 3314 2510 potentior.
3362 2442 3474 2507 Quo
3502 2442 3711 2496 tandem

2117 2530 2332 2596 npacto?
2360 2529 2675 2585 lnvocabant
2697 2547 2890 2586 nomen
2917 2533 3149 2586 crucifixi
3175 2575 3190 2597 ,
3221 2541 3274 2586 et
3298 2548 3443 2586 mors
3464 2530 3712 2602 fugiebat,

2143 2618 2454 2688 fugabautur
2473 2622 2762 2688 dazmones,
2789 2624 2954 2678 morbi
2977 2626 3315 2689 curabantur,
3330 2637 3610 2690 corporum
3639 2623 3716 2674 vi-

2143 2711 2212 2764 tia
2242 2713 2662 2782 corrigebantur,
2693 2715 2921 2784 nequitia
2953 2714 3264 2784 fugaba'sur,
3296 2712 3521 2782 pericula
3551 2714 3715 2783 proti-

2141 2819 2239 2858 nus
2272 2806 2604 2871 recedebant,
2634 2818 2688 2861 et
2716 2807 3055 2860 mutabantur
3079 2806 3362 2859 elementa.

2219 2903 2445 2958 Christus
2472 2917 2559 2954 cur
2587 2901 2648 2952 de
2673 2915 2816 2952 cruce
2838 2915 2936 2950 non
2965 2896 3608 2962 descenderit.—Quando
3629 2912 3715 2950 er-

2140 3013 2207 3068 go
2238 2998 2388 3051 nobis
2415 2993 2644 3049 dixerint
2676 3011 2690 3044 :
2721 2991 2828 3046 Cur
2849 3006 2953 3045 non
2984 3005 3138 3060 opem
3167 2989 3264 3043 sibi
3297 2990 3415 3042 tulit
3445 2989 3494 3040 in
3515 2988 3714 3041 cruce?

2139 3091 2241 3146 hoc
2255 3089 2495 3144 dicamus
2528 3105 2540 3140 :
2573 3085 2831 3153 Quoniam
2864 3085 2963 3137 hoc
2992 3093 3104 3136 crat
3128 3080 3506 3134 admirabilius.
3533 3078 3716 3147 Neque

2139 3195 2261 3238 sunt
2303 3183 2468 3249 paria,
2521 3195 2586 3233 ex
2615 3192 2770 3232 cruce
2798 3174 3176 3237 descendisse;
3218 3181 3272 3226 et
3303 3181 3578 3240 postquam
3621 3169 3716 3222 fuit

2139 3275 2444 3338 crucifixus,
2477 3281 2553 3325 tot
2600 3285 2720 3325 esse
2749 3279 2981 3323 mortuos
3010 3267 3123 3336 ejus
3155 3267 3366 3320 nomine
3407 3264 3712 3318 suscitatos.

2140 3367 2290 3435 Quod
2317 3367 2456 3420 enim
2485 3373 2610 3417 tunc
2639 3376 2733 3415 sua
2754 3369 2944 3430 sponte
2972 3359 3045 3413 ibi
3089 3358 3364 3422 manserit,
3397 3355 3622 3410 ostendit
3647 3371 3714 3410 ex

2141 3459 2207 3512 iis
2231 3473 2346 3528 qua:
2368 3463 2489 3510 sunt
2515 3461 2696 3524 postea
2737 3457 3088 3519 consequuta.
3127 3447 3226 3516 Qui
3261 3449 3401 3502 enim
3461 3456 3712 3511 mortem,

2140 3564 2260 3618 qua:
2288 3547 2421 3600 alios
2447 3546 2730 3607 invaserat,
2776 3540 2998 3610 expulit,
3049 3541 3211 3592 multo
3241 3538 3407 3607 magis
3447 3554 3477 3591 a
3515 3538 3712 3606 seipso,

2142 3641 2448 3710 priusquam
2477 3635 2768 3699 invaderet,
2798 3631 3106 3702 pr0pulsare
3132 3637 3338 3700 poterat
3363 3644 3376 3692 ;
3408 3637 3461 3682 et
3485 3627 3572 3696 qui
3599 3627 3718 3680 aliis

2144 3734 2302 3785 vitam
2336 3731 2556 3797 prtnbet,
2584 3725 2751 3780 multo
2790 3724 2956 3792 magis
3017 3723 3116 3776 sibi
3147 3720 3244 3789 ipsi
3287 3719 3530 3787 praebere
3567 3728 3719 3786 pote-

2144 3833 2225 3878 rat
2253 3843 2264 3878 :
2288 3821 2426 3890 quod
2456 3821 2613 3874 etiam
2655 3817 2828 3872 triduo
2853 3825 2972 3886 post
3000 3815 3120 3867 fecit
3139 3853 3154 3877 ,
3185 3826 3250 3866 ex
3278 3827 3462 3879 magna
3487 3808 3716 3878 potentia

2145 3919 2447 3970 suscitatus.
2477 3910 2532 3964 ld
2558 3919 2732 3964 autem
2755 3907 2980 3962 ostendit
3013 3922 3104 3975 per
3151 3920 3213 3958 ca
3258 3919 3374 3972 qua:
3405 3912 3585 3970 po-stca
3629 3915 3720 3953 sc-

2146 4015 2305 4076 quuta
2329 4015 2468 4059 sunt.
2499 4002 2720 4070 Quando
2734 4003 2872 4054 enim
2898 3999 3009 4066 ejus
3033 4012 3224 4050 nomen
3252 3997 3420 4049 visum
3452 4005 3533 4047 est
3560 3992 3722 4045 habe-

2148 4115 2206 4154 re
2233 4107 2431 4151 tantam
2477 4097 2723 4148 virtutem
2755 4093 2806 4146 iu
2837 4090 3024 4144 alienis
3053 4087 3382 4156 corporibus,
3417 4093 3474 4137 ut
3501 4083 3720 4136 ilthtcn—

2150 4201 2259 4245 tum
2305 4198 2532 4242 mortem
2564 4184 2841 4253 fugaverit,
2883 4197 3038 4236 nemo
3077 4179 3242 4250 possit
3280 4177 3542 4239 dubitare,
3591 4174 3719 4240 quin

2149 4282 2306 4335 etiam
2339 4280 2391 4332 in
2446 4278 2658 4347 proprio
2682 4290 2905 4344 corpore
2937 4288 3174 4341 magnam
3218 4269 3506 4339 potentiam
3545 4275 3725 4319 osten-

2151 4373 2331 4436 disset,
2353 4382 2406 4424 et
2436 4377 2659 4423 mortem
2688 4367 2788 4420 sibi
2815 4365 3145 4434 subjecissct.
3178 4376 3229 4414 s.
3262 4359 3484 4426 Subjecit
3511 4357 3726 4425 papulas

2151 4464 2311 4527 nobis,
2358 4471 2403 4514 et
2429 4470 2595 4531 gentes
2621 4459 2708 4512 sub
2741 4457 2944 4525 pedibus
2991 4454 3192 4507 nostris.
3232 4451 3367 4504 Vide
3409 4448 3723 4518 sapientiam

2153 4556 2443 4625 prophetaa,
2474 4551 2562 4620 qui
2588 4550 2760 4603 omnia
2791 4555 3034 4602 accurate
3063 4545 3206 4598 dicit.
3234 4541 3382 4609 Quod
3413 4543 3552 4594 enim
3583 4549 3729 4606 post-

2152 4662 2212 4700 ea
2240 4647 2485 4699 dixerunt
2516 4642 2762 4712 apostoli,
2796 4639 2928 4706 Quia
2965 4655 3054 4690 nos
3076 4635 3354 4697 intuemini,
3391 4633 3532 4702 quasi
3557 4643 3729 4683 nostra

2154 4741 2330 4792 uirtute
2359 4747 2444 4789 aut
2474 4737 2652 4807 pietate
2701 4733 2964 4803 fecerimus
2990 4740 3043 4782 ut
3072 4730 3151 4781 hic
3185 4727 3458 4779 ambularet
3491 4724 3624 4795 (Act.
3672 4725 3727 4775 5.

2157 4828 2243 4899 l2)
2268 4830 2291 4881 ?
2318 4827 2370 4882 id
2400 4828 2564 4881 multo
2594 4835 2717 4878 ante
2743 4824 2869 4876 dicit
2897 4820 3171 4890 propheta.
3223 4818 3350 4871 Illud
3377 4828 3551 4870 autem
3575 4857 3589 4878 ,
3623 4814 3732 4867 Sub

2157 4921 2385 4992 pedibus,
2414 4918 2464 4972 id
2495 4916 2636 4986 quod
2657 4915 2950 4984 subjectum
2995 4923 3110 4966 erat
3148 4909 3400 4973 ostendit,
3447 4907 3530 4962 vel
3560 4908 3735 4974 potius

2156 5027 2398 5080 magnam
2425 5008 2824 5078 subiectionem.
2854 5006 2910 5060 Si
2937 5006 3015 5058 vis
3039 5015 3213 5057 autem
3236 5006 3370 5056 scire
3391 5010 3582 5070 quanta
3610 4995 3733 5052 δώ-

2152 5105 2316 5174 jectio
2335 5112 2496 5166 esset,
2537 5100 2679 5154 audi.
2708 5099 2988 5167 Quotquot,
3019 5095 3222 5164 inquit,
3255 5107 3559 5163 possessores
3584 5105 3738 5159 agro--

2159 5215 2271 5251 rum
2300 5207 2386 5248 aut
2409 5197 2670 5247 domorum
2691 5202 2852 5253 erant,
2882 5191 3142 5244 uendentes
3166 5187 3440 5254 anet-ebant
3467 5185 3626 5254 pretia
3647 5198 3736 5234 eo-

2159 5305 2271 5341 rum
2290 5303 2401 5357 qua
2415 5285 2770 5348 vendebantur,
2787 5292 2834 5337 et
2847 5286 3094 5351 ponebant
3108 5289 3221 5334 ante
3233 5278 3381 5347 pedes
3398 5276 3742 5346 apostolorum

2164 5381 2299 5452 (Act.
2323 5381 2376 5434 4.
2402 5377 2516 5447 54).
2546 5377 2649 5430 Alii
2675 5385 2853 5429 autem
2910 5388 3031 5426 cum
3060 5370 3297 5439 pecuniis
3323 5368 3554 5422 animam
3604 5382 3740 5434 quo—-

2163 5488 2268 5542 que
2324 5469 2706 5540 profuderunt.
2730 5467 2850 5534 Qui,
2882 5466 3072 5536 inquit,
3127 5479 3218 5532 pro
3263 5461 3436 5514 anima
3475 5474 3584 5511 mea
3619 5478 3744 5515 suas

2163 5563 2374 5616 ceruices
2395 5567 2764 5629 supposuerunt
2796 5557 2971 5628 (Rom.
3004 5556 3090 5609 l6.
3115 5555 3193 5622 4).
3249 5553 3322 5606 De
3369 5551 3489 5605 aliis
3535 5561 3747 5618 quoque

2166 5653 2406 5708 scribens
2434 5649 2679 5705 dicebat:
2707 5648 2768 5703 Si
2799 5647 3064 5717 possibile,
3113 5643 3310 5712 inquit,
3358 5642 3549 5704 fuisset,
3577 5638 3748 5690 oculos

2173 5755 2358 5798 vestros
2385 5739 2708 5806 eﬁ'odissctis,
2733 5749 2778 5792 et
2805 5739 3067 5792 dedissetis
3089 5736 3211 5787 mihi
3237 5733 3374 5804 (Gal.
3404 5735 3455 5786 4.
3490 5730 3593 5796 l5).
3626 5728 3751 5781 l‘or-
