4084 6278
363 359 462 416 2H

363 471 580 540 Ἦλθες
610 468 727 527 ὦδε
748 472 862 542 πρὸ
890 472 1118 541 καιροῦ,
1142 472 1479 537 ,βασανίσαι
1519 469 1708 539 ήμᾶς;
1743 469 1804 522 Εἰ
1828 465 1937 520 τοί-

365 577 460 612 νυν
487 557 660 611 ταῦτα
685 557 829 620 τότε,
865 557 995 610 ὅταν
1024 555 1424 628 παραγένηται,
1452 555 1548 608 καὶ
1585 554 1641 607 αἱ
1683 553 1942 622 δυνάμεις

362 640 473 697 τῶν
506 638 753 709 οὐρανῶν
781 639 1136 704 σαλεύωνται,
1190 639 1283 693 καὶ
1329 640 1357 691 6
1400 635 1552 707 ἥλιος
1587 633 1941 705 μεταστραφῇ

367 728 451 789 είς
477 724 687 789 σκότος,
719 723 808 778 καὶ
848 724 882 794 ἡ
915 723 1113 792 σελήνη
1149 723 1211 775 οὑ
1239 720 1400 775 δώσει
1432 720 1495 773 16
1532 719 1644 790 φῶς
1674 717 1861 788 αὑτῆς,
1889 716 1943 768 τί

369 809 554 879 ἐροῦσι
592 817 641 873 ·;
703 806 804 861 Διά
860 806 1020 860 τοῦτό
1074 822 1262 878 φησιν·
1294 807 1615 873 Ὕψιστος,
1673 800 1940 871 φοϐερός.

370 892 584 947 Μᾶλλον
609 891 685 953 δέ,
708 889 762 943 τί
805 889 869 944 ἀν
888 906 973 952 τις
996 887 1146 953 ἀξιον
1176 887 1341 954 εῐποι,
1366 887 1464 958 τὴν
1493 887 1707 958 ήμέραν
1728 884 1943 953 ἐκείνην

373 974 747 1046 διηγούμενος,
780 973 910 1026 ὅταν
955 972 1147 1042 πέμπῃ
1185 971 1309 1035 τοὺς
1357 969 1623 1038 ἀγγέλους
1671 965 1943 1034 πανταχοῦ

374 1061 473 1130 τῆς
502 1057 852 1129 οἰκουμένης,
879 1055 1006 1109 ὅταν
1034 1056 1210 1108 πάντα
1244 1053 1478 1123 σείηται,
1511 1052 1642 1104 ὅταν
1667 1051 1700 1120 ὴ
1731 1050 1801 1119 γῆ
1833 1048 1948 1101 κλο-

375 1145 530 1214 νῆται
567 1143 666 1212 τὴν
705 1138 1181 1211 παρακαταθήκην
1214 1136 1322 1192 τῶν
1358 1136 1567 1208 νεκρῶν
1600 1131 1944 1194 ἀποδιδοῦσα,

377 1229 503 1282 ὅταν
549 1231 619 1279 τὰ
660 1224 828 1296 μυρία
875 1221 1102 1292 σώματα
1155 1221 1458 1292 ἐγείρηται,
1495 1221 1623 1272 ὅταν
1661 1219 1689 1270 6
1715 1215 1946 1284 οὑρανδς

382 1308 752 1379 συστέλληται,
784 1304 1035 1375 καθάπερ
1061 1321 1114 1357 τι
1144 1302 1552 1372 καταπέτασμα
1587 1297 1950 1366 συστελλόμε-

381 1410 501 1448 νον·
532 1393 659 1446 ὅταν
697 1391 758 1444 16
806 1390 954 1460 βῆμα
987 1388 1205 1457 τιθῆται
1237 1388 1298 1441 16
1330 1385 1581 1457 φοϐερὸν,
1613 1384 1741 1438 ὅταν
1765 1385 1813 1436 οί
1848 1399 1949 1434 ποι

379 1475 540 1546 ταμοὶ
570 1473 664 1527 τοῦ
698 1473 868 1544 πυρὸς
891 1472 1174 1534 ἒλκωνται,
1207 1470 1335 1523 ὅταν
1367 1469 1426 1522 αι
1468 1466 1642 1535 βίϐλοι
1685 1465 1951 1533 ἀνοίγων-

379 1575 491 1621 ται,
515 1559 644 1612 ὅταν
671 1557 885 1626 ἐκάστῳ
908 1554 977 1609 τά
1002 1557 1059 1607 ἐν
1090 1553 1265 1622 σκότῳ
1292 1550 1656 1622 πεπραγμένα
1683 1549 1763 1612 είς
1789 1546 1950 1617 μέσον

379 1641 524 1713 ἄγῃ·
554 1641 684 1692 ὃταν
721 1641 778 1691 al
828 1637 1090 1709 ἀφόρητοι
1127 1635 1379 1699 κολάσεις
1419 1635 1624 1687 ἐκεῖναι
1660 1632 1756 1684 καὶ
1781 1647 1953 1700 τιμω-

385 1723 522 1794 ρίαι,
543 1723 670 1776 ὅταν
697 1723 752 1774 al
771 1720 1127 1791 ἀπειληφόροι
1154 1718 1430 1787 δυνάμεις,
1455 1717 1581 1769 ὅταν
1607 1715 1662 1766 αἰ
1685 1713 1950 1785 ῥομφαῖαι

385 1793 745 1875 ἐσπασμέναι,
793 1805 920 1856 ὅταν
957 1804 1014 1855 αἰ
1045 1801 1180 1872 πρὸς
1217 1799 1315 1871 τὴν
1364 1799 1587 1868 γέενναν
1630 1793 1919 1863 ἀπαγωγαί
1933 1810 1947 1822 ·

385 1889 516 1941 ὅταν
547 1889 722 1940 πάντα
759 1885 826 1938 τά
858 1883 1146 1954 ἀξιώματα
1178 1882 1392 1952 λύηται,
1428 1881 1522 1934 καὶ
1555 1877 1840 1948 βασιλέων,
1859 1875 1953 1929 καὶ

388 1968 728 2041 στρατηγῶν,
759 1968 854 2022 καὶ
881 1966 1128 2028 ὑπάτων,
1158 1965 1254 2018 καὶ
1288 1964 1550 2034 ὑπάρχων
1568 1976 1582 1990 ·
1621 1962 1750 2014 ὅταν
1776 1957 1957 2011 τοσοῦ-

383 2069 476 2116 τος
502 2052 674 2122 δῆμος
703 2051 951 2119 ἀγγέλων
987 2052 1158 2121 παρῇ,
1191 2049 1319 2102 ὃταν
1345 2048 1599 2116 τάγματα
1641 2041 1953 2114 μαρτύρων,

386 2135 700 2208 προφητῶν,
750 2134 1085 2196 ἀποστόλων,
1135 2131 1348 2205 ἱερέων,
1395 2127 1664 2200 μοναχῶν,
1715 2128 1844 2180 ὅταν
1887 2124 1959 2178 τά

387 2219 592 2274 επαθλα
623 2221 808 2272 ἐκεῖνα
846 2217 916 2270 τά
959 2217 1266 2288 ἀπόρρητα,
1296 2215 1426 2268 ὅταν
1459 2212 1708 2284 βραδεῖα,
1753 2211 1880 2263 ὃταν
1905 2210 1957 2262 οί

388 2304 643 2370 στέφανοι
671 2340 688 2368 ,
745 2302 874 2354 ὅταν
925 2299 993 2354 τά
1051 2298 1233 2369 ἀγαθά
1285 2296 1354 2350 τὰ
1422 2293 1818 2368 ὑπερϐαίνοντα
1868 2293 1960 2348 τὸν

387 2404 508 2441 νουν
528 2402 544 2450 ς

460 2467 794 2542 [1911γ¹.Τίς
810 2466 1150 2538 παραστήσει
1163 2464 1321 2519 τοῦτο
1338 2464 1514 2534 λόγος;
1533 2463 1598 2517 El
1613 2461 1721 2532 γάρ
1734 2460 1832 2532 τὴν
1848 2458 1962 2514 κτί-

390 2570 474 2606 σιν
506 2551 670 2606 ἐπιὼν
695 2556 726 2610 6
747 2551 1061 2623 Προφήτης,
1084 2549 1360 2620 ἀπέκαμε,
1383 2550 1478 2603 καὶ
1506 2547 1848 2618 ἀπεπήδησε,
1877 2546 1964 2598 λέ-

390 2652 522 2705 γων·
565 2635 664 2701 Ὧς
695 2635 1068 2705 ἑμεγαλύνθη
1099 2632 1174 2686 τὰ
1197 2637 1340 2703 ἔργα
1365 2649 1502 2697 σου,
1531 2635 1709 2702 Κύριε
1727 2649 1742 2663 ·
1787 2631 1881 2684 καὶ
1905 2629 1962 2681 ἓν

393 2715 534 2781 εἶδος
553 2715 856 2789 άνερευνῶν
881 2718 1137 2787 προνοίας
1157 2719 1186 2770 6
1205 2715 1418 2779 Παῦλος
1447 2716 1674 2786 ἐϐόησεν
1686 2712 1875 2767 εἰπών·
1897 2713 1960 2764 Ὠ

385 2805 577 2868 ,βάθος
617 2801 882 2855 πλούτου
905 2817 919 2831 ·
953 2800 1006 2853 τί
1036 2799 1102 2854 ἄν
1136 2818 1220 2864 τις
1254 2800 1418 2865 εῐποι,
1448 2801 1547 2871 τὴν
1573 2799 1786 2871 ἡμέραν
1818 2795 1962 2850 ἐκεί-

391 2903 488 2955 νην
521 2884 885 2954 ὑπογράφωνς
923 2882 1109 2937 Ταῦτα
1155 2883 1370 2937 ἅπαντα
1410 2881 1645 2952 προϊδὼν
1679 2883 1707 2934 6
1742 2880 1964 2952 Προφήο

392 2986 514 3039 της,
559 2967 712 3035 ἐλεγε
731 2983 746 2997 ·
788 2965 1006 3034 Κύριος
1047 2967 1327 3034 ὕψιστος,
1365 2965 1635 3036 φοϐερὸς,
1665 2961 1965 3028 βασιλεὺς

391 3052 580 3122 μέγας
611 3050 713 3104 ἐπὶ
756 3049 964 3103 πᾶσαν
994 3049 1110 3118 τὴν
1140 3050 1277 3120 γῆν,
1319 3050 1416 3120 τήν
1447 3049 1826 3120 οίκουμενικήν
1861 3063 1967 3099 σω-

393 3135 586 3206 τηρίαν
617 3132 920 3201 ἐμφαίνων.
942 3128 1049 3186 Ἦν
1084 3133 1181 3202 μὲν
1206 3127 1299 3186 οὑν
1328 3131 1423 3186 καὶ
1460 3132 1566 3204 πρὸ
1597 3131 1788 3184 τούτου
1820 3129 1968 3199 βασι-

395 3216 520 3279 λεὺς
558 3215 759 3286 μέγας,
798 3214 914 3269 ἀλλ’
955 3217 1222 3284 ήγνοείτο.
1260 3215 1312 3268 '0
1340 3214 1448 3286 γὰρ
1505 3215 1733 3282 κόσμος
1758 3211 1833 3265 δι’
1859 3212 1968 3265 αὐ-

397 3297 502 3352 τοῦ
524 3298 780 3368 ἐγένετο,
821 3297 919 3352 καί
957 3300 990 3351 ό
1025 3298 1250 3366 κόσμος
1276 3299 1462 3351 αὐτόν
1487 3299 1596 3350 οὐκ
1621 3295 1794 3364 ἔγνω.
1833 3293 1970 3347 Νυνὶ

399 3382 456 3435 δέ
483 3383 576 3436 καὶ
609 3380 768 3434 τοῦτο
797 3380 1150 3452 κατώρθωσε,
1192 3381 1269 3444 ώς
1296 3380 1389 3433 καὶ
1421 3380 1607 3434 κατάι»
1639 3379 1737 3450 τὴν
1754 3379 1969 3432 οἰκείω-

406 3481 488 3518 σιν
516 3465 668 3535 ήμῶν
693 3462 948 3533 γενέσθαι
978 3463 1231 3533 βασιλεὺς
1268 3464 1457 3531 μέγας.
1489 3463 1614 3526 Πῶς
1645 3463 1754 3534 γάρ
1781 3464 1842 3516 οὑ
1872 3465 1971 3532 μέ-

405 3564 529 3616 τας.
559 3551 587 3601 ὁ
614 3550 848 3618 πένητας
875 3548 1066 3612 ἁλιεῖς.
1087 3547 1508 3618 ἀγραμμάτους,
1540 3545 1752 3609 ἰδιώτας
1781 3546 1974 3601 ἐνδεκα

403 3631 496 3686 τὸν
524 3630 774 3702 ἀριθμὸν,
825 3632 1094 3702 ἀσήμους,
1130 3630 1410 3696 ἀπόλιδας,
1470 3628 1667 3700 ἰχθύων
1698 3629 1971 3698 άφωνοτέ-

405 3733 553 3790 ρους,
583 3715 973 3788 μονοχίτωνας,
1003 3712 1383 3777 άνυποδέτους,
1411 3713 1674 3784 γυμνοὺς,
1696 3711 1973 3783 πανταχοῦ

400 3799 502 3870 τῆς
532 3798 856 3869 οἰκουμένης
877 3795 1228 3861 ἀποστείλας,
1247 3797 1340 3850 καὶ
1370 3795 1559 3868 ὥσπερ
1589 3796 1648 3863 ἐξ
1671 3797 1977 3867 ἐπιτάγμα-

403 3897 494 3944 τος
523 3881 732 3943 πάντας
762 3878 968 3945 λαϐών;
1003 3877 1172 3933 Τοῦτο
1220 3878 1436 3949 ἀληθῶς
1475 3877 1726 3948 βασιλεὺς
1766 3880 1973 3948 μέγας·

403 3968 433 4019 6
460 3964 559 4035 τὴν
591 3964 913 4035 οἰκουμένην
956 3963 1060 4033 τῆς
1121 3962 1327 4032 πλάνης
1375 3961 1843 4034 ἐκκαθιςὶρας,’³καλ⁸
1878 3963 1977 4034 τήν

405 4049 664 4120 ἀλήθειαν
705 4045 1062 4116 ἐπαναγαγὼν
1085 4047 1144 4099 ἐν
1174 4045 1403 4117 βραχείᾳ
1436 4046 1628 4116 καιροῦ
1675 4048 1834 4117 ῥοπῇ,
1884 4048 1978 4101 καὶ⁵

404 4131 500 4185 τοῦ
532 4131 777 4187 διαϐόλου
802 4132 898 4201 τὴν
926 4129 1216 4200 τυραννίδα
1248 4128 1521 4183 καθελών·
1553 4132 1582 4182 6
1617 4129 1714 4182 καὶ
1738 4128 1845 4202 πρὸ
1867 4128 1977 4183 τῶν

407 4214 661 4286 ὑπηκόων
703 4213 876 4286 μέγας
921 4211 1191 4283 βασιλεὺς,
1236 4212 1337 4264 οὑκ
1370 4213 1428 4264 ἐν
1453 4214 1565 4276 τοῖς
1601 4211 1808 4277 δούλοις
1838 4212 1978 4282 ἔχων

407 4298 506 4366 τῆς
536 4296 710 4368 ἀρχῆς
738 4297 836 4368 τὴν
864 4296 1038 4366 ίσχὺν,
1085 4296 1187 4349 οὑκ
1218 4295 1278 4348 ἐν
1308 4295 1546 4366 σχήματι
1588 4296 1682 4349 καὶ
1723 4296 1976 4366 ἱματίοις,

407 4380 520 4433 ἀλλ’
551 4383 607 4432 ἐν
636 4381 772 4450 αὑτῇ
808 4382 874 4449 τῇ
919 4379 1098 4448 φύσει.
1139 4375 1280 4447 Ἐγὼ
1307 4375 1438 4447 γὰρ,
1465 4379 1650 4449 φησὶν,
1681 4381 1768 4444 εἱς
1803 4379 1980 4432 τοῦτο

407 4462 746 4532 γεγένημαι.
769 4461 939 4515 Τοῦτο
971 4460 1222 4530 βασιλεὺς
1253 4460 1455 4531 μέγας·
1489 4462 1518 4514 6
1549 4461 1624 4531 μὴ
1658 4460 1981 4515 ἐπείσακτον

410 4546 548 4617 έχων
570 4546 670 4617 τὴν
689 4547 876 4616 τιμὴν,
915 4547 945 4598 6
975 4545 1200 4616 μηδενὸς
1228 4545 1478 4616 δεόμενος
1505 4545 1592 4598 ἵνα
1707 4545 1977 4614 βασιλεὺς,

408 4629 439 4680 6
467 4628 650 4682 πάντα
695 4627 866 4681 ποιῶν
908 4628 1008 4681 ὅσα
1059 4626 1325 4697 βούλεται.
1378 4626 1776 4694 Πορευθέντες
1848 4627 1978 4699 γάρ,

413 4711 563 4781 φησὶ,
589 4710 1005 4779 μαθητεύσατε
1054 4708 1252 4763 πάντα
1295 4707 1368 4761 τὰ
1407 4709 1550 4777 ἔθνη
1569 4723 1583 4739 ⁶
1617 4709 1712 4763 xal
1757 4712 1786 4763 6
1826 4709 1982 4778 λόγος

411 4795 571 4865 ἔργον
606 4795 844 4863 ἐγένετο.
890 4793 1072 4859 Θέλω,
1108 4793 1515 4859 καθαρίσθητι.
1554 4792 1656 4847 Σοὶ
1687 4793 1865 4861 λέγω,
1913 4792 1981 4846 τὸ

410 4875 719 4944 δαιμόνιον
768 4877 834 4930 τὸ
887 4876 1110 4945 κωφὸν,
1150 4875 1358 4939 ἔξελθε
1397 4874 1498 4927 ἀπ’
1523 4875 1729 4930 αὑτοῦ.
1763 4876 1980 4940 Σιώπα,

410 4959 742 5027 πεφίμωσο.
778 4960 1113 5028 Πορεύεσθε
1153 4960 1242 5024 εὶς
1280 4957 1343 5010 τὸ
1373 4956 1492 5024 πῦρ
1521 4957 1588 5009 τὸ
1635 4956 1986 5026 ἡτοιμασμέ-

411 5057 524 5093 νον
560 5041 640 5107 τῷ
665 5041 940 5106 διαϐόλῳ.
958 5040 1154 5105 Δεῦτε,
1181 5038 1674 5108 κληρονομήσατε
1690 5039 1806 5108 τὴν
1823 5041 1984 5107 ἡτοι-

405 5123 726 5192 μασμένην
768 5125 908 5194 ὑμῖν
951 5124 1278 5188 ,βασιλείαν
1333 5122 1450 5192 πρὸ,
1475 5120 1811 5190 καταϐολῆς
1841 5125 1984 5177 κόσσ-

406 5222 549 5275 μου.
595 5208 756 5278 Ὁρᾷς
802 5206 1076 5278 πανταχοῦ
1121 5205 1219 5277 τὴν
1257 5205 1539 5272 ἐξουσίανς
1578 5205 1712 5277 ὁρᾷς
1753 5206 1852 5276 τήν
1890 5205 1982 5259 δύ-

411 5305 598 5360 ναμιν;
622 5289 778 5345 Οὕτω
799 5293 906 5362 γὰρ
936 5287 1050 5344 εἷλε
1081 5291 1206 5354 τοὺς
1238 5291 1671 5354 ὑπακούσαντας.
1701 5290 1777 5354 ὡς
1803 5293 1987 5344 πεῖσαι

411 5372 512 5442 τὴν
538 5373 717 5444 ψυχὴν
755 5375 1016 5445 προέσθαι
1056 5375 1278 5442 μᾶλλον,
1317 5373 1350 5444 ἢ
1377 5374 1437 5427 τὸ
1463 5373 1753 5444 ἐπιταχθὲν
1785 5372 1988 5445 παρελο

415 5452 550 5510 θεῖν.
587 5453 645 5507 ’0
678 5455 776 5526 μὲν
800 5457 908 5528 γὰρ
940 5456 1194 5527 βασιλεὺς
1235 5457 1364 5528 παρ’
1392 5455 1569 5512 αὑτῶν
1593 5457 1702 5511 τῶν
1733 5458 1990 5528 ὑπηκόων

477 5632 503 5693 9
534 5632 615 5681 Sic
634 5647 749 5682 mss.
780 5639 832 5681 et
852 5633 1001 5682 Snvil.
1024 5633 1086 5682 At
1108 5633 1283 5683 Morel.
1306 5638 1363 5693 τῇ
1389 5631 1568 5693 ἐροῦσι,
1590 5633 1844 5682 mendose.

483 5691 512 5731 υ
543 5665 938 5766 ιᾶῦξὲἶξὸέᾖᾷιῖῐΐ
951 5665 1200 5756 ’ὲὶςῗᾷιῗδῖἰ
1214 5665 1898 5758 ἲίεἮὲὥῖιέἲῖιιέῖιῗιῖῖῖιῖἲει
1943 5693 1991 5744 in

413 5765 524 5805 mss.
554 5763 605 5806 et
625 5760 676 5806 In
699 5759 846 5805 Savil.
991 5769 994 5771 ‘

730 5831 1006 5892 ιἈτιιοι..
1056 5830 1171 5893 Gn.
1224 5833 1348 5898 LV.

1459 350 1829 413 exposmo
1869 351 1932 408 IN
1973 347 2303 414 psunt»:
2343 343 2555 419 xm;
2616 343 2620 346 ’

2045 466 2162 554 ἔχει
2191 471 2291 536 τὰς
2319 476 2517 545 τιμάς·
2553 470 2706 541 οὗτος
2735 477 2791 532 δὲ
2825 477 2936 543 τοῖς
2969 477 3230 550 ὑπηκόοις
3255 478 3483 550 παρέχει
3520 485 3622 554 τὴν

2039 553 2226 622 τιμήν.
2269 557 2369 610 Διά
2414 557 2478 628 δὴ
2524 559 2703 626 τοῦτο,
2725 560 2887 614 τοῦτο
2920 560 3020 632 μὲν
3049 561 3222 631 ὄνομα
3259 562 3420 632 μόνον
3447 553 3620 628 ἐστὶν,

2041 635 2218 688 ἐκεῖνο
2245 638 2303 690 δὲ
2336 642 2588 711 πρᾶγμα,
2609 641 2869 704 Βασιλεὺς
2900 644 3072 712 μέγας
3099 653 3148 708 ε,
3166 642 3225 707 ὃς
3246 639 3344 713 τήν
3374 647 3626 716 οἰκουμέ-

2042 735 2140 788 νην
2170 718 2387 775 άπασαν
2409 725 2633 793 οὐρανὸν
2673 726 2916 797 ἐποίησε,
2945 727 3040 780 καὶ
3065 726 3375 798 βαρϐάρους
3410 727 3626 796 φιλοσο-

2044 803 2166 886 φεῖν
2197 805 2596 886 παρεσκεύασε,
2629 809 2724 860 καὶ
2747 808 3014 877 ἀγγέλους
3045 809 3331 880 μιμεῖσθαι
3354 808 3629 881 προῦτρε-

2042 882 2164 962 ψεν.
2195 884 2469 952 Ὑπέταξε
2524 891 2715 957 λαοὺς
2760 891 2922 960 ἡμῖν,
2981 893 3080 945 καὶ
3124 891 3268 958 ἔθνη
3320 892 3440 946 ὑπὸ
3487 892 3628 959 τοὺς

2045 965 2237 1035 πόδας
2259 969 2446 1038 ἡμῶν.
2476 973 2538 1025 Ὢ
2553 973 2646 1026 τοῦ
2681 973 2960 1045 θαύματος
2983 975 2996 1028 !
3022 975 3160 1034 Τοὺς
3187 975 3626 1046 σταυρώσαντας,

2045 1049 2268 1116 τούτους
2313 1053 2497 1108 ἔπεισε
2541 1061 2889 1126 προσκυνεῖν,
2936 1059 3062 1121 τοὺς
3111 1058 3450 1130 ὑϐρίζοντας,
3501 1061 3630 1124 τοὺς

2050 1133 2520 1206 βλασφημοῦντας,
2547 1141 2672 1203 τοὺς
2700 1140 2870 1204 λίθοις
2900 1141 3385 1212 προσηλωμένους,
3405 1142 3630 1206 τούτους

2047 1217 2254 1283 ἐδίδαξε
2293 1221 2387 1274 καί¹
2422 1220 2602 1291 ψυχὰς
2652 1222 2914 1294 προέσθαι
2944 1223 3087 1277 κατὰ
3135 1224 3194 1277 τὸ
3229 1224 3378 1295 αὑτῷ
3415 1224 3628 1279 δοκοῦν.

2049 1301 2127 1353 Οὑ
2155 1300 2261 1372 γὰρ
2282 1303 2390 1356 τῶν
2421 1303 2734 1359 ἀποστόλων
2771 1301 2839 1376 ἦν
2866 1305 2926 1359 16
2967 1307 3322 1378 κατόρθωμα,
3357 1308 3494 1362 ἀλλά
3532 1308 3631 1362 τοῦ

2052 1381 2528 1452 προοδοποιοῦντος
2583 1389 2787 1455 αὑτοῖς,
2843 1389 2939 1441 καὶ
2980 1389 3082 1459 τὴν
3136 1389 3316 1443 αὑτῶν
3356 1390 3634 1454 κινοῦντος

2049 1464 2250 1536 ψυχήν.
2281 1468 2409 1532 Πῶς
2428 1470 2536 1541 γάρ
2564 1473 2592 1524 6
2623 1471 2806 1535 ἁλιεὺς
2835 1473 2868 1542 ἢ
2890 1475 2918 1525 ό
2945 1473 3268 1542 σκηνοποιὸς
3280 1473 3549 1541 τοσαύτην
3567 1474 3634 1528 ἂν

2055 1549 2359 1622 μετέθηκαν
2379 1554 2721 1626 οἰκουμένην,
2746 1555 2862 1608 ἀλλ’
2880 1555 2913 1625 ἢ
2930 1554 2999 1609 τά
3019 1555 3228 1610 ἐκείνου
3255 1558 3476 1627 ῥήματα
3499 1557 3634 1610 πάν-

2051 1645 2120 1686 τα
2137 1633 2311 1686 ταῦτα
2328 1635 2556 1706 καθῄρει
2567 1637 2634 1690 τὰ
2650 1637 2944 1709 κωλύματα
2965 1657 2980 1705 ;
3006 1639 3116 1692 Kal
3131 1634 3355 1709 γόητας,
3373 1640 3466 1693 καὶ
3482 1638 3631 1710 [192]

2051 1715 2369 1785 τυράννους,
2394 1719 2486 1770 καὶ
2518 1720 2777 1791 ῥήτορας,
2799 1721 2893 1774 καὶ
2922 1721 3267 1790 φιλοσόφους,
3294 1721 3390 1774 καὶ
3419 1723 3628 1783 πάντας

2052 1800 2178 1862 τοὺς
2225 1801 2653 1872 ἀνθισταμένους
2703 1803 2957 1874 καθάπερ
3020 1803 3169 1856 κόνιν
3207 1803 3635 1866 ἀποσοϐοῦντες,

2055 1883 2148 1935 καὶ
2181 1884 2388 1938 καπνὸν
2406 1885 2737 1950 διαλύοντες,
2767 1885 2941 1950 οὑτως
2965 1886 3222 1956 ἐσπειραν
3247 1886 3346 1955 τῆς
3378 1884 3639 1955 ἀληθείας

2053 1964 2116 2018 16
2147 1966 2283 2036 φῶς,
2322 1969 2420 2039 οὐχ
2455 1969 2663 2032 ὅπλοις,
2686 1969 2809 2022 οὑδέ
2830 1970 3134 2040 χρημάτων
3163 1967 3476 2040 περιουσίᾳ,
3502 1968 3640 2022 ἀλλά

2054 2047 2200 2121 λόγῳ
2234 2052 2564 2123 κεχρημένοι
2613 2052 2783 2123 ψιλῷ·
2829 2052 3034 2122 μᾶλλον
3075 2052 3132 2106 δὲ
3169 2053 3269 2105 οὑκ
3308 2047 3378 2122 ἦν
3410 2051 3565 2121 ψιλὸς
3609 2054 3640 2103 ό

2055 2130 2236 2201 λόγος,
2283 2133 2397 2186 ἀλλ’
2437 2135 2597 2205 ἔργου
2648 2134 2850 2198 παντὸς
2895 2132 3288 2204 δυνατώτερος.
3344 2134 3469 2197 Πῶς
3510 2129 3636 2197 οῦνς

2070 2215 2328 2270 Ἐκάλουν
2352 2217 2415 2270 16
2444 2217 2616 2289 ὄνομα
2641 2216 2737 2271 τοῦ
2760 2217 3181 2288 σταυρωθέντος,
3219 2216 3314 2269 καὶ
3352 2217 3381 2269 6
3409 2216 3638 2279 θάνατος

2058 2298 2408 2369 ἐδραπέτευε,
2457 2303 2553 2354 καὶ
2592 2300 2847 2370 δαίμονες
2891 2299 3306 2370 ἐφυγαδεύοντο,
3359 2299 3640 2370 νοσήματα

2059 2382 2268 2447 ἐλύετο,
2299 2382 2474 2436 λῶϐαι
2519 2382 2790 2452 σωμάτων
2813 2381 3154 2454 διωρθοῦντο,
3187 2382 3355 2436 κακία
3389 2380 3639 2452 ἀπηλαύ-

2059 2483 2210 2529 νετο,
2260 2466 2494 2521 κίνδυνοι
2543 2465 2896 2536 ἠφανίζοντο,
2943 2465 3037 2520 καὶ
3085 2467 3320 2535 στοιχεῖα
3376 2465 3640 2536 μετεϐάλ-

2059 2551 2231 2608 λοντο.
2243 2595 2245 2598 -

2132 2639 2299 2691 Ὅταν
2327 2633 2420 2693 οὖν
2449 2638 2680 2707 λέγωσιν
2703 2637 3029 2710 ήμῖν,Διάτί
3047 2637 3123 2708 μὴ
3139 2635 3435 2708 ἐϐοήθησεν
3463 2635 3641 2706 ἐαυτῷ

2063 2722 2156 2776 ἐπὶ
2183 2721 2277 2775 τοῦ
2311 2721 2578 2792 σταυροῦς
2621 2722 2782 2775 τοῦτο
2811 2721 3079 2790 λέγωμεν,
3127 2719 3210 2772 ὅτι
3248 2715 3402 2772 τοῦτο
3429 2718 3641 2790 θαυμα-

2051 2807 2314 2875 στότερον
2343 2801 2432 2877 ἦν.
2468 2805 2543 2857 Οὑ
2580 2805 2690 2876 γὰρ
2717 2800 2786 2876 ἦν
2813 2803 2926 2856 ἴσον
2959 2806 3023 2855 ἐκ
3054 2800 3148 2854 τοῦ
3179 2801 3413 2871 σταυροῦ
3446 2801 3644 2856 κατε).-

2063 2889 2198 2954 θεῖν,
2229 2889 2320 2942 καὶ
2361 2889 2500 2960 μετά
2521 2893 2582 2942 τὸ
2608 2887 2988 2958 σταυρωθῆναι
3012 2884 3105 2937 ἐπὶ
3131 2883 3208 2954 τῷ
3228 2883 3452 2954 ὀνόματι
3475 2881 3642 2938 αὑτοῦ

2063 2973 2354 3036 τοσούτους
2378 2971 2683 3042 ἀναστῆσαι
2705 2968 2953 3040 νεκρούς.
2975 2969 3097 3025 Ὀτι
3122 2971 3232 3044 γὰρ
3253 2971 3346 3024 καί
3361 2970 3480 3022 τότε
3502 2967 3643 3022 ἑκὼν

2066 3056 2256 3129 ἔμενεν
2281 3055 2330 3121 δ,
2355 3057 2422 3110 ἐκ
2447 3055 2556 3109 τῶν
2583 3056 2720 3126 μετά
2756 3053 2928 3108 ταῦτα
2957 3053 3178 3121 ἔδειξεν.
3217 3056 3275 3108 '0
3306 3055 3413 3125 γὰρ
3436 3051 3646 3122 ἐτέροις

2044 3139 2363 3198 ,ἐπελθόντα
2406 3139 2499 3192 16v
2541 3138 2772 3192 θάνατον
2817 3135 3085 3203 ἐκϐαλὼν,
3128 3136 3308 3207 πολλῷ
3352 3135 3551 3207 μᾶλλον
3587 3133 3647 3199 ἐξ

2069 3217 2284 3288 ἐαυτοῦ,
2312 3222 2440 3293 πρὶν
2461 3221 2494 3292 ἢ
2520 3221 2789 3284 ἐπελθεῖν,
2812 3219 3238 3289 διακρούσασθαι
3263 3219 3512 3289 ἠδύνατο·
3552 3221 3649 3270 καί⁹

2067 3309 2096 3360 ό
2122 3305 2329 3377 ἑτέροις
2369 3304 2628 3376 παρέχων
2655 3303 2820 3374 ζωὴν,
2843 3302 3024 3373 πολλῷ
3054 3304 3252 3374 μᾶλλον
3275 3301 3452 3372 ἐαυτῷ
3476 3317 3651 3370 παρα-

2072 3390 2220 3459 σχεῖν
2248 3387 2511 3457 ήδύνατο·
2545 3388 2682 3457 ὅπερ
2707 3387 2800 3440 καὶ
2834 3386 3058 3458 ἐποίησε
3091 3386 3229 3456 μετά
3254 3387 3404 3457 τρεῖς
3431 3383 3651 3454 ἡμέρας

2070 3471 2315 3542 ἐγερθεὶς
2347 3474 2413 3524 ἐκ
2445 3469 2643 3540 πολλῆς
2670 3469 2773 3540 τῆς
2805 3469 3142 3541 περιουσίας.
3199 3471 3309 3524 Kal
3365 3469 3524 3523 τοῦτο
3562 3467 3654 3522 διὰ

2069 3554 2179 3608 τῶν
2208 3553 2349 3625 μετὰ
2379 3553 2558 3608 ταῦτα
2600 3551 2820 3618 ἐδειξεν.
2848 3552 3015 3606 Ὅταν
3057 3552 3166 3624 γὰρ
3199 3553 3260 3606 16
3284 3552 3454 3623 ὄνομα
3487 3547 3652 3605 αὑτοῦ

2073 3638 2166 3690 ἐπὶ
2225 3638 2494 3707 σωμάτων
2536 3634 2832 3707 ἀλλοτρίων
2884 3635 3146 3704 φαίνηται
3199 3635 3468 3706 τοσαύτην
3533 3633 3654 3704 ἐχον

2077 3720 2250 3790 ίσχὺν,
2285 3719 2362 3783 ὡς
2403 3718 2736 3789 καλούμενον
2783 3717 3117 3786 φυγαδεῦσαι
3159 3717 3250 3770 τὸν
3290 3717 3541 3778 θάνατον,
3571 3716 3656 3768 οὑ·

2072 3802 2186 3866 δείς
2225 3802 2586 3874 άμφιϐάλλειν
2633 3800 2836 3853 δύναιτ’
2872 3801 2959 3867 ἂν,
3000 3801 3083 3853 ὅτι
3129 3801 3223 3854 καὶ
3253 3801 3310 3852 ἐν
3354 3798 3433 3869 τῷ
3471 3796 3657 3868 οἰκείῳ

2076 3884 2276 3956 πολλὴν
2307 3884 2370 3938 ἄν
2395 3884 2496 3955 τὴν
2519 3885 2674 3956 ίσχὺν
2694 3882 3027 3948 ἐπεδείξατο,
3073 3882 3168 3936 καὶ
3197 3881 3286 3934 16v
3303 3881 3534 3934 θάνατον
3557 3879 3658 3930 ὑπο

2076 3967 2592 4033 όταξεν.’Υπέταξε
2627 3966 2815 4032 λαοὺς
2838 3965 3003 4035 ἡμῖν,
3034 3964 3134 4018 καί
3171 3964 3316 4030 ἔθνη
3350 3962 3470 4016 ὑπὸ
3512 3961 3656 4028 τοὺς

2077 4051 2268 4118 πόδας
2299 4048 2639 4121 ήμῶν.“ὐρα
2669 4048 2764 4103 τοῦ
2789 4049 3076 4119 Προφήτου
3103 4047 3202 4117 τὴν
3237 4045 3452 4114 σοφίαν,
3477 4044 3657 4098 πάντα

2081 4133 2221 4208 μετά
2248 4133 2533 4204 ἀκριϐείας
2562 4133 2834 4201 λέγοντος.
2868 4131 2933 4184 ’0
2963 4129 3074 4200 γὰρ
3103 4127 3240 4200 μετά
3273 4127 3445 4181 ταῦτα
3472 4127 3658 4194 ελεγον

2075 4221 2127 4273 οἱ
2157 4217 2446 4272 ἀπόστολοι
2507 4217 2568 4270 Τί
2595 4215 2739 4284 ἡμῖν
2778 4211 3108 4282 προσέχετε
3142 4221 3188 4274 ⁸,
3211 4211 3293 4275 ὡς
3329 4209 3450 4278 ἰδίᾳ
3481 4208 3660 4262 δυνά-

2073 4319 2172 4372 μει
2197 4301 2237 4370 ἢ
2264 4299 2540 4366 εὐσεϐείᾳ
2563 4298 2924 4365 πεποιηκόσι
2951 4295 3060 4349 τοῦ
3081 4292 3428 4362 περιπατεῖν
3448 4294 3658 4355 αὐτόνς

2077 4384 2239 4438 τοῦτο
2271 4381 2476 4438 ἀνωθεν
2502 4382 2529 4435 ό
2567 4381 2856 4452 Προφήτης
2889 4377 3058 4445 λέγει.
3098 4377 3174 4431 T6
3204 4377 3285 4439 δέ,
3321 4376 3467 4429 Ὑπὸ
3517 4373 3661 4439 τοὺς

2080 4468 2293 4533 πόδας,
2323 4467 2385 4520 16
2410 4464 2850 4533 ὑποτεταγμένον
2886 4461 3057 4533 δηλοῖ,
3083 4460 3281 4531 μᾶλλον
3308 4459 3366 4513 δέ
3392 4459 3490 4529 τὴν
3529 4457 3661 4511 πολ-

2080 4551 2180 4622 λὴν
2211 4550 2512 4619 ὑποταγήν.
2542 4547 2654 4601 Kal
2701 4548 2750 4600 εἰ
2791 4545 2970 4618 βούλει
3017 4545 3208 4616 μαθεῖν
3233 4545 3332 4615 τῆς
3377 4541 3661 4610 ὑποταγῆς

2078 4634 2181 4704 τὴν
2216 4631 2483 4692 ἐπίτασιν,
2530 4630 2759 4684 ἄκουσον
2779 4645 2795 4661 ·
2815 4629 2980 4684 Ὅσοι
3008 4628 3312 4698 κτήτορες,
3359 4627 3514 4697 φησί,
3547 4642 3661 4696 χω-

2073 4717 2227 4784 ρίων
2256 4713 2296 4782 ἦ
2323 4712 2524 4768 οἰκιῶν
2555 4713 2574 4752 ί
2606 4711 2907 4782 ὑπῆρχον,
2937 4711 3281 4778 πωλοῦντες
3313 4711 3530 4780 ἔφερον
3557 4709 3662 4774 τὰς

2083 4798 2255 4868 τιμὰς
2282 4796 2400 4852 τῶν
2416 4795 2938 4866 πιπρασκομένων,
2968 4795 3068 4850 καὶ
3089 4795 3328 4850 ἐτίθουν
3344 4792 3503 4862 παρὰ
3520 4794 3662 4865 τοὺς

2085 4881 2278 4948 πόδας
2306 4879 2423 4935 τῶν
2451 4881 2830 4934 ἀποστόλων.
2858 4879 3073 4951 Ἕτεροι
3111 4878 3168 4931 δέ
3214 4878 3352 4948 μετά
3381 4876 3488 4930 τῶι
3526 4891 3663 4946 χρη-

2087 4965 2292 5035 μάτων,
2325 4964 2416 5018 καὶ
2436 4965 2536 5034 τὴν
2562 4963 2737 5034 ψυχὴν
2757 4963 3028 5035 προΐεντο.
3063 4962 3292 5026 Οἷτινες
3321 4959 3449 5030 γὰρ,
3478 4958 3662 5025 φησὶν,
3748 4967 3750 4969 ·

2084 5047 2237 5115 ὑπὲρ
2278 5047 2390 5115 τῆς
2424 5044 2636 5117 ψυχῆς
2671 5063 2791 5115 μου
2838 5043 2946 5098 τὸν
2975 5041 3205 5098 ἑαυτῶν
3231 5041 3535 5110 τράχηλοι·
3558 5041 3666 5092 ὐπ-

2084 5126 2327 5197 ἐθηκαν.
2361 5131 2470 5184 Kal
2499 5130 2628 5200 περὶ
2659 5129 2858 5198 ἐτέρων
2882 5127 2940 5180 δὲ
2963 5126 3191 5198 γράφων
3218 5124 3422 5191 ἔλεγεν,
3451 5123 3591 5184 Ὅτι,
3611 5125 3665 5174 ει

2086 5212 2367 5278 δυνατὸν,
2400 5212 2544 5277 τοὺς
2568 5210 2914 5280 ὀφθαλμοὺς
2972 5207 3140 5278 ὑμῶν
3166 5204 3563 5273 ἐξορύξαντες
3587 5203 3666 5258 ὃν

2087 5293 2345 5350 ἐδώκατέ
2390 5312 2514 5364 μοι.
2547 5293 2660 5348 Kal
2701 5291 3009 5364 Κορινθίοις
3039 5292 3094 5344 δὲ
3127 5288 3453 5344 ἐπιστέλλων
3483 5288 3664 5358 ἔλεγεν

2151 5453 2175 5481 ⁸
2202 5449 2371 5498 Morel.
2422 5454 2476 5496 et
2520 5448 2672 5498 Savil.
2717 5449 2868 5509 μέγας
2899 5446 3051 5509 οὗτος,
3086 5445 3176 5494 sed
3216 5443 3354 5501 οὗτος
3373 5443 3477 5494 fere
3500 5459 3662 5502 amss.

2088 5510 2249 5571 abest.
2277 5510 2485 5571 Legitur
2511 5515 2672 5557 tamen
2697 5507 2747 5556 ἰιι
2771 5507 3073 5558 Colbeniuo.

2153 5570 2180 5609 ά
2207 5576 2247 5633 Α
2253 5572 2304 5619 1Ιί
2327 5570 2570 5633 ὑπέμενεν..

2157 5635 2179 5662 ε
2208 5631 2378 5681 Morel.
2404 5626 2456 5696 (ξι
2476 5630 2559 5680 alii
2579 5631 2842 5696 προσέχεις.
2866 5628 3018 5696 Savi].
3039 5629 3247 5694 ἐξουσίᾳ.
3277 5628 3430 5680 Paulo
3450 5635 3560 5693 post
3574 5626 3659 5679 alii

2091 5695 2147 5743 16
2167 5694 2528 5755 ὑποτεταμένον,
2555 5692 2638 5744 alii
2662 5693 2719 5741 16
2731 5692 3080 5755 ἶπιτεταμὲνον,

2161 5753 2180 5792 ί
2207 5754 2288 5804 Sic
2310 5752 2494 5818 legitur
2516 5757 2564 5804 in
2589 5755 2740 5806 Actis.
2766 5752 2939 5804 Morel;
2964 5752 3152 5818 χωρίων
3176 5752 3380 5802 οἰκείων.

3250 5837 3323 5895 13
