4114 6278
460 355 563 415 SB

463 486 522 524 ru
547 465 612 522 ad
659 462 964 520 Corinthios
1004 474 1212 530 quoque
1255 456 1495 512 scribens
1533 455 1741 510 dicebat
1791 457 2022 510 Paulus:

467 560 596 615 Ecce
627 557 758 612 enim
787 555 882 608 hoc
919 552 1081 624 ipsum
1125 547 1394 604 secundum
1430 546 1592 600 Deum
1634 543 1840 598 tristitia
1880 545 2029 615 αῃιει,

464 657 704 719 quantum
721 647 773 700 in
798 644 935 698 vobis
953 641 1173 698 studium
1199 638 1362 707 effecit
1392 655 1411 700 :
1438 639 1539 691 imo
1579 637 1884 707 apologiam,
1932 636 2034 690 imo

463 740 877 813 indignationem,
906 736 1005 789 imo
1032 733 1277 797 timorem,
1298 732 1398 784 imo
1412 728 1729 793 desiderium,
1759 728 1858 781 imo
1879 740 2037 780 annu-

468 833 724 896 lationem,
758 830 860 882 imo
898 825 1170 880 vindictam
1196 822 1268 894 (2
1297 820 1412 874 Cor.
1440 821 1492 874 7.
1530 819 1588 873 Μ
1612 819 1667 887 )z
1697 833 1863 887 usque
1901 815 2035 871 adeo

465 937 561 979 eos
591 919 908 975 verebantur
933 922 988 970 et
1023 910 1490 984 pertimescebant.
1537 906 1605 963 Et
1636 906 1806 962 Lucas
1852 921 2037 960 rursus
2111 911 2123 920 '

467 1012 728 1077 scribens,
772 1007 980 1064 dicebat
1007 1021 1020 1058 :
1045 1003 1346 1058 Caterorum
1373 1009 1539 1054 autem
1577 1013 1721 1051 nemo
1749 994 1962 1050 audebat
1986 1010 2039 1049 se

469 1102 774 1171 coniungere
811 1096 939 1161 illis,
964 1093 1052 1150 sed
1077 1088 1429 1162 mtigm'ﬁcabat
1452 1103 1536 1142 eos
1561 1087 1779 1158 populus
1807 1085 1940 1154 (Act.
1981 1081 2036 1139 5.

474 1193 585 1262 I3).
629 1190 694 1246 Et
718 1201 942 1244 rursus:
969 1183 1106 1252 Quid
1131 1182 1278 1236 vultis
1293 1179 1322 1234 2
1345 1181 1397 1233 in
1422 1179 1564 1249 virga
1586 1179 1780 1233 ueniam
1822 1176 1888 1230 ad
1931 1191 2037 1245 vos,

473 1299 543 1337 an
567 1282 621 1335 in
644 1280 850 1334 caritate
872 1286 922 1331 et
945 1274 1126 1347 spiritu
1152 1270 1370 1326 lenitatis
1401 1269 1452 1341 (ι
1481 1267 1598 1323 Cor.
1616 1266 1669 1321 4.
1698 1266 1832 1336 ﬁt)?

547 1374 600 1427 ε.
625 1370 813 1426 Vidisti
839 1365 1206 1421 auctoritatem
1230 1371 1284 1417 et
1318 1358 1670 1432 potestatem?
1697 1358 1822 1412 Haec
1864 1363 2041 1411 autem

477 1465 654 1520 omnia
681 1462 807 1517 fecit
829 1459 1049 1514 verbum
1072 1455 1200 1510 illud
1217 1452 1358 1524 quod
1384 1452 1514 1506 dixit
1538 1465 1658 1505 cum
1680 1464 1772 1504 eos
1788 1449 2041 1502 mitteret:

481 1552 870 1626 Ego'vobiscum
903 1563 1013 1601 sum
1034 1543 1208 1618 (Matt.
1247 1542 1338 1598 28.
1363 1540 1473 1611 ΞΘ).
1508 1540 1625 1609 Ipse
1671 1537 2045 1608 impedimenta

481 1643 660 1698 omnia
687 1637 1030 1704 removebat,
1075 1641 1198 1688 ante
1247 1647 1345 1687 eos
1380 1629 1703 1684 ambulans:
1733 1629 1854 1697 ipse
1893 1627 2046 1697 plana

484 1735 663 1788 omnia
706 1728 948 1793 faciebat,
992 1740 1054 1780 ac
1091 1723 1324 1778 dillicilia
1371 1720 1540 1775 facilia
1585 1718 1863 1776 reddebat.
1891 1717 2047 1788 Atqui

486 1831 638 1878 erant
649 1819 820 1874 omnia
838 1818 988 1888 plena
1008 1814 1183 1880 bellis,
1200 1812 1375 1868 omnia
1398 1811 1628 1881 seopulis
1647 1819 1700 1865 et
1721 1809 2045 1880 praecipitiis,

487 1923 543 1968 et
555 1925 814 1981 nusquam
828 1907 1016 1963 licebat
1037 1905 1222 1976 pedem
1239 1903 1419 1974 ﬁgere,
1443 1916 1541 1957 nec
1555 1901 1742 1957 sistere
1762 1917 1778 1966 ς
1795 1899 2052 1957 obstructi

492 2012 643 2059 erant
669 2013 858 2054 omnes
891 2006 1111 2068 portus,
1143 1994 1317 2048 omnis
1341 1991 1531 2047 domus
1571 1989 1769 2068 clausa,
1816 1988 2051 2043 omnium

483 2107 640 2150 aures
688 2066 950 2148 obturat—aa
976 2105 990 2142 :
1021 2097 1078 2142 et
1104 2095 1279 2141 tamen
1321 2097 1444 2139 cum
1498 2066 1724 2152 primum
1751 2080 1974 2151 ingressi
2001 2089 2057 2135 et

487 2185 693 2256 loquuti
717 2184 946 2249 filerunt,
975 2178 1252 2235 diruebant
1294 2175 1473 2232 omnia
1501 2173 1731 2228 hostium
1749 2186 2054 2255 propugna-

460 2277 625 2342 ‘cula,
652 2286 710 2331 ut
737 2282 794 2330 et
823 2274 968 2344 ipsas
995 2271 1203 2325 animos
1221 2265 1628 2338 profunderent,
1660 2271 1715 2319 et
1757 2263 2059 2316 innumera-

490 2367 614 2421 bilia
645 2363 878 2436 pericula
907 2360 1229 2417 sustinerent
1257 2371 1354 2427 pro
1393 2356 1460 2410 iis
1489 2368 1616 2427 qua
1638 2351 1777 2406 dicta
1826 2350 2053 2405 fuerant.

465 2498 468 2502 ι
493 2459 545 2512 5.
574 2455 740 2526 Elegit
768 2453 910 2508 nobis
935 2450 1260 2506 hereditatem
1299 2461 1445 2500 suam
1465 2444 1680 2514 speciem
1702 2441 1883 2508 Jacob,
1909 2453 2061 2509 quam

492 2551 682 2605 dilexit.
707 2548 878 2611 Alius,
907 2541 1331 2611 Gloriﬁcationern
1349 2536 1530 2591 Iacob.
1557 2535 1688 2590 Vide
1711 2547 1867 2604 quam
1894 2531 1962 2586 sit
1980 2543 2059 2586 ae-

473 2621 673 2696 leurata
701 2646 999 2706 exactaque
1032 2629 1328 2702 prophetia.
1353 2626 1610 2696 Superius
1632 2623 1845 2694 quidem
1881 2620 2014 2676 dixit
2042 2639 2057 2675 :

495 2729 720 2799 διιιεὶκῆ
749 2725 892 2780 nobis
917 2722 1130 2795 pqr-los
1156 2730 1203 2776 et
1222 2727 1410 2791 gentes.
1439 2715 1604 2772 Judaei
1633 2715 1856 2784 primum
1883 2725 2063 2766 acces-

445 2844 451 2848 ·-
495 2828 678 2877 serum
719 2817 893 2889 primo
940 2823 1022 2869 ter
1051 2811 1213 2877 mille,
1255 2807 1449 2865 deinde
1495 2805 1775 2876 quinquies
1804 2802 1966 2867 mille,
2009 2809 2064 2857 et

467 2939 470 2942 ~
495 2921 675 2980 postea
690 2916 894 2979 gentes.
924 2905 1042 2974 Ipse
1057 2903 1198 2958 enim
1221 2913 1406 2956 rursus
1428 2897 1678 2954 dicebat:
1707 2894 1778 2949 Et
1797 2894 1927 2949 alios
1949 2907 2064 2947 ores

473 3003 672 3066 λειω,
694 3009 746 3053 et
769 2998 885 3053 illas
909 3013 986 3050 me
1002 2994 1249 3048 adducere
1275 2999 1483 3062 Oportet,
1514 2996 1564 3044 et
1603 2989 1690 3056 ﬁet
1723 3001 1880 3041 unum
1915 2985 2061 3050 ovile,

500 3101 552 3146 et
573 3105 704 3146 unus
728 3098 902 3159 pastor
926 3085 1102 3157 (Joan.
1121 3083 1209 3139 10.
1239 3080 1348 3152 id).
1379 3078 1580 3138 Deinde
1601 3093 1672 3132 ne
1687 3075 1804 3147 quis
1823 3090 1947 3131 cum
1972 3079 2067 3130 ati-

495 3182 684 3238 dierit:
715 3179 882 3249 Elegit
905 3177 1046 3230 nobis
1060 3173 1380 3228 hereditatem
1398 3169 1492 3224 sibi
1514 3167 1646 3245 (Act.
1672 3166 1728 3221 2.
1747 3167 1835 3222 ﬂ.
1857 3175 1902 3221 et
1925 3164 2064 3236 4.5),

497 3277 705 3332 dubitet
722 3283 779 3328 et
803 3277 1043 3340 angatur,
1074 3277 1128 3324 et
1146 3267 1286 3321 dicat
1311 3279 1326 3319 :
1356 3260 1634 3330 Quomodo
1653 3274 1781 3329 ergo
1815 3273 1922 3313 non
1946 3272 2065 3312 ere-

499 3366 632 3426 dunt
656 3377 798 3418 nunc
837 3359 1043 3416 Judaei?
1081 3356 1414 3413 correctione
1459 3351 1617 3407 solvit
1660 3349 2064 3405 dubitationem.

505 3458 728 3514 Maxime
753 3453 917 3518 enim,
945 3450 1083 3522 quod
1103 3448 1169 3504 ad
1191 3463 1250 3504 se
1273 3447 1482 3513 attinet,
1503 3457 1596 3498 eos
1615 3442 1792 3512 elegit,
1821 3448 1876 3497 et
1897 3455 2068 3511 quan-

505 3556 615 3602 tum
632 3547 696 3601 ad
721 3547 894 3616 ipsum
925 3541 1140 3613 quidem
1181 3546 1402 3609 spectat,
1432 3535 1631 3591 nullum
1657 3531 1890 3602 reliquit.
1917 3532 2070 3599 Quod

501 3640 546 3692 si
569 3638 726 3693 linem
743 3649 958 3706 quoque
975 3632 1233 3704 requiras,
1253 3628 1376 3686 audi
1401 3641 1462 3682 ea
1485 3640 1602 3696 qua:
1615 3631 1925 3692 sequuntur;
1947 3619 2073 3678 sub-

497 3730 670 3801 juuxit
693 3727 832 3784 enim
863 3743 876 3780 :
911 3724 1138 3796 Speciem
1160 3719 1341 3787 Jocob,
1369 3734 1520 3790 quam
1543 3716 1736 3770 dilexit.
1771 3713 1869 3768 ilio
1893 3721 2070 3767 autem

503 3821 634 3875 mihi
663 3818 869 3873 videtur
902 3815 1086 3878 ﬁdeles
1122 3811 1327 3877 dicere,
1352 3807 1494 3879 quod
1520 3805 1732 3876 quidem
1758 3803 1956 3858 Paulus
1985 3803 2064 3857 si-

505 3911 780 3981 gnificans,
810 3907 1016 3967 dicebat
1045 3922 1060 3958 :
1091 3902 1217 3960 Non
1251 3909 1417 3958 autem
1439 3896 1578 3969 quod
1603 3893 1839 3950 exciderit
1873 3893 2075 3947 verbum

508 3999 603 4055 Dei
626 4015 645 4056 :
670 4014 768 4052 non
794 3987 922 4052 enim
948 4010 1116 4050 omnes
1141 3992 1224 4063 qui
1246 3998 1360 4045 sunt
1380 4003 1442 4043 ea:
1466 3985 1626 4041 Israel
1644 3993 1757 4038 sunt
1779 3983 1944 4038 Israel
1967 3984 2071 4054 (a),

506 4090 594 4144 sed
620 4089 672 4142 in
701 4086 849 4141 Isaac
872 4085 1123 4140 vocabitur
1145 4082 1234 4136 tibi
1258 4092 1458 4143 semen;
1481 4077 1574 4131 hoc
1596 4083 1687 4140 est,
1717 4072 1836 4128 Non
1852 4074 1939 4144 qui
1960 4083 2077 4128 sunt

509 4181 604 4249 ﬁlii
630 4179 814 4244 carnis,
842 4177 880 4231 ii
899 4186 1016 4230 sunt
1035 4175 1129 4246 ﬁlii
1150 4174 1265 4236 Dei,
1292 4171 1378 4226 sed
1418 4170 1505 4241 qui
1532 4177 1646 4224 sunt
1659 4167 1755 4236 [illi
1783 4168 2077 4238 promissio-

509 4271 607 4337 nis,
620 4270 932 4324 animantur
952 4267 1004 4320 in
1019 4266 1201 4320 semine
1223 4263 1395 4334 (Rom.
1420 4263 1472 4318 9.
1492 4263 1629 4334 6-8).
1657 4262 1873 4332 Species
1902 4269 2076 4316 autem

480 4366 606 4416 'seu
657 4355 996 4429 pulchritudo
1039 4354 1215 4424 populi
1259 4353 1379 4423 jure
1406 4351 1651 4406 dicantur
1696 4350 1899 4407 fideles.
1944 4348 2079 4416 Quid

511 4460 592 4506 est
617 4450 758 4503 enim
787 4445 1077 4517 speciosius
1103 4443 1205 4498 illis
1232 4443 1319 4512 qui
1341 4441 1717 4497 crediderunt?

493 4551 496 4556 '
582 4540 768 4595 Gentes
805 4551 895 4591 cur
935 4535 1184 4590 hereditas
1221 4531 1499 4588 Christi.--
1518 4531 1888 4590 Hereditatem
1904 4538 2080 4586 autem

511 4647 662 4688 suam
691 4638 846 4685 vocat
874 4635 1084 4698 gentem
1104 4665 1120 4690 ,
1148 4638 1256 4678 non.
1272 4623 1412 4692 quod
1443 4623 1664 4676 aliarum
1691 4621 1929 4691 gentium
1962 4620 2082 4678 nul-

512 4721 620 4776 tum
646 4733 830 4774 curam
853 4717 1097 4787 gesserit,
1127 4711 1222 4769 sed
1249 4710 1614 4766 vehementem
1638 4710 1692 4764 in
1715 4723 1810 4764 eos
1838 4709 2082 4768 dilectio-

513 4827 658 4877 nem,
681 4818 737 4864 et
760 4823 884 4863 uim
907 4807 988 4862 eis
1008 4802 1458 4873 coniunctionem,
1496 4807 1553 4855 et
1594 4799 1942 4869 providentia;
1987 4813 2080 4852 ao-

513 4904 806 4960 cessicaem
832 4898 1138 4955 ostendens.
1179 4896 1247 4950 Et
1271 4903 1337 4949 ut
1378 4893 1516 4949 scias
1541 4905 1700 4962 quam
1729 4889 1798 4945 sit
1837 4898 2083 4945 accurata

514 4992 812 5063 prophetia,
843 4988 965 5044 vide
993 4985 1256 5058 qumodo
1281 4984 1446 5037 utitur
1465 4980 1754 5038 dilectione
1785 4978 1956 5048 vulgi,
1980 4993 2084 5048 qua

515 5085 682 5140 utitur
718 5082 775 5138 in
801 5079 965 5135 rebus
999 5092 1119 5147 qua
1149 5082 1420 5131 ematur.
1454 5072 1609 5142 Saepe
1650 5071 1794 5126 enim
1847 5068 2086 5139 plerique

515 5173 718 5244 aliquid
737 5181 1006 5234 ementes,
1031 5167 1248 5238 pulchra
1276 5167 1360 5221 illa
1391 5179 1510 5220 esse
1530 5163 1748 5227 dicunt,
1794 5176 1916 5231 qua:
1960 5159 2087 5215 reli-

515 5265 636 5334 quis
673 5261 1018 5318 antecellunt.
1048 5257 1347 5315 {mandens
1371 5270 1504 5326 ergo.
1522 5267 1630 5310 non
1653 5267 1842 5308 omnes
1869 5266 2086 5306 servant.-

514 5357 637 5422 dos,
664 5357 812 5422 dicit,
844 5357 1075 5427 Speciem
1101 5352 1279 5408 Iacob.
1313 5352 1445 5406 Haec
1464 5351 1622 5405 etiam
1653 5347 2008 5403 ostenduntur
2032 5345 2085 5400 in

515 5448 802 5518 evangeliis
842 5463 938 5516 per
968 5442 1382 5502 innuaerabiles
1420 5439 1720 5511 parabolas.
1755 5437 1810 5492 6.
1853 5435 2087 5491 Ascendit

516 5539 654 5596 Deus
701 5540 755 5594 in
780 5540 961 5612 jubilo.
1004 5538 1118 5593 Non
1164 5535 1317 5603 dixit,
1350 5534 1666 5604 Assumptus
1698 5538 1802 5597 est,
1851 5536 1943 5583 aut
1988 5526 2087 5582 de-

578 5693 652 5758 (tt)
684 5695 770 5744 uie
791 5692 1011 5758 quaedam
1030 5704 1095 5744 ex
1118 5699 1258 5744 textu
1280 5692 1528 5756 Scriptura:
1571 5692 1904 5762 pretcrmittit
1941 5691 2094 5752 ειη-

518 5777 776 5824 soslomus.

1555 343 1904 400 EXi'OSlTIO
1941 343 2004 400 ΙΝ
2044 341 2359 398 Ρδλωιωι
2394 341 2571 397 XLVI.

3596 351 3689 406 ili

2139 456 2326 511 ductus
2365 468 2484 524 est,
2528 458 2620 513 sed
2663 458 2936 527 Ascendit,
2980 472 3035 516 ut
3092 461 3394 518 ostenderet
3435 480 3555 519 eum
3610 481 3702 522 as-

2120 547 2380 604 cendisse
2426 551 2570 605 nullo
2593 550 2699 605 alio
2741 568 2862 607 eum
2916 552 3164 618 ducente,
3219 553 3314 609 sed
3353 556 3523 628 ipsum
3567 557 3703 612 hanc

2138 640 2278 696 viam
2306 656 2423 696 esse
2452 642 2767 713 ingressum.
2818 645 2996 700 Helias
3042 645 3184 700 enim
3229 645 3321 716 qui
3367 662 3471 700 non
3514 647 3702 702 eadem

2125 747 2245 808 qua
2298 731 2538 788 Christus
2601 734 2687 788 via
2739 743 3109 804 processerat,
3153 735 3442 791 ducebatur
3485 736 3552 792 ab
3602 737 3705 792 alia

2144 830 2404 893 potestate
2454 822 2544 894 (4.
2568 823 2692 895 Reg.
2724 824 2779 880 9..
2815 824 2872 879 lt
2895 823 2936 896 ).
2985 822 3100 880 Non
3131 833 3244 880 erat
3288 825 3429 880 enim
3463 825 3706 884 humana:

2143 923 2342 969 natura:
2363 915 2443 968 via
2462 916 2736 986 peregrina
2760 915 2980 984 ingredi.
2998 913 3311 985 Unigenitus
3331 924 3505 970 autem
3522 930 3707 970 ascen-

2143 1004 2220 1060 dit
2244 1007 2454 1074 propria
2483 1013 2761 1076 potestate.
2793 1004 3049 1074 Quocirca
3084 1006 3253 1063 Lucas
3278 1021 3487 1079 quoque
3513 1004 3594 1059 sic
3619 1005 3705 1061 di-

2143 1095 2327 1152 cebat:
2353 1094 2422 1149 Et
2444 1096 2560 1165 ﬁxis
2580 1095 2736 1152 oculis
2751 1096 3068 1151 intuebantur
3085 1096 3228 1151 illum
3251 1107 3444 1151 euntem
3468 1097 3517 1151 in
3531 1097 3709 1150 malum

2146 1185 2280 1254 (Aet.
2313 1185 2363 1240 i.
2389 1185 2502 1254 10).
2528 1183 2646 1239 Non
2676 1184 2828 1249 dixit,
2851 1183 2982 1240 Cum
3025 1185 3138 1255 ipse
3175 1195 3560 1250 assumeretur,
3589 1199 3708 1260 nec,

2145 1275 2276 1330 Cum
2305 1284 2641 1344 portaretur:
2669 1283 2786 1330 erat
2829 1275 2968 1332 enim
3012 1277 3129 1345 ejus
3171 1275 3413 1348 proprius
3449 1277 3709 1346 incessus,

2126 1364 2293 1434 'quod
2311 1364 2487 1419 ﬂebat.
2531 1363 2588 1418 Si
2635 1376 2811 1420 autem
2859 1374 3139 1436 antequam
3170 1364 3601 1437 cruciﬁgeretur,
3636 1365 3716 1420 fe-

2130 1454 2362 1509 rebatur
2386 1468 2547 1523 super
2570 1468 2753 1524 aquas,
2780 1455 2952 1510 adhuc
2999 1455 3200 1526 patibili
3229 1465 3283 1510 ct
3326 1455 3468 1526 gravi
3491 1471 3715 1525 corpore

2148 1543 2542 1599 circumdatus:
2569 1544 2695 1614 quid
2721 1546 2911 1600 mirum
2937 1546 2979 1600 si
3011 1555 3285 1616 postquam
3321 1545 3718 1616 incorruptibil‘e

2150 1637 2394 1706 sumpsit,
2443 1651 2621 1692 aerem
2658 1638 2926 1693 secuerit?
2949 1637 3047 1692 Ubi
3074 1647 3250 1692 autem
3282 1637 3344 1690 In
3358 1636 3560 1706 julu'lo?
3589 1638 3718 1704 Quis

2147 1725 2420 1796 jubilavit,
2467 1726 2684 1796 quando
2726 1725 3006 1781 ascendit?
3052 1727 3211 1796 Atqui
3254 1725 3356 1780 hoc
3390 1726 3600 1780 silentio
3644 1726 3726 1781 fa-

2151 1825 2296 1871 ctum
2321 1824 2420 1881 est,
2462 1824 2516 1871 et
2546 1815 2790 1870 undecim
2820 1815 2991 1869 solum
3029 1813 3378 1885 praesentibus
3425 1813 3719 1884 discipulis.

2153 1907 2316 1964 Vides
2339 1923 2446 1963 non
2492 1917 2739 1978 oportere
2757 1906 3016 1962 dictiones
3054 1906 3368 1976 simpliciter
3395 1914 3450 1962 et
3476 1921 3582 1962 imo
3608 1915 3724 1960 lan-

2157 2008 2268 2054 tum
2299 1998 2459 2054 modo
2492 1999 2754 2069 accipere,
2795 1995 2892 2051 sed
2916 1997 3052 2054 scire
3100 1996 3224 2066 quid
3250 1997 3328 2052 eis
3355 1995 3724 2067 signiﬁcetur?

2156 2089 2612 2160 Quemadmodum
2642 2088 2782 2143 enim
2809 2088 2916 2150 dixi
2957 2088 3008 2142 in
3053 2085 3311 2157 prommio
3344 2084 3556 2151 Psaltni,
3583 2085 3727 2154 jubi—

2159 2184 2244 2240 lus
2271 2181 2476 2253 aliquid
2512 2177 2658 2236 aliud
2703 2178 3000 2250 signiﬁCat,
3052 2193 3243 2247 nempe
3269 2178 3576 2242 victoriam,
3613 2185 3727 2230 tro-

2159 2291 2330 2346 parum
2363 2293 2376 2330 :
2404 2271 2544 2344 quod
2564 2285 2690 2344 ergo
2711 2269 2798 2326 hic
2823 2269 2968 2336 dicit,
2995 2268 3062 2322 in
3076 2268 3262 2339 jubilo,
3296 2267 3398 2326 hoc
3414 2277 3518 2332 est,
3545 2281 3731 2321 ascen-

2160 2365 2239 2421 dit
2264 2365 2317 2420 in
2345 2363 2603 2430 victoria,
2645 2375 2767 2417 cum
2791 2367 3018 2416 mortem
3047 2359 3294 2427 vicisset,
3335 2365 3608 2429 peccatum
3639 2357 3732 2411 de-

2158 2451 2394 2524 iecisset,
2439 2429 2712 2508 daamones
2770 2448 3095 2520 rogavisset,
3131 2461 3369 2503 errorem
3413 2429 3728 2516 expulisset,

2162 2544 2338 2599 omnia
2387 2543 2442 2614 in
2493 2540 2684 2596 melius
2711 2545 3003 2605 mutasset,
3053 2537 3108 2592 in
3157 2539 3425 2608 antiquam
3485 2537 3731 2606 patriam,

2163 2633 2271 2690 imo
2297 2648 2424 2689 vero
2447 2632 2604 2702 longe
2625 2631 2918 2697 meliorem,
2946 2637 3182 2685 nostram
3212 2637 3452 2683 naturam
3483 2627 3733 2689 deduxiso

2163 2735 2266 2783 set.
2296 2724 2428 2782 Cum
2455 2725 2595 2782 enim
2617 2723 2940 2790 advenimet,
2967 2735 3124 2778 nemo
3155 2720 3204 2775 ei
3229 2720 3448 2787 restitit,
3475 2735 3581 2778 non
3608 2734 3735 2790 pec-

2164 2820 2268 2876 cati
2295 2818 2553 2891 tyrannis,
2582 2831 2690 2880 non
2711 2814 2897 2870 mortis
2920 2812 3178 2884 potentia,
3205 2825 3310 2866 non
3337 2812 3416 2865 vis
3445 2805 3734 2875 maledicti,

2165 2927 2273 2968 non
2300 2910 2565 2975 interitus,
2592 2922 2698 2963 non
2729 2906 2978 2977 nequitia:
3015 2901 3353 2975 magnitudo,
3402 2917 3507 2958 non
3538 2903 3735 2975 aliquid

2166 3003 2307 3060 aliud
2352 3000 2614 3072 ejusmodi
2640 3015 2654 3052 :
2683 2997 2778 3060 sed
2814 3012 2936 3052 cum
2963 2994 3077 3052 hzec
3103 2994 3280 3050 omnia
3310 3003 3578 3062 tamquam
3609 3007 3732 3046 ara-

2168 3110 2322 3167 ncam
2370 3091 2725 3164 perfregisset,
2766 3088 3064 3144 daemonum
3101 3095 3375 3151 catervas,
3407 3097 3596 3139 nervos
3623 3082 3739 3138 dia-

2167 3187 2299 3258 boli,
2326 3193 2378 3242 et
2405 3184 2520 3240 lucc
2547 3182 2724 3239 omnia
2747 3179 3076 3252 proigasset
3095 3218 3109 3244 ,
3137 3176 3374 3234 ascendit
3407 3175 3567 3235 rebus
3592 3182 3738 3230 recte

2169 3277 2354 3350 gesds,
2383 3281 2442 3330 ut
2467 3275 2652 3329 voluit.

2191 3361 2194 3364 ’
2238 3367 2295 3423 5.
2333 3365 2590 3434 Quocirca
2619 3362 2811 3418 Paulus
2837 3373 3044 3432 quoque
3071 3358 3186 3432 ejus
3211 3367 3464 3429 tropaeum
3494 3371 3738 3424 narrans,

2173 3455 2428 3512 dicebat:
2473 3450 2601 3507 Cum
2641 3451 2961 3523 exspoliasset
3001 3449 3308 3521 principatus
3351 3465 3411 3503 ac
3439 3456 3736 3520 potestates,

2175 3536 2398 3602 traduxit
2433 3543 2603 3611 libere,
2649 3543 2710 3597 de
2756 3543 2826 3597 eis
2862 3544 2914 3596 in
2960 3542 3123 3612 seipso
3166 3541 3480 3611 triumphans
3525 3539 3742 3611 (Coloss.

2172 3637 2225 3695 ‘2.
2258 3637 2371 3707 i5).
2398 3637 2464 3691 Et
2491 3650 2673 3690 rursus
2698 3649 2712 3686 :
2745 3631 2937 3688 Delevit
2975 3632 3114 3704 quod
3131 3641 3237 3687 erat
3259 3633 3493 3686 adversus
3522 3649 3611 3685 nos
3632 3632 3746 3684 chi-

2174 3728 2484 3801 rographum
2529 3729 2582 3781 in
2621 3727 2854 3793 decretis,
2885 3726 3019 3795 quod
3040 3732 3149 3779 erat
3175 3724 3321 3778 nobis
3340 3724 3666 3786 contrarium,
3701 3731 3746 3775 et

2175 3821 2341 3892 ipsum
2367 3821 2432 3874 de
2457 3819 2618 3874 medio
2644 3817 2866 3886 sustulit,
2887 3815 3086 3890 atﬁgen's
3101 3815 3227 3884 illud
3245 3815 3384 3868 cruci
3400 3813 3559 3886 (Ibid.
3577 3813 3742 3878 ιη).

2179 3910 2429 3964 Dominus
2472 3910 2525 3963 in
2566 3924 2685 3963 uoce
2724 3907 2870 3962 tubw.
2924 3907 3066 3961 Idem
3111 3919 3294 3961 rursus
3344 3903 3620 3975 signiﬁcat,
3651 3903 3749 3959 huc

2179 4011 2281 4069 est,
2305 4002 2358 4055 in
2387 3999 2638 4070 praeclara
2669 3998 2908 4053 victoria.
2955 3997 3052 4050 llic
3074 4003 3350 4051 autemest
3375 3993 3516 4060 aliud
3541 4010 3750 4064 quoque

2181 4081 2598 4159 intelligendum,
2623 4101 2811 4157 nempe
2833 4084 2884 4141 id
2911 4086 3073 4140 fuisse
3102 4086 3324 4152 clarum,
3352 4093 3611 4155 apertum,
3638 4085 3752 4139 illu-

2164 4191 2309 4237 stre.
2335 4179 2494 4250 Atqui
2520 4178 2696 4234 nullus
2721 4178 2773 4234 id
2808 4185 2942 4233 tunc
2972 4176 3136 4242 novit,
3166 4191 3286 4231 cum
3311 4175 3482 4243 fieret,
3531 4175 3625 4229 sed
3646 4185 3750 4229 tam

2171 4273 2358 4330 evasit
2377 4271 2734 4338 manifestum,
2778 4281 2936 4342 quam
2980 4267 3026 4323 si
3071 4267 3192 4322 tuba
3231 4265 3549 4333 cecinisset,
3595 4273 3753 4335 atque
3793 4301 3797 4304 -

2183 4363 2318 4420 adeo
2343 4361 2510 4418 multo
2539 4361 2724 4437 magis.
2775 4359 2908 4414 Illud
2931 4358 3092 4426 enim,
3121 4356 3260 4428 quod
3299 4366 3422 4413 tunc
3455 4355 3752 4428 clanculum

2168 4455 2382 4511 factum
2404 4463 2505 4522 est,
2556 4468 2713 4508 nemo
2738 4453 2854 4508 fere
2877 4465 3062 4508 eorum
3102 4451 3190 4522 qui
3216 4451 3398 4505 orbem
3427 4460 3579 4505 terrae
3605 4447 3754 4504 habi-

2185 4555 2300 4603 tant
2328 4545 2622 4616 ignoravit,
2672 4543 2766 4599 sed
2810 4542 2981 4613 ipsum
3030 4540 3249 4612 perinde
3284 4541 3539 4596 ‘revelavit
3575 4553 3754 4594 rerum

2187 4645 2371 4693 natura
2391 4679 2406 4704 ,
2433 4652 2496 4691 ac
2525 4635 2570 4692 si
2594 4634 2716 4690 tuba
2759 4633 3060 4700 cecinisset,
3089 4631 3197 4687 lmo
3237 4631 3404 4686 multo
3429 4630 3622 4701 magis.
3639 4628 3752 4684 Ne-

2187 4744 2290 4800 que
2316 4729 2457 4784 enim
2501 4728 2626 4782 tuba
2670 4740 2868 4781 canens
2897 4725 2968 4780 ita
3005 4738 3192 4779 omnes
3231 4731 3473 4778 vocasset
3514 4721 3582 4774 ad
3627 4719 3757 4774 illud

2188 4823 2570 4894 spectaculum,
2615 4820 2752 4875 sicut
2793 4825 2973 4888 postea
2995 4829 3171 4872 rerum
3199 4831 3299 4868 vos
3324 4812 3554 4868 ostendit
3579 4825 3758 4865 ascen-

2188 4927 2327 4977 sum,
2350 4912 2516 4981 magis
2553 4909 2711 4966 etiam
2737 4922 2892 4980 quam
2916 4906 3110 4961 tonitru
3137 4919 3247 4959 rem
3276 4906 3469 4959 claram
3497 4899 3754 4956 efllciens.

2187 5002 2376 5073 Neque
2393 5000 2533 5056 extim
2554 4999 2750 5054 tonitru
2779 4997 2849 5052 ita
2871 5003 3116 5050 vocasset
3157 4993 3339 5047 orbem
3363 4999 3538 5056 teme,
3584 4996 3643 5043 ut
3667 5004 3758 5044 rc-

2179 5104 2308 5149 'rum
2337 5091 2571 5147 ostensio
2591 5103 2683 5145 eos
2709 5089 2798 5159 qui
2829 5097 2954 5141 tunc
2973 5093 3146 5148 erant,
3193 5091 3247 5136 et
3291 5082 3377 5149 qui
3403 5087 3582 5150 postea
3607 5089 3761 5134 eram

2191 5183 2373 5241 futuri.
2403 5181 2626 5237 'I‘ouitru
2649 5179 2788 5235 enim
2817 5189 2900 5234 est
2927 5184 3128 5232 tantum
3158 5172 3489 5227 manifestum
3515 5183 3754 5238 praesen-

2193 5279 2370 5343 tibus;
2423 5276 2536 5344 ipsa
2576 5288 2706 5327 vero
2730 5263 3444 5338 omnibus'generationibus
3484 5261 3608 5316 tuba
3648 5262 3761 5316 cla-

2191 5370 2321 5433 rius,
2352 5375 2404 5421 et
2433 5365 2630 5418 tonitru
2655 5362 2889 5432 apertius
2913 5359 3144 5413 ostendit
3171 5355 3309 5428 quod
3335 5353 3530 5408 factum
3559 5360 3662 5407 est.

2187 5479 2191 5482 ·
2275 5456 2384 5510 I’oa:
2409 5455 2539 5508 tuba:
2560 5451 2796 5522 apostoli.
2826 5479 2896 5491 —
2911 5448 3018 5504 Nec
3035 5464 3159 5503 vero
3183 5443 3585 5502 aberraverissi
3611 5443 3763 5497 tubas

2192 5545 2464 5605 vocaveris
2485 5559 2576 5598 ora
2607 5541 2991 5613 apostolorum,
3013 5556 3118 5595 non
3141 5539 3293 5594 tubas
3317 5537 3531 5608 quidem
3559 5549 3723 5589 aereas
3743 5574 3758 5598 ,

2188 5641 2288 5698 sed
2317 5654 2448 5694 auro
2491 5634 2833 5705 pretiosiores
2859 5673 2874 5698 ,
2919 5641 2974 5686 et
3000 5627 3223 5701 gemmis
3261 5627 3756 5698 mzngntilicenticres.

2198 5733 2306 5791 Cur
2333 5745 2460 5802 ergo
2505 5743 2610 5784 nou
2638 5725 2802 5795 dixit,
2833 5723 2888 5781 Ia
2914 5723 3063 5793 tuba,
3087 5721 3179 5778 sed
3205 5763 3220 5788 ,
3245 5719 3316 5774 .ln
3345 5734 3472 5774 roce-
3490 5713 3759 5773 tubwL’ﬁ‘m
