4114 6278
403 355 521 407 315

418 469 674 538 griiticans
703 481 886 522 eorum
909 465 1267 531 concordiam,
1282 465 1418 520 sicut
1437 465 1595 520 etiam
1616 465 1744 520 dicit
1761 464 1952 522 Paulus
1975 481 1990 517 :

409 555 539 612 Sive
567 573 684 628 ergo
711 573 820 629 ego,
839 557 941 610 sive
965 555 1058 618 illi,
1075 555 1145 609 sic
1158 555 1587 624 prwdicamusu.
1618 555 1735 610 Cor.
1767 555 1855 610 I5.
1880 555 1991 625 Il).

413 648 488 703 fit
540 661 725 703 rursus
771 667 784 702 :
837 646 1185 702 Multitudinis
1223 655 1386 700 autem
1425 647 1732 700 credentium
1767 655 1873 700 erat
1909 663 1996 700 cor

409 751 603 806 ‘unum,
633 748 683 794 et
709 739 878 792 animo
907 755 1010 791 una
1037 738 1174 808 (Act.
1223 738 1278 792 4.
1307 736 1431 807 5'2);
1469 738 1591 793 tuba
1635 747 1810 793 autem
1838 752 1997 792 cane-

407 833 569 898 ‘bant,
599 846 704 885 non
738 830 803 884 ad
832 829 1029 885 bellum
1077 831 1376 896 incitantes,
1412 829 1506 884 sed
1552 829 1900 899 praedicantes
1941 837 1998 884 et

411 920 792 977 annuntiantes
817 922 1112 976 victoriam.
1139 921 1591 987 Quemadmodum
1624 922 1764 977 enim
1793 923 1844 976 iu
1876 937 1996 977 cas-

421 1015 543 1080 tris,
569 1013 780 1084 quando
823 1030 942 1068 cum
991 1016 1159 1085 signis
1200 1016 1250 1070 in
1267 1015 1432 1086 aciem
1479 1015 1761 1084 prodeunt,
1792 1031 1995 1086 praece-

411 1101 710 1159 ‘dnn‘ttu‘ba:
747 1119 863 1174 qua:
893 1114 1181 1176 praesentes
1214 1107 1477 1172 excitant,
1503 1121 1608 1160 non
1647 1115 1865 1176 aspectu
1902 1121 1993 1162 so-

409 1179 558 1258 lum,
593 1194 686 1248 sed
709 1195 868 1249 etiam
910 1195 1090 1250 auditu
1128 1195 1237 1250 :ita
1269 1205 1392 1250 tunc
1433 1193 1626 1250 factum
1666 1209 1746 1252 est
1778 1215 1792 1251 :
1822 1197 1996 1268 ingre-

410 1287 688 1342 ‘dieutibus
717 1287 970 1357 apostolis
996 1287 1048 1340 in
1077 1302 1500 1358 unamquamque
1526 1288 1792 1343 civitatem
1812 1329 1827 1354 ,
1857 1288 1996 1344 tuba:

409 1379 704 1445 ‘sonaban‘t,
735 1388 788 1434 et
826 1379 892 1432 ad
944 1375 1261 1432 audiendum
1319 1392 1507 1433 omnes
1547 1379 1912 1435 accurrebant.
1941 1381 1992 1434 7.

409 1467 638 1540 ‘Psallite
686 1468 795 1523 Deo
841 1479 1032 1536 nostra,
1076 1470 1276 1540 psallite
1311 1485 1331 1524 .'
1371 1470 1571 1538 psallite
1618 1471 1745 1541 Regi
1786 1483 1992 1539 nostra,

419 1561 636 1628 psallite.
664 1559 716 1614 8.
755 1560 1004 1627 Quoniam
1033 1576 1122 1615 rex
1148 1561 1310 1615 omnis
1339 1569 1485 1616 terra:
1513 1559 1666 1627 Deus,
1685 1563 1883 1632 psallite
1907 1579 1996 1616 sa-

427 1650 639 1716 pienter.
671 1649 722 1705 9.
746 1649 991 1720 Regnavit
1021 1649 1154 1705 Deus
1182 1668 1335 1721 super
1369 1663 1556 1722 gentes.
1589 1652 1872 1722 Postquam
1896 1653 1996 1723 igi-

417 1750 504 1792 tur
525 1740 756 1793 narravit
781 1756 938 1808 quam
971 1755 1156 1809 magna
1185 1741 1310 1805 sint,
1334 1750 1388 1794 et
1413 1757 1566 1811 quam
1593 1743 1844 1811 praeclara
1878 1759 1996 1814 quae

418 1831 600 1897 gessit,
626 1830 930 1883 universum
961 1829 1146 1884 orbem
1176 1839 1330 1885 terrre
1357 1833 1587 1886 vocatad
1609 1848 1728 1888 eum
1755 1835 1994 1890 laudibus

418 1919 793 1974 celebrandum
836 1935 954 1974 cum
985 1934 1176 1990 magno
1219 1920 1395 1975 studio
1435 1930 1489 1976 et
1519 1923 1786 1995 diligentia
1826 1941 1995 1980 :usus

419 2021 500 2064 est
517 2011 716 2066 idcirco
739 2013 1050 2081 repetitione
1074 2030 1088 2067 :
1108 2027 1205 2068 nec
1226 2014 1409 2068 invitat
1428 2015 1759 2070 solummodo
1774 2017 1837 2070 ad
1856 2018 1997 2087 psal-

416 2101 655 2167 Ieudum,
685 2100 778 2156 sed
821 2102 886 2156 ad
931 2101 1260 2170 psallendum
1315 2118 1436 2158 eum
1489 2120 1690 2175 magna.
1717 2107 1992 2176 sapientia.

417 2190 552 2257 Quid
582 2201 664 2246 est
683 2233 699 2258 ,
727 2192 938 2247 Psallite
965 2194 1255 2264 sapienter?
1283 2193 1412 2250 Cum
1453 2212 1570 2267 qua:
1595 2237 1610 2262 ,
1642 2198 1832 2269 inquit,
1862 2197 1994 2254 facta

417 2294 571 2352 sunt,
593 2283 902 2353 didieeritis,
937 2286 1334 2342 considerantes
1370 2303 1548 2344 rerum
1586 2300 1854 2360 gestarum
1885 2306 2000 2346 ma-

408 2375 766 2446 gnitudinem.
792 2377 916 2432 Mihi
956 2388 1132 2434 autem
1163 2380 1372 2434 videtur
1408 2381 1567 2435 etiam
1609 2382 1808 2452 aliquid
1853 2383 1994 2439 aliud

417 2467 773 2532 subindieare,
805 2482 924 2522 cum
943 2468 1094 2535 dixit,
1126 2468 1393 2539 Sapienter
1420 2486 1440 2525 :
1465 2485 1570 2524 non
1598 2486 1726 2528 voce
1765 2483 1992 2540 tantum,

407 2554 510 2612 ‘sed
533 2558 692 2611 etiam
718 2558 867 2611 lactis
885 2558 1138 2626 psallere;
1166 2575 1271 2615 non
1291 2560 1468 2630 lingua
1483 2569 1702 2630 tantum,
1724 2564 1816 2620 sed
1835 2565 1994 2619 etiam

410 2649 542 2702 vita.
573 2648 816 2719 Regnavit
857 2651 989 2704 Deus
1014 2652 1152 2705 enim
1178 2669 1329 2720 super
1368 2663 1574 2724 gentes,
1601 2654 1788 2726 inquit.
1825 2656 1991 2721 Alius,

420 2739 594 2810 Supra
616 2751 806 2812 gentes.
827 2741 892 2796 Et
917 2741 1278 2812 quodnambic
1300 2759 1518 2814 regnum
1547 2745 1712 2801 dicit?
1731 2745 1846 2802 Non
1868 2746 1996 2802 illud

423 2833 562 2902 quod
588 2833 789 2889 obtinet
819 2836 1023 2890 ratione
1047 2835 1330 2891 creationis
1347 2877 1364 2903 ,
1386 2837 1481 2893 sed
1508 2837 1609 2895 hoc
1626 2839 1765 2910 quod
1791 2841 1996 2896 ratione

405 2925 554 2992 ejus,
585 2923 650 2979 ad
675 2941 832 2996 quam
852 2940 948 2980 eas
973 2927 1216 2992 adscivit,
1253 2928 1677 2985 necessitudinis.
1709 2929 1992 2986 Fuitenim

412 3030 516 3070 rex
566 3017 800 3070 omnium
841 3018 999 3072 etiam
1050 3017 1308 3081 antehac.
1342 3029 1398 3072 ut
1427 3019 1517 3088 qui
1555 3027 1699 3074 esset
1734 3020 1911 3091 opifex
1941 3029 1996 3077 et

409 3118 628 3162 creator
655 3126 668 3163 :
696 3124 835 3164 mine
861 3117 1038 3165 autem
1067 3119 1119 3164 et
1146 3110 1436 3165 Iubentium
1489 3120 1542 3166 et
1573 3112 1767 3183 gratias
1796 3113 1996 3169 baben-

419 3200 587 3254 tium:
619 3201 759 3272 quod
785 3201 998 3272 quidem
1025 3209 1107 3257 est
1131 3203 1368 3257 maxima
1397 3201 1548 3258 laude
1577 3203 1813 3274 dignum,
1847 3214 1902 3260 et
1941 3205 1994 3261 in

419 3290 604 3359 primis
627 3289 1014 3357 admirandum,
1039 3305 1159 3346 eum
1181 3292 1268 3362 qui
1291 3291 1434 3361 prius
1463 3293 1781 3348 contumelia
1799 3292 1997 3351 afficie-

421 3382 577 3436 batur
601 3395 630 3434 a
673 3381 894 3448 Judaeis,
924 3382 1163 3438 effecisse
1192 3391 1250 3437 ut
1295 3391 1436 3437 tanta
1467 3383 1620 3439 ﬂeret.
1665 3385 1907 3453 mutatio,
1939 3393 1998 3441 ut

419 3469 615 3540 ubique
647 3479 964 3526 caneretur:
988 3480 1043 3526 et
1065 3471 1153 3540 qui
1181 3487 1278 3527 nec
1302 3472 1587 3543 prophetas
1615 3473 1872 3544 legerant,
1896 3491 1995 3532 nec

411 3555 471 3616 'iu
501 3562 615 3632 lege
641 3561 850 3617 educati
876 3563 1119 3630 fuerant,
1157 3565 1264 3619 imo
1289 3579 1416 3620 vero
1442 3567 1593 3636 plane
1619 3576 1774 3636 erant
1812 3568 1994 3624 ferinis

418 3653 675 3719 moribus,
725 3663 942 3723 repente
967 3654 1152 3710 mutati
1178 3664 1324 3722 sunt,
1355 3664 1409 3710 et
1440 3657 1686 3712 omnibus
1713 3657 1814 3714 illis
1842 3658 1992 3734 abjeo

414 3748 517 3803 clis
544 3747 838 3814 erroribus,
870 3761 928 3802 se
963 3747 1012 3800 ei
1045 3746 1399 3816 subjeeerunt,
1432 3762 1536 3801 non
1581 3747 1722 3814 dine,
1745 3757 1835 3804 aut
1863 3758 1991 3816 tres,

415 3848 511 3894 aut
545 3847 790 3909 quatuor,
819 3847 909 3893 aut
933 3837 1120 3894 decem
1146 3848 1364 3908 gentes,
1399 3838 1492 3894 sed
1543 3839 1632 3910 qui
1687 3840 1990 3896 universum

415 3931 601 3985 orbem
632 3937 894 3985 terrarum
918 3929 1240 3986 incolebant.
1267 3927 1405 3984 Deus
1427 3929 1562 3984 sedet
1582 3947 1732 4002 super
1755 3931 1989 3986 thronum

414 4033 644 4077 sanctum
670 4039 842 4076 suum.

487 4115 676 4170 Sedere
701 4114 808 4170 Deo
828 4115 948 4185 quid
966 4117 992 4170 .9
1017 4113 1204 4171 Sancte
1233 4131 1459 4187 regnare.
1487 4143 1561 4157 —
1588 4115 1722 4185 Quid
1749 4124 1830 4173 est
1848 4158 1864 4183 ,
1893 4114 1993 4171 Se-

415 4207 498 4261 det
518 4223 669 4277 super
693 4206 926 4260 thronum
945 4206 971 4260 .’
995 4205 1217 4276 Regnat,
1247 4207 1439 4276 inquit,
1469 4207 1746 4278 imperium
1766 4208 1990 4263 obtinet.
2083 4251 2087 4254 .

419 4297 581 4352 Recte
607 4307 780 4353 autem
805 4298 957 4362 dixit,
990 4297 1256 4352 Sanctum.
1284 4297 1398 4352 Non
1430 4299 1600 4360 solum
1622 4298 1762 4353 enim
1784 4308 1990 4369 regnat,

414 4389 508 4445 sed
537 4391 694 4446 etiam
740 4399 923 4445 sancte
971 4398 1173 4460 regnat.
1226 4389 1362 4459 Quid
1411 4399 1512 4454 est.
1544 4399 1724 4447 sancte
1771 4393 1993 4460 regnat?

416 4481 575 4536 Pure.
618 4479 870 4536 Ilomines
899 4481 1039 4536 enim
1081 4481 1172 4552 qui
1211 4481 1431 4537 veniunt
1467 4481 1536 4537 ad
1567 4481 1666 4537 hoc
1691 4481 1990 4552 imperium,

413 4584 478 4626 ea
530 4578 792 4638 potestate
831 4569 897 4625 ad
929 4559 1174 4638 injuriam
1218 4569 1548 4626 inferendam
1587 4579 1826 4626 utuntur.
1860 4571 1992 4628 Illud

415 4667 594 4714 autem
625 4657 902 4728 imperium
942 4668 1024 4712 est
1057 4659 1123 4713 ab
1152 4663 1297 4715 omni
1327 4675 1386 4716 re
1414 4660 1670 4732 ejusmodi
1712 4661 1988 4730 intactum,

413 4765 627 4822 purum,
657 4759 707 4804 et
745 4760 1008 4804 sanetum.
1034 4749 1214 4820 Neque
1236 4750 1376 4806 enim
1403 4749 1565 4818 fraus,
1594 4768 1767 4822 neque
1795 4753 1990 4823 aliquid

414 4841 679 4914 ejusmodi
731 4839 860 4895 illud
913 4839 1169 4910 judicium
1200 4841 1492 4910 corrumpit
1531 4849 1584 4895 et
1620 4841 1988 4909 circumvenit,

414 4935 508 4990 sed
533 4941 616 4990 est
637 4947 846 5005 purum,
877 4931 1164 4995 sincerum,
1187 4945 1520 5000 quacumque
1536 4933 1762 5002 puritate
1786 4932 1990 5003 fulgens

409 5009 629 5094 clarius,
673 5023 1018 5096 resplendeus
1071 5022 1320 5078 ineliabili
1363 5022 1549 5093 gloria.
1590 5023 1677 5078 to.
1730 5022 1991 5093 Principes

415 5116 715 5192 papillarum
740 5113 1026 5186 congregati
1059 5122 1176 5166 sunt
1220 5127 1338 5167 cum
1385 5110 1493 5165 Deo
1537 5111 1832 5167 Abraham:
1862 5129 1988 5184 quo-

413 5213 550 5282 niam
576 5209 670 5265 Dei
696 5210 852 5280 fortes
873 5217 1022 5262 terra:
1040 5205 1350 5261 vehementer
1374 5204 1550 5259 elevati
1570 5213 1705 5259 sunt.

483 5303 536 5358 ϐ.
579 5301 675 5357 llic
715 5299 950 5356 ostendit
983 5296 1252 5370 quomodo
1281 5295 1438 5351 fuerit
1460 5305 1735 5350 extensum
1761 5311 1988 5368 evange-

414 5396 564 5460 lium,
591 5391 732 5461 quod
759 5407 865 5446 non
895 5388 1064 5444 solum
1095 5388 1326 5459 privatos
1353 5385 1546 5458 attigit,
1577 5385 1672 5441 sed
1693 5401 1786 5443 eos
1827 5388 1987 5444 etiam

411 5485 501 5552 qui
528 5489 654 5538 sunt
680 5481 910 5537 redimiti
944 5479 1263 5543 diademate,
1290 5486 1344 5534 et
1363 5475 1550 5532 sedent
1573 5477 1622 5532 in
1653 5477 1788 5532 solio
1815 5480 1983 5549 regio.

414 5574 618 5632 Deinde
643 5573 932 5628 ostendens
964 5585 1088 5627 eum
1113 5584 1233 5626 esse
1264 5583 1427 5623 unum
1455 5567 1619 5622 Deum
1641 5566 1776 5624 Novi
1803 5577 1857 5624 et
1882 5568 1985 5625 Ve-

415 5667 545 5723 teris
570 5664 917 5729 Tesmmenti,
959 5662 1088 5718 dicit
1118 5677 1133 5716 :
1163 5661 1286 5716 Cum
1317 5661 1422 5715 Deo
1451 5660 1706 5714 Abraham
1730 5701 1746 5726 ,
1780 5661 1831 5717 id
1865 5672 1984 5732 est,

416 5758 506 5817 ille
527 5758 640 5829 ipse
671 5754 764 5827 qui
801 5764 853 5810 et
879 5759 1183 5812 nostrorum
1207 5751 1466 5823 majorum
1498 5750 1636 5809 Deus
1663 5760 1784 5822 est,
1813 5762 1866 5811 et
1893 5755 1982 5826 qui

1141 351 1195 408 S.
1238 351 1514 408 .IOANNIS
1549 349 2030 408 CIIRYSOSTOMI
2073 351 2390 409 ARCIIIEP.
2430 351 2964 410 CONSTANTINOP.

3572 354 3678 410 216

2102 462 2208 519 illis
2233 465 2389 520 etiam
2413 464 2580 536 legem
2605 466 2769 522 dedit.
2793 465 2859 520 Et
2876 465 2994 520 ideo
3021 463 3230 521 dicebat
3247 463 3506 522 .Ieremias
3533 514 3540 520 .
3572 469 3679 520 Du-

2101 557 2162 609 bo
2188 556 2322 611 vobis
2353 566 2698 612 testamentum
2724 574 2904 612 novum
2931 598 2945 621 ,
2975 573 3075 611 non
3103 557 3376 612 secundum
3410 567 3677 612 testamen-

2079 639 2224 707 tum.
2246 649 2380 720 quod
2405 647 2518 701 dedi
2545 649 2772 727 patribus
2800 649 2998 714 vestris,
3029 649 3080 701 in
3122 648 3203 702 die
3229 664 3326 719 quo
3357 664 3446 720 ego
3475 665 3666 719 apprc-

2077 740 2251 806 hendi
2277 757 2480 794 manuni
2507 757 2678 794 eorum
2708 749 2764 793 ut
2805 739 3064 793 educerem
3098 755 3180 792 eos
3224 740 3289 794 de
3326 751 3460 793 terra
3504 739 3675 812 {Egy-

2102 831 2176 899 pti
2215 829 2346 900 (Jer.
2395 831 2486 884 3|.
2543 831 2630 886 5|.
2677 830 2766 898 52)
2795 871 2810 894 ,
2841 829 3127 885 ostendens
3160 846 3319 884 unum
3349 839 3402 884 et
3428 831 3676 885 eiundem

2099 934 2220 976 esse
2247 920 2602 990 Iegislatorem
2631 929 2685 975 et
2727 919 2853 975 Novi
2879 931 2932 975 et
2959 919 3170 976 Veteris
3204 921 3557 976 Testamenti.
3614 927 3676 981 Et

2101 1009 2309 1064 Baruch
2337 1026 2520 1065 rursus
2547 1010 2757 1065 dicebat
2785 1029 2799 1064 :
2829 1010 2931 1064 Hic
2955 1022 3027 1066 est
3068 1010 3207 1066 Deus
3233 1023 3399 1066 noster
3419 1053 3435 1078 ,
3467 1030 3566 1066 non
3594 1031 3674 1068 re-

2083 1102 2355 1174 putabitur
2405 1101 2539 1156 alius
2583 1110 2763 1172 prteter
2813 1102 2999 1172 ipsum.
3051 1101 3250 1157 Invenit
3301 1120 3498 1158 onmem
3545 1107 3676 1160 viam

2079 1192 2321 1274 lsrientita
2347 1201 2394 1245 et
2433 1191 2571 1245 dedit
2603 1207 2714 1244 eam
2738 1190 2900 1245 Iacob
2930 1193 3037 1259 [ilio
3061 1209 3175 1258 suo,
3196 1202 3242 1246 et
3291 1191 3456 1247 Israél
3493 1195 3676 1249 dilecto

2081 1275 2212 1338 suo.
2241 1280 2426 1337 Postea
2450 1295 2614 1338 autem
2638 1284 2690 1337 iu
2716 1294 2846 1338 terra
2869 1285 3003 1338 visus
3027 1295 3100 1338 est
3123 1327 3136 1347 .
3170 1297 3214 1339 et
3244 1303 3357 1340 cum
3394 1287 3674 1344 hominibus

2100 1385 2419 1428 conversatus
2444 1385 2516 1430 est
2554 1375 2800 1446 (Boruch.
2829 1377 2881 1432 5.
2922 1375 3163 1448 36-58).
3193 1376 3498 1446 signiﬁcans
3525 1395 3674 1435 cum-

2078 1465 2223 1542 _dem
2251 1481 2371 1522 esse
2399 1467 2488 1537 qui
2518 1467 2687 1537 legem
2714 1466 2861 1521 dedit
2885 1508 2900 1531 ,
2927 1475 2981 1521 et
3013 1467 3100 1537 qui
3130 1469 3430 1522 incarnatus
3456 1478 3538 1523 est
3575 1488 3588 1522 :
3619 1480 3674 1524 et

2098 1572 2222 1611 eum
2271 1558 2359 1626 qui
2403 1559 2708 1613 incarnatus
2732 1567 2831 1620 est,
2866 1557 3035 1627 legem
3079 1557 3310 1612 dedisse.
3356 1558 3468 1612 lloe
3512 1560 3670 1614 etiam

2099 1649 2226 1703 dicit
2255 1648 2514 1718 prOpheta
2539 1665 2553 1701 :
2577 1648 2876 1719 Congregati
2896 1659 3032 1715 sunt,
3053 1649 3365 1718 inquit,cum
3386 1649 3491 1704 Deo
3515 1650 3672 1703 Abra-

2099 1739 2240 1792 ham.
2271 1739 2531 1794 Hebrzeus
2556 1747 2731 1793 autem
2761 1754 2857 1808 pro
2886 1753 2953 1794 eo
2978 1739 3117 1809 quod
3142 1748 3238 1805 est,
3270 1738 3396 1794 Cum
3420 1739 3545 1808 Deo,
3578 1741 3671 1794 Em

2103 1830 2221 1886 Elei
2248 1831 2521 1885 Abraham.
2546 1831 2611 1885 Et
2638 1846 2743 1901 quo
2766 1829 2946 1897 modo,
2977 1845 3176 1901 qumso,
3210 1831 3312 1886 hoc
3337 1831 3532 1887 factum
3550 1834 3670 1888 est?

2103 1922 2351 1988 Quoniam
2383 1919 2482 1975 Dei
2539 1926 2694 1992 fortes
2740 1931 2888 1974 terra:
2936 1923 3248 1975 vehementer
3301 1923 3477 1977 elevati
3534 1933 3668 1979 sum.

2099 2011 2323 2079 Quinam
2363 2021 2489 2068 sunt
2529 2022 2705 2067 autem
2734 2011 2831 2067 Dei
2857 2012 3040 2080 fortes,
3069 2014 3170 2068 nisi
3197 2015 3422 2084 apostoli
3443 2055 3458 2079 ,
3492 2013 3674 2070 ﬁdeles

2098 2103 2328 2158 omnes?
2351 2102 2612 2169 Quoniam
2641 2106 2781 2158 enim
2819 2105 3058 2174 potentia
3100 2119 3282 2160 eorum
3326 2121 3498 2177 usque
3538 2108 3674 2162 adeo

2099 2193 2447 2263 resplenduit,
2470 2209 2658 2249 omnes
2685 2193 2926 2249 vicerunt
2951 2211 2963 2248 :
2991 2205 3137 2252 recte
3163 2205 3338 2251 autem
3373 2211 3468 2253 eos
3492 2197 3674 2267 appel-

2100 2285 2228 2340 lavit
2257 2285 2440 2340 fortes.
2469 2285 2663 2354 Quidni
2691 2285 2833 2343 euim
2858 2284 3047 2349 fortes,
3076 2287 3164 2357 qui
3194 2287 3454 2344 adversus
3485 2289 3670 2344 orbem

2081 2385 2258 2438 ,terrze
2285 2377 2451 2432 aciem
2481 2377 2866 2440 instruxerunt,
2894 2376 3153 2432 adversus
3172 2377 3466 2445 daemones,
3493 2380 3674 2436 adver-

2098 2482 2192 2523 sus
2215 2467 2505 2532 diabolum,
2545 2468 2805 2524 adversus
2837 2469 3081 2539 populos,
3124 2470 3381 2526 adversus
3408 2472 3669 2540 civitates,

2097 2557 2356 2614 adversus
2403 2567 2610 2627 gentes,
2641 2557 2898 2614 adversus
2947 2567 3222 2631 tyrannos,
3271 2561 3527 2618 adversus
3564 2572 3672 2618 tur-

2077 2658 2276 2713 _menta
2331 2664 2395 2705 ac
2448 2649 2724 2720 supplicia,
2776 2649 3031 2706 adversus
3075 2652 3389 2721 sartagines,
3418 2652 3674 2709 adversus

2102 2739 2345 2796 fornaces
2363 2781 2376 2804 ,
2403 2739 2656 2795 adversus
2687 2741 3118 2796 consuetudinem
3139 2783 3158 2812 ,
3187 2743 3440 2799 adversus
3470 2752 3670 2799 nature

2101 2833 2434 2903 tyrannidem
2467 2875 2484 2901 ,
2529 2841 2586 2890 et
2630 2835 2805 2888 omnia
2859 2834 3148 2891 diruebant
3175 2836 3216 2903 ⁸,
3266 2843 3322 2892 et
3369 2839 3673 2907 superiores

2075 2923 2345 2982 .omnibus
2375 2923 2692 2990 evadebant,
2723 2933 2776 2980 et
2802 2940 2832 2980 a
2857 2925 3004 2980 nullo
3025 2926 3418 2982 vincebantur?
3443 2943 3670 2998 quomo-

2097 3012 2168 3069 do
2190 3028 2292 3068 nou
2321 3011 2507 3078 fortes,
2526 3015 2615 3084 qui
2636 3013 2718 3070 vel
2746 3024 2867 3086 post
2891 3024 3137 3081 mortem,
3161 3024 3360 3071 tantam
3384 3018 3674 3074 ostendunt

2097 3103 2379 3159 virtutem?
2404 3102 2672 3173 quomodo
2698 3118 2805 3158 non
2838 3103 3032 3171 fortes,
3061 3120 3289 3175 quorum
3337 3106 3502 3162 verba
3547 3117 3674 3162 sunt

2097 3195 2286 3265 quovis
2308 3194 2603 3254 ,adamante
2626 3195 2838 3251 duriora
2857 3236 2872 3261 ,
2901 3210 3002 3252 nec
3039 3197 3201 3252 ullum
3231 3212 3294 3254 ea
3316 3206 3524 3268 tempus
3543 3200 3673 3255 abo-

2099 3285 2257 3352 levit,
2279 3285 2373 3340 sed
2398 3285 2636 3356 quotidie
2692 3286 2862 3356 majus
2906 3285 3293 3344 incrementum
3332 3289 3624 3358 suscipiunt
3655 3305 3668 3341 :

2097 3375 2223 3431 dum
2248 3391 2436 3432 omnes
2478 3377 2672 3447 ubique
2707 3379 2853 3433 orbis
2885 3387 3146 3434 terrarum
3199 3395 3325 3436 oras
3368 3381 3671 3452 evangeliea

2083 3467 2402 3537 praedicatio
2454 3469 2723 3538 pervadit?
2773 3469 2876 3524 Pro
2919 3468 3002 3524 bis
3052 3471 3302 3526 omnibus
3351 3471 3582 3542 benigno
3617 3481 3672 3526 et

2097 3559 2345 3615 clementi
2378 3560 2487 3614 Deo
2517 3561 2710 3630 gratias
2748 3575 2965 3630 agamus
2996 3578 3010 3614 :
3038 3563 3287 3632 quoniam
3317 3562 3366 3618 ei
3408 3564 3574 3633 gloria
3616 3573 3670 3619 et

2098 3655 2331 3725 potentia
2351 3695 2366 3720 ,
2397 3667 2537 3709 nunc
2565 3661 2622 3710 et
2647 3668 2894 3724 semper,
2925 3662 2980 3710 et
3009 3654 3062 3710 in
3101 3655 3300 3711 smeula
3333 3655 3669 3711 saeculorum.

2097 3747 2288 3802 Amen.

2525 3853 2592 3910 IN
2628 3852 2946 3915 PSALMUM
2984 3858 3192 3914 XLVII.

2451 3972 2504 4027 I.
2534 3971 2792 4026 Canticum
2811 3971 3011 4027 Psalmi
3031 3973 3150 4042 filiis
3171 3972 3318 4027 Core.

2095 4083 2148 4137 2.
2184 4084 2402 4155 Magnus
2429 4082 2674 4138 Dominus
2700 4093 2746 4138 et
2773 4083 3042 4139 laudabilis
3079 4084 3244 4148 valde,
3275 4086 3326 4139 in
3355 4086 3554 4139 civitate
3582 4087 3673 4141 "ei

2166 4177 2344 4242 nostri,
2375 4176 2428 4229 in
2452 4185 2620 4229 monte
2633 4185 2802 4229 sancto
2822 4176 2952 4247 ejus,
2976 4176 3030 4230 3.
3052 4174 3172 4229 bene
3190 4176 3440 4231 radicibus
3459 4177 3672 4244 ﬁrmans

2166 4269 2502 4323 exsultatione
2547 4267 2787 4320 universa:
2835 4276 3000 4320 terrae.
3055 4265 3202 4320 Alius
3248 4265 3398 4330 dicit,
3447 4266 3674 4321 Pulchro

2165 4360 2402 4432 germine,
2423 4357 2610 4428 gaudio
2632 4357 2875 4411 universa:
2897 4366 3063 4410 teme.
3094 4355 3263 4424 Alius,
3284 4357 3360 4411 Al;
3379 4357 3521 4410 initio
3542 4373 3674 4428 prte-

2164 4452 2350 4523 scripto
2368 4449 2637 4524 splendore
2657 4449 2900 4503 universa:
2924 4457 3090 4502 terra.

2166 4566 2217 4618 I.
2260 4563 2358 4619 IIic
2401 4576 2612 4634 quoque
2656 4559 2918 4631 signiﬁcat
2945 4547 3317 4614 liberationem
3362 4573 3393 4613 a
3423 4558 3578 4616 bellis
3616 4567 3672 4614 et

2095 4655 2303 4726 pugnis.
2331 4653 2464 4720 Quia
2492 4653 2632 4708 enim
2662 4667 2692 4706 a
2721 4651 2994 4721 Babylone
3039 4650 3280 4716 reversi,
3323 4660 3379 4706 et
3431 4665 3461 4705 a
3515 4651 3669 4719 longa

2093 4747 2400 4817 captivitate
2435 4744 2642 4800 liberati
2662 4786 2678 4808 ,
2707 4751 2902 4798 terram
2930 4751 3206 4812 paternam
3230 4749 3549 4813 receperunt
3574 4781 3590 4806 ,
3616 4752 3672 4796 et

2093 4856 2124 4894 a
2148 4840 2326 4895 multis
2356 4839 2508 4894 bellis
2532 4844 2836 4902 evaserunt,
2864 4851 2965 4905 pro
2983 4834 3066 4889 his
3082 4836 3331 4890 omnibus
3356 4836 3464 4890 Deo
3480 4834 3669 4890 horum

2079 4932 2351 4987 bonorum
2373 4929 2782 4999 auctorigratias
2804 4939 3038 4997 agentes,
3067 4927 3164 4982 bos
3185 4927 3412 4998 hymnos
3440 4936 3666 4983 canunt:

2091 5023 2274 5079 dicunt
2295 5033 2472 5078 autem
2503 5037 2518 5075 :
2551 5021 2770 5091 Magnus
2814 5019 3088 5084 Dominus,
3123 5030 3170 5074 et
3200 5019 3473 5074 laudabilis
3500 5019 3665 5075 valde.

2094 5115 2314 5188 Magnus
2337 5114 2550 5186 quidem
2590 5113 2792 5180 dicunt,
2833 5111 2928 5166 sed
2951 5125 3109 5181 quam
3152 5125 3399 5182 magnus,
3434 5124 3541 5165 non
3589 5111 3669 5164 di-

2091 5216 2257 5260 cunt:
2289 5203 2392 5259 boe
2440 5203 2581 5258 enim
2629 5217 2788 5258 nemo
2834 5201 2966 5266 scit;
3012 5210 3066 5256 et
3115 5200 3237 5258 ideo
3260 5200 3571 5271 subjnnsit:
3604 5199 3670 5254 Et

2093 5297 2360 5352 laudabitis
2386 5295 2547 5350 valde.
2570 5294 2686 5349 Non
2705 5303 2789 5351 est
2815 5279 2956 5348 enim
2987 5293 3107 5348 ﬁnis
3133 5293 3248 5361 ejus
3268 5292 3665 5363 magnitudinis.

2090 5390 2240 5458 Quod
2263 5400 2440 5445 autem
2468 5388 2616 5449 dicit,
2648 5396 2729 5443 est
2751 5385 3015 5457 ejusmodi
3040 5403 3054 5440 :
3085 5384 3308 5456 Oportet
3326 5386 3475 5441 illum
3496 5387 3668 5442 solum

2089 5482 2258 5552 gloria
2296 5480 2509 5535 allicere
2549 5488 2605 5534 et
2630 5477 2878 5545 laudare,
2905 5475 3066 5548 idque
3095 5491 3256 5546 supra
3297 5491 3510 5532 omnem
3556 5489 3671 5529 mo-

2155 5638 2170 5669 ι
2207 5643 2351 5687 Unus.
2373 5634 2600 5684 adversus
2621 5630 2925 5697 tyrannidem
2955 5635 3159 5697 natura,
3185 5630 3413 5697 adversus
3452 5628 3669 5697 donand-

2089 5705 2230 5754 tores,
2273 5704 2502 5748 adversus
2517 5691 2676 5758 reges.
2710 5693 2940 5758 adversus
2969 5695 3144 5758 {autem
3169 5701 3211 5744 et
3251 5692 3394 5753 sitim,
3440 5691 3671 5742 adversus

2093 5767 2311 5821 mortem,
2335 5764 2381 5810 et
2402 5755 2559 5810 omnia
2577 5754 2849 5808 diruebam.
