4086 6268
398 456 519 504 ticat
556 462 649 518 per
678 456 859 515 regum
890 437 1339 505 multitudinem),
1367 444 1421 489 et
1462 447 1569 487 non
1600 429 1771 485 solum
1821 427 1971 480 inva-

398 544 594 595 sissent
617 579 631 601 ,
655 535 748 589 sed
778 534 937 586 etiam
959 528 1260 599 congregati
1280 525 1447 579 aciem
1473 521 1867 583 instruxissent,
1888 532 1974 571 res

396 610 656 701 ejusmodi
683 636 847 697 gesta:
884 632 1038 690 sunt,
1072 630 1127 676 ut
1157 619 1255 689 ipsi
1282 618 1492 673 abirent
1524 612 1869 683 obstupefacti
1908 610 1977 665 ob

396 740 459 779 ca
490 738 610 793 qua:
635 728 784 775 tanto
831 716 1087 772 miraculo
1125 713 1262 768 facta
1303 721 1445 766 sunt.
1487 707 1561 763 lta
1591 709 1734 762 enim
1780 705 1976 761 bellum

399 811 798 875 conficiebatur,
826 819 886 864 ut
929 808 1028 878 ipsi
1070 806 1292 860 horrore
1320 819 1385 858 ac
1425 812 1640 871 torpore
1667 800 1805 870 pleni
1832 814 1979 853 rece-

399 907 588 960 derent
608 945 622 970 ,
650 912 704 958 et
728 917 848 958 eum
870 914 1056 970 magna
1089 898 1250 953 animi
1276 895 1673 967 perturbatione
1691 891 1975 955 resilirent,

402 1000 527 1055 dum
555 996 705 1051 multi
736 1008 961 1065 paucos,
983 1002 1038 1047 et
1059 992 1091 1046 ii
1123 991 1212 1061 qui
1243 989 1456 1044 ordines
1484 988 1862 1047 instruxerant,
1892 984 1969 1037 di-

401 1092 544 1147 visos
583 1087 834 1141 timerent
855 1125 870 1147 ,
899 1098 997 1137 nee
1021 1096 1179 1135 secus
1221 1079 1560 1133 afficerentur
1592 1080 1760 1147 'quam
1791 1075 1984 1129 mulier

404 1194 523 1247 qua:
550 1178 794 1249 parturit.
826 1175 978 1231 Unde
1021 1173 1227 1229 clarum
1266 1180 1415 1238 erat,
1445 1168 1640 1223 bellum
1671 1184 1775 1223 non
1819 1166 1982 1221 fuisse

404 1281 608 1340 gestum
648 1269 880 1323 humano
918 1281 1103 1329 more,
1148 1263 1242 1319 sed
1275 1264 1442 1318 Deum
1494 1260 1659 1316 fuisse
1694 1260 1883 1315 ducem
1929 1259 1983 1313 in

405 1361 791 1418 committenda
838 1360 1041 1431 praelio,
1068 1358 1160 1428 qui
1208 1372 1312 1411 non
1333 1354 1504 1410 solum
1552 1353 1770 1423 spiritus
1797 1365 1981 1407 eorum

405 1453 772 1526 deprimebat,
801 1451 895 1507 sed
924 1450 1082 1506 etiam
1108 1456 1339 1504 mentem
1367 1460 1550 1501 eorum
1580 1442 1981 1513 conquassabat,

407 1547 592 1617 eisque
620 1545 834 1600 dolores
858 1542 1178 1599 imminebat
1204 1549 1258 1595 et
1282 1537 1599 1594 ineffabilem
1631 1538 1874 1589 timorem
1901 1534 1984 1587 af—

407 1636 613 1693 ferebat
644 1653 659 1691 :
689 1650 753 1690 ac
778 1632 998 1705 perinde
1017 1630 1210 1687 accidit
1226 1672 1241 1696 ,
1268 1644 1334 1699 ac
1359 1630 1404 1683 si
1433 1642 1619 1697 magna
1644 1625 1816 1681 classe
1840 1639 1989 1678 con-

406 1734 644 1796 gregata,
672 1725 963 1780 vehemens
988 1730 1178 1777 ventus
1201 1720 1408 1774 irruens
1424 1759 1439 1781 ,
1463 1731 1651 1772 omnes
1672 1730 1833 1769 naves
1860 1729 1990 1769 con-

411 1818 647 1872 trivisset
667 1857 683 1881 ,
718 1816 961 1870 triremes
981 1811 1355 1873 demersisset,
1382 1821 1733 1877 magnamque
1769 1814 1987 1875 repente

410 1908 863 1979 perturbationem
917 1903 1207 1973 iniecisset.
1271 1901 1369 1955 llic
1403 1901 1545 1955 enim
1594 1899 1723 1954 mihi
1778 1898 1988 1953 videtur

414 2014 508 2067 per
534 1998 637 2052 hoc
660 1996 965 2066 exemplum
993 2003 1047 2049 et
1070 1992 1306 2048 victoriae
1330 1991 1635 2046 facilitatem
1659 2031 1675 2056 ,
1700 1998 1754 2045 et
1780 2000 1989 2060 pertur-

417 2090 645 2145 bationis
682 2086 1103 2158 magnitudinem
1143 2084 1464 2155 signiﬁcare.
1492 2082 1622 2137 Nam
1671 2082 1725 2136 hi
1776 2096 1990 2151 quoque

413 2200 535 2238 eum
564 2197 809 2254 magnam
836 2181 1061 2236 classem
1093 2186 1391 2249 parassent,
1413 2184 1469 2231 et
1487 2191 1550 2230 ex
1573 2175 1855 2245 longinqua
1885 2174 1986 2228 ali-

410 2290 515 2345 qua
544 2283 597 2330 et
616 2274 785 2329 aliena
803 2273 1017 2342 regione
1039 2270 1331 2336 venissent,
1361 2270 1437 2324 ira
1460 2268 1559 2323 Dei
1578 2268 1736 2323 veluti
1758 2266 1985 2337 quodam

417 2364 719 2420 vehementi
762 2370 924 2417 vento
976 2374 1163 2416 «nues
1213 2359 1501 2429 perierunt.
1545 2358 1611 2413 Et
1657 2357 1776 2412 ideo
1813 2357 1988 2412 locum

413 2470 625 2523 quoque
648 2452 954 2522 signiﬁcans
992 2450 1133 2505 unde
1168 2458 1427 2504 venerunt
1449 2489 1465 2513 ,
1510 2448 1783 2519 subjunxit
1824 2448 1988 2513 illud,

414 2544 647 2598 Tharria.
677 2542 753 2597 Ita
776 2542 935 2597 etiam
962 2542 1275 2611 signiﬁcavit
1302 2540 1555 2595 Hebraeus
1579 2539 1989 2608 perdictionem,

416 2650 575 2705 quam
605 2643 780 2689 vestra
806 2646 967 2687 causa
996 2631 1285 2701 adjecimus
1325 2630 1383 2684 in
1425 2629 1650 2684 lectione
1690 2638 1991 2684 contextus.

420 2728 513 2782 Vel
556 2727 658 2781 hoc
682 2741 810 2796 ergo
835 2724 940 2780 dici
970 2731 1179 2796 potest,
1210 2723 1294 2779 vel
1335 2722 1463 2777 illud
1486 2723 1627 2793 quod
1673 2732 1798 2779 ante
1848 2722 1991 2789 dixi,

418 2818 865 2888 quemadmodum
908 2830 1071 2872 naves
1112 2815 1336 2871 Tliarsis
1378 2815 1664 2871 vehemens
1688 2824 1877 2872 ventus
1925 2815 1998 2870 ir-

417 2927 579 2967 ruens
600 2926 745 2982 saape
779 2910 1026 2965 contrivit
1059 2929 1074 2963 :
1107 2909 1177 2962 ita
1205 2909 1363 2964 etiam
1409 2909 1801 2964 multitudinem
1852 2908 1996 2964 illam

421 3004 560 3058 Deus
588 3002 940 3059 conturbavit.
968 3000 1023 3053 9.
1044 2999 1188 3055 Sicut
1216 2999 1498 3054 audiuimus
1522 3042 1537 3067 ,
1574 3015 1643 3055 sa;
1689 3000 1904 3054 uidimus
1942 3000 1997 3052 in

421 3095 614 3149 civitate
646 3093 846 3148 Domini
867 3094 1132 3155 uirtutum,
1154 3091 1208 3144 in
1233 3091 1431 3144 civitate
1452 3089 1548 3144 Dei
1587 3089 1765 3145 nostri.
1810 3090 1998 3145 Vidisti

422 3184 692 3253 quomodo
721 3184 935 3255 exponit
952 3182 1001 3237 id
1015 3180 1155 3251 quod
1181 3190 1264 3236 est
1289 3181 1557 3251 superius,
1575 3179 1710 3235 Bene
1723 3179 1959 3236 radicans
1974 3184 2001 3238 f

427 3276 543 3331 Non
586 3276 715 3330 dixit
744 3276 886 3330 enim
908 3315 925 3342 ,
960 3273 1063 3343 Qui
1089 3274 1228 3331 bene
1272 3274 1558 3342 radicavit,
1600 3273 1713 3338 sed,
1752 3273 1889 3329 Bene
1916 3292 2002 3328 ra-

423 3369 597 3421 dicens
620 3385 639 3421 :
670 3368 771 3422 hoc
813 3378 915 3436 est,
955 3368 1167 3423 assidue
1206 3367 1511 3439 providens,
1556 3367 1770 3423 assidue
1816 3382 1997 3422 curam

423 3472 635 3523 gerens,
680 3456 889 3511 assidue
913 3458 1176 3513 muniens.
1225 3457 1510 3527 Postquam
1552 3457 1694 3511 enim
1722 3456 1856 3511 dixit
1882 3471 2001 3527 quae

426 3560 554 3602 tunc
592 3548 959 3616 contigerunt,
988 3547 1059 3602 ad
1083 3562 1173 3603 res
1221 3547 1466 3617 antiquas
1491 3547 1781 3602 narrandas
1817 3562 2002 3603 rursus

425 3640 689 3696 convertit
717 3640 1035 3704 orationem,
1064 3640 1352 3695 ostendens
1382 3639 1495 3695 hzec
1521 3639 1717 3695 habere
1744 3654 1865 3696 cum
1897 3642 2003 3696 illis

430 3733 767 3789 afﬁnitatem.
791 3732 919 3798 Qua:
945 3732 1087 3788 enim
1110 3772 1127 3799 ,
1149 3731 1351 3801 inquit,
1379 3731 1557 3786 verbis
1585 3732 1885 3786 audivimus
1903 3773 1917 3797 ,
1940 3747 2002 3787 ea

432 3825 585 3880 factis
612 3825 862 3891 vidimus,
893 3824 1141 3879 victorias
1165 3822 1282 3890 Dei,
1314 3834 1512 3893 tropma
1534 3863 1548 3888 ,
1580 3838 1761 3878 curam
1789 3838 1853 3877 ac
1884 3838 2004 3893 pro.

430 3918 739 3986 vitlentiam,
794 3927 849 3973 et
897 3932 1016 3988 qua:
1052 3917 1356 3986 Opinionem
1413 3927 1665 3986 superant
1724 3917 2001 3970 miracula.

432 4010 573 4064 Deus
599 4010 743 4064 enim
768 4022 1054 4078 numquam
1083 4006 1367 4061 intermisit
1381 4007 1496 4061 haec
1511 4006 1707 4063 facere.
1730 4006 1858 4076 Ejus
1878 4022 2007 4077 ergo

431 4110 516 4155 est
540 4110 595 4155 et
622 4100 852 4155 liberare
875 4114 907 4153 a
934 4098 1181 4170 periculis
1197 4139 1214 4165 ,
1246 4106 1302 4153 et
1327 4098 1589 4154 deducere
1612 4099 1679 4155 ad
1706 4100 1796 4154 Dei
1822 4100 2008 4170 cogni-

435 4192 654 4246 tionem.
685 4190 850 4246 Reete
876 4200 1055 4245 autem
1083 4189 1326 4244 meminit
1351 4189 1607 4260 propheta
1635 4206 1821 4245 eorum
1842 4233 1857 4258 ,
1888 4208 2007 4261 qua:

435 4286 589 4354 longo
613 4292 737 4338 ante
760 4292 999 4353 tempore
1032 4282 1169 4338 facta
1194 4291 1340 4338 sunt.
1366 4281 1654 4353 Oportebat
1677 4286 1817 4338 enim
1863 4297 1916 4339 et
1942 4300 2009 4340 ex

436 4375 710 4430 veteribus
736 4374 1145 4439 narrationibus,
1174 4385 1229 4429 et
1255 4390 1322 4429 ex
1343 4388 1532 4430 recens
1556 4374 1720 4444 gestis
1738 4375 1936 4439 doceri,
1957 4385 2013 4430 ιιι

436 4464 725 4519 crassiores
754 4480 820 4519 ex
858 4466 949 4529 iis,
983 4481 1101 4534 qua:
1139 4464 1366 4532 fiebant,
1397 4466 1459 4521 iis
1488 4481 1700 4537 quoque
1727 4483 1844 4537 qum
1874 4466 2011 4522 facta

438 4564 593 4611 erant
618 4555 917 4621 crederent,
950 4566 1003 4610 et
1029 4556 1225 4625 duplex
1251 4558 1453 4612 lucrum
1481 4556 1739 4622 facerent,
1766 4570 2014 4630 essetque

440 4650 518 4702 eis
549 4647 750 4702 auditio
788 4663 885 4717 pro
913 4650 1048 4703 visu.
1081 4648 1218 4702 Deus
1247 4650 1476 4721 fundavit
1501 4667 1614 4705 eam
1654 4653 1708 4705 in
1750 4663 2012 4707 internum.

441 4742 530 4793 ιο.
556 4739 911 4805 Suscepimus,
946 4738 1113 4803 Deus,
1160 4740 1553 4794 misericordiam
1591 4752 1728 4795 tuam
1755 4743 1808 4795 in
1852 4745 2015 4798 medio

446 4829 623 4901 populi
642 4828 733 4881 tui.
772 4828 951 4895 Alius,
979 4828 1366 4884 Estimasimus
1384 4870 1400 4894 ,
1431 4830 1600 4898 Deus,
1622 4822 2017 4889 inisericordiam

443 4931 583 4973 (nam
611 4920 664 4972 in
689 4919 851 4973 medio
878 4918 1052 4989 populi
1080 4923 1095 4954 ¹
1114 4922 1211 4975 tui.
1240 4918 1496 4975 Hebraeus
1523 4930 1730 4986 autem,
1758 4922 2019 4980 Eeltalach

444 5014 729 5067 demmenu.
757 5012 842 5067 il.
869 5010 1160 5068 Secundum
1180 5026 1359 5064 nomen
1378 5019 1541 5076 tuum,
1574 5011 1709 5066 Deus
1727 5051 1743 5078 ,
1776 5014 1846 5068 sic
1867 5017 2020 5071 etiam

445 5107 557 5158 laus
583 5114 667 5157 tua
682 5103 734 5157 in
760 5104 886 5171 lines
908 5110 1071 5156 terra.

516 5200 570 5252 5.
594 5196 849 5265 Quonim
869 5194 1096 5257 dixerat,
1118 5194 1244 5255 Qua:
1265 5192 1583 5256 audivimus,
1607 5210 1666 5249 ea
1694 5203 1747 5249 et
1772 5194 2021 5266 vidimus,

515 5303 531 5333 ι
560 5300 685 5362 Reg.
709 5298 802 5348 654
821 5297 986 5359 templi
1014 5297 1194 5362 (ναοῖξ),
1214 5310 1327 5359 quae
1350 5302 1429 5345 est
1445 5309 1563 5345 vera
1584 5294 1758 5362 lectio1
1776 5297 2027 5362 Chrtuost.

450 5368 616 5428 tamen
637 5358 783 5425 'tegit
805 5358 974 5428 populi
1018 5358 1181 5424 (λαοῦ)
1214 5358 1383 5409 contra
1425 5362 1686 5408 veritatem
1717 5358 2028 5421 Hebraicam,

478 5423 635 5510 ὺδι-ι,
673 5423 814 5510 quod
850 5423 928 5497 hic
976 5423 1304 5510 exprimitur,
1349 5444 1515 5509 templi
1557 5443 1643 5495 tui.
1693 5447 1814 5497 Cum
1860 5453 2029 5497 autem

493 5530 828 5591 Inr3:s0stomus
859 5522 1043 5591 legerit
1095 5522 1143 5572 in
1199 5521 1377 5591 priore_
1402 5522 1550 5591 loco,
1599 5519 1769 5586 populi
1803 5518 1902 5579 tui,
1943 5534 2028 5591 se:

453 5585 668 5637 cundum
718 5584 972 5647 exemplar
1013 5598 1157 5647 suum
1201 5584 1307 5647 tu
1359 5584 1749 5647 Interpretum,_
1782 5596 1879 5647 non
1920 5584 2027 5633 ausi

453 5660 624 5709 sumus
662 5642 924 5694 lectionem
959 5646 1171 5696 alterius
1209 5642 1513 5709 interpretis
1535 5645 1682 5709 unius
1717 5642 1913 5709 Codicis
1940 5659 2026 5709 alt-

453 5706 686 5755 rtnritate
717 5714 927 5766 mutare,
950 5722 1059 5755 cum
1084 5708 1295 5757 maxime
1329 5705 1415 5757 ille.
1442 5722 1547 5755 eam
1588 5708 1853 5757 lertwuem
1904 5705 2023 5755 infra

456 5776 670 5830 frg-ttat.

1076 323 1133 379 S.
1173 319 1449 380 JOANNIS
1485 309 1951 373 CllRYSOSTOMI
1993 307 2311 365 AllCBIEP.
2349 308 2885 366 CONSTANTl-NOP.

2083 436 2221 475 nunc
2248 421 2376 476 dicit
2401 432 2456 477 et
2477 422 2606 493 quid
2626 424 2887 491 audierit,
2913 434 2965 479 et
2989 423 3113 495 quid
3135 424 3343 480 viderit.
3366 425 3503 494 Quid
3529 442 3658 497 ergo

2080 514 2299 581 audivit,
2322 524 2377 570 et
2396 515 2521 585 quid
2561 515 2728 570 vidit?
2755 516 2905 583 Quod
2938 517 3028 573 Dei
3053 518 3222 587 gratia
3251 518 3426 573 reddit
3466 520 3656 575 civita-

2081 618 2186 662 tem
2208 608 2495 663 firmiorem
2517 618 2570 663 et
2595 610 2984 664 inconcussam.
3038 610 3148 664 Hoc
3173 619 3256 665 est
3281 613 3423 667 enim
3467 614 3515 667 ei
3541 612 3661 666 fun-

2081 698 2408 765 damentum,
2433 699 2743 767 hoc-robur,
2768 702 2868 755 hoc
2888 716 3004 756 eam
3030 702 3151 757 facit
3174 704 3660 775 inexpugnabilem,

2083 805 2187 844 non
2218 790 2462 845 humana:
2484 806 2614 860 opes
2641 793 2981 860 etauxilium,
3016 810 3119 848 non
3149 794 3228 848 vis
3251 811 3545 862 armorum,
3564 812 3664 853 nec

2084 889 2257 934 turres
2293 888 2347 935 et
2370 880 2595 947 moenia;
2618 882 2712 936 sed
2738 882 2906 952 quid?
2935 882 3072 938 Deus
3099 900 3215 939 eam
3244 886 3378 955 regit
3401 896 3456 942 et
3492 888 3666 942 conti-

2084 978 2195 1026 net.
2213 971 2324 1026 lloc
2344 973 2485 1026 enim
2507 986 2601 1028 eos
2617 973 2846 1028 maxime
2860 973 3037 1033 doceri
3060 977 3315 1045 oportuit,
3334 987 3385 1031 et
3404 978 3662 1047 pruplieta

2085 1061 2299 1119 assidue
2328 1063 2446 1117 illos
2471 1078 2537 1118 eo
2557 1063 2793 1118 deducit.
2818 1065 3165 1135 Suscepimus,
3192 1064 3353 1129 Deus,
3382 1067 3667 1122 misericor-

2086 1154 2224 1207 diam
2244 1163 2382 1208 tuam
2408 1156 2461 1209 in
2489 1156 2651 1209 medio
2671 1156 2846 1227 populi
2873 1157 2964 1210 tui.
2988 1157 3123 1223 Quid
3154 1167 3256 1213 est.
3292 1159 3617 1228 Suscepimus
3639 1161 3666 1215 .’

2086 1243 2448 1315 Speravimus,
2476 1247 2925 1316 exspectavimus,
2948 1249 3293 1318 cognovimus
3314 1258 3456 1304 tuam
3478 1251 3666 1306 huma-

2089 1340 2308 1393 nitatem
2328 1348 2384 1393 et
2401 1338 2760 1396 clementiam.
2791 1338 3052 1407 Quoniam
3077 1341 3221 1396 enim
3246 1341 3420 1408 dixit,
3453 1344 3666 1413 Funda-

2087 1433 2183 1498 vit,
2200 1431 2475 1498 radicavit,
2499 1431 2709 1497 muniit,
2737 1433 3025 1489 ostendens
3053 1444 3251 1490 tantam
3281 1435 3665 1505 providentiam

2089 1538 2195 1577 non
2222 1522 2484 1593 proficisci
2508 1538 2572 1579 ex
2601 1524 2807 1579 meritis
2836 1539 3021 1579 eorum
3042 1516 3271 1595 qui'eam
3290 1539 3663 1599 assequuntur,

2089 1615 2182 1669 sed
2215 1614 2505 1685 procedere
2529 1631 2595 1672 ex
2619 1616 2856 1672 bonitate
2879 1618 2995 1687 ejus
3015 1618 3103 1688 qui
3131 1618 3217 1673 illa
3255 1618 3403 1685 facit,
3433 1632 3485 1675 et
3508 1623 3665 1678 simul

2092 1708 2281 1761 volens
2311 1708 2499 1762 fastum
2523 1722 2707 1762 eorum
2737 1709 3090 1779 comprimere
3112 1752 3128 1776 ,
3155 1712 3234 1767 sic
3276 1713 3524 1783 loquutus
3548 1726 3665 1783 est,

2092 1797 2195 1853 hoc
2219 1798 2601 1869 pr0pemodum
2630 1799 2841 1857 dicens:
2864 1800 2993 1855 Tua:
3020 1805 3667 1862 suntniisericordirelime

2091 1889 2344 1959 przcclara
2372 1888 2603 1944 facinora
2626 1932 2641 1954 ,
2671 1899 2774 1946 tua:
2798 1892 2999 1961 gloriae,
3030 1902 3134 1948 tua:
3162 1894 3431 1950 bonitatis.
3458 1896 3529 1952 Et
3548 1896 3670 1954 ideo

2092 1981 2399 2051 subjunxit:
2441 1982 2735 2037 Secundum
2779 1999 2959 2037 nomen
2995 1993 3170 2051 tuum,
3214 1985 3370 2052 Deus,
3398 1988 3471 2041 sic
3491 1998 3538 2041 et
3559 1989 3672 2045 laus

2093 2083 2178 2127 tua
2203 2078 2259 2128 in
2281 2074 2406 2143 ﬁnes
2420 2082 2584 2129 terra.
2614 2074 2774 2141 Ῑιαιιε,
2794 2076 2981 2146 inquit,
3000 2086 3087 2130 tua
3112 2092 3197 2132 res
3213 2077 3347 2132 adeo
3362 2079 3667 2149 praeclaras,

2094 2182 2313 2237 magnas
2352 2177 2406 2223 et
2446 2168 2790 2224 admirabiles
2836 2181 3107 2239 operatur,
3152 2172 3290 2227 adeo
3330 2176 3568 2230 excelsas
3614 2183 3668 2229 et

2092 2261 2371 2333 gloriosas.
2417 2260 2537 2315 Non
2586 2262 2728 2317 enim
2773 2261 2840 2316 ad
2888 2277 3190 2318 mensuram
3235 2279 3417 2320 curam
3460 2267 3671 2337 gessisti

2092 2368 2277 2410 eorum
2296 2369 2434 2424 quos
2461 2354 2721 2410 beneﬁcio
2749 2354 2947 2420 amcis,
2979 2370 3078 2411 nec
3107 2366 3325 2427 propter
3348 2375 3531 2415 eorum
3560 2378 3674 2418 me-

2095 2445 2227 2513 rita,
2276 2445 2371 2501 sed
2417 2460 2514 2516 pro
2539 2454 2627 2500 tua
2677 2447 3058 2515 magnitudine.
3090 2447 3227 2504 Laus
3253 2464 3382 2521 ergo
3429 2463 3535 2518 tua,
3571 2453 3675 2510 hoc

2096 2547 2197 2601 cst,
2226 2547 2314 2592 tua
2355 2538 2662 2605 celebratio,
2702 2554 2823 2608 qua:
2871 2554 2937 2593 ex
2988 2541 3239 2610 operibus
3268 2543 3501 2613 profecta
3555 2556 3673 2614 est,

2097 2628 2222 2682 fecit
2250 2639 2307 2682 ut
2335 2629 2587 2699 praeclara
2616 2640 2703 2684 tua
2746 2629 2881 2684 facta
2922 2630 3316 2700 evulgarentur.
3348 2634 3503 2689 Facta
3529 2638 3673 2691 enim

2098 2721 2311 2778 fuerunt
2338 2721 2390 2776 in
2422 2721 2720 2787 Palaestina,
2751 2721 2844 2777 sed
2871 2731 3090 2792 propter
3128 2723 3394 2793 ingentem
3439 2728 3675 2797 ipsorum

2100 2813 2512 2885 magnitudinem
2552 2822 2909 2883 pervenerunt
2943 2813 3009 2868 ad
3060 2825 3333 2874 extremos
3373 2819 3503 2875 fines
3528 2822 3677 2876 orbis

2102 2914 2361 2961 terrarum
2387 2946 2403 2971 ,
2454 2917 2508 2962 et
2532 2908 2618 2977 qui
2650 2915 2801 2962 erant
2819 2905 3004 2977 procul
3033 2908 3259 2973 remoti,
3310 2924 3372 2965 ea
3414 2912 3677 2969 sciebant.

2100 2999 2231 3066 Quae
2255 2999 2388 3053 facta
2413 2998 2589 3069 itaque
2616 2998 2824 3054 fuerant
2853 3000 2905 3054 in
2927 2997 3160 3071 Egypto
3179 3040 3194 3065 ,
3226 3002 3478 3059 meretrix
3507 3002 3679 3059 llieri-

2101 3090 2316 3144 cuntina
2340 3090 2539 3144 sciebat
2560 3089 2747 3144 melius
2764 3104 2923 3159 quam
2954 3089 3016 3155 ii,
3048 3091 3135 3160 qui
3157 3090 3509 3149 interfuerant
3539 3093 3675 3165 (los.

2100 3179 2156 3234 2.
2181 3180 2290 3251 ιο).
2318 3180 2523 3234 Rursus
2541 3194 2661 3249 quae
2691 3180 2742 3234 in
2770 3179 3049 3235 Palaestina
3076 3192 3384 3249 evenerant,
3413 3183 3446 3237 ii
3468 3199 3680 3255 quoque

2102 3272 2191 3341 qui
2238 3272 2290 3326 in
2320 3286 2537 3342 regione
2579 3272 2858 3327 Persarum
2901 3272 3241 3339 habitabant,
3291 3275 3681 3344 pmdicahant;

2104 3378 2222 3433 qua:
2253 3378 2435 3417 rursus
2455 3373 2600 3434 gesta
2631 3362 2841 3417 fuerant
2865 3364 2918 3417 in
2946 3363 3164 3419 Perside
3182 3406 3198 3430 ,
3226 3377 3482 3421 noverant
3511 3368 3600 3438 qui
3628 3369 3681 3424 in

2104 3456 2358 3510 extremis
2380 3456 2572 3510 finibus
2600 3466 2754 3509 terra:
2778 3456 3023 3526 agebant.
3056 3456 3387 3528 Quapropter
3414 3476 3506 3515 rex
3545 3476 3682 3531 quo-

2105 3565 2209 3620 que
2234 3548 2379 3603 misit
2399 3548 2580 3603 literas
2608 3563 2704 3618 per
2734 3549 3041 3603 universum
3064 3550 3248 3605 orbem
3281 3561 3455 3618 terrae,
3490 3553 3686 3621 prtedi-

2106 3655 2235 3695 cans
2258 3656 2322 3696 ea
2366 3655 2485 3710 qua:
2523 3640 2574 3693 in
2615 3640 2830 3695 fornace
2859 3649 3149 3695 evenerant
3176 3640 3335 3713 (Dan.
3391 3644 3443 3698 ὅ.
3474 3644 3587 3716 98).
3622 3646 3689 3701 Et

2109 3730 2229 3786 ideo
2257 3730 2343 3785 hic
2366 3745 2576 3799 quoque
2599 3745 2719 3785 cum
2741 3729 2982 3796 dixisset,
3015 3730 3153 3785 Laus
3184 3742 3271 3785 tua
3290 3734 3343 3787 in
3369 3736 3496 3803 ﬁnes
3516 3742 3684 3804 terra,

2109 3822 2379 3893 subjungit
2412 3840 2426 3877 :
2455 3821 2665 3876 Iustitia
2685 3824 2836 3893 plena
2878 3832 2949 3878 est
2975 3824 3180 3879 dextera
3228 3834 3334 3880 tua.
3361 3827 3513 3895 Quod
3541 3832 3687 3885 enim

2109 3914 2323 3969 assidue
2352 3912 2528 3968 facere
2554 3913 2852 3978 consuevit,
2882 3922 2941 3968 ut
2954 3914 3021 3968 ab
3046 3915 3112 3969 iis
3139 3931 3258 3986 qua:
3285 3933 3411 3987 erga
3442 3918 3690 3977 homines

2112 4008 2245 4064 ﬁunt
2271 4007 2525 4063 ascendat
2563 4006 2629 4061 ad
2659 4021 2720 4062 ea
2746 4048 2762 4073 ,
2802 4022 2922 4077 qua:
2960 4007 3026 4062 ad
3057 4008 3228 4077 ipsius
3252 4018 3492 4066 naturam
3523 4014 3689 4081 perli-

2112 4107 2272 4164 nent,
2316 4098 2419 4154 hoc
2441 4100 2601 4153 etiam
2631 4097 2757 4153 fecit
2792 4098 2844 4152 in
2873 4100 3123 4167 prmsenti
3150 4118 3164 4153 :
3195 4116 3302 4154 non
3336 4110 3390 4155 ut
3419 4103 3593 4172 aliqua
3622 4104 3693 4158 ad

2116 4190 2281 4245 Deum
2308 4188 2564 4243 accedere
2590 4197 2682 4242 aut
2709 4187 2776 4243 ab
2802 4202 2868 4243 eo
2896 4189 3149 4245 recedere
3174 4192 3471 4261 cogitemus
3487 4234 3502 4259 ,
3523 4194 3690 4262 absit;

2115 4278 2477 4350 sedquoniam
2524 4278 2825 4333 inﬁrmatur
2872 4294 3049 4335 sermo
3096 4290 3151 4337 et
3200 4284 3377 4355 lingua
3424 4286 3687 4357 humana,

2116 4378 2325 4442 oportet
2351 4370 2506 4425 dictis
2533 4369 2643 4424 Deo
2667 4369 2882 4441 dignum
2910 4386 3125 4428 sensum
3156 4376 3407 4432 tribuere.

2188 4461 2397 4517 Iustitia
2436 4460 2545 4516 Deo
2571 4462 2805 4517 colueret.
2832 4493 2902 4502 —-
2929 4464 3059 4532 Qua:
3083 4481 3210 4537 ergo
3241 4467 3336 4523 Dei
3365 4477 3566 4525 natura:
3595 4472 3692 4527 ad-

2118 4564 2262 4620 sunt,
2287 4567 2349 4607 ea
2374 4552 2539 4619 dicit,
2583 4568 2703 4623 qua).
2728 4561 2853 4608 sunt
2893 4554 3008 4624 ejus
3032 4556 3339 4612 substantia:
3387 4561 3693 4629 conjuncta.

2120 4646 2371 4713 Quaanam
2400 4653 2577 4698 autem
2604 4660 2666 4699 ea
2708 4646 2868 4699 sunt?
2895 4644 3140 4711 Iustitia,
3181 4647 3379 4717 inquit,
3434 4653 3583 4721 plena
3624 4664 3703 4709 est

2121 4739 2325 4791 dextera
2352 4745 2460 4791 tua.
2488 4734 2733 4792 Ostendit
2756 4738 2930 4803 enim,
2972 4753 3037 4792 ea
3086 4754 3205 4808 quae
3256 4739 3391 4796 ﬁunt
3423 4759 3527 4798 non
3578 4760 3699 4802 esse

2123 4844 2186 4885 ex
2215 4829 2418 4884 meritis
2460 4844 2645 4885 eorum
2690 4844 2824 4899 quos
2849 4830 3107 4887 beneﬁcio
3127 4832 3308 4897 afﬁcit,
3341 4835 3435 4889 sed
3486 4851 3553 4891 ex
3604 4853 3698 4892 sua

2124 4919 2451 4985 substantia,
2487 4920 2736 4991 quoniam
2769 4921 2881 4990 ipsa
2911 4920 3027 4991 ejus
3060 4923 3353 4978 substantia
3401 4926 3700 4983 delectatur

2121 5012 2324 5080 justitia
2342 5051 2358 5077 ,
2390 5011 2595 5065 laetatur
2614 5012 2935 5081 benignitate
2958 5020 3014 5068 et
3032 5014 3331 5069 clementia.
3352 5015 3462 5071 Hoc
3486 5027 3567 5073 est
3583 5020 3703 5087 ejus

2125 5116 2295 5173 Opus,
2326 5102 2441 5157 haec
2468 5111 2550 5157 est
2590 5103 2706 5172 ejus
2737 5105 3067 5159 consuetudo
3086 5146 3102 5170 ,
3148 5116 3202 5161 et
3225 5107 3345 5163 ideo
3394 5117 3537 5164 tanta
3562 5113 3703 5167 acci-

2130 5194 2342 5264 piebant
2382 5195 2452 5250 ab
2476 5209 2542 5249 eo
2585 5194 2860 5249 beneﬁcia.
2891 5195 3346 5263 Quemadmodum
3394 5202 3536 5255 enim
3569 5202 3706 5275 ignis

2130 5296 2213 5341 est
2237 5287 2565 5351 calefacere,
2594 5296 2650 5342 et
2696 5286 2822 5341 solis
2851 5288 3113 5343 illustrare
3145 5310 3159 5344 :
3191 5293 3257 5343 ita
3286 5292 3444 5345 etiam
3472 5293 3588 5363 ejus
3622 5306 3707 5352 est

2129 5377 2445 5435 benefacere
2470 5395 2483 5444 ;
2516 5378 2621 5433 imo
2647 5394 2776 5434 vero
2800 5395 2868 5434 ne
2892 5380 2969 5434 sic
2998 5381 3209 5451 quidem
3230 5421 3247 5447 ,
3274 5383 3368 5437 sed
3412 5383 3566 5455 longe
3594 5403 3707 5441 am-

2133 5473 2289 5542 plius.
2321 5471 2387 5525 Et
2423 5471 2544 5526 ideo
2592 5471 2670 5526 sic
2706 5486 2917 5541 quoque
2955 5472 3084 5527 dixit
3116 5491 3129 5526 :
3174 5472 3387 5529 Iustitia
3432 5477 3582 5546 plena
3635 5490 3709 5535 est

2132 5561 2338 5615 dextera
2381 5570 2500 5625 tua,
2556 5560 2670 5630 ejus
2724 5561 3085 5626 affluentiam,
3134 5564 3385 5634 illamque
3434 5567 3548 5637 ejus
3586 5585 3708 5626 esse

2138 5652 2445 5706 substantia:
2470 5652 2826 5723 conjunctam,
2855 5652 3178 5721 signiﬁcans.
3214 5656 3295 5710 l2.
3324 5656 3543 5711 La'tetur
3570 5674 3708 5714 unone

2145 5744 2290 5812 Sion,
2324 5756 2367 5797 et
2409 5746 2650 5798 exsultent
2694 5746 2814 5815 ﬁlice
2856 5744 3081 5811 luditur,
3122 5758 3325 5818 propter
3350 5749 3551 5817 judicia
3589 5759 3709 5816 tua,
