4086 6268
344 302 452 358 ⁸219

347 415 560 478 ϐἀνετο.
622 418 849 492 Μυρίων
877 419 988 494 7&9
1018 420 1188 475 ἐθνῶν
1235 420 1574 476 ἐπελθόντων
1617 418 1796 489 (τοῦτο
1821 415 1933 487 γὰρ

1421 300 1792 362 εενυειτιο
1825 297 1895 354 ΙΝ
1935 297 2272 358 PSALMUM
2309 295 2520 360 XLVII.

3508 308 3614 366 220

2032 412 2083 467 τί
2098 412 2367 479 εἷδε;”οτι
2387 417 2733 490 ἰσχυροτέραν
2757 420 2852 473 καὶ
2894 421 3116 493 ἀρραγῆ
3147 423 3180 493 ἡ
3219 423 3317 477 τοῦ
3347 422 3481 480 Θεοῦ
3511 428 3612 499 χά-

345 513 433 566 διά
453 508 549 563 τοῦ
583 508 822 582 πλήθους
857 509 967 562 τῶν
999 508 1261 578 βασιλέων
1296 509 1489 581 δηλοῖ),
1516 509 1610 562 καὶ
1629 508 1726 577 οὐχ
1747 504 1935 568 ἀπλῶς
2031 519 2116 573 ρις
2144 503 2243 574 τὴν
2275 504 2428 559 πόλιν
2472 503 2780 578 ἐργάζεται.
2804 507 2974 560 Τοῦτο
3013 509 3120 581 7&9
3167 511 3303 582 αὐτῇ
3340 512 3606 584 θεμέλιος,

347 597 704 663 ἐπελθόντων,
733 594 871 650 ἀλλά
895 597 1416 669 συγκεκροτημένων
1450 595 1544 650 καὶ
1569 591 1932 662 συντεταγμέ-

348 704 470 749 νων,
488 683 716 739 τοιαῦτα
735 683 925 751 γέγονε
951 683 1274 754 πράγματα,
1292 684 1366 748 ὡς
1387 684 1584 746 αὐτοὺς
1611 679 1930 752 θαυμαστὰς

345 773 669 842 γενομένους
685 770 795 823 τῶν
817 769 1134 841 παραδόξων
1155 770 1332 826 αὐτῶν
1345 770 1612 825 ἀπελθεῖν.
1645 768 1802 822 Οὕτω
1821 767 1930 839 γὰρ

345 866 374 916 ὁ
393 863 631 930 πόλεμος
679 860 998 932 ἐτροποῦτο,
1030 861 1106 924 ὼς
1138 861 1347 932 νάρκης
1375 860 1468 913 καὶ
1499 861 1700 930 φρίκης
1726 857 1929 928 ἐμπλη-

349 950 570 1012 σθέντας
593 949 794 1012 αὐτοὺς
822 949 1143 1018 ἀναχωρεῖνο
1166 949 1260 1001 καὶ
1282 947 1419 1017 μετά
1448 945 1646 1015 πολλῆς
1662 945 1758 1013 τῆς
1782 945 1927 1011 ἀγω-

348 1037 460 1100 νίας
493 1036 790 1108 ἀπεπήδων
818 1037 868 1088 οἱ
901 1036 1086 1090 πολλοὶ
1126 1036 1252 1098 τοὺς
1290 1035 1502 1104 όλίγους
1534 1033 1832 1096 δείσαντες,
1874 1033 1926 1085 οί

346 1125 766 1196 συντεταγμένοι
811 1124 937 1186 τοὺς
965 1123 1346 1194 διῃρημένους,
1385 1121 1478 1175 καὶ
1510 1119 1805 1190 ὠδινούσης
1829 1135 1925 1188 γυ-

344 1213 525 1276 ναικὸς
578 1212 730 1266 οὐδὲν
778 1212 998 1282 ἄμεινον
1030 1209 1307 1263 διέκειντο.
1355 1204 1512 1261 Ὀθεν
1538 1207 1714 1278 δῆλον,
1754 1206 1923 1270 ώς,ού

343 1300 483 1354 κατά
512 1298 837 1352 ἀκολουθίαν
871 1296 1218 1370 ἀνθρωπίνην
1242 1300 1270 1352 6
1289 1295 1522 1366 πόλεμος
1552 1293 1922 1366 κατωρθοῦτο,

340 1387 480 1441 ἀλλά
521 1385 654 1449 Θεὸς
696 1381 764 1457 ἦν
798 1386 827 1438 6
876 1385 976 1456 τὴν
1035 1384 1216 1456 μάχην
1277 1382 1619 1455 στρατηγῶν,
1663 1383 1690 1435 6
1729 1383 1822 1435 καὶ
1856 1381 1925 1434 τά

341 1475 669 1545 φρονήματα
718 1471 896 1525 αὐτῶν
944 1472 1004 1524 οὐ
1041 1472 1200 1543 μόνον
1235 1470 1608 1536 καταϐάλλων,
1661 1469 1796 1522 ἀλλά
1829 1469 1924 1522 καὶ

337 1562 438 1632 τὴν
467 1561 702 1615 διάνοιαν
723 1559 902 1613 αὐτῶν
928 1559 1252 1624 κατασείων,
1278 1559 1372 1613 καὶ
1397 1558 1591 1620 ὠδῖνας
1626 1557 1806 1621 αὐτοῖς
1837 1559 1923 1610 ἐν-

336 1647 529 1709 τιθεὶς,
569 1647 662 1699 καὶ
692 1647 928 1718 ἄρρητον
961 1645 1124 1714 φόϐον
1152 1645 1274 1698 τινὰ
1304 1645 1486 1708 αὐτοῖς
1529 1643 1920 1716 ἐργαςόμενος.

339 1733 454 1785 Καὶ
473 1731 666 1784 ταύτὸν
692 1731 931 1800 γέγονεν,
968 1727 1081 1784 οἷον
1119 1731 1185 1786 ἀν
1222 1733 1270 1784 εί
1304 1730 1490 1784 στόλου
1525 1729 1718 1784 πολλοῦ
1745 1747 1921 1783 ναυτι·

337 1818 442 1871 κοῦ
464 1818 824 1884 συνελθόντος,
846 1819 1062 1890 πνεῦμα
1088 1819 1326 1890 ἐμπεσὸν
1350 1818 1582 1889 χαλεπὸν
1609 1817 1916 1890 συντρίψειε

338 1907 520 1959 πάντα
554 1907 621 1960 τά
645 1905 824 1970 πλοῖα,
870 1904 964 1958 καὶ
1010 1900 1332 1959 καταδύσειε
1379 1904 1475 1968 τάς
1519 1907 1784 1975 τριήρεις,
1824 1904 1917 1957 καὶ

338 1993 550 2066 πολλὴν
571 1993 764 2065 ἀθρόον
798 1993 1024 2064 ἐμϐάλοι
1066 1994 1166 2066 τὴν
1203 1995 1470 2065 ταραχήν.
1517 1992 1785 2046 Ἐνταῦθα
1808 1993 1916 2062 γάρ

337 2081 491 2155 [200]
523 2098 612 2152 μοι
633 2081 720 2134 διὰ
748 2079 840 2133 τοῦ
868 2081 1264 2151 ὐποδείγματος
1294 2081 1484 2134 τούτου
1519 2080 1582 2132 τό
1603 2095 1664 2132 τε
1697 2077 1917 2132 εὔκολον

333 2170 437 2240 τῆς
459 2170 616 2240 νίκης
641 2170 788 2222 δοκεῖ
809 2167 1024 2240 δηλοῦν,
1041 2170 1139 2223 καὶ
1174 2170 1273 2240 τῆς
1297 2169 1542 2242 ταραχῆς
1565 2169 1666 2241 τὴν
1690 2169 1917 2239 ὑπερϐο⁹

333 2257 453 2328 λήν.
478 2256 590 2310 Καὶ
618 2256 727 2328 γὰρ
753 2254 996 2326 ναυτικῷ
1036 2257 1372 2327 χρησάμενοι
1424 2255 1617 2327 στόλῳ,
1655 2257 1750 2309 καὶ
1773 2251 1918 2311 οὗτοι

336 2343 774 2414 παραγενόμενοι
804 2344 867 2396 ἐκ
889 2344 1106 2414 μακρᾶς
1126 2360 1271 2407 τινος
1301 2344 1395 2397 καὶ
1411 2343 1694 2413 ἀλλοτρίας
1711 2341 1914 2414 χώρας,

332 2426 523 2498 ὥσπερ
550 2427 658 2481 τινί⁵
690 2426 960 2496 πνεύματι
984 2425 1143 2498 βιαίῳ
1171 2429 1237 2498 τῇ
1271 2427 1406 2497 ὀργῇ
1432 2427 1526 2480 τοῦ
1551 2426 1684 2479 Θεοῦ
1717 2427 1915 2489 πάντες

333 2523 364 2551 II
416 2509 716 2563 ἀπώλοντο.
746 2508 838 2560 Διὸ
889 2509 983 2562 καὶ
1011 2510 1102 2564 τὸν
1148 2510 1315 2562 τόπον
1368 2509 1544 2580 δηλῶν
1577 2509 1699 2562 ὅθεν
1726 2507 1911 2581 ἦλθον,

332 2594 582 2664 ἐπήγαγε
612 2593 694 2658 τὸ,
727 2593 996 2660 Θαρσεῖς.
1022 2591 1178 2646 Οὐτω
1205 2593 1313 2665 γάρ
1338 2592 1432 2647 καὶ
1464 2594 1492 2645 6
1523 2592 1769 2666 Ἐϐραῖος
1794 2595 1913 2665 ἐδή-

333 2679 474 2731 λωσε
508 2677 598 2732 διά
621 2666 723 2747 τῆς
745 2677 961 2744 λέξεως,
996 2677 1062 2747 ἢν
1102 2675 1196 2729 καὶ
1220 2675 1612 2748 παρεθήκαμεν
1632 2678 1785 2750 ὐμῶν
1810 2678 1911 2749 χά-

337 2779 423 2828 ριν
451 2764 532 2824 είς
583 2761 686 2832 τὴν
731 2761 1038 2828 ἀνάγνωσιν
1079 2757 1174 2812 τοῦ
1212 2759 1399 2830 ῥητοῦ.
1431 2761 1500 2812 Ἢ
1538 2760 1698 2815 τοῦτο
1733 2761 1911 2814 τοίνυν

335 2847 480 2899 ἔστιν
513 2845 710 2906 εἰπεῖν,
739 2843 772 2914 ἢ
804 2845 980 2896 ἐκεῖνο
1001 2841 1032 2894 6
1064 2840 1372 2912 ἔμπροσθεν
1403 2836 1579 2908 εἷπον,
1618 2844 1700 2897 ὅτι
1721 2844 1910 2914 ῶσπερ

329 2929 401 2982 τά
437 2928 594 2981 πλοῖα
626 2927 857 2998 Θαρσεῖς
889 2927 1086 2996 ἄνεμος
1114 2925 1347 2996 χαλεπὸς
1371 2926 1626 2997 ἐμπεσὼν
1667 2929 1911 2999 συνέτρι-

329 3013 401 3080 ψε
438 3009 877 3073 πολλάκις,οὖτω
1015 3009 1084 3063 τά
1123 3010 1300 3082 πλήθη
1321 3013 1516 3064 ’ἐκεῖνα
1552 3012 1910 3082 συνετάραξεν

331 3096 362 3148 6
388 3095 540 3158 Θεός.
567 3091 846 3161 Καθάπερ
872 3093 1243 3162 ἠκούσαμεν,
1277 3095 1430 3149 οὕτω
1451 3095 1549 3154 καὶ
1577 3095 1818 3165 εῑδομεν
1840 3096 1912 3148 ἐν

333 3177 504 3233 πόλει
528 3175 753 3242 Κυρίου
783 3172 905 3228 τῶν
942 3174 1277 3244 δυνάμεων,
1308 3178 1379 3231 ἐν
1411 3178 1586 3232 πόλει
1624 3177 1731 3233 τοῦ
1759 3177 1909 3232 Θεοῦ

332 3259 518 3327 ἡμῶν.
555 3253 711 3321 Εἶδες
745 3257 861 3320 πῶς
889 3256 951 3310 τὸ
992 3257 1264 3329 ἀνώτερον
1298 3258 1590 3330 ἐξηγεῖται,
1617 3259 1700 3321 τὸ,
1740 3262 1911 3329 Εὐρι-

333 3341 517 3409 (En-5;
547 3342 621 3396 Οὐ
641 3342 766 3412 ,γάρ
787 3336 959 3403 εἶπεν,
993 3340 1316 3414 εὐριζώσας,
1339 3343 1475 3412 ἀλλ’,
1491 3343 1773 3419 Εὑριζῶν,
1790 3363 1912 3399 του-

330 3425 479 3479 τέστι
500 3467 513 3488 ,
545 3424 811 3496 διηνεκῶς
843 3424 1114 3495 προορῶν,
1160 3424 1420 3496 διηνεκῶς
1464 3428 1789 3499 κηδόμενος,
1828 3429 1908 3482 δι-

332 3510 544 3578 ηνεκῶς
573 3507 842 3579 τειχίζων.
878 3507 1057 3561 Εἰπὼν
1089 3509 1199 3579 γὰρ
1231 3509 1298 3562 τά
1326 3511 1608 3578 συμϐάντα
1642 3512 1786 3576 τότε,
1817 3511 1908 3564 ἐπὶ

331 3594 400 3645 τά
425 3590 634 3645 παλαιά
666 3590 981 3661 διηγήματα
1017 3591 1208 3659 ἀνάγει
1240 3592 1330 3644 τὸν
1365 3593 1542 3662 λόγον,
1571 3595 1785 3658 δεικνὺς
1825 3595 1906 3648 ὃτι

331 3676 502 3729 ταῦτα
531 3675 756 3729 ἐκείνων
787 3675 1043 3744 συγγενῆ.
1077 3677 1145 3728 Ἀ
1175 3676 1284 3748 γὰρ
1319 3676 1549 3746 εἴδομεν,
1587 3678 1771 3749 φησὶν,
1815 3677 1906 3731 ἐπὶ

330 3758 438 3810 τῶν
464 3758 742 3829 ῥημάτων,
769 3756 941 3810 ταῦτα
973 3759 1065 3811 ἐπὶ
1095 3757 1203 3811 τῶν
1231 3759 1408 3828 ἔργων
1436 3760 1780 3830 ἑωράκαμεν,
1806 3759 1905 3822 τάς

333 3841 510 3902 νίκας,
537 3839 606 3892 τά
633 3840 870 3909 τρόπαια
896 3839 989 3892 τοῦ
1019 3839 1175 3900 Θεοῦ,
1207 3841 1310 3911 τὴν
1340 3842 1683 3911 κηδεμονίαν,
1705 3843 1775 3896 τά
1800 3859 1905 3896 πα-

339 3921 537 3994 ράδοξα
572 3922 840 3993 θαύματα.
875 3923 949 3975 Οὐ
986 3923 1097 3994 7&9
1142 3923 1426 3976 διέλιπενό
1455 3925 1587 3988 Θεὸς
1618 3925 1706 3979 ἀεὶ
1732 3925 1904 3980 ταῦτα

335 4005 721 4078 ἐργαζόμενος.
753 4007 915 4059 Ὥστε
962 4007 1126 4060 αὐτοῦ
1166 4009 1285 4060 ἐστι
1318 4007 1412 4060 καὶ
1443 4007 1702 4061 κινδύνων
1725 4009 1904 4062 ἀπαλ-

331 4090 567 4157 λάττειν,
583 4091 678 4145 καὶ
695 4091 829 4161 πρὸς
853 4090 1180 4158 θεογνωσίαν
1199 4093 1572 4163 χειραγωγεῖν.
1590 4094 1699 4146 Καὶ
1726 4093 1906 4158 καλῶς

327 4177 358 4229 ὁ
383 4176 668 4246 προφήτης
700 4173 1070 4245 ἐμνημόνευσε
1103 4173 1212 4227 τῶν
1242 4175 1347 4246 πρὸ
1371 4173 1565 4228 πολλοῦ
1601 4173 1690 4227 τοῦ
1712 4176 1905 4247 χρόνου

328 4257 658 4328 γενομένων.
699 4257 852 4310 Ἐπεὶ
878 4256 985 4328 γάρ
1016 4258 1109 4311 καὶ
1149 4258 1257 4312 ἀπὸ
1283 4257 1392 4312 τῶν
1435 4259 1678 4312 παλαιῶν
1714 4260 1906 4332 διηγη-

332 4339 542 4406 μάτων,
563 4338 658 4392 καὶ
680 4339 786 4391 ἀπὺ
815 4339 922 4392 τῶν
944 4341 1152 4411 νεαρῶν
1175 4340 1524 4395 παιδεύεσθαι
1553 4342 1746 4413 ἔργων,
1764 4342 1904 4397 ὥστε

327 4421 796 4493 τούς-παχυτέρους
831 4423 1010 4476 αὐτῶν
1048 4423 1155 4476 ἀπὸ
1183 4424 1292 4477 τῶν
1322 4425 1621 4494 γινομένων
1663 4427 1756 4479 καὶ
1793 4429 1904 4490 τοῖς

327 4503 430 4576 ήδη
454 4507 843 4575 γεγενημένοις
869 4506 1168 4569 πιστεύειν,
1199 4509 1294 4560 καὶ
1318 4507 1536 4560 διπλοῦν
1563 4507 1903 4577 καρποῦσθαι

325 4586 389 4640 τὸ
417 4587 627 4658 κέρδος,
649 4589 744 4641 καὶ
762 4590 862 4660 τὴν
893 4589 1062 4660 ἀκοὴν
1091 4591 1275 4652 αὐτοῖς
1294 4591 1412 4644 ἀντὶ
1439 4590 1613 4659 ὅψεως
1635 4591 1898 4658 γίνεσθαι.

338 4671 395 4724 Ὀ
437 4670 586 4735 Θεὸς
610 4672 1008 4740 ἐθεμελίωσεν
1039 4671 1236 4740 αὐτὴν
1264 4676 1350 4739 είς
1387 4674 1494 4727 τὸν
1524 4674 1726 4729 αιῶνα.
1765 4677 1900 4729 ’Υπο

324 4753 641 4822 ελάϐομεν,
669 4757 701 4808 ό
732 4755 895 4820 Θεὸς,
913 4755 980 4809 τὸ
1001 4755 1174 4821 ἔλεός
1197 4771 1314 4810 σου
1337 4756 1587 4824 ἐνμέσῳ
1614 4757 1721 4810 τοῦ
1746 4759 1901 4813 λαοῦ

325 4851 464 4890 σου.
489 4836 738 4907 Ἕτερος,
758 4836 1120 4907 Εὶκὰσαμεν,
1145 4841 1177 4892 ό
1199 4838 1359 4904 Θεὸς,
1386 4837 1452 4890 τὸ
1480 4837 1653 4904 ἔλεός
1686 4857 1800 4894 σου
1831 4842 1901 4895 ἐν

321 4919 488 4987 μέσῳ
515 4919 624 4974 τοῦ
647 4920 802 4974 λαοῦ
827 4934 966 4975 σου.
997 4920 1058 4976 Ὀ
1078 4920 1136 4974 δὲ
1169 4920 1438 4992 Ἐϐραῖος,
1477 4921 1743 4992 Ἦχαλὰχ
1767 4924 1900 4993 δεμ-

319 5003 540 5070 μηνοῦ.
579 5003 744 5057 Κατὰ
769 5003 835 5056 τὸ
868 5003 1054 5073 ὄνομά
1086 5020 1224 5067 σου,
1261 5007 1294 5058 ό
1337 5005 1502 5069 Θεὸς,
1547 5005 1700 5059 οὕτω
1733 5008 1830 5060 καί
1859 5009 1897 5075 ἡ

323 5086 560 5153 αἴνεσις
583 5101 701 5145 σου
721 5087 820 5140 ἐπὶ
853 5088 925 5142 τὰ
962 5087 1187 5157 πέρατα
1213 5086 1322 5157 τῆς
1359 5086 1488 5158 γῆς.

395 5177 466 5237 γ’.
508 5170 723 5240 Ἐπειδὴ
743 5167 918 5234 εἶπεν,
940 5172 1005 5223 "A
1019 5170 1352 5242 ἠκούσαμεν,
1370 5171 1543 5225 ταῦτα
1560 5172 1651 5226 καὶ
1667 5173 1898 5246 εἴδομεν,

320 5248 471 5320 λέγει
507 5254 600 5305 καὶ
625 5253 678 5305 τί
701 5254 922 5324 ήκουσε,
956 5253 1049 5306 καὶ
1083 5252 1136 5305 τί
1170 5249 1300 5306 εἶδε.
1332 5253 1398 5305 Τί
1429 5249 1524 5308 οῦν
1551 5255 1771 5326 ήκουσε,
1807 5257 1901 5312 καὶ

386 5410 413 5476 _'
436 5408 706 5476 ﬁquentia
733 5412 806 5476 εἰς
847 5409 1093 5476 abibam
1105 5409 1213 5476 d_uo_
1228 5423 1343 5460 mss.
1475 5412 1740 5476 ἀπῲλοντο.
1767 5414 1896 5476 Θαρ-

320 5471 422 5526 ηιὶς
441 5473 494 5536 δὲ
511 5469 593 5519 τὸν
616 5472 762 5520 τόπον
785 5473 890 5534 ἐμοὶ
922 5471 1051 5536 δοκεῖ
1073 5469 1262 5536 δηλοῦν·
1294 5473 1472 5536 καὶγὰρ
1485 5473 1521 5536 ,ὁ
1551 5471 1768 5536 Ἑϐραῖος
1784 5469 1895 5522 ταῦ-

320 5548 384 5590 τῃ
405 5535 630 5598 κέχρηται
651 5539 710 5598 τῇ
733 5532 882 5598 φωνῇ.
911 5534 996 5598 Διὸ
1020 5535 1100 5581 καὶ
1120 5533 1266 5598 αὐτην
1282 5535 1375 5598 ’τὴν
1407 5532 1663 5596 Ἓϐραῐκήν
1686 5538 1894 5598 παρεθή-

321 5593 470 5694 κάμεν
482 5593 628 5648 λέξιν·
654 5593 844 5651 ἢτοῦτο
871 5595 1022 5666 τοίνυν
1044 5595 1200 5655 φησὶν,
1222 5596 1251 5649 ἢ
1275 5594 1441 5642 ἐκεῖνο.

453 5654 590 5694 Unus
631 5655 813 5694 εὑδέτω-
852 5654 972 5694 Vidn.
1011 5668 1168 5694 sum-2,
1218 5653 1322 5694 Mn:
1372 5669 1436 5694 nn

387 5653 416 5727 ξ
453 5654 590 5705 Unus
631 5655 813 5718 εὐρίζφ.
852 5654 972 5704 Vide
1011 5653 1168 5717 supra.
1218 5653 1324 5705 Mox
1372 5669 1498 5710 unus
1522 5656 1746 5714 διηνεκῶς
1778 5674 1894 5721 προ-

319 5732 462 5770 νοω-ι.

2028 589 2185 644 τοῦτο
2211 593 2384 663 ἰσχὺς,
2405 592 2562 647 τοῦτο
2587 594 2882 664 ἀχείρωτον
2903 596 3072 668 αὐτὴν
3096 600 3260 662 ποιεῖ,
3278 599 3377 653 οὐκ
3400 601 3609 674 ἀνθρω·

2032 680 2164 750 πίνη
2196 680 2484 752 συμμαχία
2515 682 2610 734 καὶ
2637 681 2878 753 βοήθεια,
2908 682 3031 736 οὔτε
3059 684 3239 739 ὅπλων
3285 687 3458 757 ἰσχὺς,
3486 691 3606 745 οὐδὲ

2028 766 2228 838 πύργοι
2252 769 2346 821 καὶ
2365 768 2518 840 τείχη
2541 783 2555 800 ⁸
2584 768 2720 822 ἀλλά
2748 769 2832 836 τί;
2869 771 2926 822 ’0
2946 771 3076 835 Θεὸς
3106 773 3275 844 αὐτὴν
3303 775 3603 848 διακρατεῖ.

2027 855 2196 909 Τοῦτο
2213 857 2320 929 γάρ
2351 858 2584 929 μάλιστα
2606 859 2955 914 παιδεύεσθαι
2976 861 3170 926 αὐτοὺς
3195 863 3321 927 ἔδει,
3354 867 3448 920 καὶ
3471 867 3606 937 πρὸς

2024 943 2183 997 τοῦτο
2212 947 2409 1010 αὐτοὺς
2445 947 2474 1000 6
2512 947 2802 1018 Προφήτης
2836 947 3018 1016 ἐνάγει
3047 947 3330 1019 διηνεκῶς.
3362 951 3604 1006 7.13.16-

2026 1031 2226 1099 ϐομεν,
2241 1035 2273 1085 ὀ
2290 1031 2452 1098 Θεὸς,
2471 1037 2535 1086 τὸ
2565 1033 2738 1099 ἔλεός
2758 1049 2872 1088 σου
2893 1034 2963 1087 ἐν
2978 1035 3145 1103 μέσῳ
3165 1037 3270 1092 τοῦ
3288 1039 3441 1093 λαοῦ
3464 1056 3604 1095 σου.

2025 1117 2092 1170 Τί
2119 1120 2288 1187 ἐστιν,
2339 1121 2779 1190 ’Υπελάϐομενς
2812 1122 3172 1194 Ἦλπίσαμεν,
3200 1127 3605 1199 προσεδοκήσα-

2027 1221 2147 1274 μεν,
2173 1206 2418 1276 ἔγνωμεν
2435 1206 2531 1278 τήν
2554 1207 2962 1279 φιλανθρωπίαν
2987 1211 3084 1280 τὴν
3107 1213 3224 1284 σήν.
3257 1214 3471 1286 Ἐπειδή
3494 1215 3603 1288 γὰρ

2022 1288 2195 1354 εἷπεν,
2215 1293 2957 1368 Ἐθεμελίωσεν,ἐρρίζωσεν,
2987 1298 3239 1369 ἐτείχισε,
3275 1301 3490 1365 δεικνὺς
3518 1304 3600 1358 ὃτι

2024 1379 2175 1453 [201]
2201 1383 2232 1450 ἠ
2260 1382 2494 1453 τοσαύτη
2519 1384 2745 1456 πρόνοια
2769 1386 2828 1438 οὐ
2851 1385 2992 1440 κατά
3020 1387 3120 1459 τὴν
3143 1387 3301 1455 ἀξίαν
3330 1389 3438 1442 τῶν
3463 1392 3602 1445 ἀπο-

2019 1469 2312 1537 λαϐόντων,
2348 1472 2484 1527 ἀλλά
2526 1474 2670 1528 κατά
2707 1475 2806 1548 τὴν
2836 1475 3150 1548 ἀγαθότητα
3198 1479 3290 1533 τοῦ
3322 1482 3600 1548 ποιοῦντος

2019 1558 2246 1625 γίνεται,
2275 1559 2366 1612 καὶ
2391 1561 2504 1631 ἀμα
2526 1561 2695 1616 θέλων
2715 1563 2805 1616 τὸν
2826 1563 2992 1633 τῦφον
3017 1567 3194 1620 αὐτῶν
3221 1571 3595 1634 καταστεῖλαι,

2018 1646 2190 1712 οὕτως
2227 1645 2345 1702 εἷπε
2366 1693 2380 1714 ,
2423 1652 2703 1723 μονονουχὶ
2731 1652 2889 1706 τοῦτο
2928 1654 3102 1722 λέγων
3119 1670 3134 1685 ’
3161 1657 3264 1712 Σοῦ
3293 1659 3386 1712 τοῦ
3415 1660 3598 1725 ἐλέους

2019 1735 2135 1787 ἐστὶ
2163 1735 2333 1789 ταῦτα
2357 1738 2425 1790 τά
2457 1737 2879 1809 κατορθώματα,
2908 1742 3006 1812 τῆς
3033 1742 3192 1814 δόξης
3219 1745 3316 1816 τῆς
3346 1747 3462 1817 σῆς,
3496 1749 3599 1818 τῆς

2018 1822 2376 1894 ἀγαθωσύνης
2433 1827 2532 1896 τῆς
2566 1826 2685 1895 σῆς.
2730 1828 2821 1880 Διὸ
2865 1829 2959 1882 καὶ
3010 1831 3287 1900 ἐπήγαγε⁹
3319 1835 3479 1889 Κατὰ
3529 1837 3595 1890 τὸ

2019 1909 2205 1979 ὄνομά
2234 1926 2370 1978 σου,
2417 1915 2450 1966 ό
2483 1913 2648 1978 Θεὸς,
2683 1915 2838 1968 οὕτω
2871 1917 2967 1969 καί
3001 1919 3040 1985 ή
3073 1919 3309 1986 αἴνεσίς
3349 1938 3465 1976 σου
3496 1923 3595 1976 ἐπι

2017 1995 2089 2048 τὰ
2113 1995 2337 2063 πέρατα
2363 1997 2472 2066 τῆς
2504 1998 2634 2068 γῆς.
2664 2001 2736 2054 ’11
2770 2001 3007 2081 αἵγεσίς
3035 2021 3170 2071 σου,
3207 2009 3358 2078 φησί,
3395 2026 3594 2081 κατορ-

2017 2082 2246 2153 θώματα
2273 2084 2414 2137 οὖτω
2467 2087 2678 2155 μεγάλα
2718 2091 2865 2142 ποιεῖ
2901 2091 2996 2143 καὶ
3055 2091 3376 2164 θαυμαστὰ,
3418 2097 3594 2161 οὓτως

2018 2171 2198 2241 ὑψηλά
2229 2173 2323 2226 καὶ
2353 2173 2557 2240 ἔνδοξα.
2587 2175 2661 2227 (Ιύ
2692 2176 2800 2247 γάρ
2830 2179 2968 2231 κατά
2990 2181 3050 2234 τὺ
3081 2182 3278 2252 μέτρον
3302 2184 3408 2238 τῶν
3439 2186 3594 2258 εὐερ-

2015 2259 2360 2328 γετουμένων
2392 2260 2492 2329 τὴν
2531 2261 2860 2332 κηδεμονίαν
2901 2266 3271 2332 ἐπεδείκνυσο,
3298 2271 3417 2325 οὐδέ
3451 2274 3593 2326 κατά

2013 2344 2111 2416 τὴν
2139 2347 2318 2413 ἀξίαν,
2351 2347 2489 2402 ἀλλά
2518 2349 2660 2403 κατά
2688 2351 2747 2404 τὸ
2796 2353 3025 2421 μέγεθος
3046 2355 3108 2408 τὸ
3138 2357 3248 2410 σόν.
3294 2359 3356 2411 Ἢ
3388 2360 3592 2426 αῖνεσις

2013 2433 2210 2498 τοίνυν,
2251 2437 2526 2490 τουτέστιν
2552 2476 2568 2500 ,
2601 2440 2632 2507 ή
2664 2439 2908 2509 εὐφημία
2934 2443 2966 2512 ή
3016 2443 3125 2496 ἀπὸ
3153 2445 3260 2497 τῶν
3285 2445 3482 2516 ἔργων,
3522 2450 3594 2504 τά

2014 2519 2414 2592 κατορθώματα
2444 2525 2697 2596 ἐποίησεν
2729 2524 3049 2593 ἐξάκουστα.
3079 2530 3318 2599 Ἐγίνετο
3353 2535 3453 2604 μὲν
3481 2537 3591 2608 γὰρ

2014 2615 2072 2666 ἐν
2100 2616 2166 2684 τῇ
2202 2614 2556 2688 Παλαιστίνῃ,
2586 2615 2672 2670 διὰ
2699 2615 2756 2669 δὲ
2784 2617 2846 2670 τὸ
2890 2618 3118 2688 μέγεθος
3160 2623 3255 2676 καὶ⁹
3300 2623 3390 2679 τὸν
3426 2625 3591 2694 ϐγκον

2013 2699 2182 2764 αὐτάς
2207 2703 2311 2771 τῆς
2325 2703 2646 2773 οἰκουμένης
2672 2704 3049 2772 κατελάμϐανε
3069 2707 3168 2772 τὰς
3199 2710 3470 2780 ἐσχατιάς,
3496 2715 3592 2769 καὶ

2012 2789 2061 2840 οί
2088 2787 2369 2858 πόρρωθεν
2415 2788 2569 2852 ὄντες
2599 2788 2780 2843 πάντα
2829 2791 3150 2860 ἐμάνθανον.
3184 2793 3266 2846 Τά
3308 2796 3359 2863 γ’
3391 2792 3485 2849 οῦν
3528 2799 3590 2853 ἐν

2013 2876 2272 2946 Αίγύπτῳ
2309 2876 2596 2947 γενόμενα,
2631 2880 2663 2947 ἡ
2709 2877 3055 2949 ἰεριχουντία
3103 2882 3276 2954 πόρνη
3305 2883 3411 2946 τῶν
3450 2903 3592 2956 παρ-ι
3697 2880 3699 2883 ’

2011 2962 2178 3016 όντων
2227 2964 2616 3035 ἀκριϐέστερον
2666 2965 2800 3038 ᾔδει.
2835 2968 3003 3022 Πάλιν
3036 2969 3107 3023 τά
3152 2971 3210 3024 ἐν
3257 2972 3586 3048 Παλαιστίνῃ

2013 3049 2295 3120 συμϐάντα
2332 3051 2425 3104 καὶ
2454 3053 2502 3105 οί
2536 3052 2635 3122 τήν
2669 3053 2777 3106 τῶν
2819 3055 3045 3126 Περσῶν
3085 3056 3270 3129 χώραν
3310 3060 3588 3128 οἰκοῦντες

2009 3139 2408 3210 ἀνεκήρυττονο
2433 3141 2503 3195 τά
2539 3141 2598 3193 ἐν
2641 3142 2778 3213 αὐτῇ
2809 3145 3130 3216 τῇΠερσίδι
3169 3145 3329 3201 πάλιν
3358 3149 3406 3203 οί
3449 3151 3587 3219 πρὸς

2007 3225 2078 3279 τὰ
2120 3227 2331 3297 πέρατα
2372 3228 2474 3298 τῆς
2513 3229 2616 3300 γῆς
2660 3229 2812 3295 ὄντες
2845 3231 3156 3299 ἐγίνωσκον.
3185 3235 3284 3288 Διά
3320 3236 3384 3308 δὴ
3429 3237 3587 3292 τοῦτο

2011 3315 2103 3369 καὶ
2128 3317 2156 3368 6
2177 3315 2430 3385 βασιλεὺς
2454 3317 2541 3371 διὰ
2567 3319 2909 3389 γραμμάτων
2939 3319 3153 3391 ἔπεμπε
3181 3324 3456 3395 πανταχοῦ
3484 3327 3586 3396 τῆς

2009 3402 2352 3473 οἰκουμένης,
2379 3403 2767 3474 ἀνακηρύττων
2789 3404 2855 3458 τὰ
2880 3407 2936 3458 ἐν
2959 3409 3026 3478 τῇ
3059 3409 3292 3480 καμίνῳ.
3307 3411 3406 3466 Διά
3425 3411 3585 3466 τοῦτο

2010 3488 2102 3542 καὶ
2126 3484 2279 3552 οὗτος
2303 3489 2494 3558 εἰπὼν,
2529 3491 2636 3545 Καὶ
2666 3492 2704 3559 ἡ
2727 3492 2964 3558 αἴνεσίς
2987 3511 3102 3550 σου
3123 3496 3221 3549 ἐπὶ
3253 3498 3324 3551 τὰ
3360 3499 3584 3565 πέρατα

2008 3575 2119 3642 τῆς
2145 3574 2275 3645 γῆς,
2319 3577 2567 3647 ἐπήγαγε
2587 3595 2602 3608 '
2631 3580 3028 3648 Δικαιοσύνης
3069 3583 3309 3651 πλήρης
3338 3587 3375 3653 ἡ
3415 3585 3584 3650 δεξιά

2007 3678 2144 3717 σου.
2186 3663 2362 3733 Ὅπερ
2393 3664 2490 3734 μὲν
2513 3665 2633 3728 ἔθος
2671 3666 2819 3738 αὐτῷ
2851 3670 3024 3721 ποιεῖν
3051 3669 3307 3740 συνεχῶς,
3341 3673 3451 3726 ἀπὸ
3474 3673 3583 3728 τῶν

2008 3752 2088 3810 εἰς
2109 3751 2431 3822 ἀνθρώπους
2451 3755 2748 3823 γινομένων
2769 3754 3076 3810 ἀναϐαίνειν
3102 3758 3192 3810 ἐπὶ
3217 3758 3286 3811 τά
3313 3760 3582 3830 προσόντα

2006 3836 2170 3890 αὐτοῦ
2206 3841 2270 3908 τῇ
2304 3837 2484 3907 φύσει,
2519 3840 2676 3894 τοῦτο
2708 3842 2803 3894 καὶ
2845 3844 2938 3895 ἐπὶ
2967 3843 3061 3896 τοῦ
3100 3845 3367 3914 παρόντος
3399 3850 3578 3898 ποιεῖ·

2007 3924 2105 3994 οὐχ
2134 3925 2220 3979 ἵνα
2239 3925 2592 3995 ἐπιγινόμενα
2619 3928 2713 3981 καὶ
2737 3930 3105 3998 ἀπογινόμενα
3131 3940 3154 3969 ο
3178 3932 3478 4001 νοήσωμεν,
3506 3933 3581 4003 μὴ

2007 4011 2244 4080 γένοιτοο
2281 4011 2395 4065 ἀλλ’
2425 4013 2613 4084 ἐπειδὴ
2641 4014 2860 4068 ἀσθενεῖ
2885 4018 2914 4069 6
2940 4016 3096 4085 λόγος
3122 4018 3214 4070 καὶ
3243 4021 3275 4089 ή
3310 4018 3522 4086 γλῶττα
3545 4021 3580 4091 ή

2007 4097 2346 4170 ἀνθρωπίνη,
2379 4100 2461 4153 δεῖ
2495 4101 2770 4173 θεοπρεπῆ
2816 4121 2936 4157 τινα
2984 4105 3192 4159 ἔννοιαν
3231 4107 3580 4176 προστιθέναι

2007 4185 2086 4256 τῷ
2121 4186 2282 4258 λόγῳ.

2077 4312 2158 4364 Τά
2186 4313 2456 4385 προσόντα
2495 4311 2589 4368 οῦν
2619 4319 2684 4387 τῇ
2725 4315 2881 4385 φύσει
2913 4316 3004 4371 τοῦ
3041 4316 3175 4370 Θεοῦ
3209 4317 3376 4371 ταῦτα
3407 4317 3577 4387 λέγει,

2007 4399 2072 4453 τὰ
2105 4401 2512 4472 συνουσιωμένα
2544 4403 2711 4474 αὐτῷ.
2735 4404 2867 4457 Τίνα
2897 4403 2951 4457 δὲ
2979 4404 3148 4458 ταῦτά
3176 4405 3291 4458 ἐστι
3315 4423 3330 4469 ;
3355 4408 3579 4460 Δικαιο-

2007 4491 2203 4556 σύνης
2223 4491 2480 4559 πλήρης,
2514 4495 2699 4563 φησὶν,
2733 4494 2772 4560 ἡ
2807 4493 2974 4559 δεξιά
3008 4510 3143 4548 σου.
3183 4495 3576 4566 Δείκνυσιγάρ,

2007 4577 2088 4630 ὅτι
2111 4579 2170 4631 οὐ
2191 4578 2291 4648 τῆς
2312 4578 2464 4644 ἀξίας
2488 4575 2556 4650 ἦν
2583 4579 2688 4634 τῶν
2714 4581 3182 4653 εὐεργετουμένων
3204 4582 3271 4636 τὰ
3297 4584 3576 4654 γινόμενα,

2006 4663 2144 4718 ἀλλά
2168 4665 2269 4736 τῆς
2294 4666 2478 4730 οὐσίας
2505 4668 2605 4738 τῆς
2634 4668 2818 4734 αὐτοῦ,
2852 4669 3036 4741 ἐπειδὴ
3066 4670 3202 4740 αὐτὴ
3224 4671 3388 4724 αὐτοῦ
3421 4673 3454 4742 ή
3482 4671 3578 4724 οὐ·

2009 4750 2098 4805 σία
2145 4752 2458 4825 δικαιοσύνῃ
2522 4756 2729 4827 χαίρει,
2784 4755 3161 4828 φιλανθρωπίᾳ
3207 4758 3572 4830 εὐφραίνεταιι

2007 4839 2177 4892 Τοῦτο
2212 4839 2370 4911 ἔργον
2397 4841 2582 4907 αὐτοῦ,
2622 4843 2781 4898 τοῦτο
2811 4843 2929 4909 ἔθος
2961 4846 3127 4916 αὐτῷ,
3177 4847 3271 4899 καὶ
3307 4845 3395 4899 διά
3419 4846 3578 4899 τοῦτο

2003 4927 2273 4999 τοσαύτης
2303 4930 2582 5000 ἀπήλαυον
2611 4931 2948 5002 εὐεργεσίας.
2975 4934 3181 5004 Ὥσπερ
3211 4934 3319 5004 γὰρ
3353 4931 3447 4985 τοῦ
3474 4948 3575 4984 πυ-

2005 5014 2098 5085 ρὸς
2134 5015 2195 5068 τὸ
2223 5015 2553 5087 θερμαίνειν,
2581 5019 2673 5072 καὶ
2705 5019 2856 5090 ήλίου
2889 5020 2951 5072 τὸ
2999 5019 3252 5088 φωτίζειν
3273 5035 3286 5048 ·
3324 5018 3465 5071 οὕτω
3509 5019 3574 5090 δὴ

2005 5102 2098 5155 καὶ⁸
2115 5102 2279 5157 αὐτοῦ
2303 5104 2360 5156 τὸ
2384 5105 2711 5176 εὐεργετεῖν,
2732 5107 2830 5174 οὐχ
2856 5105 2996 5158 οὕτω
3019 5105 3099 5170 δέ,
3121 5103 3256 5158 ἀλλά
3279 5103 3372 5158 καὶ
3395 5103 3575 5172 πολλῷ

2007 5190 2225 5260 μᾶλλον.
2257 5193 2347 5245 Διὸ
2390 5193 2484 5244 καὶ
2519 5188 2864 5257 οὐτως,εἷπε,
2910 5192 3300 5258 Δικαιοσύνης
3338 5191 3575 5258 πλήρης

2003 5278 2042 5345 ἡ
2077 5276 2246 5342 δεξιά
2279 5293 2396 5332 σου
2415 5321 2431 5345 ,
2460 5279 2520 5332 τὸ
2557 5279 2809 5349 δαψιλὲς,
2854 5279 2914 5332 τὸ
2964 5280 3394 5347 συνουσιωμένον
3427 5277 3575 5348 αὐτῷ

2000 5368 2193 5439 δηλῶν.
2225 5371 2628 5438 Εὐφρανθήτω
2653 5371 2790 5438 ὄρος
2815 5369 2988 5434 Σιὼν,
3031 5369 3130 5422 καί
3160 5366 3572 5438 ιίταλλιάσθωο

2001 5472 2124 5510 σαν
2153 5459 2213 5510 αί
2247 5455 2562 5525 θυγατέρες
2584 5455 2694 5524 τῆς
2736 5457 3041 5522 Ἰουδαίας,
3072 5455 3278 5510 ἕνεκεν
3304 5455 3422 5510 τῶν
3449 5473 3572 5525 κρι-

1994 5541 2200 5612 μάτων
2223 5557 2359 5606 σου,
2399 5544 2592 5611 Κύριε.
2623 5543 2812 5605 ’Ἄλλος
2845 5542 2998 5614 φησὶ,
3033 5542 3135 5597 Διά
3173 5543 3402 5612 κρίσεις
3432 5559 3571 5598 σου.

2063 5720 2085 5750 θ
2108 5720 2190 5769 Sic
2222 5732 2334 5769 mss.
2361 5725 2410 5768 et
2433 5718 2543 5769 Sav.
2572 5722 2728 5768 recte.
2762 5718 2814 5769 In
2839 5719 2957 5770 Mor.
2986 5721 3062 5769 καὶ
3088 5716 3572 5782 ἀπογινόμεναᾶεθεὶ.
