4114 6278
429 339 541 396 ἳῖῧ

433 473 537 527 quc
563 466 617 510 et
647 456 788 509 illum
812 454 957 521 jubet
987 452 1237 506 adhibere
1266 453 1498 506 animum
1528 452 1589 506 iis
1613 467 1680 521 qu
1702 451 2012 506 edicuntur.

437 546 654 600 Auribus
698 544 973 613 percipite,
1006 559 1175 597 omnes
1203 543 1287 612 qui
1315 542 1548 596 habitatis
1578 542 1764 596 orbem.
1800 542 2018 596 Etiamsi

433 637 520 704 qui
547 677 563 701 ,
614 634 815 704 inquit,
857 649 961 688 non
1000 633 1302 689 referuntur
1342 632 1393 689 in
1431 647 1709 687 numerum
1749 633 2017 704 gentium,

434 726 528 783 sed
552 736 678 782 sunt
707 727 882 793 misti,
909 736 963 782 et
987 726 1212 796 dispersi
1243 726 1517 794 nomades,
1546 742 1639 782 eos
1660 742 1869 797 quoque
1888 743 2019 782 voco

434 817 499 871 ad
531 818 874 873 audiendum.
904 819 1036 874 Vide
1064 821 1452 875 concionatoris
1483 822 1813 891 prudentiam
1840 823 1878 875 ί.
1906 822 2022 877 Pri-

434 925 577 963 mum
618 926 802 966 eorum
856 912 1088 966 animum
1148 913 1435 979 excitavit,
1482 923 1537 969 et
1592 916 1762 969 erexit
1811 915 1877 970 ad
1921 931 2017 969 au-

433 1000 718 1066 diendum,
765 1017 831 1056 eo
869 1001 1007 1072 quod
1048 1017 1235 1057 omnes
1282 1004 1438 1058 simul
1478 1006 1764 1059 vocaverit.
1813 1006 2019 1061 Deinde

434 1100 712 1162 postquam
744 1093 979 1159 vocavit,
1008 1094 1202 1148 fastum
1230 1109 1415 1148 eormn
1446 1095 1775 1164 comprimit,
1808 1112 1874 1149 ne
1895 1112 2021 1166 pro-

435 1190 554 1250 pter
583 1182 969 1236 multitudinem
998 1183 1050 1235 in
1082 1185 1433 1253 arrogantiam
1463 1184 1771 1241 efferantur.
1805 1186 2021 1243 Talibus

435 1274 577 1327 enim
629 1276 859 1330 maxime
897 1275 1223 1331 auditoribus
1248 1291 1382 1347 epus
1411 1287 1527 1343 est,
1559 1278 1771 1348 quando
1796 1281 1913 1349 quis
1938 1290 2019 1334 est

434 1366 595 1419 verba
635 1365 868 1422 facturus
895 1382 1015 1437 qua:
1046 1368 1112 1422 ad
1137 1368 1367 1423 studium
1395 1370 1667 1439 sapientia:
1689 1372 2017 1440 pertineant,

434 1471 627 1526 nempe
669 1458 944 1525 contritis,
985 1459 1292 1529 compositis
1333 1468 1386 1514 et
1414 1460 1481 1514 ab
1506 1461 1649 1515 omni
1680 1461 1815 1515 fastu
1841 1478 1903 1516 ac
1933 1472 2018 1517 lu-

437 1562 585 1601 more
627 1548 823 1601 liberis.
852 1549 1126 1615 Quomodo
1152 1566 1278 1621 ergo
1317 1550 1548 1605 ferocem
1572 1566 1754 1607 eorum
1781 1552 2016 1608 animum

435 1642 799 1712 compescuit?
836 1642 1090 1697 Naturam
1132 1645 1186 1699 in
1212 1645 1522 1700 memoriam
1551 1661 1827 1702 revocans.
1861 1646 2023 1702 Post-

347 1797 350 1801 .
437 1747 593 1801 quam
636 1731 778 1786 enim
807 1732 959 1798 dixit,
987 1732 1189 1802 Gentes,
1218 1735 1519 1805 subjunxit,
1547 1737 1739 1808 Quique
1758 1740 2020 1810 terrigena:

435 1835 481 1877 et
521 1824 618 1892 ﬁlii
641 1826 922 1879 hominum.
953 1826 1094 1879 Dixit
1114 1826 1461 1882 substantiam
1494 1846 1558 1884 ex
1587 1845 1689 1901 qua
1714 1838 1798 1885 est
1821 1833 2020 1901 princi-

435 1917 581 1986 pium
623 1924 819 1970 nostrae
861 1920 1246 1987 generationis,
1276 1936 1609 1977 communem
1639 1925 1874 1979 omnium
1900 1941 2017 1980 ma-

439 2016 573 2061 trem
606 2010 872 2063 revocavit
917 2010 968 2063 in
1009 2013 1336 2067 memoriam.
1380 2013 1444 2068 Et
1487 2030 1652 2085 quare
1695 2016 1853 2081 dixit,
1893 2015 2019 2071 Filii

439 2099 740 2154 hominum?
767 2100 898 2166 Quia
920 2102 1126 2157 dixerat
1154 2104 1445 2173 terrigenas
1463 2145 1479 2169 ,
1508 2120 1575 2159 ne
1604 2107 1721 2175 quis
1741 2108 2017 2161 existima-

437 2198 555 2254 ret,
597 2198 656 2244 ut
681 2191 863 2245 volunt
901 2193 1189 2263 mythologi
1209 2234 1225 2259 ,
1273 2193 1517 2250 homines
1546 2196 1613 2249 ab
1639 2197 1787 2251 initio
1815 2213 1846 2253 e
1875 2207 2043 2258 terra.

437 2281 763 2351 pullulasse,
814 2284 1261 2353 quemadmodum
1308 2289 1548 2343 nonnulli
1594 2289 1810 2345 fabulati
1854 2301 2015 2361 sunt,

435 2374 692 2444 quosdam
717 2385 833 2429 satu
850 2378 1019 2431 editos
1040 2378 1438 2434 introducentes
1456 2420 1470 2443 ,
1500 2391 1777 2450 propterea
1799 2381 2018 2452 subjun-

436 2466 546 2530 xit,
572 2464 698 2518 Filii
721 2468 999 2522 hominum.
1029 2468 1215 2522 Patres
1236 2470 1378 2524 enim
1407 2471 1553 2525 vobis
1584 2483 1707 2526 sunt
1732 2472 1975 2529 homines
1999 2493 2014 2529 :

439 2555 758 2623 principium
788 2566 964 2611 autem
989 2560 1347 2626 generationis
1372 2560 1521 2615 vobis
1547 2570 1601 2616 et
1621 2562 1722 2616 illis
1748 2572 1887 2618 terra
1913 2573 2013 2619 est.

440 2644 577 2712 Quid
604 2660 730 2716 ergo
754 2647 973 2716 superbit
997 2657 1128 2702 terra
1156 2658 1201 2703 et
1230 2650 1357 2706 cinis
1381 2650 1569 2720 (Eccli.
1597 2652 1683 2709 10.
1707 2652 1806 2724 9)?
1833 2652 2027 2725 Cogita.

436 2734 575 2803 apud
600 2744 651 2791 te
674 2752 916 2805 quaenam
945 2739 1015 2793 sit
1038 2747 1210 2795 mater
1238 2750 1356 2807 tua,
1384 2750 1437 2797 et
1463 2742 1653 2798 fastum
1678 2746 1969 2816 comprime
1998 2765 2011 2801 :

437 2828 574 2880 altos
616 2828 831 2898 spiritus
878 2831 1129 2885 conculca
1166 2847 1230 2887 ac
1257 2832 1533 2903 deprime:
1562 2836 1836 2891 considera
1867 2837 2017 2902 Quod

434 2930 567 2972 terra
593 2931 727 2985 es,et
752 2921 804 2974 in
832 2929 1015 2975 terram
1034 2924 1290 2978 reverteris
1320 2924 1469 2996 (Gen.
1503 2928 1557 2981 3.
1587 2926 1697 2998 19),
1726 2939 1779 2982 et
1804 2942 2014 2984 omnem

432 3011 787 3079 arrogantiam
826 3011 1053 3081 expelle.
1095 3013 1208 3067 Tali
1246 3014 1388 3069 enim
1430 3015 1561 3070 mihi
1605 3017 1845 3074 auditore
1881 3034 2017 3090 Opus

431 3110 532 3156 est.
573 3101 694 3157 Ideo
722 3113 773 3159 te
798 3103 1040 3160 sedatum
1070 3105 1236 3162 reddo
1264 3122 1326 3163 ac
1349 3110 1700 3179 compositum
1719 3154 1736 3179 ,
1764 3121 1823 3167 ut
1851 3122 1902 3169 te
1927 3128 2017 3169 ac-

432 3192 621 3262 cipiam
656 3202 835 3264 aptum
867 3194 932 3250 ad
954 3212 1015 3250 ca
1037 3212 1154 3267 quae
1178 3197 1427 3253 dicuntur
1453 3201 1808 3270 suscipienda.
1842 3203 2019 3260 Simul

431 3285 483 3335 in
511 3300 670 3338 unum
700 3286 833 3340 dives
861 3296 906 3339 et
921 3305 1133 3357 pauper.
1169 3289 1354 3345 Vidisti
1380 3290 1706 3349 nobilitatem
1738 3294 2011 3351 Ecclesiaz.

431 3372 623 3437 Quidni
661 3376 803 3429 enim
832 3376 1191 3447 nobilitatem,
1231 3380 1443 3451 quando
1472 3381 1541 3436 ob
1565 3385 1885 3442 conditionis
1912 3387 2014 3442 dif-

433 3463 708 3517 t'crentiam
740 3481 844 3519 non
872 3477 1017 3521 arcet
1041 3469 1359 3538 auditorem,
1389 3472 1483 3527 sed
1502 3474 1743 3531 universa
1770 3475 2012 3534 doctrina

428 3569 494 3606 ex
546 3569 699 3622 mquo
749 3554 1113 3625 profunditur,
1152 3571 1205 3616 et
1251 3563 1503 3633 pauperi,
1547 3574 1601 3620 et
1646 3564 1793 3622 diviti
1829 3584 2012 3625 mensa

427 3644 729 3699 communis
771 3645 1089 3704 exhibetur?
1127 3650 1410 3723 Postquam
1449 3657 1591 3710 enim
1632 3657 1763 3713 dixit
1789 3658 1839 3714 id
1869 3661 2013 3729 quod

427 3752 617 3792 omnes
658 3740 808 3809 unit,
853 3756 947 3796 eos
989 3743 1236 3800 videlicet
1279 3760 1398 3802 esse
1426 3749 1720 3819 terrigenas
1744 3793 1758 3816 ,
1788 3760 1841 3806 et
1868 3752 2007 3809 ﬁlios

431 3827 737 3897 hominum,
786 3840 841 3886 et
882 3846 1216 3890 communem
1270 3850 1389 3892 esse
1438 3848 1679 3894 naturam
1728 3844 2004 3900 ostendit:

322 3918 332 3931 ‘
428 3928 553 3975 tunc
594 3934 713 3989 quae
756 3936 822 3978 ex
863 3923 1021 3978 rebus
1051 3925 1394 3983 saecularibus
1423 3929 1697 3986 videbatur
1722 3948 1842 3989 esse
1862 3974 1876 3997 ,
1906 3933 2010 3989 dif-

428 4010 699 4065 ferentiam
730 4020 783 4067 et
808 4013 1213 4084 inaequalitatem
1236 4019 1473 4075 oratione
1500 4020 2008 4091 ejicitcommuniter

424 4120 611 4159 omnes
649 4120 844 4163 vocans
893 4127 907 4164 :
955 4116 1037 4165 est
1064 4112 1207 4165 enim
1236 4114 1531 4169 communis
1560 4124 1739 4171 nostra
1766 4126 1952 4173 natura
1987 4138 2003 4176 :

425 4197 789 4253 Communiter
818 4214 1003 4256 omnes
1024 4216 1195 4270 voco;
1226 4206 1525 4261 communis
1553 4208 1692 4262 enim
1722 4219 1900 4265 nostra
1929 4213 2004 4265 ci-

425 4288 556 4342 vitas
600 4299 683 4343 est
720 4291 863 4345 orbis
905 4303 1167 4349 terrarum
1212 4294 1348 4368 (Act.
1379 4297 1467 4351 17.
1498 4298 1612 4370 26).
1641 4300 1745 4356 Sed
1777 4318 1842 4357 ex
1874 4319 2004 4374 pau-

428 4387 627 4447 pertate
657 4392 711 4435 et
746 4383 946 4439 divitiis
983 4385 1333 4443 differentiam
1363 4390 1592 4460 aliquam
1626 4396 1998 4468 excogitastis,

422 4481 475 4524 et
524 4471 930 4543 inaequalitatem
984 4480 1367 4537 introduxistis.
1417 4486 1576 4556 Atqui
1630 4502 1746 4542 eam
1789 4505 1999 4561 quoque

424 4577 606 4644 rursus
640 4565 828 4633 ejicio,
865 4582 968 4622 non
996 4568 1186 4626 divites
1214 4575 1427 4644 quidem
1456 4576 1770 4645 admittens,
1803 4596 1999 4652 paupe-

423 4668 511 4709 res
552 4663 731 4709 autem
772 4657 972 4715 habens
1009 4661 1341 4734 despicatui,
1369 4682 1469 4723 nec
1499 4685 1758 4741 pauperes
1781 4673 1995 4743 quidem

421 4760 645 4814 vocans,
681 4748 871 4804 divites
896 4759 1071 4807 autem
1098 4757 1370 4824 expellens
1389 4799 1406 4825 ,
1435 4761 1529 4815 sed
1555 4771 1609 4816 et
1638 4762 1734 4819 hos
1760 4774 1812 4820 et
1838 4766 1992 4834 illos,

417 4849 473 4894 ct
518 4855 623 4896 non
665 4842 999 4899 solummodo
1046 4847 1144 4902 hos
1191 4856 1245 4904 et
1291 4850 1441 4918 illos,
1484 4854 1631 4909 verbi
1657 4857 1822 4925 gratia
1850 4899 1866 4924 ,
1896 4858 1994 4914 hos

417 4930 630 5001 quidem
672 4932 906 5002 priores,
938 4936 1057 4991 illos
1086 4954 1215 4993 vero
1241 4942 1590 5009 posteriores,
1619 4946 1699 5000 vel
1730 4947 1848 5001 illos
1873 4950 1991 5018 qni-

414 5024 536 5077 dem
585 5026 940 5094 posteriores,
984 5027 1082 5083 hos
1127 5045 1254 5085 vero
1294 5033 1531 5101 priores,
1574 5035 1667 5090 sed
1710 5037 1884 5092 simul.
1914 5039 1993 5094 Sit

411 5116 709 5173 communis
744 5128 1036 5173 cnnventus
1058 5160 1075 5187 ,
1115 5122 1413 5176 communis
1445 5125 1663 5188 concio,
1695 5130 1992 5186 communis

411 5205 708 5261 auditorum
738 5217 926 5263 coetus.
958 5210 1107 5266 Licet
1132 5212 1204 5266 sis
1230 5212 1377 5268 dives
1397 5254 1411 5280 ,
1443 5229 1506 5269 ex
1538 5216 1723 5272 eodem
1753 5218 1863 5274 luto
1892 5236 1989 5275 na-

411 5309 495 5356 tus
533 5319 593 5359 es
641 5320 654 5358 :
700 5304 838 5359 idem
875 5305 969 5360 fuit
1000 5308 1091 5361 tibi
1118 5322 1238 5362 cum
1265 5324 1496 5379 paupere
1522 5311 1817 5384 ingressus,
1848 5314 1986 5374 idem

408 5404 574 5450 ortus.
601 5396 665 5452 Et
692 5406 745 5452 tu
775 5397 1003 5454 hominis
1025 5399 1163 5456 filius
1190 5415 1278 5467 es,
1305 5411 1360 5455 et
1390 5402 1498 5458 ille.

469 5577 497 5645 ι,
519 5576 629 5625 Cod.
654 5579 764 5645 δεῇ,
789 5578 1093 5645 prudentiam
1124 5581 1408 5645 defensoris,
1443 5591 1524 5634 aut
1557 5585 1709 5645 potius
1731 5588 1984 5640 condona-

405 5642 520 5688 toris
550 5650 567 5686 :
592 5651 701 5688 uuae
722 5642 915 5689 forsitan
942 5652 1019 5691 est
1041 5657 1158 5693 vera
1182 5642 1330 5693 lectio
1356 5660 1367 5694 :
1396 5642 1505 5695 nam
1540 5642 1653 5695 illud
1687 5649 1979 5701 additamen-

405 5706 506 5747 tum
531 5712 621 5749 nec
644 5701 799 5761 lapsu,
827 5715 917 5751 nec
940 5703 1139 5753 consilio
1171 5708 1418 5755 inductum
1457 5708 1604 5757 fuisse
1630 5710 1835 5761 videtur.
1865 5713 1978 5764 Mhil

403 5768 565 5811 tamen
592 5764 732 5811 unius
755 5766 1035 5816 auctoritate
1057 5767 1239 5817 codicis
1271 5770 1451 5820 addere
1477 5773 1579 5820 ausi
1602 5784 1781 5822 sumus.

1174 336 1230 393 S.
1272 334 1547 392 JOANNIS
1584 323 2052 387 CHRVSOSTOMI
2094 322 2410 379 ARClllEP.
2437 321 2971 380 CONSTANTINOP.

3602 316 3706 372 2ὶῦ

2198 438 2252 492 2.
2284 436 2415 491 Cum
2446 452 2571 505 ergo
2604 451 2724 506 qna:
2752 446 2875 490 sunt
2902 433 3189 506 praecipua,
3233 445 3283 491 et
3317 438 3484 508 magis
3514 452 3714 511 oppoy.

2128 538 2250 583 tuna
2276 571 2291 595 ,
2338 538 2393 583 et
2439 529 2639 581 honore
2678 528 2920 595 mqualia,
2982 540 3050 580 ex
3092 540 3245 594 :equo
3289 524 3567 595 habeatis,
3617 544 3712 586 cur

2127 628 2343 689 propter
2374 619 2587 674 umbras
2611 627 2665 673 et
2688 620 2892 673 somnia
2922 617 3257 684 intumescis,
3289 632 3356 673 ex
3395 618 3461 674 iis
3488 634 3610 690 qua:
3637 622 3719 676 ni-

2126 712 2197 766 hil
2229 722 2353 767 sunt
2395 710 2696 765 communia
2733 709 3105 779 distinguens?
3131 708 3446 765 Communia
3474 721 3678 767 natum:
3698 755 3715 773 .

2124 803 2423 857 communia
2453 812 2623 868 ortus,
2667 801 2972 856 communia
3015 800 3288 857 afﬁnitatis
3323 809 3379 855 et
3416 803 3710 859 necessituo

2123 895 2281 949 dinis.
2309 894 2420 948 Cur
2437 895 2688 946 amictum
2710 892 3029 946 exteriorem
3055 890 3294 956 adducis,
3328 902 3385 946 ut
3408 892 3712 951 distinctio.

2124 1000 2244 1038 nem
2263 999 2326 1038 ex
2353 997 2418 1038 eo
2441 981 2679 1036 efliciasl
2698 979 2813 1035 Non
2843 981 2974 1044 fero,
2997 995 3103 1034 non
3133 981 3321 1051 patior.
3348 980 3413 1037 Et
3440 982 3561 1038 ideo
3579 999 3713 1039 voco

2126 1084 2178 1129 te
2205 1088 2326 1128 cum
2353 1087 2613 1143 paupere,
2635 1072 2820 1127 dicens
2846 1088 2862 1126 :
2889 1071 3059 1126 Simul
3083 1072 3135 1125 in
3162 1088 3313 1125 unum
3341 1073 3477 1127 dives
3501 1082 3549 1127 et
3578 1091 3712 1143 pau-

2123 1184 2226 1237 per.
2250 1165 2305 1220 ln
2328 1165 2446 1221 aliis
2464 1166 2604 1220 enim
2624 1181 2726 1220 non
2749 1174 2970 1236 possunt
2986 1164 3142 1219 simul
3162 1163 3328 1220 videri
3345 1164 3495 1221 dives
3519 1174 3573 1221 et
3593 1181 3717 1236 pauc

2126 1272 2222 1327 per
2246 1273 2260 1323 ;
2297 1272 2401 1310 non
2431 1258 2481 1309 in
2499 1254 2734 1324 judiciis,
2762 1271 2868 1309 non
2898 1255 2952 1309 in
2980 1254 3116 1310 aulis
3136 1255 3317 1324 regiis,
3347 1270 3455 1310 non
3481 1256 3534 1311 in
3562 1254 3713 1322 foris.

2126 1362 2233 1400 non
2260 1348 2310 1400 in
2341 1347 2540 1401 mensis
2571 1363 2584 1400 :
2613 1345 2706 1400 sed
2749 1344 2893 1399 illum
2938 1343 3151 1413 quidem
3183 1344 3499 1399 honoratum
3521 1386 3536 1411 ,
3572 1344 3716 1401 hunc

2127 1451 2255 1491 vero
2283 1444 2647 1505 contemptum
2674 1444 2728 1490 et
2756 1435 3022 1504 abiectum
3048 1454 3063 1503 ;
3096 1435 3244 1491 illum
3274 1435 3439 1492 libere
3464 1446 3519 1492 et
3541 1437 3717 1493 conli~

2123 1529 2316 1585 denter
2343 1538 2585 1599 agentem
2609 1570 2625 1595 ,
2655 1527 2797 1583 hunc
2833 1528 3034 1597 pudore
3061 1536 3115 1582 et
3143 1528 3429 1596 ignominia
3455 1529 3704 1586 allectum

2122 1624 2304 1677 videas
2329 1640 2343 1676 :
2376 1621 2641 1690 Sapientia
2662 1621 2791 1675 enim
2817 1621 3051 1690 pauperis
3075 1620 3221 1674 nihili
3251 1620 3470 1690 ducitur,
3491 1633 3538 1677 et
3565 1627 3714 1679 rem

2127 1714 2238 1784 ejus
2262 1729 2360 1766 non
2386 1714 2686 1782 audiuntur(
2711 1711 2879 1767 Eccle.
2901 1712 2955 1768 9.
2979 1713 3093 1783 16).
3134 1712 3408 1784 Loquutus
3434 1725 3517 1771 est
3538 1715 3709 1784 dives,

2043 1816 2052 1824 '
2129 1814 2184 1861 et
2211 1818 2334 1859 eum
2360 1803 2582 1873 pulchre
2606 1818 2669 1858 ac
2693 1813 2837 1859 recte
2861 1803 3059 1859 dixisse
3080 1803 3266 1871 aiunt;
3296 1820 3498 1876 pauper
3525 1807 3712 1879 loquu.

2121 1905 2207 1951 tns
2238 1904 2353 1960 est,
2380 1903 2436 1950 et
2457 1909 2561 1949 non
2581 1902 2664 1949 est
2686 1893 2840 1950 datus
2863 1894 2913 1950 ei
2943 1893 3128 1961 locus(
3150 1893 3312 1951 Eccli.
3354 1897 3442 1951 15.
3471 1896 3562 1951 27.
3593 1898 3710 1968 28).

2122 1990 2189 2041 At
2233 2002 2336 2041 non
2377 1986 2487 2041 hic.
2524 1985 2706 2058 Neque
2730 1986 2871 2041 enim
2902 1987 2955 2041 in
2981 1985 3082 2041 hac
3106 1987 3343 2043 Ecclesia
3365 2003 3431 2045 ac
3457 1991 3713 2050 concione

2120 2079 2338 2132 stultam
2397 2078 2544 2132 illam
2593 2077 2939 2133 ambitionem
2990 2077 3313 2149 honorisque
3364 2081 3707 2151 cupiditatem

2123 2170 2297 2240 patior
2316 2210 2330 2236 ,
2365 2168 2457 2224 sed
2483 2182 2820 2223 communem
2849 2169 3098 2225 omnibus
3124 2169 3422 2226 doctrinam
3447 2187 3706 2245 propono.

2124 2260 2255 2316 Vide
2296 2261 2531 2316 doctoris
2561 2260 2917 2331 prudentiam,
2945 2260 3213 2330 quomodo
3242 2262 3399 2318 etiam
3430 2272 3713 2334 antequam

2120 2349 2336 2421 incipiat
2362 2353 2673 2406 concionem
2702 2391 2718 2416 ,
2745 2367 2810 2405 ex
2842 2350 2953 2419 ipsa
2989 2351 3104 2406 sola
3125 2350 3403 2407 vocatione
3423 2354 3711 2413 maximum

2118 2443 2375 2498 doctrinae
2396 2442 2665 2498 decretum
2695 2443 2994 2513 protulerit.
3040 2442 3139 2513 Qui
3165 2444 3307 2498 enim
3338 2459 3524 2501 omnes
3551 2446 3707 2503 simul

2120 2534 2368 2600 vocavit,
2417 2549 2590 2604 neque
2620 2534 2769 2588 illum
2816 2532 2941 2588 sivit
2982 2535 3377 2600 intumescere,
3426 2551 3526 2592 nec
3570 2537 3712 2595 hunc

2120 2626 2278 2680 vilem
2321 2634 2376 2681 et
2412 2626 2678 2696 abjcctum
2706 2639 2858 2691 esse,
2892 2623 2985 2680 sed
3032 2624 3304 2691 ostendit,
3353 2641 3453 2683 nec
3495 2627 3711 2686 divitias

2118 2730 2239 2771 esse
2272 2717 2466 2771 bonum
2491 2757 2506 2783 ,
2536 2716 2673 2770 sicut
2714 2729 2813 2771 nec
2853 2723 3216 2790 paupertatem
3246 2717 3441 2771 malum
3462 2757 3480 2783 ,
3524 2719 3619 2775 sed
3648 2736 3709 2775 ea

2120 2824 2240 2865 esse
2268 2825 2663 2881 supervacanea
2689 2818 2744 2864 et
2766 2818 3006 2865 externa.
3034 2810 3209 2878 Quare
3236 2809 3367 2865 nihil
3395 2825 3517 2868 mea
3537 2810 3707 2869 refert

2117 2916 2184 2955 an
2212 2900 2313 2956 hoc
2339 2901 2414 2955 sis
2436 2942 2452 2967 ,
2482 2900 2565 2957 vel
2604 2899 2734 2955 illud
2767 2917 2780 2954 :
2809 2915 2984 2971 neque
3011 2902 3154 2956 enim
3182 2902 3227 2957 si
3254 2902 3327 2957 sis
3353 2902 3525 2971 dives,
3550 2903 3711 2960 video

2121 2992 2217 3050 tibi
2246 2992 2445 3064 aliquid
2488 2993 2779 3059 accedere;
2807 3007 2907 3049 nec
2944 2993 2989 3049 si
3032 2994 3107 3048 sis
3151 3008 3385 3064 panper,
3425 2994 3706 3052 decedere.

2125 3086 2230 3142 Sed
2256 3085 2392 3141 forte
2419 3085 2614 3141 dixerit
2652 3086 2845 3157 aliquis
2874 3104 2888 3141 :
2920 3085 2986 3141 Et
3012 3100 3108 3141 cur
3129 3100 3249 3140 cum
3275 3085 3436 3141 homo
3459 3090 3532 3143 sis
3560 3087 3708 3159 ejus-

2116 3177 2345 3249 demque
2386 3187 2589 3232 natura:
2633 3178 2939 3248 particeps,
2988 3178 3214 3248 teipsum
3254 3180 3384 3234 tanti
3432 3178 3600 3248 facis,
3648 3193 3708 3237 ut

2118 3280 2272 3339 putes
2301 3278 2353 3324 te
2380 3284 2502 3324 esse
2528 3268 2778 3325 idoneum
2801 3269 2948 3324 orbis
2987 3278 3249 3326 terrarum
3277 3272 3586 3343 magistrum
3609 3314 3625 3339 ,
3652 3283 3709 3330 et

2116 3377 2209 3417 eos
2229 3362 2317 3430 qui
2344 3370 2467 3417 sunt
2492 3362 2544 3416 in
2571 3363 2827 3417 extremis
2859 3362 3053 3417 ﬁnibus
3078 3364 3224 3418 orbis
3246 3378 3511 3420 convoces
3531 3366 3555 3420 ἲ
3576 3366 3706 3436 quid

2118 3464 2272 3525 potes
2297 3454 2478 3510 dicere
2508 3454 2649 3526 quod
2670 3456 2742 3510 sit
2762 3464 2908 3509 tanto
2931 3454 3149 3526 dignum
3177 3456 3383 3511 theatro
3405 3456 3428 3510 Ἰ
3452 3457 3699 3524 Possum.

2116 3547 2306 3616 inquit.
2355 3547 2642 3616 Postquam
2668 3547 2811 3601 enim
2852 3548 3065 3606 vocavit.
3086 3547 3273 3602 orbem
3303 3556 3492 3616 terras,
3524 3547 3699 3604 credi-

2116 3639 2277 3694 bilem
2320 3653 2383 3693 ac
2424 3637 2529 3692 [ide
2555 3637 2767 3707 dignam
2798 3636 3027 3692 reddens
3056 3639 3348 3702 orationem
3374 3678 3389 3703 ,
3421 3638 3544 3693 audi
3572 3640 3699 3709 quid

2113 3731 2253 3785 dicat
2280 3749 2294 3784 :
2323 3741 2377 3784 tt.
2430 3729 2499 3783 0s
2522 3745 2685 3783 meum
2731 3728 2957 3800 loquetur
2999 3731 3296 3799 sapientiam
3321 3771 3336 3795 ,
3367 3740 3413 3784 et
3442 3730 3700 3786 meditatio

2111 3823 2276 3876 cordis
2306 3821 2401 3874 mei
2425 3820 2762 3891 prudentiam.
2794 3820 2944 3874 Alius
2965 3860 2980 3886 ,
3011 3818 3074 3872 Et
3098 3819 3379 3873 eantillabit
3408 3836 3494 3875 cor
3519 3837 3686 3875 meum

2112 3916 2452 3988 prudentiam.
2484 3914 2739 3970 Hebraeus
2764 3925 2941 3970 autem
2972 3914 3073 3970 hoc
3109 3914 3239 3969 dixit
3268 3912 3503 3984 Ovagitli.
3536 3915 3698 3972 Vides
3732 3929 3741 3951 ’

2110 4006 2379 4078 quomodo
2421 4006 2599 4063 statim
2640 4006 2824 4061 extulit
2850 4006 3166 4061 orationem.
3214 4004 3331 4060 Non
3365 4006 3573 4073 dicam,
3607 4009 3693 4065 iu-

2108 4100 2243 4169 quit,
2272 4098 2340 4154 de
2362 4099 2618 4169 pecuniis,
2648 4113 2754 4153 non
2784 4098 2850 4153 de
2877 4098 3237 4167 dignitatibus,
3270 4113 3376 4151 non
3402 4097 3471 4154 de
3499 4109 3690 4170 poten-

2107 4194 2215 4260 tia,
2245 4207 2351 4247 non
2393 4192 2460 4247 de
2498 4191 2693 4247 robore
2732 4192 3006 4261 corporis,
3035 4207 3141 4247 non
3178 4191 3246 4247 de
3285 4192 3459 4263 aliqua
3487 4194 3588 4249 alia
3632 4210 3693 4250 re

2106 4284 2246 4340 ﬂuxa
2282 4302 2296 4339 :
2329 4286 2396 4341 de
2424 4285 2682 4355 sapientia
2733 4299 2849 4340 sum
2890 4292 3078 4340 exacte
3118 4284 3374 4351 dicturus,
3420 4303 3540 4357 qua:
3582 4304 3689 4345 non

2107 4388 2306 4434 temere
2352 4379 2482 4433 mihi
2530 4378 2753 4435 accessit
2795 4393 2861 4433 ex
2906 4387 3168 4449 tempore.
3214 4378 3269 4433 5.
3325 4376 3591 4435 lnctinabo
3636 4382 3691 4435 iu

2105 4471 2395 4541 parabolam
2435 4487 2606 4525 aurem
2648 4486 2829 4524 meam.
2873 4470 3021 4525 Alius
3046 4511 3061 4536 ,
3115 4469 3382 4526 Inclinabo
3428 4474 3686 4542 parabole:

2102 4578 2275 4614 aurem
2315 4578 2496 4615 meum.
2551 4560 3019 4627 llebmusldicit,
3065 4560 3306 4617 Lamasal
3352 4563 3589 4633 Aperiunt
3631 4565 3687 4618 in

2102 4652 2339 4724 psalterio
2367 4654 2621 4725 problema
2658 4670 2840 4708 meum.
2872 4654 3041 4720 Alius,
3078 4653 3327 4724 Ai'nigma
3366 4672 3549 4710 meum.
3570 4653 3682 4711 lie-

2100 4746 2275 4801 brazus
2316 4756 2493 4801 autem
2519 4788 2535 4814 ,
2565 4746 2757 4801 Idatlii.
2807 4748 2874 4801 Et
2897 4744 3167 4816 quomodo
3209 4754 3335 4801 sunt
3374 4746 3488 4803 haec
3519 4762 3680 4816 supra

2100 4836 2256 4892 dictis
2293 4838 2714 4908 consequentia?
2742 4838 2843 4892 Pro
2884 4837 3108 4893 doctore
3146 4837 3288 4891 enim
3340 4853 3483 4892 nunc
3524 4837 3682 4893 video

2098 4928 2418 4984 auditorem.
2462 4929 2570 4984 Nos
2597 4930 2737 4983 enim
2767 4929 2964 4983 vocasti
3006 4937 3275 4999 tamquam
3315 4927 3513 4998 aliquid
3552 4928 3677 4983 boni

2097 5029 2153 5073 et
2180 5020 2322 5074 utilis
2349 5019 2656 5085 audituros;
2686 5026 2961 5088 postquam
2988 5029 3164 5074 autem
3193 5034 3379 5074 omnes
3406 5018 3601 5074 adsunt
3624 5031 3679 5075 et

2097 5120 2482 5179 convenerunt,
2539 5119 2594 5166 et
2645 5118 2698 5164 te
2747 5110 2945 5181 aliquid
2997 5110 3211 5164 doctum
3256 5118 3311 5164 et
3355 5109 3675 5179 praeclarum

2094 5204 2359 5258 dicturum
2403 5218 2462 5258 es
2491 5202 2777 5274 pollicitus,
2805 5202 2936 5256 nihil
2968 5202 3142 5257 adhuc
3172 5203 3418 5272 loquutus
3440 5244 3456 5268 ,
3486 5202 3675 5258 relicto

2094 5294 2213 5350 loco
2255 5294 2489 5349 doctoris
2511 5334 2528 5359 ,
2579 5280 2835 5349 auditoris'
2888 5302 3064 5364 partes
3110 5293 3355 5362 suscipis.
3406 5290 3672 5348 Inclinatio

2093 5389 2234 5444 enim
2255 5430 2271 5456 ,
2302 5388 2502 5458 inquit,
2532 5388 2585 5441 in
2613 5386 2905 5458 parabolam
2932 5402 3104 5439 aurem
3134 5402 3314 5439 meam.
3352 5385 3529 5451 Quare
3569 5383 3673 5440 hoc

2092 5482 2253 5537 facit?
2278 5480 2448 5536 Valde
2469 5479 2778 5550 prudenter,
2804 5487 2858 5533 et
2881 5487 3273 5547 consequenter
3300 5475 3364 5530 iis
3392 5491 3511 5546 qua!
3531 5474 3671 5531 dicta

2089 5583 2233 5628 sunt.
2277 5572 2536 5641 Quoniam
2581 5571 2725 5628 enim
2752 5570 2923 5637 dixit,
2960 5569 3168 5640 Loquar
3202 5568 3553 5638 sapientiam,
3606 5580 3674 5621 ne

2089 5666 2207 5736 quis
2226 5666 2557 5720 existimaret
2578 5647 2704 5718 esse.
2723 5662 3010 5717 humanum
3034 5660 3173 5732 quod
3196 5660 3406 5719 dicitur.
3432 5668 3485 5713 et
3505 5656 3672 5712 medi-

2085 5760 2337 5813 tationem
2371 5755 2545 5813 cordis
2565 5795 2580 5825 ,
2611 5771 2677 5811 ne
2701 5754 2919 5811 haberet
2944 5762 3243 5824 suspectam
3269 5753 3381 5823 eius
3410 5751 3673 5809 inventiov
