4114 6278
349 344 460 404 225

350 460 569 529 λέγεται
614 453 840 527 κυρίως.
871 455 1000 510 ὅταν
1044 472 1128 521 τις
1159 448 1253 518 οῦς
1297 451 1434 522 πρὸς
1463 446 1556 515 οῦς
1596 450 1931 521 διαλέγηται,

354 557 650 615 συντείνων
675 572 734 609 τε
771 554 985 618 ἐαυτὸν,
1021 553 1118 607 καὶ
1142 552 1348 606 ἐκεῖνον
1381 548 1617 604 κελεύων
1649 546 1934 620 προσέχειν

353 657 472 720 τοῖς
510 651 843 725 λεγομένοις.
897 650 1299 707 Ἐνωτίσασθε
1321 688 1336 712 ,
1377 644 1598 711 πάντες
1641 646 1692 698 οί
1736 658 1934 696 κατοι-

361 752 614 816 κοῦντες
638 749 751 818 τὴν
771 747 1153 817 οἰκουμένην.
1174 743 1286 798 Kal
1313 743 1367 796 εί
1391 757 1534 804 τινες
1567 739 1668 792 οὐκ
1695 738 1776 800 είς
1805 736 1932 805 ἔθνη

362 846 768 915 καταλέγονται,
794 843 908 898 ἀλλ’
941 842 1046 897 είσὶ
1071 839 1312 913 μιγάδες,
1345 837 1378 910 ἢ
1407 836 1633 907 νομάδες
1670 835 1932 902 διεσπαρ-

365 942 535 1014 μένοι,
567 942 661 996 καὶ
685 941 910 1005 τούτους
935 937 1030 993 ἐπὶ
1068 939 1168 1008 τὴν
1200 936 1463 1009 ἀκρόασιν
1499 931 1668 988 καλῶ.
1699 930 1811 984 Kal
1837 927 1933 982 Θέα

352 1035 572 1092 σύνεσιν
597 1034 912 1108 δημηγόρου
943 1045 992 1088 ⁸.
1015 1031 1237 1105 Πρῶτον
1274 1029 1450 1084 αὐτῶν
1475 1027 1793 1096 διανέστησε
1833 1021 1934 1094 τὴν

357 1133 612 1198 διάνοιαν,
640 1131 734 1186 καὶ
767 1127 1074 1202 μετεώρους
1105 1126 1327 1197 ἐποίησε
1357 1123 1493 1195 πρὸς
1523 1120 1622 1193 τὴν
1648 1119 1931 1192 ἀκρόασιν,

357 1227 436 1298 τῷ
473 1225 678 1291 πάντας
700 1227 897 1298 ἀθρόον
924 1225 1170 1280 καλέσαι.
1192 1219 1324 1276 Εἶτα
1353 1220 1606 1284 καλέσας,
1634 1215 1933 1271 καταστέλ-

355 1322 438 1378 λει
465 1325 558 1379 τὸν
597 1323 768 1392 τῦφον
799 1321 1001 1388 αὐτῶν,
1045 1321 1133 1376 ῐνα
1168 1319 1243 1391 μὴ
1281 1317 1364 1389 τῷ
1393 1315 1587 1387 πλήθει
1621 1315 1758 1385 πρὸς
1793 1313 1933 1367 ἀπό-

358 1449 508 1488 νοιαν
559 1427 842 1500 αἴρωνται.
893 1425 1163 1481 Τοιούτων
1207 1425 1316 1496 γὰρ
1367 1422 1601 1496 μάλιστα
1649 1419 1933 1492 ἀκροατῶν

358 1527 540 1601 χρεία,
569 1527 698 1580 ὅταν
740 1522 1002 1594 φιλόσοφά
1026 1538 1108 1584 τις
1142 1520 1310 1593 μέλλῃ
1340 1515 1669 1588 φθέγγεσθαι
1697 1515 1931 1586 ῥήματα.

361 1619 834 1694 συντετριμμένων
854 1659 868 1685 ,
909 1619 1003 1672 καὶ
1039 1613 1515 1686 κατεσταλμένων,
1551 1611 1808 1674 ἀπονοίας
1843 1612 1937 1664 καὶ

361 1720 680 1792 φυσήματος
702 1715 1153 1788 ἀπηλλαγμένων.
1173 1713 1297 1776 Πῶς
1316 1707 1408 1766 οῦν
1427 1708 1606 1765 αὐτῶν
1628 1706 1937 1762 κατέστειλε

360 1816 462 1889 τὴν
497 1816 773 1879 διάνοιαν;
810 1813 1150 1883 ’Δναμνήσας
1175 1810 1274 1881 τῆς
1315 1807 1548 1879 φύσεως.
1581 1804 1765 1862 Εἰπὼν
1805 1796 1936 1874 γὰρ,

335 1910 548 1977 Ἔθνη,
582 1909 884 1979 ἐπήγαγεν·
919 1908 988 1961 Οί
1025 1924 1090 1962 τε
1130 1909 1408 1979 γηγενεῖς
1435 1909 1534 1965 καί
1563 1913 1619 1966 οί
1656 1909 1775 1967 υἱοί
1806 1911 1928 1966 τῶν

337 2004 682 2075 ἀνθρώπων.
715 2000 849 2059 Εἷπε
876 2004 976 2077 τὴν
1003 2005 1211 2071 οὐσίαν,
1237 2007 1296 2074 ἐξ
1316 2002 1383 2080 ἧς
1417 2008 1450 2078 ἡ
1482 2008 1625 2081 ἀρχὴ
1655 2008 1753 2080 τῆς
1774 2011 1928 2080 γενέ-

341 2121 479 2167 σεως
511 2105 544 2174 ή
554 2103 692 2173 μῶν,
715 2102 988 2174 ἀνέμνησε
1011 2102 1110 2174 τῆς
1135 2103 1314 2175 κοινῆς
1351 2105 1610 2160 ἀπάντων
1636 2105 1791 2178 ήμῶν
1818 2123 1928 2176 μη-

340 2199 485 2270 τρός.
503 2199 612 2253 Kal
628 2199 772 2261 τίνος
796 2199 982 2253 ἕνεκεν
1003 2194 1179 2266 εἷπεν,
1211 2203 1276 2255 Ol
1295 2199 1414 2255 υίοὶ
1433 2197 1552 2254 τῶν
1573 2200 1931 2268 ἁνθρώπων;

345 2295 563 2367 Ἐπειδὴ
604 2289 748 2361 εἷπε,
793 2296 1116 2365 Γηγενεῖς,
1167 2298 1255 2352 ἵνα
1299 2299 1372 2370 μή
1419 2315 1504 2363 τις
1546 2297 1744 2371 νομίσῃ
1793 2298 1935 2353 κατά

342 2394 468 2459 τοὺς
498 2393 604 2461 ἔξω
651 2393 1000 2465 μυθολόγους,
1029 2394 1138 2456 ἀπὸ
1166 2394 1271 2467 γῆς
1315 2397 1374 2462 ἐξ
1408 2397 1585 2468 ἀρχῆς
1633 2395 1935 2465 βλαστῆσαι

343 2494 471 2557 τοὺς
501 2491 841 2566 ἀνθρώπους,
863 2493 1116 2566 καθάπερ
1139 2494 1283 2559 τινές
1301 2494 1732 2566 ἐμυθολόγησαν,
1763 2511 1937 2564 σπαρ-

346 2589 474 2654 τούς
519 2607 673 2654 τινας
713 2590 1121 2661 ἐπεισάγοντες,
1173 2590 1263 2646 διὰ
1308 2591 1468 2646 τοῦτο
1515 2593 1824 2663 ἐπήγαγεν·
1871 2593 1936 2645 Ol

348 2690 467 2746 vloI
499 2689 620 2746 τῶν
654 2688 1003 2758 ἀνθρώπων.
1027 2691 1273 2764 Πατέρες
1300 2690 1408 2762 γὰρ
1436 2691 1564 2762 ὑμῖν
1601 2691 1738 2745 εἰσιν
1765 2691 1818 2745 οἱ
1847 2690 1940 2744 ἀν-

353 2791 595 2862 Θρωποι,
627 2787 774 2862 ἀρχὴ
809 2788 866 2842 δέ
909 2789 1038 2861 ύμῖν
1075 2789 1349 2854 κάκείνοις
1393 2789 1656 2858 γενέσεως
1688 2790 1723 2860 ή
1748 2788 1844 2859 γῆ.
1882 2788 1942 2842 Τί

357 2885 537 2941 τοίνυν
571 2888 1080 2956 ὑπερηφανεύεται
1110 2885 1188 2956 γῆ
1229 2885 1328 2940 καί
1362 2885 1630 2952 σποδός;
1659 2884 1943 2955 Ἐννόησόν

367 2995 460 3032 σου
489 2977 588 3048 τὴν
614 2980 841 3051 μητέρα,
868 2979 962 3034 καὶ
985 2978 1336 3033 κατάστειλον
1357 2981 1448 3034 τὸν
1475 2978 1664 3049 τῦφον·
1699 2979 1946 3034 καταπά-

365 3086 531 3140 τησον
555 3070 614 3124 τὸ
637 3071 905 3144 φρόνημα·
932 3072 1345 3142 έννόησον,”οτι
1368 3071 1446 3142 τῆ
1473 3068 1546 3137 εἶ,
1578 3071 1680 3126 καί
1707 3073 1796 3138 είς
1825 3070 1946 3142 γῆν

364 3161 698 3229 ἀπελεύσῃ,
723 3165 817 3216 καὶ
844 3165 1025 3218 πᾶσαν
1048 3162 1306 3218 ἀπόνοιαν
1329 3163 1545 3218 ἔκϐαλε.
1563 3163 1817 3218 Τοιούτου
1841 3161 1950 3234 γάρ

364 3253 637 3324 ἀκροατοῦ
658 3253 868 3324 δέομαι.
892 3254 992 3308 Διὰ
1005 3254 1162 3309 τοῦτό
1182 3272 1242 3308 σε
1264 3254 1620 3325 περιστέλλω,
1647 3254 1733 3308 ἵνα
1753 3271 1812 3307 σε
1835 3257 1953 3307 ἐπι-

365 3345 578 3416 τήδειον
606 3345 758 3400 λάϐω
787 3347 924 3417 πρὸς
945 3346 1044 3418 τὴν
1071 3347 1177 3402 τῶν
1202 3345 1508 3416 λεγομένων
1533 3345 1950 3418 ύποδοχήν.Ἐπῑ

371 3437 438 3492 τὸ
453 3435 602 3492 αὐτὸ
623 3437 923 3504 πλούσιος
942 3438 1038 3492 καὶ
1053 3440 1261 3506 πένης.
1276 3433 1431 3501 Εἶδες
1453 3437 1776 3506 Ἐκκλησίας
1794 3435 1955 3507 εὐγέ-

363 3544 537 3585 νειαν.
557 3528 684 3593 Πῶς
708 3528 817 3599 γὰρ
841 3528 939 3582 οὐκ
965 3527 1260 3595 εὐγένειαν,
1281 3528 1407 3581 ὅταν
1433 3528 1508 3598 μὴ
1537 3531 1646 3591 τοῖς
1671 3527 1944 3598 ἀξιώμασι

363 3625 583 3698 διείργῃ
609 3625 701 3679 τὸν
741 3625 1036 3697 ἀκροατὴν,
1066 3624 1179 3678 ἀλλ’
1207 3624 1266 3689 ἐξ
1302 3624 1416 3677 ἴσου
1461 3623 1559 3694 τῆς
1600 3623 1946 3687 διδασκαλίας

362 3723 430 3777 τὺ
453 3724 562 3776 πᾶν
588 3723 909 3794 προχέηται,
931 3721 1121 3793 καὶτῷ
1144 3721 1381 3792 πλουσίῳ
1403 3721 1497 3776 καὶ
1518 3722 1596 3792 τῷ
1620 3721 1812 3792 πένητι
1835 3739 1948 3775 κοι-

364 3818 462 3890 νὴν
483 3819 698 3891 παρέχῃ
716 3819 817 3890 τὴν
830 3819 1138 3891 τράπεζαν;
1163 3819 1379 3892 Ἐπειδὴ
1394 3819 1502 3890 γὰρ
1519 3816 1639 3873 εἷπε
1657 3819 1719 3873 τὸ
1740 3820 1944 3884 πάντας

365 3913 546 3979 ἐνοῦν,
579 3913 640 3967 τὸ
680 3916 928 3985 γηγενεῖς
969 3908 1128 3981 εἶναι,
1150 3914 1246 3968 καὶ
1283 3915 1434 3977 υἱοὺς
1485 3914 1594 3968 τῶν
1622 3913 1943 3986 ἀνθρώπων,

367 4011 462 4066 καὶ
480 4010 541 4063 τὸ
565 4011 744 4064 κοινὸν
769 4011 868 4082 τῆς
895 4011 1109 4082 φύσεως
1135 4011 1301 4078 ἔδειξε
1325 4029 1340 4045 ο
1363 4011 1485 4065 τότε
1515 4012 1609 4065 καὶ
1634 4011 1732 4081 τὴν
1753 4012 1818 4065 ἐκ
1839 4011 1946 4065 τῶν

366 4105 642 4178 βιωτικῶν
660 4105 921 4161 δοκοῦσαν
942 4105 1202 4180 διαφοράν
1225 4102 1363 4160 εῖναι
1390 4106 1484 4161 καὶ
1509 4107 1824 4178 ἀνωμαλίαν
1843 4109 1949 4162 είσ-

365 4201 538 4268 άγων,
562 4201 657 4255 καί⁵
679 4202 882 4274 ταύτην
903 4202 1155 4256 ἐκϐάλλει
1173 4201 1250 4274 τῷ
1270 4203 1432 4274 λόγῳ,
1454 4205 1607 4276 κοινῇ
1632 4203 1837 4267 πάντας
1857 4221 1949 4258 xa-

365 4290 473 4350 λῶν
502 4296 676 4367 (κοινὴ
705 4297 812 4368 γὰρ
845 4296 1004 4368 ήμῶν
1031 4300 1065 4369 ή
1097 4297 1301 4368 φύσις),
1337 4301 1490 4370 κοινῇ
1523 4299 1730 4362 πάντας
1765 4297 1943 4351 καλῶ·

365 4393 522 4464 κοινὴ
550 4393 665 4465 γὰρ
686 4393 845 4464 ἡμῶν
869 4393 1023 4457 πόλις
1048 4397 1081 4464 ή
1107 4395 1420 4466 οἰκουμένη.
1455 4395 1594 4448 Ἀλλ’
1615 4396 1946 4466 ἐπενοήσατέ
2028 4427 2033 4432 -

364 4505 490 4542 τινα
519 4487 779 4560 διαφορὰν
817 4488 925 4543 ἀπὸ
972 4487 1200 4542 πλούτου
1234 4491 1328 4542 καὶ
1365 4490 1578 4556 πενίας,
1603 4491 1698 4544 καὶ
1723 4492 1947 4562 ἀνωμα-

369 4581 490 4637 λίαν
517 4583 862 4656 είσηγάγετε.
913 4573 1078 4638 Ἀλλά
1117 4584 1211 4637 καὶ
1245 4584 1448 4654 ταύτην
1481 4585 1726 4642 ἐκϐάλλω
1760 4587 1944 4653 πάλιν,

367 4681 488 4753 οὐχὶ
519 4681 808 4745 πλουσίους
840 4680 939 4751 μέν
986 4681 1365 4752 προσιέμενος,
1395 4683 1632 4753 πένητας
1665 4683 1721 4737 δὲ
1749 4684 1948 4756 ἀτιμά-

368 4777 500 4844 ζων,
531 4777 651 4832 ούδέ
685 4777 922 4848 πένητας
969 4779 1066 4849 μέν
1109 4777 1312 4845 καλῶν,
1347 4777 1635 4844 πλουσίους
1666 4779 1723 4833 δὲ
1754 4781 1948 4836 ἐκϐάλ-

366 4872 504 4940 λων,
550 4872 685 4928 ἀλλά
735 4874 828 4927 καὶ
876 4873 1098 4939 τούτους
1136 4873 1450 4941 κάκείνους,
1496 4874 1591 4929 καὶ
1635 4875 1732 4946 οὐχ
1762 4876 1948 4941 ἁπλῶς

365 4966 591 5032 τούτους
619 4966 773 5041 [205]
803 4969 1108 5034 κάκείνους,
1136 4969 1262 5033 τοὺς
1301 4969 1398 5039 μέν
1426 4969 1695 5042 πρώτους,
1733 4973 1858 5036 τοὺς
1890 4973 1946 5026 δέ

365 5064 662 5137 ὑστέρους,
719 5065 753 5137 ἢ
792 5065 918 5130 τοὺς
961 5066 1059 5136 μέν
1093 5067 1372 5136 ὑστέρους,
1402 5067 1530 5132 τοὺς
1570 5066 1628 5120 δὲ
1660 5067 1942 5139 πρώτους·

361 5162 484 5218 ἀλλ’
511 5162 605 5216 ἐπὶ
641 5162 702 5216 τδ
742 5161 896 5217 αύτό.
945 5160 1133 5226 Κοινὺς
1169 5163 1199 5216 ό
1228 5162 1484 5229 σύλλογος
1523 5163 1683 5231 ἐστω,
1713 5164 1890 5231 κοινὸς
1919 5167 1948 5219 ό

360 5259 545 5328 λόγος.
589 5260 686 5314 καὶ
721 5260 875 5332 κοινὴ
913 5261 948 5332 ὴ
977 5259 1260 5332 ἀκρόασις.
1308 5261 1428 5316 Κᾶν
1476 5261 1732 5325 πλούσιος
1766 5258 1854 5338 ᾖς,
1883 5263 1946 5319 ἐκ

359 5356 462 5412 τοῦ
485 5354 652 5410 αὑτοῦ
673 5356 907 5426 γέγονας
931 5355 1128 5429 πηλοῦ,
1151 5357 1249 5430 τὴν
1269 5357 1438 5430 αὐτὴν
1461 5358 1663 5414 εῑσοδον
1692 5359 1848 5431 ἔσχες
1869 5359 1948 5431 τῷ

359 5451 586 5524 πένητι,
625 5451 724 5524 τὴν
758 5453 926 5526 αὐτὴν
958 5453 1191 5523 γένεσιν.
1240 5455 1352 5509 Kal
1386 5455 1450 5509 σὺ
1480 5455 1768 5528 ἀνθρώπου
1810 5456 1944 5525 υίὸς,

360 5549 644 5612 κάκεῖνος.

426 5737 457 5769 ⁸
477 5735 595 5788 Cod.
622 5736 716 5790 655
734 5739 1234 5808 oévccwuwvn769w,
1259 5742 1435 5807 μᾶλλον
1454 5743 1505 5794 δὲ
1528 5743 1816 5809 δημηγόρου.

1415 331 1776 416 EXPOSITIO
1812 332 1879 388 IN
1917 331 2251 390 PSALMUM
2284 334 2517 392 XLVIII.

3503 345 3612 401 εει

2110 450 2176 520 β’.
2199 451 2368 506 Ὅταν
2383 453 2560 506 τοίνυν
2576 453 2642 508 τά
2677 455 2866 528 καίρια
2896 458 2990 512 καὶ
3018 457 3186 530 κύρια
3205 459 3296 513 ῐσα
3312 456 3490 536 ύμῐνῇ
3518 463 3613 514 καὶ

2034 545 2290 616 όμότιμα,
2327 547 2379 600 τί
2415 548 2502 602 διὰ
2535 549 2634 614 τὰς
2660 553 2816 617 σκιὰς
2850 554 2943 608 καὶ
2969 555 3225 626 ὀνείρατα
3257 555 3482 609 σεαυτὸν
3513 572 3612 624 φυ-

2036 643 2156 714 σᾷς,
2197 645 2262 697 ἐκ
2286 644 2396 698 τῶν
2419 645 2571 699 οὐδὲν
2601 648 2769 701 όντων
2791 649 2856 704 τὸ.
2882 650 3034 704 κοινά
3061 650 3288 722 διαιρῶν
3315 668 3331 715 ;
3363 650 3533 704 Κοινά
3546 655 3613 704 τά

2031 739 2132 808 τῆς
2157 739 2393 806 φύσεως,
2442 743 2596 797 κοινά
2624 745 2693 798 τὰ
2722 747 2822 816 τῆς
2866 747 3151 814 γενέσεως,
3181 747 3249 801 τὰ
3277 746 3378 815 τῆς
3401 745 3608 800 οικειιίν

2036 850 2192 898 σεως.
2234 835 2301 887 Τί
2345 837 2523 891 τοίνυν
2561 839 2658 912 τὴν
2708 840 2906 906 ἔξωθεν
2957 840 3251 914 περιϐολὴν
3297 843 3614 911 ἐπεισάγεις

2034 930 2114 993 είς
2139 931 2454 1004 διαιρέσεως
2495 937 2794 1008 ἀφορμήν;
2835 939 2949 992 Οὐκ
2987 938 3273 1009 ἀνέχομαι.
3325 939 3421 992 Διά
3453 937 3612 992 τοῦτο

2034 1025 2186 1081 καλῶ
2221 1045 2280 1081 σε
2313 1031 2450 1100 μετά
2493 1031 2586 1086 τοῦ
2635 1032 2887 1104 πένητος,
2926 1034 3100 1104 λέγων
3122 1051 3135 1066 ·
3178 1036 3312 1088 Ἐπί
3355 1035 3420 1089 τὸ
3463 1038 3610 1090 αὐτὸ

2034 1125 2331 1190 πλούσιος
2360 1126 2459 1181 καὶ
2488 1127 2696 1195 πένης.
2765 1131 2854 1183 Ἑν
2889 1132 2986 1201 μὲν
3018 1131 3126 1202 γάρ
3155 1135 3268 1194 τοῖς
3302 1131 3480 1194 ἀλλοις
3506 1133 3608 1185 οὐκ

2034 1221 2182 1276 ἐστιν
2211 1223 2338 1276 ίδεῖν
2363 1224 2454 1277 ἐπὶ
2474 1224 2534 1278 τὺ
2557 1226 2685 1279 αὐτὸ
2710 1207 2962 1281 πλούσιον
2992 1229 3085 1282 καὶ
3111 1229 3318 1301 πένητα
3344 1246 3358 1259 ·
3405 1230 3506 1281 οὐκ
3548 1230 3607 1281 ἐν

2034 1318 2429 1388 δικαστηρίοις,
2470 1320 2570 1373 οὐκ
2604 1323 2661 1374 ἐν
2693 1321 2997 1392 βασιλικαῖς
3031 1323 3241 1391 αὐλαῖς,
3281 1325 3380 1378 ούκ
3402 1325 3458 1376 ἐν
3481 1324 3608 1392 ἀγο-

2037 1415 2181 1484 ραῖς,
2211 1414 2310 1467 οὐκ
2340 1415 2397 1467 ἐν
2425 1415 2725 1485 τραπέζαις
2748 1434 2764 1450 ·
2813 1418 2947 1473 ἀλλά
2976 1419 3068 1473 τὸν
3100 1420 3198 1490 μὲν
3245 1422 3302 1473 ἐν
3326 1423 3481 1492 τιμῇ,
3520 1421 3609 1472 τὸν

2034 1503 2090 1556 δὲ
2121 1507 2179 1558 ὲν
2204 1509 2609 1580 καταφρονήσει
2637 1525 2650 1539 ·
2676 1509 2767 1564 τὸν
2791 1510 2890 1582 μὲν
2923 1513 2981 1564 ἐν
3009 1513 3310 1584 παρρησίᾳ,
3344 1511 3435 1564 τὸν
3466 1511 3520 1564 δὲ
3551 1511 3610 1563 ἐν

2037 1598 2266 1674 αἰσχύνῃ
2285 1619 2298 1634 ·
2330 1603 2369 1671 ἡ
2394 1603 2502 1674 γὰρ
2523 1607 2709 1675 σοφία
2736 1607 2841 1662 τοῦ
2863 1607 3122 1676 πένητος
3145 1609 3607 1677 ἐξουθενημένη,

2036 1699 2135 1753 καί
2163 1702 2218 1753 οί
2249 1701 2418 1770 λόγοι
2455 1702 2641 1756 αὐτοῦ
2679 1705 2790 1757 οὐκ
2831 1706 3302 1774 είσακουόμενοι.
3352 1707 3609 1775 Ἐλάλησε

2039 1795 2312 1862 πλούσιος,
2363 1797 2458 1852 καὶ
2506 1798 2830 1853 ἐδικαίωσαν
2872 1800 3062 1855 αὐτόν·
3107 1801 3321 1872 πτωχὸς
3359 1802 3610 1874 ἐλάλησε,

2038 1893 2130 1946 καὶ
2157 1893 2258 1945 οὐκ
2281 1892 2437 1964 ἐδόθη
2483 1892 2631 1965 αὐτῷ
2662 1895 2845 1959 τόπος.
2907 1895 3050 1948 Ἀλλ’
3069 1896 3170 1950 ούκ
3199 1897 3452 1951 ἐνταῦθα.
3477 1899 3612 1952 Ούδέ

2037 1988 2144 2060 γάρ
2177 1989 2268 2042 ἐπὶ
2315 1990 2414 2060 τῆς
2465 1991 2790 2060 Ἐκκλησίας
2835 1993 3100 2064 ἀνέχομαι
3151 1993 3252 2064 τῆς
3297 1995 3613 2062 πλεονεξίας

2038 2086 2131 2137 καὶ
2164 2083 2264 2154 τῆς
2309 2083 2553 2152 ἀλογίας,
2581 2086 2716 2139 ἀλλά
2754 2087 2940 2158 κοινὴν
2984 2088 3154 2142 ἀπασι
3185 2091 3483 2162 προτίθημι
3512 2091 3614 2160 τὴν

2037 2179 2403 2235 διδασκαλίαν.
2431 2181 2572 2252 Ὅρα
2599 2182 2816 2236 σύνεσιν
2843 2183 3190 2249 διδασκάλου,
3223 2187 3340 2251 πῶς
3361 2191 3455 2242 καὶ
3483 2191 3613 2259 πρὶν

2037 2275 2071 2344 ἢ
2105 2275 2204 2346 τῆς
2238 2275 2581 2348 δημηγορίας
2619 2276 2910 2349 ἄρξασθαι,
2951 2280 3060 2333 ἀπὸ
3098 2283 3197 2352 τῆς
3227 2281 3476 2353 κλήσεως
3513 2284 3607 2354 μό-

2039 2389 2136 2444 νης
2166 2372 2422 2444 μέγιστον
2447 2374 2570 2444 ὅρον
2594 2374 2941 2438 διδασκαλίας
2967 2375 3278 2447 ἐξήνεγκεν.
3316 2378 3482 2449 Ὁμοῦ
3504 2380 3613 2451 γὰρ

2039 2469 2250 2533 πάντας
2299 2469 2568 2535 καλέσας,
2611 2467 2737 2522 οὔτε
2789 2472 2996 2524 ἐκεῖνον
3047 2472 3224 2542 ἀφῆκε
3283 2474 3614 2545 φυσηθῆναι,

2039 2562 2164 2616 οὗτε
2193 2562 2381 2617 τοῦτον
2415 2562 2864 2629 ἐξευτελίζεσϐαι,
2905 2564 3024 2619 ἀλλ’
3077 2565 3296 2632 ἔδειξεν,
3323 2568 3403 2622 ὅτι
3431 2569 3549 2622 οὐδὲ
3584 2571 3618 2623 6

2042 2655 2270 2719 πλοῦτος
2298 2655 2484 2714 καλὸν,
2517 2655 2705 2726 ὥσπερ
2734 2657 2854 2709 οὐδὲ
2884 2659 2917 2728 ὴ
2941 2658 3099 2711 πενία
3129 2659 3320 2724 κακὸν,
3350 2660 3487 2713 ἀλλά
3508 2661 3617 2714 τῶν

2042 2745 2314 2818 περιττῶν
2348 2747 2484 2813 ἐστι,
2519 2746 2614 2799 καὶ
2645 2745 2842 2809 ἔξωθεν
2881 2750 3312 2818 προσκειμένων.
3348 2751 3506 2802 Ὥστε
3522 2750 3616 2802 ού-

2041 2841 2129 2895 δέν
2169 2859 2261 2913 μοι
2301 2841 2564 2912 διαφέρει,
2621 2841 2723 2895 κᾶν
2755 2841 2912 2895 τοῦτο
2945 2839 3031 2914 ᾗς,
3091 2844 3195 2898 κάν
3231 2845 3436 2897 ἐκεῖνο·
3495 2844 3618 2898 οὔτε

2041 2937 2151 3010 γὰρ
2181 2927 2438 2991 πλούσιον
2477 2937 2590 3008 όρῶ
2627 2954 2687 2991 σε
2719 2938 2850 2992 ὅντα
2878 2939 3038 2993 πλέον
3068 2939 3230 3009 ἔχειν,
3258 2938 3381 2992 οὕτε
3409 2939 3622 3011 πένητα

2043 3032 2282 3087 ἔλαττον.
2325 3031 2464 3085 Ἀλλ’
2492 3032 2624 3096 ἴσως
2654 3032 2799 3085 είποι
2830 3050 2914 3096 τις
2947 3033 3042 3086 ἀν·
3067 3034 3179 3087 Kal
3211 3033 3263 3087 τί
3297 3034 3496 3106 δήποτε
3526 3037 3637 3089 civ--

2044 3130 2261 3204 θρωπος
2299 3128 2397 3195 ῶν,
2426 3128 2522 3183 καὶ
2546 3129 2646 3199 τῆς
2671 3129 2845 3199 αὐτῆς
2885 3130 3125 3200 μετέχων
3164 3129 3400 3199 φύσεως,
3428 3133 3621 3187 τοσού-

2042 3243 2138 3279 του
2174 3223 2372 3279 σαυτὺν
2407 3222 2601 3288 ἀξιοῖς,
2634 3224 2710 3288 ώς
2742 3224 2984 3295 νομίζειν
3019 3225 3121 3297 τῆς
3152 3226 3476 3300 οἰκουμένης
3503 3231 3626 3282 ἐπι-

2043 3321 2251 3392 τήδειον
2286 3315 2424 3376 εῖναι
2468 3317 3094 3390 γενέσθαιδιδάσκαλον,
3127 3322 3221 3374 καλ⁵
3263 3323 3388 3385 τοὺς
3424 3325 3488 3376 ἐκ
3517 3323 3624 3377 τῶν

2043 3417 2334 3490 τερμάτων
2379 3417 2479 3489 τῆς
2529 3420 2632 3488 γῆς
2678 3415 2998 3486 συγκαλεῖν;
3059 3416 3112 3470 τί
3157 3417 3253 3471 τοῦ
3300 3418 3624 3491 τηλικούτου

2046 3510 2274 3584 θεάτρου
2305 3509 2454 3576 ἀξιον
2478 3512 2617 3584 ἔχων
2647 3513 2850 3579 είπεῖν;
2879 3512 3009 3575 Nal,
3039 3513 3224 3584 φησίν.
3265 3514 3484 3587 Ἐπειδὴ
3514 3516 3625 3588 γάρ

2046 3607 2274 3661 ἐκάλεσε
2297 3608 2395 3678 τὴν
2423 3607 2770 3680 οἰκουμένην,
2793 3609 2962 3664 ποιῶν
2989 3607 3300 3674 ἀξιόπιστον
3327 3612 3418 3664 τὸν
3443 3612 3624 3680 λόγον.

2044 3703 2276 3758 ἄκουσον
2307 3703 2360 3756 τί
2389 3704 2567 3772 λέγει·
2607 3705 2679 3758 Τὸ
2712 3705 2906 3774 στόμα
2931 3722 3052 3774 μου
3078 3706 3342 3776 λαλήσει
3375 3710 3622 3776 σοφίαν,

2047 3797 2146 3851 καί
2171 3797 2210 3865 ή
2241 3800 2466 3868 μελέτη
2513 3797 2624 3866 τῆς
2649 3798 2896 3867 καρδίας
2921 3815 3041 3868 μου
3069 3781 3348 3854 σύνεσιν.
3405 3801 3622 3866 Ἄλλος,

2047 3894 2159 3948 Καὶ
2209 3896 2515 3964 μινυρίσει
2544 3895 2574 3935 ιι
2621 3896 2660 3964 ἠ
2708 3894 2921 3964 καρδία
2957 3912 3076 3964 μου
3121 3896 3398 3952 σύνεσιν.
3461 3897 3518 3951 '0
3565 3899 3624 3953 δέ

2057 3985 2306 4058 Ἐϐραῖος
2331 3988 2551 4056 Οὐαγιθ
2582 3986 2740 4040 τοῦτο
2768 3983 2938 4041 εἶπεν.
2973 3984 3125 4050 Εἶδες
3154 3986 3272 4050 πῶς
3301 3987 3502 4054 εὐθέως
3532 3991 3628 4043 am-

2047 4078 2219 4149 ήγαγε
2243 4077 2333 4130 τὸν
2365 4077 2555 4146 λόγον;
2587 4077 2662 4130 Ού
2695 4077 2822 4148 περί
2845 4079 3140 4150 χρημάτων
3165 4076 3498 4149 διαλέξομαι,
3524 4098 3628 4152 φηο

2053 4164 2159 4226 clv,
2193 4162 2254 4214 οὐ
2299 4162 2429 4232 περὶ
2473 4159 2821 4232 ἀξιωμάτων,
2872 4162 2932 4215 ού
2967 4163 3098 4232 περὶ
3123 4162 3442 4228 δυναστείας
3474 4161 3624 4237 [206]

2047 4255 2106 4308 ού
2144 4254 2274 4326 περὶ
2313 4252 2506 4325 ῥώμης
2548 4252 2825 4324 σώματος,
2860 4254 2935 4333 κού
2982 4255 3112 4326 περὶ
3139 4253 3300 4310 ἄλλου
3347 4244 3494 4319 τινὸς
3517 4256 3628 4310 τῶν

2046 4346 2329 4418 ἐπικήρων
2351 4361 2365 4375 ·
2399 4345 2590 4414 σοφίαν
2620 4343 2796 4416 μέλλω
2819 4343 3000 4414 λέγειν
3030 4345 3170 4415 μετά
3191 4345 3497 4417 ἀκριϐείας,
3526 4349 3627 4419 οὐχ

2049 4437 2233 4502 ἀπλῶς
2261 4439 2326 4491 ἐκ
2371 4437 2464 4490 τοῦ
2501 4437 2843 4509 παραχρῆμα
2887 4435 3220 4490 ἐπελθοῦσάν
3259 4455 3372 4507 μοι.
3427 4439 3628 4492 Κλινῶ

2011 4556 2014 4559 -
2047 4523 2134 4588 είς
2161 4520 2514 4589 παραϐολὴν
2542 4520 2609 4574 τὸ
2642 4515 2754 4586 οὖς
2775 4537 2918 4590 μου.
2963 4519 3178 4586 Ἄλλος,
3206 4519 3410 4575 Κλινῶ
3447 4535 3630 4591 παρα-

2049 4601 2198 4671 ϐολῇ
2223 4601 2291 4656 τὸ
2321 4598 2432 4668 οὖς
2455 4619 2593 4672 μου.
2647 4601 2706 4656 Ὀ
2741 4603 2800 4656 δὲ
2840 4603 3094 4675 Ἐϐραῖος
3115 4603 3411 4673 Λαμασιὶι
3440 4620 3625 4677 φησιν.

2061 4685 2296 4749 Ἀνοίξω
2333 4685 2403 4739 ἐν
2430 4687 2742 4754 ψαλτηρίφ
2772 4685 2838 4739 τό
2885 4685 3202 4755 πρόϐλημά
3226 4705 3368 4756 μου.
3414 4689 3627 4752 Ἄλλος,

2045 4767 2300 4838 Αίνιτμὰ
2335 4785 2475 4837 μου.
2534 4769 2593 4823 '0
2639 4769 2698 4823 δὲ
2751 4769 2999 4842 Ἑϐραῖος
3054 4768 3266 4826 Ἰὃαθεί
3297 4769 3458 4824 τοῦτο
3482 4768 3624 4825 εἷπε.

2049 4861 2161 4914 Kal
2189 4859 2318 4912 ποία
2362 4858 2503 4930 αῦτη
2531 4860 2669 4932 πρὸς
2694 4859 2764 4916 τά
2802 4859 3070 4932 εἰρημένα
3103 4859 3424 4927 άκολουθία;
3483 4860 3630 4913 Ἀντὶ

2108 4994 2242 5061 1>_I_I_ic
2260 4993 2310 5045 in
2331 4996 2503 5046 Morel.
2532 4996 2719 5060 legilur
2747 4997 2962 5061 μηνύσει,
2984 4996 3119 5061 ἱιιῐινιΔ
3135 5009 3253 5046 vero
3273 4996 3356 5061 bis;
3379 4996 3625 5061 μινυρίσει.

2048 5056 2260 5120 Savilius
2283 5065 2448 5107 autem
2491 5054 2775 5108 conitanle'r
2803 5054 2963 5107 habet
3005 5058 3219 5120 μηνύσει.
3265 5057 3315 5105 Si
3340 5054 3631 5120 igitur'_ele-

2048 5131 2158 5167 mus
2203 5119 2407 5169 lectioni
2449 5120 2640 5178 Savilii,
2680 5127 2735 5168 et
2782 5120 2862 5168 hic
2910 5125 2965 5168 et
3007 5117 3133 5168 inm
3187 5119 3333 5167 unius
3367 5117 3631 5176 "ejusdem-

2048 5192 2158 5243 que_
2187 5178 2476 5243 interpretis
2511 5181 2905 5243 Iec‘tiqAaii'ertur
2946 5194 2958 5222 :
2985 5194 3142 5243 νικαφ-
3172 5179 3436 5243 utrobique
3484 5179 3631 5240 μηνύ-

2049 5239 2348 5304 σειιεεὶῑυιί,
2370 5241 2536 5302 idest,
2578 5239 3028 5291 indicabit:lectio
3053 5239 3293 5289 Hebraica
3349 5244 3424 5287 est
3480 5239 3666 5298 num.

2047 5324 2192 5374 quam
2217 5312 2358 5362 sicin
2377 5312 2614 5373 Hexaplis
2636 5321 2922 5373 expressam
2945 5309 3099 5359 refert
3122 5311 3494 5370 Cbrysoslomus
3516 5308 3632 5356 ούαο

2023 5383 2410 5445 «τίαωυιειοπ
2455 5382 2503 5430 in
2526 5381 2566 5440 τ,
2597 5387 2654 5445 ut
2688 5393 2821 5445 saepe
2863 5377 3199 5445 contingebat.
3240 5380 3313 5445 {At
3347 5375 3515 5445 hiare].
3552 5377 3631 5426 hic

2051 5439 2266 5506 μηνύσει,
2309 5441 2433 5506 ἱππ-ᾳ
2473 5439 2887 5506 μινυρίσειμῆοδθι
2909 5439 3124 5506 gAvixque
3145 5439 3445 5506 crediderim
3466 5445 3627 5506 tamet!

2048 5499 2162 5554 εσσε
2184 5499 2391 5553 duorum
2411 5499 3135 5564 interm-elationem_divelf$am
3153 5519 3178 5564 γε,
3196 5501 3284 5564 sed
3305 5502 3528 5564 eamdem
3568 5499 3631 5548 ob

2049 5565 2425 5614 similitudinem
2452 5560 2621 5612 vocum
2644 5563 2704 5612 ah
2727 5562 2975 5624 aliquibus
2998 5560 3210 5610 librariis
3231 5562 3450 5611 vitiatam
3472 5562 3631 5624 fuisse

2051 5628 2347 5688 putaverim.
2374 5624 2537 5688 Malim
2575 5630 2746 5688 autem
2779 5623 3078 5688 pbsli-emam
3100 5624 3363 5688 lectionem
3385 5623 3632 5688 retinere,

2047 5683 2161 5749 Qui:
2206 5687 2398 5737 facilius
2420 5683 2798 5749 iibrariivqcem
2838 5683 3382 5749 agitatior-emunvﬁou,
3415 5698 3502 5747 pro
3534 5683 3627 5734 alia

2051 5745 2445 5812 infrequentiam
2471 5745 2722 5815 μινυρίσει,
2739 5746 2978 5798 mendose
3004 5745 3368 5798 substitueriut.
