4086 6268
456 405 555 463 2.1

459 513 707 577 indutos;
737 523 940 584 patrem
969 516 1144 562 autem
1187 514 1277 559 aut
1320 512 1544 558 matrem
1572 500 1886 556 contumelia
1910 499 2030 552 affi-

456 621 580 661 cere
628 605 759 661 nihil
786 617 905 659 esse
947 597 1290 661 existimant;
1324 605 1378 649 et
1421 593 1473 647 in
1505 594 1677 663 ignem
1725 590 2035 661 quidemet

461 700 705 753 lucernas
744 693 992 748 ardentes
1022 688 1272 750 insiliunt,
1301 683 1552 753 strepitus
1573 692 1748 736 autem
1777 679 2035 750 quosdam

464 788 682 842 minime
700 782 962 839 timendos
978 780 1333 834 extimescunt
1357 793 1371 828 :
1394 773 1491 829 viri
1513 782 1685 826 autem
1704 770 1832 825 nihil
1847 772 2035 823 horum

461 886 671 934 curant.
696 875 832 943 Quia
861 885 987 941 ergo
1012 868 1164 924 multi
1195 875 1318 920 sunt
1351 863 1537 934 pueris
1566 861 1855 924 stultiores,
1877 856 2038 912 tradit

464 968 602 1023 hanc
628 963 1041 1023 distinctionem,
1061 968 1117 1013 et
1139 958 1265 1011 dicit
1291 968 1531 1025 quaenam
1562 951 1747 1005 timere
1772 954 2033 1017 oporteat,

465 1077 569 1117 non
595 1074 660 1114 ea
688 1072 807 1127 quae
851 1054 1027 1109 multis
1054 1048 1300 1105 videntur
1344 1043 1623 1107 terribilia,
1674 1046 2036 1110 paupertatem

466 1151 610 1216 dico,
642 1145 1002 1219 ignominiam,
1028 1149 1082 1197 et
1128 1139 1372 1195 morbum
1403 1135 1561 1208 (haec
1601 1132 1742 1188 enim
1773 1145 1879 1184 non
1918 1134 2042 1182 sunt

467 1241 640 1296 solum
670 1238 849 1292 multis
872 1232 1150 1299 terribilia,
1184 1229 1278 1285 sed
1302 1229 1461 1283 etiam
1489 1225 1715 1280 molesta
1744 1231 1796 1276 et
1824 1219 1999 1290 gravia
2023 1234 2038 1284 ;

466 1341 519 1386 at
546 1330 677 1385 nihil
703 1328 888 1382 horum
915 1325 1017 1380 tale
1036 1338 1155 1378 esse
1180 1320 1406 1389 statuit),
1432 1316 1529 1372 sed
1553 1317 1721 1370 solum
1747 1320 2042 1384 peccatum:

471 1423 573 1477 hoc
599 1420 738 1475 enim
766 1417 866 1473 sihi
889 1416 998 1470 vult
1023 1412 1173 1477 illud,
1203 1410 1453 1480 Iniquitar
1474 1405 1696 1461 calcanei
1720 1403 1816 1456 mei
1835 1402 2048 1454 cireum-

468 1512 607 1566 dabit
651 1526 748 1564 me.
787 1508 901 1562 Hoc
927 1515 1009 1560 est
1051 1519 1177 1573 ergo
1221 1501 1391 1557 oratio
1434 1495 1784 1567 :enigmatica,
1827 1491 1929 1546 hoc
1964 1497 2048 1545 est

471 1618 640 1662 novus
670 1612 852 1669 tropus
879 1607 933 1652 et
971 1591 1318 1650 admirabilis.
1351 1588 1519 1643 Valde
1561 1585 1702 1640 enim
1749 1597 1940 1636 novum
1966 1579 2047 1632 vi-

473 1695 627 1749 detur
647 1706 771 1747 esse
810 1688 990 1743 multis
1014 1695 1067 1741 et
1092 1681 1402 1739 admirabile
1440 1678 1638 1743 dicere,
1671 1690 1776 1729 non
1805 1679 2050 1742 oportere

474 1784 761 1854 quidquam
810 1780 996 1832 timere
1040 1788 1223 1830 eorum
1252 1786 1372 1841 qua:
1418 1767 1619 1823 suntin
1644 1767 1747 1820 vita
1792 1763 1969 1834 gravia
1998 1769 2052 1816 et

473 1852 717 1929 molesta.
767 1867 904 1935 Quid
946 1880 1076 1935 ergo
1135 1862 1349 1927 timebo,
1401 1859 1590 1929 inquit.
1640 1858 1693 1911 in
1740 1855 1828 1910 die
1870 1852 2050 1908 mala?

477 1965 653 2020 Unum
678 1969 906 2023 tantum,
930 1973 996 2012 ne
1021 1956 1161 2011 forte
1191 1954 1289 2008 vim
1315 1967 1448 2006 mea:
1476 1958 1531 2005 et
1557 1949 1677 2003 vita:
1701 1945 1947 2016 iniquitas
1968 1958 2052 1999 me

476 2052 790 2109 circumdet.
838 2048 987 2105 Solet
1029 2045 1301 2113 Scriptura
1361 2039 1599 2096 fraudem
1641 2051 1832 2092 vocare
1877 2033 2052 2089 calca-

479 2160 635 2201 neum
670 2161 683 2196 :
718 2142 818 2208 Qui
838 2140 1014 2193 edebat
1037 2136 1200 2198 enim,
1227 2132 1412 2202 inquit,
1440 2145 1634 2184 mecum
1659 2142 1858 2198 panem,
1888 2133 2054 2178 rustie-

478 2237 613 2291 litin
650 2250 728 2287 me
763 2232 1051 2285 calcaneum
1076 2224 1247 2297 (Prol.
1291 2223 1380 2278 ιο.
1428 2219 1537 2293 10).
1582 2220 1647 2273 Ει
1687 2218 1829 2272 Esaii
1869 2226 2054 2268 rursus

478 2328 691 2384 dicebat
712 2324 778 2379 dc
804 2321 968 2378 Jacob
1000 2337 1015 2374 :
1046 2318 1166 2372 lam
1191 2314 1407 2371 secundo
1432 2329 1510 2366 me
1536 2307 1875 2380 supplantavit
1901 2304 2051 2375 (Gen.

478 2419 567 2474 27.
597 2416 712 2486 36).
762 2414 861 2480 Est
883 2412 1023 2466 enim
1070 2416 1345 2479 peccatum
1386 2419 1475 2459 res
1516 2399 1795 2472 ejusmodi,
1840 2396 2057 2451 fraudu-

481 2510 644 2570 lenta,
696 2512 755 2559 et
798 2513 919 2573 apta
963 2500 1030 2555 ad
1074 2495 1456 2567 arripiendum.
1487 2494 1619 2559 lloc,
1652 2491 1840 2561 inquit,
1870 2501 2057 2543 vereor

487 2606 757 2669 peccatum
784 2593 926 2664 quod
958 2606 1043 2646 me
1070 2590 1288 2660 decipit,
1316 2587 1454 2657 quod
1493 2600 1579 2639 me
1602 2582 1915 2639 circumdat.

554 2689 609 2741 ι.
640 2685 707 2739 Et
729 2684 845 2737 ideo
863 2681 1057 2736 Paulus
1079 2680 1129 2733 id
1153 2686 1301 2732 vocat
1322 2675 1716 2731 circumsistens
1757 2669 1943 2741 (Hebr.
1968 2666 2057 2722 12.

485 2781 562 2848 1),
577 2777 895 2847 significans,
912 2773 961 2827 id
975 2772 1113 2844 quod
1129 2772 1397 2836 continue,
1412 2767 1553 2837 quod
1569 2767 1743 2832 facile,
1759 2763 1899 2835 quod
1915 2762 2060 2819 nullo

453 2936 456 2940 Α
486 2870 651 2925 ambit
679 2878 732 2923 et
753 2864 1045 2922 circumdat
1072 2863 1301 2934 negotio.
1330 2863 1385 2915 ln
1409 2860 1493 2915 his
1511 2874 1638 2928 ergo
1663 2857 1871 2927 judiciis
1896 2854 2062 2909 multa

487 2964 677 3016 timent
706 2958 970 3024 homines,
995 2967 1050 3009 et
1073 2955 1179 3008 vim
1206 2968 1385 3022 opum,
1416 2960 1470 3006 et
1498 2949 1808 3019 potentiam,
1839 2954 1893 3001 et
1920 2944 2062 3014 inju-

488 3056 649 3120 riam,
676 3062 729 3106 et
753 3048 992 3105 fraudem
1026 3062 1040 3098 :
1070 3045 1178 3098 illic
1198 3054 1371 3098 autem
1403 3040 1533 3095 nihil
1553 3048 1635 3095 est
1659 3035 1940 3106 ejusmodi,
1968 3034 2065 3089 sed

490 3152 764 3214 peccatum
804 3139 979 3193 solum
1022 3145 1104 3190 est
1132 3133 1388 3198 terribile,
1430 3130 1568 3201 quod
1609 3128 1842 3198 undique
1879 3127 2066 3181 circuit

488 3250 585 3288 eos
625 3235 713 3302 qui
763 3230 1060 3299 capiuntur,
1109 3223 1321 3295 gravius
1367 3236 1524 3293 quam
1566 3220 1738 3290 quivis
1780 3218 2063 3273 exercitus.

490 3325 625 3379 Sunt
665 3337 794 3390 ergo
820 3319 995 3374 omnia
1036 3315 1259 3386 agenda,
1289 3322 1345 3367 ut
1374 3327 1480 3366 non
1506 3310 1572 3366 ab
1615 3310 1729 3379 ipso
1770 3307 2065 3362 circumde-

493 3428 648 3475 mur;
676 3421 953 3480 postquam
975 3415 1149 3459 autem
1171 3404 1455 3459 viderimus
1483 3400 1531 3455 id
1552 3414 1651 3455 nos
1676 3397 1813 3454 velle
1830 3411 2071 3465 compre-

497 3500 753 3562 hendere,
785 3505 995 3568 oportet
1036 3494 1151 3563 ejus
1198 3490 1504 3546 occasiones
1543 3489 1741 3559 fugere,
1774 3496 1830 3541 ut
1878 3485 2072 3539 faciunt

497 3592 693 3662 egregii
724 3589 919 3644 milites
951 3604 965 3639 :
998 3584 1137 3655 quod
1163 3585 1207 3639 si
1234 3585 1392 3638 etiam
1435 3582 1571 3651 capti
1602 3580 1876 3644 fuerimus,
1907 3592 2070 3647 opor-

497 3696 571 3742 tet
612 3684 663 3739 id
690 3682 935 3738 celeriter
980 3677 1303 3742 rescindere,
1335 3672 1776 3745 quemadmodum
1820 3670 1944 3725 fecit
1969 3670 2073 3723 Da-

496 3777 606 3844 vid,
641 3776 729 3845 qui
763 3789 857 3844 per
886 3770 1246 3842 paenitentiam
1273 3767 1412 3822 vires
1437 3766 1552 3836 ejus
1579 3763 1800 3819 abscidit
1828 3763 1904 3833 (2.
1939 3761 2069 3831 Reg.

501 3870 587 3926 t2.
622 3869 735 3937 i3).
762 3864 883 3919 Fuit
906 3863 1048 3918 enim
1090 3860 1158 3915 ab
1186 3875 1250 3915 eo
1270 3857 1648 3924 circumdatus,
1679 3854 1772 3911 sed
1803 3853 1853 3908 id
1897 3852 2074 3907 statim

500 3960 699 4031 effugit.
727 3958 827 4026 Qui
853 3955 956 4010 hoc
981 3952 1232 4017 timuerit,
1255 3950 1383 4005 nihil
1403 3948 1547 4004 aliud
1571 3961 1820 4016 umquam
1849 3942 2072 4006 timebit,

502 4052 598 4108 sed
644 4048 885 4105 irridebit
932 4060 994 4099 ea
1022 4058 1139 4113 qua:
1188 4043 1240 4096 in
1271 4040 1519 4111 prmsenti
1558 4039 1663 4093 vita
1693 4038 1831 4092 bona
1857 4044 1996 4101 sunt,
2025 4041 2078 4088 et

502 4159 623 4213 quae
649 4141 871 4196 molesta
915 4144 1038 4191 sunt
1076 4140 1400 4193 contemnet,
1430 4145 1548 4185 cum
1584 4129 1731 4184 solus
1777 4128 1865 4182 ille
1906 4135 2077 4180 metus

504 4235 618 4304 ejus
644 4240 875 4287 mentem
919 4227 1100 4298 agitet.
1131 4223 1271 4279 Nihil
1295 4223 1458 4286 enim,
1490 4222 1619 4276 nihil
1658 4229 1801 4275 certe
1828 4217 1968 4272 aliud
1999 4224 2081 4270 est

506 4326 557 4379 ei
590 4321 939 4383 formidabile,
986 4317 1076 4387 qui
1115 4313 1327 4369 esthoc
1372 4315 1561 4367 timore
1604 4310 1854 4379 praeditus
1884 4325 1897 4359 :
1925 4315 2081 4374 atque

506 4415 710 4469 adeone
754 4413 867 4481 ipsa
902 4409 1116 4479 quidem
1142 4420 1311 4469 mors,
1338 4392 1455 4473 qua:
1485 4410 1567 4456 est
1589 4410 1746 4471 caput
1770 4413 1949 4453 rerum
1979 4406 2083 4451 ter-

509 4505 761 4567 ribilium,
789 4501 892 4556 nisi
928 4500 1030 4553 hoc
1058 4512 1218 4552 unum
1245 4495 1433 4551 solum.
1480 4489 1798 4560 Quomodo?
1823 4488 2081 4557 Qu0niam

513 4594 672 4650 tradit
708 4593 985 4663 gehennae,
1011 4588 1257 4659 quoniam
1309 4584 1621 4639 transmittit
1663 4582 1728 4637 ad
1769 4579 2083 4635 immortalia

512 4685 785 4753 supplicia.
816 4680 873 4736 Si
915 4679 1031 4748 quis
1059 4690 1242 4732 rursus
1269 4675 1321 4728 in
1361 4690 1427 4728 eo
1457 4688 1513 4728 se
1542 4681 1684 4728 recte
1721 4670 1966 4741 gesserit,
1998 4668 2080 4722 in-

515 4776 659 4830 ducit
683 4785 897 4827 omnem
928 4770 1191 4822 virtutem.
1233 4764 1417 4835 Cogita
1447 4765 1590 4818 enim
1619 4772 1812 4832 quanta
1854 4775 1939 4816 res
1981 4760 2083 4826 sit,

514 4882 615 4923 nec
654 4863 808 4918 bonis
849 4858 1007 4916 rebus
1047 4857 1427 4920 intumescere,
1456 4868 1555 4908 nec
1582 4853 1818 4908 molestis
1854 4851 2087 4906 animum

516 4954 816 5017 demittere,
842 4947 1181 5020 prtesentium
1199 4944 1392 4999 nullam
1416 4943 1673 4997 rationem
1686 4942 1899 5011 ducere,
1916 4940 2088 4996 futura

517 5047 808 5112 rcapicere,
840 5041 979 5096 diem
1022 5038 1170 5093 illum
1198 5043 1526 5105 exspectare,
1560 5033 1614 5087 in
1642 5033 1730 5086 tali
1775 5039 1917 5085 metu
1958 5031 2092 5084 assi-

519 5142 623 5195 due
637 5136 860 5195 versari.
890 5133 992 5200 Qui
1016 5132 1134 5190 talis
1158 5138 1257 5196 est,
1282 5129 1385 5184 erit
1409 5127 1648 5197 angelus,
1675 5125 1763 5195 qui
1797 5122 1901 5178 hoc
1922 5123 2093 5177 solum

474 5300 475 5303 η
523 5233 759 5290 timuerit
786 5236 840 5284 et
880 5226 1008 5281 nihil
1054 5221 1234 5277 aliud:
1268 5219 1399 5275 nihil
1442 5218 1583 5272 enim
1613 5214 1753 5270 aliud
1797 5213 2021 5278 timebit,
2049 5213 2094 5266 si

523 5328 627 5383 hoc
650 5338 814 5378 unum
836 5317 1070 5375 timuerit
1090 5323 1147 5369 ut
1170 5313 1353 5367 timere
1378 5318 1586 5379 oportet
1613 5325 1626 5361 :
1654 5304 2095 5377 quemadmodum

523 5418 613 5486 qui
640 5430 744 5470 non
788 5412 891 5466 hoc
920 5406 1173 5471 timuerit,
1198 5404 1241 5460 is
1266 5403 1367 5458 erit
1392 5400 1651 5456 obnoxius
1676 5398 1854 5453 multis
1882 5397 2096 5451 terrori-

528 5510 647 5563 bus.
679 5508 732 5561 7.
782 5504 879 5571 Qui
921 5501 1180 5570 conﬁdunt
1207 5498 1260 5551 in
1288 5497 1464 5549 virtute
1490 5510 1582 5548 sua
1614 5501 1659 5547 et
1700 5492 1753 5546 in
1782 5490 2100 5545 multitudine

533 5596 817 5654 divitiarum
855 5607 1060 5646 suarum
1097 5589 1399 5660 gloriantur.
1427 5585 1600 5650 Alius,
1644 5581 2015 5654 Superbientes.
2043 5579 2096 5634 8.

537 5685 720 5741 Frater
741 5698 838 5735 non
862 5681 1079 5743 redimit,
1109 5680 1313 5732 redimet
1339 5674 1527 5729 homo?
1550 5672 1669 5727 Non
1698 5672 1834 5727 dabit
1865 5667 1969 5725 Deo
1989 5670 2102 5737 pla-

538 5778 782 5831 cationem
811 5787 971 5840 suam,
999 5770 1051 5825 9.
1082 5779 1127 5823 et
1147 5770 1358 5840 pretium
1387 5765 1735 5837 redemptionis
1758 5763 1941 5817 anima
1975 5776 2098 5817 ua.

1143 396 1199 451 S.
1239 392 1515 449 JOANNlS
1549 386 2015 451 ριξειῖδυετοιιι
2053 384 2369 443 ARClllEi’.
2412 384 2949 442 CONSTANTINOP.

3614 384 3719 439 ηδ

2142 498 2208 553 Et
2244 515 2488 570 quaenam
2517 509 2599 554 est
2628 500 2741 553 haec
2764 498 3190 568 consequentia?
3214 497 3409 553 dixerit
3436 497 3720 568 quispiam.

2141 591 2390 656 Pulchra,
2421 601 2476 645 et
2500 601 2644 645 recte
2664 591 2961 655 conterens,
2989 598 3044 644 et
3068 604 3390 659 magnopere
3414 588 3725 658 dependens

2141 697 2169 734 a
2194 682 2477 752 prioribus.
2514 682 2649 750 Quia
2678 684 2820 737 enim
2861 682 3175 749 loquebatur
3212 683 3280 737 de
3313 680 3534 751 judicio,
3576 690 3634 736 et
3656 681 3726 737 de

2144 772 2229 826 illa
2277 773 2495 827 terribili
2539 773 2807 827 reddenda
2856 773 3081 837 ratione,
3114 770 3262 827 etde
3300 772 3567 826 sententia
3605 786 3726 841 quae

2144 864 2410 932 corrumpi
2434 879 2539 918 non
2563 873 2735 931 potest
2765 882 2780 917 :
2808 864 2962 919 multi
2987 871 3165 918 autem
3188 864 3241 918 in
3272 864 3337 918 iis
3358 878 3479 934 qua:
3498 861 3586 919 hic
3603 872 3733 919 sunt

2142 951 2376 1020 judiciis,
2400 952 2663 1021 judicibus
2689 954 2901 1023 emptis,
2927 954 3013 1022 jus
3041 963 3410 1023 corruperunt,
3430 963 3485 1009 et
3512 969 3725 1023 poenam

2149 1041 2418 1107 vitarnnt;
2472 1044 2787 1097 sententiam
2836 1044 2980 1097 illam
3026 1060 3146 1113 quae
3188 1045 3411 1099 minime
3456 1046 3727 1116 corrumpi

2148 1141 2323 1202 potest
2349 1133 2666 1202 przedicans,
2710 1144 2761 1189 et
2791 1150 2949 1206 quem
2991 1136 3136 1204 prius
3173 1136 3308 1190 dixit
3343 1137 3584 1191 timorem
3627 1152 3727 1191 auo

2146 1239 2298 1295 gens,
2323 1225 2436 1279 hare
2461 1224 2753 1293 subjunxit,
2770 1224 3061 1279 ostendens
3081 1238 3139 1279 se
3162 1233 3308 1279 recte
3322 1221 3545 1292 dixisse,
3566 1240 3727 1295 opor-

2153 1328 2267 1373 tere
2291 1331 2458 1391 unum
2482 1331 2601 1372 esse
2626 1316 2893 1379 timorem,
2923 1330 3116 1384 nempe
3138 1330 3260 1369 eum
3291 1316 3376 1383 qui
3405 1330 3468 1369 ex
3510 1325 3727 1384 peccato

2155 1409 2534 1479 proliciscitur,
2562 1414 2618 1462 et
2658 1407 2859 1461 nullum
2888 1407 3071 1461 alium.
3117 1406 3211 1460 Jus
3235 1407 3374 1460 enim
3406 1421 3509 1460 non
3553 1416 3728 1476 potest

2156 1498 2265 1552 illic
2315 1497 2583 1568 corrumpi
2631 1496 2850 1566 pecunia
2885 1512 2899 1548 :
2931 1512 3031 1552 nec
3077 1496 3201 1552 licet
3242 1496 3397 1551 donis
3442 1497 3728 1565 seipsnme

2154 1590 2397 1660 gehenna
2430 1590 2637 1658 eripere
2666 1610 2679 1643 :
2712 1603 2811 1643 nec
2836 1589 3060 1642 salutem
3083 1586 3275 1641 alferre
3303 1595 3475 1655 potest
3496 1588 3726 1655 patroci-

2156 1683 2301 1737 nium
2328 1690 2381 1737 et
2402 1680 2628 1736 oratoris
2652 1679 2912 1744 defensio,
2941 1692 3040 1733 nec
3063 1678 3259 1747 aliquid
3284 1677 3450 1732 aliud.
3479 1678 3729 1744 Quamvis

2157 1776 2299 1830 enim
2331 1775 2404 1828 sis
2430 1773 2597 1837 dives,
2624 1772 2865 1841 quamvis
2894 1779 3101 1841 potens,
3127 1772 3365 1840 quamvis
3389 1770 3545 1825 alicui
3575 1782 3731 1826 notus

2161 1875 2211 1919 et
2238 1865 2532 1930 familiaris,
2554 1863 2669 1917 inec
2692 1862 2872 1916 omnia
2897 1869 3019 1916 sunt
3046 1861 3151 1914 illic
3176 1861 3413 1924 inutilia;
3442 1860 3553 1915 illic
3570 1876 3726 1915 unus-

2159 1955 2382 2026 quisque
2407 1969 2473 2008 ex
2501 1952 2653 2008 factis
2679 1951 2760 2006 vel
2790 1952 3024 2022 punitur,
3052 1950 3133 2005 vel
3153 1960 3457 2005 coronatur.
3484 1949 3731 2017 Quando-

2161 2047 2371 2117 quidem
2403 2055 2457 2101 et
2503 2046 2590 2115 qui
2637 2053 2752 2099 erat
2776 2052 2931 2099 artate
2956 2043 3163 2107 Lazari,
3206 2042 3357 2097 valde
3383 2042 3531 2097 dives
3572 2052 3688 2097 erat
3713 2084 3730 2107 ,

2162 2136 2254 2191 sed
2301 2136 2433 2189 nihil
2476 2136 2523 2190 ei
2554 2137 2865 2206 profuerunt
2906 2134 3103 2188 divitiae
3148 2131 3297 2205 (Luc.
3349 2132 3437 2204 16)
3470 2152 3482 2187 :
3511 2142 3567 2187 et
3593 2142 3735 2187 noue

2161 2234 2315 2281 erant
2355 2225 2589 2295 virgines
2617 2223 2927 2293 virginibus,
2956 2223 3050 2278 scd
3089 2222 3219 2277 nihil
3248 2237 3340 2278 eas
3360 2223 3497 2291 juvit
3537 2223 3623 2277 illa
3652 2223 3733 2277 fa-

2138 2318 2439 2373 miliaritas
2480 2316 2693 2389 (Matth.
2723 2316 2818 2385 25)
2850 2336 2863 2371 :
2893 2330 3055 2369 unum
3098 2324 3183 2370 est
3218 2315 3363 2370 enim
3408 2315 3517 2369 illic
3562 2313 3734 2368 solum

2163 2410 2304 2481 quod
2328 2408 2608 2478 quaeritur.
2635 2406 2746 2461 Vos
2769 2422 2918 2476 ergo,
2943 2406 3128 2475 inquit,
3158 2406 3247 2475 qui
3267 2404 3455 2474 opibus
3480 2404 3657 2469 fiditis,
3681 2419 3738 2457 et

2163 2501 2294 2555 estis
2319 2498 2626 2554 circumdati
2653 2497 2907 2569 potentia,
2940 2496 3132 2551 frustra
3161 2494 3507 2550 intumescitis
3528 2515 3541 2550 :
3564 2509 3739 2564 neque

2161 2592 2309 2646 enim
2334 2589 2607 2645 vobiscum
2634 2588 3017 2642 transmittetur
3044 2586 3097 2640 in
3140 2585 3267 2640 illud
3292 2585 3546 2655 judicium
3573 2599 3735 2655 pecu-

2166 2684 2269 2739 nia:
2308 2680 2651 2743 abundantia,
2699 2693 2797 2733 nec
2846 2679 2984 2733 vires
3032 2677 3317 2746 potentiae;
3348 2675 3442 2730 sed
3489 2690 3591 2731 nec
3630 2674 3740 2730 ulta

2167 2772 2504 2829 necessitudo
2532 2779 2622 2824 aut
2660 2770 2926 2839 cognatio,
2976 2782 3074 2822 nec
3121 2765 3315 2837 aliquid
3354 2765 3616 2834 ejusmodi
3643 2780 3740 2820 vos

2169 2864 2275 2919 illic
2305 2862 2511 2933 eripiet.
2552 2861 2667 2916 Non
2699 2860 2825 2915 licet
2864 2860 2972 2913 illic
2998 2858 3184 2913 solutis
3224 2857 3482 2927 pecuniis,
3508 2865 3600 2911 aut
3633 2857 3741 2911 ulla

2166 2955 2490 3025 expiatione,
2520 2961 2610 3008 aut
2634 2951 2805 3023 pretio
2827 2950 3017 3003 animze
3047 2949 3211 3003 ullum
3241 2963 3488 3017 umquam
3515 2951 3739 3001 servari.

2175 3044 2312 3113 Quid
2341 3059 2468 3113 ergo
2497 3051 2579 3097 est
2602 3040 2743 3112 quod
2769 3040 2901 3094 dicit
2924 3038 3194 3107 Scriptura
3223 3058 3237 3093 :
3267 3034 3443 3089 Facite
3466 3035 3753 3093 eobisami-

2171 3152 2256 3191 eos
2281 3152 2345 3189 ea:
2385 3135 2557 3204 iniquo
2596 3147 2849 3196 mamona,
2875 3139 2931 3184 ut
2968 3145 3052 3183 vos
3090 3127 3331 3196 recipiant
3356 3127 3409 3180 in
3439 3137 3625 3181 caterua
3666 3137 3746 3181 ta-

2173 3226 2442 3281 bernacula
2492 3223 2642 3296 (Luc.
2686 3222 2775 3278 16.
2816 3220 2918 3292 9)?
2946 3219 3205 3287 Quidnam
3249 3226 3332 3273 est
3358 3217 3499 3287 quod
3542 3217 3745 3271 dictum

2172 3320 2297 3374 est?
2322 3317 2460 3376 Nihil
2505 3315 2849 3380 contrarium,
2881 3327 2978 3367 nec
3006 3324 3305 3380 repugnans
3331 3309 3610 3379 prioribus,
3649 3323 3747 3362 seu

2174 3409 2329 3463 valde
2397 3408 2554 3463 etiam
2618 3404 2977 3461 consentiens.
3024 3399 3079 3455 in
3133 3400 3383 3470 praesenti
3445 3399 3589 3454 enim
3640 3398 3748 3452 vita

2175 3498 2397 3556 faciendi
2448 3508 2571 3554 sunt
2625 3496 2821 3561 amici,
2873 3492 3126 3549 solvendo
3177 3491 3425 3561 pecunias
3448 3530 3463 3555 ,
3517 3504 3748 3559 erogan-

2175 3592 2247 3647 do
2282 3607 2345 3646 ac
2382 3587 2743 3644 consumendo
2786 3585 3064 3640 facultates
3106 3583 3157 3637 in
3186 3595 3401 3651 egenos.
3454 3580 3597 3635 Nihil
3621 3593 3749 3649 ergo

2180 3684 2265 3740 hic
2304 3682 2444 3737 aliud
2490 3680 2769 3752 significat,
2797 3677 2899 3732 nisi
2946 3676 3144 3746 largam
3191 3685 3245 3728 et
3292 3674 3563 3741 copiosam
3606 3672 3752 3726 elec-

2180 3790 2477 3847 mosynam.
2523 3774 2579 3829 Si
2620 3772 2761 3827 enim
2791 3786 2912 3825 cum
2961 3767 3092 3822 nihil
3138 3780 3321 3821 eorum
3363 3764 3577 3830 feceris,
3626 3761 3752 3816 illuc

2180 3868 2419 3933 recedas,
2475 3879 2630 3920 nemo
2668 3872 2720 3920 te
2767 3860 3034 3917 defendet.
3091 3858 3271 3927 Neque
3310 3856 3453 3910 enim
3501 3868 3597 3908 nos
3653 3852 3753 3907 de-

2182 3960 2349 4015 fendit
2381 3959 2590 4013 illorum
2632 3954 2885 4019 amicitia,
2925 3950 3019 4006 sed
3044 3948 3182 4018 quod
3221 3963 3288 4002 ex
3327 3960 3571 4001 mamona
3596 3943 3754 3998 amici

2184 4060 2308 4115 facti
2351 4057 2549 4113 fuerint
2576 4074 2591 4114 :
2619 4063 2899 4124 propterea
2930 4046 3142 4116 adjecit,
3170 4044 3367 4098 Amicos
3394 4058 3456 4096 ex
3482 4056 3713 4095 montana
3736 4079 3753 4104 ,

2185 4161 2244 4207 ut
2271 4150 2406 4206 scias
2432 4146 2572 4218 quod
2601 4145 2714 4213 ipsa
2747 4153 2835 4196 tua
2879 4154 3040 4209 opera
3071 4137 3164 4191 tibi
3200 4142 3418 4205 parcent
3445 4132 3486 4196 ί,
3516 4131 3756 4187 eleemo-

2186 4258 2339 4313 syna,
2366 4238 2669 4301 clentcntia,
2698 4236 2750 4289 in
2775 4246 3033 4304 pauperes
3050 4225 3429 4283 munificentia.
3454 4223 3585 4279 Nam
3616 4220 3757 4291 quod

2188 4310 2287 4388 nec
2315 4330 2585 4400 cognatio,
2617 4341 2716 4381 nec
2760 4321 3094 4379 necessitudo
3120 4318 3405 4389 quidquam
3431 4312 3597 4385 prosit
3635 4310 3760 4400 abs-

2186 4438 2292 4495 que
2321 4399 2587 4493 operibus,
2634 4416 2759 4472 audi
2797 4414 2939 4484 quod
2982 4412 3109 4466 dicit
3148 4408 3402 4479 propheta
3433 4422 3447 4459 :
3475 4403 3538 4459 Si
3571 4399 3761 4455 steterit

2194 4494 2329 4584 Noe,
2356 4527 2400 4570 et
2419 4514 2539 4578 Iob,
2566 4523 2612 4566 et
2652 4510 2855 4574 Daniel,
2889 4508 3020 4577 ﬁlios
3048 4520 3164 4559 suos
3190 4513 3236 4556 et
3264 4501 3396 4571 ﬁlias
3416 4514 3534 4553 suas
3569 4511 3670 4549 non
3694 4494 3763 4547 li-

2193 4613 2427 4666 berabunt
2462 4606 2669 4679 (Ezech.
2713 4605 2801 4659 M.
2836 4603 2925 4657 14.
2958 4601 3069 4669 18).
3098 4598 3165 4651 Et
3196 4594 3322 4665 quid
3362 4592 3482 4647 dico
3507 4591 3560 4644 in
3588 4588 3763 4659 futura

2194 4703 2320 4767 vita,
2348 4698 2559 4770 quando
2587 4710 2684 4751 nec
2712 4695 2765 4749 in
2812 4688 3064 4764 pruenti
3090 4687 3374 4756 quidquam
3400 4684 3548 4751 juvat
3574 4679 3764 4734 amici-

2196 4795 2265 4848 tia
2290 4793 2313 4847 ?
2350 4792 2613 4859 Quantum
2645 4788 2776 4843 luxit
2802 4794 2859 4840 et
2899 4784 3041 4838 flevit
3069 4778 3305 4844 Samuel,
3336 4786 3390 4832 et
3415 4775 3632 4830 Saulem
3658 4787 3766 4826 non

2194 4884 2390 4954 eripuit
2423 4881 2498 4953 (Ι.
2532 4880 2659 4949 Reg.
2693 4878 2780 4931 15.
2809 4874 2949 4946 35)?
2978 4879 3232 4941 quantum
3263 4883 3388 4923 vero
3414 4875 3662 4935 precatus
3688 4875 3768 4918 est

2198 4973 2476 5037 Jeremias,
2502 4979 2557 5024 et
2580 4969 2793 5024 Judwos
2818 4963 2950 5018 nihil
2972 4962 3108 5032 juvit
3134 4958 3266 5033 (Jer.
3300 4958 3386 5013 ﬂ.
3417 4958 3471 5011 7.
3502 4955 3631 5025 il)?
3662 4955 3773 5009 imo

2200 5067 2359 5121 etiam
2388 5064 2513 5117 dum
2540 5069 2718 5115 oraret
2744 5057 2844 5111 fuit
2885 5050 3262 5124 reprehensus.
3292 5049 3356 5103 Et
3383 5045 3509 5116 quid
3537 5045 3771 5110 miraris,

2200 5158 2244 5212 si
2272 5155 2402 5210 nihil
2441 5152 2635 5223 profuit
2659 5147 2940 5211 Jeremias,
2967 5141 3179 5213 quando
3206 5154 3305 5194 nec
3332 5138 3533 5193 Mosam
3558 5136 3775 5205 quidem

2201 5250 2297 5315 ait,
2339 5248 2383 5301 si
2409 5245 2597 5299 fuisset
2623 5243 2711 5296 illo
2746 5247 3006 5307 tempore,
3037 5247 3253 5289 servare
3278 5230 3514 5302 potuisse
3536 5227 3774 5291 Iudaeos,

2204 5336 2632 5409 quandoquidem
2656 5345 2840 5388 eorum
2889 5327 3184 5381 invalucrat
3210 5320 3465 5392 nequitia,
3494 5333 3593 5373 nec
3615 5332 3682 5372 ex
3718 5330 3779 5372 se

2204 5431 2398 5502 aliquid
2426 5428 2714 5483 attulerant
2741 5420 2870 5494 (Jer.
2897 5420 2983 5475 15.
3017 5416 3110 5489 i)?

2275 5529 2328 5581 5.
2362 5523 2667 5579 Sanctorum
2690 5531 2889 5588 preces;
2919 5513 3100 5566 animi:
3136 5510 3386 5582 dignitas;
3426 5523 3579 5578 opera
3608 5517 3778 5556 nece“

2271 5705 2285 5734 ¹
2322 5706 2461 5748 Juxta
2485 5695 2688 5744 uoisium
2710 5691 2972 5755 legendum
2989 5668 3137 5752 esset,
3159 5693 3415 5751 protegant,
3439 5697 3541 5748 pro,
3566 5685 3778 5745 partem

2211 5765 2301 5814 Sed
2328 5766 2541 5817 verbum,
2566 5763 2778 5831 parcent,
2795 5755 3013 5818 quadrat.
