4114 6278
429 331 538 398 εἶθ

428 467 568 507 sarta
607 456 744 502 sunt.
785 476 852 488 —~
893 444 1161 513 Quantum
1202 454 1297 515 pro
1338 442 1535 499 ludatis
1575 445 1893 498 lamentatus
1931 453 2014 499 est

431 541 648 608 Paulus,
676 539 860 595 dicens
893 557 905 592 :
939 537 1147 591 Fratres
1166 577 1180 601 ,
1212 535 1344 590 bona
1369 535 1567 606 quidem
1590 535 1820 589 voluntas
1847 535 2014 588 cordis

433 634 532 687 mei
565 641 612 686 et
639 630 910 685 obsecratio
945 629 1013 682 ad
1050 627 1213 683 Deum
1251 635 1322 682 est
1361 642 1452 696 pro
1487 626 1619 696 ipsis
1646 627 1663 658 ί
1701 625 1768 680 ad
1804 626 2016 680 salutent

439 722 461 796 (
485 723 628 778 Rom.
662 721 748 777 l0.
778 720 888 792 l)?
915 720 1050 788 Quid
1077 735 1204 789 ergo
1231 719 1397 772 valuit
1421 717 1540 786 ejus
1569 717 1906 773 obsecratio?
1924 716 2010 772 Ni-

437 817 533 872 hil.
559 816 624 871 Et
649 815 776 886 quid
803 815 924 870 dico
954 813 1284 877 obsecratio,
1312 827 1432 866 cum
1459 825 1556 880 pro
1582 811 1660 865 eis
1695 825 1813 865 esse
1851 811 2012 864 etiam

433 908 713 963 anathema
740 907 1003 976 optaverit
1030 903 1203 977 (Rom.
1234 903 1288 959 9.
1321 902 1394 973 5)
1419 902 1443 956 ?
1472 902 1607 970 Quid
1632 902 1800 971 ergo?
1824 911 2017 956 suntn’:

428 1013 842 1070 supervacanea!
887 1005 1200 1051 sanctorum
1222 993 1454 1064 preces?
1497 992 1843 1062 Nequaquam
1872 1033 1887 1057 ,
1920 991 2014 1046 sed

429 1103 648 1161 magnas
669 1089 828 1144 etiam
852 1088 994 1142 vires
1019 1085 1237 1151 habent,
1264 1083 1478 1154 quando
1500 1093 1552 1137 tu
1581 1097 1790 1152 quoque
1817 1082 1897 1136 eis
1925 1097 2017 1135 au-

431 1180 616 1236 xilium
645 1178 850 1234 tuleris.
884 1177 958 1232 Ita
986 1177 1148 1232 etiam
1179 1175 1367 1230 Petrus
1399 1173 1672 1228 suscitavit
1695 1172 1976 1227 Tabitham
1997 1212 2011 1236 ,

429 1287 534 1326 non
560 1271 736 1325 solum
757 1269 1022 1334 oratione,
1051 1266 1144 1321 sed
1167 1267 1328 1321 etiam
1355 1265 1494 1318 illius
1519 1265 1857 1335 eleemosyna
1876 1261 2014 1331 (Act.

429 1363 486 1419 9.
516 1363 606 1418 56.
635 1360 793 1433 sqq.)
817 1379 830 1414 :
857 1361 930 1415 ita
956 1359 1124 1414 sancti
1152 1365 1366 1412 orantes
1403 1356 1536 1410 alios
1571 1354 1908 1424 adjuverunt.
1950 1353 2017 1406 Et

427 1457 533 1511 hoc
561 1455 774 1525 quidem
805 1453 910 1519 hic,
937 1453 1025 1508 ubi
1051 1450 1279 1506 stadium
1309 1458 1390 1504 est
1417 1457 1470 1504 et
1499 1449 1638 1502 luela
1666 1465 1679 1500 :
1703 1447 1813 1502 illic
1836 1455 2012 1500 autem

428 1547 564 1602 nihil
591 1546 807 1610 horum,
836 1545 927 1599 sed
953 1552 1035 1598 est
1055 1559 1119 1598 ex
1145 1542 1270 1596 solis
1299 1539 1452 1595 lactis
1477 1541 1639 1593 salus.
1671 1537 1900 1592 Pulchre
1920 1552 2016 1590 au-

430 1647 540 1693 tem
570 1635 988 1691 hicludilicatur
1018 1633 1209 1688 divites
1234 1672 1248 1694 ,
1279 1640 1334 1686 et
1375 1645 1468 1685 eos
1505 1629 1596 1699 qui
1626 1629 2013 1691 intumescunt.

430 1731 615 1801 Neque
651 1729 792 1785 enim
833 1728 1002 1792 dixit,
1035 1726 1132 1794 Qui
1180 1725 1375 1778 habent
1418 1722 1701 1792 pecunias,
1745 1735 1843 1775 nec
1866 1759 1881 1786 ,
1910 1719 2009 1788 Qui

429 1835 674 1891 magnam
719 1819 915 1873 habent
955 1816 1245 1888 potentiam
1279 1832 1292 1868 :
1324 1813 1454 1876 sed,
1503 1811 1604 1876 Qui
1651 1809 1915 1879 conﬁdunt
1956 1809 2011 1862 in

430 1913 750 1968 multitudine
771 1911 1057 1964 diuitiarum
1079 1923 1306 1969 suarum,
1331 1915 1379 1958 et
1396 1905 1446 1957 in
1463 1904 1566 1957 suis
1580 1901 1766 1955 viribus
1781 1899 2010 1972 glorian-

429 2015 532 2072 tur,
556 2021 648 2060 eos
667 2003 894 2062 irridens
919 2011 972 2057 et
997 2003 1264 2056 insectans
1287 2041 1302 2061 ,
1328 1997 1464 2068 quod
1495 1996 1695 2051 umbris
1720 1995 2010 2061 conlidant,

430 2106 488 2152 et
530 2104 743 2166 pmptcr
782 2093 982 2147 fumum
1025 2107 1084 2146 se
1111 2090 1402 2144 venditent.
1442 2088 1609 2142 Recte
1636 2094 1812 2140 autem
1837 2085 2006 2151 dixit,

430 2187 661 2242 Pretium
687 2185 1042 2256 redemptionis
1073 2185 1257 2237 animle
1283 2196 1390 2236 suae
1430 2195 1532 2233 non
1573 2177 1709 2231 dabit
1737 2193 1756 2231 :
1785 2177 2011 2246 pretium

425 2281 568 2334 enim
595 2279 788 2333 animte
815 2292 919 2331 non
936 2283 1106 2329 estne
1136 2273 1418 2328 universus
1438 2269 1651 2339 quidem
1673 2267 1920 2321 mundus.
1949 2265 2015 2319 Et

430 2371 551 2426 idco
577 2370 790 2424 dicebat
823 2387 836 2422 :
870 2367 1003 2434 Quid
1027 2365 1226 2436 prodest
1253 2363 1442 2416 homini
1470 2362 1514 2415 si
1543 2361 1825 2414 uniuersum
1863 2373 2013 2411 mun-

427 2464 549 2516 dum
573 2464 825 2525 lucretur,
854 2459 1036 2512 animae
1059 2465 1223 2509 autent
1261 2469 1366 2509 sua:
1408 2453 1756 2506 detrimentum
1791 2449 2013 2519 patiatur

428 2555 640 2626 (Matth.
664 2554 750 2610 l6.
773 2551 904 2622 26)?
925 2551 990 2606 Ut
1011 2557 1188 2604 autem
1218 2548 1356 2603 scias
1375 2562 1442 2601 ne
1466 2549 1771 2600 universum
1798 2541 2011 2612 quidem

428 2646 683 2702 mundum
730 2659 851 2699 esse
890 2644 1114 2711 pretium
1157 2640 1348 2695 anima:
1371 2680 1386 2704 ,
1429 2635 1553 2691 audi
1591 2634 1838 2705 quidnam
1871 2633 2013 2686 Pau-

434 2739 517 2792 lus
550 2737 692 2792 dicat
717 2735 782 2789 de
805 2733 925 2788 aliis
949 2733 1148 2787 sanctis
1174 2749 1190 2788 :
1221 2730 1584 2784 Circumierunt
1619 2728 1670 2782 in
1704 2724 1864 2782 ovinis
1886 2732 1933 2778 et
1959 2725 2014 2781 in

429 2827 650 2896 caprinis
670 2823 912 2895 pellibus,
934 2830 1157 2891 egentes,
1180 2822 1366 2891 pressi,
1394 2819 1562 2891 amicti
1579 2859 1594 2879 .
1629 2816 1806 2882 quibus
1831 2815 2014 2886 dignus

433 2937 536 2973 non
562 2927 664 2972 erat
691 2915 912 2971 mundus
938 2913 1117 2986 (Hebr.
1145 2913 1228 2967 ll.
1251 2911 1340 2966 '57.
1369 2911 1479 2981 58).
1507 2907 1734 2965 Mundus
1758 2908 1900 2961 enim
1931 2915 2013 2961 est

436 3019 652 3081 propter
673 3010 922 3064 animam.
954 3003 1406 3074 Quemadmodum
1437 3015 1565 3072 ergo
1596 3014 1700 3053 non
1742 2997 2011 3068 acceperit

434 3109 588 3171 pater
602 3099 812 3154 domum
842 3113 938 3167 pro
957 3098 1086 3162 lilio,
1111 3097 1178 3151 ita
1204 3110 1300 3150 nec
1325 3095 1470 3150 Deus
1491 3090 1745 3146 mundum
1774 3103 1872 3158 pro
1894 3090 2010 3142 ani-

430 3206 558 3256 ma;
590 3189 683 3244 sed
710 3187 958 3258 operibus
996 3195 1051 3241 et
1091 3194 1234 3241 recte
1272 3183 1428 3238 factis
1457 3196 1590 3251 opus
1613 3189 1716 3235 est.
1747 3178 1840 3234 Vis
1874 3177 2013 3232 scire

426 3289 684 3351 quantum
733 3279 803 3334 sit
853 3276 1076 3348 pretium
1126 3275 1420 3329 animarum
1473 3268 1814 3325 nostrarum?
1865 3265 2010 3321 Bed—

426 3381 708 3442 empturus
735 3384 852 3426 eam
884 3367 1218 3438 Unigcniltts,
1248 3382 1352 3419 non
1393 3361 1646 3417 mundum
1694 3358 1876 3424 dedit,
1904 3373 2009 3413 non

428 3464 722 3530 hominem,
742 3477 848 3516 non
872 3471 1088 3526 terram,
1125 3473 1233 3512 non
1254 3470 1419 3520 mare,
1435 3453 1526 3509 sed
1549 3467 1700 3506 suum
1722 3451 2011 3520 pretiosum

429 3561 764 3628 sanguinem.
797 3553 1053 3623 Quocirca
1097 3550 1308 3605 dicebat
1350 3547 1545 3604 Paulus
1589 3560 1603 3597 :
1647 3543 1820 3598 Pretio
1859 3543 2014 3612 empti

425 3650 567 3714 estis,
590 3647 745 3702 nolite
767 3645 877 3716 ﬁeri
895 3644 1023 3698 servi
1050 3642 1304 3696 hominum
1335 3639 1408 3707 (l.
1434 3637 1552 3692 Cor.
1573 3636 1625 3689 7.
1657 3633 1729 3689 ‘25
1748 3633 1792 3706 ).
1823 3632 2011 3688 Vidisti

429 3738 844 3810 magnitudinem
868 3735 1061 3806 pretii?
1088 3731 1310 3801 Quando
1336 3745 1461 3800 ergo
1481 3742 1597 3782 eam
1627 3725 1756 3780 tanti
1779 3732 2010 3793 emptam

429 3830 763 3903 perdideris,
804 3826 1070 3899 quomodo
1099 3825 1297 3895 poteris
1334 3837 1452 3877 eam
1491 3819 1744 3888 deinceps
1786 3817 2010 3873 emere?

427 3924 661 3979 Christus
688 3921 818 3976 enim
840 3936 873 3973 a
897 3917 1104 3971 mortuis
1123 3915 1408 3977 suscitatus,
1431 3927 1532 3964 non
1557 3909 1778 3980 amplius
1798 3907 2011 3961 moritur

429 4015 624 4087 (Rom.
650 4013 704 4070 6.
734 4010 829 4087 9).
861 4009 1046 4066 Vidisti
1083 4022 1240 4078 quam
1284 4006 1353 4060 sit
1401 4002 1631 4072 pretiosa
1684 3999 1858 4053 anima
1893 4036 1910 4064 ,
1959 4005 2014 4053 et

426 4117 623 4180 quanta
653 4107 723 4161 sit
758 4105 874 4173 ejus
910 4099 1173 4171 dignitas?
1209 4096 1288 4153 Ne
1330 4110 1449 4151 eam
1494 4107 1622 4164 ergo
1665 4090 1933 4161 negligas,
1961 4099 2014 4144 et

427 4200 693 4270 captivam
719 4195 938 4252 eﬂicias.
967 4191 1034 4246 Et
1061 4189 1302 4245 laborauit
1325 4189 1376 4241 in
1397 4195 1672 4249 wternum,
1697 4181 1784 4238 l0.
1816 4189 1862 4234 et
1887 4180 2014 4234 vicet

427 4293 482 4347 in
505 4293 676 4361 ﬁnem.
703 4289 852 4344 Alius
880 4286 1140 4354 interpres
1165 4281 1330 4345 dixit,
1363 4279 1429 4333 Et
1458 4277 1641 4346 quievit
1667 4277 1720 4329 in
1745 4274 2009 4330 circulum.

435 4387 610 4452 Alius,
632 4385 760 4438 Cum
784 4379 982 4435 desierit
1001 4377 1114 4432 huic
1135 4374 1340 4440 steculo,
1367 4373 1492 4426 uiuet
1511 4371 1563 4425 in
1582 4377 1842 4425 teternum.
1862 4365 2009 4432 Quo-

429 4480 571 4532 niam
602 4476 742 4530 enim
770 4472 902 4526 dixit
925 4470 990 4524 de
1015 4467 1289 4530 divitibus,
1319 4461 1566 4534 quoniam
1588 4459 1720 4516 dixit
1737 4459 1804 4514 de
1825 4465 2013 4528 poten-

430 4570 571 4624 tibus
590 4609 605 4632 ,
637 4574 691 4622 et
717 4562 951 4621 ostendit
975 4576 1043 4616 ex
1073 4559 1157 4613 his
1184 4555 1315 4612 nihil
1345 4554 1478 4609 lucri
1509 4552 1620 4607 lieri
1653 4569 1668 4606 :
1702 4550 1830 4605 dicit
1853 4547 2008 4603 dein-

427 4673 556 4729 ceps
580 4657 646 4712 de
667 4657 731 4711 iis
751 4655 837 4725 qui
866 4654 1110 4708 vixerunt
1138 4649 1192 4704 in
1223 4646 1435 4707 virtute,
1465 4643 1534 4698 de
1563 4642 1628 4697 iis
1651 4641 1740 4711 qui
1763 4640 2010 4695 vixerunt

429 4751 481 4804 in
513 4747 784 4804 laboribus
811 4753 866 4800 et
892 4739 1268 4797 alllictionibus
1289 4777 1306 4803 ,
1349 4747 1548 4790 acuens
1575 4731 1802 4786 athletas
1829 4729 2009 4801 philo-

427 4839 651 4909 sophia.
693 4835 810 4891 Noli
849 4835 990 4889 enim
1029 4830 1131 4885 hoc
1169 4827 1298 4882 mihi
1337 4824 1552 4890 dicere,
1577 4821 1684 4888 ait,
1720 4834 2010 4876 aerumnam

429 4930 502 4985 illi
529 4943 594 4986 ac
617 4927 853 4982 laborem
878 4919 1250 4983 exantlandum
1282 4917 1476 4980 luisse;
1511 4927 1692 4969 verum
1735 4910 2010 4966 considera

427 5023 680 5086 fructum,
704 5017 845 5089 quod
871 5015 1032 5071 homo
1051 5013 1122 5068 sit
1142 5007 1478 5071 immortalis,
1504 5002 1645 5074 quod
1665 5002 1772 5057 vita
1795 5001 2011 5055 immor-

428 5113 552 5169 talis
577 5111 836 5181 excipiat,
865 5108 971 5162 vita
997 5119 1115 5175 qua:
1145 5103 1301 5157 linem
1330 5115 1436 5155 non
1464 5097 1642 5152 habet.
1673 5094 1885 5161 Quanto
1909 5093 2009 5163 igi-

425 5213 517 5259 tur
543 5203 614 5257 sit
641 5200 864 5263 melius,
895 5211 1017 5253 eum
1047 5195 1133 5248 hic
1160 5206 1346 5263 parum
1373 5186 1738 5251 laboraveris,
1769 5183 2008 5254 requiem

425 5306 682 5360 aeternam
724 5291 936 5361 assequi
965 5330 980 5355 ,
1011 5301 1168 5358 quam
1202 5299 1324 5340 cum
1361 5282 1449 5338 hic
1478 5281 1570 5337 tibi
1613 5292 1899 5351 parumper
1925 5278 2010 5332 iu-

425 5387 681 5450 dulseris,
707 5392 963 5454 perpetuo
983 5376 1251 5434 cruciari?
1273 5372 1476 5430 Deinde
1499 5370 1787 5427 ostendens
1809 5382 1916 5423 non
1941 5367 2009 5422 il-

425 5479 497 5534 lic
518 5477 692 5533 solum
720 5488 840 5529 esse
865 5470 1081 5542 praemia
1109 5476 1164 5523 et
1181 5478 1408 5522 coronas
1432 5479 1446 5530 ;
1478 5461 1572 5517 sed
1592 5461 1752 5517 etiam
1779 5459 1866 5514 hic
1879 5471 2012 5529 quo-

425 5583 534 5640 que
559 5580 681 5622 esse
721 5561 974 5636 principia
1010 5558 1352 5631 praemiorum
1377 5595 1394 5621 ,
1435 5551 1738 5624 subjunxit:
1767 5551 1854 5607 ll.
1889 5546 2010 5640 Non

424 5638 624 5714 uidebit
650 5657 906 5712 interitum
927 5694 944 5720 ,
976 5668 1088 5705 cum
1127 5647 1305 5705 viderit
1343 5646 1592 5718 sapientes
1620 5643 1900 5699 morientes.
1933 5638 2011 5696 Ne

493 5791 515 5826 ⁸
550 5797 676 5842 Unus
697 5791 806 5841 md.
823 5824 838 5850 ,
862 5799 951 5850 pro
979 5785 1141 5838 Israel.

1529 324 1888 390 ΕΧΡΟΞΠΙΟ
1927 323 1992 387 IN
2032 324 2351 388 PSALMUM
2385 323 2612 386 XLVIII.

3600 334 3704 392 ω

2123 444 2264 498 enim
2299 443 2424 496 mihi
2463 443 2647 511 dicas,
2697 443 3040 499 Solummodo
3085 445 3259 501 futura
3305 449 3584 517 promittis.
3629 453 3702 508 Do

2123 535 2214 590 tibi
2244 534 2328 590 hic
2354 536 2512 591 etiam
2544 537 2761 607 pignora
2791 552 3105 592 coronarum
3135 578 3149 603 ,
3192 539 3296 593 imo
3329 556 3454 596 vero
3495 543 3703 600 arrham

2124 626 2290 696 ipsam
2316 637 2370 682 et
2397 629 2632 697 prtemia.
2654 627 2947 697 Quomodo,
2973 639 3025 686 et
3045 645 3271 700 quanam
3299 634 3540 689 ratione?
3563 637 3698 704 Quo-

2122 719 2261 774 niam
2288 721 2376 791 qui
2407 721 2826 791 philosophatur,
2845 730 2897 777 et
2927 738 3021 792 spe
3051 723 3345 778 futurorum
3370 726 3610 795 erigitur,
3641 751 3709 792 ηε

2122 821 2348 868 mortem
2369 813 2580 884 quidem
2605 822 2827 881 mortem
2849 828 2967 870 esse
2990 815 3188 885 putabit
3211 835 3222 868 :
3242 817 3334 872 sed
3361 817 3542 874 videns
3564 836 3704 873 mor-

2123 911 2267 956 tuum
2286 902 2550 971 jacentem
2573 913 2696 959 ante
2716 905 2916 971 oculos,
2939 919 3042 958 non
3066 905 3136 959 ita
3166 905 3427 961 afficietur
3451 917 3506 961 ut
3531 908 3698 974 multi,

2121 1007 2240 1048 eum
2259 993 2396 1065 apud
2415 1011 2472 1050 se
2493 1004 2699 1066 reputet
2718 1010 2962 1061 coronas,
2982 996 3222 1065 prmmia,
3241 996 3376 1050 bona
3397 997 3701 1065 inell‘abilia,

2120 1100 2237 1154 quae
2260 1098 2432 1154 neque
2458 1086 2644 1140 oculus
2661 1086 2805 1150 vidit,
2827 1101 2924 1142 nec
2940 1087 3082 1142 auris
3102 1087 3301 1141 audivit
3325 1087 3400 1160 (‘2.
3421 1087 3535 1142 Cor.
3549 1088 3604 1142 Ξ.
3619 1089 3700 1161 9),

2119 1177 2279 1228 vitam
2306 1176 2448 1230 illam
2473 1215 2489 1242 ,
2512 1175 2806 1231 ducendam
2832 1192 2951 1231 cum
2976 1177 3176 1248 angelis
3200 1177 3475 1236 choreum.
3501 1179 3701 1245 Quem-

2120 1267 2404 1323 admodum
2423 1283 2549 1339 ergo
2569 1270 2796 1339 agricola
2822 1285 2942 1325 cum
2966 1270 3108 1326 videt
3135 1270 3461 1328 frumentum
3483 1271 3698 1327 dissolvi

2120 1368 2174 1414 et
2204 1359 2438 1423 interire,
2468 1375 2571 1412 non
2594 1360 2774 1430 abjicit
2799 1361 3054 1428 animum,
3077 1375 3178 1416 nec
3197 1375 3430 1417 maerore
3451 1360 3698 1430 allicitur,

2119 1447 2214 1504 sed
2257 1459 2381 1503 tunc
2424 1450 2653 1505 maxime
2690 1451 2919 1505 exsultat
2953 1459 3006 1505 et
3047 1451 3273 1518 laetatur,
3301 1454 3477 1507 sciens
3507 1453 3619 1508 lore
3642 1463 3700 1507 ut

2115 1538 2209 1594 ille
2238 1539 2479 1594 interitus
2506 1540 2576 1594 sit
2599 1549 2748 1595 ortus
2777 1526 3014 1596 melioris
3043 1542 3359 1612 principium
3380 1583 3395 1605 ,
3427 1551 3483 1597 et
3509 1542 3700 1598 funda-

2119 1639 2355 1685 mentum
2386 1631 2603 1701 majoris
2631 1631 2915 1687 lertilitatis
2943 1649 2958 1685 :
2990 1632 3061 1686 ita
3092 1634 3248 1687 etiam
3271 1631 3466 1702 justus,
3495 1633 3583 1703 qui
3609 1649 3699 1689 re-

2119 1731 2206 1777 cte
2248 1722 2398 1776 lactis
2425 1722 2716 1791 gloriatur,
2759 1729 2814 1777 et
2858 1737 3077 1792 regnum
3121 1723 3359 1793 quotidie
3385 1733 3698 1794 exspectat,

2120 1815 2331 1886 quando
2369 1815 2560 1870 viderit
2596 1825 2819 1870 mortem
2860 1816 3014 1870 sitam
3052 1826 3174 1870 ante
3205 1816 3386 1871 oculos
3409 1857 3426 1884 ,
3469 1832 3572 1873 non
3600 1834 3696 1872 an—

2117 1908 2279 1976 gitur,
2313 1921 2412 1961 nec
2435 1922 2493 1961 se
2523 1905 2740 1962 afﬂictat
2768 1915 2825 1961 ut
2862 1908 3053 1975 multi,
3095 1923 3200 1962 non
3244 1917 3467 1964 vexatur
3491 1918 3546 1965 et
3581 1925 3700 1980 per-

2122 1999 2361 2053 turbatur
2383 2015 2397 2052 :
2420 1999 2520 2053 scit
2540 1998 2704 2065 enim,
2727 2009 2949 2054 mortem
2968 1999 3031 2053 iis
3048 1999 3134 2070 qui
3157 2010 3299 2055 recte
3319 2001 3562 2056 vixerunt
3579 2016 3699 2056 esse

2119 2088 2485 2159 migrationem
2515 2098 2568 2144 et
2597 2090 2874 2144 transitum
2914 2089 2980 2145 ad
3026 2090 3241 2145 meliora
3266 2131 3281 2158 ,
3309 2100 3363 2146 et
3389 2105 3602 2146 cursum
3631 2093 3696 2146 ad

2118 2180 2452 2250 accipiendas
2475 2195 2719 2236 coronas.
2747 2181 3014 2249 Quosnam
3039 2191 3214 2236 autem
3244 2181 3372 2237 dicit
3396 2185 3697 2252 sapientes?

2119 2271 2233 2326 Non
2253 2286 2348 2328 eos
2365 2272 2454 2343 qui
2477 2286 2600 2327 vere
2621 2279 2744 2326 sunt
2765 2273 3050 2342 sapientes,
3074 2271 3166 2328 sed
3187 2273 3275 2342 qui
3294 2272 3559 2344 sapientes
3579 2287 3700 2330 esse

2117 2362 2506 2418 existimantur.
2537 2362 2660 2418 Mihi
2688 2373 2868 2419 autem
2898 2362 3105 2418 videtur
3127 2364 3307 2420 dicere
3336 2373 3586 2420 externos
3613 2381 3699 2421 sa-

2118 2453 2344 2524 pientes,
2372 2468 2467 2510 eos
2493 2454 2611 2509 ideo
2638 2453 2899 2521 irridens,
2927 2453 3066 2524 quod
3096 2469 3215 2509 cum
3243 2453 3550 2511 viderentur
3578 2470 3698 2511 esse

2115 2544 2382 2614 sapientes
2405 2585 2419 2610 ,
2452 2545 2598 2600 stulti
2635 2544 2754 2600 facti
2777 2547 2913 2611 sint,
2937 2560 3055 2600 cum
3083 2544 3151 2601 de
3177 2547 3563 2602 resurrectione
3590 2561 3696 2603 non

2115 2637 2222 2691 sint
2247 2636 2602 2708 phi1050phati
2633 2637 2806 2710 (Rom.
2839 2639 2891 2692 l.
2920 2637 3050 2709 22).

2190 2727 2332 2783 Mors
2346 2727 2675 2784 substantiam
2689 2745 2789 2784 non
2809 2729 3068 2795 interimit;
3099 2731 3397 2784 resurrectio
3417 2723 3692 2786 communis

2114 2819 2356 2874 omnium.
2372 2849 2442 2858 —
2457 2819 2677 2885 Quando
2700 2835 2825 2890 ergo
2851 2819 3036 2875 viderit
3055 2820 3176 2876 illos
3202 2820 3545 2892 philosophos
3566 2837 3686 2892 per-

2113 2922 2321 2978 euntes,
2335 2925 2454 2967 cum
2470 2911 2732 2975 lamentis,
2748 2911 3074 2982 lacrymis.et
3085 2911 3223 2967 lucta
3237 2912 3423 2976 elatos,
3441 2921 3564 2968 tunc
3578 2913 3692 2984 ipse

2116 3001 2245 3056 nihil
2272 3002 2375 3056 tale
2404 3001 2649 3073 patietur,
2679 3000 2772 3057 sed
2799 3003 2901 3057 erit
2925 3002 3043 3058 telis
3071 3001 3328 3073 ejusmodi
3350 3004 3609 3073 superior,
3639 3019 3696 3059 ut

2114 3092 2203 3163 qui
2245 3092 2380 3147 bona
2414 3106 2510 3162 spe
2551 3092 2804 3164 erigatur,
2845 3100 2901 3149 et
2941 3093 3074 3149 sciat
3112 3095 3254 3150 hunc
3284 3094 3552 3151 interitum
3589 3111 3693 3151 neu

2116 3183 2420 3240 interimere
2449 3184 2816 3251 substantiam,
2857 3185 2949 3240 sed
2989 3193 3191 3240 tantum
3219 3187 3614 3252 mortalitatem,
3643 3199 3696 3243 et

2113 3278 2505 3346 corruptionem
2536 3292 2869 3334 consumere.
2899 3278 3023 3334 l-lzec
3055 3279 3194 3334 enim
3219 3294 3363 3335 mors
3393 3295 3496 3336 non
3524 3281 3696 3350 perdit

2113 3384 2327 3440 corpus,
2359 3370 2450 3426 sed
2479 3371 2744 3425 consumit
2773 3371 3165 3442 corruptionem
3191 3388 3206 3426 :
3228 3371 3521 3427 substantia
3547 3373 3689 3429 enim

2114 3471 2293 3517 manet
2314 3501 2328 3526 ,
2353 3469 2407 3516 et
2430 3461 2657 3532 resurgit
2680 3477 2798 3517 cum
2826 3462 3012 3533 majori
3040 3471 3095 3518 et
3120 3463 3359 3534 ampliori
3385 3463 3573 3534 gloria,
3601 3465 3695 3518 sed

2116 3567 2220 3605 non
2248 3553 2508 3607 omnium.
2534 3551 2874 3608 Resurrectio
2902 3553 3043 3608 enim
3070 3554 3172 3608 erit
3195 3554 3432 3609 omnium
3457 3569 3696 3610 comnm-

2115 3643 2198 3700 nis
2230 3661 2243 3697 :
2276 3643 2595 3698 resurrectio
2636 3655 2812 3699 autem
2854 3659 2975 3700 cum
3017 3646 3180 3715 gloria
3204 3687 3219 3711 ,
3261 3648 3557 3702 communis
3595 3647 3698 3702 crit

2115 3751 2296 3792 eorum
2335 3737 2423 3806 qui
2459 3747 2604 3792 recte
2649 3737 2914 3793 vixerunt.
2961 3737 3131 3793 Simul
3157 3739 3398 3807 insipiens
3437 3748 3482 3793 et
3511 3739 3695 3792 stultus

2115 3826 2376 3897 peribunt,
2407 3826 2493 3881 12.
2526 3835 2572 3880 et
2605 3826 2883 3896 relinquent
2910 3827 3087 3881 alienis
3115 3826 3314 3881 divitias
3339 3842 3476 3881 suas.
3512 3825 3580 3879 Et
3605 3842 3691 3882 se—

2116 3921 2290 3989 pulcra
2333 3934 2504 3973 eorum
2551 3918 2728 3972 domus
2757 3934 2928 3972 eorum
2963 3918 3014 3972 in
3053 3928 3294 3974 (sternunt
3324 3934 3343 3972 :
3372 3919 3695 3973 tabernacula

2114 4025 2287 4064 eorum
2311 4010 2361 4062 in
2388 4008 2673 4079 progeniem
2710 4017 2756 4061 et
2797 4008 3081 4078 progeniem
3108 4023 3128 4062 :
3159 4016 3456 4062 vocaverunt
3489 4009 3692 4061 nomina

2117 4119 2206 4156 sua
2223 4103 2276 4156 in
2303 4101 2447 4154 terris
2471 4101 2595 4154 suis.
2621 4100 2770 4154 Alius
2793 4100 2942 4166 dicit,
2973 4099 3099 4165 Qute
3115 4108 3230 4154 sunt
3254 4100 3386 4153 intra
3409 4099 3586 4153 domos
3609 4114 3694 4153 eo-

2112 4209 2226 4247 rum
2254 4193 2307 4248 in
2335 4201 2594 4247 a'tcrnum.
2626 4191 2805 4258 Alius,
2837 4189 3185 4245 Habitationes
3211 4206 3381 4245 eorum
3403 4191 3456 4244 in
3481 4207 3695 4262 genera-

2117 4285 2299 4339 tionem
2323 4325 2338 4350 ,
2385 4283 2697 4338 nominantes
2732 4282 3014 4337 nominibus
3035 4282 3139 4336 suis
3178 4289 3335 4336 terras
3364 4283 3403 4335 *.
3437 4282 3691 4338 llcbrtcus

2115 4386 2289 4433 autem
2311 4418 2324 4441 ,
2355 4377 2447 4432 Aie
2482 4376 2756 4434 adamoth.

2187 4471 2240 4527 6.
2272 4469 2460 4525 Vidisti
2485 4467 2749 4539 quomodo
2773 4481 2877 4521 non
2901 4465 3068 4521 solum
3094 4481 3156 4521 ex
3186 4463 3398 4532 futuris,
3422 4464 3515 4519 sed
3541 4480 3605 4520 ex
3633 4466 3696 4519 iis

2114 4564 2273 4620 etiam
2296 4577 2414 4632 quin
2435 4561 2522 4617 hic
2546 4560 2832 4624 eveniunt,
2849 4556 3061 4612 abducit
3081 4571 3110 4611 a
3138 4557 3263 4611 vitio
3283 4566 3339 4612 et
3359 4558 3425 4612 ab
3451 4557 3691 4622 avaritia,

2113 4664 2169 4711 et
2193 4653 2406 4709 deducit
2431 4651 2498 4707 ad
2523 4652 2791 4716 virtutem,
2824 4649 2876 4704 in
2904 4647 3142 4720 pecuniis
3167 4647 3520 4718 congerendis
3549 4648 3694 4702 insa-

2117 4747 2256 4802 niam
2278 4758 2560 4809 coercens,
2591 4751 2645 4798 ct
2667 4756 2762 4798 eos
2782 4741 2870 4812 qui
2900 4739 3245 4809 praesentibus
3273 4739 3496 4805 inhiant,
3525 4753 3694 4808 caque

2115 4839 2463 4906 admirantur,
2484 4835 2678 4892 stultos
2700 4848 2918 4901 vocans,
2948 4841 3001 4888 et
3028 4831 3078 4886 id
3100 4846 3196 4904 per
3223 4845 3311 4885 res
3339 4830 3481 4899 ipsas
3509 4837 3690 4882 osten-

2115 4929 2290 4987 dens?
2311 4927 2450 4995 Quid
2468 4936 2550 4983 est
2567 4925 2733 4990 enim,
2751 4923 2858 4989 die,
2889 4936 3092 4993 quaeso,
3123 4920 3336 4975 stultius
3362 4917 3577 4972 homine
3604 4919 3694 4985 qui

2116 5024 2340 5088 laborat,
2369 5031 2420 5077 et
2447 5035 2506 5076 se
2531 5019 2821 5084 excruciat,
2851 5025 2906 5072 et
2931 5024 3103 5070 tantas
3129 5028 3256 5083 opes
3285 5017 3605 5080 congregat,
3640 5021 3697 5062 ut

2115 5132 2178 5171 ex
2206 5115 2323 5186 ejus
2349 5112 2618 5168 laboribus
2645 5109 2732 5164 alii
2763 5123 2822 5164 se
2850 5107 3118 5174 voluptate
3146 5099 3430 5173 expleant?
3460 5098 3583 5168 quid
3613 5111 3696 5154 cst

2116 5207 2217 5263 hoc
2243 5206 2384 5262 inani
2412 5205 2595 5260 labore
2620 5200 2855 5257 deterius
2873 5240 2890 5266 ,
2918 5195 3130 5268 quando
3155 5196 3266 5264 ipse
3292 5191 3504 5262 quidem
3530 5189 3696 5243 sudo-

2116 5313 2203 5354 res
2229 5306 2282 5353 et
2307 5296 2517 5351 labores
2544 5304 2826 5364 perpessus
2852 5285 3172 5348 decesserit,
3201 5283 3316 5336 aliis
3355 5289 3530 5334 autem
3559 5279 3696 5335 divi-

2118 5389 2222 5445 tias
2249 5386 2498 5444 fruendas
2520 5383 2832 5454 reliquerit,
2863 5389 3042 5435 etnec
3064 5375 3327 5446 aliquibus
3351 5371 3566 5444 quidem
3597 5388 3693 5426 ne.

2162 5542 2179 5574 ι
2217 5539 2334 5590 Have
2369 5533 2522 5584 lectio
2550 5535 2629 5581 est
2661 5527 2973 5590 Symmachi:
3004 5522 3219 5590 secunda
3238 5534 3376 5590 pars
3394 5515 3670 5590 Symmachi

2099 5580 2336 5652 reﬂui-fin
2361 5580 2600 5656 uetabas
2623 5580 2836 5649 noitris,
2869 5587 2953 5638 ubi
2975 5588 3189 5649 legitur,
3233 5580 3551 5656 δνομάράντις
3599 5580 3672 5627 ἐπ’

2099 5687 2360 5802 ῗνομασίαν
2411 5646 2567 5733 aint-7w
2609 5680 2693 5734 τὰς
2731 5646 2884 5742 γαῐᾷζ.
2935 5646 3089 5726 Hebr.
3139 5672 3328 5725 ΠἸὩἾΝ
3362 5646 3479 5731 "DY,
3525 5681 3670 5732 super

2117 5764 2272 5801 erras.

2117 5764 2272 5801 erras.
