4114 6278
442 476 689 531 cessariil
713 484 765 530 et
786 475 831 528 ei
854 473 1216 528 familiaritate
1239 471 1556 540 conjunctis,
1585 468 1676 524 sed
1702 483 1844 538 Saepe
1868 466 2025 522 etiam

443 566 684 622 hostibus
708 574 763 619 et
789 565 1063 618 inimicis?
1090 563 1157 617 Et
1193 564 1316 617 ideo
1356 577 1462 616 non
1493 561 1663 626 dixit,
1691 560 1824 614 Aliis
1842 599 1857 622 ,
1900 558 1992 612 sed
2012 598 2026 619 .

443 657 634 711 Alienis
661 657 940 724 relinquent
967 655 1165 708 divitias
1188 670 1324 708 suas.
1358 651 1494 722 Quid
1524 660 1606 706 est
1629 660 1827 717 autem,
1861 647 2033 706 Simu.‘

443 749 685 820 insipiens
725 756 771 801 et
807 748 990 801 stultus
1031 746 1258 818 peribunt
1279 747 1304 798 ?
1331 744 1500 801 Simul
1527 759 1648 798 cum
1679 743 1744 797 iis
1769 741 1859 812 qui
1887 741 2032 811 prius

445 840 573 896 dicti
597 848 756 904 sunt,
790 838 977 910 inquit.
1022 838 1118 893 llic
1155 837 1280 892 mihi
1310 836 1518 891 videtur
1556 835 1716 889 verba
1759 832 1935 888 facere
1963 831 2031 886 de

448 933 644 1002 impiis,
676 932 763 1002 qui
794 931 888 985 toti
919 929 1080 986 rebus
1107 927 1459 1000 pncsentibus
1484 919 1627 980 affixi
1658 933 1802 991 sunt,
1835 937 2034 993 easque

449 1023 780 1094 suspiciunt,
808 1022 874 1076 de
900 1022 1090 1076 futuris
1109 1029 1284 1075 autem
1316 1019 1447 1074 nihil
1475 1016 1937 1088 philosophantur,
1968 1029 2029 1067 ea

451 1117 515 1170 de
538 1129 698 1172 causa
728 1127 924 1168 vocans
951 1127 1044 1167 eos
1071 1111 1400 1182 insipientes.
1431 1109 1487 1164 Si
1516 1108 1657 1163 enim
1689 1105 1908 1177 posthac
1930 1145 1943 1168 ,
1977 1112 2035 1158 ut

450 1217 622 1276 putas,
654 1205 785 1259 nihil
811 1205 934 1272 erit,
962 1218 1058 1258 cur
1086 1202 1314 1272 teipsum
1345 1214 1505 1254 vexas
1533 1208 1588 1254 et
1615 1198 1906 1260 excrucias,
1935 1211 2034 1250 un-

447 1302 608 1370 dique
651 1298 900 1368 pecunias
939 1309 1234 1368 congcrens
1257 1336 1274 1363 ,
1305 1303 1360 1349 et
1389 1293 1596 1348 labores
1625 1291 1837 1361 quidem
1867 1289 2032 1344 susti-

451 1405 604 1456 nens,
629 1390 856 1446 fructum
885 1397 1061 1445 autem
1092 1403 1196 1442 non
1225 1383 1565 1457 percipiens?
1591 1380 1660 1435 Et
1687 1381 1917 1451 sepulcra
1945 1395 2032 1433 co-

447 1499 559 1534 rum
603 1482 782 1535 domus
821 1481 1026 1534 illorum
1052 1478 1106 1532 in
1135 1487 1396 1532 attentum.
1443 1473 1553 1529 Hoc
1577 1472 1722 1538 dicit,
1757 1471 1893 1526 sicut
1920 1477 2036 1526 erat

439 1587 630 1626 eorum
673 1570 1014 1626 existimatio.
1061 1565 1408 1623 Tabernacula
1442 1567 1618 1620 eorum
1654 1564 1708 1617 in
1747 1560 2034 1632 progeniem

448 1672 494 1715 et
522 1666 849 1735 progeniem,-
880 1669 1177 1716 vocaverunt
1206 1657 1411 1712 nomina
1433 1673 1526 1711 sua
1553 1656 1606 1710 in
1637 1654 1780 1708 terris
1801 1653 1924 1707 suis.
1953 1650 2032 1721 (α)

448 1756 619 1827 [Alius
635 1764 809 1809 autem
829 1754 976 1820 dicit,
998 1752 1126 1818 Qum
1143 1760 1260 1806 sunt
1279 1751 1414 1804 intra
1433 1748 1610 1802 domos
1629 1761 1801 1801 eorum
1817 1745 1870 1799 in
1880 1753 2034 1798 teter-

448 1864 587 1899 num.
616 1846 871 1900 llebraaus
886 1851 1084 1909 autem,
1095 1833 1592 1896 Carevambatheimo
1604 1833 2034 1909 laholam.]Quid

451 1939 550 1990 hac
582 1935 812 1990 amentia
852 1933 1020 2005 possit
1061 1946 1183 1988 esse
1218 1930 1452 1986 deterius
1475 1969 1493 1996 ,
1528 1943 1686 2000 quam
1725 1935 1909 1997 putare
1941 1941 2031 1980 se-

443 2025 630 2094 pulcra
659 2040 779 2081 esse
809 2024 1027 2081 domum
1056 2021 1410 2093 perpetuam?
1437 2021 1491 2076 in
1522 2020 1588 2076 iis
1612 2017 1837 2090 gloriam
1866 2016 2036 2072 ambi-

442 2118 588 2172 tiose
619 2114 910 2186 persequi?

522 2206 885 2278 Sepulcrorum
918 2207 1097 2277 fastus.
1130 2201 1303 2258 Virtus
1343 2217 1523 2256 nomen
1561 2197 1849 2254 immortale
1877 2197 2031 2267 parit.

449 2296 640 2352 Petrus
667 2297 886 2365 piscator
912 2294 1129 2348 Romam
1153 2293 1436 2364 occupavit.
1457 2320 1530 2330 —
1550 2289 1695 2344 Multi
1712 2296 1862 2344 certe
1891 2302 2035 2358 saepe

452 2391 698 2462 sepulcra
723 2384 1610 2455 construxeruntmagniﬁcentiora
1639 2381 1906 2438 domibus.
1934 2380 2033 2436 Vel

455 2483 604 2536 enim
640 2481 883 2536 hosubus
909 2478 1191 2542 laborant,
1218 2485 1272 2532 et
1299 2474 1640 2542 afflictantur,
1673 2473 1758 2528 vel
1783 2472 1950 2528 vermi
1981 2480 2036 2526 et

446 2571 643 2637 cineri,
669 2571 786 2625 hmc
803 2569 965 2624 stulte
992 2577 1391 2623 consumentes.
1421 2565 1565 2619 Talis
1588 2565 1730 2619 enim
1749 2572 1829 2619 est
1847 2577 2033 2617 eorum

453 2676 604 2718 mens
622 2669 676 2717 et
695 2662 975 2723 sententia,
993 2659 1081 2730 qui
1107 2657 1176 2713 de
1203 2657 1393 2712 futuris
1409 2654 1536 2711 nihil
1561 2663 1794 2726 sperant.
1822 2653 1929 2710 Sed
1951 2653 2036 2707 hic

451 2753 582 2808 mihi
625 2752 770 2807 venit
799 2752 849 2806 in
882 2759 1115 2806 mentem
1145 2748 1424 2820 deplorare
1453 2787 1470 2813 ,
1502 2746 1643 2818 quod
1680 2745 1833 2801 multi
1875 2747 2034 2800 etiam

451 2859 662 2908 corum,
703 2841 792 2913 qui
820 2848 1037 2913 sperant
1079 2840 1272 2905 futura,
1298 2839 1420 2893 illos
1451 2837 1624 2892 hacin
1648 2851 1708 2892 re
1738 2836 2030 2902 imitentur,

452 2934 539 3005 qui
569 2933 766 2988 nullam
799 2932 995 2987 habent
1021 2945 1170 3000 spem
1213 2929 1507 2984 futurorum
1534 2967 1550 2993 ,
1593 2926 1834 2996 sepulcra
1863 2925 2034 2980 :edili-

450 3033 655 3089 cantes,
697 3031 751 3077 et
792 3021 1043 3092 praeclara
1084 3019 1408 3074 monimenta
1439 3027 1828 3082 construentes,
1871 3025 1926 3072 et
1950 3031 2037 3070 au-

452 3129 572 3169 rum
614 3112 953 3178 infodientes,
983 3119 1036 3166 et
1063 3124 1186 3164 suas
1212 3109 1489 3164 facultates
1513 3107 1582 3163 ad
1608 3107 1740 3162 alios
1768 3107 2039 3162 transmit-

457 3215 664 3264 tentes:
693 3207 782 3277 qui
805 3203 1018 3276 quidem
1046 3209 1170 3257 sunt
1195 3201 1293 3256 hac
1319 3202 1370 3255 in
1398 3215 1456 3257 re
1474 3200 1579 3254 illis
1603 3199 1914 3255 deteriores.
1935 3198 2034 3266 Qui

455 3297 597 3352 enim
621 3305 735 3368 post
761 3294 876 3348 lucc
900 3292 1030 3348 nihil
1060 3298 1351 3362 exspectat,
1380 3289 1590 3345 etiamsi
1614 3288 1665 3344 id
1687 3287 1814 3344 facit
1841 3297 2035 3358 printer

457 3391 736 3452 rationem,
755 3395 988 3441 attamen
1009 3385 1130 3455 quia
1147 3382 1278 3438 nihil
1299 3388 1600 3453 cx5pectat,
1621 3395 1776 3436 suum
1799 3380 2035 3437 laborem

454 3491 510 3537 et
550 3479 861 3535 industriam
903 3475 1110 3531 confert
1153 3475 1204 3530 in
1257 3487 1344 3529 res
1388 3483 1697 3543 praesentes.
1726 3469 1808 3528 Tn
1835 3480 2039 3538 autem,

459 3572 640 3634 homo,
665 3568 758 3638 qui
786 3566 923 3620 nosti
953 3564 1117 3619 vitam
1148 3564 1398 3630 futuram,
1425 3571 1480 3618 et
1500 3563 1641 3618 bona
1665 3560 1754 3617 illa
1791 3561 2033 3617 ineﬂ'abi-

459 3666 548 3729 lia,
580 3671 633 3717 et
660 3658 799 3731 quod
840 3675 904 3714 ex
932 3657 1076 3713 dicto
1099 3657 1400 3727 evangelico
1424 3697 1439 3723 ,
1469 3654 1507 3708 Ι
1511 3655 1608 3709 usti
1633 3664 1752 3709 tunc
1778 3655 2036 3726 fulgebunt

457 3763 584 3814 sicut
629 3761 705 3814 sol
737 3756 946 3829 (Matth.
979 3757 1072 3810 l3.
1100 3755 1227 3826 i5):
1260 3767 1415 3823 quam
1463 3750 1670 3805 veniam
1712 3752 2031 3818 assequeris,

457 3852 725 3924 quomodo
756 3858 808 3905 te
833 3847 1110 3914 defendes,
1141 3845 1285 3918 quod
1317 3859 1422 3899 non
1451 3842 1766 3912 supplicium
1791 3843 1911 3912 jure
1939 3857 2035 3912 pa-

458 3945 625 4011 tieris,
668 3942 758 4014 qui
785 3942 872 3996 hic
900 3939 1079 3996 omnia
1105 3952 1389 3994 consumas
1416 3936 1468 3990 in
1489 3934 1728 4004 pulvere,
1752 3934 1805 3988 in
1830 3933 2031 4000 cinere,
2089 3936 2092 3938 ’

459 4038 511 4090 in
552 4033 930 4098 monumentis,
964 4032 1018 4086 in
1047 4029 1311 4098 hostibus,
1343 4029 1395 4082 in
1418 4025 1688 4082 inimicis?
1727 4024 2038 4082 Vaccaei-unt

458 4127 660 4180 nomina
689 4142 780 4180 sua
818 4125 872 4179 in
900 4123 1044 4177 terris
1069 4121 1196 4176 suis.
1223 4119 1363 4174 Ecce
1390 4116 1535 4173 aliud
1576 4131 1744 4189 genus
1767 4117 2036 4184 amentiae,

456 4219 716 4283 aediliciis,
761 4217 902 4288 agris
930 4224 986 4272 et
1016 4213 1220 4270 balneis
1264 4226 1359 4268 sua
1405 4210 1619 4266 nomina
1646 4210 1960 4276 inscribere,
1982 4218 2038 4266 et

459 4319 646 4379 putare
687 4323 746 4364 se
784 4322 1029 4378 magnam
1055 4304 1470 4361 consolationem
1497 4316 1562 4358 ex
1600 4316 1666 4358 co
1695 4303 1958 4372 accipere,
1987 4310 2042 4356 et

462 4401 702 4456 umbram
721 4414 820 4470 pro
841 4401 920 4454 rei
941 4399 1162 4454 veritate
1185 4395 1453 4467 persequi.
1485 4393 1541 4450 Si
1561 4395 1704 4449 enim
1727 4402 2038 4464 perpetuam

462 4493 774 4548 memoriam
814 4490 1108 4556 desideras,
1159 4505 1226 4544 ne
1270 4503 1486 4552 nomen,
1514 4502 1548 4541 o
1587 4485 1770 4553 homo,
1802 4486 2041 4541 (adificiis

461 4584 722 4640 inscribas
748 4623 763 4648 ,
795 4581 890 4636 sed
915 4591 1111 4652 tropaza
1142 4588 1286 4635 recte
1315 4579 1574 4634 factorum
1618 4577 1812 4649 erigas,
1841 4593 1959 4648 qua:
1983 4586 2040 4632 et

463 4677 514 4728 in
562 4671 816 4743 praesenti
846 4671 952 4725 vita
980 4684 1174 4725 nomen
1205 4669 1297 4724 tibi
1326 4677 1664 4735 conservant,
1705 4678 1760 4724 et
1789 4669 1840 4724 in
1867 4668 2040 4724 futura

464 4767 572 4820 vita
611 4761 965 4820 immortalem
995 4761 1087 4816 tibi
1114 4761 1351 4830 requiem
1387 4768 1716 4830 comparant.
1745 4758 1802 4816 Si
1830 4760 1903 4816 sis
1935 4775 2046 4816 me-

468 4854 654 4911 moria:
701 4851 941 4923 cupidus,
967 4865 1066 4921 ego
1109 4859 1162 4904 tc
1202 4849 1370 4905 doceo
1397 4850 1535 4904 viam
1584 4865 1763 4906 veram
1792 4860 1846 4906 et
1890 4865 2043 4922 aper-

470 4949 726 5004 tissimam
759 4961 770 4996 :
797 4941 1006 4999 virtutis
1034 4955 1216 4996 curam
1256 4955 1402 5010 gere.
1449 4939 1588 4995 Nihil
1614 4941 1757 4996 enim
1792 4940 1916 4996 facit
1945 4957 2044 4996 no-

471 5059 592 5100 mcn
619 5041 754 5096 adeo
781 5036 1102 5101 immortale,
1131 5043 1190 5090 ut
1211 5043 1396 5089 natura
1418 5033 1648 5089 virtutis.
1677 5032 1732 5088 ld
1757 5035 2046 5090 ostendunt

468 5145 753 5206 martyres,
797 5128 1082 5184 ostendunt
1121 5126 1482 5198 apostolorum
1525 5125 1786 5197 reliquiae,
1816 5130 2046 5185 ostendit

470 5225 726 5281 memoria
749 5237 933 5278 eorum
961 5220 1050 5291 qui
1074 5228 1218 5275 recte
1234 5226 1287 5272 ct
1308 5217 1361 5272 in
1388 5217 1585 5272 virtute
1612 5218 1876 5272 vixerunt.
1905 5218 2047 5287 Quot

469 5333 621 5388 reges
648 5317 806 5372 urbes
833 5313 1203 5379 condiderunt,
1234 5319 1419 5382 portus
1443 5319 1838 5378 exstruxerunt,
1866 5323 1921 5367 et
1950 5329 2047 5367 no-

531 5442 604 5504 (a)
635 5449 748 5504 qua
780 5439 860 5504 hic
902 5439 1092 5504 uncinis
1133 5436 1424 5504 clauduntur
1467 5439 1518 5504 in
1557 5439 1790 5488 Versione
1829 5440 2048 5504 (sentiant

469 5499 685 5560 tteiv'eti,
710 5514 805 5551 nec
820 5502 871 5550 in
893 5502 1039 5551 Editis
1060 5513 1157 5550 nec
1179 5501 1228 5549 in
1261 5506 1368 5548 Mss.
1411 5499 1669 5558 habentur,
1695 5513 1753 5549 ac
1773 5501 2049 5551 redundare

471 5564 728 5622 videntur;
752 5574 862 5626 quae
883 5571 1050 5614 autem
1069 5563 1150 5614 hic
1173 5563 1523 5626 exprimuntur,
1553 5563 1730 5626 latinis
1772 5562 1932 5613 literis
1951 5570 2048 5612 He-

471 5646 635 5695 braiea
656 5619 822 5702 verba,
842 5645 912 5692 sic
935 5644 984 5692 in
1007 5644 1213 5694 Hebrteo
1237 5619 1451 5702 exstant,
1473 5619 1639 5702 D5136
1665 5647 1835 5698 tam:
1857 5648 2009 5702 eme
2031 5685 2046 5708 ,

471 5736 672 5847 qualus
692 5737 931 5784 convertit
948 5737 1114 5785 nescio
1131 5736 1257 5796 quis,
1283 5748 1390 5798 qtae
1412 5743 1520 5785 simt
1541 5734 1669 5786 intra
1705 5735 1868 5786 domos
1887 5749 2048 5788 en'um

471 5807 523 5846 οη
544 5808 588 5847 te
607 5809 790 5847 emam.

471 5807 523 5846 φη
544 5807 790 5848 a’termtm.

1148 360 1214 412 8.
1258 357 1537 414 JOANNIS
1575 351 2051 410 CIIBYSOSTOMI
2093 351 2411 408 ARCHIEP.
2453 353 2987 411 CONSTANTIN‘OP.

3613 355 3721 408 232

2146 465 2377 522 minibus
2413 469 2524 522 suis
2567 470 2824 540 impositis
2867 471 3230 536 decesserant,
3277 483 3375 523 nec
3425 481 3602 524 tamen
3643 475 3722 525 eis

2139 557 2425 627 quidquam
2475 559 2668 628 profuit
2696 601 2714 626 ,
2748 560 2839 614 scd
2879 560 3090 614 silentio
3121 568 3173 614 et
3207 559 3460 614 oblivioni
3487 561 3720 616 mandati

2139 660 2262 704 sunt
2292 653 2304 704 !
2357 651 2594 707 Piscator
2630 662 2812 707 autem
2845 653 3054 719 Petrus,
3084 651 3173 722 qui
3202 652 3332 706 nihil
3358 650 3718 716 feciteorum,

2139 745 2387 814 quoniam
2417 746 2664 800 virtutem
2695 754 2777 800 est
2806 754 3157 815 persequutus
3181 787 3196 811 ,
3228 753 3282 800 et
3311 745 3578 800 civitatem
3606 761 3713 799 ma-

2140 835 2280 889 xime
2311 835 2508 904 regiam
2536 835 2853 903 occupavit,
2881 834 3040 890 etiam
3072 843 3193 905 post
3226 844 3452 890 mortem
3479 837 3721 905 resplen-

2138 923 2228 975 tlct
2251 923 2366 978 sole
2385 924 2600 978 clarius.
2632 924 2783 992 Quod
2810 933 2868 978 tu
2896 936 3072 980 autem
3099 924 3228 980 lacis
3254 967 3269 990 ,
3290 935 3383 982 est
3412 925 3719 995 ridiculum,

2139 1021 2192 1065 et
2221 1013 2434 1082 plenum
2468 1015 2773 1084 ignominia.
2818 1016 2940 1070 litec
2964 1016 3106 1071 enim
3135 1017 3460 1072 monimenta
3489 1032 3599 1072 non
3626 1032 3706 1073 so-

2143 1103 2253 1158 lum
2277 1120 2382 1159 non
2415 1117 2465 1161 te
2489 1107 2694 1161 clarum
2723 1107 2965 1175 reddent,
2998 1108 3089 1163 scd
3119 1110 3277 1163 ctiam
3305 1108 3722 1165 facientridicn—

2141 1193 2271 1262 lum,
2299 1203 2357 1250 et
2397 1210 2489 1251 ora
2515 1197 2754 1251 omnium
2777 1199 3041 1268 aperient.
3068 1198 3312 1253 IEdilicia
3338 1201 3480 1255 enim
3509 1215 3612 1256 non
3643 1204 3718 1256 si-

2143 1295 2276 1340 nttnt
2318 1296 2458 1341 tuam
2500 1289 2774 1342 avaritiam
2799 1330 2813 1354 ,
2859 1306 2977 1359 quae
3023 1290 3274 1345 oblivioni
3307 1291 3440 1346 tradi
3493 1301 3716 1361 poterat,

2144 1378 2398 1446 temporis
2423 1392 2649 1432 excursu
2676 1380 2976 1450 exstingui,
3005 1391 3058 1434 et
3097 1392 3239 1434 stant
3268 1381 3432 1436 veluti
3459 1383 3718 1438 columnas

2139 1475 2192 1520 et
2238 1477 2434 1537 tropzea
2471 1478 2651 1525 erecta
2698 1471 2958 1525 adversus
3006 1473 3300 1526 avaritiam.
3336 1474 3422 1527 15.
3458 1471 3527 1527 Et
3570 1477 3716 1528 homo

2139 1573 2254 1610 cum
2274 1558 2329 1611 in
2350 1560 2540 1614 honore
2563 1569 2705 1627 esset,
2736 1577 2834 1615 non
2865 1563 3105 1617 intelleaiit
3133 1580 3151 1617 :
3188 1575 3505 1635 comparatus
3533 1577 3604 1620 est
3618 1570 3712 1636 ju-

2141 1650 2318 1702 mentis
2342 1649 2710 1717 insipientibus,
2739 1661 2786 1705 et
2811 1652 2989 1707 similis
3016 1657 3180 1726 fact-us
3208 1666 3280 1708 est
3305 1655 3426 1711 illis.
3458 1657 3554 1712 llic
3585 1659 3709 1712 mihi

2138 1737 2346 1792 videtur
2391 1738 2646 1810 deinceps
2681 1743 2938 1813 propheta
2979 1744 3279 1814 deplorare,
3333 1747 3475 1818 quod
3523 1750 3716 1804 animal

2135 1830 2360 1885 rationis
2387 1833 2667 1904 particeps,
2693 1835 2779 1890 cui
2803 1835 2902 1889 fuit
2928 1836 3176 1891 traditunt
3210 1853 3426 1908 regnum
3458 1840 3510 1894 in
3541 1843 3716 1901 terris.

2139 1937 2206 1978 eo
2243 1922 2611 1992 declinaverit,
2642 1935 2698 1981 ut
2719 1938 2865 1983 esset
2893 1944 2996 1983 non
3026 1931 3202 1985 minus
3222 1932 3329 1985 vile
3355 1932 3711 2002 etahjectum,

2140 2031 2300 2086 quam
2327 2018 2513 2086 bruta,
2549 2018 2676 2073 dum
2705 2020 2758 2074 in
2798 2021 2957 2076 rebus
2984 2022 3136 2077 vanis
3165 2023 3383 2090 laborat,
3417 2033 3473 2080 et
3497 2041 3562 2080 ea
3603 2043 3717 2097 qu-t-

2138 2120 2264 2164 sunt
2308 2126 2419 2165 sua:
2466 2111 2621 2168 saluti
2659 2114 2924 2168 contraria
2969 2115 3204 2178 molitur,
3244 2115 3454 2171 inanem
3494 2117 3716 2187 gloriam

2141 2203 2496 2273 persequitur,
2525 2205 2744 2260 avaritia
2793 2215 3024 2274 tenet-ur,
3053 2208 3105 2262 in
3150 2209 3306 2264 rebus
3347 2210 3619 2266 inutilibus
3660 2229 3718 2266 se

2137 2302 2374 2348 exercet.
2409 2293 2587 2350 Virtus
2630 2296 2771 2350 enim
2808 2305 2890 2351 est
2930 2297 3098 2352 honor
3117 2298 3366 2366 hominis,
3389 2310 3443 2354 et
3469 2301 3536 2356 de
3562 2303 3719 2356 rebus

2138 2383 2332 2440 futuris
2373 2387 2757 2458 philosophari,
2788 2399 2842 2444 et
2869 2391 3046 2446 omnia
3079 2407 3385 2462 procurare,
3416 2410 3534 2464 quae
3561 2396 3628 2450 ad
3657 2397 3719 2449 il-

2140 2476 2244 2532 lam
2272 2478 2432 2532 vitam
2462 2480 2749 2549 pertinent,
2782 2489 2837 2536 et
2867 2485 3145 2552 praesentia
3187 2484 3477 2554 negligere.
3523 2485 3712 2540 Brutu-

2146 2587 2263 2626 rum
2291 2574 2431 2627 enim
2458 2573 2562 2627 vita
2586 2575 2862 2643 praesentis
2890 2575 3010 2630 vita:
3041 2576 3297 2630 limi-tibus
3337 2578 3664 2634 concluditur
3697 2598 3714 2634 :

2139 2672 2318 2718 nostra
2345 2675 2518 2719 autem
2549 2665 2714 2720 tendit
2737 2666 2803 2722 ad
2831 2667 2985 2720 aliam
3023 2668 3318 2736 meliorem,
3344 2680 3397 2724 et
3424 2670 3573 2739 cujus
3603 2687 3709 2727 non

2139 2765 2222 2810 cst
2252 2757 2391 2812 linis.
2421 2757 2525 2814 Sed
2556 2757 2610 2812 lii
2637 2758 2725 2829 qui
2745 2759 2812 2814 tle
2840 2758 3030 2815 futuris
3055 2761 3184 2814 nihil
3215 2762 3407 2828 sciunt,
3438 2773 3563 2818 sunt
3583 2764 3711 2819 bru-

2140 2848 2209 2904 tis
2235 2848 2527 2905 deteriores
2561 2867 2575 2905 :
2605 2865 2708 2906 nec
2729 2852 2766 2906 ii
2788 2851 2961 2906 solum
2992 2892 3007 2918 ,
3037 2851 3132 2907 sed
3172 2853 3330 2907 etiam
3361 2855 3448 2924 qui
3483 2855 3716 2910 scelera-

2141 2950 2246 2994 tam
2295 2949 2349 2996 et
2394 2941 2651 3011 perditam
2679 2943 2838 3000 vitam
2879 2952 3060 3014 agunt,
3092 2953 3278 3014 utpmc
3325 2947 3414 3016 qui
3447 2945 3573 3002 fiant
3599 2963 3716 3002 ser-

2142 3040 2348 3100 pentes,
2373 3033 2586 3102 scorpii,
2611 3040 2666 3088 et
2682 3033 2789 3104 lupi
2816 3044 3030 3105 propter
3051 3036 3463 3106 improbitatem,
3491 3041 3717 3095 etbm'es

2141 3129 2368 3192 proptcr'
2383 3123 2708 3190 vecordiam,
2737 3133 2792 3180 et
2817 3141 2977 3180 canes
3007 3137 3222 3196 propter
3243 3127 3641 3197 impudentiam.

2210 3215 2262 3268 7.
2306 3213 2472 3268 Virtus
2492 3215 2602 3269 sola
2626 3216 2916 3270 memoriam
2944 3217 3216 3288 gloriosam
3241 3221 3410 3288 parit;
3432 3238 3581 3291 quam
3601 3223 3717 3292 glo-

2139 3307 2274 3361 riosa
2313 3315 2494 3360 natura
2538 3307 2792 3373 heminis;
2833 3320 3021 3378 quanta
3065 3309 3223 3363 animi
3271 3311 3526 3381 dignitas;
3566 3314 3714 3367 honto

2141 3397 2297 3452 brutis
2317 3405 2658 3466 comparatus.
2681 3427 2753 3436 —
2773 3396 2907 3464 Quid
2930 3399 3093 3466 enim,
3122 3399 3234 3465 dic,
3256 3413 3460 3467 quaeso,
3481 3408 3564 3455 est
3585 3399 3714 3455 insi-

2140 3487 2370 3557 pientius
2407 3488 2470 3542 iis
2495 3487 2584 3558 qui
2628 3488 2680 3542 in
2711 3488 2970 3559 sepulcris
3012 3498 3068 3544 et
3090 3491 3450 3546 monumentis
3497 3507 3712 3562 operam

2139 3591 2290 3632 suam
2314 3578 2594 3646 collocant,
2619 3587 2673 3634 et
2693 3579 2760 3634 ad
2785 3579 3007 3634 aliorum
3036 3581 3308 3634 nominum
3337 3582 3715 3652 appellationes

2139 3679 2282 3724 stant
2328 3670 2536 3726 hiantes
2583 3680 2638 3726 et
2683 3671 3025 3727 mirabundi?
3053 3672 3190 3726 Nihil
3221 3674 3361 3728 cnim
3404 3677 3712 3729 ntcmoriam

2139 3761 2301 3817 efﬁcit
2330 3772 2678 3834 praeterquam
2710 3765 2822 3819 sola
2842 3765 3028 3833 virtus,
3063 3782 3165 3821 non
3191 3767 3351 3831 (edes,
3378 3782 3481 3822 non
3500 3777 3709 3830 statum.

2142 3867 2246 3905 non
2274 3851 2386 3916 lilii,
2414 3866 2520 3907 non
2539 3852 2736 3924 aliquid
2755 3853 2897 3908 aliud
2919 3853 3197 3923 ejusmodi.
3230 3855 3392 3910 115ch
3415 3857 3556 3911 enim
3580 3871 3714 3926 Opus

2139 3950 2265 3998 sunt
2290 3943 2598 4010 architecti,
2644 3952 2830 3998 statuat
2872 3944 3149 4012 statuarii,
3183 3943 3273 3999 filii
3299 3960 3428 4000 vero
3467 3956 3710 4008 naturae;

2143 4036 2216 4090 tui
2255 4045 2433 4119 aqtem
2469 4051 2726 4107 nusquam
2756 4044 2839 4092 est
2861 4037 3134 4092 memoria.
3165 4037 3235 4091 Et
3272 4037 3390 4093 ideo
3417 4048 3571 4093 vocat
3591 4053 3711 4094 eum

2143 4128 2354 4184 brutum
2385 4128 2642 4200 propheta
2670 4145 2684 4182 :
2713 4129 2962 4199 quoniam
2997 4144 3117 4183 cum
3143 4129 3458 4200 insipientia:
3487 4146 3547 4186 se
3588 4131 3716 4200 jugo

2142 4219 2465 4287 submiscrit,
2515 4220 2671 4275 bruto
2705 4220 2943 4276 deterius
2989 4220 3220 4276 ducitur.
3269 4221 3402 4276 illud
3449 4223 3594 4278 enim
3635 4231 3718 4278 est

2137 4313 2272 4370 utile
2297 4322 2353 4369 et
2379 4322 2560 4383 aptum
2587 4312 2652 4368 ad
2681 4313 3059 4383 agriculturam
3084 4329 3100 4378 ;
3131 4313 3216 4367 hic
3257 4322 3456 4381 autem,
3484 4315 3573 4384 qui
3619 4330 3718 4370 sc—

2145 4404 2317 4475 ipsum
2341 4404 2565 4473 subjecit
2583 4403 2922 4473 insipientia,
2943 4403 3031 4457 illo
3051 4403 3209 4458 etiam
3236 4403 3288 4457 in
3321 4403 3420 4458 hoc
3441 4403 3612 4459 factus
3636 4415 3717 4459 est

2145 4496 2400 4552 deterior.
2426 4495 2687 4564 Quoniam
2713 4496 2855 4551 enim
2872 4496 3116 4565 superius
3145 4495 3370 4562 dixerat,
3391 4511 3546 4567 quam
3574 4507 3718 4552 esset

2145 4603 2298 4644 mens
2316 4603 2500 4644 eorum
2526 4603 2722 4654 crassa,
2753 4597 2986 4654 terrena,
3016 4588 3136 4642 vilis
3161 4597 3215 4643 ct
3239 4588 3464 4658 abjecta,
3488 4599 3540 4644 et
3559 4604 3715 4658 quam

2149 4679 2350 4734 inutilis
2377 4689 2521 4734 esset
2545 4679 2696 4735 labor
2719 4693 2902 4734 eorum
2937 4679 2990 4734 in
3027 4677 3282 4749 cogendis
3320 4679 3593 4749 pecuniis:
3622 4693 3729 4732 vo-

2149 4771 2267 4827 lens
2305 4770 2627 4841 amplificare
2666 4785 2850 4825 eorum
2892 4771 3321 4835 accusationem,
3369 4769 3582 4825 adducit
3628 4770 3718 4824 Dei

2151 4863 2404 4920 beneﬁcia
2437 4882 2451 4918 :
2495 4863 2636 4935 quod
2662 4863 2837 4919 solent
2872 4877 3012 4931 saepe
3042 4861 3216 4917 facere
3241 4862 3530 4932 prOphetee.
3563 4862 3719 4916 Isaias

2148 4957 2314 5022 enim,
2358 4971 2480 5011 cum
2524 4963 2669 5010 esset
2713 4962 3193 5017 eos'accusaturus,
3241 4953 3468 5021 primum
3511 4951 3719 5022 quidem

2152 5047 2280 5103 dicit
2306 5047 2562 5102 honorem
2588 5061 2693 5116 quo
2720 5045 2888 5101 Judaei
2913 5061 2944 5098 a
2974 5045 3084 5099 Deo
3125 5043 3298 5098 allecti
3320 5053 3464 5110 sunt,
3494 5043 3563 5098 ita
3587 5043 3722 5096 scri-

2152 5141 2317 5196 bens:
2343 5137 2505 5193 Filios
2530 5139 2711 5206 genui,
2741 5146 2788 5190 et
2828 5136 3050 5191 exaltari
3077 5150 3096 5190 :
3132 5135 3229 5203 ipsi
3251 5144 3419 5188 autem
3448 5149 3526 5186 me
3555 5131 3727 5186 nihili-

2155 5234 2375 5302 fecerunt
2403 5228 2552 5302 (lsai.
2585 5229 2637 5284 ι.
2663 5228 2742 5297 2).
2770 5227 2884 5282 Hoc
2909 5227 3066 5298 igitur
3089 5227 3142 5280 in
3174 5226 3292 5281 loco
3316 5265 3331 5291 ,
3361 5239 3463 5278 una
3493 5222 3724 5278 dictione

2156 5323 2435 5379 declarans
2458 5321 2712 5378 beneficia
2741 5335 2860 5391 qua:
2898 5319 3141 5376 homines
3167 5333 3199 5373 a
3224 5317 3335 5373 Deo
3364 5323 3684 5386 acceperunt
3703 5355 3720 5378 ,

2163 5415 2346 5479 "ante,
2392 5413 2579 5484 inquit,
2628 5428 2742 5465 cum
2777 5411 2830 5464 in
2882 5409 3071 5464 honore
3115 5417 3262 5475 esset,
3311 5422 3414 5460 non
3461 5403 3722 5460 intellexit.

2155 5509 2449 5578 Quemnam
2494 5515 2670 5561 autem
2722 5502 2852 5558 dicit
2913 5500 3212 5557 honorem?
3264 5499 3401 5554 Audi
3458 5513 3580 5554 eum
3627 5495 3728 5550 alio

2156 5603 2366 5659 Psalmo
2391 5601 2656 5655 dicentem
2686 5614 2701 5652 :
2725 5594 2957 5651 Minuisti
2992 5609 3106 5649 eum
3131 5591 3284 5662 paulo
3307 5593 3470 5644 minus
3490 5589 3552 5642 ab
3574 5602 3728 5657 ange-

2159 5697 2240 5762 lis,
2269 5697 2430 5768 gloria
2458 5703 2503 5748 et
2528 5695 2715 5746 honore
2733 5687 2984 5744 coronasti
3004 5685 3150 5756 eunt(
3179 5683 3322 5740 Psal.
3343 5683 3396 5738 8.
3418 5681 3452 5736 ϐ
3469 5684 3508 5751 ).
3535 5679 3728 5735 Deinde

2162 5801 2436 5860 exponens
2462 5785 2744 5851 honorem,
2769 5777 3076 5849 subjungitt
3116 5777 3298 5833 Omnia
3345 5772 3599 5843 subjecisti
3643 5774 3729 5824 sub
