4114 6278
382 352 497 410 253

391 491 601 559 pedibus
644 489 755 560 ejus
779 529 792 551 ,
825 502 957 552 oues,
983 497 1027 540 et
1065 485 1209 541 boves
1254 486 1542 550 universas;
1568 488 1776 557 insuper
1803 495 1848 540 et
1877 503 1964 556 pe-

388 597 511 635 cora
546 579 728 650 campi,
756 578 981 633 volucres
1005 578 1116 632 cwli
1141 586 1190 633 et
1223 578 1379 646 pisces
1405 578 1558 632 maris
1581 579 1668 648 qui
1700 578 1968 647 perambu-

391 672 502 725 lant
526 672 720 726 semitas
747 669 904 723 maris
931 666 1108 739 (Ibid.
1137 685 1184 722 υ.
1215 669 1267 724 8.
1292 667 1370 738 9).
1403 669 1498 722 Hic
1523 675 1605 722 est
1629 669 1771 723 enim
1801 668 1969 723 honor

395 763 549 832 longe
573 761 850 825 maximus,
881 759 932 815 ei
961 759 1013 812 in
1040 759 1218 814 omnia
1247 775 1367 829 qua:
1388 759 1636 814 videntur
1660 759 1969 829 permisisse

391 851 749 915 dominatum,
779 848 938 919 idque
987 864 1106 904 cum
1144 849 1275 902 nihil
1318 858 1461 904 recte
1509 849 1780 919 gessisset.
1831 850 1964 904 Cum

390 943 530 996 enim
558 956 680 996 eum
713 941 948 996 nondum
981 941 1244 1007 ﬁnxisset,
1271 941 1442 996 dixit:
1474 940 1751 996 Faciamus
1795 942 1962 996 Itami-

387 1050 498 1088 ncm
513 1034 579 1087 ad
601 1035 870 1105 imaginem
907 1043 954 1086 et
969 1033 1348 1086 similitudinem
1363 1041 1587 1086 nostram
1607 1031 1767 1104 (Gen.
1783 1033 1834 1088 l.
1849 1033 1962 1105 26).

391 1123 590 1180 Deinde
621 1125 982 1195 interpretans
1005 1123 1135 1178 illud
1158 1165 1175 1192 ,
1197 1123 1276 1177 Ad
1312 1124 1580 1192 imaginem
1602 1164 1618 1190 ,
1646 1124 1920 1192 subiunxit
1943 1165 1960 1190 ,

383 1215 448 1268 Et
475 1215 684 1286 prasint
707 1213 926 1285 piscibus
963 1215 1122 1268 maris
1138 1255 1152 1278 ,
1179 1223 1226 1268 et
1247 1214 1532 1269 volatilibus
1554 1214 1666 1270 cadi
1681 1256 1696 1282 ,
1718 1224 1767 1270 et
1794 1215 1962 1269 bestiis

378 1315 544 1358 terrai.
572 1305 640 1360 Et
680 1305 820 1359 hune
852 1305 1102 1371 brevem,
1129 1303 1483 1360 tricubitalem
1513 1304 1618 1377 (a),.
1659 1313 1715 1361 et
1758 1305 1960 1360 viribus

376 1395 624 1466 corporis
647 1395 820 1450 brutis
862 1395 1022 1466 longe
1058 1395 1363 1451 inferiorem
1386 1438 1402 1459 .
1449 1397 1670 1452 rationis
1697 1396 1957 1452 afﬁnitate

379 1486 506 1541 fecit
530 1486 737 1542 cunctis
762 1485 1138 1550 excelsiorem,
1168 1487 1400 1540 animam
1428 1487 1740 1543 rationalem
1763 1488 1813 1542 ei
1845 1487 1953 1541 lar-

377 1580 522 1647 gitus
547 1595 566 1632 :
590 1577 733 1647 quod
777 1577 989 1648 quidem
1019 1587 1104 1632 est
1132 1577 1354 1633 honoris
1391 1581 1602 1651 signpm
1643 1578 1952 1633 maximum.

378 1669 483 1724 Per
502 1682 625 1723 eum
651 1668 792 1723 enim
810 1668 1050 1724 civitates
1065 1668 1322 1734 condidit,
1352 1684 1498 1724 mare
1523 1671 1714 1737 secuit,
1746 1679 1945 1726 terram

369 1761 560 1826 coluit,
581 1769 722 1815 artes
748 1760 948 1815 invenit
977 1760 1410 1827 innumerabiles,
1439 1759 1727 1817 ferociores
1751 1762 1953 1818 belluas

372 1851 665 1921 superavit,
698 1850 910 1920 etquod
937 1861 1019 1906 est
1041 1853 1276 1906 manium
1303 1854 1592 1911 maximum
1619 1863 1674 1909 et
1698 1855 1949 1925 primum,

375 1943 568 2008 Deum,
591 1943 680 2012 qui
709 1942 834 1997 fecit
861 1943 1030 2012 ipsum
1050 1983 1069 2008 ,
1097 1943 1372 2012 cognovit,
1405 1953 1459 1999 et
1487 1944 1554 1999 ad
1582 1945 1824 2001 virtutem
1850 1947 1950 2002 de-

373 2035 569 2088 ductus
606 2044 709 2100 est,
733 2035 985 2104 novitque
1012 2034 1138 2106 quid
1167 2037 1237 2092 sit
1256 2036 1476 2102 bonum,
1503 2038 1628 2108 quid
1655 2054 1832 2095 secus.
1852 2041 1952 2097 So-

371 2127 452 2180 lus
480 2141 545 2180 cx
579 2126 645 2181 iis
667 2141 789 2197 qua:
814 2126 1080 2193 videntur,
1108 2129 1273 2184 Deum
1303 2139 1448 2193 orat;
1481 2130 1833 2187 revelationes
1858 2146 1948 2186 ac-

373 2219 550 2288 cepit,
581 2219 738 2289 idque
765 2219 914 2274 solus
939 2235 1124 2275 rursus
1155 2237 1170 2274 :
1212 2223 1458 2292 cognovit
1482 2223 1648 2279 multa
1673 2240 1864 2281 arcana
1892 2236 1948 2282 et

367 2309 676 2374 ineffabilia,
707 2309 896 2365 didicit
913 2326 1033 2381 qua:
1071 2321 1194 2367 sunt
1224 2313 1275 2368 in
1316 2316 1499 2380 cadis;
1531 2325 1748 2386 propter
1773 2318 1945 2387 ipsum

371 2411 534 2467 terra,
571 2411 789 2471 propter
817 2402 990 2470 ipsum
1013 2403 1223 2469 czelum,
1251 2417 1464 2474 propter
1486 2405 1657 2477 ipsum
1683 2407 1764 2462 sol
1794 2418 1848 2462 et
1869 2409 1945 2462 si-

363 2492 515 2557 dera,
542 2502 762 2563 prepmr
789 2494 961 2564 ipsum
1003 2495 1142 2549 lunae
1166 2510 1375 2564 cursus,
1403 2505 1782 2569 tempestatum
1811 2514 1940 2555 cen-

361 2584 776 2654 versionnmque
794 2585 1252 2654 vicissitudines‘;
1281 2600 1496 2659 propter
1520 2590 1690 2659 ipsum
1719 2589 1942 2660 fructus,

355 2673 584 2730 arbores
606 2684 662 2752 et
683 2683 756 2730 tot
778 2691 970 2746 genera
995 2679 1364 2744 animantium;
1392 2683 1794 2752 propteripsum
1827 2684 1942 2739 dies

360 2774 418 2819 et
465 2781 569 2821 nox
594 2743 621 2832 ;’
661 2743 877 2837 propter
907 2768 1076 2839 ipsum
1118 2770 1264 2824 missi
1302 2782 1426 2825 sunt
1453 2774 1677 2842 apostoli
1727 2785 1780 2830 et
1821 2790 1944 2845 pro-

363 2857 561 2927 phetae,
590 2857 806 2930 propter
849 2861 1021 2931 ipsum
1049 2878 1192 2932 saepe
1223 2865 1367 2918 missi
1407 2875 1534 2920 sunt
1559 2869 1754 2939 angeli.
1802 2871 1939 2938 Quid

368 2946 610 3015 pluribus
627 2964 759 3017 opus
780 2950 905 3004 est?
946 2951 1128 3022 Neque
1152 2955 1295 3008 enim
1330 2954 1444 3010 ﬁeri
1478 2965 1652 3026 potest
1677 2968 1736 3015 ut
1758 2962 1935 3016 omnia

369 3051 763 3107 persequamur.
793 3040 1018 3110 Propter
1066 3043 1237 3112 ipsum
1289 3046 1588 3116 unigenitus
1633 3049 1726 3104 Dl'i
1773 3051 1938 3108 Filius

362 3130 527 3182 homo
556 3128 724 3184 factus
746 3139 851 3196 est,
877 3133 1188 3198 cruciﬁxus,
1207 3144 1261 3190 et
1287 3139 1527 3208 sepultus
1546 3181 1562 3205 ,
1593 3149 1649 3195 et
1678 3142 1932 3198 terribilia

360 3218 451 3272 illa
472 3219 725 3275 miracula
750 3222 883 3277 facta
913 3233 1038 3278 sunt
1069 3236 1186 3293 post
1215 3230 1678 3287 resurrectionem.
1711 3233 1936 3304 Propter

356 3313 530 3379 ipsum
560 3314 677 3382 lex,
711 3323 926 3384 propter
964 3317 1134 3388 ipsum
1163 3321 1470 3387 paradisus,
1519 3336 1734 3394 propter
1758 3328 1933 3396 ipsum

354 3402 647 3459 diluvium.
677 3405 809 3460 Nam
851 3407 953 3463 hoc
975 3425 1185 3479 quoque
1214 3423 1295 3465 est
1322 3414 1609 3471 maximum
1636 3433 1804 3486 genus
1838 3420 1932 3475 ho-

353 3498 524 3564 noris,
557 3512 678 3552 eum
720 3507 775 3553 et
801 3499 1072 3556 beneﬁciis
1099 3511 1155 3558 et
1181 3506 1354 3573 poenis
1380 3508 1664 3578 corrigere.
1707 3509 1933 3582 Pr0pter

355 3586 529 3656 ipsum
556 3589 701 3643 omni
724 3589 885 3659 priori
917 3600 1156 3661 tempore
1185 3595 1547 3653 inmnerabilia
1573 3609 1722 3670 gesta
1749 3611 1804 3659 et
1832 3604 1930 3659 ad-

351 3676 654 3732 ministrata
679 3689 828 3734 sunt.
874 3682 1042 3737 Porro
1067 3684 1238 3754 ipsum
1269 3702 1484 3759 quoque
1521 3688 1754 3748 futurum
1783 3694 1930 3765 judi-

348 3768 495 3822 cium
521 3768 579 3823 ﬁt
604 3779 822 3841 propter
845 3772 963 3842 ejus
998 3774 1273 3833 honorem.
1306 3779 1564 3846 Quocirca
1590 3782 1692 3839 Job
1720 3803 1931 3858 quoque

347 3858 485 3915 dicit
516 3880 532 3916 :
561 3859 699 3930 Quid
721 3872 795 3918 est
841 3864 990 3920 homo
1028 3867 1163 3937 quod
1213 3870 1405 3925 duxisti
1429 3889 1546 3927 eum
1585 3876 1639 3929 in
1671 3878 1926 3948 judicium

347 3950 501 4020 (Job
531 3952 618 4007 ﬂ.
663 3955 779 4022 5)?
828 3959 1274 4024 quemadmodum
1320 3962 1448 4018 alibi
1475 3964 1603 4020 dicit
1631 3967 1746 4037 ipse
1782 3971 1928 4039 psal-

347 4043 508 4096 snista
533 4059 547 4097 :
578 4042 712 4108 Quid
731 4055 804 4098 est
829 4046 978 4101 homo
1001 4050 1138 4118 quod
1156 4068 1346 4106 memor
1371 4071 1424 4108 es
1447 4057 1558 4125 ejus
1584 4057 1755 4128 (Psal.
1773 4060 1827 4115 8.
1846 4062 1928 4133 5)?

349 4133 576 4203 Propter
599 4135 771 4206 ipsum
798 4153 982 4194 rursus
1009 4143 1184 4198 veniet
1211 4142 1523 4216 Unigenitus
1548 4149 1756 4206 donans
1787 4154 1924 4211 bona

347 4226 772 4282 innumerabilia.
795 4230 911 4284 Alia
939 4233 1080 4288 enim
1101 4234 1210 4304 jam
1241 4236 1389 4294 dedit
1429 4255 1526 4309 per
1559 4241 1878 4313 baptismum
1905 4287 1922 4314 ,

340 4323 402 4373 ct
420 4327 774 4386 sacramenta,
789 4329 843 4375 et
865 4323 1140 4394 mysticam
1177 4327 1332 4382 aliam
1354 4329 1704 4390 initiationem
1730 4338 1922 4394 collata

348 4409 486 4464 bona
505 4450 522 4475 ,
553 4420 610 4466 et
635 4413 754 4468 aliis
783 4415 1053 4472 miraculis
1089 4429 1282 4475 terram
1309 4422 1547 4494 implevit
1567 4429 1624 4481 ':
1655 4430 1757 4484 alia
1787 4447 1916 4488 vero

347 4515 407 4553 se
432 4498 678 4556 daturum
717 4513 802 4559 est
849 4506 1117 4574 pollicitus
1140 4551 1156 4576 ,
1201 4528 1419 4583 regnum
1452 4519 1723 4586 cmlorum,
1756 4524 1919 4580 vitam

347 4600 602 4647 :eternam
627 4635 642 4662 ,
686 4594 948 4652 facturum
1000 4616 1129 4656 suos
1173 4603 1416 4674 heredes,
1454 4609 1682 4682 illosque
1707 4629 1829 4669 cum
1857 4631 1924 4672 eo

343 4692 656 4752 regnaturos
682 4685 702 4758 (
726 4685 880 4742 Rom.
908 4688 1123 4763 8.17).
1160 4693 1417 4760 Quocirca
1470 4699 1665 4757 Paulus
1710 4721 1923 4778 quoque

341 4771 555 4829 dicebat
581 4791 594 4828 :
630 4774 692 4832 Si
711 4780 1034 4846 sustinemus,
1071 4792 1119 4836 et
1148 4789 1558 4856 conregnabimus
1579 4792 1597 4862 (
1620 4793 1676 4848 2.
1702 4771 1918 4852 Ίῖὶηιίὲ.

344 4863 414 4918 12
439 4862 478 4935 ).
506 4865 632 4922 ιιωο
655 4883 782 4940 ergo
801 4872 978 4925 omnia
1003 4875 1350 4932 considerans
1391 4881 1645 4951 propheta
1683 4901 1778 4941 eos
1801 4888 1920 4956 jure

343 4954 514 5010 brutis
533 4968 824 5028 comparat,
857 4963 949 5033 qui
983 4973 1181 5019 tantam
1221 4968 1548 5026 nobilitatem
1591 4976 1718 5030 vitio
1745 4954 1908 5046 prodi-

339 5046 558 5115 derunt,
588 5057 644 5103 et
678 5051 744 5104 ad
795 5051 1102 5111 affectiones
1155 5057 1365 5114 illorum
1406 5061 1767 5122 desciverunt.
1800 5069 1913 5127 lloc

338 5139 518 5207 ipsum
564 5153 708 5211 saepe
731 5141 933 5200 faciunt
958 5147 1049 5202 alii
1080 5163 1289 5220 quoque
1315 5155 1606 5224 praphette,
1639 5159 1918 5230 impuden-

338 5241 448 5286 tem
473 5231 772 5290 auditorem
811 5237 1053 5294 volentes
1090 5256 1188 5312 per
1234 5250 1686 5316 comparationem
1715 5257 1917 5324 pudere

335 5322 665 5381 sulfundere.
715 5326 786 5383 Et
813 5328 905 5385 ille
942 5331 1158 5400 quidem
1207 5335 1379 5405 dicit,
1425 5338 1558 5409 Equi
1606 5344 1661 5397 in
1703 5322 1918 5415 fendnas

396 5459 1199 5544 1::s-a‘vil.“etllss.lu__ﬂorel.
1220 5481 1402 5536 autem,
1427 5483 1473 5528 et
1494 5483 1824 5544 tempestatum
1848 5484 1915 5536 ri-

327 5519 653 5585 cissitudincs,
681 5530 727 5575 et
749 5519 1107 5579 conversionum
1129 5519 1342 5585 chorus:

937 5589 1166 5656 implevit,
1199 5584 1378 5649 desunt
1417 5599 1465 5651 in
1499 5601 1628 5653 Colb.
1655 5613 1708 5657 et
1738 5607 1913 5672 Savil.;

326 5641 480 5692 habet
496 5641 657 5695 autem
682 5655 798 5700 Rea.
823 5651 931 5700 655.

365 5768 368 5772 I
379 5704 1110 5792 fazérficplhital'emhhominem
1146 5715 1262 5770 dicit
1303 5721 1450 5773 etiam
1485 5729 1798 5792 Geograpbus
1821 5739 1910 5783 Nu-

326 5763 512 5818 hienSis
533 5770 582 5819 iu
599 5769 797 5824 clbnate
821 5774 983 5824 tertio.

1480 370 1836 430 EXI’OSI'I‘IO
1865 368 1926 422 IN
1969 369 2286 430 I‘SALMUM
2332 378 2556 435 XLVIII.

3557 400 3660 457 ΞΜ

2076 482 2377 541 insanientes
2399 492 2519 558 [acti
2560 502 2677 548 sunt
2703 496 2722 565 (
2750 495 2859 550 Jcr.
2889 499 2943 553 5.
2971 499 3005 554 8
3033 499 3088 570 );
3118 500 3201 555 hic
3233 518 3395 561 vero:
3419 507 3659 580 Cognovit

2075 573 2162 627 bos
2206 593 2542 644 possessorem
2585 600 2730 639 suum
2757 629 2772 653 ,
2829 596 2879 642 et
2903 592 3076 645 asinus
3103 609 3326 663 pra'sepe
3361 600 3552 656 domini
3571 607 3653 659 sui

2079 665 2233 735 (Isui.
2272 670 2322 724 l.
2354 671 2390 726 5
2415 669 2434 742 )
2457 714 2470 738 ,
2522 676 2766 733 acerbius
2792 696 2952 750 quam
3000 683 3164 740 David
3213 687 3457 758 loquens.
3495 695 3657 752 David

2070 759 2214 812 enim
2247 760 2412 816 dicit:
2445 764 2776 837 Comparatus
2817 782 2888 826 est
2922 776 3169 844 jumentis
3202 780 3547 852 insipientibus
3568 829 3583 854 ,
3611 801 3658 844 et

2071 849 2256 905 similis
2289 853 2454 921 [actus
2480 856 2618 925 illis;
2649 861 2739 916 ille
2784 873 2962 921 autem
2995 868 3125 924 dicit
3165 887 3258 927 eos
3289 849 3452 932 fuisse
3490 849 3658 950 magis

2069 953 2328 1009 eXpertes
2368 947 2589 1004 rationis
2616 967 2776 1019 quam
2823 955 3024 1013 bruta:
3067 962 3154 1016 illa
3205 966 3348 1020 enim
3372 1007 3388 1032 ,
3440 947 3609 1040 inquit
3641 1016 3657 1038 ,

2066 1045 2436 1100 cognoverunt
2455 1054 2835 1109 possessorem.
2860 1047 3026 1105 Israel
3043 1069 3176 1120 uero,
3191 1073 3268 1110 ms
3288 1075 3389 1114 non
3405 1066 3654 1135 cognorit.

2141 1121 2196 1177 8.
2227 1126 2365 1181 Alibi
2396 1144 2612 1200 quoque
2640 1135 2776 1190 alius
2809 1138 3024 1206 quidam
3055 1144 3136 1197 vir
3176 1148 3430 1218 sapiens,
3465 1121 3656 1210 ’δειδυ-

2069 1209 2204 1267 dens
2237 1216 2322 1270 vel
2351 1218 2587 1276 formicis
2613 1239 2734 1280 esse
2780 1227 3103 1290 deteriorem
3147 1239 3318 1294 virum
3363 1243 3568 1313 pigrum
3598 1258 3656 1302 et

2069 1302 2306 1360 desidem
2327 1349 2342 1374 ,
2379 1318 2434 1364 et
2478 1313 2589 1367 otio
2614 1315 2952 1388 languentem
2977 1363 2996 1390 ,
3041 1341 3163 1382 eum
3214 1331 3336 1388 illuc
3363 1302 3526 1391 mittit
3547 1379 3564 1403 ,
3596 1348 3654 1393 ut

2062 1393 2234 1450 discat
2253 1412 2372 1453 esse
2415 1401 2708 1462 laboriosus
2739 1426 2753 1463 :
2793 1409 2954 1480 Vade,
2973 1416 3176 1484 dicens,
3210 1422 3280 1475 ad
3307 1393 3588 1493 fornicum,
3616 1448 3648 1484 ο

2063 1486 2204 1556 piger
2223 1529 2238 1555 ,
2269 1498 2317 1543 et
2343 1491 2546 1550 imitare
2567 1497 2674 1554 vias
2699 1502 2810 1570 ejus
2835 1502 2856 1577 (
2878 1504 3038 1562 Prov.
3070 1509 3124 1566 6.
3155 1486 3318 1586 6-8):
3341 1516 3447 1572 Illa
3493 1486 3646 1589 enim,

2062 1591 2177 1629 cum
2203 1595 2293 1632 nec
2316 1597 2496 1652 agrum
2525 1589 2716 1643 cultum
2749 1593 2964 1664 habeat,
2988 1616 3080 1654 nec
3115 1603 3179 1657 sit
3197 1606 3284 1672 qui
3313 1624 3424 1662 eam
3463 1622 3645 1682 cogat,

2061 1686 2151 1723 nec
2175 1671 2367 1728 domini
2397 1679 2606 1747 imperio
2629 1694 2836 1752 pareat,
2868 1701 3016 1757 parat
3051 1671 3222 1750 testate
3243 1671 3544 1756 alimenta»;
3555 1745 3568 1768 ,
3599 1718 3648 1759 et

2062 1769 2282 1830 tempore
2331 1770 2504 1824 messis
2540 1774 2702 1828 multa
2749 1782 2965 1849 reponit.
3019 1784 3225 1842 Rursus
3271 1801 3446 1848 autem
3495 1796 3646 1864 jubet

2062 1850 2141 1906 ire
2168 1853 2235 1908 ad
2263 1870 2418 1924 apem
2453 1875 2468 1913 :
2500 1859 2836 1934 Proﬁciscere
2858 1872 2928 1923 ad
2955 1889 3132 1943 apem,
3176 1889 3219 1932 et
3268 1881 3403 1936 disce
3429 1850 3645 1955 qubdea

2060 1944 2124 1997 sit
2141 1949 2394 2014 operaria.
2439 1951 2580 2006 Nam
2628 1958 2933 2032 principium
2978 1964 3243 2022 ditlrorum
3270 1944 3465 2043 [ructus
3494 1977 3603 2046 ejus
3629 2021 3642 2038 .

2055 2035 2200 2105 cujus
2245 2037 2440 2095 labores
2485 2060 2627 2116 reges
2679 2057 2727 2102 et
2775 2053 2960 2120 privati
2991 2058 3060 2110 ad
3100 2035 3368 2118 sanitalem
3420 2035 3644 2134 alierum

2055 2124 2075 2195 (
2096 2125 2258 2182 Eccli.
2305 2132 2395 2188 Η.
2436 2134 2472 2189 5
2569 2138 2721 2194 Alius
2749 2157 2882 2202 vero.
2911 2145 3068 2202 dicit:
3095 2148 3362 2223 Principes
3394 2124 3642 2214 licitam-

2052 2232 2204 2310 quam
2239 2219 2347 2290 lupi
2374 2223 2576 2280 Arabia:
2615 2228 2893 2302 (Sep/ton.
2936 2237 2990 2291 δ.
3041 2241 3074 2294 s
3104 2242 3144 2310 ).
3197 2219 3434 2302 Et'alius
3473 2266 3487 2302 ε
3528 2251 3642 2306 Se—

2055 2306 2177 2362 disti
2204 2310 2256 2364 in
2291 2313 2489 2369 deserto
2509 2357 2523 2381 ,
2554 2327 2808 2388 tamquam
2832 2329 3013 2382 cornix
3039 2306 3170 2403 (Jer.
3190 2335 3241 2388 5.
3259 2336 3337 2407 2).
3365 2338 3638 2398 Zacharim

2050 2407 2228 2454 autem
2272 2402 2412 2459 ﬁlius
2440 2405 2571 2464 dicit
2610 2427 2623 2463 :
2658 2412 2959 2484 Serpentes,
3009 2402 3262 2492 genimina
3297 2402 3594 2498 vvipcrarum
3618 2476 3633 2498 .

2049 2490 2160 2558 quis
2189 2493 2326 2549 vobis
2355 2499 2573 2553 ostendit
2601 2504 2824 2574 fuget-ea
2856 2490 3066 2564 uentura
3091 2515 3170 2567 ira
3202 2519 3218 2586 (
3252 2490 3437 2574 Matth.
3463 2523 3515 2576 5.
3535 2524 3588 2594 7)

2052 2578 2119 2634 Et
2144 2582 2280 2640 alius
2316 2601 2542 2644 rursus:
2583 2591 2693 2646 Ova
2733 2598 2972 2667 aspidum
3014 2578 3260 2675 ruperunt
3285 2649 3301 2675 ,
3343 2623 3390 2666 et
3436 2578 3638 2670 aranea

2049 2672 2200 2726 telam
2226 2684 2404 2732 texunt
2431 2677 2582 2752 (Isai.
2611 2683 2700 2739 59.
2727 2685 2809 2758 5).
2839 2690 2976 2745 Alibi
3005 2672 3180 2750 autem
3205 2672 3342 2754 idem
3376 2705 3633 2773 propheta

2048 2761 2174 2818 dicit
2195 2781 2210 2818 :
2249 2764 2500 2825 Venenum
2517 2774 2755 2845 aspidum
2769 2778 2860 2832 sub
2877 2779 3024 2836 labiis
3041 2800 3210 2840 eorum
3227 2761 3393 2860 (Psal:
3411 2761 3534 2850 15.9.
3547 2796 3630 2867 4).

2047 2855 2114 2910 Ει
2137 2873 2352 2915 rursus:
2370 2859 2461 2916 Ira
2488 2867 2559 2920 eis
2585 2867 2652 2921 ad
2670 2869 3055 2928 similitudinem
3072 2855 3316 2948 serpentis
3341 2883 3515 2956 (Psal.
3538 2855 3626 2944 ὅθ.

2047 2945 2132 3018 5).
2154 2948 2283 3006 Tale
2309 2963 2391 3008 est
2420 2956 2561 3010 enim
2593 2959 2774 3015 vitium
2804 2979 2818 3016 :
2847 2979 2969 3018 eum
2996 2969 3085 3037 qui
3116 2945 3236 3026 talis
3258 2945 3412 3031 est‘et
3433 2988 3625 3047 tantus,

2045 3045 2228 3110 totque
2255 3041 2645 3105 diadematibus
2667 3065 2972 3122 coronatus,
3005 3075 3072 3116 eo
3097 3063 3307 3136 redigit,
3341 3077 3397 3124 ut
3423 3071 3496 3126 sit
3522 3041 3628 3128 non

2044 3133 2219 3189 minus
2244 3134 2491 3206 ignobilis
2519 3156 2678 3212 quam
2701 3144 2877 3202 bruta.
2899 3149 2966 3204 Et
2996 3151 3113 3206 ideo
3135 3155 3186 3208 in
3215 3133 3468 3227 praesenti
3496 3180 3629 3234 quo-

2042 3240 2146 3294 que
2173 3226 2386 3284 Psalmo
2431 3247 2552 3286 cum
2605 3236 2852 3306 elegisset
2877 3241 2984 3295 duo
3020 3244 3131 3300 vitii
3163 3226 3356 3319 genera
3381 3293 3395 3318 ,
3426 3263 3481 3310 et
3513 3226 3640 3313 alia.

2041 3319 2368 3376 auditoribus
2388 3324 2688 3394 reliquisset
2711 3319 3028 3402 celligenda,
3061 3353 3155 3394 eos
3179 3341 3269 3411 qui
3305 3343 3411 3400 illis
3441 3355 3626 3404 tenen-

2043 3419 2128 3463 tur
2155 3409 2225 3464 ita
2259 3415 2461 3484 pungit.
2514 3416 2650 3486 Quid
2685 3421 2828 3476 enim
2875 3422 3034 3482 fuerit
3072 3443 3102 3483 a
3151 3409 3357 3491 ratione
3400 3438 3625 3494 alienius

2042 3498 2273 3568 homine,
2302 3507 2393 3576 qui
2423 3515 2624 3565 temere
2647 3519 2845 3568 etcum
2875 3517 2957 3570 sui
2980 3519 3170 3590 capitis
3193 3525 3333 3580 malo
3358 3543 3420 3583 ac
3437 3529 3624 3586 discri-

2040 3592 2185 3649 mine
2213 3594 2396 3652 orbem
2431 3605 2586 3654 terra:
2616 3605 2896 3672 percurrit,
2929 3619 2983 3663 et
3011 3610 3426 3672 imiumerabiles
3457 3635 3619 3690 pecu-

2038 3685 2156 3741 nias
2180 3687 2401 3760 colligit,
2439 3707 2546 3749 non
2589 3695 2714 3760 sibi,
2747 3698 2842 3753 sed
2879 3700 2998 3756 aliis
3033 3703 3133 3759 sibi
3160 3722 3264 3760 non
3298 3685 3622 3783 notia-same

2036 3788 2212 3834 autem
2276 3783 2518 3841 hostibus
2587 3799 2643 3844 et
2697 3790 3156 3851 insidiatoribus?
3197 3799 3364 3856 Recte
3440 3816 3616 3861 autem

2036 3869 2170 3924 dixit
2199 3887 2211 3923 :
2243 3872 2546 3945 Relinquent
2585 3881 2766 3936 alienis
2797 3882 3000 3940 divitias
3026 3902 3163 3943 suas.
3195 3890 3328 3956 Quid
3367 3902 3449 3948 est
3475 3897 3618 3952 enim

2035 3960 2269 4028 stultius,
2304 3979 2466 4034 quam
2507 3977 2566 4023 ut
2607 3971 2662 4025 hi
2705 3971 2923 4040 faciunt,
2948 3975 3159 4036 labores
3181 3981 3392 4052 quidem
3419 3993 3472 4036 et
3497 4000 3619 4053 pec-

2035 4060 2175 4119 cata,
2208 4068 2328 4121 qua:
2357 4055 2410 4110 in
2449 4056 2534 4113 his
2570 4061 2884 4133 colligendis
2908 4069 3277 4141 admittuntur,
3309 4077 3611 4149 suscipere,

2036 4142 2229 4199 alienis
2267 4162 2394 4203 vero
2427 4164 2616 4206 eorum
2664 4157 2938 4214 usufructu
2989 4163 3221 4220 cedere?
3248 4167 3450 4226 Deinde
3492 4187 3613 4227 cum

2034 4248 2220 4292 amore
2249 4241 2489 4308 pecunia:
2518 4243 2732 4302 inanem
2759 4263 2970 4320 quoque
3011 4254 3234 4324 gloriam
3264 4259 3534 4318 adducens
3559 4267 3610 4319 in

2031 4325 2289 4394 medium,
2318 4343 2412 4385 eos
2452 4335 2636 4405 pungit
2661 4337 3148 4411 vehementissime,
3181 4347 3404 4405 dicens:
3449 4351 3608 4408 Voca—-

2031 4428 2203 4473 uerunt
2227 4423 2431 4478 nomina
2453 4442 2545 4481 sua
2572 4428 2624 4482 in
2646 4430 2790 4484 terris
2809 4433 2936 4490 suis.
2975 4434 3112 4502 Quid
3142 4437 3226 4494 his
3258 4457 3440 4499 rursus
3467 4457 3548 4501 est
3573 4465 3602 4500 a

2030 4512 2236 4568 ratione
2257 4514 2504 4586 alienius,
2531 4519 2622 4590 qui
2653 4521 2915 4592 lapidibus
2943 4535 3001 4580 et
3027 4528 3183 4599 lignis
3211 4541 3266 4587 et
3305 4517 3608 4594 inanimato:

2031 4607 2268 4662 materia:
2295 4622 2445 4663 suam
2480 4615 2820 4672 committunt
2855 4624 3168 4679 memoriam
3189 4666 3205 4691 ,
3247 4635 3304 4682 et
3342 4632 3606 4700 prOpriam

2031 4697 2258 4754 credunt
2282 4701 2551 4770 gloriam?
2583 4707 2801 4777 Aliquos
2823 4711 2964 4767 enim
2995 4714 3151 4770 bonis
3179 4697 3426 4776 omnibus
3443 4697 3606 4779 rever-

2032 4795 2226 4854 terunt,
2269 4792 2452 4847 viduas
2494 4796 2833 4868 spoliarunt,
2864 4814 2918 4858 et
2963 4807 3283 4876 pupillorum
3333 4811 3607 4869 facultates

2027 4880 2386 4952 diripuerunt,
2411 4895 2468 4941 ut
2498 4892 2666 4946 vermi
2695 4893 2910 4950 domum
2950 4897 3188 4956 facerent
3229 4905 3561 4973 splendidam
3587 4949 3602 4970 ,

2028 4971 2290 5043 tincaeque
2316 4985 2373 5030 et
2397 4980 2724 5049 corruptioni
2761 4987 3071 5056 magniﬁcos
3106 4971 3335 5047 ambitus
3372 4996 3604 5050 a2diﬁca-

2025 5067 2322 5134 rent,'quod
2351 5069 2657 5127 existiment
2681 5090 2832 5130 suam
2863 5093 2958 5146 per
2977 5095 3038 5133 ea
3069 5079 3301 5136 futuram
3329 5084 3603 5140 immorta-

2025 5150 2126 5206 lem
2158 5159 2491 5228 memoriam,
2509 5179 2628 5231 quae
2658 5180 2723 5220 ne
2744 5182 2909 5236 parvo
2935 5169 3146 5238 quidem
3172 5184 3444 5230 momento
3469 5186 3602 5231 tem-

2023 5247 2170 5314 poris
2210 5259 2495 5317 potuerunt
2531 5268 2755 5325 corpora
2797 5259 3048 5316 retinere.
3082 5262 3166 5318 Η.
3200 5263 3328 5319 Haec
3363 5267 3445 5322 aia
3485 5269 3600 5324 illa-

2022 5349 2134 5388 rum
2163 5338 2459 5394 scandalum
2485 5342 2630 5412 ipsis.
2660 5345 2912 5411 Quaenam
2941 5359 3054 5414 est,
3084 5368 3266 5422 quaeso
3289 5395 3304 5420 ,
3340 5356 3452 5411 hanc
3478 5360 3600 5414 via?

2020 5423 2262 5481 Studium
2293 5431 2432 5496 quod
2455 5433 2506 5484 in
2536 5448 2622 5489 res
2641 5435 2898 5504 ejusmodi
2921 5439 3213 5509 confertur,
3234 5461 3399 5500 vanus
3425 5448 3596 5520 labor,

2024 5515 2208 5571 insana
2241 5520 2478 5588 pecuniae
2520 5522 2781 5582 habendae
2809 5528 3102 5601 cupiditas,
3147 5536 3460 5597 insatiabilis
3483 5515 3591 5616 glo:

2021 5608 2118 5664 ria:
2143 5609 2374 5665 ebrietas
2401 5625 2496 5671 :et
2521 5625 2646 5673 ante
2666 5616 2923 5684 futurum,
2953 5621 3144 5695 inquit,
3176 5608 3596 5702 supplicium—hic

2023 5699 2080 5754 ﬁt
2104 5701 2182 5756 eis
2204 5703 2512 5762 scandalum
2544 5719 2598 5763 et
2622 5707 3078 5778 impedimentum.
3106 5719 3220 5776 Non
3240 5699 3472 5793 parvum
3501 5728 3600 5798 ig'h

2023 5801 2109 5847 tur
2135 5795 2507 5857 offendiculum
2537 5843 2549 5868 ,
2601 5817 2706 5858 non
2735 5818 2952 5874 parvum
2984 5807 3456 5882 impedimentum,
3477 5831 3586 5870 non
