  <div class='ocr_page' id='page_1' title='image "/cluster/home/n/w/nwhite01/storage/ocr_20150623/55/mdp.39015028539511/227.png"; bbox 0 0 4086 6268; ppageno 0'>
   <div class='ocr_carea' id='block_1_1' title="bbox 486 413 589 468">
    <p class='ocr_par' dir='ltr' id='par_1_1' title="bbox 486 413 589 468">
     <span class='ocr_line' id='line_1_1' title="bbox 486 413 589 468; baseline -0.01 0"><span class='ocrx_word' id='word_1_1' title='bbox 486 413 589 468; x_wconf 64' lang='grc' dir='ltr'><strong>ῒῦὅ</strong></span> 
     </span>
    </p>
   </div>
   <div class='ocr_carea' id='block_1_2' title="bbox 492 516 2067 601">
    <p class='ocr_par' dir='ltr' id='par_1_2' title="bbox 492 516 2067 601">
     <span class='ocr_line' id='line_1_2' title="bbox 492 516 2067 601; baseline -0.008 -21"><span class='ocrx_word' id='word_1_2' title='bbox 492 540 714 601; x_wconf 83' lang='lat' dir='ltr'><strong>parvum</strong></span> <span class='ocrx_word' id='word_1_3' title='bbox 741 521 1073 578; x_wconf 88' lang='lat' dir='ltr'><strong>obstaculum</strong></span> <span class='ocrx_word' id='word_1_4' title='bbox 1100 519 1216 574; x_wconf 73' lang='lat' dir='ltr'><strong>hth</strong></span> <span class='ocrx_word' id='word_1_5' title='bbox 1242 520 1324 573; x_wconf 99' lang='lat' dir='ltr'><strong>via</strong></span> <span class='ocrx_word' id='word_1_6' title='bbox 1349 527 1435 573; x_wconf 88' lang='lat' dir='ltr'><strong>est</strong></span> <span class='ocrx_word' id='word_1_7' title='bbox 1461 516 1528 572; x_wconf 91' lang='lat' dir='ltr'><strong>ad</strong></span> <span class='ocrx_word' id='word_1_8' title='bbox 1554 517 1918 586; x_wconf 86' lang='lat' dir='ltr'><strong>operationem</strong></span> <span class='ocrx_word' id='word_1_9' title='bbox 1958 516 2067 568; x_wconf 86' lang='lat' dir='ltr'><strong>vir-</strong></span> 
     </span>
    </p>
   </div>
   <div class='ocr_carea' id='block_1_3' title="bbox 493 608 2070 681">
    <p class='ocr_par' dir='ltr' id='par_1_3' title="bbox 493 608 2070 681">
     <span class='ocr_line' id='line_1_3' title="bbox 493 608 2070 681; baseline -0.008 -6"><span class='ocrx_word' id='word_1_10' title='bbox 493 620 641 676; x_wconf 91' lang='lat' dir='ltr'><strong>tutis.</strong></span> <span class='ocrx_word' id='word_1_11' title='bbox 672 617 737 672; x_wconf 76' lang='lat' dir='ltr'><strong>Et</strong></span> <span class='ocrx_word' id='word_1_12' title='bbox 766 616 886 671; x_wconf 89' lang='lat' dir='ltr'><strong>ideo</strong></span> <span class='ocrx_word' id='word_1_13' title='bbox 909 615 1056 681; x_wconf 90' lang='lat' dir='ltr'><strong>dicit,</strong></span> <span class='ocrx_word' id='word_1_14' title='bbox 1089 611 1213 667; x_wconf 68' lang='lat' dir='ltr'><strong>Haec</strong></span> <span class='ocrx_word' id='word_1_15' title='bbox 1237 612 1316 665; x_wconf 79' lang='lat' dir='ltr'><strong>uia</strong></span> <span class='ocrx_word' id='word_1_16' title='bbox 1340 611 1549 664; x_wconf 81' lang='lat' dir='ltr'><strong>illorum</strong></span> <span class='ocrx_word' id='word_1_17' title='bbox 1591 608 1887 663; x_wconf 74' lang='lat' dir='ltr'><strong>scandalum</strong></span> <span class='ocrx_word' id='word_1_18' title='bbox 1925 608 2070 679; x_wconf 77' lang='lat' dir='ltr'><strong>ipsis.</strong></span> 
     </span>
    </p>
   </div>
   <div class='ocr_carea' id='block_1_4' title="bbox 496 701 2068 772">
    <p class='ocr_par' dir='ltr' id='par_1_4' title="bbox 496 701 2068 772">
     <span class='ocr_line' id='line_1_4' title="bbox 496 701 2068 772; baseline -0.009 -4"><span class='ocrx_word' id='word_1_19' title='bbox 496 713 667 768; x_wconf 72' lang='lat' dir='ltr'><strong>necte</strong></span> <span class='ocrx_word' id='word_1_20' title='bbox 699 716 877 763; x_wconf 90' lang='lat' dir='ltr'><strong>autem</strong></span> <span class='ocrx_word' id='word_1_21' title='bbox 921 706 1055 761; x_wconf 90' lang='lat' dir='ltr'><strong>dixit</strong></span> <span class='ocrx_word' id='word_1_22' title='bbox 1082 705 1216 758; x_wconf 88' lang='lat' dir='ltr'><strong>hanc</strong></span> <span class='ocrx_word' id='word_1_23' title='bbox 1243 705 1383 757; x_wconf 89' lang='lat' dir='ltr'><strong>viam</strong></span> <span class='ocrx_word' id='word_1_24' title='bbox 1423 718 1543 757; x_wconf 90' lang='lat' dir='ltr'><strong>esse</strong></span> <span class='ocrx_word' id='word_1_25' title='bbox 1585 703 1714 772; x_wconf 86' lang='lat' dir='ltr'><strong>ipsis</strong></span> <span class='ocrx_word' id='word_1_26' title='bbox 1739 701 2068 755; x_wconf 85' lang='lat' dir='ltr'><strong>scandalum.</strong></span> 
     </span>
    </p>
   </div>
   <div class='ocr_carea' id='block_1_5' title="bbox 491 791 2073 871">
    <p class='ocr_par' dir='ltr' id='par_1_5' title="bbox 491 791 2073 871">
     <span class='ocr_line' id='line_1_5' title="bbox 491 791 2073 871; baseline -0.008 -14"><span class='ocrx_word' id='word_1_27' title='bbox 491 801 736 871; x_wconf 79' lang='lat' dir='ltr'><strong>Sibiipsis</strong></span> <span class='ocrx_word' id='word_1_28' title='bbox 754 798 966 853; x_wconf 88' lang='lat' dir='ltr'><strong>vincula</strong></span> <span class='ocrx_word' id='word_1_29' title='bbox 996 795 1259 866; x_wconf 86' lang='lat' dir='ltr'><strong>injiciunt,</strong></span> <span class='ocrx_word' id='word_1_30' title='bbox 1283 794 1488 862; x_wconf 87' lang='lat' dir='ltr'><strong>seipsos</strong></span> <span class='ocrx_word' id='word_1_31' title='bbox 1510 793 1823 862; x_wconf 91' lang='lat' dir='ltr'><strong>impediunt.</strong></span> <span class='ocrx_word' id='word_1_32' title='bbox 1847 791 1913 845; x_wconf 82' lang='lat' dir='ltr'><strong>Et</strong></span> <span class='ocrx_word' id='word_1_33' title='bbox 1935 802 2073 861; x_wconf 79' lang='lat' dir='ltr'><strong>post-</strong></span> 
     </span>
    </p>
   </div>
   <div class='ocr_carea' id='block_1_6' title="bbox 493 886 2070 962">
    <p class='ocr_par' dir='ltr' id='par_1_6' title="bbox 493 886 2070 962">
     <span class='ocr_line' id='line_1_6' title="bbox 493 886 2070 962; baseline -0.008 -12"><span class='ocrx_word' id='word_1_34' title='bbox 493 913 553 950; x_wconf 75' lang='lat' dir='ltr'><strong>ca</strong></span> <span class='ocrx_word' id='word_1_35' title='bbox 577 895 631 948; x_wconf 84' lang='lat' dir='ltr'><strong>in</strong></span> <span class='ocrx_word' id='word_1_36' title='bbox 657 909 743 948; x_wconf 89' lang='lat' dir='ltr'><strong>ore</strong></span> <span class='ocrx_word' id='word_1_37' title='bbox 768 909 858 947; x_wconf 80' lang='lat' dir='ltr'><strong>suo</strong></span> <span class='ocrx_word' id='word_1_38' title='bbox 883 889 1278 962; x_wconf 80' lang='lat' dir='ltr'><strong>comptacebunt.</strong></span> <span class='ocrx_word' id='word_1_39' title='bbox 1303 887 1415 942; x_wconf 85' lang='lat' dir='ltr'><strong>Hoc</strong></span> <span class='ocrx_word' id='word_1_40' title='bbox 1451 886 1592 956; x_wconf 88' lang='lat' dir='ltr'><strong>quod</strong></span> <span class='ocrx_word' id='word_1_41' title='bbox 1636 886 1806 951; x_wconf 84' lang='lat' dir='ltr'><strong>dixit,</strong></span> <span class='ocrx_word' id='word_1_42' title='bbox 1837 894 1919 940; x_wconf 90' lang='lat' dir='ltr'><strong>est</strong></span> <span class='ocrx_word' id='word_1_43' title='bbox 1954 900 2070 953; x_wconf 57' lang='lat' dir='ltr'><strong>grue</strong></span> 
     </span>
    </p>
   </div>
   <div class='ocr_carea' id='block_1_7' title="bbox 491 978 2069 1050">
    <p class='ocr_par' dir='ltr' id='par_1_7' title="bbox 491 978 2069 1050">
     <span class='ocr_line' id='line_1_7' title="bbox 491 978 2069 1050; baseline -0.004 -11"><span class='ocrx_word' id='word_1_44' title='bbox 491 988 766 1043; x_wconf 83' lang='lat' dir='ltr'><strong>vissimum</strong></span> <span class='ocrx_word' id='word_1_45' title='bbox 795 1026 810 1050; x_wconf 89' lang='lat'><strong>,</strong></span> <span class='ocrx_word' id='word_1_46' title='bbox 846 993 898 1038; x_wconf 89' lang='lat' dir='ltr'><strong>et</strong></span> <span class='ocrx_word' id='word_1_47' title='bbox 928 999 1086 1038; x_wconf 87' lang='lat' dir='ltr'><strong>causa</strong></span> <span class='ocrx_word' id='word_1_48' title='bbox 1121 990 1436 1037; x_wconf 78' lang='lat' dir='ltr'><strong>eteterorum</strong></span> <span class='ocrx_word' id='word_1_49' title='bbox 1491 980 1774 1035; x_wconf 89' lang='lat' dir='ltr'><strong>malorum.</strong></span> <span class='ocrx_word' id='word_1_50' title='bbox 1803 980 1902 1048; x_wconf 85' lang='lat' dir='ltr'><strong>Qui</strong></span> <span class='ocrx_word' id='word_1_51' title='bbox 1929 978 2069 1035; x_wconf 91' lang='lat' dir='ltr'><strong>enim</strong></span> 
     </span>
    </p>
   </div>
   <div class='ocr_carea' id='block_1_8' title="bbox 494 1071 2071 1146">
    <p class='ocr_par' dir='ltr' id='par_1_8' title="bbox 494 1071 2071 1146">
     <span class='ocr_line' id='line_1_8' title="bbox 494 1071 2071 1146; baseline -0.004 -14"><span class='ocrx_word' id='word_1_52' title='bbox 494 1081 548 1134; x_wconf 92' lang='lat' dir='ltr'><strong>in</strong></span> <span class='ocrx_word' id='word_1_53' title='bbox 579 1077 664 1133; x_wconf 87' lang='lat' dir='ltr'><strong>his</strong></span> <span class='ocrx_word' id='word_1_54' title='bbox 694 1085 942 1146; x_wconf 89' lang='lat' dir='ltr'><strong>peccant,</strong></span> <span class='ocrx_word' id='word_1_55' title='bbox 967 1085 1018 1129; x_wconf 92' lang='lat' dir='ltr'><strong>et</strong></span> <span class='ocrx_word' id='word_1_56' title='bbox 1041 1074 1376 1144; x_wconf 91' lang='lat' dir='ltr'><strong>delinquunt,</strong></span> <span class='ocrx_word' id='word_1_57' title='bbox 1405 1083 1456 1126; x_wconf 93' lang='lat' dir='ltr'><strong>et</strong></span> <span class='ocrx_word' id='word_1_58' title='bbox 1481 1071 1615 1126; x_wconf 84' lang='lat' dir='ltr'><strong>adeo</strong></span> <span class='ocrx_word' id='word_1_59' title='bbox 1647 1071 1950 1142; x_wconf 87' lang='lat' dir='ltr'><strong>desipiunt,</strong></span> <span class='ocrx_word' id='word_1_60' title='bbox 1982 1086 2071 1126; x_wconf 88' lang='lat' dir='ltr'><strong>se-</strong></span> 
     </span>
    </p>
   </div>
   <div class='ocr_carea' id='block_1_9' title="bbox 490 1164 2072 1241">
    <p class='ocr_par' dir='ltr' id='par_1_9' title="bbox 490 1164 2072 1241">
     <span class='ocr_line' id='line_1_9' title="bbox 490 1164 2072 1241; baseline -0.004 -15"><span class='ocrx_word' id='word_1_61' title='bbox 490 1171 639 1241; x_wconf 87' lang='lat' dir='ltr'><strong>ipsos</strong></span> <span class='ocrx_word' id='word_1_62' title='bbox 683 1170 865 1224; x_wconf 85' lang='lat' dir='ltr'><strong>felices</strong></span> <span class='ocrx_word' id='word_1_63' title='bbox 915 1184 977 1223; x_wconf 87' lang='lat' dir='ltr'><strong>ac</strong></span> <span class='ocrx_word' id='word_1_64' title='bbox 1030 1169 1216 1223; x_wconf 88' lang='lat' dir='ltr'><strong>beatos</strong></span> <span class='ocrx_word' id='word_1_65' title='bbox 1277 1180 1397 1221; x_wconf 87' lang='lat' dir='ltr'><strong>esse</strong></span> <span class='ocrx_word' id='word_1_66' title='bbox 1451 1165 1684 1229; x_wconf 89' lang='lat' dir='ltr'><strong>ducunt,</strong></span> <span class='ocrx_word' id='word_1_67' title='bbox 1734 1164 2072 1220; x_wconf 79' lang='lat' dir='ltr'><strong>aemulatione</strong></span> 
     </span>
    </p>
   </div>
   <div class='ocr_carea' id='block_1_10' title="bbox 491 1256 2070 1331">
    <p class='ocr_par' dir='ltr' id='par_1_10' title="bbox 491 1256 2070 1331">
     <span class='ocr_line' id='line_1_10' title="bbox 491 1256 2070 1331; baseline -0.003 -16"><span class='ocrx_word' id='word_1_68' title='bbox 491 1262 700 1331; x_wconf 90' lang='lat' dir='ltr'><strong>dignos,</strong></span> <span class='ocrx_word' id='word_1_69' title='bbox 734 1260 878 1314; x_wconf 89' lang='lat' dir='ltr'><strong>etiis</strong></span> <span class='ocrx_word' id='word_1_70' title='bbox 923 1275 1041 1328; x_wconf 67' lang='lat' dir='ltr'><strong>quae</strong></span> <span class='ocrx_word' id='word_1_71' title='bbox 1097 1258 1232 1312; x_wconf 82' lang='lat' dir='ltr'><strong>fiunt</strong></span> <span class='ocrx_word' id='word_1_72' title='bbox 1260 1256 1594 1312; x_wconf 87' lang='lat' dir='ltr'><strong>delectantur</strong></span> <span class='ocrx_word' id='word_1_73' title='bbox 1625 1274 1638 1309; x_wconf 88' lang='lat'><strong>:</strong></span> <span class='ocrx_word' id='word_1_74' title='bbox 1673 1257 1856 1310; x_wconf 89' lang='lat' dir='ltr'><strong>vitium</strong></span> <span class='ocrx_word' id='word_1_75' title='bbox 1895 1266 2070 1311; x_wconf 90' lang='lat' dir='ltr'><strong>autem</strong></span> 
     </span>
    </p>
   </div>
   <div class='ocr_carea' id='block_1_11' title="bbox 492 1350 2074 1422">
    <p class='ocr_par' dir='ltr' id='par_1_11' title="bbox 492 1350 2074 1422">
     <span class='ocr_line' id='line_1_11' title="bbox 492 1350 2074 1422; baseline -0.002 -16"><span class='ocrx_word' id='word_1_76' title='bbox 492 1351 635 1422; x_wconf 91' lang='lat' dir='ltr'><strong>quod</strong></span> <span class='ocrx_word' id='word_1_77' title='bbox 663 1351 908 1406; x_wconf 75' lang='lat' dir='ltr'><strong>laudatur</strong></span> <span class='ocrx_word' id='word_1_78' title='bbox 926 1352 994 1406; x_wconf 89' lang='lat' dir='ltr'><strong>ab</strong></span> <span class='ocrx_word' id='word_1_79' title='bbox 1023 1351 1090 1406; x_wconf 89' lang='lat' dir='ltr'><strong>iis</strong></span> <span class='ocrx_word' id='word_1_80' title='bbox 1117 1351 1208 1422; x_wconf 85' lang='lat' dir='ltr'><strong>qui</strong></span> <span class='ocrx_word' id='word_1_81' title='bbox 1233 1365 1299 1404; x_wconf 93' lang='lat' dir='ltr'><strong>eo</strong></span> <span class='ocrx_word' id='word_1_82' title='bbox 1320 1350 1584 1416; x_wconf 81' lang='lat' dir='ltr'><strong>laborant,</strong></span> <span class='ocrx_word' id='word_1_83' title='bbox 1603 1350 1879 1404; x_wconf 87' lang='lat' dir='ltr'><strong>considera</strong></span> <span class='ocrx_word' id='word_1_84' title='bbox 1906 1365 2074 1420; x_wconf 86' lang='lat' dir='ltr'><strong>quan-</strong></span> 
     </span>
    </p>
   </div>
   <div class='ocr_carea' id='block_1_12' title="bbox 490 1441 2073 1512">
    <p class='ocr_par' dir='ltr' id='par_1_12' title="bbox 490 1441 2073 1512">
     <span class='ocr_line' id='line_1_12' title="bbox 490 1441 2073 1512; baseline -0.001 -15"><span class='ocrx_word' id='word_1_85' title='bbox 490 1455 600 1498; x_wconf 85' lang='lat' dir='ltr'><strong>tam</strong></span> <span class='ocrx_word' id='word_1_86' title='bbox 624 1444 744 1497; x_wconf 81' lang='lat' dir='ltr'><strong>facit</strong></span> <span class='ocrx_word' id='word_1_87' title='bbox 773 1444 1131 1498; x_wconf 84' lang='lat' dir='ltr'><strong>accessionem</strong></span> <span class='ocrx_word' id='word_1_88' title='bbox 1153 1444 1307 1497; x_wconf 84' lang='lat' dir='ltr'><strong>malae</strong></span> <span class='ocrx_word' id='word_1_89' title='bbox 1338 1443 1656 1512; x_wconf 83' lang='lat' dir='ltr'><strong>cupiditatis.</strong></span> <span class='ocrx_word' id='word_1_90' title='bbox 1689 1442 1744 1496; x_wconf 86' lang='lat' dir='ltr'><strong>Si</strong></span> <span class='ocrx_word' id='word_1_91' title='bbox 1775 1441 1916 1496; x_wconf 87' lang='lat' dir='ltr'><strong>enim</strong></span> <span class='ocrx_word' id='word_1_92' title='bbox 1947 1441 2073 1495; x_wconf 92' lang='lat' dir='ltr'><strong>dum</strong></span> 
     </span>
    </p>
   </div>
   <div class='ocr_carea' id='block_1_13' title="bbox 491 1531 2071 1604">
    <p class='ocr_par' dir='ltr' id='par_1_13' title="bbox 491 1531 2071 1604">
     <span class='ocr_line' id='line_1_13' title="bbox 491 1531 2071 1604; baseline -0.003 -16"><span class='ocrx_word' id='word_1_93' title='bbox 491 1536 822 1604; x_wconf 70' lang='lat' dir='ltr'><strong>vituperatur</strong></span> <span class='ocrx_word' id='word_1_94' title='bbox 844 1575 859 1599; x_wconf 93' lang='lat'><strong>,</strong></span> <span class='ocrx_word' id='word_1_95' title='bbox 892 1534 1019 1588; x_wconf 89' lang='lat' dir='ltr'><strong>dum</strong></span> <span class='ocrx_word' id='word_1_96' title='bbox 1067 1533 1276 1604; x_wconf 85' lang='lat' dir='ltr'><strong>probris</strong></span> <span class='ocrx_word' id='word_1_97' title='bbox 1319 1532 1548 1587; x_wconf 83' lang='lat' dir='ltr'><strong>afficitur</strong></span> <span class='ocrx_word' id='word_1_98' title='bbox 1571 1575 1584 1597; x_wconf 91' lang='lat'><strong>,</strong></span> <span class='ocrx_word' id='word_1_99' title='bbox 1616 1531 1743 1588; x_wconf 89' lang='lat' dir='ltr'><strong>dum</strong></span> <span class='ocrx_word' id='word_1_100' title='bbox 1796 1531 2034 1601; x_wconf 82' lang='lat' dir='ltr'><strong>arguitur</strong></span> <span class='ocrx_word' id='word_1_101' title='bbox 2055 1572 2071 1597; x_wconf 98' lang='lat'><strong>,</strong></span> 
     </span>
    </p>
   </div>
   <div class='ocr_carea' id='block_1_14' title="bbox 491 1626 2075 1698">
    <p class='ocr_par' dir='ltr' id='par_1_14' title="bbox 491 1626 2075 1698">
     <span class='ocr_line' id='line_1_14' title="bbox 491 1626 2075 1698; baseline -0.003 -14"><span class='ocrx_word' id='word_1_102' title='bbox 491 1629 619 1684; x_wconf 90' lang='lat' dir='ltr'><strong>dum</strong></span> <span class='ocrx_word' id='word_1_103' title='bbox 647 1629 714 1685; x_wconf 91' lang='lat' dir='ltr'><strong>ab</strong></span> <span class='ocrx_word' id='word_1_104' title='bbox 743 1627 858 1698; x_wconf 82' lang='lat' dir='ltr'><strong>ejus</strong></span> <span class='ocrx_word' id='word_1_105' title='bbox 887 1627 976 1698; x_wconf 89' lang='lat' dir='ltr'><strong>qui</strong></span> <span class='ocrx_word' id='word_1_106' title='bbox 1012 1627 1176 1682; x_wconf 89' lang='lat' dir='ltr'><strong>sobrii</strong></span> <span class='ocrx_word' id='word_1_107' title='bbox 1205 1626 1436 1681; x_wconf 86' lang='lat' dir='ltr'><strong>hominis</strong></span> <span class='ocrx_word' id='word_1_108' title='bbox 1461 1626 1834 1695; x_wconf 81' lang='lat' dir='ltr'><strong>cogitationem</strong></span> <span class='ocrx_word' id='word_1_109' title='bbox 1862 1640 2075 1694; x_wconf 88' lang='lat' dir='ltr'><strong>parum-</strong></span> 
     </span>
    </p>
   </div>
   <div class='ocr_carea' id='block_1_15' title="bbox 489 1716 2070 1789">
    <p class='ocr_par' dir='ltr' id='par_1_15' title="bbox 489 1716 2070 1789">
     <span class='ocr_line' id='line_1_15' title="bbox 489 1716 2070 1789; baseline -0.006 -14"><span class='ocrx_word' id='word_1_110' title='bbox 489 1735 587 1788; x_wconf 85' lang='lat' dir='ltr'><strong>per</strong></span> <span class='ocrx_word' id='word_1_111' title='bbox 621 1719 862 1789; x_wconf 88' lang='lat' dir='ltr'><strong>suscipit,</strong></span> <span class='ocrx_word' id='word_1_112' title='bbox 892 1718 1218 1774; x_wconf 86' lang='lat' dir='ltr'><strong>conscientia</strong></span> <span class='ocrx_word' id='word_1_113' title='bbox 1269 1716 1581 1787; x_wconf 81' lang='lat' dir='ltr'><strong>llagellatur,</strong></span> <span class='ocrx_word' id='word_1_114' title='bbox 1620 1716 1748 1770; x_wconf 90' lang='lat' dir='ltr'><strong>dum</strong></span> <span class='ocrx_word' id='word_1_115' title='bbox 1789 1716 2070 1781; x_wconf 84' lang='lat' dir='ltr'><strong>laceratur,</strong></span> 
     </span>
    </p>
   </div>
   <div class='ocr_carea' id='block_1_16' title="bbox 493 1807 2076 1877">
    <p class='ocr_par' dir='ltr' id='par_1_16' title="bbox 493 1807 2076 1877">
     <span class='ocr_line' id='line_1_16' title="bbox 493 1807 2076 1877; baseline -0.004 -11"><span class='ocrx_word' id='word_1_116' title='bbox 493 1819 552 1866; x_wconf 89' lang='lat' dir='ltr'><strong>et</strong></span> <span class='ocrx_word' id='word_1_117' title='bbox 584 1811 707 1866; x_wconf 91' lang='lat' dir='ltr'><strong>odio</strong></span> <span class='ocrx_word' id='word_1_118' title='bbox 755 1809 1018 1875; x_wconf 87' lang='lat' dir='ltr'><strong>habetur,</strong></span> <span class='ocrx_word' id='word_1_119' title='bbox 1065 1809 1200 1864; x_wconf 87' lang='lat' dir='ltr'><strong>adeo</strong></span> <span class='ocrx_word' id='word_1_120' title='bbox 1246 1818 1422 1863; x_wconf 83' lang='lat' dir='ltr'><strong>tamen</strong></span> <span class='ocrx_word' id='word_1_121' title='bbox 1471 1807 1808 1876; x_wconf 90' lang='lat' dir='ltr'><strong>impudenter</strong></span> <span class='ocrx_word' id='word_1_122' title='bbox 1835 1808 1994 1877; x_wconf 82' lang='lat' dir='ltr'><strong>viget,</strong></span> <span class='ocrx_word' id='word_1_123' title='bbox 2021 1816 2076 1862; x_wconf 89' lang='lat' dir='ltr'><strong>et</strong></span> 
     </span>
    </p>
   </div>
   <div class='ocr_carea' id='block_1_17' title="bbox 491 1897 2074 1968">
    <p class='ocr_par' dir='ltr' id='par_1_17' title="bbox 491 1897 2074 1968">
     <span class='ocr_line' id='line_1_17' title="bbox 491 1897 2074 1968; baseline -0.001 -14"><span class='ocrx_word' id='word_1_124' title='bbox 491 1899 786 1965; x_wconf 81' lang='lat' dir='ltr'><strong>invalescit,</strong></span> <span class='ocrx_word' id='word_1_125' title='bbox 815 1908 870 1954; x_wconf 90' lang='lat' dir='ltr'><strong>et</strong></span> <span class='ocrx_word' id='word_1_126' title='bbox 896 1900 946 1953; x_wconf 91' lang='lat' dir='ltr'><strong>in</strong></span> <span class='ocrx_word' id='word_1_127' title='bbox 971 1899 1087 1953; x_wconf 91' lang='lat' dir='ltr'><strong>dies</strong></span> <span class='ocrx_word' id='word_1_128' title='bbox 1102 1907 1323 1968; x_wconf 80' lang='lat' dir='ltr'><strong>augetur</strong></span> <span class='ocrx_word' id='word_1_129' title='bbox 1353 1915 1366 1950; x_wconf 88' lang='lat'><strong>:</strong></span> <span class='ocrx_word' id='word_1_130' title='bbox 1397 1897 1611 1967; x_wconf 89' lang='lat' dir='ltr'><strong>quando</strong></span> <span class='ocrx_word' id='word_1_131' title='bbox 1637 1913 1740 1952; x_wconf 91' lang='lat' dir='ltr'><strong>non</strong></span> <span class='ocrx_word' id='word_1_132' title='bbox 1769 1899 1940 1953; x_wconf 92' lang='lat' dir='ltr'><strong>solum</strong></span> <span class='ocrx_word' id='word_1_133' title='bbox 1967 1913 2074 1952; x_wconf 91' lang='lat' dir='ltr'><strong>non</strong></span> 
     </span>
    </p>
   </div>
   <div class='ocr_carea' id='block_1_18' title="bbox 491 1989 2076 2061">
    <p class='ocr_par' dir='ltr' id='par_1_18' title="bbox 491 1989 2076 2061">
     <span class='ocr_line' id='line_1_18' title="bbox 491 1989 2076 2061; baseline -0.002 -16"><span class='ocrx_word' id='word_1_134' title='bbox 491 1992 690 2047; x_wconf 81' lang='lat' dir='ltr'><strong>fuerint</strong></span> <span class='ocrx_word' id='word_1_135' title='bbox 715 2007 834 2061; x_wconf 71' lang='lat' dir='ltr'><strong>quae</strong></span> <span class='ocrx_word' id='word_1_136' title='bbox 865 1989 1204 2060; x_wconf 86' lang='lat' dir='ltr'><strong>prohibeant,</strong></span> <span class='ocrx_word' id='word_1_137' title='bbox 1230 2004 1423 2060; x_wconf 89' lang='lat' dir='ltr'><strong>nempe</strong></span> <span class='ocrx_word' id='word_1_138' title='bbox 1452 1989 1723 2044; x_wconf 87' lang='lat' dir='ltr'><strong>accusatio</strong></span> <span class='ocrx_word' id='word_1_139' title='bbox 1744 2031 1759 2053; x_wconf 94' lang='lat'><strong>,</strong></span> <span class='ocrx_word' id='word_1_140' title='bbox 1798 1990 2076 2043; x_wconf 86' lang='lat' dir='ltr'><strong>conscien-</strong></span> 
     </span>
    </p>
   </div>
   <div class='ocr_carea' id='block_1_19' title="bbox 490 2079 2075 2153">
    <p class='ocr_par' dir='ltr' id='par_1_19' title="bbox 490 2079 2075 2153">
     <span class='ocr_line' id='line_1_19' title="bbox 490 2079 2075 2153; baseline -0.003 -15"><span class='ocrx_word' id='word_1_141' title='bbox 490 2085 580 2139; x_wconf 63' lang='lat' dir='ltr'><strong>tiae</strong></span> <span class='ocrx_word' id='word_1_142' title='bbox 608 2083 983 2153; x_wconf 87' lang='lat' dir='ltr'><strong>reprehensio,</strong></span> <span class='ocrx_word' id='word_1_143' title='bbox 1011 2089 1283 2151; x_wconf 88' lang='lat' dir='ltr'><strong>gestorum</strong></span> <span class='ocrx_word' id='word_1_144' title='bbox 1311 2080 1580 2148; x_wconf 87' lang='lat' dir='ltr'><strong>correptio</strong></span> <span class='ocrx_word' id='word_1_145' title='bbox 1601 2121 1615 2144; x_wconf 92' lang='lat'><strong>,</strong></span> <span class='ocrx_word' id='word_1_146' title='bbox 1649 2079 1717 2134; x_wconf 89' lang='lat' dir='ltr'><strong>de</strong></span> <span class='ocrx_word' id='word_1_147' title='bbox 1754 2079 2075 2134; x_wconf 87' lang='lat' dir='ltr'><strong>facinoribus</strong></span> 
     </span>
    </p>
   </div>
   <div class='ocr_carea' id='block_1_20' title="bbox 488 2169 2075 2245">
    <p class='ocr_par' dir='ltr' id='par_1_20' title="bbox 488 2169 2075 2245">
     <span class='ocr_line' id='line_1_20' title="bbox 488 2169 2075 2245; baseline -0.004 -15"><span class='ocrx_word' id='word_1_148' title='bbox 488 2175 820 2245; x_wconf 68' lang='lat' dir='ltr'><strong>poenitentia,</strong></span> <span class='ocrx_word' id='word_1_149' title='bbox 845 2173 1030 2239; x_wconf 92' lang='lat' dir='ltr'><strong>rubor,</strong></span> <span class='ocrx_word' id='word_1_150' title='bbox 1059 2171 1250 2242; x_wconf 91' lang='lat' dir='ltr'><strong>pudor,</strong></span> <span class='ocrx_word' id='word_1_151' title='bbox 1270 2170 1425 2225; x_wconf 79' lang='lat' dir='ltr'><strong>ﬂetus</strong></span> <span class='ocrx_word' id='word_1_152' title='bbox 1446 2185 1509 2225; x_wconf 90' lang='lat' dir='ltr'><strong>ac</strong></span> <span class='ocrx_word' id='word_1_153' title='bbox 1539 2171 1813 2242; x_wconf 81' lang='lat' dir='ltr'><strong>lacrymae,</strong></span> <span class='ocrx_word' id='word_1_154' title='bbox 1837 2169 1930 2225; x_wconf 90' lang='lat' dir='ltr'><strong>sed</strong></span> <span class='ocrx_word' id='word_1_155' title='bbox 1961 2186 2075 2224; x_wconf 85' lang='lat' dir='ltr'><strong>om-</strong></span> 
     </span>
    </p>
   </div>
   <div class='ocr_carea' id='block_1_21' title="bbox 491 2259 2075 2333">
    <p class='ocr_par' dir='ltr' id='par_1_21' title="bbox 491 2259 2075 2333">
     <span class='ocr_line' id='line_1_21' title="bbox 491 2259 2075 2333; baseline -0.003 -13"><span class='ocrx_word' id='word_1_156' title='bbox 491 2267 618 2320; x_wconf 91' lang='lat' dir='ltr'><strong>nino</strong></span> <span class='ocrx_word' id='word_1_157' title='bbox 649 2274 854 2329; x_wconf 89' lang='lat' dir='ltr'><strong>contra,</strong></span> <span class='ocrx_word' id='word_1_158' title='bbox 875 2264 1084 2333; x_wconf 80' lang='lat' dir='ltr'><strong>seipsos</strong></span> <span class='ocrx_word' id='word_1_159' title='bbox 1112 2263 1272 2317; x_wconf 91' lang='lat' dir='ltr'><strong>etiam</strong></span> <span class='ocrx_word' id='word_1_160' title='bbox 1306 2261 1522 2316; x_wconf 88' lang='lat' dir='ltr'><strong>laudant</strong></span> <span class='ocrx_word' id='word_1_161' title='bbox 1547 2261 1635 2330; x_wconf 88' lang='lat' dir='ltr'><strong>qui</strong></span> <span class='ocrx_word' id='word_1_162' title='bbox 1659 2259 1880 2325; x_wconf 89' lang='lat' dir='ltr'><strong>faciunt,</strong></span> <span class='ocrx_word' id='word_1_163' title='bbox 1896 2269 1952 2316; x_wconf 88' lang='lat' dir='ltr'><strong>et</strong></span> <span class='ocrx_word' id='word_1_164' title='bbox 1975 2261 2075 2316; x_wconf 90' lang='lat' dir='ltr'><strong>sibi</strong></span> 
     </span>
    </p>
   </div>
   <div class='ocr_carea' id='block_1_22' title="bbox 487 2351 2076 2424">
    <p class='ocr_par' dir='ltr' id='par_1_22' title="bbox 487 2351 2076 2424">
     <span class='ocr_line' id='line_1_22' title="bbox 487 2351 2076 2424; baseline -0.003 -14"><span class='ocrx_word' id='word_1_165' title='bbox 487 2357 728 2410; x_wconf 87' lang='lat' dir='ltr'><strong>encomia</strong></span> <span class='ocrx_word' id='word_1_166' title='bbox 754 2363 1104 2424; x_wconf 89' lang='lat' dir='ltr'><strong>componunt,</strong></span> <span class='ocrx_word' id='word_1_167' title='bbox 1135 2362 1190 2408; x_wconf 91' lang='lat' dir='ltr'><strong>et</strong></span> <span class='ocrx_word' id='word_1_168' title='bbox 1209 2368 1276 2408; x_wconf 94' lang='lat' dir='ltr'><strong>eo</strong></span> <span class='ocrx_word' id='word_1_169' title='bbox 1298 2353 1414 2422; x_wconf 88' lang='lat' dir='ltr'><strong>ipso</strong></span> <span class='ocrx_word' id='word_1_170' title='bbox 1445 2366 1504 2406; x_wconf 91' lang='lat' dir='ltr'><strong>se</strong></span> <span class='ocrx_word' id='word_1_171' title='bbox 1527 2352 1648 2407; x_wconf 88' lang='lat' dir='ltr'><strong>aliis</strong></span> <span class='ocrx_word' id='word_1_172' title='bbox 1674 2351 1929 2406; x_wconf 87' lang='lat' dir='ltr'><strong>meliores</strong></span> <span class='ocrx_word' id='word_1_173' title='bbox 1956 2366 2076 2406; x_wconf 91' lang='lat' dir='ltr'><strong>esse</strong></span> 
     </span>
    </p>
   </div>
   <div class='ocr_carea' id='block_1_23' title="bbox 488 2442 2078 2514">
    <p class='ocr_par' dir='ltr' id='par_1_23' title="bbox 488 2442 2078 2514">
     <span class='ocr_line' id='line_1_23' title="bbox 488 2442 2078 2514; baseline -0.002 -14"><span class='ocrx_word' id='word_1_174' title='bbox 488 2446 709 2512; x_wconf 91' lang='lat' dir='ltr'><strong>ducunt,</strong></span> <span class='ocrx_word' id='word_1_175' title='bbox 736 2453 790 2500; x_wconf 90' lang='lat' dir='ltr'><strong>et</strong></span> <span class='ocrx_word' id='word_1_176' title='bbox 806 2454 1084 2514; x_wconf 87' lang='lat' dir='ltr'><strong>postquam</strong></span> <span class='ocrx_word' id='word_1_177' title='bbox 1112 2443 1590 2511; x_wconf 87' lang='lat' dir='ltr'><strong>fecerint,laudant</strong></span> <span class='ocrx_word' id='word_1_178' title='bbox 1613 2457 1678 2497; x_wconf 87' lang='lat' dir='ltr'><strong>ea</strong></span> <span class='ocrx_word' id='word_1_179' title='bbox 1694 2458 1812 2512; x_wconf 69' lang='lat' dir='ltr'><strong>qua:</strong></span> <span class='ocrx_word' id='word_1_180' title='bbox 1841 2442 2078 2498; x_wconf 90' lang='lat' dir='ltr'><strong>fecerunt</strong></span> 
     </span>
    </p>
   </div>
   <div class='ocr_carea' id='block_1_24' title="bbox 489 2539 2075 2610">
    <p class='ocr_par' dir='ltr' id='par_1_24' title="bbox 489 2539 2075 2610">
     <span class='ocr_line' id='line_1_24' title="bbox 489 2539 2075 2610; baseline 0 -16"><span class='ocrx_word' id='word_1_181' title='bbox 489 2542 508 2607; x_wconf 87' lang='lat'><strong>(</strong></span> <span class='ocrx_word' id='word_1_182' title='bbox 541 2541 642 2595; x_wconf 91' lang='lat' dir='ltr'><strong>hoc</strong></span> <span class='ocrx_word' id='word_1_183' title='bbox 679 2541 824 2596; x_wconf 88' lang='lat' dir='ltr'><strong>enim</strong></span> <span class='ocrx_word' id='word_1_184' title='bbox 874 2539 976 2594; x_wconf 86' lang='lat' dir='ltr'><strong>sibi</strong></span> <span class='ocrx_word' id='word_1_185' title='bbox 1020 2539 1132 2594; x_wconf 82' lang='lat' dir='ltr'><strong>vult</strong></span> <span class='ocrx_word' id='word_1_186' title='bbox 1171 2539 1297 2594; x_wconf 90' lang='lat' dir='ltr'><strong>illud</strong></span> <span class='ocrx_word' id='word_1_187' title='bbox 1323 2581 1337 2606; x_wconf 92' lang='lat'><strong>,</strong></span> <span class='ocrx_word' id='word_1_188' title='bbox 1372 2539 1438 2592; x_wconf 84' lang='lat' dir='ltr'><strong>Et</strong></span> <span class='ocrx_word' id='word_1_189' title='bbox 1466 2542 1520 2593; x_wconf 84' lang='lat' dir='ltr'><strong>in</strong></span> <span class='ocrx_word' id='word_1_190' title='bbox 1549 2556 1636 2594; x_wconf 87' lang='lat' dir='ltr'><strong>ore</strong></span> <span class='ocrx_word' id='word_1_191' title='bbox 1661 2555 1752 2594; x_wconf 75' lang='lat' dir='ltr'><strong>suo</strong></span> <span class='ocrx_word' id='word_1_192' title='bbox 1790 2541 2075 2610; x_wconf 84' lang='lat' dir='ltr'><strong>complace—</strong></span> 
     </span>
    </p>
   </div>
   <div class='ocr_carea' id='block_1_25' title="bbox 490 2629 2078 2702">
    <p class='ocr_par' dir='ltr' id='par_1_25' title="bbox 490 2629 2078 2702">
     <span class='ocr_line' id='line_1_25' title="bbox 490 2629 2078 2702; baseline 0.001 -18"><span class='ocrx_word' id='word_1_193' title='bbox 490 2631 638 2702; x_wconf 79' lang='lat' dir='ltr'><strong>bum)</strong></span> <span class='ocrx_word' id='word_1_194' title='bbox 675 2649 688 2684; x_wconf 88' lang='lat'><strong>:</strong></span> <span class='ocrx_word' id='word_1_195' title='bbox 721 2647 830 2702; x_wconf 90' lang='lat' dir='ltr'><strong>quo</strong></span> <span class='ocrx_word' id='word_1_196' title='bbox 875 2646 981 2685; x_wconf 92' lang='lat' dir='ltr'><strong>non</strong></span> <span class='ocrx_word' id='word_1_197' title='bbox 1009 2631 1045 2685; x_wconf 92' lang='lat' dir='ltr'><strong>ii</strong></span> <span class='ocrx_word' id='word_1_198' title='bbox 1085 2629 1450 2686; x_wconf 82' lang='lat' dir='ltr'><strong>deﬂexerint?</strong></span> <span class='ocrx_word' id='word_1_199' title='bbox 1495 2632 1629 2687; x_wconf 90' lang='lat' dir='ltr'><strong>Sunt</strong></span> <span class='ocrx_word' id='word_1_200' title='bbox 1652 2631 1790 2686; x_wconf 91' lang='lat' dir='ltr'><strong>enim</strong></span> <span class='ocrx_word' id='word_1_201' title='bbox 1825 2640 1971 2686; x_wconf 87' lang='lat' dir='ltr'><strong>tanto</strong></span> <span class='ocrx_word' id='word_1_202' title='bbox 1995 2630 2078 2686; x_wconf 90' lang='lat' dir='ltr'><strong>fu-</strong></span> 
     </span>
    </p>
   </div>
   <div class='ocr_carea' id='block_1_26' title="bbox 489 2723 2078 2795">
    <p class='ocr_par' dir='ltr' id='par_1_26' title="bbox 489 2723 2078 2795">
     <span class='ocr_line' id='line_1_26' title="bbox 489 2723 2078 2795; baseline 0.001 -15"><span class='ocrx_word' id='word_1_203' title='bbox 489 2741 611 2781; x_wconf 90' lang='lat' dir='ltr'><strong>rore</strong></span> <span class='ocrx_word' id='word_1_204' title='bbox 637 2724 844 2794; x_wconf 88' lang='lat' dir='ltr'><strong>perciti,</strong></span> <span class='ocrx_word' id='word_1_205' title='bbox 887 2731 941 2779; x_wconf 91' lang='lat' dir='ltr'><strong>et</strong></span> <span class='ocrx_word' id='word_1_206' title='bbox 969 2723 1104 2779; x_wconf 89' lang='lat' dir='ltr'><strong>adeo</strong></span> <span class='ocrx_word' id='word_1_207' title='bbox 1127 2731 1320 2778; x_wconf 68' lang='lat' dir='ltr'><strong>emotae</strong></span> <span class='ocrx_word' id='word_1_208' title='bbox 1347 2725 1567 2790; x_wconf 89' lang='lat' dir='ltr'><strong>mentis,</strong></span> <span class='ocrx_word' id='word_1_209' title='bbox 1599 2732 1656 2778; x_wconf 93' lang='lat' dir='ltr'><strong>ut</strong></span> <span class='ocrx_word' id='word_1_210' title='bbox 1680 2725 1840 2779; x_wconf 82' lang='lat' dir='ltr'><strong>etiam</strong></span> <span class='ocrx_word' id='word_1_211' title='bbox 1867 2726 2078 2795; x_wconf 88' lang='lat' dir='ltr'><strong>quando</strong></span> 
     </span>
    </p>
   </div>
   <div class='ocr_carea' id='block_1_27' title="bbox 492 2817 2079 2888">
    <p class='ocr_par' dir='ltr' id='par_1_27' title="bbox 492 2817 2079 2888">
     <span class='ocr_line' id='line_1_27' title="bbox 492 2817 2079 2888; baseline -0.002 -13"><span class='ocrx_word' id='word_1_212' title='bbox 492 2835 641 2875; x_wconf 88' lang='lat' dir='ltr'><strong>suam</strong></span> <span class='ocrx_word' id='word_1_213' title='bbox 670 2818 939 2874; x_wconf 89' lang='lat' dir='ltr'><strong>libidinem</strong></span> <span class='ocrx_word' id='word_1_214' title='bbox 967 2817 1320 2888; x_wconf 76' lang='lat' dir='ltr'><strong>expleverint,</strong></span> <span class='ocrx_word' id='word_1_215' title='bbox 1343 2817 1554 2888; x_wconf 88' lang='lat' dir='ltr'><strong>quando</strong></span> <span class='ocrx_word' id='word_1_216' title='bbox 1583 2833 1677 2873; x_wconf 90' lang='lat' dir='ltr'><strong>eos</strong></span> <span class='ocrx_word' id='word_1_217' title='bbox 1704 2817 1945 2873; x_wconf 88' lang='lat' dir='ltr'><strong>videntes</strong></span> <span class='ocrx_word' id='word_1_218' title='bbox 1974 2819 2079 2872; x_wconf 84' lang='lat' dir='ltr'><strong>ini-</strong></span> 
     </span>
    </p>
   </div>
   <div class='ocr_carea' id='block_1_28' title="bbox 487 2909 2074 2980">
    <p class='ocr_par' dir='ltr' id='par_1_28' title="bbox 487 2909 2074 2980">
     <span class='ocr_line' id='line_1_28' title="bbox 487 2909 2074 2980; baseline 0 -17"><span class='ocrx_word' id='word_1_219' title='bbox 487 2911 742 2980; x_wconf 84' lang='lat' dir='ltr'><strong>quitatem</strong></span> <span class='ocrx_word' id='word_1_220' title='bbox 773 2917 1044 2980; x_wconf 90' lang='lat' dir='ltr'><strong>oporteret</strong></span> <span class='ocrx_word' id='word_1_221' title='bbox 1073 2909 1408 2973; x_wconf 81' lang='lat' dir='ltr'><strong>erubescere,</strong></span> <span class='ocrx_word' id='word_1_222' title='bbox 1440 2910 1727 2976; x_wconf 87' lang='lat' dir='ltr'><strong>exsultant,</strong></span> <span class='ocrx_word' id='word_1_223' title='bbox 1747 2924 1805 2963; x_wconf 80' lang='lat' dir='ltr'><strong>se</strong></span> <span class='ocrx_word' id='word_1_224' title='bbox 1829 2909 2074 2975; x_wconf 83' lang='lat' dir='ltr'><strong>efferunt,</strong></span> 
     </span>
    </p>
   </div>
   <div class='ocr_carea' id='block_1_29' title="bbox 490 3000 2078 3068">
    <p class='ocr_par' dir='ltr' id='par_1_29' title="bbox 490 3000 2078 3068">
     <span class='ocr_line' id='line_1_29' title="bbox 490 3000 2078 3068; baseline 0 -13"><span class='ocrx_word' id='word_1_225' title='bbox 490 3002 558 3056; x_wconf 91' lang='lat' dir='ltr'><strong>de</strong></span> <span class='ocrx_word' id='word_1_226' title='bbox 595 3002 827 3057; x_wconf 88' lang='lat' dir='ltr'><strong>facinore</strong></span> <span class='ocrx_word' id='word_1_227' title='bbox 867 3001 1218 3056; x_wconf 85' lang='lat' dir='ltr'><strong>delectantur.</strong></span> <span class='ocrx_word' id='word_1_228' title='bbox 1242 3000 1372 3054; x_wconf 83' lang='lat' dir='ltr'><strong>Tale</strong></span> <span class='ocrx_word' id='word_1_229' title='bbox 1401 3010 1483 3055; x_wconf 90' lang='lat' dir='ltr'><strong>est</strong></span> <span class='ocrx_word' id='word_1_230' title='bbox 1516 3001 1658 3054; x_wconf 88' lang='lat' dir='ltr'><strong>enim</strong></span> <span class='ocrx_word' id='word_1_231' title='bbox 1689 3008 1961 3068; x_wconf 87' lang='lat' dir='ltr'><strong>peceatum</strong></span> <span class='ocrx_word' id='word_1_232' title='bbox 1983 3040 1996 3063; x_wconf 91' lang='lat'><strong>,</strong></span> <span class='ocrx_word' id='word_1_233' title='bbox 2021 3010 2078 3055; x_wconf 91' lang='lat' dir='ltr'><strong>ut</strong></span> 
     </span>
    </p>
   </div>
   <div class='ocr_carea' id='block_1_30' title="bbox 488 3091 2077 3162">
    <p class='ocr_par' dir='ltr' id='par_1_30' title="bbox 488 3091 2077 3162">
     <span class='ocr_line' id='line_1_30' title="bbox 488 3091 2077 3162; baseline 0 -16"><span class='ocrx_word' id='word_1_234' title='bbox 488 3093 792 3162; x_wconf 86' lang='lat' dir='ltr'><strong>priusquam</strong></span> <span class='ocrx_word' id='word_1_235' title='bbox 815 3091 1008 3147; x_wconf 86' lang='lat' dir='ltr'><strong>factum</strong></span> <span class='ocrx_word' id='word_1_236' title='bbox 1040 3091 1128 3158; x_wconf 85' lang='lat' dir='ltr'><strong>sit,</strong></span> <span class='ocrx_word' id='word_1_237' title='bbox 1145 3106 1296 3146; x_wconf 87' lang='lat' dir='ltr'><strong>suam</strong></span> <span class='ocrx_word' id='word_1_238' title='bbox 1316 3091 1456 3146; x_wconf 87' lang='lat' dir='ltr'><strong>velet</strong></span> <span class='ocrx_word' id='word_1_239' title='bbox 1481 3091 1876 3161; x_wconf 89' lang='lat' dir='ltr'><strong>turpitudinem,</strong></span> <span class='ocrx_word' id='word_1_240' title='bbox 1900 3091 2077 3147; x_wconf 90' lang='lat' dir='ltr'><strong>ebrie-</strong></span> 
     </span>
    </p>
   </div>
   <div class='ocr_carea' id='block_1_31' title="bbox 489 3182 2076 3255">
    <p class='ocr_par' dir='ltr' id='par_1_31' title="bbox 489 3182 2076 3255">
     <span class='ocr_line' id='line_1_31' title="bbox 489 3182 2076 3255; baseline 0.002 -19"><span class='ocrx_word' id='word_1_241' title='bbox 489 3193 596 3238; x_wconf 87' lang='lat' dir='ltr'><strong>tate</strong></span> <span class='ocrx_word' id='word_1_242' title='bbox 639 3183 925 3255; x_wconf 88' lang='lat' dir='ltr'><strong>voluptatis</strong></span> <span class='ocrx_word' id='word_1_243' title='bbox 966 3197 1115 3236; x_wconf 90' lang='lat' dir='ltr'><strong>suam</strong></span> <span class='ocrx_word' id='word_1_244' title='bbox 1143 3182 1397 3252; x_wconf 76' lang='lat' dir='ltr'><strong>obtegens</strong></span> <span class='ocrx_word' id='word_1_245' title='bbox 1441 3182 1889 3238; x_wconf 86' lang='lat' dir='ltr'><strong>abominationem</strong></span> <span class='ocrx_word' id='word_1_246' title='bbox 1927 3200 1941 3237; x_wconf 91' lang='lat'><strong>:</strong></span> <span class='ocrx_word' id='word_1_247' title='bbox 1981 3183 2076 3239; x_wconf 88' lang='lat' dir='ltr'><strong>sed</strong></span> 
     </span>
    </p>
   </div>
   <div class='ocr_carea' id='block_1_32' title="bbox 487 3272 2076 3345">
    <p class='ocr_par' dir='ltr' id='par_1_32' title="bbox 487 3272 2076 3345">
     <span class='ocr_line' id='line_1_32' title="bbox 487 3272 2076 3345; baseline 0 -17"><span class='ocrx_word' id='word_1_248' title='bbox 487 3283 767 3345; x_wconf 86' lang='lat' dir='ltr'><strong>postquam</strong></span> <span class='ocrx_word' id='word_1_249' title='bbox 808 3273 1001 3330; x_wconf 87' lang='lat' dir='ltr'><strong>factum</strong></span> <span class='ocrx_word' id='word_1_250' title='bbox 1029 3273 1208 3340; x_wconf 90' lang='lat' dir='ltr'><strong>fuerit,</strong></span> <span class='ocrx_word' id='word_1_251' title='bbox 1235 3283 1288 3328; x_wconf 89' lang='lat' dir='ltr'><strong>et</strong></span> <span class='ocrx_word' id='word_1_252' title='bbox 1324 3272 1556 3328; x_wconf 86' lang='lat' dir='ltr'><strong>libidinis</strong></span> <span class='ocrx_word' id='word_1_253' title='bbox 1597 3273 1807 3344; x_wconf 89' lang='lat' dir='ltr'><strong>quidem</strong></span> <span class='ocrx_word' id='word_1_254' title='bbox 1833 3274 2076 3344; x_wconf 90' lang='lat' dir='ltr'><strong>voluptas</strong></span> 
     </span>
    </p>
   </div>
   <div class='ocr_carea' id='block_1_33' title="bbox 488 3365 2074 3433">
    <p class='ocr_par' dir='ltr' id='par_1_33' title="bbox 488 3365 2074 3433">
     <span class='ocr_line' id='line_1_33' title="bbox 488 3365 2074 3433; baseline 0.003 -17"><span class='ocrx_word' id='word_1_255' title='bbox 488 3378 776 3433; x_wconf 86' lang='lat' dir='ltr'><strong>parumper</strong></span> <span class='ocrx_word' id='word_1_256' title='bbox 821 3365 1077 3430; x_wconf 86' lang='lat' dir='ltr'><strong>cesserit,</strong></span> <span class='ocrx_word' id='word_1_257' title='bbox 1107 3365 1447 3419; x_wconf 64' lang='lat' dir='ltr'><strong>conscientia:</strong></span> <span class='ocrx_word' id='word_1_258' title='bbox 1474 3372 1654 3419; x_wconf 92' lang='lat' dir='ltr'><strong>autem</strong></span> <span class='ocrx_word' id='word_1_259' title='bbox 1682 3367 1950 3420; x_wconf 89' lang='lat' dir='ltr'><strong>accusatio</strong></span> <span class='ocrx_word' id='word_1_260' title='bbox 1990 3367 2074 3420; x_wconf 91' lang='lat' dir='ltr'><strong>in-</strong></span> 
     </span>
    </p>
   </div>
   <div class='ocr_carea' id='block_1_34' title="bbox 490 3454 2073 3525">
    <p class='ocr_par' dir='ltr' id='par_1_34' title="bbox 490 3454 2073 3525">
     <span class='ocr_line' id='line_1_34' title="bbox 490 3454 2073 3525; baseline 0.004 -19"><span class='ocrx_word' id='word_1_261' title='bbox 490 3454 730 3520; x_wconf 88' lang='lat' dir='ltr'><strong>vaserit,</strong></span> <span class='ocrx_word' id='word_1_262' title='bbox 779 3454 974 3508; x_wconf 86' lang='lat' dir='ltr'><strong>nudam</strong></span> <span class='ocrx_word' id='word_1_263' title='bbox 1020 3456 1282 3509; x_wconf 87' lang='lat' dir='ltr'><strong>rationem</strong></span> <span class='ocrx_word' id='word_1_264' title='bbox 1326 3454 1598 3525; x_wconf 84' lang='lat' dir='ltr'><strong>flagellans</strong></span> <span class='ocrx_word' id='word_1_265' title='bbox 1623 3497 1638 3522; x_wconf 93' lang='lat'><strong>,</strong></span> <span class='ocrx_word' id='word_1_266' title='bbox 1674 3465 1798 3512; x_wconf 88' lang='lat' dir='ltr'><strong>tunc</strong></span> <span class='ocrx_word' id='word_1_267' title='bbox 1840 3458 2073 3514; x_wconf 84' lang='lat' dir='ltr'><strong>maxime</strong></span> 
     </span>
    </p>
   </div>
   <div class='ocr_carea' id='block_1_35' title="bbox 489 3544 2075 3616">
    <p class='ocr_par' dir='ltr' id='par_1_35' title="bbox 489 3544 2075 3616">
     <span class='ocr_line' id='line_1_35' title="bbox 489 3544 2075 3616; baseline 0.004 -17"><span class='ocrx_word' id='word_1_268' title='bbox 489 3544 731 3599; x_wconf 89' lang='lat' dir='ltr'><strong>cernitur</strong></span> <span class='ocrx_word' id='word_1_269' title='bbox 761 3560 919 3613; x_wconf 91' lang='lat' dir='ltr'><strong>quam</strong></span> <span class='ocrx_word' id='word_1_270' title='bbox 965 3545 1036 3599; x_wconf 91' lang='lat' dir='ltr'><strong>sit</strong></span> <span class='ocrx_word' id='word_1_271' title='bbox 1079 3546 1457 3616; x_wconf 87' lang='lat' dir='ltr'><strong>perniciosum.</strong></span> <span class='ocrx_word' id='word_1_272' title='bbox 1507 3548 1573 3602; x_wconf 84' lang='lat' dir='ltr'><strong>Hi</strong></span> <span class='ocrx_word' id='word_1_273' title='bbox 1618 3558 1793 3604; x_wconf 90' lang='lat' dir='ltr'><strong>autem</strong></span> <span class='ocrx_word' id='word_1_274' title='bbox 1825 3565 1924 3605; x_wconf 91' lang='lat' dir='ltr'><strong>nec</strong></span> <span class='ocrx_word' id='word_1_275' title='bbox 1952 3559 2075 3606; x_wconf 91' lang='lat' dir='ltr'><strong>tunc</strong></span> 
     </span>
    </p>
   </div>
   <div class='ocr_carea' id='block_1_36' title="bbox 491 3636 2072 3712">
    <p class='ocr_par' dir='ltr' id='par_1_36' title="bbox 491 3636 2072 3712">
     <span class='ocr_line' id='line_1_36' title="bbox 491 3636 2072 3712; baseline 0.006 -24"><span class='ocrx_word' id='word_1_276' title='bbox 491 3636 706 3702; x_wconf 78' lang='lat' dir='ltr'><strong>quidem</strong></span> <span class='ocrx_word' id='word_1_277' title='bbox 738 3645 1015 3706; x_wconf 88' lang='lat' dir='ltr'><strong>postquam</strong></span> <span class='ocrx_word' id='word_1_278' title='bbox 1046 3651 1105 3691; x_wconf 91' lang='lat' dir='ltr'><strong>se</strong></span> <span class='ocrx_word' id='word_1_279' title='bbox 1135 3638 1503 3707; x_wconf 80' lang='lat' dir='ltr'><strong>expleverint,</strong></span> <span class='ocrx_word' id='word_1_280' title='bbox 1538 3641 1630 3695; x_wconf 90' lang='lat' dir='ltr'><strong>sed</strong></span> <span class='ocrx_word' id='word_1_281' title='bbox 1679 3652 1958 3712; x_wconf 83' lang='lat' dir='ltr'><strong>postquam</strong></span> <span class='ocrx_word' id='word_1_282' title='bbox 1989 3643 2072 3697; x_wconf 87' lang='lat' dir='ltr'><strong>vi-</strong></span> 
     </span>
    </p>
   </div>
   <div class='ocr_carea' id='block_1_37' title="bbox 489 3716 2074 3801">
    <p class='ocr_par' dir='ltr' id='par_1_37' title="bbox 489 3716 2074 3801">
     <span class='ocr_line' id='line_1_37' title="bbox 489 3716 2074 3801; baseline 0.006 -21"><span class='ocrx_word' id='word_1_283' title='bbox 489 3729 667 3784; x_wconf 81' lang='lat' dir='ltr'><strong>derint</strong></span> <span class='ocrx_word' id='word_1_284' title='bbox 705 3745 834 3799; x_wconf 90' lang='lat' dir='ltr'><strong>opes</strong></span> <span class='ocrx_word' id='word_1_285' title='bbox 883 3716 1222 3786; x_wconf 85' lang='lat' dir='ltr'><strong>coacervatas</strong></span> <span class='ocrx_word' id='word_1_286' title='bbox 1247 3773 1261 3798; x_wconf 96' lang='lat'><strong>,</strong></span> <span class='ocrx_word' id='word_1_287' title='bbox 1315 3732 1557 3801; x_wconf 89' lang='lat' dir='ltr'><strong>sepulcra</strong></span> <span class='ocrx_word' id='word_1_288' title='bbox 1595 3733 1850 3800; x_wconf 88' lang='lat' dir='ltr'><strong>excitata,</strong></span> <span class='ocrx_word' id='word_1_289' title='bbox 1899 3735 2074 3790; x_wconf 89' lang='lat' dir='ltr'><strong>inania</strong></span> 
     </span>
    </p>
   </div>
   <div class='ocr_carea' id='block_1_38' title="bbox 493 3819 2076 3897">
    <p class='ocr_par' dir='ltr' id='par_1_38' title="bbox 493 3819 2076 3897">
     <span class='ocr_line' id='line_1_38' title="bbox 493 3819 2076 3897; baseline 0.007 -24"><span class='ocrx_word' id='word_1_290' title='bbox 493 3819 719 3875; x_wconf 75' lang='lat' dir='ltr'><strong>aedificia</strong></span> <span class='ocrx_word' id='word_1_291' title='bbox 748 3819 986 3890; x_wconf 90' lang='lat' dir='ltr'><strong>perfecta</strong></span> <span class='ocrx_word' id='word_1_292' title='bbox 1012 3862 1028 3887; x_wconf 91' lang='lat'><strong>,</strong></span> <span class='ocrx_word' id='word_1_293' title='bbox 1074 3837 1195 3875; x_wconf 90' lang='lat' dir='ltr'><strong>cum</strong></span> <span class='ocrx_word' id='word_1_294' title='bbox 1234 3833 1506 3891; x_wconf 88' lang='lat' dir='ltr'><strong>oporteret</strong></span> <span class='ocrx_word' id='word_1_295' title='bbox 1553 3840 1646 3879; x_wconf 92' lang='lat' dir='ltr'><strong>eos</strong></span> <span class='ocrx_word' id='word_1_296' title='bbox 1689 3828 1968 3897; x_wconf 86' lang='lat' dir='ltr'><strong>compungi</strong></span> <span class='ocrx_word' id='word_1_297' title='bbox 2012 3843 2076 3884; x_wconf 92' lang='lat' dir='ltr'><strong>ac</strong></span> 
     </span>
    </p>
   </div>
   <div class='ocr_carea' id='block_1_39' title="bbox 491 3910 2073 3988">
    <p class='ocr_par' dir='ltr' id='par_1_39' title="bbox 491 3910 2073 3988">
     <span class='ocr_line' id='line_1_39' title="bbox 491 3910 2073 3988; baseline 0.006 -24"><span class='ocrx_word' id='word_1_298' title='bbox 491 3911 710 3976; x_wconf 82' lang='lat' dir='ltr'><strong>deflere,</strong></span> <span class='ocrx_word' id='word_1_299' title='bbox 741 3920 862 3980; x_wconf 92' lang='lat' dir='ltr'><strong>post</strong></span> <span class='ocrx_word' id='word_1_300' title='bbox 889 3910 1007 3967; x_wconf 75' lang='lat' dir='ltr'><strong>hrcc</strong></span> <span class='ocrx_word' id='word_1_301' title='bbox 1033 3913 1217 3979; x_wconf 89' lang='lat' dir='ltr'><strong>etiam,</strong></span> <span class='ocrx_word' id='word_1_302' title='bbox 1251 3913 1354 3968; x_wconf 93' lang='lat' dir='ltr'><strong>hoc</strong></span> <span class='ocrx_word' id='word_1_303' title='bbox 1377 3922 1458 3968; x_wconf 90' lang='lat' dir='ltr'><strong>est</strong></span> <span class='ocrx_word' id='word_1_304' title='bbox 1480 3925 1596 3984; x_wconf 92' lang='lat' dir='ltr'><strong>post</strong></span> <span class='ocrx_word' id='word_1_305' title='bbox 1619 3916 1772 3985; x_wconf 88' lang='lat' dir='ltr'><strong>opus,</strong></span> <span class='ocrx_word' id='word_1_306' title='bbox 1796 3930 2073 3988; x_wconf 77' lang='lat' dir='ltr'><strong>pOStquam</strong></span> 
     </span>
    </p>
   </div>
   <div class='ocr_carea' id='block_1_40' title="bbox 488 4000 2072 4077">
    <p class='ocr_par' dir='ltr' id='par_1_40' title="bbox 488 4000 2072 4077">
     <span class='ocr_line' id='line_1_40' title="bbox 488 4000 2072 4077; baseline 0.005 -23"><span class='ocrx_word' id='word_1_307' title='bbox 488 4016 576 4056; x_wconf 89' lang='lat' dir='ltr'><strong>res</strong></span> <span class='ocrx_word' id='word_1_308' title='bbox 619 4000 782 4076; x_wconf 79' lang='lat' dir='ltr'><strong>fuerit</strong></span> <span class='ocrx_word' id='word_1_309' title='bbox 822 4000 1140 4072; x_wconf 91' lang='lat' dir='ltr'><strong>adimpleta,</strong></span> <span class='ocrx_word' id='word_1_310' title='bbox 1193 4012 1318 4059; x_wconf 91' lang='lat' dir='ltr'><strong>tunc</strong></span> <span class='ocrx_word' id='word_1_311' title='bbox 1369 4003 1543 4058; x_wconf 89' lang='lat' dir='ltr'><strong>adhuc</strong></span> <span class='ocrx_word' id='word_1_312' title='bbox 1577 4007 1747 4076; x_wconf 83' lang='lat' dir='ltr'><strong>magis</strong></span> <span class='ocrx_word' id='word_1_313' title='bbox 1791 4018 2072 4077; x_wconf 67' lang='lat' dir='ltr'><strong>aegrotant.</strong></span> 
     </span>
    </p>
   </div>
   <div class='ocr_carea' id='block_1_41' title="bbox 491 4092 2073 4170">
    <p class='ocr_par' dir='ltr' id='par_1_41' title="bbox 491 4092 2073 4170">
     <span class='ocr_line' id='line_1_41' title="bbox 491 4092 2073 4170; baseline 0.007 -24"><span class='ocrx_word' id='word_1_314' title='bbox 491 4092 780 4164; x_wconf 81' lang='lat' dir='ltr'><strong>Postquam</strong></span> <span class='ocrx_word' id='word_1_315' title='bbox 825 4108 956 4164; x_wconf 86' lang='lat' dir='ltr'><strong>ergo</strong></span> <span class='ocrx_word' id='word_1_316' title='bbox 1006 4094 1136 4148; x_wconf 88' lang='lat' dir='ltr'><strong>nihil</strong></span> <span class='ocrx_word' id='word_1_317' title='bbox 1184 4096 1263 4149; x_wconf 89' lang='lat' dir='ltr'><strong>eis</strong></span> <span class='ocrx_word' id='word_1_318' title='bbox 1317 4096 1561 4152; x_wconf 87' lang='lat' dir='ltr'><strong>relictum</strong></span> <span class='ocrx_word' id='word_1_319' title='bbox 1607 4107 1689 4153; x_wconf 89' lang='lat' dir='ltr'><strong>est</strong></span> <span class='ocrx_word' id='word_1_320' title='bbox 1718 4114 1784 4153; x_wconf 90' lang='lat' dir='ltr'><strong>ex</strong></span> <span class='ocrx_word' id='word_1_321' title='bbox 1816 4100 1944 4170; x_wconf 91' lang='lat' dir='ltr'><strong>ipsis</strong></span> <span class='ocrx_word' id='word_1_322' title='bbox 1985 4116 2073 4156; x_wconf 91' lang='lat' dir='ltr'><strong>re-</strong></span> 
     </span>
    </p>
   </div>
   <div class='ocr_carea' id='block_1_42' title="bbox 488 4183 2070 4258">
    <p class='ocr_par' dir='ltr' id='par_1_42' title="bbox 488 4183 2070 4258">
     <span class='ocr_line' id='line_1_42' title="bbox 488 4183 2070 4258; baseline 0.004 -20"><span class='ocrx_word' id='word_1_323' title='bbox 488 4183 670 4251; x_wconf 83' lang='lat' dir='ltr'><strong>medii,</strong></span> <span class='ocrx_word' id='word_1_324' title='bbox 700 4194 827 4239; x_wconf 90' lang='lat' dir='ltr'><strong>tunc</strong></span> <span class='ocrx_word' id='word_1_325' title='bbox 855 4194 1022 4240; x_wconf 89' lang='lat' dir='ltr'><strong>restat</strong></span> <span class='ocrx_word' id='word_1_326' title='bbox 1043 4195 1099 4239; x_wconf 92' lang='lat' dir='ltr'><strong>ut</strong></span> <span class='ocrx_word' id='word_1_327' title='bbox 1116 4186 1256 4240; x_wconf 88' lang='lat' dir='ltr'><strong>Deus</strong></span> <span class='ocrx_word' id='word_1_328' title='bbox 1281 4197 1604 4257; x_wconf 82' lang='lat' dir='ltr'><strong>exsequatur</strong></span> <span class='ocrx_word' id='word_1_329' title='bbox 1626 4190 1765 4258; x_wconf 91' lang='lat' dir='ltr'><strong>quod</strong></span> <span class='ocrx_word' id='word_1_330' title='bbox 1795 4206 1947 4245; x_wconf 91' lang='lat' dir='ltr'><strong>suum</strong></span> <span class='ocrx_word' id='word_1_331' title='bbox 1969 4202 2070 4247; x_wconf 87' lang='lat' dir='ltr'><strong>est.</strong></span> 
     </span>
    </p>
   </div>
   <div class='ocr_carea' id='block_1_43' title="bbox 560 4275 2074 4348">
    <p class='ocr_par' dir='ltr' id='par_1_43' title="bbox 560 4275 2074 4348">
     <span class='ocr_line' id='line_1_43' title="bbox 560 4275 2074 4348; baseline 0.005 -19"><span class='ocrx_word' id='word_1_332' title='bbox 560 4275 616 4329; x_wconf 87' lang='lat'><strong>9.</strong></span> <span class='ocrx_word' id='word_1_333' title='bbox 645 4275 1111 4341; x_wconf 82' lang='lat' dir='ltr'><strong>Quemadmodum</strong></span> <span class='ocrx_word' id='word_1_334' title='bbox 1129 4277 1272 4332; x_wconf 89' lang='lat' dir='ltr'><strong>enim</strong></span> <span class='ocrx_word' id='word_1_335' title='bbox 1295 4277 1386 4347; x_wconf 89' lang='lat' dir='ltr'><strong>qui</strong></span> <span class='ocrx_word' id='word_1_336' title='bbox 1406 4279 1612 4348; x_wconf 87' lang='lat' dir='ltr'><strong>seipsos</strong></span> <span class='ocrx_word' id='word_1_337' title='bbox 1629 4281 1988 4336; x_wconf 85' lang='lat' dir='ltr'><strong>condemnant</strong></span> <span class='ocrx_word' id='word_1_338' title='bbox 2005 4283 2074 4337; x_wconf 95' lang='lat' dir='ltr'><strong>ob</strong></span> 
     </span>
    </p>
   </div>
   <div class='ocr_carea' id='block_1_44' title="bbox 494 4369 2074 4440">
    <p class='ocr_par' dir='ltr' id='par_1_44' title="bbox 494 4369 2074 4440">
     <span class='ocr_line' id='line_1_44' title="bbox 494 4369 2074 4440; baseline 0.006 -22"><span class='ocrx_word' id='word_1_339' title='bbox 494 4375 713 4436; x_wconf 85' lang='lat' dir='ltr'><strong>peccata</strong></span> <span class='ocrx_word' id='word_1_340' title='bbox 746 4384 777 4422; x_wconf 92' lang='lat' dir='ltr'><strong>a</strong></span> <span class='ocrx_word' id='word_1_341' title='bbox 807 4384 865 4422; x_wconf 90' lang='lat' dir='ltr'><strong>se</strong></span> <span class='ocrx_word' id='word_1_342' title='bbox 886 4369 1280 4440; x_wconf 74' lang='lat' dir='ltr'><strong>admissa,qu:e</strong></span> <span class='ocrx_word' id='word_1_343' title='bbox 1306 4385 1336 4424; x_wconf 89' lang='lat' dir='ltr'><strong>a</strong></span> <span class='ocrx_word' id='word_1_344' title='bbox 1377 4371 1487 4427; x_wconf 89' lang='lat' dir='ltr'><strong>Deo</strong></span> <span class='ocrx_word' id='word_1_345' title='bbox 1517 4372 1736 4428; x_wconf 88' lang='lat' dir='ltr'><strong>ferenda</strong></span> <span class='ocrx_word' id='word_1_346' title='bbox 1777 4383 1921 4428; x_wconf 88' lang='lat' dir='ltr'><strong>esset</strong></span> <span class='ocrx_word' id='word_1_347' title='bbox 1947 4391 2074 4428; x_wconf 83' lang='lat' dir='ltr'><strong>sen-</strong></span> 
     </span>
    </p>
   </div>
   <div class='ocr_carea' id='block_1_45' title="bbox 493 4458 2071 4528">
    <p class='ocr_par' dir='ltr' id='par_1_45' title="bbox 493 4458 2071 4528">
     <span class='ocr_line' id='line_1_45' title="bbox 493 4458 2071 4528; baseline 0.006 -18"><span class='ocrx_word' id='word_1_348' title='bbox 493 4458 711 4511; x_wconf 90' lang='lat' dir='ltr'><strong>tentiam</strong></span> <span class='ocrx_word' id='word_1_349' title='bbox 738 4459 1090 4527; x_wconf 88' lang='lat' dir='ltr'><strong>anticipantcs</strong></span> <span class='ocrx_word' id='word_1_350' title='bbox 1110 4461 1332 4528; x_wconf 87' lang='lat' dir='ltr'><strong>evitant,</strong></span> <span class='ocrx_word' id='word_1_351' title='bbox 1349 4463 1486 4517; x_wconf 91' lang='lat' dir='ltr'><strong>sicut</strong></span> <span class='ocrx_word' id='word_1_352' title='bbox 1510 4465 1671 4519; x_wconf 91' lang='lat' dir='ltr'><strong>etiam</strong></span> <span class='ocrx_word' id='word_1_353' title='bbox 1695 4464 1822 4520; x_wconf 87' lang='lat' dir='ltr'><strong>dicit</strong></span> <span class='ocrx_word' id='word_1_354' title='bbox 1843 4465 2071 4520; x_wconf 84' lang='lat' dir='ltr'><strong>Paulus:</strong></span> 
     </span>
    </p>
   </div>
   <div class='ocr_carea' id='block_1_46' title="bbox 497 4549 2076 4627">
    <p class='ocr_par' dir='ltr' id='par_1_46' title="bbox 497 4549 2076 4627">
     <span class='ocr_line' id='line_1_46' title="bbox 497 4549 2076 4627; baseline 0.007 -27"><span class='ocrx_word' id='word_1_355' title='bbox 497 4549 560 4601; x_wconf 78' lang='lat' dir='ltr'><strong>Si</strong></span> <span class='ocrx_word' id='word_1_356' title='bbox 585 4549 718 4601; x_wconf 77' lang='lat' dir='ltr'><strong>enim</strong></span> <span class='ocrx_word' id='word_1_357' title='bbox 746 4554 976 4618; x_wconf 80' lang='lat' dir='ltr'><strong>nosipsos</strong></span> <span class='ocrx_word' id='word_1_358' title='bbox 992 4551 1363 4620; x_wconf 79' lang='lat' dir='ltr'><strong>judicaremus,</strong></span> <span class='ocrx_word' id='word_1_359' title='bbox 1395 4571 1495 4608; x_wconf 79' lang='lat' dir='ltr'><strong>non</strong></span> <span class='ocrx_word' id='word_1_360' title='bbox 1523 4556 1692 4627; x_wconf 81' lang='lat' dir='ltr'><strong>utique</strong></span> <span class='ocrx_word' id='word_1_361' title='bbox 1735 4557 2076 4617; x_wconf 75' lang='lat' dir='ltr'><strong>iudicaremur</strong></span> 
     </span>
    </p>
   </div>
   <div class='ocr_carea' id='block_1_47' title="bbox 501 4633 2069 4714">
    <p class='ocr_par' dir='ltr' id='par_1_47' title="bbox 501 4633 2069 4714">
     <span class='ocr_line' id='line_1_47' title="bbox 501 4633 2069 4714; baseline 0.007 -23"><span class='ocrx_word' id='word_1_362' title='bbox 501 4639 579 4707; x_wconf 87' lang='lat' dir='ltr'><strong>(l.</strong></span> <span class='ocrx_word' id='word_1_363' title='bbox 607 4636 726 4693; x_wconf 86' lang='lat' dir='ltr'><strong>Cor.</strong></span> <span class='ocrx_word' id='word_1_364' title='bbox 751 4633 808 4692; x_wconf 79' lang='grc' dir='ltr'>Η</span> <span class='ocrx_word' id='word_1_365' title='bbox 826 4677 839 4690; x_wconf 95' lang='grc'><strong>.</strong></span> <span class='ocrx_word' id='word_1_366' title='bbox 857 4638 950 4708; x_wconf 78' lang='grc'><strong>51)</strong></span> <span class='ocrx_word' id='word_1_367' title='bbox 981 4657 991 4691; x_wconf 95' lang='lat'>:</span> <span class='ocrx_word' id='word_1_368' title='bbox 1017 4641 1088 4694; x_wconf 90' lang='lat' dir='ltr'><strong>ita</strong></span> <span class='ocrx_word' id='word_1_369' title='bbox 1117 4655 1342 4710; x_wconf 90' lang='lat' dir='ltr'><strong>quorum</strong></span> <span class='ocrx_word' id='word_1_370' title='bbox 1375 4651 1480 4697; x_wconf 90' lang='lat' dir='ltr'><strong>tam</strong></span> <span class='ocrx_word' id='word_1_371' title='bbox 1508 4647 1684 4714; x_wconf 81' lang='lat' dir='ltr'><strong>gravis</strong></span> <span class='ocrx_word' id='word_1_372' title='bbox 1708 4655 1791 4702; x_wconf 88' lang='lat' dir='ltr'><strong>est</strong></span> <span class='ocrx_word' id='word_1_373' title='bbox 1815 4649 2030 4703; x_wconf 84' lang='lat' dir='ltr'><strong>morbus</strong></span> <span class='ocrx_word' id='word_1_374' title='bbox 2054 4690 2069 4714; x_wconf 92' lang='lat'><strong>,</strong></span> 
     </span>
    </p>
   </div>
   <div class='ocr_carea' id='block_1_48' title="bbox 506 4729 2072 4808">
    <p class='ocr_par' dir='ltr' id='par_1_48' title="bbox 506 4729 2072 4808">
     <span class='ocr_line' id='line_1_48' title="bbox 506 4729 2072 4808; baseline 0.005 -23"><span class='ocrx_word' id='word_1_375' title='bbox 506 4739 566 4785; x_wconf 91' lang='lat' dir='ltr'><strong>ut</strong></span> <span class='ocrx_word' id='word_1_376' title='bbox 587 4729 734 4784; x_wconf 85' lang='lat' dir='ltr'><strong>nulla</strong></span> <span class='ocrx_word' id='word_1_377' title='bbox 753 4730 1015 4783; x_wconf 87' lang='lat' dir='ltr'><strong>ducantur</strong></span> <span class='ocrx_word' id='word_1_378' title='bbox 1047 4730 1362 4800; x_wconf 76' lang='lat' dir='ltr'><strong>pcenitentia</strong></span> <span class='ocrx_word' id='word_1_379' title='bbox 1390 4774 1404 4798; x_wconf 96' lang='lat'><strong>,</strong></span> <span class='ocrx_word' id='word_1_380' title='bbox 1435 4742 1490 4788; x_wconf 90' lang='lat' dir='ltr'><strong>et</strong></span> <span class='ocrx_word' id='word_1_381' title='bbox 1519 4746 1800 4804; x_wconf 88' lang='lat' dir='ltr'><strong>peccantes</strong></span> <span class='ocrx_word' id='word_1_382' title='bbox 1823 4753 1916 4793; x_wconf 91' lang='lat' dir='ltr'><strong>sua</strong></span> <span class='ocrx_word' id='word_1_383' title='bbox 1947 4755 2072 4808; x_wconf 86' lang='lat' dir='ltr'><strong>pec-</strong></span> 
     </span>
    </p>
   </div>
   <div class='ocr_carea' id='block_1_49' title="bbox 494 4819 2075 4896">
    <p class='ocr_par' dir='ltr' id='par_1_49' title="bbox 494 4819 2075 4896">
     <span class='ocr_line' id='line_1_49' title="bbox 494 4819 2075 4896; baseline 0.005 -19"><span class='ocrx_word' id='word_1_384' title='bbox 494 4832 614 4878; x_wconf 90' lang='lat' dir='ltr'><strong>cata</strong></span> <span class='ocrx_word' id='word_1_385' title='bbox 641 4834 750 4876; x_wconf 82' lang='lat' dir='ltr'><strong>non</strong></span> <span class='ocrx_word' id='word_1_386' title='bbox 774 4819 1163 4884; x_wconf 88' lang='lat' dir='ltr'><strong>condemnent,</strong></span> <span class='ocrx_word' id='word_1_387' title='bbox 1192 4823 1284 4877; x_wconf 89' lang='lat' dir='ltr'><strong>Dei</strong></span> <span class='ocrx_word' id='word_1_388' title='bbox 1315 4824 1368 4877; x_wconf 91' lang='lat' dir='ltr'><strong>iu</strong></span> <span class='ocrx_word' id='word_1_389' title='bbox 1398 4838 1456 4879; x_wconf 90' lang='lat' dir='ltr'><strong>se</strong></span> <span class='ocrx_word' id='word_1_390' title='bbox 1480 4828 1796 4896; x_wconf 89' lang='lat' dir='ltr'><strong>supplicium</strong></span> <span class='ocrx_word' id='word_1_391' title='bbox 1817 4845 1938 4885; x_wconf 91' lang='lat' dir='ltr'><strong>cum</strong></span> <span class='ocrx_word' id='word_1_392' title='bbox 1963 4847 2075 4884; x_wconf 89' lang='lat' dir='ltr'><strong>ma-</strong></span> 
     </span>
    </p>
   </div>
   <div class='ocr_carea' id='block_1_50' title="bbox 495 4911 2074 4992">
    <p class='ocr_par' dir='ltr' id='par_1_50' title="bbox 495 4911 2074 4992">
     <span class='ocr_line' id='line_1_50' title="bbox 495 4911 2074 4992; baseline 0.005 -24"><span class='ocrx_word' id='word_1_393' title='bbox 495 4914 640 4968; x_wconf 89' lang='lat' dir='ltr'><strong>xima</strong></span> <span class='ocrx_word' id='word_1_394' title='bbox 685 4911 1022 4967; x_wconf 85' lang='lat' dir='ltr'><strong>vehementia</strong></span> <span class='ocrx_word' id='word_1_395' title='bbox 1070 4913 1366 4967; x_wconf 87' lang='lat' dir='ltr'><strong>attrahunt.</strong></span> <span class='ocrx_word' id='word_1_396' title='bbox 1412 4915 1672 4981; x_wconf 86' lang='lat' dir='ltr'><strong>Quoniam</strong></span> <span class='ocrx_word' id='word_1_397' title='bbox 1731 4934 1860 4988; x_wconf 83' lang='lat' dir='ltr'><strong>ergo</strong></span> <span class='ocrx_word' id='word_1_398' title='bbox 1900 4922 1934 4975; x_wconf 90' lang='lat' dir='ltr'><strong>ii</strong></span> <span class='ocrx_word' id='word_1_399' title='bbox 1984 4922 2074 4992; x_wconf 90' lang='lat' dir='ltr'><strong>qui</strong></span> 
     </span>
    </p>
   </div>
   <div class='ocr_carea' id='block_1_51' title="bbox 494 5004 2077 5081">
    <p class='ocr_par' dir='ltr' id='par_1_51' title="bbox 494 5004 2077 5081">
     <span class='ocr_line' id='line_1_51' title="bbox 494 5004 2077 5081; baseline 0.006 -21"><span class='ocrx_word' id='word_1_400' title='bbox 494 5007 670 5062; x_wconf 84' lang='lat' dir='ltr'><strong>aliena</strong></span> <span class='ocrx_word' id='word_1_401' title='bbox 711 5004 944 5075; x_wconf 87' lang='lat' dir='ltr'><strong>rapiunt,</strong></span> <span class='ocrx_word' id='word_1_402' title='bbox 977 5006 1061 5060; x_wconf 85' lang='lat' dir='ltr'><strong>vel</strong></span> <span class='ocrx_word' id='word_1_403' title='bbox 1100 5007 1188 5076; x_wconf 89' lang='lat' dir='ltr'><strong>qui</strong></span> <span class='ocrx_word' id='word_1_404' title='bbox 1239 5021 1332 5061; x_wconf 88' lang='lat' dir='ltr'><strong>sua</strong></span> <span class='ocrx_word' id='word_1_405' title='bbox 1385 5017 1586 5064; x_wconf 89' lang='lat' dir='ltr'><strong>temere</strong></span> <span class='ocrx_word' id='word_1_406' title='bbox 1631 5011 1990 5081; x_wconf 89' lang='lat' dir='ltr'><strong>profundunt,</strong></span> <span class='ocrx_word' id='word_1_407' title='bbox 2022 5024 2077 5070; x_wconf 90' lang='lat' dir='ltr'><strong>et</strong></span> 
     </span>
    </p>
   </div>
   <div class='ocr_carea' id='block_1_52' title="bbox 496 5096 2077 5170">
    <p class='ocr_par' dir='ltr' id='par_1_52' title="bbox 496 5096 2077 5170">
     <span class='ocr_line' id='line_1_52' title="bbox 496 5096 2077 5170; baseline 0.006 -19"><span class='ocrx_word' id='word_1_408' title='bbox 496 5113 616 5167; x_wconf 70' lang='lat' dir='ltr'><strong>qua:</strong></span> <span class='ocrx_word' id='word_1_409' title='bbox 643 5096 695 5151; x_wconf 93' lang='lat' dir='ltr'><strong>in</strong></span> <span class='ocrx_word' id='word_1_410' title='bbox 729 5111 992 5166; x_wconf 83' lang='lat' dir='ltr'><strong>pauperes</strong></span> <span class='ocrx_word' id='word_1_411' title='bbox 1018 5111 1241 5166; x_wconf 80' lang='lat' dir='ltr'><strong>erogare</strong></span> <span class='ocrx_word' id='word_1_412' title='bbox 1267 5107 1559 5166; x_wconf 88' lang='lat' dir='ltr'><strong>oporteret,</strong></span> <span class='ocrx_word' id='word_1_413' title='bbox 1599 5101 1649 5153; x_wconf 90' lang='lat' dir='ltr'><strong>in</strong></span> <span class='ocrx_word' id='word_1_414' title='bbox 1673 5104 1933 5170; x_wconf 87' lang='lat' dir='ltr'><strong>sepulcra,</strong></span> <span class='ocrx_word' id='word_1_415' title='bbox 1958 5121 2077 5160; x_wconf 92' lang='lat' dir='ltr'><strong>ver-</strong></span> 
     </span>
    </p>
   </div>
   <div class='ocr_carea' id='block_1_53' title="bbox 494 5187 2074 5268">
    <p class='ocr_par' dir='ltr' id='par_1_53' title="bbox 494 5187 2074 5268">
     <span class='ocr_line' id='line_1_53' title="bbox 494 5187 2074 5268; baseline 0.006 -26"><span class='ocrx_word' id='word_1_416' title='bbox 494 5202 612 5243; x_wconf 88' lang='lat' dir='ltr'><strong>mes</strong></span> <span class='ocrx_word' id='word_1_417' title='bbox 633 5196 687 5243; x_wconf 89' lang='lat' dir='ltr'><strong>et</strong></span> <span class='ocrx_word' id='word_1_418' title='bbox 711 5187 883 5242; x_wconf 87' lang='lat' dir='ltr'><strong>tineas</strong></span> <span class='ocrx_word' id='word_1_419' title='bbox 902 5200 1256 5254; x_wconf 87' lang='lat' dir='ltr'><strong>consumunt,</strong></span> <span class='ocrx_word' id='word_1_420' title='bbox 1289 5199 1344 5244; x_wconf 92' lang='lat' dir='ltr'><strong>et</strong></span> <span class='ocrx_word' id='word_1_421' title='bbox 1376 5204 1475 5244; x_wconf 90' lang='lat' dir='ltr'><strong>nec</strong></span> <span class='ocrx_word' id='word_1_422' title='bbox 1501 5206 1684 5245; x_wconf 89' lang='lat' dir='ltr'><strong>eorum</strong></span> <span class='ocrx_word' id='word_1_423' title='bbox 1714 5193 1925 5264; x_wconf 86' lang='lat' dir='ltr'><strong>quidem</strong></span> <span class='ocrx_word' id='word_1_424' title='bbox 1958 5213 2074 5268; x_wconf 73' lang='lat' dir='ltr'><strong>quzr</strong></span> 
     </span>
    </p>
   </div>
   <div class='ocr_carea' id='block_1_54' title="bbox 497 5277 2072 5348">
    <p class='ocr_par' dir='ltr' id='par_1_54' title="bbox 497 5277 2072 5348">
     <span class='ocr_line' id='line_1_54' title="bbox 497 5277 2072 5348; baseline 0.006 -18"><span class='ocrx_word' id='word_1_425' title='bbox 497 5279 746 5333; x_wconf 89' lang='lat' dir='ltr'><strong>fecerunt</strong></span> <span class='ocrx_word' id='word_1_426' title='bbox 789 5277 894 5332; x_wconf 88' lang='lat' dir='ltr'><strong>ulla</strong></span> <span class='ocrx_word' id='word_1_427' title='bbox 943 5285 1232 5348; x_wconf 85' lang='lat' dir='ltr'><strong>tanguntur</strong></span> <span class='ocrx_word' id='word_1_428' title='bbox 1260 5279 1592 5348; x_wconf 68' lang='lat' dir='ltr'><strong>poenitentia,</strong></span> <span class='ocrx_word' id='word_1_429' title='bbox 1623 5282 1715 5337; x_wconf 89' lang='lat' dir='ltr'><strong>sed</strong></span> <span class='ocrx_word' id='word_1_430' title='bbox 1760 5296 1975 5341; x_wconf 86' lang='lat' dir='ltr'><strong>manent</strong></span> <span class='ocrx_word' id='word_1_431' title='bbox 2001 5307 2072 5340; x_wconf 66' lang='lat'><strong>:1:-</strong></span> 
     </span>
    </p>
   </div>
   <div class='ocr_carea' id='block_1_55' title="bbox 493 5368 2073 5445">
    <p class='ocr_par' dir='ltr' id='par_1_55' title="bbox 493 5368 2073 5445">
     <span class='ocr_line' id='line_1_55' title="bbox 493 5368 2073 5445; baseline 0.007 -24"><span class='ocrx_word' id='word_1_432' title='bbox 493 5369 634 5436; x_wconf 84' lang='lat' dir='ltr'><strong>groti</strong></span> <span class='ocrx_word' id='word_1_433' title='bbox 659 5368 1123 5424; x_wconf 82' lang='lat' dir='ltr'><strong>irntnedieabiliter</strong></span> <span class='ocrx_word' id='word_1_434' title='bbox 1152 5387 1165 5424; x_wconf 91' lang='lat'><strong>:</strong></span> <span class='ocrx_word' id='word_1_435' title='bbox 1202 5370 1327 5426; x_wconf 90' lang='lat' dir='ltr'><strong>audi</strong></span> <span class='ocrx_word' id='word_1_436' title='bbox 1355 5371 1482 5442; x_wconf 91' lang='lat' dir='ltr'><strong>quid</strong></span> <span class='ocrx_word' id='word_1_437' title='bbox 1507 5372 1763 5445; x_wconf 90' lang='lat' dir='ltr'><strong>deinceps</strong></span> <span class='ocrx_word' id='word_1_438' title='bbox 1789 5375 1900 5430; x_wconf 83' lang='lat' dir='ltr'><strong>fiat.</strong></span> <span class='ocrx_word' id='word_1_439' title='bbox 1939 5377 2073 5444; x_wconf 87' lang='lat' dir='ltr'><strong>Quid</strong></span> 
     </span>
    </p>
   </div>
   <div class='ocr_carea' id='block_1_56' title="bbox 497 5460 2078 5536">
    <p class='ocr_par' dir='ltr' id='par_1_56' title="bbox 497 5460 2078 5536">
     <span class='ocr_line' id='line_1_56' title="bbox 497 5460 2078 5536; baseline 0.009 -22"><span class='ocrx_word' id='word_1_440' title='bbox 497 5475 625 5529; x_wconf 80' lang='lat' dir='ltr'><strong>ergo</strong></span> <span class='ocrx_word' id='word_1_441' title='bbox 663 5460 766 5516; x_wconf 74' lang='lat' dir='ltr'><strong>fit?</strong></span> <span class='ocrx_word' id='word_1_442' title='bbox 805 5462 850 5516; x_wconf 79' lang='grc' dir='ltr'><strong>Α</strong></span> <span class='ocrx_word' id='word_1_443' title='bbox 884 5462 1000 5518; x_wconf 84' lang='lat' dir='ltr'><strong>Deo</strong></span> <span class='ocrx_word' id='word_1_444' title='bbox 1029 5463 1314 5519; x_wconf 89' lang='lat' dir='ltr'><strong>traduntur</strong></span> <span class='ocrx_word' id='word_1_445' title='bbox 1354 5465 1652 5536; x_wconf 85' lang='lat' dir='ltr'><strong>supplicio;</strong></span> <span class='ocrx_word' id='word_1_446' title='bbox 1699 5478 1753 5524; x_wconf 91' lang='lat' dir='ltr'><strong>et</strong></span> <span class='ocrx_word' id='word_1_447' title='bbox 1802 5469 1922 5526; x_wconf 89' lang='lat' dir='ltr'><strong>ideo</strong></span> <span class='ocrx_word' id='word_1_448' title='bbox 1950 5472 2078 5527; x_wconf 88' lang='lat' dir='ltr'><strong>sub—</strong></span> 
     </span>
    </p>
   </div>
   <div class='ocr_carea' id='block_1_57' title="bbox 494 5549 2076 5628">
    <p class='ocr_par' dir='ltr' id='par_1_57' title="bbox 494 5549 2076 5628">
     <span class='ocr_line' id='line_1_57' title="bbox 494 5549 2076 5628; baseline 0.009 -25"><span class='ocrx_word' id='word_1_449' title='bbox 494 5549 671 5617; x_wconf 86' lang='lat' dir='ltr'><strong>junxit</strong></span> <span class='ocrx_word' id='word_1_450' title='bbox 716 5567 731 5604; x_wconf 93' lang='lat'><strong>:</strong></span> <span class='ocrx_word' id='word_1_451' title='bbox 777 5552 865 5608; x_wconf 75' lang='grc'><strong>15.</strong></span> <span class='ocrx_word' id='word_1_452' title='bbox 917 5552 1064 5608; x_wconf 80' lang='lat' dir='ltr'><strong>Sicut</strong></span> <span class='ocrx_word' id='word_1_453' title='bbox 1102 5571 1221 5610; x_wconf 77' lang='lat' dir='ltr'><strong>oues</strong></span> <span class='ocrx_word' id='word_1_454' title='bbox 1263 5555 1318 5608; x_wconf 87' lang='lat' dir='ltr'><strong>in</strong></span> <span class='ocrx_word' id='word_1_455' title='bbox 1357 5555 1555 5628; x_wconf 83' lang='lat' dir='ltr'><strong>inferno</strong></span> <span class='ocrx_word' id='word_1_456' title='bbox 1590 5560 1738 5628; x_wconf 73' lang='lat' dir='ltr'><strong>positi</strong></span> <span class='ocrx_word' id='word_1_457' title='bbox 1766 5571 1912 5627; x_wconf 80' lang='lat' dir='ltr'><strong>sunt;</strong></span> <span class='ocrx_word' id='word_1_458' title='bbox 1942 5579 2076 5618; x_wconf 80' lang='lat' dir='ltr'><strong>mors</strong></span> 
     </span>
    </p>
   </div>
   <div class='ocr_carea' id='block_1_58' title="bbox 498 5641 2070 5724">
    <p class='ocr_par' dir='ltr' id='par_1_58' title="bbox 498 5641 2070 5724">
     <span class='ocr_line' id='line_1_58' title="bbox 498 5641 2070 5724; baseline 0.013 -30"><span class='ocrx_word' id='word_1_459' title='bbox 498 5641 731 5712; x_wconf 75' lang='lat' dir='ltr'><strong>deposcet</strong></span> <span class='ocrx_word' id='word_1_460' title='bbox 764 5661 894 5700; x_wconf 78' lang='lat' dir='ltr'><strong>eos:</strong></span> <span class='ocrx_word' id='word_1_461' title='bbox 931 5663 1040 5703; x_wconf 91' lang='lat' dir='ltr'><strong>non</strong></span> <span class='ocrx_word' id='word_1_462' title='bbox 1093 5649 1181 5706; x_wconf 85' lang='lat' dir='ltr'><strong>hic</strong></span> <span class='ocrx_word' id='word_1_463' title='bbox 1226 5653 1686 5709; x_wconf 86' lang='lat' dir='ltr'><strong>mansuetudinem</strong></span> <span class='ocrx_word' id='word_1_464' title='bbox 1735 5671 1830 5724; x_wconf 89' lang='lat' dir='ltr'><strong>per</strong></span> <span class='ocrx_word' id='word_1_465' title='bbox 1879 5674 2070 5714; x_wconf 88' lang='lat' dir='ltr'><strong>nomen</strong></span> 
     </span>
    </p>
   </div>
   <div class='ocr_carea' id='block_1_59' title="bbox 498 5736 2079 5815">
    <p class='ocr_par' dir='ltr' id='par_1_59' title="bbox 498 5736 2079 5815">
     <span class='ocr_line' id='line_1_59' title="bbox 498 5736 2079 5815; baseline 0.015 -30"><span class='ocrx_word' id='word_1_466' title='bbox 498 5750 678 5788; x_wconf 77' lang='lat' dir='ltr'><strong>avrum</strong></span> <span class='ocrx_word' id='word_1_467' title='bbox 705 5736 1006 5806; x_wconf 82' lang='lat' dir='ltr'><strong>significans</strong></span> <span class='ocrx_word' id='word_1_468' title='bbox 1041 5740 1059 5810; x_wconf 97' lang='lat'><strong>(</strong></span> <span class='ocrx_word' id='word_1_469' title='bbox 1099 5742 1224 5811; x_wconf 91' lang='lat' dir='ltr'><strong>quid</strong></span> <span class='ocrx_word' id='word_1_470' title='bbox 1271 5745 1412 5799; x_wconf 88' lang='lat' dir='ltr'><strong>enim</strong></span> <span class='ocrx_word' id='word_1_471' title='bbox 1466 5747 1634 5815; x_wconf 87' lang='lat' dir='ltr'><strong>possit</strong></span> <span class='ocrx_word' id='word_1_472' title='bbox 1685 5747 1788 5804; x_wconf 86' lang='lat' dir='ltr'><strong>illis</strong></span> <span class='ocrx_word' id='word_1_473' title='bbox 1829 5766 1948 5808; x_wconf 85' lang='lat' dir='ltr'><strong>esse</strong></span> <span class='ocrx_word' id='word_1_474' title='bbox 1979 5767 2079 5808; x_wconf 76' lang='lat' dir='ltr'><strong>sa:-</strong></span> 
     </span>
    </p>
   </div>
   <div class='ocr_carea' id='block_1_60' title="bbox 496 5824 2070 5908">
    <p class='ocr_par' dir='ltr' id='par_1_60' title="bbox 496 5824 2070 5908">
     <span class='ocr_line' id='line_1_60' title="bbox 496 5824 2070 5908; baseline 0.017 -32"><span class='ocrx_word' id='word_1_475' title='bbox 496 5824 636 5892; x_wconf 81' lang='lat' dir='ltr'><strong>vius,</strong></span> <span class='ocrx_word' id='word_1_476' title='bbox 664 5827 752 5897; x_wconf 85' lang='lat' dir='ltr'><strong>qui</strong></span> <span class='ocrx_word' id='word_1_477' title='bbox 777 5843 1066 5898; x_wconf 85' lang='lat' dir='ltr'><strong>pauperum</strong></span> <span class='ocrx_word' id='word_1_478' title='bbox 1091 5832 1302 5901; x_wconf 88' lang='lat' dir='ltr'><strong>quidem</strong></span> <span class='ocrx_word' id='word_1_479' title='bbox 1345 5836 1484 5891; x_wconf 88' lang='lat' dir='ltr'><strong>nuda</strong></span> <span class='ocrx_word' id='word_1_480' title='bbox 1516 5853 1739 5908; x_wconf 86' lang='lat' dir='ltr'><strong>corpora</strong></span> <span class='ocrx_word' id='word_1_481' title='bbox 1778 5851 1832 5896; x_wconf 93' lang='lat' dir='ltr'><strong>ct</strong></span> <span class='ocrx_word' id='word_1_482' title='bbox 1859 5853 2070 5901; x_wconf 85' lang='lat' dir='ltr'><strong>ventres</strong></span> 
     </span>
    </p>
   </div>
   <div class='ocr_carea' id='block_1_61' title="bbox 1182 398 3002 460">
    <p class='ocr_par' dir='ltr' id='par_1_61' title="bbox 1182 398 3002 460">
     <span class='ocr_line' id='line_1_61' title="bbox 1182 398 3002 460; baseline -0.002 -1"><span class='ocrx_word' id='word_1_483' title='bbox 1182 405 1238 460; x_wconf 89' lang='lat' dir='ltr'><strong>S.</strong></span> <span class='ocrx_word' id='word_1_484' title='bbox 1279 401 1556 459; x_wconf 78' lang='lat' dir='ltr'><strong>JOANNlS</strong></span> <span class='ocrx_word' id='word_1_485' title='bbox 1593 398 2074 456; x_wconf 74' lang='lat' dir='ltr'><strong>CHRYSOSTOMI</strong></span> <span class='ocrx_word' id='word_1_486' title='bbox 2112 398 2428 456; x_wconf 80' lang='lat' dir='ltr'><strong>ARClllEP.</strong></span> <span class='ocrx_word' id='word_1_487' title='bbox 2467 399 3002 458; x_wconf 74' lang='lat' dir='ltr'><strong>CONSTANTINOP.</strong></span> 
     </span>
    </p>
   </div>
   <div class='ocr_carea' id='block_1_62' title="bbox 3648 407 3756 464">
    <p class='ocr_par' dir='ltr' id='par_1_62' title="bbox 3648 407 3756 464">
     <span class='ocr_line' id='line_1_62' title="bbox 3648 407 3756 464; baseline 0.037 -3"><span class='ocrx_word' id='word_1_488' title='bbox 3648 407 3756 464; x_wconf 67' lang='grc'><strong>’156</strong></span> 
     </span>
    </p>
   </div>
   <div class='ocr_carea' id='block_1_63' title="bbox 2180 514 3764 594">
    <p class='ocr_par' dir='ltr' id='par_1_63' title="bbox 2180 514 3764 594">
     <span class='ocr_line' id='line_1_63' title="bbox 2180 514 3764 594; baseline 0.008 -26"><span class='ocrx_word' id='word_1_489' title='bbox 2180 514 2323 571; x_wconf 88' lang='lat' dir='ltr'><strong>fame</strong></span> <span class='ocrx_word' id='word_1_490' title='bbox 2368 527 2587 573; x_wconf 88' lang='lat' dir='ltr'><strong>enectos</strong></span> <span class='ocrx_word' id='word_1_491' title='bbox 2625 518 2945 588; x_wconf 87' lang='lat' dir='ltr'><strong>despiciunt,</strong></span> <span class='ocrx_word' id='word_1_492' title='bbox 2973 519 3164 574; x_wconf 89' lang='lat' dir='ltr'><strong>domos</strong></span> <span class='ocrx_word' id='word_1_493' title='bbox 3199 530 3376 576; x_wconf 86' lang='lat' dir='ltr'><strong>autem</strong></span> <span class='ocrx_word' id='word_1_494' title='bbox 3407 526 3764 594; x_wconf 88' lang='lat' dir='ltr'><strong>corruptioui,</strong></span> 
     </span>
    </p>
   </div>
   <div class='ocr_carea' id='block_1_64' title="bbox 2177 609 3766 686">
    <p class='ocr_par' dir='ltr' id='par_1_64' title="bbox 2177 609 3766 686">
     <span class='ocr_line' id='line_1_64' title="bbox 2177 609 3766 686; baseline 0.008 -24"><span class='ocrx_word' id='word_1_495' title='bbox 2177 609 2345 663; x_wconf 90' lang='lat' dir='ltr'><strong>vermi</strong></span> <span class='ocrx_word' id='word_1_496' title='bbox 2387 617 2441 664; x_wconf 90' lang='lat' dir='ltr'><strong>et</strong></span> <span class='ocrx_word' id='word_1_497' title='bbox 2480 611 2636 666; x_wconf 73' lang='lat' dir='ltr'><strong>tinctu</strong></span> <span class='ocrx_word' id='word_1_498' title='bbox 2678 611 2958 682; x_wconf 78' lang='lat' dir='ltr'><strong>magnifice</strong></span> <span class='ocrx_word' id='word_1_499' title='bbox 2999 614 3388 686; x_wconf 85' lang='lat' dir='ltr'><strong>exstruunt?),</strong></span> <span class='ocrx_word' id='word_1_500' title='bbox 3417 616 3514 671; x_wconf 88' lang='lat' dir='ltr'><strong>sed</strong></span> <span class='ocrx_word' id='word_1_501' title='bbox 3551 617 3766 675; x_wconf 87' lang='lat' dir='ltr'><strong>facilem</strong></span> 
     </span>
    </p>
   </div>
   <div class='ocr_carea' id='block_1_65' title="bbox 2178 703 3771 777">
    <p class='ocr_par' dir='ltr' id='par_1_65' title="bbox 2178 703 3771 777">
     <span class='ocr_line' id='line_1_65' title="bbox 2178 703 3771 777; baseline 0.007 -21"><span class='ocrx_word' id='word_1_502' title='bbox 2178 717 2364 756; x_wconf 88' lang='lat' dir='ltr'><strong>eorum</strong></span> <span class='ocrx_word' id='word_1_503' title='bbox 2395 703 2690 769; x_wconf 88' lang='lat' dir='ltr'><strong>interitum,</strong></span> <span class='ocrx_word' id='word_1_504' title='bbox 2719 705 3052 775; x_wconf 88' lang='lat' dir='ltr'><strong>repentinum</strong></span> <span class='ocrx_word' id='word_1_505' title='bbox 3079 706 3322 772; x_wconf 79' lang='lat' dir='ltr'><strong>exitium,</strong></span> <span class='ocrx_word' id='word_1_506' title='bbox 3351 717 3407 762; x_wconf 88' lang='lat' dir='ltr'><strong>et</strong></span> <span class='ocrx_word' id='word_1_507' title='bbox 3429 723 3588 777; x_wconf 83' lang='lat' dir='ltr'><strong>quam</strong></span> <span class='ocrx_word' id='word_1_508' title='bbox 3609 707 3771 768; x_wconf 85' lang='lat' dir='ltr'><strong>facile</strong></span> 
     </span>
    </p>
   </div>
   <div class='ocr_carea' id='block_1_66' title="bbox 2177 794 3770 866">
    <p class='ocr_par' dir='ltr' id='par_1_66' title="bbox 2177 794 3770 866">
     <span class='ocr_line' id='line_1_66' title="bbox 2177 794 3770 866; baseline 0.006 -18"><span class='ocrx_word' id='word_1_509' title='bbox 2177 794 2292 863; x_wconf 89' lang='lat' dir='ltr'><strong>capi</strong></span> <span class='ocrx_word' id='word_1_510' title='bbox 2316 795 2524 864; x_wconf 88' lang='lat' dir='ltr'><strong>possint</strong></span> <span class='ocrx_word' id='word_1_511' title='bbox 2545 796 2614 849; x_wconf 91' lang='lat' dir='ltr'><strong>ab</strong></span> <span class='ocrx_word' id='word_1_512' title='bbox 2636 797 2716 850; x_wconf 77' lang='lat' dir='ltr'><strong>eis</strong></span> <span class='ocrx_word' id='word_1_513' title='bbox 2738 798 2830 866; x_wconf 92' lang='lat' dir='ltr'><strong>qui</strong></span> <span class='ocrx_word' id='word_1_514' title='bbox 2850 797 2958 852; x_wconf 90' lang='lat' dir='ltr'><strong>illis</strong></span> <span class='ocrx_word' id='word_1_515' title='bbox 2985 797 3320 853; x_wconf 87' lang='lat' dir='ltr'><strong>insidiantur.</strong></span> <span class='ocrx_word' id='word_1_516' title='bbox 3350 799 3494 855; x_wconf 82' lang='lat' dir='ltr'><strong>Nihil</strong></span> <span class='ocrx_word' id='word_1_517' title='bbox 3515 812 3600 856; x_wconf 90' lang='lat' dir='ltr'><strong>est</strong></span> <span class='ocrx_word' id='word_1_518' title='bbox 3623 805 3770 858; x_wconf 83' lang='lat' dir='ltr'><strong>enim</strong></span> 
     </span>
    </p>
   </div>
   <div class='ocr_carea' id='block_1_67' title="bbox 2179 885 3774 962">
    <p class='ocr_par' dir='ltr' id='par_1_67' title="bbox 2179 885 3774 962">
     <span class='ocr_line' id='line_1_67' title="bbox 2179 885 3774 962; baseline 0.007 -24"><span class='ocrx_word' id='word_1_519' title='bbox 2179 885 2498 942; x_wconf 88' lang='lat' dir='ltr'><strong>imbecillius</strong></span> <span class='ocrx_word' id='word_1_520' title='bbox 2525 887 2763 954; x_wconf 87' lang='lat' dir='ltr'><strong>homine,</strong></span> <span class='ocrx_word' id='word_1_521' title='bbox 2785 890 2877 957; x_wconf 88' lang='lat' dir='ltr'><strong>qui</strong></span> <span class='ocrx_word' id='word_1_522' title='bbox 2905 889 2960 943; x_wconf 90' lang='lat' dir='ltr'><strong>in</strong></span> <span class='ocrx_word' id='word_1_523' title='bbox 2978 890 3107 944; x_wconf 88' lang='lat' dir='ltr'><strong>vitio</strong></span> <span class='ocrx_word' id='word_1_524' title='bbox 3128 890 3287 944; x_wconf 89' lang='lat' dir='ltr'><strong>vitam</strong></span> <span class='ocrx_word' id='word_1_525' title='bbox 3319 892 3582 962; x_wconf 81' lang='lat' dir='ltr'><strong>transigit.</strong></span> <span class='ocrx_word' id='word_1_526' title='bbox 3613 894 3774 959; x_wconf 87' lang='lat' dir='ltr'><strong>Quod&#39;</strong></span> 
     </span>
    </p>
   </div>
   <div class='ocr_carea' id='block_1_68' title="bbox 2177 978 3775 1050">
    <p class='ocr_par' dir='ltr' id='par_1_68' title="bbox 2177 978 3775 1050">
     <span class='ocr_line' id='line_1_68' title="bbox 2177 978 3775 1050; baseline 0.005 -16"><span class='ocrx_word' id='word_1_527' title='bbox 2177 978 2262 1034; x_wconf 88' lang='lat' dir='ltr'><strong>his</strong></span> <span class='ocrx_word' id='word_1_528' title='bbox 2289 996 2501 1050; x_wconf 91' lang='lat' dir='ltr'><strong>quoque</strong></span> <span class='ocrx_word' id='word_1_529' title='bbox 2529 982 2741 1037; x_wconf 89' lang='lat' dir='ltr'><strong>eveniet</strong></span> <span class='ocrx_word' id='word_1_530' title='bbox 2771 999 2785 1036; x_wconf 93' lang='lat'><strong>:</strong></span> <span class='ocrx_word' id='word_1_531' title='bbox 2817 989 2871 1037; x_wconf 92' lang='lat' dir='ltr'><strong>et</strong></span> <span class='ocrx_word' id='word_1_532' title='bbox 2911 983 2982 1036; x_wconf 90' lang='lat' dir='ltr'><strong>ita</strong></span> <span class='ocrx_word' id='word_1_533' title='bbox 3013 983 3392 1049; x_wconf 87' lang='lat' dir='ltr'><strong>concidentur,</strong></span> <span class='ocrx_word' id='word_1_534' title='bbox 3429 985 3501 1038; x_wconf 88' lang='lat' dir='ltr'><strong>ita</strong></span> <span class='ocrx_word' id='word_1_535' title='bbox 3533 984 3775 1042; x_wconf 90' lang='lat' dir='ltr'><strong>funditus</strong></span> 
     </span>
    </p>
   </div>
   <div class='ocr_carea' id='block_1_69' title="bbox 2178 1070 3776 1140">
    <p class='ocr_par' dir='ltr' id='par_1_69' title="bbox 2178 1070 3776 1140">
     <span class='ocr_line' id='line_1_69' title="bbox 2178 1070 3776 1140; baseline 0.006 -17"><span class='ocrx_word' id='word_1_536' title='bbox 2178 1070 2451 1139; x_wconf 87' lang='lat' dir='ltr'><strong>peribunt,</strong></span> <span class='ocrx_word' id='word_1_537' title='bbox 2473 1079 2531 1126; x_wconf 91' lang='lat' dir='ltr'><strong>et</strong></span> <span class='ocrx_word' id='word_1_538' title='bbox 2557 1081 2660 1125; x_wconf 85' lang='lat' dir='ltr'><strong>tam</strong></span> <span class='ocrx_word' id='word_1_539' title='bbox 2689 1070 2846 1127; x_wconf 90' lang='lat' dir='ltr'><strong>facile</strong></span> <span class='ocrx_word' id='word_1_540' title='bbox 2867 1071 3158 1127; x_wconf 89' lang='lat' dir='ltr'><strong>deveniet</strong></span> <span class='ocrx_word' id='word_1_541' title='bbox 3183 1072 3247 1126; x_wconf 90' lang='lat' dir='ltr'><strong>ad</strong></span> <span class='ocrx_word' id='word_1_542' title='bbox 3276 1073 3495 1140; x_wconf 82' lang='lat' dir='ltr'><strong>inferos,</strong></span> <span class='ocrx_word' id='word_1_543' title='bbox 3520 1083 3625 1130; x_wconf 92' lang='lat' dir='ltr'><strong>tam</strong></span> <span class='ocrx_word' id='word_1_544' title='bbox 3647 1076 3776 1132; x_wconf 88' lang='lat' dir='ltr'><strong>bre-</strong></span> 
     </span>
    </p>
   </div>
   <div class='ocr_carea' id='block_1_70' title="bbox 2175 1161 3772 1236">
    <p class='ocr_par' dir='ltr' id='par_1_70' title="bbox 2175 1161 3772 1236">
     <span class='ocr_line' id='line_1_70' title="bbox 2175 1161 3772 1236; baseline 0.003 -20"><span class='ocrx_word' id='word_1_545' title='bbox 2175 1161 2347 1226; x_wconf 84' lang='lat' dir='ltr'><strong>viter,</strong></span> <span class='ocrx_word' id='word_1_546' title='bbox 2390 1172 2496 1216; x_wconf 89' lang='lat' dir='ltr'><strong>tam</strong></span> <span class='ocrx_word' id='word_1_547' title='bbox 2541 1162 2820 1232; x_wconf 84' lang='lat' dir='ltr'><strong>expedite,</strong></span> <span class='ocrx_word' id='word_1_548' title='bbox 2852 1171 2957 1217; x_wconf 89' lang='lat' dir='ltr'><strong>tam</strong></span> <span class='ocrx_word' id='word_1_549' title='bbox 2989 1163 3136 1218; x_wconf 87' lang='lat' dir='ltr'><strong>nullo</strong></span> <span class='ocrx_word' id='word_1_550' title='bbox 3174 1165 3422 1234; x_wconf 85' lang='lat' dir='ltr'><strong>negotio,</strong></span> <span class='ocrx_word' id='word_1_551' title='bbox 3452 1181 3612 1236; x_wconf 88' lang='lat' dir='ltr'><strong>quam</strong></span> <span class='ocrx_word' id='word_1_552' title='bbox 3639 1182 3772 1222; x_wconf 90' lang='lat' dir='ltr'><strong>oves</strong></span> 
     </span>
    </p>
   </div>
   <div class='ocr_carea' id='block_1_71' title="bbox 2180 1254 3772 1322">
    <p class='ocr_par' dir='ltr' id='par_1_71' title="bbox 2180 1254 3772 1322">
     <span class='ocr_line' id='line_1_71' title="bbox 2180 1254 3772 1322; baseline 0.005 -16"><span class='ocrx_word' id='word_1_553' title='bbox 2180 1267 2300 1322; x_wconf 65' lang='lat' dir='ltr'><strong>quae</strong></span> <span class='ocrx_word' id='word_1_554' title='bbox 2320 1261 2641 1308; x_wconf 88' lang='lat' dir='ltr'><strong>mactantur.</strong></span> <span class='ocrx_word' id='word_1_555' title='bbox 2669 1254 2780 1308; x_wconf 90' lang='lat' dir='ltr'><strong>lloc</strong></span> <span class='ocrx_word' id='word_1_556' title='bbox 2805 1263 2885 1309; x_wconf 89' lang='lat' dir='ltr'><strong>est</strong></span> <span class='ocrx_word' id='word_1_557' title='bbox 2911 1270 3076 1320; x_wconf 89' lang='lat' dir='ltr'><strong>mors,</strong></span> <span class='ocrx_word' id='word_1_558' title='bbox 3100 1255 3208 1308; x_wconf 90' lang='lat' dir='ltr'><strong>imo</strong></span> <span class='ocrx_word' id='word_1_559' title='bbox 3232 1271 3361 1310; x_wconf 90' lang='lat' dir='ltr'><strong>vero</strong></span> <span class='ocrx_word' id='word_1_560' title='bbox 3382 1271 3469 1310; x_wconf 89' lang='lat' dir='ltr'><strong>res</strong></span> <span class='ocrx_word' id='word_1_561' title='bbox 3493 1266 3573 1311; x_wconf 89' lang='lat' dir='ltr'><strong>est</strong></span> <span class='ocrx_word' id='word_1_562' title='bbox 3595 1269 3772 1315; x_wconf 82' lang='lat' dir='ltr'><strong>morte</strong></span> 
     </span>
    </p>
   </div>
   <div class='ocr_carea' id='block_1_72' title="bbox 2178 1345 3775 1404">
    <p class='ocr_par' dir='ltr' id='par_1_72' title="bbox 2178 1345 3775 1404">
     <span class='ocr_line' id='line_1_72' title="bbox 2178 1345 3775 1404; baseline 0.005 -8"><span class='ocrx_word' id='word_1_563' title='bbox 2178 1345 2438 1399; x_wconf 90' lang='lat' dir='ltr'><strong>acerbior.</strong></span> <span class='ocrx_word' id='word_1_564' title='bbox 2469 1345 2598 1398; x_wconf 87' lang='lat' dir='ltr'><strong>Post</strong></span> <span class='ocrx_word' id='word_1_565' title='bbox 2627 1345 2788 1399; x_wconf 86' lang='lat' dir='ltr'><strong>talem</strong></span> <span class='ocrx_word' id='word_1_566' title='bbox 2824 1347 2965 1399; x_wconf 91' lang='lat' dir='ltr'><strong>enim</strong></span> <span class='ocrx_word' id='word_1_567' title='bbox 2994 1354 3220 1400; x_wconf 88' lang='lat' dir='ltr'><strong>mortem</strong></span> <span class='ocrx_word' id='word_1_568' title='bbox 3250 1361 3345 1402; x_wconf 90' lang='lat' dir='ltr'><strong>eos</strong></span> <span class='ocrx_word' id='word_1_569' title='bbox 3371 1362 3518 1402; x_wconf 90' lang='lat' dir='ltr'><strong>mors</strong></span> <span class='ocrx_word' id='word_1_570' title='bbox 3547 1349 3775 1404; x_wconf 80' lang='lat' dir='ltr'><strong>immor-</strong></span> 
     </span>
    </p>
   </div>
   <div class='ocr_carea' id='block_1_73' title="bbox 2181 1437 3775 1508">
    <p class='ocr_par' dir='ltr' id='par_1_73' title="bbox 2181 1437 3775 1508">
     <span class='ocr_line' id='line_1_73' title="bbox 2181 1437 3775 1508; baseline 0.005 -18"><span class='ocrx_word' id='word_1_571' title='bbox 2181 1437 2301 1491; x_wconf 87' lang='lat' dir='ltr'><strong>talis</strong></span> <span class='ocrx_word' id='word_1_572' title='bbox 2329 1438 2577 1506; x_wconf 83' lang='lat' dir='ltr'><strong>excipiet,</strong></span> <span class='ocrx_word' id='word_1_573' title='bbox 2607 1447 2663 1493; x_wconf 90' lang='lat' dir='ltr'><strong>et</strong></span> <span class='ocrx_word' id='word_1_574' title='bbox 2692 1437 2814 1492; x_wconf 90' lang='lat' dir='ltr'><strong>ideo</strong></span> <span class='ocrx_word' id='word_1_575' title='bbox 2842 1452 3103 1507; x_wconf 86' lang='lat' dir='ltr'><strong>nusquam</strong></span> <span class='ocrx_word' id='word_1_576' title='bbox 3134 1439 3190 1493; x_wconf 89' lang='lat' dir='ltr'><strong>in</strong></span> <span class='ocrx_word' id='word_1_577' title='bbox 3220 1439 3371 1494; x_wconf 90' lang='lat' dir='ltr'><strong>sinus</strong></span> <span class='ocrx_word' id='word_1_578' title='bbox 3390 1440 3640 1508; x_wconf 66' lang='lat' dir='ltr'><strong>Abrahae,</strong></span> <span class='ocrx_word' id='word_1_579' title='bbox 3669 1459 3775 1498; x_wconf 89' lang='lat' dir='ltr'><strong>nec</strong></span> 
     </span>
    </p>
   </div>
   <div class='ocr_carea' id='block_1_74' title="bbox 2179 1528 3774 1598">
    <p class='ocr_par' dir='ltr' id='par_1_74' title="bbox 2179 1528 3774 1598">
     <span class='ocr_line' id='line_1_74' title="bbox 2179 1528 3774 1598; baseline 0.004 -16"><span class='ocrx_word' id='word_1_580' title='bbox 2179 1529 2234 1582; x_wconf 91' lang='lat' dir='ltr'><strong>in</strong></span> <span class='ocrx_word' id='word_1_581' title='bbox 2265 1528 2425 1582; x_wconf 89' lang='lat' dir='ltr'><strong>ullam</strong></span> <span class='ocrx_word' id='word_1_582' title='bbox 2457 1529 2614 1582; x_wconf 88' lang='lat' dir='ltr'><strong>aliam</strong></span> <span class='ocrx_word' id='word_1_583' title='bbox 2644 1530 2914 1598; x_wconf 76' lang='lat' dir='ltr'><strong>regionem</strong></span> <span class='ocrx_word' id='word_1_584' title='bbox 2955 1539 3246 1584; x_wconf 88' lang='lat' dir='ltr'><strong>cernuntur</strong></span> <span class='ocrx_word' id='word_1_585' title='bbox 3272 1531 3561 1598; x_wconf 88' lang='lat' dir='ltr'><strong>recedere,</strong></span> <span class='ocrx_word' id='word_1_586' title='bbox 3592 1533 3690 1588; x_wconf 88' lang='lat' dir='ltr'><strong>sed</strong></span> <span class='ocrx_word' id='word_1_587' title='bbox 3716 1535 3774 1589; x_wconf 87' lang='lat' dir='ltr'><strong>in</strong></span> 
     </span>
    </p>
   </div>
   <div class='ocr_carea' id='block_1_75' title="bbox 2179 1620 3774 1690">
    <p class='ocr_par' dir='ltr' id='par_1_75' title="bbox 2179 1620 3774 1690">
     <span class='ocr_line' id='line_1_75' title="bbox 2179 1620 3774 1690; baseline 0.003 -16"><span class='ocrx_word' id='word_1_588' title='bbox 2179 1620 2440 1674; x_wconf 87' lang='lat' dir='ltr'><strong>infernum</strong></span> <span class='ocrx_word' id='word_1_589' title='bbox 2467 1638 2483 1674; x_wconf 90' lang='lat'><strong>:</strong></span> <span class='ocrx_word' id='word_1_590' title='bbox 2508 1620 2609 1674; x_wconf 91' lang='lat' dir='ltr'><strong>hoc</strong></span> <span class='ocrx_word' id='word_1_591' title='bbox 2635 1634 2826 1690; x_wconf 58' lang='lat' dir='ltr'><strong>pinnae,</strong></span> <span class='ocrx_word' id='word_1_592' title='bbox 2851 1620 2954 1676; x_wconf 93' lang='lat' dir='ltr'><strong>hoc</strong></span> <span class='ocrx_word' id='word_1_593' title='bbox 2978 1621 3244 1690; x_wconf 89' lang='lat' dir='ltr'><strong>supplicii,</strong></span> <span class='ocrx_word' id='word_1_594' title='bbox 3271 1621 3372 1678; x_wconf 90' lang='lat' dir='ltr'><strong>hoc</strong></span> <span class='ocrx_word' id='word_1_595' title='bbox 3401 1623 3593 1677; x_wconf 87' lang='lat' dir='ltr'><strong>summi</strong></span> <span class='ocrx_word' id='word_1_596' title='bbox 3620 1625 3774 1679; x_wconf 86' lang='lat' dir='ltr'><strong>exitii</strong></span> 
     </span>
    </p>
   </div>
   <div class='ocr_carea' id='block_1_76' title="bbox 2183 1712 3770 1778">
    <p class='ocr_par' dir='ltr' id='par_1_76' title="bbox 2183 1712 3770 1778">
     <span class='ocr_line' id='line_1_76' title="bbox 2183 1712 3770 1778; baseline 0.005 -13"><span class='ocrx_word' id='word_1_597' title='bbox 2183 1727 2377 1767; x_wconf 76' lang='lat' dir='ltr'><strong>norneu</strong></span> <span class='ocrx_word' id='word_1_598' title='bbox 2408 1722 2508 1767; x_wconf 87' lang='lat' dir='ltr'><strong>est.</strong></span> <span class='ocrx_word' id='word_1_599' title='bbox 2541 1712 2610 1766; x_wconf 90' lang='lat' dir='ltr'><strong>Et</strong></span> <span class='ocrx_word' id='word_1_600' title='bbox 2637 1713 2722 1766; x_wconf 91' lang='lat' dir='ltr'><strong>hic</strong></span> <span class='ocrx_word' id='word_1_601' title='bbox 2751 1727 2897 1767; x_wconf 90' lang='lat' dir='ltr'><strong>mors</strong></span> <span class='ocrx_word' id='word_1_602' title='bbox 2927 1728 3112 1770; x_wconf 86' lang='lat' dir='ltr'><strong>eorum</strong></span> <span class='ocrx_word' id='word_1_603' title='bbox 3137 1715 3258 1768; x_wconf 82' lang='lat' dir='ltr'><strong>vilis</strong></span> <span class='ocrx_word' id='word_1_604' title='bbox 3298 1724 3408 1778; x_wconf 87' lang='lat' dir='ltr'><strong>est,</strong></span> <span class='ocrx_word' id='word_1_605' title='bbox 3437 1726 3492 1771; x_wconf 92' lang='lat' dir='ltr'><strong>et</strong></span> <span class='ocrx_word' id='word_1_606' title='bbox 3527 1726 3770 1773; x_wconf 82' lang='lat' dir='ltr'><strong>contem-</strong></span> 
     </span>
    </p>
   </div>
   <div class='ocr_carea' id='block_1_77' title="bbox 2180 1804 3766 1874">
    <p class='ocr_par' dir='ltr' id='par_1_77' title="bbox 2180 1804 3766 1874">
     <span class='ocr_line' id='line_1_77' title="bbox 2180 1804 3766 1874; baseline 0.003 -15"><span class='ocrx_word' id='word_1_607' title='bbox 2180 1804 2353 1860; x_wconf 88' lang='lat' dir='ltr'><strong>nenda</strong></span> <span class='ocrx_word' id='word_1_608' title='bbox 2385 1822 2398 1857; x_wconf 91' lang='lat'><strong>:</strong></span> <span class='ocrx_word' id='word_1_609' title='bbox 2429 1815 2484 1858; x_wconf 92' lang='lat' dir='ltr'><strong>et</strong></span> <span class='ocrx_word' id='word_1_610' title='bbox 2525 1805 2634 1858; x_wconf 89' lang='lat' dir='ltr'><strong>illic</strong></span> <span class='ocrx_word' id='word_1_611' title='bbox 2663 1804 2715 1858; x_wconf 90' lang='lat' dir='ltr'><strong>in</strong></span> <span class='ocrx_word' id='word_1_612' title='bbox 2744 1804 3004 1874; x_wconf 85' lang='lat' dir='ltr'><strong>supplicio</strong></span> <span class='ocrx_word' id='word_1_613' title='bbox 3032 1815 3269 1860; x_wconf 89' lang='lat' dir='ltr'><strong>manent.</strong></span> <span class='ocrx_word' id='word_1_614' title='bbox 3315 1805 3389 1861; x_wconf 86' lang='lat' dir='ltr'><strong>Ita</strong></span> <span class='ocrx_word' id='word_1_615' title='bbox 3425 1806 3587 1862; x_wconf 77' lang='lat' dir='ltr'><strong>etiam</strong></span> <span class='ocrx_word' id='word_1_616' title='bbox 3625 1810 3766 1863; x_wconf 87' lang='lat' dir='ltr'><strong>sole-</strong></span> 
     </span>
    </p>
   </div>
   <div class='ocr_carea' id='block_1_78' title="bbox 2179 1895 3764 1966">
    <p class='ocr_par' dir='ltr' id='par_1_78' title="bbox 2179 1895 3764 1966">
     <span class='ocr_line' id='line_1_78' title="bbox 2179 1895 3764 1966; baseline 0.002 -16"><span class='ocrx_word' id='word_1_617' title='bbox 2179 1910 2298 1950; x_wconf 91' lang='lat' dir='ltr'><strong>mus</strong></span> <span class='ocrx_word' id='word_1_618' title='bbox 2326 1895 2505 1950; x_wconf 87' lang='lat' dir='ltr'><strong>dicere</strong></span> <span class='ocrx_word' id='word_1_619' title='bbox 2529 1895 2598 1950; x_wconf 89' lang='lat' dir='ltr'><strong>de</strong></span> <span class='ocrx_word' id='word_1_620' title='bbox 2625 1896 2692 1950; x_wconf 90' lang='lat' dir='ltr'><strong>iis</strong></span> <span class='ocrx_word' id='word_1_621' title='bbox 2717 1896 2809 1966; x_wconf 89' lang='lat' dir='ltr'><strong>qui</strong></span> <span class='ocrx_word' id='word_1_622' title='bbox 2849 1895 3005 1951; x_wconf 86' lang='lat' dir='ltr'><strong>facile</strong></span> <span class='ocrx_word' id='word_1_623' title='bbox 3048 1905 3274 1965; x_wconf 88' lang='lat' dir='ltr'><strong>pereunt</strong></span> <span class='ocrx_word' id='word_1_624' title='bbox 3305 1913 3319 1950; x_wconf 88' lang='lat'>:</span> <span class='ocrx_word' id='word_1_625' title='bbox 3349 1897 3448 1952; x_wconf 82' lang='lat' dir='ltr'><strong>Hie</strong></span> <span class='ocrx_word' id='word_1_626' title='bbox 3489 1898 3632 1953; x_wconf 84' lang='lat' dir='ltr'><strong>sicut</strong></span> <span class='ocrx_word' id='word_1_627' title='bbox 3653 1899 3764 1953; x_wconf 81' lang='lat' dir='ltr'><strong>ovis</strong></span> 
     </span>
    </p>
   </div>
   <div class='ocr_carea' id='block_1_79' title="bbox 2179 1986 3765 2054">
    <p class='ocr_par' dir='ltr' id='par_1_79' title="bbox 2179 1986 3765 2054">
     <span class='ocr_line' id='line_1_79' title="bbox 2179 1986 3765 2054; baseline 0.004 -14"><span class='ocrx_word' id='word_1_628' title='bbox 2179 1987 2388 2041; x_wconf 89' lang='lat' dir='ltr'><strong>occisus</strong></span> <span class='ocrx_word' id='word_1_629' title='bbox 2415 1997 2514 2041; x_wconf 91' lang='lat' dir='ltr'><strong>est.</strong></span> <span class='ocrx_word' id='word_1_630' title='bbox 2547 1986 2682 2054; x_wconf 87' lang='lat' dir='ltr'><strong>Quia</strong></span> <span class='ocrx_word' id='word_1_631' title='bbox 2709 1986 2851 2041; x_wconf 90' lang='lat' dir='ltr'><strong>enim</strong></span> <span class='ocrx_word' id='word_1_632' title='bbox 2887 1987 3025 2042; x_wconf 88' lang='lat' dir='ltr'><strong>sicut</strong></span> <span class='ocrx_word' id='word_1_633' title='bbox 3051 1987 3202 2042; x_wconf 88' lang='lat' dir='ltr'><strong>bruta</strong></span> <span class='ocrx_word' id='word_1_634' title='bbox 3231 1987 3494 2054; x_wconf 86' lang='lat' dir='ltr'><strong>vixerunt,</strong></span> <span class='ocrx_word' id='word_1_635' title='bbox 3526 1990 3686 2044; x_wconf 86' lang='lat' dir='ltr'><strong>etiam</strong></span> <span class='ocrx_word' id='word_1_636' title='bbox 3710 2001 3765 2046; x_wconf 88' lang='lat' dir='ltr'><strong>ut</strong></span> 
     </span>
    </p>
   </div>
   <div class='ocr_carea' id='block_1_80' title="bbox 2180 2077 3766 2150">
    <p class='ocr_par' dir='ltr' id='par_1_80' title="bbox 2180 2077 3766 2150">
     <span class='ocr_line' id='line_1_80' title="bbox 2180 2077 3766 2150; baseline 0.004 -19"><span class='ocrx_word' id='word_1_637' title='bbox 2180 2077 2332 2131; x_wconf 87' lang='lat' dir='ltr'><strong>bruta</strong></span> <span class='ocrx_word' id='word_1_638' title='bbox 2359 2086 2609 2147; x_wconf 90' lang='lat' dir='ltr'><strong>pereunt,</strong></span> <span class='ocrx_word' id='word_1_639' title='bbox 2641 2093 2745 2132; x_wconf 92' lang='lat' dir='ltr'><strong>non</strong></span> <span class='ocrx_word' id='word_1_640' title='bbox 2774 2077 3030 2133; x_wconf 86' lang='lat' dir='ltr'><strong>habentes</strong></span> <span class='ocrx_word' id='word_1_641' title='bbox 3059 2077 3255 2133; x_wconf 87' lang='lat' dir='ltr'><strong>bonam</strong></span> <span class='ocrx_word' id='word_1_642' title='bbox 3279 2094 3430 2150; x_wconf 81' lang='lat' dir='ltr'><strong>spem</strong></span> <span class='ocrx_word' id='word_1_643' title='bbox 3450 2080 3517 2136; x_wconf 88' lang='lat' dir='ltr'><strong>de</strong></span> <span class='ocrx_word' id='word_1_644' title='bbox 3540 2081 3766 2138; x_wconf 89' lang='lat' dir='ltr'><strong>futuris:</strong></span> 
     </span>
    </p>
   </div>
   <div class='ocr_carea' id='block_1_81' title="bbox 2180 2168 3773 2242">
    <p class='ocr_par' dir='ltr' id='par_1_81' title="bbox 2180 2168 3773 2242">
     <span class='ocr_line' id='line_1_81' title="bbox 2180 2168 3773 2242; baseline 0.004 -19"><span class='ocrx_word' id='word_1_645' title='bbox 2180 2184 2280 2224; x_wconf 89' lang='lat' dir='ltr'><strong>nec</strong></span> <span class='ocrx_word' id='word_1_646' title='bbox 2306 2170 2407 2224; x_wconf 86' lang='lat' dir='ltr'><strong>hoc</strong></span> <span class='ocrx_word' id='word_1_647' title='bbox 2434 2168 2607 2224; x_wconf 91' lang='lat' dir='ltr'><strong>solum</strong></span> <span class='ocrx_word' id='word_1_648' title='bbox 2625 2210 2642 2234; x_wconf 93' lang='lat'><strong>,</strong></span> <span class='ocrx_word' id='word_1_649' title='bbox 2686 2169 2784 2225; x_wconf 85' lang='lat' dir='ltr'><strong>sed</strong></span> <span class='ocrx_word' id='word_1_650' title='bbox 2811 2171 2973 2226; x_wconf 89' lang='lat' dir='ltr'><strong>etiam</strong></span> <span class='ocrx_word' id='word_1_651' title='bbox 3003 2186 3197 2242; x_wconf 87' lang='lat' dir='ltr'><strong>magno</strong></span> <span class='ocrx_word' id='word_1_652' title='bbox 3225 2186 3412 2227; x_wconf 84' lang='lat' dir='ltr'><strong>eorum</strong></span> <span class='ocrx_word' id='word_1_653' title='bbox 3437 2172 3598 2228; x_wconf 86' lang='lat' dir='ltr'><strong>malo.</strong></span> <span class='ocrx_word' id='word_1_654' title='bbox 3627 2174 3773 2229; x_wconf 73' lang='lat' dir='ltr'><strong>Mors</strong></span> 
     </span>
    </p>
   </div>
   <div class='ocr_carea' id='block_1_82' title="bbox 2179 2260 2544 2328">
    <p class='ocr_par' dir='ltr' id='par_1_82' title="bbox 2179 2260 2544 2328">
     <span class='ocr_line' id='line_1_82' title="bbox 2179 2260 2544 2328; baseline -0.003 -15"><span class='ocrx_word' id='word_1_655' title='bbox 2179 2260 2412 2328; x_wconf 77' lang='lat' dir='ltr'><strong>depascet</strong></span> <span class='ocrx_word' id='word_1_656' title='bbox 2438 2276 2544 2314; x_wconf 78' lang='lat' dir='ltr'><strong>eos.</strong></span> 
     </span>
    </p>
   </div>
   <div class='ocr_carea' id='block_1_83' title="bbox 2253 2351 3770 2424">
    <p class='ocr_par' dir='ltr' id='par_1_83' title="bbox 2253 2351 3770 2424">
     <span class='ocr_line' id='line_1_83' title="bbox 2253 2351 3770 2424; baseline 0.005 -20"><span class='ocrx_word' id='word_1_657' title='bbox 2253 2351 2432 2407; x_wconf 85' lang='lat' dir='ltr'><strong>Perire</strong></span> <span class='ocrx_word' id='word_1_658' title='bbox 2454 2353 2676 2406; x_wconf 81' lang='lat' dir='ltr'><strong>animant</strong></span> <span class='ocrx_word' id='word_1_659' title='bbox 2699 2351 2840 2424; x_wconf 81' lang='lat' dir='ltr'><strong>quid.</strong></span> <span class='ocrx_word' id='word_1_660' title='bbox 2881 2351 3162 2406; x_wconf 75' lang='lat' dir='ltr'><strong>Auarorum</strong></span> <span class='ocrx_word' id='word_1_661' title='bbox 3187 2354 3402 2423; x_wconf 75' lang='lat' dir='ltr'><strong>punitio.</strong></span> <span class='ocrx_word' id='word_1_662' title='bbox 3425 2384 3498 2396; x_wconf 88' lang='lat'><strong><em>—</em></strong></span> <span class='ocrx_word' id='word_1_663' title='bbox 3516 2354 3616 2410; x_wconf 81' lang='lat' dir='ltr'><strong>Hic</strong></span> <span class='ocrx_word' id='word_1_664' title='bbox 3640 2357 3770 2412; x_wconf 78' lang='lat' dir='ltr'><strong>mihi</strong></span> 
     </span>
    </p>
   </div>
   <div class='ocr_carea' id='block_1_84' title="bbox 2180 2443 3771 2517">
    <p class='ocr_par' dir='ltr' id='par_1_84' title="bbox 2180 2443 3771 2517">
     <span class='ocr_line' id='line_1_84' title="bbox 2180 2443 3771 2517; baseline 0.003 -21"><span class='ocrx_word' id='word_1_665' title='bbox 2180 2443 2389 2498; x_wconf 87' lang='lat' dir='ltr'><strong>videtur</strong></span> <span class='ocrx_word' id='word_1_666' title='bbox 2418 2454 2642 2498; x_wconf 88' lang='lat' dir='ltr'><strong>mortem</strong></span> <span class='ocrx_word' id='word_1_667' title='bbox 2671 2443 2851 2498; x_wconf 89' lang='lat' dir='ltr'><strong>dicere</strong></span> <span class='ocrx_word' id='word_1_668' title='bbox 2878 2443 3146 2498; x_wconf 89' lang='lat' dir='ltr'><strong>interitum</strong></span> <span class='ocrx_word' id='word_1_669' title='bbox 3173 2444 3263 2514; x_wconf 90' lang='lat' dir='ltr'><strong>qui</strong></span> <span class='ocrx_word' id='word_1_670' title='bbox 3295 2445 3401 2500; x_wconf 90' lang='lat' dir='ltr'><strong>illic</strong></span> <span class='ocrx_word' id='word_1_671' title='bbox 3425 2455 3526 2511; x_wconf 89' lang='lat' dir='ltr'><strong>est,</strong></span> <span class='ocrx_word' id='word_1_672' title='bbox 3557 2457 3614 2501; x_wconf 93' lang='lat' dir='ltr'><strong>et</strong></span> <span class='ocrx_word' id='word_1_673' title='bbox 3637 2463 3771 2517; x_wconf 88' lang='lat' dir='ltr'><strong>sup-</strong></span> 
     </span>
    </p>
   </div>
   <div class='ocr_carea' id='block_1_85' title="bbox 2183 2535 3776 2614">
    <p class='ocr_par' dir='ltr' id='par_1_85' title="bbox 2183 2535 3776 2614">
     <span class='ocr_line' id='line_1_85' title="bbox 2183 2535 3776 2614; baseline 0.003 -24"><span class='ocrx_word' id='word_1_674' title='bbox 2183 2537 2420 2605; x_wconf 87' lang='lat' dir='ltr'><strong>plicium,</strong></span> <span class='ocrx_word' id='word_1_675' title='bbox 2449 2535 2898 2606; x_wconf 89' lang='lat' dir='ltr'><strong>quemadmodum</strong></span> <span class='ocrx_word' id='word_1_676' title='bbox 2921 2537 3082 2591; x_wconf 90' lang='lat' dir='ltr'><strong>etiam</strong></span> <span class='ocrx_word' id='word_1_677' title='bbox 3106 2537 3229 2592; x_wconf 90' lang='lat' dir='ltr'><strong>alibi</strong></span> <span class='ocrx_word' id='word_1_678' title='bbox 3255 2539 3385 2614; x_wconf 82' lang='lat' dir='ltr'><strong>dicit</strong></span> <span class='ocrx_word' id='word_1_679' title='bbox 3412 2556 3426 2593; x_wconf 92' lang='lat'>:</span> <span class='ocrx_word' id='word_1_680' title='bbox 3449 2541 3634 2595; x_wconf 79' lang='lat' dir='ltr'><strong>Anima</strong></span> <span class='ocrx_word' id='word_1_681' title='bbox 3658 2558 3776 2613; x_wconf 75' lang='lat' dir='ltr'><strong>qua:</strong></span> 
     </span>
    </p>
   </div>
   <div class='ocr_carea' id='block_1_86' title="bbox 2183 2627 3772 2699">
    <p class='ocr_par' dir='ltr' id='par_1_86' title="bbox 2183 2627 3772 2699">
     <span class='ocr_line' id='line_1_86' title="bbox 2183 2627 3772 2699; baseline 0.004 -18"><span class='ocrx_word' id='word_1_682' title='bbox 2183 2637 2389 2699; x_wconf 84' lang='lat' dir='ltr'><strong>peccat,</strong></span> <span class='ocrx_word' id='word_1_683' title='bbox 2417 2630 2531 2699; x_wconf 78' lang='lat' dir='ltr'><strong>ipsa</strong></span> <span class='ocrx_word' id='word_1_684' title='bbox 2559 2628 2739 2697; x_wconf 83' lang='lat' dir='ltr'><strong>peribit</strong></span> <span class='ocrx_word' id='word_1_685' title='bbox 2763 2627 2782 2698; x_wconf 92' lang='lat'>(</span> <span class='ocrx_word' id='word_1_686' title='bbox 2803 2627 2988 2681; x_wconf 79' lang='lat' dir='ltr'><strong>Ezeclt.</strong></span> <span class='ocrx_word' id='word_1_687' title='bbox 3015 2629 3102 2683; x_wconf 83' lang='grc'><strong>18.</strong></span> <span class='ocrx_word' id='word_1_688' title='bbox 3128 2628 3234 2698; x_wconf 70' lang='grc'><strong>20)</strong></span> <span class='ocrx_word' id='word_1_689' title='bbox 3263 2648 3278 2684; x_wconf 93' lang='lat'><strong>:</strong></span> <span class='ocrx_word' id='word_1_690' title='bbox 3309 2646 3414 2686; x_wconf 90' lang='lat' dir='ltr'><strong>non</strong></span> <span class='ocrx_word' id='word_1_691' title='bbox 3441 2642 3642 2686; x_wconf 66' lang='lat' dir='ltr'><strong>natura:</strong></span> <span class='ocrx_word' id='word_1_692' title='bbox 3671 2648 3772 2688; x_wconf 88' lang='lat' dir='ltr'><strong>ex-</strong></span> 
     </span>
    </p>
   </div>
   <div class='ocr_carea' id='block_1_87' title="bbox 2183 2719 3779 2790">
    <p class='ocr_par' dir='ltr' id='par_1_87' title="bbox 2183 2719 3779 2790">
     <span class='ocr_line' id='line_1_87' title="bbox 2183 2719 3779 2790; baseline 0.003 -16"><span class='ocrx_word' id='word_1_693' title='bbox 2183 2719 2520 2774; x_wconf 80' lang='lat' dir='ltr'><strong>Stinctionem</strong></span> <span class='ocrx_word' id='word_1_694' title='bbox 2543 2759 2559 2786; x_wconf 91' lang='lat'><strong>,</strong></span> <span class='ocrx_word' id='word_1_695' title='bbox 2600 2719 2696 2774; x_wconf 88' lang='lat' dir='ltr'><strong>sed</strong></span> <span class='ocrx_word' id='word_1_696' title='bbox 2727 2733 2938 2789; x_wconf 68' lang='lat' dir='ltr'><strong>prunam</strong></span> <span class='ocrx_word' id='word_1_697' title='bbox 2966 2720 3289 2790; x_wconf 85' lang='lat' dir='ltr'><strong>significans.</strong></span> <span class='ocrx_word' id='word_1_698' title='bbox 3322 2721 3565 2777; x_wconf 86' lang='lat' dir='ltr'><strong>Persistit</strong></span> <span class='ocrx_word' id='word_1_699' title='bbox 3589 2733 3779 2779; x_wconf 86' lang='lat' dir='ltr'><strong>autem</strong></span> 
     </span>
    </p>
   </div>
   <div class='ocr_carea' id='block_1_88' title="bbox 2184 2811 3778 2884">
    <p class='ocr_par' dir='ltr' id='par_1_88' title="bbox 2184 2811 3778 2884">
     <span class='ocr_line' id='line_1_88' title="bbox 2184 2811 3778 2884; baseline 0.003 -20"><span class='ocrx_word' id='word_1_700' title='bbox 2184 2811 2238 2864; x_wconf 94' lang='lat' dir='ltr'><strong>in</strong></span> <span class='ocrx_word' id='word_1_701' title='bbox 2267 2811 2596 2881; x_wconf 88' lang='lat' dir='ltr'><strong>metaphora.</strong></span> <span class='ocrx_word' id='word_1_702' title='bbox 2626 2811 2890 2879; x_wconf 87' lang='lat' dir='ltr'><strong>Quoniam</strong></span> <span class='ocrx_word' id='word_1_703' title='bbox 2918 2811 3062 2866; x_wconf 89' lang='lat' dir='ltr'><strong>enim</strong></span> <span class='ocrx_word' id='word_1_704' title='bbox 3090 2811 3224 2867; x_wconf 81' lang='lat' dir='ltr'><strong>dixit</strong></span> <span class='ocrx_word' id='word_1_705' title='bbox 3249 2827 3393 2879; x_wconf 89' lang='lat' dir='ltr'><strong>oves,</strong></span> <span class='ocrx_word' id='word_1_706' title='bbox 3425 2829 3609 2868; x_wconf 89' lang='lat' dir='ltr'><strong>eorum</strong></span> <span class='ocrx_word' id='word_1_707' title='bbox 3633 2829 3778 2884; x_wconf 89' lang='lat' dir='ltr'><strong>quo-</strong></span> 
     </span>
    </p>
   </div>
   <div class='ocr_carea' id='block_1_89' title="bbox 2183 2903 3778 2974">
    <p class='ocr_par' dir='ltr' id='par_1_89' title="bbox 2183 2903 3778 2974">
     <span class='ocr_line' id='line_1_89' title="bbox 2183 2903 3778 2974; baseline 0.002 -17"><span class='ocrx_word' id='word_1_708' title='bbox 2183 2918 2287 2972; x_wconf 90' lang='lat' dir='ltr'><strong>que</strong></span> <span class='ocrx_word' id='word_1_709' title='bbox 2317 2912 2586 2974; x_wconf 87' lang='lat' dir='ltr'><strong>pastorem</strong></span> <span class='ocrx_word' id='word_1_710' title='bbox 2615 2903 2869 2958; x_wconf 87' lang='lat' dir='ltr'><strong>ostendit.</strong></span> <span class='ocrx_word' id='word_1_711' title='bbox 2911 2903 3042 2971; x_wconf 91' lang='lat' dir='ltr'><strong>Quis</strong></span> <span class='ocrx_word' id='word_1_712' title='bbox 3070 2914 3248 2959; x_wconf 89' lang='lat' dir='ltr'><strong>autem</strong></span> <span class='ocrx_word' id='word_1_713' title='bbox 3280 2903 3366 2958; x_wconf 89' lang='lat' dir='ltr'><strong>hic</strong></span> <span class='ocrx_word' id='word_1_714' title='bbox 3405 2903 3529 2958; x_wconf 84' lang='lat' dir='ltr'><strong>est?</strong></span> <span class='ocrx_word' id='word_1_715' title='bbox 3557 2903 3778 2960; x_wconf 82' lang='lat' dir='ltr'><strong>Vermis</strong></span> 
     </span>
    </p>
   </div>
   <div class='ocr_carea' id='block_1_90' title="bbox 2181 2996 3775 3066">
    <p class='ocr_par' dir='ltr' id='par_1_90' title="bbox 2181 2996 3775 3066">
     <span class='ocr_line' id='line_1_90' title="bbox 2181 2996 3775 3066; baseline 0.002 -16"><span class='ocrx_word' id='word_1_716' title='bbox 2181 3005 2512 3062; x_wconf 89' lang='lat' dir='ltr'><strong>venenatus,</strong></span> <span class='ocrx_word' id='word_1_717' title='bbox 2558 2996 2792 3051; x_wconf 64' lang='lat' dir='ltr'><strong>tenebrae</strong></span> <span class='ocrx_word' id='word_1_718' title='bbox 2837 3012 3127 3066; x_wconf 89' lang='lat' dir='ltr'><strong>numquam</strong></span> <span class='ocrx_word' id='word_1_719' title='bbox 3186 3005 3514 3064; x_wconf 68' lang='lat' dir='ltr'><strong>cessatur-at,</strong></span> <span class='ocrx_word' id='word_1_720' title='bbox 3562 2998 3775 3053; x_wconf 71' lang='lat' dir='ltr'><strong>vincula</strong></span> 
     </span>
    </p>
   </div>
   <div class='ocr_carea' id='block_1_91' title="bbox 2179 3087 3773 3160">
    <p class='ocr_par' dir='ltr' id='par_1_91' title="bbox 2179 3087 3773 3160">
     <span class='ocr_line' id='line_1_91' title="bbox 2179 3087 3773 3160; baseline 0.004 -20"><span class='ocrx_word' id='word_1_721' title='bbox 2179 3102 2301 3156; x_wconf 69' lang='lat' dir='ltr'><strong>qua:</strong></span> <span class='ocrx_word' id='word_1_722' title='bbox 2329 3087 2465 3141; x_wconf 85' lang='lat' dir='ltr'><strong>solvi</strong></span> <span class='ocrx_word' id='word_1_723' title='bbox 2495 3097 2801 3155; x_wconf 88' lang='lat' dir='ltr'><strong>nequeunt,</strong></span> <span class='ocrx_word' id='word_1_724' title='bbox 2834 3088 3034 3143; x_wconf 89' lang='lat' dir='ltr'><strong>stridor</strong></span> <span class='ocrx_word' id='word_1_725' title='bbox 3070 3089 3328 3144; x_wconf 91' lang='lat' dir='ltr'><strong>dentium.</strong></span> <span class='ocrx_word' id='word_1_726' title='bbox 3361 3088 3492 3144; x_wconf 80' lang='lat' dir='ltr'><strong>Vide</strong></span> <span class='ocrx_word' id='word_1_727' title='bbox 3521 3104 3648 3160; x_wconf 87' lang='lat' dir='ltr'><strong>ergo</strong></span> <span class='ocrx_word' id='word_1_728' title='bbox 3675 3105 3773 3146; x_wconf 84' lang='lat' dir='ltr'><strong>eos</strong></span> 
     </span>
    </p>
   </div>
   <div class='ocr_carea' id='block_1_92' title="bbox 2182 3167 3772 3248">
    <p class='ocr_par' dir='ltr' id='par_1_92' title="bbox 2182 3167 3772 3248">
     <span class='ocr_line' id='line_1_92' title="bbox 2182 3167 3772 3248; baseline 0.003 -18"><span class='ocrx_word' id='word_1_729' title='bbox 2182 3177 2415 3247; x_wconf 91' lang='lat' dir='ltr'><strong>undique</strong></span> <span class='ocrx_word' id='word_1_730' title='bbox 2437 3178 2632 3247; x_wconf 91' lang='lat' dir='ltr'><strong>puniri.</strong></span> <span class='ocrx_word' id='word_1_731' title='bbox 2661 3177 2718 3232; x_wconf 92' lang='lat' dir='ltr'><strong>ln</strong></span> <span class='ocrx_word' id='word_1_732' title='bbox 2741 3177 2869 3244; x_wconf 87' lang='lat' dir='ltr'><strong>vita,</strong></span> <span class='ocrx_word' id='word_1_733' title='bbox 2891 3179 3141 3248; x_wconf 90' lang='lat' dir='ltr'><strong>quoniam</strong></span> <span class='ocrx_word' id='word_1_734' title='bbox 3165 3180 3244 3234; x_wconf 90' lang='lat' dir='ltr'><strong>eis</strong></span> <span class='ocrx_word' id='word_1_735' title='bbox 3269 3179 3335 3234; x_wconf 89' lang='lat' dir='ltr'><strong>ad</strong></span> <span class='ocrx_word' id='word_1_736' title='bbox 3363 3167 3612 3235; x_wconf 89' lang='lat' dir='ltr'><strong>virtutem</strong></span> <span class='ocrx_word' id='word_1_737' title='bbox 3637 3180 3772 3234; x_wconf 84' lang='lat' dir='ltr'><strong>alla-</strong></span> 
     </span>
    </p>
   </div>
   <div class='ocr_carea' id='block_1_93' title="bbox 2181 3268 3769 3340">
    <p class='ocr_par' dir='ltr' id='par_1_93' title="bbox 2181 3268 3769 3340">
     <span class='ocr_line' id='line_1_93' title="bbox 2181 3268 3769 3340; baseline 0.004 -19"><span class='ocrx_word' id='word_1_738' title='bbox 2181 3277 2292 3323; x_wconf 92' lang='lat' dir='ltr'><strong>tum</strong></span> <span class='ocrx_word' id='word_1_739' title='bbox 2323 3276 2407 3324; x_wconf 86' lang='lat' dir='ltr'><strong>est</strong></span> <span class='ocrx_word' id='word_1_740' title='bbox 2435 3268 2872 3339; x_wconf 88' lang='lat' dir='ltr'><strong>impedimentum</strong></span> <span class='ocrx_word' id='word_1_741' title='bbox 2895 3311 2910 3337; x_wconf 93' lang='lat'><strong>,</strong></span> <span class='ocrx_word' id='word_1_742' title='bbox 2942 3271 3194 3340; x_wconf 88' lang='lat' dir='ltr'><strong>quoniam</strong></span> <span class='ocrx_word' id='word_1_743' title='bbox 3221 3271 3332 3324; x_wconf 91' lang='lat' dir='ltr'><strong>vitii</strong></span> <span class='ocrx_word' id='word_1_744' title='bbox 3359 3271 3502 3326; x_wconf 87' lang='lat' dir='ltr'><strong>servi</strong></span> <span class='ocrx_word' id='word_1_745' title='bbox 3531 3281 3584 3326; x_wconf 92' lang='lat' dir='ltr'><strong>et</strong></span> <span class='ocrx_word' id='word_1_746' title='bbox 3613 3287 3769 3326; x_wconf 87' lang='lat' dir='ltr'><strong>man-</strong></span> 
     </span>
    </p>
   </div>
   <div class='ocr_carea' id='block_1_94' title="bbox 2178 3360 3781 3435">
    <p class='ocr_par' dir='ltr' id='par_1_94' title="bbox 2178 3360 3781 3435">
     <span class='ocr_line' id='line_1_94' title="bbox 2178 3360 3781 3435; baseline 0.004 -21"><span class='ocrx_word' id='word_1_747' title='bbox 2178 3361 2316 3430; x_wconf 91' lang='lat' dir='ltr'><strong>cipia</strong></span> <span class='ocrx_word' id='word_1_748' title='bbox 2345 3360 2467 3415; x_wconf 90' lang='lat' dir='ltr'><strong>facti</strong></span> <span class='ocrx_word' id='word_1_749' title='bbox 2498 3372 2641 3426; x_wconf 90' lang='lat' dir='ltr'><strong>sunt,</strong></span> <span class='ocrx_word' id='word_1_750' title='bbox 2665 3371 2719 3416; x_wconf 90' lang='lat' dir='ltr'><strong>et</strong></span> <span class='ocrx_word' id='word_1_751' title='bbox 2744 3376 3194 3432; x_wconf 85' lang='lat' dir='ltr'><strong>supervacaneum</strong></span> <span class='ocrx_word' id='word_1_752' title='bbox 3217 3363 3600 3435; x_wconf 89' lang='lat' dir='ltr'><strong>ridiculumque</strong></span> <span class='ocrx_word' id='word_1_753' title='bbox 3629 3365 3781 3420; x_wconf 83' lang='lat' dir='ltr'><strong>labo-</strong></span> 
     </span>
    </p>
   </div>
   <div class='ocr_carea' id='block_1_95' title="bbox 2178 3455 3770 3525">
    <p class='ocr_par' dir='ltr' id='par_1_95' title="bbox 2178 3455 3770 3525">
     <span class='ocr_line' id='line_1_95' title="bbox 2178 3455 3770 3525; baseline 0.003 -17"><span class='ocrx_word' id='word_1_754' title='bbox 2178 3469 2291 3508; x_wconf 87' lang='lat' dir='ltr'><strong>rem</strong></span> <span class='ocrx_word' id='word_1_755' title='bbox 2313 3464 2695 3524; x_wconf 88' lang='lat' dir='ltr'><strong>susceperunt;</strong></span> <span class='ocrx_word' id='word_1_756' title='bbox 2727 3455 2780 3508; x_wconf 92' lang='lat' dir='ltr'><strong>in</strong></span> <span class='ocrx_word' id='word_1_757' title='bbox 2801 3465 2992 3520; x_wconf 89' lang='lat' dir='ltr'><strong>morte,</strong></span> <span class='ocrx_word' id='word_1_758' title='bbox 3017 3457 3268 3525; x_wconf 87' lang='lat' dir='ltr'><strong>quoniam</strong></span> <span class='ocrx_word' id='word_1_759' title='bbox 3290 3457 3387 3510; x_wconf 89' lang='lat' dir='ltr'><strong>fuit</strong></span> <span class='ocrx_word' id='word_1_760' title='bbox 3415 3472 3561 3513; x_wconf 78' lang='lat' dir='ltr'><strong>mors</strong></span> <span class='ocrx_word' id='word_1_761' title='bbox 3581 3472 3770 3513; x_wconf 89' lang='lat' dir='ltr'><strong>eorum</strong></span> 
     </span>
    </p>
   </div>
   <div class='ocr_carea' id='block_1_96' title="bbox 2177 3546 3767 3619">
    <p class='ocr_par' dir='ltr' id='par_1_96' title="bbox 2177 3546 3767 3619">
     <span class='ocr_line' id='line_1_96' title="bbox 2177 3546 3767 3619; baseline 0.003 -20"><span class='ocrx_word' id='word_1_762' title='bbox 2177 3546 2413 3616; x_wconf 84' lang='lat' dir='ltr'><strong>vulgaris</strong></span> <span class='ocrx_word' id='word_1_763' title='bbox 2450 3557 2505 3601; x_wconf 92' lang='lat' dir='ltr'><strong>et</strong></span> <span class='ocrx_word' id='word_1_764' title='bbox 2540 3547 2802 3617; x_wconf 88' lang='lat' dir='ltr'><strong>ingloria;</strong></span> <span class='ocrx_word' id='word_1_765' title='bbox 2850 3548 2903 3602; x_wconf 92' lang='lat' dir='ltr'><strong>in</strong></span> <span class='ocrx_word' id='word_1_766' title='bbox 2937 3556 3176 3617; x_wconf 89' lang='lat' dir='ltr'><strong>tempore</strong></span> <span class='ocrx_word' id='word_1_767' title='bbox 3219 3559 3446 3602; x_wconf 89' lang='lat' dir='ltr'><strong>mortem</strong></span> <span class='ocrx_word' id='word_1_768' title='bbox 3490 3558 3767 3619; x_wconf 85' lang='lat' dir='ltr'><strong>sequente.</strong></span> 
     </span>
    </p>
   </div>
   <div class='ocr_carea' id='block_1_97' title="bbox 2179 3637 3772 3708">
    <p class='ocr_par' dir='ltr' id='par_1_97' title="bbox 2179 3637 3772 3708">
     <span class='ocr_line' id='line_1_97' title="bbox 2179 3637 3772 3708; baseline 0.003 -18"><span class='ocrx_word' id='word_1_769' title='bbox 2179 3638 2428 3708; x_wconf 89' lang='lat' dir='ltr'><strong>quoniam</strong></span> <span class='ocrx_word' id='word_1_770' title='bbox 2454 3649 2739 3708; x_wconf 88' lang='lat' dir='ltr'><strong>perpetuus</strong></span> <span class='ocrx_word' id='word_1_771' title='bbox 2760 3653 2854 3693; x_wconf 90' lang='lat' dir='ltr'><strong>eos</strong></span> <span class='ocrx_word' id='word_1_772' title='bbox 2879 3647 3024 3693; x_wconf 91' lang='lat' dir='ltr'><strong>tenet</strong></span> <span class='ocrx_word' id='word_1_773' title='bbox 3048 3637 3312 3694; x_wconf 89' lang='lat' dir='ltr'><strong>interitus.</strong></span> <span class='ocrx_word' id='word_1_774' title='bbox 3343 3637 3411 3692; x_wconf 86' lang='lat' dir='ltr'><strong>Et</strong></span> <span class='ocrx_word' id='word_1_775' title='bbox 3436 3640 3772 3694; x_wconf 77' lang='lat' dir='ltr'><strong>dominabun-</strong></span> 
     </span>
    </p>
   </div>
   <div class='ocr_carea' id='block_1_98' title="bbox 2179 3729 3768 3798">
    <p class='ocr_par' dir='ltr' id='par_1_98' title="bbox 2179 3729 3768 3798">
     <span class='ocr_line' id='line_1_98' title="bbox 2179 3729 3768 3798; baseline 0.001 -16"><span class='ocrx_word' id='word_1_776' title='bbox 2179 3739 2262 3782; x_wconf 91' lang='lat' dir='ltr'><strong>tur</strong></span> <span class='ocrx_word' id='word_1_777' title='bbox 2284 3745 2457 3783; x_wconf 84' lang='lat' dir='ltr'><strong>eorum</strong></span> <span class='ocrx_word' id='word_1_778' title='bbox 2473 3730 2606 3798; x_wconf 76' lang='lat' dir='ltr'><strong>justi</strong></span> <span class='ocrx_word' id='word_1_779' title='bbox 2627 3730 2680 3782; x_wconf 82' lang='lat' dir='ltr'><strong>in</strong></span> <span class='ocrx_word' id='word_1_780' title='bbox 2702 3730 2965 3783; x_wconf 82' lang='lat' dir='ltr'><strong>matutino.</strong></span> <span class='ocrx_word' id='word_1_781' title='bbox 2991 3729 3252 3796; x_wconf 87' lang='lat' dir='ltr'><strong>Quoniam</strong></span> <span class='ocrx_word' id='word_1_782' title='bbox 3279 3732 3426 3785; x_wconf 89' lang='lat' dir='ltr'><strong>multi</strong></span> <span class='ocrx_word' id='word_1_783' title='bbox 3453 3732 3768 3796; x_wconf 83' lang='lat' dir='ltr'><strong>crassiores,</strong></span> 
     </span>
    </p>
   </div>
   <div class='ocr_carea' id='block_1_99' title="bbox 2180 3819 3770 3890">
    <p class='ocr_par' dir='ltr' id='par_1_99' title="bbox 2180 3819 3770 3890">
     <span class='ocr_line' id='line_1_99' title="bbox 2180 3819 3770 3890; baseline 0.001 -16"><span class='ocrx_word' id='word_1_784' title='bbox 2180 3827 2235 3874; x_wconf 90' lang='lat' dir='ltr'><strong>et</strong></span> <span class='ocrx_word' id='word_1_785' title='bbox 2263 3836 2368 3875; x_wconf 91' lang='lat' dir='ltr'><strong>non</strong></span> <span class='ocrx_word' id='word_1_786' title='bbox 2399 3819 2518 3890; x_wconf 89' lang='lat' dir='ltr'><strong>plus</strong></span> <span class='ocrx_word' id='word_1_787' title='bbox 2558 3834 2722 3875; x_wconf 85' lang='lat' dir='ltr'><strong>sensu</strong></span> <span class='ocrx_word' id='word_1_788' title='bbox 2751 3820 2957 3890; x_wconf 63' lang='lat' dir='ltr'><strong>prtcditi</strong></span> <span class='ocrx_word' id='word_1_789' title='bbox 2987 3835 3145 3890; x_wconf 84' lang='lat' dir='ltr'><strong>quam</strong></span> <span class='ocrx_word' id='word_1_790' title='bbox 3173 3821 3408 3890; x_wconf 85' lang='lat' dir='ltr'><strong>lapides,</strong></span> <span class='ocrx_word' id='word_1_791' title='bbox 3440 3838 3544 3876; x_wconf 88' lang='lat' dir='ltr'><strong>non</strong></span> <span class='ocrx_word' id='word_1_792' title='bbox 3574 3822 3770 3876; x_wconf 88' lang='lat' dir='ltr'><strong>habent</strong></span> 
     </span>
    </p>
   </div>
   <div class='ocr_carea' id='block_1_100' title="bbox 2179 3911 3765 3983">
    <p class='ocr_par' dir='ltr' id='par_1_100' title="bbox 2179 3911 3765 3983">
     <span class='ocr_line' id='line_1_100' title="bbox 2179 3911 3765 3983; baseline 0.001 -18"><span class='ocrx_word' id='word_1_793' title='bbox 2179 3920 2380 3966; x_wconf 90' lang='lat' dir='ltr'><strong>certam</strong></span> <span class='ocrx_word' id='word_1_794' title='bbox 2408 3921 2464 3966; x_wconf 91' lang='lat' dir='ltr'><strong>et</strong></span> <span class='ocrx_word' id='word_1_795' title='bbox 2493 3911 2688 3966; x_wconf 87' lang='lat' dir='ltr'><strong>claram</strong></span> <span class='ocrx_word' id='word_1_796' title='bbox 2731 3926 2882 3981; x_wconf 87' lang='lat' dir='ltr'><strong>spem</strong></span> <span class='ocrx_word' id='word_1_797' title='bbox 2909 3911 2976 3966; x_wconf 91' lang='lat' dir='ltr'><strong>de</strong></span> <span class='ocrx_word' id='word_1_798' title='bbox 3014 3912 3206 3966; x_wconf 87' lang='lat' dir='ltr'><strong>futuris</strong></span> <span class='ocrx_word' id='word_1_799' title='bbox 3225 3953 3240 3976; x_wconf 92' lang='lat'><strong>,</strong></span> <span class='ocrx_word' id='word_1_800' title='bbox 3271 3911 3367 3967; x_wconf 88' lang='lat' dir='ltr'><strong>sed</strong></span> <span class='ocrx_word' id='word_1_801' title='bbox 3407 3912 3474 3967; x_wconf 91' lang='lat' dir='ltr'><strong>iis</strong></span> <span class='ocrx_word' id='word_1_802' title='bbox 3496 3928 3614 3983; x_wconf 66' lang='lat' dir='ltr'><strong>quae</strong></span> <span class='ocrx_word' id='word_1_803' title='bbox 3643 3926 3765 3968; x_wconf 86' lang='lat' dir='ltr'><strong>sunt</strong></span> 
     </span>
    </p>
   </div>
   <div class='ocr_carea' id='block_1_101' title="bbox 2179 4004 3770 4074">
    <p class='ocr_par' dir='ltr' id='par_1_101' title="bbox 2179 4004 3770 4074">
     <span class='ocr_line' id='line_1_101' title="bbox 2179 4004 3770 4074; baseline 0.001 -16"><span class='ocrx_word' id='word_1_804' title='bbox 2179 4005 2462 4074; x_wconf 71' lang='lat' dir='ltr'><strong>praesentia</strong></span> <span class='ocrx_word' id='word_1_805' title='bbox 2487 4044 2504 4070; x_wconf 95' lang='lat'><strong>,</strong></span> <span class='ocrx_word' id='word_1_806' title='bbox 2536 4013 2592 4060; x_wconf 90' lang='lat' dir='ltr'><strong>et</strong></span> <span class='ocrx_word' id='word_1_807' title='bbox 2617 4019 2738 4074; x_wconf 71' lang='lat' dir='ltr'><strong>quae</strong></span> <span class='ocrx_word' id='word_1_808' title='bbox 2765 4004 3012 4059; x_wconf 90' lang='lat' dir='ltr'><strong>videntur</strong></span> <span class='ocrx_word' id='word_1_809' title='bbox 3037 4004 3280 4071; x_wconf 89' lang='lat' dir='ltr'><strong>inhiant,</strong></span> <span class='ocrx_word' id='word_1_810' title='bbox 3313 4019 3408 4059; x_wconf 90' lang='lat' dir='ltr'><strong>eos</strong></span> <span class='ocrx_word' id='word_1_811' title='bbox 3436 4005 3770 4074; x_wconf 74' lang='lat' dir='ltr'><strong>a-nigmatice</strong></span> 
     </span>
    </p>
   </div>
   <div class='ocr_carea' id='block_1_102' title="bbox 2182 4096 3764 4168">
    <p class='ocr_par' dir='ltr' id='par_1_102' title="bbox 2182 4096 3764 4168">
     <span class='ocr_line' id='line_1_102' title="bbox 2182 4096 3764 4168; baseline 0.001 -17"><span class='ocrx_word' id='word_1_812' title='bbox 2182 4097 2366 4166; x_wconf 79' lang='lat' dir='ltr'><strong>tangit.</strong></span> <span class='ocrx_word' id='word_1_813' title='bbox 2390 4096 2590 4152; x_wconf 89' lang='lat' dir='ltr'><strong>Deinde</strong></span> <span class='ocrx_word' id='word_1_814' title='bbox 2609 4111 2728 4151; x_wconf 90' lang='lat' dir='ltr'><strong>cum</strong></span> <span class='ocrx_word' id='word_1_815' title='bbox 2753 4096 2934 4166; x_wconf 89' lang='lat' dir='ltr'><strong>paucis</strong></span> <span class='ocrx_word' id='word_1_816' title='bbox 2953 4097 3128 4152; x_wconf 88' lang='lat' dir='ltr'><strong>futura</strong></span> <span class='ocrx_word' id='word_1_817' title='bbox 3148 4097 3377 4153; x_wconf 85' lang='lat' dir='ltr'><strong>obscure</strong></span> <span class='ocrx_word' id='word_1_818' title='bbox 3392 4097 3764 4168; x_wconf 81' lang='lat' dir='ltr'><strong>significasset,</strong></span> 
     </span>
    </p>
   </div>
   <div class='ocr_carea' id='block_1_103' title="bbox 2180 4189 3768 4260">
    <p class='ocr_par' dir='ltr' id='par_1_103' title="bbox 2180 4189 3768 4260">
     <span class='ocr_line' id='line_1_103' title="bbox 2180 4189 3768 4260; baseline 0.001 -16"><span class='ocrx_word' id='word_1_819' title='bbox 2180 4190 2389 4244; x_wconf 84' lang='lat' dir='ltr'><strong>confert</strong></span> <span class='ocrx_word' id='word_1_820' title='bbox 2429 4204 2617 4244; x_wconf 87' lang='lat' dir='ltr'><strong>rursus</strong></span> <span class='ocrx_word' id='word_1_821' title='bbox 2657 4189 2954 4244; x_wconf 88' lang='lat' dir='ltr'><strong>orationem</strong></span> <span class='ocrx_word' id='word_1_822' title='bbox 2997 4189 3063 4244; x_wconf 88' lang='lat' dir='ltr'><strong>ad</strong></span> <span class='ocrx_word' id='word_1_823' title='bbox 3093 4200 3455 4260; x_wconf 87' lang='lat' dir='ltr'><strong>contemptum</strong></span> <span class='ocrx_word' id='word_1_824' title='bbox 3499 4205 3684 4244; x_wconf 84' lang='lat' dir='ltr'><strong>eorum</strong></span> <span class='ocrx_word' id='word_1_825' title='bbox 3714 4201 3768 4245; x_wconf 91' lang='lat' dir='ltr'><strong>et</strong></span> 
     </span>
    </p>
   </div>
   <div class='ocr_carea' id='block_1_104' title="bbox 2182 4280 3766 4353">
    <p class='ocr_par' dir='ltr' id='par_1_104' title="bbox 2182 4280 3766 4353">
     <span class='ocr_line' id='line_1_104' title="bbox 2182 4280 3766 4353; baseline 0.003 -22"><span class='ocrx_word' id='word_1_826' title='bbox 2182 4295 2392 4351; x_wconf 66' lang='lat' dir='ltr'><strong>prunam</strong></span> <span class='ocrx_word' id='word_1_827' title='bbox 2419 4281 2472 4335; x_wconf 92' lang='lat' dir='ltr'><strong>in</strong></span> <span class='ocrx_word' id='word_1_828' title='bbox 2501 4280 2606 4335; x_wconf 86' lang='lat' dir='ltr'><strong>vita</strong></span> <span class='ocrx_word' id='word_1_829' title='bbox 2642 4280 2926 4350; x_wconf 68' lang='lat' dir='ltr'><strong>praesenti,</strong></span> <span class='ocrx_word' id='word_1_830' title='bbox 2959 4281 3248 4337; x_wconf 87' lang='lat' dir='ltr'><strong>ostendens</strong></span> <span class='ocrx_word' id='word_1_831' title='bbox 3274 4296 3432 4353; x_wconf 87' lang='lat' dir='ltr'><strong>quam</strong></span> <span class='ocrx_word' id='word_1_832' title='bbox 3459 4281 3566 4336; x_wconf 85' lang='lat' dir='ltr'><strong>sint</strong></span> <span class='ocrx_word' id='word_1_833' title='bbox 3594 4281 3766 4336; x_wconf 86' lang='lat' dir='ltr'><strong>imbe-</strong></span> 
     </span>
    </p>
   </div>
   <div class='ocr_carea' id='block_1_105' title="bbox 2180 4371 3768 4442">
    <p class='ocr_par' dir='ltr' id='par_1_105' title="bbox 2180 4371 3768 4442">
     <span class='ocr_line' id='line_1_105' title="bbox 2180 4371 3768 4442; baseline 0.002 -17"><span class='ocrx_word' id='word_1_834' title='bbox 2180 4371 2286 4426; x_wconf 89' lang='lat' dir='ltr'><strong>cilli</strong></span> <span class='ocrx_word' id='word_1_835' title='bbox 2308 4412 2323 4438; x_wconf 92' lang='lat'><strong>,</strong></span> <span class='ocrx_word' id='word_1_836' title='bbox 2355 4371 2489 4425; x_wconf 88' lang='lat' dir='ltr'><strong>viles</strong></span> <span class='ocrx_word' id='word_1_837' title='bbox 2509 4412 2523 4436; x_wconf 95' lang='lat'><strong>,</strong></span> <span class='ocrx_word' id='word_1_838' title='bbox 2564 4371 2973 4440; x_wconf 88' lang='lat' dir='ltr'><strong>contemnendi,</strong></span> <span class='ocrx_word' id='word_1_839' title='bbox 3004 4381 3055 4428; x_wconf 91' lang='lat' dir='ltr'><strong>et</strong></span> <span class='ocrx_word' id='word_1_840' title='bbox 3086 4372 3228 4442; x_wconf 88' lang='lat' dir='ltr'><strong>quod</strong></span> <span class='ocrx_word' id='word_1_841' title='bbox 3266 4372 3390 4426; x_wconf 86' lang='lat' dir='ltr'><strong>licet</strong></span> <span class='ocrx_word' id='word_1_842' title='bbox 3430 4372 3539 4426; x_wconf 89' lang='lat' dir='ltr'><strong>sint</strong></span> <span class='ocrx_word' id='word_1_843' title='bbox 3573 4372 3768 4428; x_wconf 90' lang='lat' dir='ltr'><strong>millies</strong></span> 
     </span>
    </p>
   </div>
   <div class='ocr_carea' id='block_1_106' title="bbox 2179 4463 3766 4535">
    <p class='ocr_par' dir='ltr' id='par_1_106' title="bbox 2179 4463 3766 4535">
     <span class='ocr_line' id='line_1_106' title="bbox 2179 4463 3766 4535; baseline 0.001 -17"><span class='ocrx_word' id='word_1_844' title='bbox 2179 4463 2391 4528; x_wconf 89' lang='lat' dir='ltr'><strong>divites,</strong></span> <span class='ocrx_word' id='word_1_845' title='bbox 2417 4471 2474 4518; x_wconf 91' lang='lat' dir='ltr'><strong>et</strong></span> <span class='ocrx_word' id='word_1_846' title='bbox 2498 4477 2690 4533; x_wconf 88' lang='lat' dir='ltr'><strong>magna</strong></span> <span class='ocrx_word' id='word_1_847' title='bbox 2714 4463 2821 4518; x_wconf 92' lang='lat' dir='ltr'><strong>sint</strong></span> <span class='ocrx_word' id='word_1_848' title='bbox 2839 4464 3095 4519; x_wconf 90' lang='lat' dir='ltr'><strong>succincti</strong></span> <span class='ocrx_word' id='word_1_849' title='bbox 3123 4465 3380 4535; x_wconf 87' lang='lat' dir='ltr'><strong>potentia,</strong></span> <span class='ocrx_word' id='word_1_850' title='bbox 3406 4465 3474 4520; x_wconf 87' lang='lat' dir='ltr'><strong>ab</strong></span> <span class='ocrx_word' id='word_1_851' title='bbox 3499 4465 3562 4519; x_wconf 85' lang='lat' dir='ltr'><strong>iis</strong></span> <span class='ocrx_word' id='word_1_852' title='bbox 3587 4475 3766 4520; x_wconf 83' lang='lat' dir='ltr'><strong>tamen</strong></span> 
     </span>
    </p>
   </div>
   <div class='ocr_carea' id='block_1_107' title="bbox 2179 4555 3766 4625">
    <p class='ocr_par' dir='ltr' id='par_1_107' title="bbox 2179 4555 3766 4625">
     <span class='ocr_line' id='line_1_107' title="bbox 2179 4555 3766 4625; baseline 0.001 -17"><span class='ocrx_word' id='word_1_853' title='bbox 2179 4555 2268 4625; x_wconf 90' lang='lat' dir='ltr'><strong>qui</strong></span> <span class='ocrx_word' id='word_1_854' title='bbox 2297 4555 2546 4610; x_wconf 91' lang='lat' dir='ltr'><strong>virtutem</strong></span> <span class='ocrx_word' id='word_1_855' title='bbox 2574 4564 2866 4622; x_wconf 89' lang='lat' dir='ltr'><strong>exercent,</strong></span> <span class='ocrx_word' id='word_1_856' title='bbox 2895 4555 3159 4612; x_wconf 88' lang='lat' dir='ltr'><strong>habentur</strong></span> <span class='ocrx_word' id='word_1_857' title='bbox 3189 4571 3284 4625; x_wconf 89' lang='lat' dir='ltr'><strong>pro</strong></span> <span class='ocrx_word' id='word_1_858' title='bbox 3312 4557 3481 4611; x_wconf 86' lang='lat' dir='ltr'><strong>servis</strong></span> <span class='ocrx_word' id='word_1_859' title='bbox 3529 4565 3584 4612; x_wconf 91' lang='lat' dir='ltr'><strong>et</strong></span> <span class='ocrx_word' id='word_1_860' title='bbox 3609 4573 3766 4612; x_wconf 86' lang='lat' dir='ltr'><strong>mau-</strong></span> 
     </span>
    </p>
   </div>
   <div class='ocr_carea' id='block_1_108' title="bbox 2180 4646 3762 4720">
    <p class='ocr_par' dir='ltr' id='par_1_108' title="bbox 2180 4646 3762 4720">
     <span class='ocr_line' id='line_1_108' title="bbox 2180 4646 3762 4720; baseline 0.001 -18"><span class='ocrx_word' id='word_1_861' title='bbox 2180 4648 2354 4717; x_wconf 82' lang='lat' dir='ltr'><strong>cipiis.</strong></span> <span class='ocrx_word' id='word_1_862' title='bbox 2383 4647 2510 4703; x_wconf 85' lang='lat' dir='ltr'><strong>ldco</strong></span> <span class='ocrx_word' id='word_1_863' title='bbox 2533 4646 2697 4713; x_wconf 87' lang='lat' dir='ltr'><strong>dicit,</strong></span> <span class='ocrx_word' id='word_1_864' title='bbox 2731 4646 3136 4702; x_wconf 79' lang='lat' dir='ltr'><strong>Dominabuntur</strong></span> <span class='ocrx_word' id='word_1_865' title='bbox 3165 4665 3336 4703; x_wconf 79' lang='lat' dir='ltr'><strong>eorunt</strong></span> <span class='ocrx_word' id='word_1_866' title='bbox 3353 4649 3486 4720; x_wconf 76' lang='lat' dir='ltr'><strong>justi</strong></span> <span class='ocrx_word' id='word_1_867' title='bbox 3513 4651 3565 4702; x_wconf 85' lang='lat' dir='ltr'><strong>in</strong></span> <span class='ocrx_word' id='word_1_868' title='bbox 3595 4660 3762 4704; x_wconf 87' lang='lat' dir='ltr'><strong>matu-</strong></span> 
     </span>
    </p>
   </div>
   <div class='ocr_carea' id='block_1_109' title="bbox 2182 4739 3762 4812">
    <p class='ocr_par' dir='ltr' id='par_1_109' title="bbox 2182 4739 3762 4812">
     <span class='ocr_line' id='line_1_109' title="bbox 2182 4739 3762 4812; baseline 0.002 -19"><span class='ocrx_word' id='word_1_869' title='bbox 2182 4742 2285 4793; x_wconf 86' lang='lat' dir='ltr'><strong>tino</strong></span> <span class='ocrx_word' id='word_1_870' title='bbox 2314 4755 2332 4793; x_wconf 90' lang='lat'><strong><em>:</em></strong></span> <span class='ocrx_word' id='word_1_871' title='bbox 2359 4739 2462 4795; x_wconf 91' lang='lat' dir='ltr'><strong>hoc</strong></span> <span class='ocrx_word' id='word_1_872' title='bbox 2506 4748 2620 4806; x_wconf 90' lang='lat' dir='ltr'><strong>est,</strong></span> <span class='ocrx_word' id='word_1_873' title='bbox 2653 4741 2934 4808; x_wconf 89' lang='lat' dir='ltr'><strong>celeriter,</strong></span> <span class='ocrx_word' id='word_1_874' title='bbox 2975 4741 3227 4796; x_wconf 88' lang='lat' dir='ltr'><strong>continuo</strong></span> <span class='ocrx_word' id='word_1_875' title='bbox 3248 4782 3262 4806; x_wconf 93' lang='lat'><strong>,</strong></span> <span class='ocrx_word' id='word_1_876' title='bbox 3294 4750 3350 4797; x_wconf 87' lang='lat' dir='ltr'><strong>et</strong></span> <span class='ocrx_word' id='word_1_877' title='bbox 3387 4756 3485 4796; x_wconf 89' lang='lat' dir='ltr'><strong>nec</strong></span> <span class='ocrx_word' id='word_1_878' title='bbox 3526 4753 3762 4812; x_wconf 86' lang='lat' dir='ltr'><strong>tempore</strong></span> 
     </span>
    </p>
   </div>
   <div class='ocr_carea' id='block_1_110' title="bbox 2180 4829 3768 4902">
    <p class='ocr_par' dir='ltr' id='par_1_110' title="bbox 2180 4829 3768 4902">
     <span class='ocr_line' id='line_1_110' title="bbox 2180 4829 3768 4902; baseline -0.001 -16"><span class='ocrx_word' id='word_1_879' title='bbox 2180 4831 2396 4902; x_wconf 89' lang='lat' dir='ltr'><strong>quidem</strong></span> <span class='ocrx_word' id='word_1_880' title='bbox 2421 4846 2557 4901; x_wconf 86' lang='lat' dir='ltr'><strong>opus</strong></span> <span class='ocrx_word' id='word_1_881' title='bbox 2581 4829 2850 4887; x_wconf 87' lang='lat' dir='ltr'><strong>habebunt</strong></span> <span class='ocrx_word' id='word_1_882' title='bbox 2870 4873 2885 4898; x_wconf 89' lang='lat'><strong>,</strong></span> <span class='ocrx_word' id='word_1_883' title='bbox 2913 4845 3014 4886; x_wconf 89' lang='lat' dir='ltr'><strong>nec</strong></span> <span class='ocrx_word' id='word_1_884' title='bbox 3037 4831 3252 4896; x_wconf 85' lang='lat' dir='ltr'><strong>labore,</strong></span> <span class='ocrx_word' id='word_1_885' title='bbox 3281 4846 3380 4887; x_wconf 90' lang='lat' dir='ltr'><strong>nec</strong></span> <span class='ocrx_word' id='word_1_886' title='bbox 3409 4847 3580 4886; x_wconf 87' lang='lat' dir='ltr'><strong>mora.</strong></span> <span class='ocrx_word' id='word_1_887' title='bbox 3621 4832 3768 4887; x_wconf 80' lang='lat' dir='ltr'><strong>Talis</strong></span> 
     </span>
    </p>
   </div>
   <div class='ocr_carea' id='block_1_111' title="bbox 2181 4922 3761 4986">
    <p class='ocr_par' dir='ltr' id='par_1_111' title="bbox 2181 4922 3761 4986">
     <span class='ocr_line' id='line_1_111' title="bbox 2181 4922 3761 4986; baseline -0.002 -9"><span class='ocrx_word' id='word_1_888' title='bbox 2181 4932 2265 4978; x_wconf 90' lang='lat' dir='ltr'><strong>est</strong></span> <span class='ocrx_word' id='word_1_889' title='bbox 2309 4924 2453 4978; x_wconf 91' lang='lat' dir='ltr'><strong>enim</strong></span> <span class='ocrx_word' id='word_1_890' title='bbox 2504 4938 2685 4978; x_wconf 89' lang='lat' dir='ltr'><strong>rerum</strong></span> <span class='ocrx_word' id='word_1_891' title='bbox 2734 4931 2955 4986; x_wconf 86' lang='lat' dir='ltr'><strong>natura,</strong></span> <span class='ocrx_word' id='word_1_892' title='bbox 3004 4931 3059 4977; x_wconf 90' lang='lat' dir='ltr'><strong>ut</strong></span> <span class='ocrx_word' id='word_1_893' title='bbox 3097 4922 3281 4976; x_wconf 85' lang='lat' dir='ltr'><strong>vitium</strong></span> <span class='ocrx_word' id='word_1_894' title='bbox 3319 4923 3498 4976; x_wconf 88' lang='lat' dir='ltr'><strong>virtuti</strong></span> <span class='ocrx_word' id='word_1_895' title='bbox 3543 4923 3761 4986; x_wconf 85' lang='lat' dir='ltr'><strong>serviat,</strong></span> 
     </span>
    </p>
   </div>
   <div class='ocr_carea' id='block_1_112' title="bbox 2181 5011 3763 5084">
    <p class='ocr_par' dir='ltr' id='par_1_112' title="bbox 2181 5011 3763 5084">
     <span class='ocr_line' id='line_1_112' title="bbox 2181 5011 3763 5084; baseline -0.003 -14"><span class='ocrx_word' id='word_1_896' title='bbox 2181 5029 2407 5084; x_wconf 87' lang='lat' dir='ltr'><strong>eamque</strong></span> <span class='ocrx_word' id='word_1_897' title='bbox 2450 5013 2700 5068; x_wconf 88' lang='lat' dir='ltr'><strong>formidet</strong></span> <span class='ocrx_word' id='word_1_898' title='bbox 2735 5027 2798 5068; x_wconf 89' lang='lat' dir='ltr'><strong>ac</strong></span> <span class='ocrx_word' id='word_1_899' title='bbox 2827 5012 3202 5082; x_wconf 87' lang='lat' dir='ltr'><strong>pertimescat,</strong></span> <span class='ocrx_word' id='word_1_900' title='bbox 3230 5012 3356 5067; x_wconf 89' lang='lat' dir='ltr'><strong>licet</strong></span> <span class='ocrx_word' id='word_1_901' title='bbox 3392 5012 3520 5066; x_wconf 90' lang='lat' dir='ltr'><strong>illud</strong></span> <span class='ocrx_word' id='word_1_902' title='bbox 3549 5011 3763 5082; x_wconf 87' lang='lat' dir='ltr'><strong>quidem</strong></span> 
     </span>
    </p>
   </div>
   <div class='ocr_carea' id='block_1_113' title="bbox 2182 5105 3769 5177">
    <p class='ocr_par' dir='ltr' id='par_1_113' title="bbox 2182 5105 3769 5177">
     <span class='ocr_line' id='line_1_113' title="bbox 2182 5105 3769 5177; baseline -0.001 -16"><span class='ocrx_word' id='word_1_903' title='bbox 2182 5108 2253 5162; x_wconf 90' lang='lat' dir='ltr'><strong>sit</strong></span> <span class='ocrx_word' id='word_1_904' title='bbox 2283 5107 2404 5162; x_wconf 91' lang='lat' dir='ltr'><strong>fuco</strong></span> <span class='ocrx_word' id='word_1_905' title='bbox 2429 5114 2485 5162; x_wconf 90' lang='lat' dir='ltr'><strong>et</strong></span> <span class='ocrx_word' id='word_1_906' title='bbox 2514 5106 2801 5177; x_wconf 86' lang='lat' dir='ltr'><strong>pigmentis</strong></span> <span class='ocrx_word' id='word_1_907' title='bbox 2830 5107 3125 5161; x_wconf 86' lang='lat' dir='ltr'><strong>innumeris</strong></span> <span class='ocrx_word' id='word_1_908' title='bbox 3152 5107 3422 5161; x_wconf 87' lang='lat' dir='ltr'><strong>obtectum</strong></span> <span class='ocrx_word' id='word_1_909' title='bbox 3451 5123 3465 5162; x_wconf 92' lang='lat'><strong>:</strong></span> <span class='ocrx_word' id='word_1_910' title='bbox 3496 5105 3614 5161; x_wconf 64' lang='lat' dir='ltr'><strong>hac</strong></span> <span class='ocrx_word' id='word_1_911' title='bbox 3639 5121 3769 5160; x_wconf 86' lang='lat' dir='ltr'><strong>vero</strong></span> 
     </span>
    </p>
   </div>
   <div class='ocr_carea' id='block_1_114' title="bbox 2178 5195 3765 5268">
    <p class='ocr_par' dir='ltr' id='par_1_114' title="bbox 2178 5195 3765 5268">
     <span class='ocr_line' id='line_1_114' title="bbox 2178 5195 3765 5268; baseline 0 -16"><span class='ocrx_word' id='word_1_912' title='bbox 2178 5197 2320 5252; x_wconf 81' lang='lat' dir='ltr'><strong>nuda</strong></span> <span class='ocrx_word' id='word_1_913' title='bbox 2342 5239 2356 5262; x_wconf 88' lang='lat'><strong>,</strong></span> <span class='ocrx_word' id='word_1_914' title='bbox 2397 5204 2453 5252; x_wconf 88' lang='lat' dir='ltr'><strong>et</strong></span> <span class='ocrx_word' id='word_1_915' title='bbox 2492 5211 2588 5268; x_wconf 91' lang='lat' dir='ltr'><strong>per</strong></span> <span class='ocrx_word' id='word_1_916' title='bbox 2617 5197 2844 5266; x_wconf 86' lang='lat' dir='ltr'><strong>seipsam</strong></span> <span class='ocrx_word' id='word_1_917' title='bbox 2873 5196 3174 5252; x_wconf 87' lang='lat' dir='ltr'><strong>decertans.</strong></span> <span class='ocrx_word' id='word_1_918' title='bbox 3214 5195 3375 5266; x_wconf 83' lang='lat' dir='ltr'><strong>Atqui</strong></span> <span class='ocrx_word' id='word_1_919' title='bbox 3401 5206 3588 5252; x_wconf 90' lang='lat' dir='ltr'><strong>contra</strong></span> <span class='ocrx_word' id='word_1_920' title='bbox 3614 5196 3765 5252; x_wconf 84' lang='lat' dir='ltr'><strong>vidc-</strong></span> 
     </span>
    </p>
   </div>
   <div class='ocr_carea' id='block_1_115' title="bbox 2183 5287 3766 5344">
    <p class='ocr_par' dir='ltr' id='par_1_115' title="bbox 2183 5287 3766 5344">
     <span class='ocr_line' id='line_1_115' title="bbox 2183 5287 3766 5344; baseline -0.001 -2"><span class='ocrx_word' id='word_1_921' title='bbox 2183 5303 2301 5342; x_wconf 75' lang='lat' dir='ltr'><strong>nius</strong></span> <span class='ocrx_word' id='word_1_922' title='bbox 2338 5288 2510 5343; x_wconf 91' lang='lat' dir='ltr'><strong>malos</strong></span> <span class='ocrx_word' id='word_1_923' title='bbox 2550 5288 2792 5343; x_wconf 89' lang='lat' dir='ltr'><strong>obtinere</strong></span> <span class='ocrx_word' id='word_1_924' title='bbox 2833 5288 3160 5343; x_wconf 89' lang='lat' dir='ltr'><strong>dominatum</strong></span> <span class='ocrx_word' id='word_1_925' title='bbox 3207 5288 3261 5342; x_wconf 92' lang='lat' dir='ltr'><strong>in</strong></span> <span class='ocrx_word' id='word_1_926' title='bbox 3308 5288 3499 5343; x_wconf 86' lang='lat' dir='ltr'><strong>bonos.</strong></span> <span class='ocrx_word' id='word_1_927' title='bbox 3551 5287 3656 5344; x_wconf 90' lang='lat' dir='ltr'><strong>Sed</strong></span> <span class='ocrx_word' id='word_1_928' title='bbox 3701 5305 3766 5342; x_wconf 90' lang='lat' dir='ltr'><strong>ne</strong></span> 
     </span>
    </p>
   </div>
   <div class='ocr_carea' id='block_1_116' title="bbox 2181 5381 3762 5452">
    <p class='ocr_par' dir='ltr' id='par_1_116' title="bbox 2181 5381 3762 5452">
     <span class='ocr_line' id='line_1_116' title="bbox 2181 5381 3762 5452; baseline 0.001 -17"><span class='ocrx_word' id='word_1_929' title='bbox 2181 5381 2581 5436; x_wconf 87' lang='lat' dir='ltr'><strong>consideremus</strong></span> <span class='ocrx_word' id='word_1_930' title='bbox 2624 5397 2859 5437; x_wconf 88' lang='lat' dir='ltr'><strong>errorem</strong></span> <span class='ocrx_word' id='word_1_931' title='bbox 2903 5383 3180 5437; x_wconf 72' lang='lat' dir='ltr'><strong>sententia:</strong></span> <span class='ocrx_word' id='word_1_932' title='bbox 3209 5382 3350 5452; x_wconf 83' lang='lat' dir='ltr'><strong>vulgi</strong></span> <span class='ocrx_word' id='word_1_933' title='bbox 3391 5401 3404 5437; x_wconf 94' lang='lat'>:</span> <span class='ocrx_word' id='word_1_934' title='bbox 3451 5383 3496 5439; x_wconf 89' lang='lat' dir='ltr'><strong>is</strong></span> <span class='ocrx_word' id='word_1_935' title='bbox 3525 5384 3670 5438; x_wconf 84' lang='lat' dir='ltr'><strong>enim</strong></span> <span class='ocrx_word' id='word_1_936' title='bbox 3694 5398 3762 5437; x_wconf 87' lang='lat' dir='ltr'><strong>ex</strong></span> 
     </span>
    </p>
   </div>
   <div class='ocr_carea' id='block_1_117' title="bbox 2184 5471 3765 5542">
    <p class='ocr_par' dir='ltr' id='par_1_117' title="bbox 2184 5471 3765 5542">
     <span class='ocr_line' id='line_1_117' title="bbox 2184 5471 3765 5542; baseline 0.001 -16"><span class='ocrx_word' id='word_1_937' title='bbox 2184 5471 2313 5527; x_wconf 89' lang='lat' dir='ltr'><strong>falsa</strong></span> <span class='ocrx_word' id='word_1_938' title='bbox 2340 5472 2590 5542; x_wconf 83' lang='lat' dir='ltr'><strong>Opinione</strong></span> <span class='ocrx_word' id='word_1_939' title='bbox 2619 5474 2822 5539; x_wconf 86' lang='lat' dir='ltr'><strong>oritur;</strong></span> <span class='ocrx_word' id='word_1_940' title='bbox 2864 5473 2957 5528; x_wconf 90' lang='lat' dir='ltr'><strong>sed</strong></span> <span class='ocrx_word' id='word_1_941' title='bbox 2983 5483 3128 5528; x_wconf 89' lang='lat' dir='ltr'><strong>recto</strong></span> <span class='ocrx_word' id='word_1_942' title='bbox 3154 5489 3242 5530; x_wconf 90' lang='lat' dir='ltr'><strong>res</strong></span> <span class='ocrx_word' id='word_1_943' title='bbox 3266 5474 3466 5542; x_wconf 91' lang='lat' dir='ltr'><strong>judicio</strong></span> <span class='ocrx_word' id='word_1_944' title='bbox 3491 5475 3765 5530; x_wconf 87' lang='lat' dir='ltr'><strong>discerna-</strong></span> 
     </span>
    </p>
   </div>
   <div class='ocr_carea' id='block_1_118' title="bbox 2185 5565 3766 5636">
    <p class='ocr_par' dir='ltr' id='par_1_118' title="bbox 2185 5565 3766 5636">
     <span class='ocr_line' id='line_1_118' title="bbox 2185 5565 3766 5636; baseline 0.003 -19"><span class='ocrx_word' id='word_1_945' title='bbox 2185 5581 2302 5618; x_wconf 89' lang='lat' dir='ltr'><strong>mus</strong></span> <span class='ocrx_word' id='word_1_946' title='bbox 2324 5606 2338 5628; x_wconf 90' lang='lat'><strong>,</strong></span> <span class='ocrx_word' id='word_1_947' title='bbox 2368 5576 2421 5618; x_wconf 87' lang='lat' dir='ltr'><strong>et</strong></span> <span class='ocrx_word' id='word_1_948' title='bbox 2448 5565 2656 5620; x_wconf 90' lang='lat' dir='ltr'><strong>videbis</strong></span> <span class='ocrx_word' id='word_1_949' title='bbox 2695 5565 2747 5620; x_wconf 92' lang='lat' dir='ltr'><strong>in</strong></span> <span class='ocrx_word' id='word_1_950' title='bbox 2777 5565 2917 5636; x_wconf 90' lang='lat' dir='ltr'><strong>quod</strong></span> <span class='ocrx_word' id='word_1_951' title='bbox 2957 5565 3080 5621; x_wconf 92' lang='lat' dir='ltr'><strong>dico</strong></span> <span class='ocrx_word' id='word_1_952' title='bbox 3106 5581 3228 5622; x_wconf 85' lang='lat' dir='ltr'><strong>esse</strong></span> <span class='ocrx_word' id='word_1_953' title='bbox 3264 5567 3642 5623; x_wconf 87' lang='lat' dir='ltr'><strong>certissimum.</strong></span> <span class='ocrx_word' id='word_1_954' title='bbox 3687 5565 3766 5624; x_wconf 88' lang='lat' dir='ltr'><strong>Sit</strong></span> 
     </span>
    </p>
   </div>
   <div class='ocr_carea' id='block_1_119' title="bbox 2185 5657 3764 5727">
    <p class='ocr_par' dir='ltr' id='par_1_119' title="bbox 2185 5657 3764 5727">
     <span class='ocr_line' id='line_1_119' title="bbox 2185 5657 3764 5727; baseline 0.001 -16"><span class='ocrx_word' id='word_1_955' title='bbox 2185 5659 2325 5711; x_wconf 90' lang='lat' dir='ltr'><strong>enim</strong></span> <span class='ocrx_word' id='word_1_956' title='bbox 2357 5657 2549 5727; x_wconf 89' lang='lat' dir='ltr'><strong>aliquis</strong></span> <span class='ocrx_word' id='word_1_957' title='bbox 2589 5658 2760 5711; x_wconf 89' lang='lat' dir='ltr'><strong>malus</strong></span> <span class='ocrx_word' id='word_1_958' title='bbox 2796 5657 3079 5724; x_wconf 89' lang='lat' dir='ltr'><strong>dominus,</strong></span> <span class='ocrx_word' id='word_1_959' title='bbox 3111 5669 3164 5713; x_wconf 90' lang='lat' dir='ltr'><strong>et</strong></span> <span class='ocrx_word' id='word_1_960' title='bbox 3191 5659 3363 5714; x_wconf 90' lang='lat' dir='ltr'><strong>bonus</strong></span> <span class='ocrx_word' id='word_1_961' title='bbox 3397 5673 3618 5726; x_wconf 76' lang='lat' dir='ltr'><strong>servus;</strong></span> <span class='ocrx_word' id='word_1_962' title='bbox 3660 5659 3764 5725; x_wconf 86' lang='lat' dir='ltr'><strong>vel,</strong></span> 
     </span>
    </p>
   </div>
   <div class='ocr_carea' id='block_1_120' title="bbox 2185 5747 3767 5821">
    <p class='ocr_par' dir='ltr' id='par_1_120' title="bbox 2185 5747 3767 5821">
     <span class='ocr_line' id='line_1_120' title="bbox 2185 5747 3767 5821; baseline -0.001 -17"><span class='ocrx_word' id='word_1_963' title='bbox 2185 5750 2229 5805; x_wconf 86' lang='lat' dir='ltr'><strong>si</strong></span> <span class='ocrx_word' id='word_1_964' title='bbox 2259 5750 2452 5810; x_wconf 87' lang='lat' dir='ltr'><strong>mavis,</strong></span> <span class='ocrx_word' id='word_1_965' title='bbox 2473 5747 2542 5803; x_wconf 88' lang='lat' dir='ltr'><strong>ad</strong></span> <span class='ocrx_word' id='word_1_966' title='bbox 2569 5748 2714 5802; x_wconf 89' lang='lat' dir='ltr'><strong>aliud</strong></span> <span class='ocrx_word' id='word_1_967' title='bbox 2735 5749 2909 5818; x_wconf 84' lang='lat' dir='ltr'><strong>majus</strong></span> <span class='ocrx_word' id='word_1_968' title='bbox 2935 5750 3110 5820; x_wconf 83' lang='lat' dir='ltr'><strong>potius</strong></span> <span class='ocrx_word' id='word_1_969' title='bbox 3132 5753 3432 5821; x_wconf 85' lang='lat' dir='ltr'><strong>exemplum</strong></span> <span class='ocrx_word' id='word_1_970' title='bbox 3459 5767 3572 5806; x_wconf 88' lang='lat' dir='ltr'><strong>rem</strong></span> <span class='ocrx_word' id='word_1_971' title='bbox 3601 5751 3767 5806; x_wconf 78' lang='lat' dir='ltr'><strong>dedu-</strong></span> 
     </span>
    </p>
   </div>
   <div class='ocr_carea' id='block_1_121' title="bbox 2189 5843 3764 5914">
    <p class='ocr_par' dir='ltr' id='par_1_121' title="bbox 2189 5843 3764 5914">
     <span class='ocr_line' id='line_1_121' title="bbox 2189 5843 3764 5914; baseline -0.002 -13"><span class='ocrx_word' id='word_1_972' title='bbox 2189 5860 2388 5901; x_wconf 83' lang='lat' dir='ltr'><strong>camus.</strong></span> <span class='ocrx_word' id='word_1_973' title='bbox 2423 5843 2500 5900; x_wconf 85' lang='lat' dir='ltr'><strong>Sit</strong></span> <span class='ocrx_word' id='word_1_974' title='bbox 2539 5857 2630 5899; x_wconf 87' lang='lat' dir='ltr'><strong>rcx</strong></span> <span class='ocrx_word' id='word_1_975' title='bbox 2660 5843 2829 5899; x_wconf 89' lang='lat' dir='ltr'><strong>malus</strong></span> <span class='ocrx_word' id='word_1_976' title='bbox 2851 5883 2868 5911; x_wconf 91' lang='lat'><strong>,</strong></span> <span class='ocrx_word' id='word_1_977' title='bbox 2899 5852 2952 5900; x_wconf 88' lang='lat' dir='ltr'><strong>et</strong></span> <span class='ocrx_word' id='word_1_978' title='bbox 2990 5845 3223 5914; x_wconf 84' lang='lat' dir='ltr'><strong>privatus</strong></span> <span class='ocrx_word' id='word_1_979' title='bbox 3254 5845 3455 5913; x_wconf 86' lang='lat' dir='ltr'><strong>bonus,</strong></span> <span class='ocrx_word' id='word_1_980' title='bbox 3487 5844 3764 5900; x_wconf 84' lang='lat' dir='ltr'><strong>videamus</strong></span> 
     </span>
    </p>
   </div>
  </div>
