4114 6278
340 438 451 494 235

340 555 486 609 ὁδόν.
531 547 795 611 Ἑαυτοὺς
862 546 1177 617 δεσμοῦσιν,
1234 548 1463 611 ἐαυτοῦς
1517 546 1926 619 συμποδίζουσι.

345 632 465 692 Καὶ
500 632 648 703 μετὰ
683 628 874 687 ταῦτα
909 629 982 682 ἐν
1018 627 1101 694 τῷ
1127 630 1381 699 στόματι
1414 627 1566 702 [QUI
1611 629 1808 684 αὐτῶν
1839 631 1938 682 εύ-

348 716 707 784 δσκήσουσι.
751 714 826 767 Τὸ
873 710 1285 783 χαλεπώτατον,
1330 714 1426 766 καὶ
1468 712 1576 766 τῶν
1612 712 1813 766 λοιπῶν
1848 709 1938 764 al-

351 819 470 856 τιον
497 798 600 853 τῶν
631 797 840 859 κακῶν,
878 796 1041 850 τοῦτό
1076 797 1244 860 ἐστιν,
1281 795 1418 867 ὅπερ
1461 795 1705 867 εἴρηκεν.
1734 795 1796 849 Οί
1827 792 1937 864 γὰρ

354 881 575 939 τοιαῦτα
609 879 1039 952 ἁμαρτάνοντες,
1079 881 1174 932 καὶ
1223 878 1672 951 πλημμελοῦντες
1717 878 1815 933 καὶ
1846 876 1939 940 οῇ.

353 983 463 1030 τως
488 964 896 1035 ἀνοηταίνοντες
920 1004 935 1029 ,
970 960 1366 1035 μακαρίζουσιν
1397 964 1646 1028 ἑαυτοὺς,
1685 964 1781 1017 καὶ
1809 962 1940 1016 θαυ-

356 1047 606 1118 μάζουσι,
633 1046 727 1099 καὶ
758 1044 1035 1118 ζηλωτοὺς
1068 1045 1297 1110 ἑαυτοὺς
1330 1040 1469 1098 εἷναί
1505 1062 1661 1116 φασι,
1687 1046 1782 1098 καὶ
1811 1045 1940 1116 api--

352 1146 574 1183 σκονται
605 1131 718 1192 τοῖς
753 1128 1154 1200 πραττομένοις
1181 1145 1195 1159 ·
1241 1128 1413 1183 κακία
1456 1127 1514 1181 δέ
1564 1128 1934 1199 ἐπαινουμένη

351 1212 447 1265 καὶ
484 1213 614 1282 παρ’
651 1210 832 1263 αὐτῶν
869 1210 980 1264 τῶν
1021 1209 1408 1282 ἐργαζομένων
1450 1211 1704 1282 ἐννόησον
1742 1210 1943 1281 ἡλίκην

351 1294 618 1364 λαμϐάνει
667 1286 768 1364 τῆς
832 1294 1078 1365 πονηρᾶς
1129 1294 1423 1363 ἐπιθυμίας
1491 1294 1829 1366 προσθήκην.
1880 1293 1942 1345 El

349 1378 464 1448 γὰρ
488 1375 843 1448 κακιζομένη,
888 1378 936 1430 εί
970 1377 1080 1448 γάρ
1107 1376 1460 1448 ὑϐριζομένη,
1496 1379 1544 1430 εί
1585 1374 1696 1447 γάρ
1724 1376 1945 1445 ἐλεγχο-

357 1458 519 1527 μένη,
543 1461 595 1511 εἰ
622 1457 733 1529 γάρ
774 1458 881 1512 ὑπὸ
919 1458 1016 1513 τοῦ
1053 1459 1396 1523 συνειδότοςι
1431 1458 1541 1513 τῶν
1589 1457 1944 1530 ὁπωσδήποτε

354 1541 638 1611 νηφόντων
695 1542 1103 1614 μαστιγουμένη
1125 1582 1141 1607 ,
1210 1541 1496 1613 ξαινομένη
1522 1580 1538 1606 ,
1605 1540 1944 1611 μισουμένη,

354 1623 529 1688 (λῦτως
582 1624 953 1695 ἀναισχύντως
1017 1625 1204 1691 ἀνθεῖ,
1259 1626 1353 1679 καὶ
1401 1625 1521 1678 καθ
1570 1625 1804 1694 εκάστην
1849 1621 1946 1677 αύ-

357 1706 512 1773 ξεται
556 1707 657 1778 τὴν
720 1706 932 1778 ἡμέραν
951 1723 965 1738 ·
1021 1709 1149 1762 ὅταν
1202 1708 1274 1780 μὴ
1340 1707 1500 1780 μόνον
1542 1706 1613 1762 τά
1666 1705 1946 1761 κωλύοντα

357 1788 531 1859 αὐτὴν
572 1789 649 1861 μὴ
698 1789 767 1864 ᾖ,
807 1785 918 1843 οἷον
964 1792 997 1862 ἡ
1041 1790 1370 1862 κατηγορία,
1421 1789 1517 1844 τοῦ
1581 1788 1876 1853 συνειδότος
1918 1805 1947 1842 ο

357 1869 605 1941 ἔλεγχος,
645 1870 707 1924 rb
735 1871 1200 1944 ἐπιλαμϐάνεσθαι
1230 1872 1340 1927 τῶν
1384 1872 1706 1945 γινομένων,
1738 1870 1800 1924 rb
1848 1887 1945 1942 με·

357 1955 571 2007 τανοεῖν
618 1956 676 2008 ἐν
719 1957 833 2020 τοῖς
886 1956 1314 2028 πραττομένοις,
1354 1957 1413 2010 rb
1466 1953 1854 2018 καταδύεσθαι,
1885 1953 1948 2007 rb

358 2035 829 2103 ἐγκαλύπτεσθαι,
880 2038 941 2093 rb
998 2038 1224 2102 στένειν,
1254 2039 1316 2092 rb
1360 2039 1596 2111 θρηνεῖν,
1646 2035 1785 2092 ἀλλά
1828 2036 1951 2090 τού-

359 2117 573 2171 ναντίον
602 2117 770 2184 ἅπαν,
818 2121 916 2174 καὶ
945 2121 1242 2175 ἐπαινῶσιν
1285 2123 1511 2184 ἐαυτοὺς
1540 2122 1591 2173 οἱ
1640 2117 1948 2190 ἐργαζόμεο

359 2216 462 2263 νοι,
505 2201 597 2255 καὶ
651 2201 907 2274 ἐγκώμια
946 2204 1154 2257 ἐαυτῶν
1185 2205 1472 2274 ύφαίνωσι,
1507 2204 1601 2257 καὶ
1638 2203 1746 2256 τῶν
1774 2202 1949 2258 ἄλλων

363 2281 603 2351 βελτίους
639 2286 784 2339 κατά
821 2285 979 2338 τοῦτο
1021 2284 1154 2340 αὐτὸ
1190 2282 1331 2341 εἶναι
1368 2284 1649 2357 νομίζωσι,
1681 2286 1776 2340 καὶ
1811 2286 1950 2354 μετά

358 2366 422 2418 rb
448 2366 656 2433 πρᾶξαι
694 2367 967 2421 ἐπαινῶσι
993 2369 1065 2423 τὰ
1089 2370 1432 2440 γεγενημένα
1461 2369 1641 2440 (τοῦτο
1665 2368 1777 2439 γάρ
1806 2370 1946 2431 ἐστι,

359 2448 472 2503 Καὶ
504 2451 659 2518 μετὰ
684 2451 874 2506 ταῦτα
909 2452 981 2505 ἐν
1017 2452 1099 2517 τῷ
1146 2455 1399 2522 στόματι
1460 2452 1660 2506 αὐτῶν
1694 2449 1951 2517 εὐδοκή-

360 2532 618 2605 σουσι)·
659 2533 763 2588 ποῦ
811 2534 913 2588 οὐκ
958 2534 1026 2588 ἂν
1065 2537 1424 2605 ἐκτραπείεν;
1477 2533 1634 2589 Οῦτω
1679 2535 1789 2606 γάρ
1843 2535 1949 2587 είσι

362 2616 746 2687 παραπλῆγες,
771 2616 917 2670 οῦτω
963 2617 1387 2689 παραπαίουσιν,
1415 2619 1491 2682 ὡς
1532 2619 1629 2673 καὶ
1671 2617 1812 2689 μετά
1849 2616 1948 2688 τὴν

363 2698 649 2770 πλήρωσιν
677 2699 778 2771 τῆς
814 2700 1131 2772 ἐπιθυμίας,
1170 2703 1259 2756 ὅτε
1303 2702 1539 2771 μάλιστα
1569 2700 1813 2773 ὁρῶντας
1849 2701 1950 2771 τὴν

363 2783 715 2853 παρανομίαν
740 2784 1088 2855 αἰσχύνεσθαι
1114 2784 1244 2849 ἔδει,
1274 2785 1626 2857 γαυροῦνται,
1652 2782 1948 2856 κορυφοῦνο

363 2880 487 2927 ται,
534 2864 859 2935 ἀρέσκονται
908 2864 987 2937 τῷ
1039 2869 1415 2939 γεγενημένῳ.
1464 2866 1714 2921 Τοιοῦτον
1766 2867 1875 2938 γὰρ
1917 2867 1951 2927 ἡ

371 2946 646 3018 ἁμαρτία·
674 2948 783 3018 πρὸ
814 2949 912 3020 μὲν
943 2948 1036 3002 τοῦ
1071 2950 1402 3023 πραχθῆναι,
1434 2949 1718 3013 συσκιάζει
1748 2948 1947 3019 ἐαυτῆς

372 3028 437 3080 rb
464 3028 715 3100 εἰδεχθὲς,
744 3033 809 3101 τῇ
853 3030 993 3104 μέθῃ
1022 3032 1125 3103 τῆς
1160 3033 1354 3104 ἡδονῆς
1394 3033 1819 3106 περιστέλλουσα
1853 3033 1951 3085 αύ-

372 3111 478 3181 τῆς
515 3111 577 3164 rb
629 3112 909 3186 βδελυρόν·
957 3116 1178 3170 ἐπειδὰν
1220 3116 1278 3170 δὲ
1324 3117 1579 3189 πραχθῇ,
1627 3116 1723 3171 καὶ
1768 3118 1801 3189 ή
1852 3115 1951 3187 μὲν

371 3195 532 3268 ήδονή
561 3195 662 3265 τῆς
694 3198 991 3269 ἐπιθυμίας
1031 3200 1173 3253 κατὰ
1207 3201 1403 3272 μικρὸν
1445 3201 1796 3272 ἀναχωρήσῃ,
1824 3201 1858 3270 ή
1896 3198 1952 3251 δὲ

369 3279 466 3332 τοῦ
507 3280 809 3345 συνειδότος
858 3283 1163 3353 κατηγορία
1208 3283 1433 3356 ἐπέλθῃ,
1481 3284 1721 3353 γυμνοὺς
1758 3279 1953 3353 μαστί-

370 3361 541 3426 ζουσα
569 3366 693 3427 τοὺς
726 3364 1048 3435 λογισμοὺς,
1076 3366 1199 3420 τότε
1237 3365 1472 3437 μάλιστα
1502 3366 1750 3436 φαίνεται
1780 3364 1953 3434 αὐτῆς

366 3446 433 3499 τὸ
457 3443 720 3518 βλαϐερόν
742 3447 791 3500 1³.
819 3443 977 3504 Οὗτοι
1003 3449 1060 3502 δὲ
1088 3451 1209 3503 ούδέ
1235 3450 1374 3521 μετά
1396 3451 1459 3503 τὸ
1493 3450 1811 3522 πληρῶσαι,
1838 3449 1951 3502 ἀλλ’

368 3529 502 3585 ὃταν
552 3529 702 3584 ἴδωσι
758 3531 850 3584 τὸν
901 3531 1130 3585 πλοῦτον
1181 3531 1530 3602 ὁγκωθέντα,
1577 3533 1706 3597 τοὺς
1750 3532 1954 3602 τάφους

371 3614 799 3685 ἐγηγερμένους,
820 3613 917 3677 τάς
942 3614 1175 3686 ματαίας
1198 3615 1487 3688 οἰκοδομὰς
1515 3617 1950 3688 ἀπηρτισμένας,

369 3697 491 3749 δέον
521 3697 643 3750 τότε
669 3697 800 3767 γοῦν
835 3701 1205 3770 κατανυγῆναι
1244 3702 1339 3753 καὶ
1383 3700 1657 3766 στενάξαι,
1691 3703 1740 3754 οί
1774 3701 1831 3753 δέ
1863 3703 1956 3755 καὶ

376 3779 521 3850 μετά
569 3780 765 3848 ταῦτα,
806 3782 948 3852 μετά
992 3782 1054 3835 rb
1088 3782 1270 3855 ἔργον,
1323 3784 1462 3854 μετά
1498 3783 1598 3853 τὴν
1650 3783 1952 3855 πλήρωσιν,

368 3863 497 3916 τότε
543 3863 624 3917 ἔτι
659 3865 924 3936 μειζόνως
950 3869 1219 3921 νοσοῦσιν.
1259 3867 1414 3920 Ἐπεὶ
1457 3864 1550 3920 οὖν
1583 3867 1653 3921 τά
1694 3869 1826 3938 παρ’
1856 3870 1956 3923 αύ-

373 3944 488 3999 τῶν
519 3947 747 4018 οίχεται,
772 3948 963 4003 ἐπεται
995 3950 1182 4004 λοιπὸν
1213 3949 1282 4004 τά
1313 3948 1467 4020 παρά
1499 3948 1596 4003 τοῦ
1623 3948 1778 4003 Θεοῦ.

456 4026 747 4103 θ’.Ὤσπερ
798 4033 910 4105 γὰρ
937 4035 988 4088 οί
1018 4034 1440 4105 κατακρίνοντες
1496 4034 1722 4097 ἑαυτοὺς
1759 4034 1843 4102 ἐφ’
1878 4027 1960 4097 οἷς

380 4112 781 4182 ἁμαρτάνουσι,
799 4116 1270 4188 προλαμϐάνοντες
1289 4114 1678 4188 ἀποκρούονται
1694 4115 1792 4186 τὴν
1812 4118 1961 4188 παρὰ

385 4194 483 4249 τοῦ
513 4196 647 4251 Θεοῦ
676 4197 872 4268 ψῆφον,
903 4202 1152 4272 καθάπερ
1181 4201 1276 4254 καὶ
1303 4199 1513 4264 Παῦλός
1545 4216 1733 4270 φησιν·
1756 4203 1826 4254 El
1849 4199 1962 4269 γὰρ

382 4277 640 4345 ἑαυτοὺς
672 4283 1007 4354 ἐκρίνομεν,
1039 4285 1149 4338 οὐκ
1194 4280 1270 4338 ἂν
1296 4282 1673 4353 ἐκρινόμεθα·
1705 4281 1877 4346 οὕτως
1913 4284 1962 4335 οί

376 4361 659 4427 νοσοῦντες
686 4366 1053 4438 ἀμετανόητα,
1081 4367 1174 4420 καὶ
1214 4366 1638 4438 ἁμαρτάνοντες,
1677 4365 1753 4438 μὴ
1795 4383 1963 4420 κατα-

379 4446 741 4515 γινώσκοντες
773 4449 831 4503 δὲ
855 4443 930 4504 ὧν
970 4449 1426 4522 ἐπλημμέλησαν,
1458 4450 1598 4522 μετά
1639 4449 1839 4521 πολλῆς
1865 4451 1965 4521 τῆς

386 4530 747 4603 σφοδρότητος
780 4534 1125 4588 ἐπισπῶνται
1164 4534 1262 4605 τὴν
1294 4534 1445 4606 παρά
1486 4533 1580 4588 τοῦ
1606 4533 1741 4588 Θεοῦ
1787 4552 1961 4606 τιμω-

385 4613 509 4684 ρίαν
537 4616 772 4680 ἐαυτοῖς.
810 4616 964 4671 Ἐπεὶ
1002 4612 1094 4671 οὖν
1126 4619 1220 4671 καὶ
1251 4612 1394 4672 οὗτοι
1421 4615 1454 4688 ἢ
1484 4618 1553 4672 τά
1583 4617 1840 4690 ἀλλότρια
1869 4619 1967 4691 ἀρ-

385 4697 672 4764 πὰζοντες,
702 4700 736 4771 ἢ
767 4699 837 4754 τά
867 4702 1043 4755 οίκεῖα
1078 4701 1254 4772 μάτην
1294 4702 1387 4754 καὶ
1430 4701 1556 4772 εικῆ
1597 4699 1962 4765 δαπανῶντες,

386 4783 534 4853 ἅπερ
564 4785 643 4848 εἰς
670 4784 911 4857 πένητας
938 4785 1251 4839 ἀναλίσκειν
1277 4784 1466 4856 ἐχρῆν,
1492 4787 1573 4848 είς
1608 4784 1834 4855 τάφους,
1870 4786 1966 4839 καὶ

388 4865 699 4936 σκώληκας,
735 4872 829 4924 καὶ
864 4870 1033 4942 σῆτας
1059 4868 1359 4936 δαπανῶσι,
1392 4870 1486 4923 καὶ
1514 4868 1574 4921 οὐ
1618 4868 1967 4940 μετανοοῦσιν

385 4951 484 5003 ἐπὶ
505 4951 613 5004 τῶν
636 4955 1019 5025 γεγενημένων
1044 4964 1093 5020 ο,
1123 4953 1262 5008 ἀλλά
1286 4951 1480 5006 ἀνίατα
1510 4951 1730 5023 μένουσι
1757 4951 1969 5006 νοσοῦν-

386 5059 501 5107 τες,
529 5044 758 5100 ἄκουσον
799 5049 851 5101 τί
890 5049 1096 5118 γίνεται
1135 5047 1340 5101 λοιπόν.
1374 5046 1440 5100 Τί
1479 5045 1543 5118 δὴ
1586 5042 1680 5101 οὖν
1722 5046 1966 5115 γίνεται;

388 5127 643 5198 Τιμωρίξι
667 5133 732 5202 τῇ
767 5132 918 5203 παρὰ
956 5131 1050 5184 τοῦ
1077 5131 1211 5185 Θεοῦ
1250 5130 1508 5185 δίδονται·
1539 5129 1618 5183 διὸ
1655 5131 1964 5202 ἐπήγαγεν·

391 5209 546 5284 [218]
586 5212 682 5281 Ὠς
719 5215 983 5282 πρόϐατα
1017 5215 1087 5268 ἐν
1126 5214 1240 5284 ᾄδῃ
1280 5213 1516 5269 ἔθεντο·
1551 5211 1807 5280 θάνατος
1839 5230 1971 5269 ποι-

387 5295 574 5365 μανεῖ
597 5299 851 5364 αὐτούς·
878 5299 939 5351 οὐ
971 5297 1034 5351 rb
1072 5297 1279 5369 ἥμερον
1312 5297 1545 5352 ἐνταῦθα
1579 5296 1667 5351 διά
1703 5299 1968 5369 ὀνόματος

388 5387 503 5441 τῶν
545 5387 833 5461 προϐάτων
879 5389 1053 5461 δηλῶν
1096 5389 1168 5460 (τί
1199 5388 1307 5462 γὰρ
1360 5389 1584 5445 ἐκείνων
1632 5388 1969 5464 ἀγριώτερον

389 5470 589 5539 γένοιτ’
640 5471 729 5538 ἀν,
778 5471 888 5526 τῶν
942 5471 1305 5545 παρορώντων
1361 5473 1462 5544 μὲν
1501 5472 1685 5544 γυμνά
1741 5472 1970 5546 σώματα

388 5556 662 5626 πενήτων,
702 5558 797 5612 καὶ
842 5557 1116 5630 γαστέρας
1159 5558 1464 5631 τηκομένας
1493 5557 1657 5631 λιμῷ,
1695 5559 1969 5615 καλλωπι-

452 5734 478 5793 ξ
509 5730 592 5780 Sic
614 5744 728 5781 mss.
751 5737 806 5782 et
823 5732 975 5782 Savil.
999 5731 1172 5783 Morel.
1197 5733 1291 5782 ἀπὸ
1317 5731 1404 5782 τοῦ
1436 5733 1721 5793 συνειδότος.

453 5790 488 5832 ³³
510 5794 660 5843 Savil.
686 5800 739 5843 et.
766 5795 849 5843 alii
869 5794 925 5842 rb
955 5795 1196 5857 βδελυρόν.

459 5864 485 5894 ο
520 5857 668 5907 Savil.
692 5862 746 5907 el
774 5869 899 5907 unus
920 5857 1027 5908 cod.
1063 5857 1136 5906 ἐπὶ
1156 5857 1257 5914 τοῖς
1272 5858 1609 5920 γεγενημένοις.

1453 427 1826 484 EXPOSITIO
1873 424 1939 481 IN
1977 422 2314 481 PSALMUM
2355 417 2585 478 XLVIII.

2046 543 2248 607 ζόντων
2273 541 2330 596 δέ
2369 542 2550 604 οἴκους
2581 537 2778 610 φθορᾷ,
2818 537 2914 591 καὶ
2960 532 3224 605 σκώληκι,
3271 535 3361 590 καὶ
3398 533 3616 605 σητί;)ο

2041 626 2178 681 ἀλλά
2204 626 2267 679 rb
2294 623 2515 678 εὔκολον
2559 621 2738 677 αὐτῶν
2773 620 2873 692 τῆς
2917 618 3225 683 ἀπωλείας,
3254 618 3355 689 τὴν
3403 618 3461 683 ἐξ
3494 619 3619 671 ἐπι-

2042 709 2248 780 δρομῆς
2299 704 2546 761 πανωλεθ
2554 705 2697 777 ρίαν,
2743 703 2806 757 rb
2855 701 3187 774 εὐχείρωτον
3224 702 3337 764 τοῖς
3394 698 3617 754 ἐπιϐου-

2042 790 2310 847 λεύουσιν.
2344 790 2507 845 Ούδὲν
2538 790 2646 860 γὰρ
2691 786 3078 857 ἀσθενέστερον
3118 780 3408 856 ἀνθρώπου
3451 780 3622 855 κακίᾳ

2047 874 2335 939 συζῶντος.
2363 874 2540 946 Ὅπερ
2576 872 2671 927 καὶ
2705 863 2855 925 οὗτοι
2883 868 3190 924 πείσονται·
3223 866 3317 921 καὶ
3345 864 3486 919 οὕτω
3516 882 3619 919 κα-

2047 967 2466 1037 τακοπήσονται,
2493 963 2663 1027 οὕτως
2696 961 3021 1016 ἀπολοῦνται
3073 958 3265 1030 ἄρδην,
3296 958 3389 1010 καὶ
3420 958 3501 1019 είς
3531 955 3623 1010 τὸν

2047 1048 2179 1122 ᾅδην
2212 1046 2600 1101 ἀπελεύσονται
2634 1046 2851 1118 ῥᾳδίως,
2877 1043 3133 1106 εὐκόλως,
3163 1040 3461 1122 συντόμως,
3488 1039 3623 1091 ἀπο-

2045 1119 2187 1202 νητὶ,
2211 1131 2410 1184 ὡσανεὶ
2431 1129 2678 1199 πρόϐατα
2697 1125 3169 1196 κατακοπτόμενα.
3183 1121 3352 1175 Τοῦτο
3372 1119 3620 1183 θάνατος,

2052 1215 2250 1286 μᾶλλον
2274 1215 2331 1267 δέ
2352 1216 2586 1285 πρᾶγμα
2620 1211 2848 1265 θανάτου
2880 1209 3013 1263 πολὺ
3039 1205 3444 1279 χαλεπώτερον.
3468 1203 3623 1258 Μετὰ

2047 1298 2154 1368 γὰρ
2169 1297 2268 1369 τὴν
2286 1297 2545 1366 τοιαύτην
2565 1294 2818 1366 τελευτὴν
2837 1291 3101 1357 ἀθάνατος
3116 1291 3311 1354 αὐτοὺς
3325 1288 3623 1353 διαδέξεται

2049 1379 2294 1448 θάνατος,
2309 1380 2397 1433 διά
2423 1379 2582 1432 τοῦτο
2595 1374 2828 1448 ούδαμοῦ
2854 1376 2933 1438 είς
2958 1375 3193 1437 κόλπους
3220 1370 3624 1444 ’Δϐραὰμ,ούδέ

2049 1465 2129 1526 εἰς
2151 1462 2278 1517 ἀλλο
2304 1461 2501 1533 χωρίον
2524 1459 2802 1530 φαίνονται
2826 1457 3096 1520 ἀπιόντες,
3117 1454 3231 1508 ἀλλ’
3249 1457 3327 1518 είς
3351 1454 3442 1506 τὸν
3469 1452 3623 1525 ᾅδην,

2048 1546 2110 1599 rb
2141 1545 2241 1617 τῆς
2279 1544 2569 1616 τιμωρίας,
2612 1544 2675 1597 rb
2706 1542 2806 1613 τῆς
2840 1541 3134 1604 κολάσεως,
3164 1540 3224 1593 rb
3255 1538 3355 1609 τῆς
3388 1536 3631 1590 πανωλε-

2051 1631 2210 1702 θρίας
2242 1631 2432 1700 ὄνομα.
2461 1628 2572 1682 Kal
2594 1630 2627 1698 ή
2652 1626 2885 1681 ἐνταῦθα
2924 1625 3099 1678 αὐτῶν
3126 1622 3350 1692 τελευτὴ
3383 1619 3626 1690 εὐτελὴς,

2051 1715 2147 1769 καὶ
2194 1712 2685 1784 εὐκαταφρόνητος,
2728 1711 2821 1763 καὶ
2848 1712 2881 1780 ἡ
2914 1710 3031 1761 ἐκεῖ
3077 1704 3323 1779 διατριϐὴ
3356 1704 3629 1768 κολάσεως

2050 1800 2314 1871 γέμουσα.
2358 1796 2516 1852 Οῦτω
2558 1796 2652 1849 καὶ
2686 1797 2820 1866 ἡμῖν
2861 1793 2983 1856 ἔθος
3012 1791 3196 1861 λέγειν
3233 1788 3495 1861 περὶτῶν
3538 1788 3632 1842 εύ-

2052 1888 2224 1950 κόλως
2267 1883 2689 1955 ἀπολλυμένων·
2733 1883 2824 1945 Ὠς
2860 1879 3128 1950 πρόϐατον
3154 1879 3181 1929 ὁ
3215 1877 3361 1930 δεῖνα
3391 1875 3629 1947 ἐσφάγη.

2066 1969 2284 2036 Ἐπειδὴ
2316 1968 2429 2039 γὰρ
2464 1968 2540 2030 ὡς
2589 1966 2758 2033 ἄλογα
2804 1963 2961 2029 ἔζων,
3012 1961 3110 2015 καὶ
3150 1961 3226 2025 ὼς
3261 1959 3430 2028 ἀλογα
3459 1958 3630 2012 ἀπόλ-

2051 2052 2260 2117 λυνται,
2283 2052 2384 2104 ούκ
2407 2050 2621 2121 ἔχοντες
2649 2048 2778 2120 περὶ
2806 2048 2918 2101 τῶν
2950 2044 3249 2117 μελλόντων
3282 2041 3470 2096 ἐλπίδα
3497 2057 3633 2113 χρη-

2055 2137 2220 2207 στήν·
2258 2134 2352 2187 καὶ
2380 2133 2442 2186 ού
2476 2130 2636 2186 τοῦτο
2674 2131 2854 2202 μόνον,
2897 2128 3012 2183 ἀλλ’
3061 2127 3145 2180 ὅτι
3177 2126 3273 2180 καὶ
3305 2125 3403 2178 ἐπὶ
3433 2121 3592 2194 κακῷ
3614 2138 3629 2154 ο

2055 2220 2321 2285 Θάνατος
2357 2214 2637 2287 ποιμανεῖ
2657 2215 2900 2279 αὐτούς.

2136 2302 2402 2358 Ἑνταῦθά
2449 2318 2539 2372 μοι
2579 2301 2674 2354 τὸν
2705 2298 2935 2352 θάνατον
2966 2295 3115 2349 δοκεῖ
3156 2292 3357 2362 λέγειν,
3394 2290 3493 2362 τὴν
3525 2290 3635 2372 ἀπς

2052 2387 2250 2442 ῶλειαν
2271 2386 2373 2457 τήν
2399 2370 2536 2447 ἐκεῖ,
2561 2383 2661 2455 τήν
2687 2380 2980 2452 τιμωρίαν,
3006 2376 3258 2447 καθάπερ
3279 2375 3374 2428 καὶ
3399 2370 3633 2457 ἀλλαχοῦ

2053 2487 2186 2543 φησι
2203 2487 2218 2502 ·
2269 2455 2447 2538 Ψυχὴ
2491 2467 2532 2535 ἠ
2582 2463 3038 2536 ἁμαρτάνουσα,
3085 2460 3238 2543 αὕτη
3283 2455 3593 2543 Momm
3610 2469 3631 2488 ·

2052 2537 2126 2607 δύ’
2139 2554 2243 2624 τὴν
2263 2537 2372 2606 τοῦ
2391 2547 2532 2605 εἶναι
2563 2548 2870 2619 ἀναίρεσιν,
2913 2543 3055 2599 ἀλλὰ
3089 2542 3188 2614 τὴν
3226 2537 3505 2624 τιμωρίαν
3530 2554 3636 2593 πα-

2056 2621 2322 2707 ραδηλῶν.
2374 2633 2487 2688 Καὶ
2519 2633 2784 2703 ἐπιμένει
2823 2633 2891 2702 τῇ
2943 2627 3223 2699 μεταφορᾷ
3269 2625 3367 2696 τῆς
3415 2621 3634 2707 λέξεως.

2065 2704 2282 2789 Ἐπειδὴ
2328 2716 2438 2787 γάρ
2470 2710 2594 2769 εἷπε
2627 2714 2896 2786 πρόϐατα,
2944 2710 3140 2776 ἔδειξεν
3192 2707 3369 2762 αὐτῶν
3396 2705 3498 2789 ,καὶ
3532 2704 3635 2789 ,τὸν

2054 2787 2308 2871 ποιμένα.
2324 2799 2421 2863 Τίς
2449 2798 2505 2852 δέ
2526 2789 2710 2861 οὖτοςς
2740 2797 2797 2849 Ὀ
2828 2792 3043 2862 σκώληξ
3065 2794 3096 2845 ὁ
3122 2791 3346 2853 ίοϐόλος,
3362 2787 3422 2841 rb
3447 2788 3635 2850 σκότος

2053 2883 2113 2938 rb
2151 2870 2527 2954 ἀτελεύτητον,
2551 2879 2622 2934 τά
2649 2879 2823 2950 δεσμά
2853 2877 2924 2931 τά
2951 2877 3142 2940 ἀλυτα,
3185 2877 3214 2929 ὁ
3254 2873 3496 2954 βρυγμὸς
3527 2870 3637 2926 τῶν

2053 2966 2301 3020 ὀδόντων.
2327 2965 2473 3037 Ὅρα
2497 2962 2674 3018 τοίνυν
2701 2962 2899 3025 αὐτοὺς
2927 2958 3190 3015 πάντοθεν
3214 2953 3634 3024 κολαζομένους.

2067 3050 2156 3104 Ἐν
2185 3051 2253 3120 τῇ
2286 3047 2421 3116 ζωῇ,
2445 3048 2527 3101 ὅτι
2562 3045 2700 3118 πρὸς
2731 3043 2930 3117 ἀρετὴν
2960 3040 3403 3111 ἐνεποδίσθησαν,
3428 3039 3509 3091 ὅτι
3538 3053 3639 3120 κα-

2054 3133 2179 3197 κίας
2208 3118 2456 3201 ἐγένοντο
2487 3128 2685 3193 δοῦλοι,
2729 3128 2825 3182 καὶ
2855 3125 3209 3197 αἰχμάλωτοι,
3236 3122 3331 3176 καὶ
3379 3118 3636 3191 περιττὸν

2054 3216 2328 3287 ἐπόνησαν
2369 3215 2529 3267 πόνον
2569 3213 2664 3266 καὶ
2709 3210 3141 3279 καταγέλαστον·
3176 3208 3234 3259 ἐν
3276 3207 3345 3276 τῇ
3385 3203 3634 3287 τελευτῇ,

2055 3302 2137 3354 ὃτι
2181 3283 2370 3362 ἀπλῶς
2410 3298 2504 3350 καὶ
2540 3297 2616 3360 ὼς
2660 3294 2850 3365 ἔτυχεν
2899 3292 3209 3348 ἀπώλοντο·
3250 3291 3308 3342 ἐν
3338 3286 3416 3360 τῷ
3460 3283 3642 3357 καιρῷ

2055 3381 2135 3455 τῷ
2174 3380 2316 3453 μετά
2358 3380 2457 3451 τὴν
2488 3379 2767 3450 τελευτὴν,
2793 3379 2876 3431 ὅτι
2907 3374 3198 3439 διαπαντὸς
3246 3372 3357 3427 ύπδ
3389 3371 3490 3442 τῆς
3532 3370 3638 3455 ἀπο

2057 3450 2253 3528 ωλείας
2285 3450 2622 3534 κατέχονται.
2665 3461 2776 3517 Καὶ
2824 3458 3403 3527 κατακυριεύσουσιν
3440 3450 3642 3508 αὐτῶν

2058 3551 2114 3603 οἱ
2138 3548 2332 3615 εὐθεῖς
2372 3546 2440 3601 τὸ
2475 3545 2644 3615 πρωΐ.
2689 3542 2906 3614 Ἐπειδὴ
2932 3541 3117 3596 πολλοὶ
3148 3539 3256 3594 τῶν
3296 3536 3637 3609 παχυτέρων,

2059 3634 2155 3686 καὶ
2186 3630 2322 3703 πρὸς
2348 3628 2701 3700 ἀναισθησίαν
2726 3626 2887 3681 λίθων
2912 3624 3311 3695 ἐκϐεϐηκὸτων,
3335 3622 3436 3675 οὐκ
3459 3619 3639 3703 ἔχουσι

2060 3717 2190 3789 περὶ
2229 3701 2336 3768 τῶν
2370 3712 2669 3785 μελλόντων
2701 3711 2895 3764 ἐλπίδα
2937 3709 3108 3779 σαφῆ,
3138 3707 3265 3761 οὔτε
3295 3701 3642 3789 τετρανωμέξ

2060 3785 2177 3870 νην,
2221 3797 2356 3852 ἀλλά
2404 3797 2540 3869 πρὸς
2577 3795 2645 3849 τὰ
2688 3795 2930 3868 παρόντα
2969 3793 3232 3864 κεχήνασι
3263 3790 3358 3844 καὶ¹
3399 3786 3536 3859 πρὸς
3572 3785 3641 3840 τὰ

2060 3881 2332 3954 ὁρώμενα,
2380 3879 2750 3949 καταπλήττει
2796 3877 2923 3939 τοὺς
2960 3873 3235 3936 τοιούτους
3297 3874 3639 3939 αἰνιγματω-

2062 3953 2188 4030 δῶς.
2217 3962 2350 4019 Εἶτα
2377 3964 2464 4018 διὰ
2509 3959 2812 4034 βραχέωνά
2855 3961 2923 4013 τά
2974 3958 3234 4030 μέλλοντα
3272 3953 3634 4034 αἰνιξάμενος,

2064 4050 2225 4104 πάλιν
2258 4048 2351 4101 ἐπὶ
2382 4047 2482 4118 τὴν
2511 4032 2570 4100 ἐν
2601 4032 2680 4116 τῷ
2722 4044 2949 4115 παρόντι
2998 4041 3099 4113 βίῳ
3140 4037 3430 4110 γινομένην
3459 4032 3640 4118 αὐτῶν

2064 4133 2338 4188 εὐτέλειαν
2364 4116 2459 4184 καὶ
2482 4128 2747 4200 τιμωρίαν
2774 4125 3091 4198 μετατίθησι
3111 4123 3201 4177 τὸν
3225 4121 3401 4189 λόγον,
3427 4116 3640 4177 δεικνὺς

2065 4215 2245 4272 αὐτῶν
2274 4214 2337 4268 rb
2381 4211 2634 4274 ἀσθενὲς,
2664 4210 2725 4263 rb
2772 4208 3007 4272 εὐτελὲς,
3052 4206 3115 4261 rb
3145 4202 3639 4273 εὐκαταφρόνητον,

2066 4299 2162 4355 καὶ
2187 4299 2268 4353 ὅτι
2293 4296 2399 4351 κᾶν
2437 4293 2695 4367 μυριάκις
2737 4291 3030 4355 πλουτῶσι,
3065 4289 3170 4343 κᾶν
3198 4283 3513 4342 δυναστείαν
3540 4277 3642 4337 ὦσι

2069 4366 2554 4455 περιϐεϐλημένοι,
2606 4378 2663 4430 ιν
2706 4375 2859 4441 τάξει
2908 4373 3109 4428 δούλων
3154 4373 3249 4427 και
3295 4366 3645 4455 ἀνδραπόδων

2069 4451 2179 4530 rei};
2203 4451 2404 4536 ἀρετήν
2440 4459 2713 4532 μετιοῦσίν
2751 4460 2909 4513 εἰσιν.
2949 4457 3041 4511 Διό
3068 4473 3222 4529 φησι,
3251 4451 3646 4520 Κατακυριεύ-

2070 4564 2294 4605 σουσιν
2318 4544 2517 4601 αὐτῶν
2536 4546 2591 4599 οι
2612 4543 2805 4610 εὐθεῖς
2827 4543 2894 4596 τὸ
2920 4542 3090 4610 πρωῒ,
3120 4538 3383 4601 τουτέστι,
3410 4536 3645 4608 ταχέως,

2069 4631 2355 4704 διηνεκῶς,
2384 4630 2480 4683 καὶ
2518 4627 2639 4682 ούδέ
2687 4626 2881 4698 χρόνου
2930 4626 3248 4697 δεήσονται,
3288 4621 3409 4677 ούδέ
3456 4620 3643 4684 πόνου,

2071 4717 2192 4772 ούδέ
2229 4711 2538 4786 μελλήσεως
2566 4729 2731 4775 τινος.
2770 4708 3005 4782 Τοιαύτη
3037 4708 3144 4780 γὰρ
3179 4710 3214 4781 ἡ
3243 4706 3352 4762 τῶν
3388 4704 3646 4778 πραγμάρ

2070 4818 2178 4856 των
2212 4797 2396 4869 φύσις,
2426 4798 2492 4867 τῇ
2525 4796 2694 4868 ἀρετῇ
2724 4794 2821 4866 τὴν
2854 4794 3051 4847 κακίαν
3081 4790 3373 4858 δουλεύειν,
3400 4790 3496 4844 καὶ
3518 4786 3645 4859 τρέ-

2074 4901 2195 4955 μειν
2218 4881 2406 4953 αὐτὴν,
2436 4880 2532 4934 καὶ
2563 4878 2854 4933 δεδοικέναι
2874 4892 2916 4943 ο,
2948 4877 3050 4931 κᾶν
3079 4875 3245 4948 μυρία
3265 4873 3646 4955 ἐπιτρίμματα

2071 4951 2213 5037 αὕτη
2243 4951 2364 5037 έχῃᾷ
2394 4963 2488 5017 καὶ
2527 4956 2677 5034 [219]
2715 4961 2912 5024 πολλὰς
2944 4960 3041 5024 τάς
3085 4956 3427 5028 ὑπογραφάς,
3458 4951 3647 5037 ἐκείνη

2071 5052 2129 5106 δέ
2403 5046 2473 5123 ᾖ,
2524 5046 2648 5101 καθ’
2688 5047 2887 5120 ἐαυτὴν
2936 5043 3331 5116 ἀγωνιζομένη.
3381 5038 3492 5094 Καὶ
3536 5034 3643 5123 μὴν

2071 5135 2378 5193 τούναντίον
2402 5121 2640 5205 δρῶμεν,
2674 5135 2828 5204 φησὶ,
2870 5130 3089 5193 τούτους
3124 5128 3346 5182 ἐκείνων
3379 5121 3648 5196 κρατοῦν-

2071 5238 2190 5285 τας.
2228 5217 2395 5272 Ἅλλά
2434 5216 2509 5288 μὴ
2537 5217 2599 5270 rb
2628 5215 2848 5286 σφάλμα
2879 5214 2980 5285 τῆς
3022 5211 3132 5265 τῶν
3165 5207 3376 5265 πολλῶν
3404 5206 3647 5270 διανοίας

2076 5305 2307 5377 ῐδωμεν·
2339 5300 2495 5354 τοῦτο
2523 5299 2633 5373 γὰρ
2682 5296 3104 5370 πεπλανημένης
3155 5290 3479 5377 ὑπολήψεώς
3527 5292 3649 5377 ἐστι

2073 5375 2250 5462 ψῆιρος
2268 5405 2282 5419 ·
2317 5385 2432 5440 ἀλλ’
2455 5386 2625 5457 αὐτὴν
2647 5384 2756 5438 τῶν
2780 5382 3121 5455 πραγμάτων
3141 5380 3242 5451 τὴν
3268 5376 3435 5449 ὀρθὴν
3464 5375 3651 5462 κρίσιν

2074 5461 2561 5543 διευκρινήσωμεν,
2597 5470 2690 5523 καὶ
2722 5468 2843 5538 ὕψει
2888 5465 3076 5520 τοῦτον
3105 5463 3409 5536 κρατοῦντα
3437 5463 3528 5518 τὸν
3558 5461 3647 5516 λό-

2075 5574 2191 5628 γον.
2225 5555 2408 5608 Ἔστω
2435 5552 2544 5625 γάρ
2583 5570 2668 5617 τις
2708 5551 2939 5623 πονηρὸς
2965 5547 3263 5619 δεσπότης,
3303 5548 3398 5602 καὶ
3429 5546 3649 5616 οίκέτης

2140 5725 2165 5764 d
2195 5724 2277 5776 Sic
2299 5737 2413 5775 mss.
2439 5728 2490 5775 et
2513 5723 2685 5780 Savil.,
2706 5720 2877 5770 Morel.
2906 5733 3023 5770 vero
3047 5720 3129 5769 καὶ
3158 5719 3241 5782 διιίιΔ
3260 5718 3494 5782 βραχέων.

2145 5808 2169 5836 ο
2198 5790 2314 5839 Post
2352 5788 2612 5836 δεδοικέναι
2644 5779 2802 5848 Morel
2848 5784 2984 5836 addit.
3010 5779 3381 5848 παρεσκεύασεν,
3400 5792 3512 5841 qua!
3552 5787 3650 5827 vos

2080 5866 2181 5906 non
2206 5858 2284 5902 est
2304 5849 2355 5902 in
2375 5862 2490 5900 mss.
2515 5861 2608 5900 nec
2639 5846 2689 5899 in
2716 5849 2864 5901 Sav-J.
3083 5846 3091 5848 “
3528 5878 3543 5885 -
