4086 6268
481 545 748 621 χρηστός·
810 545 1011 618 μᾶλλον
1043 546 1120 612 δέ,
1168 547 1216 600 εί
1249 545 1458 618 βούλει,
1507 546 1591 613 ἐφ’
1637 546 1822 616 ἕτερον
1873 544 2057 617 μεῖζον

485 632 794 705 ὑπόδειγμα
819 633 908 687 τὸν
930 633 1087 703 λόγον
1113 635 1402 704 ἀνάγωμεν
1422 651 1436 664 ·
1470 634 1652 687 Ἔστω
1677 633 1929 704 βασιλεὺς
1964 649 2062 686 πο-

483 722 671 794 νηρός,
699 724 796 776 καὶ⁵
831 722 1046 794 ίδιιίηης
1073 723 1327 795 χρηστὸς,
1355 723 1555 793 ἴδωμεν
1585 723 1668 786 τίς
1695 722 1838 785 τίνος
1873 721 2064 792 κύριός

483 813 620 874 ἐστι,
650 811 744 864 καὶ
792 809 895 864 ποῦ
944 811 1012 865 τὰ
1045 811 1143 883 τῆς
1175 811 1490 874 δεσποτείας
1532 809 1862 880 διαλάμπει·
1906 809 1994 872 τίς
2033 809 2064 864 6

482 897 726 966 κρατῶν,
779 899 872 952 καὶ
922 897 1006 960 τίς
1053 899 1082 951 6
1138 896 1529 969 κρατούμενος.
1586 897 1710 961 Πῶς
1772 891 1865 951 οὖν
1919 895 2064 949 είσόυ

485 983 624 1053 μεθα
653 983 843 1051 10610;
880 985 1246 1040 Ἐπιταττέτω
1282 984 1359 1056 τῷ
1394 985 1578 1058 ἰδιώτῃ
1619 987 1646 1038 6
1682 984 1935 1054 βασιλεὺς
1966 1000 2063 1038 πο-

481 1070 645 1143 νηρόν
686 1089 740 1126 τι
781 1074 1014 1144 πρᾶγμα
1059 1073 1156 1126 καὶ
1204 1072 1581 1144 πλημμελείας
1621 1072 1820 1141 γέμον·
1871 1071 1924 1125 τί
1967 1067 2062 1125 οὐν

479 1162 510 1214 6
549 1159 785 1232 χρηστὸς
826 1159 1039 1231 ἰδιώτης
1083 1161 1178 1214 καὶ
1209 1161 1478 1232 ὑπήκοοςς
1511 1159 1584 1213 Οὐ
1634 1160 1792 1228 μόνον
1836 1159 1937 1213 οὐκ
1983 1158 2062 1212 εί-

487 1245 589 1312 ξει,
612 1246 731 1301 οὐδέ
763 1247 1148 1311 ὑπακούσεται,
1176 1247 1312 1301 ἀλλά
1345 1247 1663 1318 πειράσεται
1695 1247 1790 1300 καὶ
1821 1247 1911 1301 τὸν
1941 1247 2061 1300 ἐπι-

478 1333 741 1387 τάττοντα
788 1335 1099 1404 ἀπαγαγεῖν
1131 1334 1224 1388 τοῦ
1281 1333 1668 1406 προκειμένου,
1701 1334 1808 1388 κάν
1854 1333 2060 1388 ἀποθα-

478 1423 589 1474 νεῖν
617 1420 732 1494 δέῃ.
761 1422 857 1486 Τίς
881 1416 974 1477 οὖν
1012 1422 1323 1494 ἐλεύθερος;
1359 1423 1388 1475 6
1421 1421 1588 1475 ποιῶν
1613 1421 1640 1474 6
1670 1421 1937 1492 βούλεται,
1967 1421 2060 1475 καὶ

480 1504 615 1574 μηδὲ
644 1507 736 1558 τὸν
772 1505 1001 1574 βασιλέα
1030 1505 1317 1570 δεδοικώς·
1352 1505 1385 1576 ἢ
1427 1508 1455 1560 6
1503 1505 1656 1576 παρά
1690 1504 1786 1559 τοῦ
1819 1504 2060 1576 ὑπηκόου

477 1591 1030 1663 καταφρονούμενος;
1072 1594 1185 1647 Καὶ
1233 1595 1319 1647 ἵνα
1375 1594 1448 1665 μὴ
1491 1595 1583 1647 ἐπὶ
1620 1593 2062 1664 παραδείγματος

473 1678 774 1751 ἀδιορίστου
816 1681 908 1733 τὸν
957 1680 1115 1749 λόγον
1154 1681 1582 1752 προαγάγωμεν,
1631 1682 1664 1752 ἡ
1709 1679 1804 1735 τοῦ
1858 1681 2059 1734 Πεντε-

475 1768 588 1840 φρῆ
628 1766 766 1838 γυνὴ
794 1771 828 1839 ἠ
865 1767 1140 1836 Αἰγυπτία
1172 1769 1293 1839 οὐχὶ
1339 1768 1547 1838 βασιλὶς
1572 1763 1680 1838 ἦν;
1727 1769 1848 1839 οὐχὶ
1881 1769 2061 1838 πάσης

477 1855 752 1924 Αἰγύπτου
798 1855 1050 1927 ἐκράτεις
1100 1857 1222 1926 οὐχὶ
1253 1855 1502 1910 σύνοικον
1542 1852 1653 1928 εἶχε
1689 1856 1956 1927 βασιλέα;
1998 1857 2060 1910 οὐ

477 1942 677 2014 πολλὴν
709 1942 1096 2015 περιεϐάλλετο
1122 1941 1472 2009 δυναστείαν;
1502 1943 1567 1996 Τί
1597 1943 1654 1997 δέ
1676 1944 1705 1996 6
1734 1944 1963 2015 ’Ῑωσήφς
1998 1944 2059 1996 οὐ

477 2030 690 2096 δοῦλοςς
731 2032 831 2084 οὐκ
860 2031 1233 2101 αἰχμάλωτος;
1261 2030 1360 2088 οὐκ
1391 2029 1780 2102 ἀργυρώνητος
1810 2031 2058 2103 οίκέτης;

475 2118 536 2170 οὐ
589 2119 727 2189 μετά
781 2119 961 2188 πάσης
1005 2118 1106 2189 τῆς
1157 2116 1522 2189 παρατάξεως
1568 2118 1737 2188 αὐτῆς
1784 2117 2062 2172 ὡπλίσατο

476 2205 619 2259 κατά
645 2205 739 2259 τοῦ
777 2204 1078 2272 νεανίσκου,
1110 2207 1208 2277 οὐχ
1239 2205 1410 2277 ἑτέρῳ
1452 2205 1543 2258 τὸν
1596 2205 1832 2276 πόλεμον
1879 2207 2060 2277 ἐγχει-

478 2295 710 2366 ρίσασα,
757 2295 872 2350 ἀλλ’
916 2295 1053 2368 αὐτὴ
1089 2297 1225 2368 πρὸς
1277 2297 1376 2369 τὴν
1426 2294 1731 2367 παράταξιν
1783 2295 2052 2365 ἐλθοῦσας

475 2381 573 2446 Τίς
616 2379 710 2439 οὖν
742 2385 800 2438 ἐν
825 2384 1043 2456 δουλείᾳ
1074 2385 1194 2438 τότε
1228 2381 1319 2457 ἦν,
1360 2386 1444 2449 τίς
1477 2385 1533 2438 δέ
1563 2387 1622 2438 ἐν
1666 2384 1986 2458 ἐλευθερίας
2024 2386 2058 2458 ή

475 2469 721 2542 δεομένη,
751 2474 845 2526 καὶ
877 2471 1292 2544 παρακαλοῦσα,
1315 2475 1410 2526 καὶ
1441 2472 1780 2537 ἱκετεύουσα,
1815 2475 1911 2527 καὶ
1940 2474 2061 2528 οὐδὲ

477 2560 796 2631 ἀνθρώπου,
843 2561 980 2615 ἀλλά
1032 2563 1402 2634 πονηροτάτου
1457 2563 1666 2628 πάθους
1718 2564 2063 2636 αἰχμάλωτος

475 2647 741 2720 γενομένη
758 2665 771 2678 ·
803 2648 836 2720 ἢ
865 2650 893 2702 6
918 2649 1277 2721 καταφρονῶν
1303 2652 1398 2705 καὶ
1426 2650 1778 2722 διαδήματος,
1809 2651 1908 2705 καὶ
1938 2653 2064 2724 σκή-

476 2752 669 2806 πτρου,
700 2736 791 2790 καὶ
824 2735 1160 2807 ἀλουργίδος,
1209 2739 1304 2790 καὶ
1349 2737 1450 2807 τῆς
1501 2739 1800 2806 φαντασίας
1846 2739 2064 2809 ἐκείνης

475 2823 713 2894 ἀπάσης,
743 2823 838 2877 καὶ
865 2824 1187 2879 ἀνακόπτων
1218 2825 1387 2894 αὐτῆς
1411 2826 1479 2879 τὰ
1516 2828 1920 2897 μηχανήματα;
1951 2827 2064 2898 Οὐχ

475 2912 510 2981 ἡ
560 2912 657 2981 μὲν
709 2911 927 2982 ἀπῆλθε
972 2912 1488 2983 παρακρουσθεῖσα,
1538 2915 1632 2966 καὶ
1682 2913 1852 2986 ἑτέρῳ
1901 2914 2064 2969 πάλιν

475 3000 638 3054 πάθει
668 2999 934 3071 γενομένη
964 3001 1150 3072 δούλη,
1185 3000 1262 3072 τῷ
1293 3001 1448 3073 θυμῷ
1481 3001 1558 3072 τῷ
1586 3002 1786 3072 ἀλόγῳ,
1822 3006 1886 3074 τῇ
1919 3021 2066 3074 μιαι-

476 3087 670 3158 φονίᾳ·
705 3090 734 3142 6
760 3088 818 3142 δὲ
847 3087 1039 3159 ἐξῆλθε
1081 3089 1311 3160 μυρίους
1357 3091 1655 3158 στεφάνους
1693 3092 1785 3143 ἐπὶ
1824 3090 1925 3160 τῆς
1967 3108 2063 3145 κε-

478 3176 660 3247 φαλῆς
685 3175 844 3248 έχων,
875 3177 971 3231 καὶ
1010 3176 1068 3230 ἐν
1099 3177 1236 3248 αὐτῇ
1267 3179 1333 3248 τῇ
1364 3176 1578 3248 δουλείᾳ
1621 3177 1719 3248 τὴν
1751 3177 2063 3252 ἐλευθερίαν

478 3261 744 3335 μειζόνως
767 3264 1177 3335 διαλάμπουσαν
1209 3264 1423 3327 δεικνύς
1445 3280 1459 3330 ;

551 3372 604 3426 ι’.
625 3373 793 3428 υύδέν
810 3373 920 3445 γὰρ
943 3373 1114 3439 οὐτως
1141 3373 1426 3446 ἐλεύθερον
1445 3374 1525 3438 ὡς
1545 3374 1734 3446 ἀρετὴ,
1750 3375 1903 3429 οὐδὲν
1921 3375 2064 3429 οὕτω

477 3459 660 3514 δοῦλον
693 3461 771 3524 ὡς
809 3462 999 3519 κακία.
1039 3461 1138 3516 Διά
1179 3461 1339 3515 τοῦτο
1368 3463 1463 3516 καὶ
1505 3462 1739 3532 ἀλλαχοῦ
1775 3465 1908 3534 φησί
1947 3481 2060 3528 τις·

479 3547 678 3616 Σοφὸς
732 3548 964 3616 οἰκέτης
1019 3551 1308 3618 κρατήσει
1375 3549 1690 3604 δεσποτῶν·
1763 3551 2059 3621 ἀφρόνων.

483 3638 699 3708 ’Ὠσπερ
726 3638 837 3707 γάρ
894 3637 1258 3709 αἰχμάλωτος,
1311 3640 1416 3693 κάν
1465 3641 1656 3711 μυρίον
1685 3641 1785 3713 ἔχῃ
1811 3642 2060 3710 πλοῦτον,

477 3726 545 3780 δι’
579 3726 710 3780 αὐτὸ
759 3726 917 3780 τοῦτο
962 3725 1195 3796 μάλιστα
1223 3727 1389 3781 πᾶσίν
1415 3729 1564 3781 ἐστιν
1596 3729 1885 3793 εὐάλωτος·
1920 3729 2062 3784 οὕτω

479 3818 575 3873 καὶ
605 3821 633 3872 ό
667 3818 772 3872 ὑπὸ
802 3817 914 3872 τῶν
957 3818 1146 3872 παθῶν
1185 3819 1558 3892 ἁλισκόμενος,
1619 3821 1863 3892 ἀράχνης
1916 3822 2062 3874 ἐστὶν

480 3911 876 3981 εὐτελέστερος.
908 3910 973 3964 Τί
998 3911 1054 3964 δέ
1076 3913 1132 3964 ἐν
1161 3911 1416 3983 πολέμῳ;
1447 3913 1568 3982 οὐχὶ
1592 3912 1816 3976 τούτους
1845 3912 2064 3985 ὁρῶμεν

481 4001 846 4073 κρατοῦνταςς
879 4000 1027 4054 Τίδέ
1054 4001 1112 4054 ἐν
1150 4001 1440 4072 πράγμασι
1478 4003 1572 4056 καὶ
1611 4003 1858 4072 βουλαϊς;
1891 4004 1952 4056 οὐ
1993 4003 2062 4058 τά

477 4092 681 4146 τούτων
704 4091 925 4163 ἔστηκε,
953 4092 1057 4147 κᾶν
1091 4093 1277 4163 μηδεὶς
1319 4095 1347 4146 6
1377 4093 1698 4164 πειθόμενος
1726 4092 1792 4168 ᾖς
1827 4095 1893 4148 Τί
1921 4095 1980 4149 δὲ
2001 4098 2062 4151 ἐν

477 4187 592 4248 τοῖς
621 4183 758 4256 μετά
787 4185 992 4250 ταῦτα;
1024 4185 1121 4256 οὐχ
1152 4186 1180 4237 6
1203 4185 1301 4255 μὲν
1323 4184 1596 4249 πλούσιος,
1617 4187 1867 4258 καθάπερ
1897 4205 2064 4260 προσ-

480 4275 657 4346 αίτης,
699 4274 933 4343 σταγόνα
963 4275 1105 4346 ᾔτει,
1136 4275 1230 4328 καὶ
1268 4275 1369 4328 οὐκ
1398 4275 1796 4345 ἐπετύγχανεν;
1821 4278 1850 4329 ό
1873 4277 1932 4331 δέ
1965 4278 2064 4331 πέο

481 4381 600 4435 νης,
627 4363 812 4435 ἐπειδὴ
852 4366 1139 4429 σπουδαῖος
1166 4365 1262 4419 καὶ
1298 4366 1550 4436 ἐνάρετος
1574 4362 1662 4436 ἦν,
1692 4367 1792 4419 οὐκ
1820 4367 1879 4421 ἐν
1907 4369 2062 4438 μεγί-

485 4471 588 4527 στῃ
605 4457 880 4529 εὐπραγίᾳ
901 4453 1104 4528 ἦν,τὴν
1133 4458 1301 4530 αὐτὴν
1334 4459 1413 4530 τῷ
1442 4459 1693 4530 Ἀϐραὰμ
1714 4457 1866 4530 λῆξιν
1891 4461 2058 4532 ἐχων;

480 4542 639 4616 [220]
666 4545 731 4597 Τί
763 4544 819 4597 δὲ
846 4545 939 4597 ἐπὶ
987 4545 1094 4598 τῶν
1141 4547 1484 4613 ἀποστόλων;
1534 4547 1653 4619 οὐχὶ
1679 4547 2058 4619 δεσμούμενοι,

486 4634 928 4702 μαστιγούμενοι,
985 4632 1154 4702 μυρία
1199 4634 1499 4703 πάσχοντες
1531 4634 1699 4699 δεινὰ,
1736 4636 1846 4690 τῶν
1889 4638 2061 4693 ταῦτα

486 4717 782 4773 ποιούντων
808 4719 1205 4790 περιεγίνοντο;
1240 4721 1519 4791 Ἐννόησον
1551 4721 1682 4790 γοῦν
1701 4725 1780 4787 είς
1806 4725 1937 4796 ὅσην
1964 4725 2063 4780 αὐ-

483 4807 611 4870 τοὺς
649 4805 881 4875 ἀπορίαν
911 4805 1186 4871 ἐνέϐαλον,
1205 4806 1280 4869 ὡς
1301 4807 1540 4871 ἐκείνους
1579 4807 1775 4878 λέγειν·
1811 4811 1872 4864 Tl
1891 4812 2060 4879 ποιή-

480 4911 675 4966 σομεν
694 4893 820 4961 τοῖς
847 4893 1180 4962 ἀνθρώποις
1209 4895 1474 4962 τούτοις;
1509 4896 1703 4949 Καίτοι
1742 4896 2060 4968 δεδεμένους

482 4977 651 5054 εἶχον,
677 4982 771 5035 καὶ
796 4982 854 5034 ἐν
882 4985 1032 5053 μέσῳ
1056 4981 1420 5052 δικαστηρίων
1459 4983 1938 5055 συνειλημμένους·
1963 4988 2060 5042 καὶ

477 5071 532 5123 οἱ
575 5071 675 5141 μὲν
717 5071 776 5125 ἐν
801 5069 952 5133 τάξει
1000 5069 1290 5132 δικαστῶν,
1347 5070 1441 5122 καὶ
1486 5071 1785 5140 ἀρχόντων,
1820 5075 1870 5126 οί
1906 5075 1964 5128 δὲ
2002 5079 2059 5130 ἐν

479 5157 633 5225 τάξει
664 5158 1030 5229 δικαζομένων
1054 5155 1421 5226 εἱστήκεισαν,
1454 5157 1569 5210 ἀλλ’
1595 5158 1744 5228 ὅμως
1775 5155 1921 5214 οὗτοι
1945 5163 2061 5217 τού-

479 5264 588 5301 των
617 5247 948 5319 ἐκράτησαν.
971 5245 1081 5299 Καὶ
1110 5243 1404 5314 πανταχοῦ,
1431 5245 1485 5298 εί
1507 5263 1591 5310 τις
1621 5246 1758 5316 μετά
1775 5248 2059 5320 ἀκριϐείας

481 5335 686 5400 ἐπεξίοι
734 5333 814 5405 τῷ
845 5333 1007 5404 λόγῳ,
1034 5331 1125 5385 τὸν
1179 5332 1429 5403 ἐνάρετον
1466 5331 1653 5402 όψεται
1695 5335 1788 5389 τοῦ
1818 5339 2055 5413 πονηροῦ

481 5422 810 5494 κρατοῦντα,
863 5423 964 5492 τὴν
1007 5419 1214 5491 κυρίως
1248 5431 1274 5460 ι
1320 5421 1605 5492 κράτησιν,
1637 5422 1698 5476 οὐ
1733 5423 1932 5497 ταύτην
1958 5429 2061 5499 τὴν

481 5509 590 5564 τῶν
621 5509 830 5564 πολλῶν
864 5509 960 5563 καὶ
987 5507 1189 5580 ψευδῆ,
1224 5509 1322 5578 τὴν
1361 5509 1786 5584 πεπλανημένην
1819 5513 1914 5566 καὶ
1961 5517 2060 5587 ρᾳ-

478 5596 609 5662 δῐως
649 5596 1048 5668 ἐλεγχομένην,
1085 5596 1200 5650 ἀλλ’
1229 5595 1444 5668 ἐκείνην
1482 5597 1583 5670 τὴν
1615 5603 1930 5670 πεπηγυῖαν
1966 5604 2059 5656 καὶ

478 5685 757 5756 ἀκίνητον.
787 5685 898 5738 Καὶ
929 5686 967 5753 ἡ
988 5685 1241 5754 ,βοήθεια
1253 5685 1450 5740 αὐτῶν
1475 5689 1955 5758 παν-ίαιωθιξσεται
1988 5692 2060 5746 ἐν

543 5868 572 5897 ⁸·
595 5867 679 5918 Sic
701 5870 840 5916 recte
858 5878 971 5916 mss.
999 5871 1053 5916 et
1077 5866 1225 5917 Savil.
1252 5867 1422 5920 Morel.
1445 5871 1623 5936 κυρίαν.

1121 431 1180 492 S.
1219 430 1504 488 JOANNIS
1539 426 2032 487 CHRYSOSTOMI
2070 429 2393 488 ARCHIEP.
2433 435 2979 494 CONSTANTINOP.

3625 430 3740 487 238

2165 545 2244 612 τῷ
2273 547 2412 618 ᾅδῃ·
2459 553 2754 617 τουτέστιν,
2807 553 3115 621 ἀσθενήσει.
3164 552 3229 603 Ὀ
3270 549 3327 602 δέ
3359 548 3528 616 λέγει,
3586 545 3742 599 τοῦτό

2163 637 2335 706 ἐστιν·
2363 637 2437 692 Οὐ
2466 639 2626 710 μόνον
2649 641 2883 695 ἐνταῦθα
2906 641 3220 712 εὐχείρωτοι
3248 638 3482 701 ἔσονται,
3512 634 3740 706 μηδενὸς

2162 723 2482 793 άμύνοντος,
2534 725 2759 798 μηδενὸς
2788 731 2947 800 χεῖρα
2989 728 3296 800 ὀρέγοντος,
3341 726 3476 779 πᾶσι
3512 721 3741 793 προκεί-

2167 828 2338 881 μενοι,
2395 813 2530 869 ἀλλά
2559 814 2653 868 καὶ
2699 816 2760 868 16
2810 805 3210 886 χαλεπώτερον,
3243 814 3364 866 οὐδὲ
3396 814 3522 864 ἐκεῖ
3556 807 3745 872 ἕξουσί·

2160 914 2282 952 τινα
2310 899 2404 951 τὸν
2448 902 2878 972 παριστάμενον,
2932 905 3027 956 καὶ
3069 899 3391 972 βοηθοῦντα,
3446 897 3542 951 καὶ
3582 898 3748 967 χεῖρα

2159 984 2441 1058 ὀρέγοντα,
2477 989 2570 1041 καὶ
2601 989 3088 1061 παραμυθούμενον
3108 986 3286 1043 αὐτῶν
3316 985 3414 1057 τὴν
3443 984 3738 1056 τιμωρίαν.

2161 1073 2317 1128 Οὐτω
2361 1075 2492 1144 γοῦν
2535 1075 2659 1130 οὐτε
2711 1079 2767 1131 αἰ
2813 1076 3073 1148 παρθένοι
3119 1077 3174 1129 αἱ
3216 1074 3469 1146 φρόνιμοι
3531 1074 3752 1142 μωραῖς’

2163 1163 2426 1236 βοηθῆσαι
2474 1167 2720 1236 ῐσχνσαν,
2750 1167 2848 1236 οὐχ
2895 1167 2924 1219 ό
2987 1164 3239 1237 Ἀϐραὰμ
3280 1164 3358 1234 τῷ
3388 1161 3646 1231 πλουσίῳ,
3676 1160 3738 1212 οὐ

2160 1251 2309 1316 Νῶε,
2343 1255 2438 1307 καὶ
2475 1253 2615 1320 Ἰὼϐ,
2641 1255 2736 1307 καὶ¹
2769 1253 2986 1325 Δανιὴλ,
3011 1253 3147 1317 υἱοῖς
3176 1252 3270 1306 καὶ
3296 1249 3619 1318 θυγατράσι.
3664 1250 3750 1303 T6

2169 1340 2298 1412 γὰρ,
2321 1343 2832 1411 Παλαιωθήσεται,
2864 1342 3153 1411 ἀσθενήσει
3178 1340 3348 1406 ἐστὶν,
3371 1338 3742 1407 ἀφανισθήσε-

2160 1443 2268 1480 ται·
2313 1427 2382 1482 Τὸ
2411 1429 2519 1500 γὰρ
2549 1430 2996 1499 παλαιούμενον
3040 1428 3139 1481 καί
3174 1427 3505 1496 γηράσκον,
3557 1425 3749 1496 ἐγγὺς

2161 1519 2525 1590 ἀφανισμοῦ.
2563 1523 2656 1576 Ἐκ
2676 1520 2788 1590 τῆς
2815 1520 3002 1588 δόξης
3024 1518 3222 1574 αὐτῶν
3249 1517 3630 1585 ἐξώσθησαν.

2233 1644 2308 1707 Οὐ
2342 1652 2576 1724 μάλιστα
2610 1651 2938 1723 ἐπεθύμουν,
2967 1651 3034 1705 δι’
3072 1649 3101 1703 6
3147 1649 3325 1717 πάντα
3374 1648 3591 1702 ἐποίουν
3644 1647 3744 1700 καὶ

2163 1740 2666 1812 ἐπραγματεύοντο,
2693 1739 2835 1793 ὥστε
2863 1741 2956 1793 καὶ
2984 1737 3124 1809 μετά
3141 1735 3396 1807 τελευτὴν
3425 1735 3584 1805 δόξης
3603 1734 3741 1788 6110-

2161 1827 2358 1882 λαῦσαι
2384 1828 2604 1896 πολλῆς,
2620 1828 2709 1882 διά
2735 1827 2842 1882 τῶν
2865 1829 3185 1899 χρημάτων,
3213 1824 3304 1878 διά
3317 1824 3427 1877 τῶν
3454 1822 3739 1892 οἱκοδομη·

2167 1917 2372 1988 μάτων,
2395 1917 2483 1970 διὰ
2503 1917 2612 1970 τῶν
2641 1918 2847 1988 τάφων,
2883 1916 2972 1970 διὰ
3018 1915 3126 1969 τῶν
3160 1913 3438 1985 ὀνομάτων
3469 1912 3582 1965 τῶν
3621 1915 3736 1965 ἐπι·

2163 2004 2430 2075 κειμένων
2459 2008 2574 2067 τοῖς
2596 2005 2808 2074 τάφοις·
2833 2005 2928 2058 καὶ
2963 2003 3176 2069 τούτου,
3231 2003 3415 2074 φησὶν,
3445 1999 3738 2054 ἐκπεσοῦν-

2161 2109 2281 2156 ται,
2330 2091 2359 2144 ό
2408 2092 2643 2164 μάλιστα
2696 2094 2895 2157 αὐτοὺς
2945 2091 3130 2145 ἐλύπει
3183 2091 3392 2156 ζῶντας
3432 2091 3528 2143 καὶ
3567 2088 3744 2141 ταῦτα

2165 2178 2554 2250 μανθάνοντας.
2579 2180 2644 2232 Αἱ
2678 2179 2788 2250 γὰρ
2818 2179 3068 2234 τοιαῦται
3099 2179 3377 2249 οἰκοδομαί
3414 2175 3748 2248 κατηγορίαι

2159 2267 2269 2320 τῶν
2296 2265 2638 2320 ἀπελθόντων
2676 2267 2806 2322 είσί.
2836 2267 2955 2322 Κᾶν
2988 2268 3098 2339 γὰρ
3119 2266 3179 2322 τὸ
3210 2266 3370 2336 σῶμα
3407 2267 3473 2336 τῇ
3511 2267 3581 2335 γῇ
3606 2262 3745 2334 κρύ-

2163 2372 2387 2426 πτηται,
2431 2354 2545 2408 ἀλλ’
2577 2356 2725 2426 ὅμως
2757 2356 2807 2408 οἱ
2832 2355 2968 2408 λίθοι
2997 2354 3182 2425 φωνὴν
3204 2355 3419 2422 ἀφιᾶσι,
3449 2352 3570 2406 καθ’
3608 2352 3746 2406 ἐκά-

2164 2460 2294 2513 στην
2312 2441 2491 2496 αὐτῶν
2513 2442 2944 2514 κατηγοροῦντες
2971 2441 3182 2514 ἡμέραν
3206 2443 3306 2512 τῆς
3324 2440 3626 2512 ὠμότητος,
3641 2440 3746 2509 τῆς

2161 2530 2566 2602 ἀναισχυντίας,
2592 2531 2721 2594 τοὺς
2757 2531 2972 2593 κοινοὺς
2993 2531 3222 2602 ἐχθροὺς
3251 2529 3741 2600 ἀνακηρύττοντες,

2161 2623 2288 2685 τοὺς
2311 2621 2607 2692 παριόντας
2629 2619 2716 2674 ἀεὶ
2737 2621 2817 2684 είς
2845 2618 2985 2692 ἀρὰς
3011 2618 3401 2690 ἐπισπώμενοι,
3422 2617 3515 2672 καὶ
3550 2617 3744 2687 ἐγκλήο

2167 2726 2330 2780 ματα,
2367 2709 2461 2762 καὶ
2491 2707 2761 2772 διαϐολάς.
2815 2708 2950 2762 Ποία
2977 2705 3070 2762 οὖν
3107 2708 3245 2778 αὐτη
3272 2706 3418 2773 δόξα,
3468 2706 3744 2776 καταλιμ-

2165 2797 2356 2852 πάνειν
2385 2799 2688 2868 κατήγορον
2714 2797 2789 2869 μὴ
2812 2796 3066 2866 σιγῶντα,
3087 2797 3223 2851 ἀλλὰ
3244 2797 3332 2851 διὰ
3359 2797 3456 2867 τῆς
3477 2796 3651 2866 ὅψεως
3673 2797 3744 2851 16

2164 2887 2378 2940 πάντων
2424 2887 2705 2956 ἀνοίγοντα
2745 2886 3010 2956 στόματα,
3037 2887 3131 2940 καὶ
3165 2885 3300 2958 πρὸς
3344 2887 3468 2948 τοὺς
3499 2885 3743 2956 ὁρῶντας

2165 2974 2411 3037 ἅπαντας
2440 2975 2534 3028 καὶ
2556 2973 2857 3044 παριόντας
2887 2974 3255 3046 σφοδροτάτην
3293 2973 3612 3044 ποιούμενον
3639 2973 3744 3043 τὴν

2165 3063 2413 3133 ἐντυχίαν
2446 3062 2588 3116 κατὰ
2621 3061 2728 3116 τῶν
2749 3063 3293 3134 οἰκοδομησαμένωνς
3330 3061 3614 3133 Τίταύτης
3641 3063 3746 3131 τῆς

2163 3150 2348 3214 ἀνοίας
2389 3148 2584 3218 γένοιτ’
2612 3147 2678 3202 ἂν
2730 3151 2873 3214 ἴσον,
2902 3150 3031 3202 ὅταν
3078 3149 3302 3202 ποιῶσιν
3339 3149 3431 3218 ἀφ’
3462 3141 3537 3202 ὧν
3582 3148 3744 3203 κολά-

2165 3235 2369 3300 ζονται,
2413 3236 2504 3305 ἀφ’
2536 3230 2611 3290 ὧν
2646 3236 3118 3308 καταισχύνονται,
3150 3237 3242 3306 ἀφ’
3271 3229 3345 3290 ὧν
3375 3234 3744 3307 κατηγοροῦν-

2163 3342 2272 3388 ται,
2309 3325 2402 3393 ἀφ’
2429 3321 2503 3377 ῶν
2525 3325 2618 3377 καὶ
2642 3324 2780 3394 μετὰ
2802 3323 3057 3396 τελευτὴν
3082 3324 3230 3396 παρά
3271 3323 3480 3377 πολλῶν
3518 3323 3744 3395 ἀνορύτ-

2164 3434 2366 3471 τονται·
2398 3417 2492 3486 ἀφ’
2530 3410 2604 3470 ὧν
2630 3417 2814 3480 αὐτοῖς
2837 3417 2989 3489 ἀραὶ,
3019 3417 3112 3470 καὶ
3128 3416 3391 3482 διαϐολαὶ,
3425 3416 3516 3470 καὶ
3545 3414 3744 3484 ἐγκλήο

2171 3522 2315 3575 ματα
2353 3505 2542 3575 μυρία,
2593 3505 2689 3558 καὶ
2723 3505 2876 3576 παρὰ
2906 3504 3015 3558 τῶν
3072 3505 3439 3574 ἠδικημένων,
3481 3504 3575 3558 καὶ
3633 3503 3748 3556 τῶν

2166 3593 2264 3646 οὐκ
2312 3592 2686 3664 ὴδικημένωνς
2715 3593 2889 3662 Πλὴν
2934 3597 2967 3647 d
3019 3593 3158 3660 Θεὸς
3222 3593 3582 3661 λυτρώσεται
3627 3591 3744 3660 τὴν

2164 3680 2376 3750 ψυχήν
2399 3699 2518 3750 μου
2566 3682 2636 3735 ἐκ
2689 3683 2884 3750 χειρός
2933 3682 3104 3750 ᾅδου,
3152 3683 3297 3736 ὅταν
3331 3681 3603 3751 λαμϐάνῃ
3641 3699 3741 3748 με.

2166 3767 2349 3821 Εἰπὼν
2374 3768 2480 3822 τῶν
2515 3769 2766 3838 πονηρῶν
2799 3771 2867 3823 τὰ
2913 3770 3186 3842 ἐπίχειρα,
3216 3771 3313 3840 τῆς
3358 3769 3630 3840 ἁμαρτίας
3674 3770 3744 3823 16
3811 3826 3830 3835 ,

2163 3854 2391 3924 ὀψώνια,
2426 3855 2692 3923 λέγεικαὶ
2721 3857 2790 3910 τὰ
2811 3856 2918 3911 τῶν
2948 3858 3200 3929 χρηστῶν
3221 3857 3448 3912 ἔπαθλα·
3469 3857 3496 3910 ὃ
3529 3857 3619 3910 καὶ
3643 3859 3744 3912 αὐ-

2167 3941 2244 4013 τῷ
2275 3943 2370 3997 καὶ
2401 3943 2608 4016 ἑτέροις
2637 3945 2946 4016 προφήταις
2987 3947 3159 3998 ποιεῖν
3192 3945 3334 4009 ἔθος,
3379 3944 3519 3998 ὥστε
3553 3946 3743 3998 ἐκατέ-

2170 4029 2340 4102 ρωθεν
2375 4030 2654 4102 ῥυθμίζειν
2691 4032 2782 4085 τὸν
2816 4033 3110 4104 ἀκροατὴν,
3137 4033 3230 4086 καὶ
3252 4034 3314 4087 ἐκ
3334 4036 3433 4104 τῆς
3467 4031 3742 4096 κολάσεως

2164 4118 2271 4171 τῶν
2301 4117 2734 4188 ἁμαρτημάτων,
2765 4119 2860 4171 καὶ
2884 4120 2950 4171 ἐκ
2981 4119 3090 4172 τῶν
3115 4119 3362 4173 ἐπάθλων
3389 4121 3488 4190 τῆς
3517 4120 3739 4190 ἀρετῆς.

2163 4205 2244 4259 Τά
2274 4205 2425 4278 [Ωιι]
2461 4207 2558 4276 μὲν
2609 4201 2702 4259 οὖν
2755 4205 2978 4259 ἐκείνων
3019 4208 3265 4272 τοιαῦτα,
3303 4208 3486 4277 φησίν·
3523 4207 3740 4277 ἀτιμία,

2166 4294 2544 4364 ματαιοπονία,
2595 4295 2770 4358 ἄνοια,
2824 4294 3018 4362 γέλως,
3079 4296 3330 4367 αἰσχύνη,
3374 4296 3740 4365 πανωλεθρία,

2164 4381 2411 4444 θάνατος,
2430 4381 2688 4452 τιμωρία,
2708 4381 2926 4445 κόλασις
2941 4381 3210 4454 διηνεκὴς,
3227 4366 3739 4453 τδνεύεπηρέαστον,

2161 4469 2222 4522 τὸ
2254 4468 2346 4522 καὶ
2373 4469 2532 4539 δόξης
2560 4469 2652 4522 καὶ
2689 4468 2990 4538 ἀσφαλείας
3018 4469 3454 4532 ἐκπεπτωκέναι,
3482 4471 3574 4523 καὶ
3599 4470 3743 4534 ζῶν-

2159 4573 2258 4619 τας
2281 4555 2375 4609 καὶ
2399 4554 2788 4619 τελευτῶντας,
2819 4557 2881 4609 16
2909 4555 3314 4617 διαϐάλλεσθαι,
3333 4557 3394 4609 16
3416 4560 3742 4628 κατηγορεῖ-

2162 4643 2309 4707 σθαι,
2340 4643 2400 4696 16
2425 4642 2694 4714 μηδεμίαν
2726 4643 2999 4715 εὑρίσκειν
3026 4644 3380 4716 παραμυθίαν
3426 4644 3632 4698 κακῶν.
3657 4645 3741 4699 T6

2160 4730 2217 4784 δέ
2248 4729 2492 4801 ἡμέτερα
2547 4730 2856 4785 τούναντίον
2906 4731 3070 4796 ἆπαν,
3116 4731 3406 4802 ἀπαλλαγὴ
3441 4731 3740 4798 κολάσεως,

2161 4815 2443 4887 ἐλευθερία
2466 4814 2667 4886 ψυχῆς,
2695 4815 2984 4883 ἀσφάλεια,
3017 4815 3165 4881 δόξα,
3202 4816 3359 4886 τιμή.
3405 4815 3592 4872 Ταῦτα
3632 4814 3740 4885 γὰρ

2162 4903 2340 4957 πάντα
2362 4901 2602 4975 ᾐνίξατο,
2661 4903 2850 4958 εἰπών·
2902 4905 3076 4966 Πλὴν
3121 4906 3155 4957 ὁ
3191 4903 3335 4969 Θεὸς
3374 4903 3741 4972 λυτρώσεται

2162 4991 2278 5060 τὴν
2297 4991 2510 5061 ψυχήν
2529 5009 2650 5060 μου
2664 4991 2733 5044 ἐκ
2751 4990 2948 5060 χειρὸς
2978 4989 3147 5057 ᾅδου,
3183 4990 3329 5044 ὅταν
3347 4991 3622 5059 λαμϐάνῃ
3637 5007 3736 5060 με·

2163 5081 2296 5153 ᾅδην
2339 5079 2572 5134 ἐνταῦθα
2626 5079 2723 5149 τὴν
2772 5078 2994 5131 κόλασιν
3042 5077 3236 5147 λέγων,
3296 5077 3396 5141 16;
3427 5079 3741 5150 ἀφορήτους

2163 5167 2377 5232 ὲκείνας
2398 5165 2610 5229 ὀδύνας.
2639 5166 2918 5236 Ἐννόησον
2945 5165 3003 5219 δὲ
3033 5166 3125 5219 καὶ
3153 5165 3316 5237 ἡλίκα
3335 5165 3403 5218 τὰ
3431 5165 3530 5236 τῆς
3551 5167 3738 5238 τιμῆς,

2160 5257 2224 5311 οὐ
2243 5255 2413 5326 ταύτῃ
2450 5254 2630 5324 μόνον,
2668 5253 2802 5308 ἀλλὰ
2829 5252 3022 5322 καὶτῷ
3057 5253 3401 5328 ἐπαγομένῳ.
3433 5255 3603 5308 Ὄταν
3631 5255 3738 5326 γὰρ

2160 5343 2411 5415 λαμϐάνῃ
2450 5359 2538 5413 με,
2563 5343 2718 5412 φησὶ,
2764 5341 2884 5394 τότε
2932 5341 3094 5408 αὐτὸν
3123 5341 3512 5413 ἀκριϐέστερον
3538 5341 3739 5412 ὅψομαι

2163 5431 2335 5503 ἧνῦν.
2375 5429 2490 5483 Νῦν
2539 5428 2647 5500 γὰρ
2673 5427 2760 5481 διὰ
2806 5426 3040 5490 πίστεως
3083 5425 3511 5498 περιπατοῦμεν,
3551 5427 3612 5480 οὐ
3650 5426 3739 5480 διὰ

2161 5518 2352 5584 εἴδους,
2383 5515 2582 5571 τότεδέ
2612 5516 2901 5586 πρόσωπον
2952 5514 3092 5567 κατὰ
3136 5514 3164 5553 δ
3201 5512 3509 5585 πρόσωπον.
3548 5513 3735 5584 Τῆςδὲ

2158 5606 2339 5677 ψυχῆς
2388 5603 2784 5676 λυτρουμένης,
2826 5600 3009 5654 καὶτὸ
3059 5600 3216 5670 σῶμα
3269 5602 3585 5670 κοινωνήσει
3627 5598 3736 5653 τῶν

2159 5693 2396 5764 ἀγαθῶν.
2426 5692 2523 5759 Μὴ
2551 5691 2760 5762 φοϐοῦ,
2792 5689 2937 5744 ὅταν
2969 5687 3289 5759 πλοντήσῃ
3325 5688 3655 5758 ἄνθρωπος,
3700 5691 3738 5758 ἢ

2223 5875 2250 5916 ῒ·
2276 5872 2423 5925 Savil.
2452 5879 2500 5923 el
2523 5870 2607 5922 alii
2629 5871 2762 5935 πρός.
