4114 6278
255 426 363 482 257

257 538 380 611 quis
407 536 478 592 sit
502 531 754 590 dominus
780 530 998 587 alterius
1017 573 1030 595 .
1070 541 1125 586 et
1153 532 1368 588 ubinam
1413 532 1716 603 resplendet
1745 531 1844 588 do.

260 631 536 692 minatus;
565 626 682 696 quis
708 624 780 678 sit
805 623 895 694 qui
925 623 1187 692 imperat,
1219 633 1272 679 et
1299 625 1416 693 quis
1447 634 1598 693 paret
1625 624 1846 680 alterius

263 720 513 791 imperio.
543 715 817 784 Quomodo
847 731 976 785 ergo
1011 714 1113 770 hoc
1137 715 1410 771 sciemus?
1449 716 1560 771 Rex
1592 732 1703 770 rem
1732 732 1845 770 nta-

264 816 374 869 lam
417 821 472 868 et
513 811 710 866 scelere
738 809 952 881 plenam
980 809 1184 880 privato
1213 810 1469 880 imperet;
1519 810 1644 880 quid
1691 811 1866 880 igitur.

267 905 440 959 bonus
475 903 559 957 ille
601 902 836 971 privatus
868 909 924 955 et
949 899 1040 970 qui
1085 900 1135 955 ei
1181 901 1498 969 subjicitur?
1540 899 1656 955 Non
1688 901 1847 956 modo

267 1013 374 1052 non
397 996 696 1066 acquiescet
716 1036 732 1057 ,
763 1009 863 1048 nec
889 994 1136 1055 obediet,
1165 993 1259 1048 sed
1289 1009 1409 1048 eum
1434 996 1594 1049 etiam
1624 994 1712 1064 qui
1743 995 1844 1048 im-

265 1097 452 1157 perat,
498 1087 778 1140 conabitur
805 1085 1072 1140 abducere
1112 1085 1182 1139 ab
1227 1085 1500 1151 instituto,
1547 1086 1667 1140 licet
1709 1087 1842 1142 mori

259 1188 522 1249 Oporteat.
571 1178 701 1247 Quis
747 1185 830 1233 est
873 1193 1002 1247 ergo
1051 1177 1229 1231 liber?
1271 1177 1387 1231 isne
1431 1178 1520 1247 qui
1562 1177 1705 1248 quod
1737 1178 1848 1233 vult

256 1275 416 1338 facit,
448 1283 502 1329 et
533 1289 598 1328 ne
627 1288 807 1343 regem
835 1271 1050 1342 quidem
1090 1270 1277 1326 metuit
1304 1286 1317 1322 :
1346 1285 1413 1324 an
1445 1286 1532 1340 qu‘
1574 1286 1604 1326 a
1633 1270 1846 1326 subdito

255 1382 356 1422 suo
379 1363 786 1421 contemnitur?
817 1363 886 1418 Et
929 1378 998 1418 ne
1041 1363 1095 1417 in
1126 1361 1330 1416 incerto
1355 1361 1600 1430 exemplo
1643 1361 1844 1431 prolixa

257 1467 473 1512 utamur
501 1456 746 1511 oratione
783 1472 798 1509 :
838 1468 972 1508 uxor
1001 1453 1317 1523 Pentephraa
1341 1451 1592 1523 Egyptia
1617 1491 1633 1516 ,
1664 1467 1843 1506 annon

256 1559 374 1605 erat
401 1548 584 1619 regina
611 1545 686 1618 (α)
710 1547 735 1600 ?
761 1544 938 1616 annon
979 1546 1072 1599 toti
1101 1544 1336 1616 Egypto
1363 1544 1627 1614 praeerat?
1665 1559 1842 1599 annon

255 1640 491 1697 habebat
527 1655 710 1711 regem
738 1637 1056 1708 coniugem?
1089 1651 1266 1692 annon
1299 1637 1584 1692 maximam
1614 1637 1844 1694 habebat

253 1740 580 1804 potestatem
607 1728 759 1800 (Gen.
787 1728 876 1785 39.
904 1727 1014 1799 7)?
1042 1726 1179 1795 Quid
1216 1741 1344 1782 vero
1378 1725 1620 1798 Joseph?
1662 1744 1842 1784 nonne

252 1822 492 1880 servus?
537 1835 716 1876 nonne
744 1819 1026 1890 captivus?
1065 1833 1242 1873 nonne
1269 1817 1500 1874 famulus
1524 1819 1841 1891 emptitius?

253 1932 438 1972 nonne
477 1915 566 1970 illa
607 1914 862 1970 adversus
898 1912 1288 1968 adolescentem
1315 1927 1529 1968 omnem
1555 1913 1726 1968 aciem
1756 1913 1828 1968 in-

252 2009 492 2073 struxit,
527 2021 630 2060 non
673 2005 760 2059 alii
807 2004 930 2060 belli
976 2018 1158 2059 curam
1187 2005 1562 2070 committens,
1605 2005 1696 2061 sed
1728 2005 1840 2075 ipsa

253 2102 589 2158 descendens
617 2101 672 2156 in
700 2101 913 2155 aciem?
960 2098 1090 2167 Quis
1128 2114 1258 2171 ergo
1304 2108 1432 2155 tunc
1473 2108 1588 2155 erat
1631 2113 1839 2162 servus,

255 2197 381 2266 quis
408 2195 585 2250 liber?
613 2193 774 2250 illane
802 2209 922 2264 quae
947 2193 1285 2264 precabatur,
1316 2194 1533 2258 orabat,
1559 2200 1615 2248 et
1640 2193 1843 2265 suppli-

257 2288 432 2352 cabat,
459 2295 514 2342 et
540 2301 648 2342 non
676 2286 901 2351 homini,
924 2285 1017 2341 sed
1043 2285 1438 2355 improbissimo
1459 2286 1621 2340 animi
1652 2285 1844 2342 morbo

254 2377 522 2432 serviebat
546 2393 560 2429 :
584 2392 652 2431 an
679 2376 724 2430 is
747 2376 836 2447 qui
861 2376 1236 2432 contemnebat
1253 2375 1520 2442 diadema,
1546 2386 1836 2446 sceptrum,

256 2485 585 2540 purpuram,
629 2479 684 2525 et
728 2484 942 2524 omnem
985 2469 1125 2524 illam
1170 2479 1447 2524 externam
1499 2470 1732 2540 speciem
1778 2485 1843 2526 ac

256 2576 528 2631 pompam,
559 2570 614 2615 et
644 2559 981 2615 rescindebat
1005 2559 1121 2631 ejus
1143 2559 1629 2617 machinationem?
1654 2560 1843 2617 Nonne

255 2653 341 2706 illa
373 2651 586 2724 quidem
611 2652 876 2722 repulsam
906 2666 1058 2722 passa
1083 2652 1324 2719 recessit,
1345 2662 1398 2707 et
1418 2653 1506 2707 alii
1530 2667 1715 2708 rursus
1734 2655 1842 2708 ani-

254 2745 327 2798 mi
352 2746 539 2799 morbo
558 2745 853 2814 mancipata
874 2753 975 2810 est,
1005 2759 1195 2816 nempe
1225 2745 1340 2812 irze,
1363 2761 1482 2816 qua:
1503 2745 1708 2800 ratione
1733 2761 1841 2801 non

254 2837 478 2906 regitur,
510 2846 562 2890 et
597 2835 883 2902 vindictae;
927 2835 1017 2890 hic
1044 2851 1173 2890 vero
1209 2837 1338 2890 exiit
1378 2835 1551 2905 capite
1595 2836 1843 2892 redimite

257 2927 476 2980 Chronls
521 2926 832 2993 innumeris,
882 2937 936 2981 et
981 2926 1032 2980 in
1079 2927 1191 2996 ipsa
1237 2927 1494 2983 servitute
1541 2927 1840 2983 libertatem

261 3019 439 3087 magis
475 3018 901 3086 reSplendentem
944 3017 1280 3072 ostendens?

335 3109 426 3165 10.
463 3106 632 3163 Virtus
655 3108 844 3174 libera;
868 3108 1044 3162 vitium
1069 3124 1285 3162 servum.
1311 3139 1383 3149 -—
1409 3108 1551 3165 Nihil
1576 3118 1659 3166 est
1696 3110 1840 3166 enim

253 3217 414 3270 reque
436 3201 657 3256 liberum
685 3212 740 3257 ut
765 3202 952 3269 virtus,
984 3201 1112 3257 nihil
1137 3217 1286 3273 aeque
1311 3217 1525 3258 servum
1553 3212 1611 3258 ut
1631 3204 1838 3259 vitium.

255 3294 330 3350 Et
374 3295 494 3350 ideo
542 3294 670 3350 dicit
713 3295 874 3350 etiam
917 3294 1043 3350 alibi
1087 3294 1349 3365 quispiam
1379 3312 1394 3349 :
1423 3295 1642 3366 Sapiens
1670 3312 1842 3352 smus

257 3388 494 3442 obtinebit
523 3387 835 3442 dominatum
873 3387 926 3441 in
955 3386 1182 3442 dominos
1209 3387 1500 3458 insipientes
1527 3388 1546 3459 (
1561 3387 1720 3444 Prov.
1748 3389 1836 3444 l7.

252 3479 356 3550 2).
403 3478 859 3547 Quemadmodum
904 3479 1046 3533 enim
1084 3481 1362 3550 captivus,
1407 3480 1506 3534 etsi
1552 3481 1843 3537 immensas

254 3569 452 3624 habeat
478 3569 708 3634 divitias,
756 3583 823 3624 eo
869 3569 986 3639 ipso
1023 3568 1180 3626 facile
1225 3571 1342 3641 capi
1390 3578 1564 3642 potest
1590 3579 1646 3627 et
1672 3586 1841 3642 expu-

248 3661 406 3730 gnari
433 3661 501 3715 ab
529 3660 776 3716 omnibus
806 3678 818 3714 :
847 3661 916 3716 ita
947 3661 1106 3716 etiam
1133 3662 1220 3733 qui
1262 3663 1330 3717 ab
1357 3663 1520 3716 animi
1559 3663 1840 3732 perturba-

254 3751 492 3806 tionibus
517 3761 703 3821 captus
731 3759 848 3818 est,
876 3759 959 3807 est
985 3752 1090 3808 tela
1116 3766 1325 3807 araneae
1351 3752 1526 3808 vilior.
1549 3753 1684 3822 Quid
1714 3769 1841 3809 vero

249 3845 311 3900 in
345 3843 486 3898 bello
509 3843 532 3896 ?
557 3859 732 3898 annon
759 3858 853 3899 eos
882 3844 1122 3899 videmus
1139 3844 1401 3903 vincere?
1437 3845 1574 3914 Quid
1602 3846 1653 3900 in
1680 3845 1840 3901 rebus

249 3935 552 3990 tractandis
590 3944 644 3990 et
670 3935 1074 3990 consultandis?
1115 3951 1290 3991 annon
1333 3951 1452 4006 quae
1480 3935 1664 3990 dicunt
1689 3934 1841 3992 ﬁrma

250 4036 383 4080 sunt
410 4035 465 4082 et
494 4026 701 4081 stabilia
725 4067 741 4090 ,
784 4027 884 4082 etsi
914 4027 1089 4081 nullus
1118 4028 1344 4097 pareat?
1388 4027 1524 4094 Quid
1566 4039 1746 4082 autem
1787 4028 1840 4082 in

253 4121 322 4173 iis
350 4135 471 4189 qua:
499 4119 634 4175 hanc
661 4122 824 4174 vitam
866 4120 1307 4190 consequuntur?
1344 4135 1523 4176 annon
1563 4120 1714 4176 dives
1752 4120 1842 4176 ille

252 4225 527 4283 tamquam
558 4213 833 4268 mendicus
870 4221 1070 4284 guttam
1101 4213 1272 4282 petiit,
1316 4228 1414 4268 nec
1441 4228 1557 4268 eam
1585 4213 1842 4283 impetra-

253 4303 376 4356 vit?
416 4317 618 4372 pauper
641 4312 850 4369 autem,
896 4302 1145 4373 quoniam
1175 4312 1290 4358 erat
1328 4303 1498 4358 bonus
1539 4311 1594 4358 et
1632 4303 1844 4359 virtutis

253 4391 550 4458 studiosus,
579 4407 756 4446 annon
787 4392 840 4446 in
871 4393 1101 4447 maxima
1126 4392 1224 4446 fuit
1261 4391 1528 4458 felicitate,
1565 4402 1621 4448 et
1654 4393 1842 4449 eadem

255 4487 308 4540 ei
339 4501 456 4540 sors
480 4502 599 4556 qua:
624 4485 854 4540 Abrahae
880 4485 1068 4556 obtigit
1096 4483 1246 4558 (Luc.
1275 4485 1362 4541 16.
1384 4484 1455 4540 24
1473 4485 1540 4557 )?
1576 4485 1712 4552 Quid
1741 4501 1841 4541 au-

259 4588 375 4632 tem
403 4577 453 4631 iu
483 4576 780 4646 apostolis?
821 4592 997 4632 annon
1039 4577 1201 4632 vincti
1225 4617 1240 4642 ,
1283 4577 1462 4648 ﬂagris
1491 4579 1612 4632 etesi
1636 4619 1650 4643 ,
1683 4577 1842 4632 innu-

257 4683 410 4724 mera
440 4670 574 4724 mala
605 4669 768 4740 passi,
799 4684 894 4724 eos
917 4669 1240 4738 superabant
1267 4669 1356 4738 qui
1397 4669 1515 4723 illos
1541 4671 1693 4724 malis
1723 4669 1843 4724 afﬁ-

253 4761 474 4814 ciebaut
509 4757 685 4829 (Rom.
715 4760 767 4816 8.
786 4760 897 4826 57.;
914 4759 968 4813 2.
991 4757 1114 4814 Cor.
1138 4757 1191 4812 4.
1213 4756 1307 4829 8)?
1325 4758 1510 4829 Cogita
1536 4774 1663 4830 ergo
1683 4775 1842 4829 quam

251 4851 422 4904 animi
466 4850 656 4905 dubios
697 4861 752 4906 et
796 4849 1082 4923 perplexas
1111 4864 1206 4906 eos
1245 4848 1578 4916 reddebant,
1625 4850 1760 4905 adeo
1789 4861 1844 4907 ut

249 4945 502 4999 dicerent
529 4961 543 4996 :
580 4944 713 5010 Quid
739 4944 984 5014 faciemus
1014 4944 1091 4998 his
1131 4941 1415 4997 hominibus
1440 4942 1588 5012 (Act.
1616 4943 1670 4998 4.
1698 4941 1841 5014 16)1

249 5034 421 5104 Atqui
451 5037 698 5089 tenebant
724 5049 817 5089 eos
841 5035 1068 5097 vinctos.
1094 5043 1149 5088 et
1176 5035 1227 5088 in
1252 5033 1444 5088 mediis
1458 5032 1672 5104 judiciis
1693 5049 1830 5089 cem-

253 5127 591 5196 prehensos;
621 5135 676 5181 et
704 5127 1018 5182 obtinebant
1056 5125 1128 5180 illi
1166 5125 1377 5196 quidem
1409 5126 1582 5182 locum
1606 5126 1844 5196 judicunt

250 5228 312 5272 et
339 5218 746 5287 magistratuum
768 5260 784 5285 ,
831 5219 882 5272 bi
912 5233 1038 5272 vero
1069 5227 1335 5288 tamquam
1365 5219 1441 5274 rei
1481 5218 1588 5274 illic
1612 5219 1844 5285 stabant,

255 5319 311 5363 rt
344 5308 397 5360 hi
441 5317 617 5362 tamen
660 5309 778 5364 illos
807 5309 1067 5364 vicerunt.
1100 5308 1307 5380 Ubique
1345 5309 1576 5381 denique
1597 5350 1613 5374 ,
1655 5311 1699 5365 si
1728 5310 1847 5380 quis

255 5401 548 5470 diligenter
574 5401 915 5468 censideret,
956 5402 1156 5457 videbit
1196 5404 1364 5458 virum
1407 5404 1604 5460 bonum
1634 5405 1849 5462 vincere

258 5494 431 5548 virum
459 5492 764 5563 improbum
795 5512 808 5548 :
839 5510 1006 5564 eaque
1037 5509 1162 5550 vere
1193 5505 1276 5550 est
1305 5495 1520 5550 victoria
1544 5537 1559 5561 ,
1600 5512 1706 5552 non
1731 5498 1848 5552 vul-

254 5586 401 5654 garis
434 5585 523 5639 illa
549 5600 668 5655 quae
696 5584 826 5639 falsa
852 5595 930 5642 est
961 5594 1017 5641 et
1047 5587 1216 5640 fucata
1235 5627 1250 5652 ,
1291 5602 1354 5641 ac
1381 5603 1500 5657 qua:
1537 5588 1690 5644 facile
1715 5603 1849 5644 con-

321 5690 396 5752 (a)
429 5697 548 5740 Cum
571 5692 640 5740 ait
663 5690 956 5757 Petephren,
1002 5703 1095 5741 seu
1129 5691 1437 5757 Putipharem
1470 5691 1633 5757 fuisse
1657 5707 1850 5757 regem,

259 5753 469 5816 ejusque
489 5765 696 5818 uxorem
720 5754 958 5818 reginam,
978 5759 1117 5818 trepo
1134 5753 1372 5818 modoque
1407 5753 1637 5818 loquendi
1662 5753 1756 5805 non
1784 5753 1853 5806 in;

257 5823 403 5927 auctio
422 5817 602 5928 ptitur,
627 5829 725 5878 quo
749 5829 839 5865 rex
862 5816 1038 5866 dicitur
1067 5817 1107 5863 is
1121 5817 1203 5878 qui
1238 5816 1547 5877 potestatect
1565 5820 1853 5871 auctoritate

256 5889 350 5937 gau
388 5892 417 5928 e
443 5914 458 5927 .

1352 417 1706 477 EXPOSITIO
1746 415 1808 471 IN
1852 414 2169 478 ΡεΑωιυΜ
2208 424 2434 484 XLVIII.

3427 447 3539 505 238

1955 537 2216 607 vincitur,
2259 543 2352 598 sed
2398 544 2487 600 illa
2531 547 2716 617 ﬁrma,
2752 551 2994 617 stabilis,
3033 565 3088 611 et
3132 556 3434 616 immobilis.
3466 564 3536 619 Et

1950 631 2200 687 auxilium
2241 651 2414 691 eorum
2457 647 2723 695 octerascet
2767 643 2818 697 in
2863 645 3063 718 inferno
3090 663 3111 702 .'
3142 648 3244 705 hoc
3281 661 3385 716 est,
3429 644 3555 710 erit.

1949 723 2296 782 imbecillum.
2339 729 2495 796 Quod
2535 742 2715 789 autem
2760 735 3028 804 dicit,est
3071 739 3332 809 ejusmodi
3367 762 3381 799 :
3413 743 3534 800 Non

1949 813 2121 868 solum
2167 814 2256 871 hic
2295 818 2444 876 facile
2470 823 2586 892 capi
2619 834 2903 894 poterunt,
2935 829 3082 884 nullo
3110 845 3267 901 opem
3301 834 3530 902 ferente,

1947 904 2098 960 nullo
2126 922 2340 963 manutn
2369 911 2659 981 praebente,
2684 916 2930 972 omnibus
2954 921 3201 989 expositi,
3233 923 3340 979 imo
3367 925 3531 983 etiam

1947 996 2088 1065 quod
2116 1007 2200 1054 est
2226 1001 2438 1070 gravius
2457 1042 2473 1070 ,
2516 1019 2586 1060 ne
2629 1005 2737 1061 illic
2764 1007 2976 1078 quidem
3007 1010 3276 1068 habebunt
3315 1017 3404 1086 qui
3433 1016 3513 1073 de

1946 1088 2148 1180 fendat,
2179 1106 2338 1163 opem
2364 1093 2532 1160 ferat,
2567 1111 2780 1153 manum
2809 1100 3074 1170 prmbeat,
3105 1113 3160 1160 et
3187 1121 3370 1161 eorum
3395 1122 3522 1180 sup-

1948 1179 2162 1248 plicium
2214 1185 2538 1239 consoletur.
2583 1187 2764 1258 Itaque
2816 1207 2916 1246 nec
2960 1193 3192 1264 virgines
3239 1179 3528 1266 prudentes

1945 1273 2123 1327 stultis
2170 1289 2325 1344 opem
2374 1275 2515 1334 ferre
2561 1289 2846 1348 potuerunt
2891 1283 3112 1353 (Matth.
3139 1287 3227 1342 25.
3259 1287 3374 1358 9),
3419 1307 3526 1346 non

1946 1363 2213 1417 Abraham
2239 1365 2386 1420 diviti
2417 1366 2590 1436 (Luc.
2616 1369 2704 1425 I6.
2731 1371 2870 1443 25),
2902 1389 3006 1430 non
3042 1375 3154 1432 Noe
3177 1419 3191 1441 ,
3221 1386 3276 1433 et
3297 1379 3433 1448 Job,
3464 1390 3524 1436 et

1945 1453 2130 1508 Daniel
2162 1455 2283 1510 ﬁliis
2320 1459 2378 1506 et
2417 1455 2636 1516 ﬁliabus
2674 1459 2896 1531 (Ezech.
2929 1465 3016 1520 14.
3043 1467 3168 1537 20).
3200 1467 3332 1524 Illud
3356 1469 3522 1537 enim,

1955 1544 2257 1613 Veterascet,
2287 1557 2391 1614 est,
2418 1549 2518 1603 erit
2547 1550 2890 1620 imbecillum,
2920 1567 3202 1614 evanescet
3229 1575 3292 1614 ac
3316 1559 3522 1615 delebi-

1945 1644 2033 1689 tur
2061 1653 2075 1690 :
2108 1634 2258 1702 Quod
2284 1638 2427 1691 enim
2460 1643 2714 1694 veterascit
2755 1660 2816 1696 ac
2854 1648 3193 1714 consenescit,
3239 1665 3342 1704 non
3376 1651 3526 1722 longe

1942 1727 2081 1783 abest
2115 1729 2180 1784 ab
2213 1730 2436 1786 interitu.
2475 1732 2520 1786 Α
2556 1732 2725 1805 gloria
2751 1752 2844 1791 sua
2881 1739 3129 1794 exturbati
3171 1751 3288 1796 sunt
3317 1741 3522 1814 (Hebr.

1943 1820 2154 1889 8.13).

1991 1911 2319 1968 Monumenta
2335 1915 2550 1986 superba
2570 1919 2912 1975 accusationes
2939 1931 3270 1978 mortuorum.
3285 1953 3357 1964 —
3371 1924 3526 1992 Quod

1943 2005 2175 2061 maxime
2197 2006 2597 2076 desiderabant,
2628 2020 2846 2082 propter
2865 2013 3006 2084 quod
3031 2016 3208 2070 omnia
3237 2017 3523 2084 faciebant,

1941 2107 1998 2152 et
2044 2097 2178 2154 nihil
2219 2115 2326 2156 non
2369 2101 2752 2170 moliebantur,
2797 2121 2990 2177 nempe
3035 2116 3092 2162 ut
3132 2119 3250 2178 post
3292 2119 3521 2168 mortem

1942 2205 2190 2261 magnam
2233 2191 2334 2246 sibi
2378 2203 2626 2262 pararent
2665 2195 2884 2266 gloriam
2911 2238 2928 2265 ,
2967 2213 3063 2267 per
3098 2200 3386 2269 pecunias,
3429 2217 3527 2272 per

1942 2283 2190 2348 :edifieia,
2221 2299 2318 2355 per
2339 2287 2606 2356 sepulcra,
2631 2302 2731 2359 per
2751 2289 2965 2344 nomina
2993 2289 3245 2362 inscripta
3267 2293 3318 2347 iu
3345 2294 3525 2363 sepul-

1942 2376 2048 2430 cris
2073 2390 2089 2442 ;
2127 2374 2197 2429 ab
2221 2376 2529 2446 eo,‘inquit,
2560 2378 2834 2445 excident,
2862 2379 3003 2450 quod
3030 2397 3124 2435 eos
3151 2382 3380 2438 maxima
3409 2398 3527 2439 mo-

1942 2465 2093 2521 lestia
2123 2465 2388 2522 afﬁciebat
2415 2467 2540 2523 dum
2581 2468 2861 2537 viverent,
2898 2478 2952 2526 et
2976 2470 3091 2527 haec
3119 2473 3338 2528 scirent.
3373 2473 3524 2529 Talia

1941 2557 2086 2612 enim
2129 2556 2352 2612 aediﬁcia
2405 2569 2529 2614 sunt
2574 2561 2948 2618 accusationes
2995 2571 3349 2620 mortuorum.
3391 2563 3524 2620 Nam

1942 2649 2042 2704 etsi
2068 2664 2265 2720 corpus
2295 2659 2434 2706 terra
2463 2659 2686 2723 tegatur,
2720 2652 2922 2724 lapides
2951 2663 3127 2709 tamen
3154 2669 3341 2711 vocem
3372 2657 3526 2711 emit-

1945 2749 2082 2809 tunt,
2127 2756 2313 2797 eorum
2359 2742 2728 2799 crudelitatem
2773 2754 2828 2799 et
2866 2745 3246 2816 impudentiam
3289 2747 3526 2817 quotidie

1942 2842 2273 2899 accusantes,
2317 2849 2628 2891 communes
2655 2850 2748 2891 eos
2774 2835 2956 2892 hostes
2984 2838 3402 2907 proclamantes,
3428 2853 3526 2895 eos

1941 2924 2031 2996 qui
2059 2934 2405 2996 praetereunt,
2433 2935 2491 2981 ut
2514 2941 2608 2982 eos
2637 2926 2768 2982 diris
2795 2936 2849 2983 et
2876 2927 3172 2983 maledictis
3202 2943 3525 3000 persequan-

1943 3025 2030 3072 tur
2053 3025 2107 3073 et
2134 3027 2427 3084 accusent,
2463 3018 2767 3074 invitantes.
2813 3015 3069 3087 Quaenam
3111 3029 3194 3074 est
3237 3035 3366 3091 ergo
3407 3021 3525 3077 hate

1940 3108 2143 3179 gloria,
2182 3118 2546 3165 accusatorem
2591 3109 2893 3181 relinquere
2938 3124 3042 3164 non
3087 3118 3388 3178 tacentem,
3429 3112 3524 3167 sed
3563 3143 3566 3146 ι

1943 3199 2061 3256 solo
2086 3211 2304 3270 aspectu
2330 3215 2424 3255 ora
2450 3201 2690 3255 omnium
2719 3201 3069 3271 aperientem,
3097 3214 3151 3256 et
3175 3201 3315 3271 apud
3335 3217 3524 3258 omnes

1942 3292 2034 3364 qui
2062 3292 2244 3348 vident
2279 3299 2336 3348 et
2375 3293 2676 3359 accedunt,
2707 3308 2801 3348 eos
2830 3292 2922 3364 qui
2949 3292 3280 3348 aediﬁcarunt
3316 3295 3523 3364 gravis-

1942 3387 2078 3442 sime
2103 3386 2507 3455 increpantem?
2531 3385 2796 3454 Quidnam
2822 3393 2998 3456 potest
3021 3401 3142 3441 cum
3171 3385 3270 3442 hac
3292 3385 3522 3442 conferri

1943 3477 2188 3544 stultitia,
2215 3476 2429 3546 quando
2455 3491 2517 3533 ea
2544 3476 2746 3533 faciunt
2769 3475 2839 3533 de
2864 3477 3056 3548 quibus
3083 3477 3393 3547 puniuntur,
3426 3492 3525 3548 pro

1943 3568 2133 3640 quibus
2162 3577 2482 3623 accusantur
2501 3610 2516 3636 ,
2554 3577 2774 3641 propter
2801 3584 2921 3639 qua:
2949 3569 3112 3624 etiam
3153 3578 3272 3639 post
3296 3577 3522 3625 mortem

1941 3677 1973 3717 a
1998 3661 2178 3718 multis
2200 3661 2522 3718 effodiuntur
2547 3679 2561 3715 :
2590 3677 2654 3716 ex
2682 3661 2873 3732 quibus
2901 3662 3315 3730 exsecrationes,
3343 3677 3524 3733 repre~

1943 3753 2228 3810 hensiones
2256 3761 2312 3808 et
2337 3753 2499 3808 multa
2525 3752 2749 3808 crimina
2780 3754 3023 3809 oriuntur
3041 3795 3057 3821 ,
3088 3763 3193 3808 tam
3220 3752 3290 3808 ab
3328 3754 3408 3809 eis
3431 3753 3521 3824 qui

1942 3845 2135 3916 injuria
2156 3843 2329 3899 affecti
2355 3852 2498 3910 sunt,
2519 3859 2679 3914 quam
2699 3843 2789 3914 qui
2816 3857 2921 3898 non
2946 3842 3120 3898 ail'ecti
3146 3843 3301 3899 sunt?
3324 3842 3410 3898 16.
3428 3841 3522 3896 Ve-

1941 3945 2222 3991 rumtamen
2244 3933 2384 3989 Deus
2404 3934 2610 3988 redimet
2630 3933 2852 3988 animam
2875 3949 3035 3986 meam
3056 3933 3119 3987 de
3141 3948 3295 3986 manu
3315 3932 3521 4005 inferni,

1941 4029 2147 4101 quando
2165 4027 2410 4098 acceperit
2435 4043 2533 4081 me.
2566 4027 2851 4096 Postquam
2877 4026 3008 4080 dixit
3034 4024 3336 4081 mercedem
3357 4024 3526 4078 malo-

1942 4135 2060 4175 rum
2086 4161 2101 4186 ,
2133 4128 2186 4174 et
2211 4118 2533 4188 stipendium
2565 4117 2786 4187 peccati,
2828 4116 2957 4171 dicit
2991 4115 3150 4170 etiam
3178 4114 3394 4184 prmmia
3425 4114 3524 4168 bo-

1943 4226 2136 4268 norum
2169 4229 2183 4265 :
2215 4209 2357 4281 quod
2384 4218 2439 4264 et
2463 4208 2578 4278 ipse
2605 4220 2659 4264 et
2691 4209 2780 4262 alii
2812 4207 3083 4277 propheta:
3122 4206 3300 4262 facere
3327 4207 3522 4273 solent,

1944 4313 2002 4359 ut
2046 4319 2109 4360 ex
2154 4311 2380 4373 utroque
2422 4300 2724 4356 auditorum
2772 4299 3070 4365 instituant,
3123 4313 3314 4370 nempe
3357 4305 3412 4353 et
3453 4313 3521 4353 ex

1944 4397 2122 4468 poenis
2146 4387 2486 4467 peccatorum
2511 4435 2525 4460 ,
2558 4405 2612 4451 et
2641 4409 2705 4449 ex
2746 4392 2978 4464 praemiis
3002 4392 3232 4447 virtutis.
3280 4391 3354 4446 ita
3397 4406 3527 4462 ergo

1944 4503 2004 4543 se
2030 4487 2228 4543 habent
2251 4501 2339 4542 res
2364 4487 2598 4552 illorum,
2628 4483 2865 4550 infamia,
2890 4484 3038 4538 labor
3061 4481 3254 4548 inanis,
3278 4482 3524 4550 stultitia,

1945 4581 2105 4644 risus,
2133 4579 2366 4635 dedecus
2385 4619 2400 4643 ,
2432 4578 2707 4642 interitus,
2736 4592 2880 4631 mors
2901 4618 2916 4643 ,
2946 4585 3291 4643 tormentum,
3329 4590 3524 4646 perpeo

1946 4681 2096 4726 tuum
2141 4670 2496 4741 supplicium,
2543 4668 2801 4724 molestiis
2849 4669 3144 4738 expositum
3189 4683 3220 4722 a
3260 4667 3429 4738 gloria
3473 4678 3528 4724 et

1945 4761 2235 4818 securitate
2272 4759 2561 4827 excidisse,
2589 4761 2739 4816 vivos
2767 4769 2821 4815 et
2858 4768 3127 4827 mortuos,
3161 4761 3445 4832 vituperari
3473 4770 3530 4816 et

1947 4851 2210 4917 accusari,
2243 4851 2442 4906 nullum
2470 4851 2715 4906 invenire
2739 4849 3001 4905 malorum
3031 4850 3296 4905 solatium.
3338 4849 3529 4905 Nostra

1948 4955 2126 4999 autem
2152 4951 2337 4998 contra
2369 4957 2428 4997 se
2455 4942 2657 4998 habent
2684 4940 2884 5009 omnia,
2922 4942 3166 4997 liberatio
3190 4956 3222 4996 a
3247 4942 3527 5010 supplicio,

1949 5037 2166 5090 libertas
2193 5035 2421 5102 animm,
2457 5035 2717 5090 securitas
2735 5076 2751 5102 ,
2783 5033 2956 5088 honor
2975 5075 2990 5100 ,
3015 5034 3202 5105 gloria.
3238 5034 3360 5088 lla-c
3385 5031 3530 5087 enim

1949 5129 2128 5182 omnia
2154 5127 2527 5195 subindicavit,
2554 5143 2673 5182 cum
2695 5127 2855 5182 dixit:
2873 5125 3222 5182 Verumtamen
3249 5125 3386 5178 Deus
3415 5123 3534 5178 red-

1950 5221 2066 5274 intet
2109 5222 2332 5276 animam
2361 5237 2520 5275 meam
2550 5221 2612 5274 de
2638 5238 2792 5274 manu
2822 5221 3031 5291 inferni,
3056 5219 3259 5289 quando
3285 5219 3532 5288 acceperit

1952 5328 2029 5366 me
2063 5313 2307 5368 :iuferos
2345 5312 2432 5367 hic
2477 5312 2661 5366 dicens
2705 5311 3018 5382 supplicium
3044 5353 3059 5378 ,
3106 5311 3372 5364 cruciatus
3414 5309 3533 5364 il!os

1954 5406 2337 5462 intolerabiles.
2387 5401 2677 5460 Considera
2725 5414 2901 5457 autem
2946 5412 3174 5473 quantus
3218 5401 3290 5455 sit
3339 5402 3530 5468 honor,

1958 5515 2064 5554 non
2098 5507 2313 5569 propter
2340 5496 2442 5550 hoc
2471 5505 2673 5550 tantum
2697 5537 2711 5562 ,
2743 5495 2836 5549 sed
2881 5496 3042 5548 etiam
3069 5504 3287 5566 propter
3318 5495 3368 5549 id
3391 5496 3532 5566 quod

1955 5590 2310 5661 subjungitur.
2353 5590 2483 5642 Cum
2523 5588 2684 5652 enim,
2729 5587 2917 5656 inquit,
2958 5585 3226 5655 acceperit
3259 5602 3374 5653 nte,
3412 5596 3536 5644 tunc

1957 5682 2130 5753 ipsum
2168 5679 2360 5735 videbo
2401 5678 2600 5733 clarius
2641 5693 2797 5747 quam
2849 5691 3007 5730 nunc.
3050 5674 3204 5732 Nunc
3250 5678 3391 5733 enim
3441 5695 3536 5748 per

1958 5775 2116 5830 fidem
2145 5773 2496 5836 ambulamus,
2521 5786 2626 5825 non
2645 5782 2746 5836 per
2771 5768 3026 5839 speciem,
3051 5777 3177 5824 tunc
3201 5781 3378 5824 autem
3403 5770 3537 5828 faeie

1961 5867 2026 5924 ad
2054 5867 2239 5923 faciem
2276 5867 2360 5938 (t.
2383 5862 2501 5921 Cor.
2535 5862 2617 5918 15.
2655 5860 2769 5932 I2).
2799 5859 3090 5938 Redempta
3119 5869 3296 5917 autem
3333 5861 3535 5927 anima,
