4086 6268
607 424 713 481 239

607 549 802 606 corpus
826 548 1037 611 quoque
1060 533 1162 589 erit
1184 532 1444 588 bonorum
1467 533 1748 603 particeps.
1781 531 1863 584 η.
1895 529 1975 584 Νι
2001 530 2176 582 timue-

608 629 678 682 ris
703 641 818 680 eum
840 624 977 680 dives
1005 627 1170 696 factus
1199 623 1351 692 fuerit
1373 624 1524 676 homo
1542 663 1557 689 ,
1599 623 1677 676 vel
1699 637 1815 674 cunt
1845 619 2179 690 multiplicata

611 718 758 788 fuerit
782 716 947 788 gloria
971 715 1149 768 domus
1177 715 1304 781 eius.
1332 713 1456 768 “me
1483 729 1602 768 cum
1630 714 1700 766 ita
1725 727 1785 766 se
1812 712 2058 773 habeant,
2092 711 2175 764 in.

609 810 743 880 quit,
772 807 896 878 quid
923 808 1080 862 times
1108 804 1438 875 praesentia?
1473 805 1598 875 quid
1638 812 1692 860 te
1732 801 1872 857 male
1898 801 2057 856 habet
2093 802 2177 855 in-

607 898 768 968 opia?
810 896 936 968 quid
979 895 1232 951 formidas
1277 895 1539 951 divitem?
1577 892 1835 947 Audivisti
1877 905 1996 961 qua:
2038 889 2178 945 dicta

607 997 730 1043 sunt
773 987 841 1043 de
883 987 1294 1052 resurrectione,
1335 985 1404 1040 de
1443 986 1704 1040 bonorum
1749 983 2069 1048 hereditate,
2109 980 2179 1036 de

607 1080 868 1151 supplicio
895 1077 1198 1133 malorum?
1231 1077 1365 1146 Quid
1396 1076 1612 1130 umbras
1635 1074 1886 1142 deinceps
1921 1073 2184 1143 portione--

605 1170 756 1228 scis?
797 1170 890 1227 llla
918 1169 1057 1225 enim
1084 1178 1209 1224 sunt
1238 1170 1388 1222 tirma
1413 1181 1476 1223 ac
1499 1167 1728 1231 stabilia,
1759 1164 1874 1219 haec
1901 1180 2030 1220 vero
2052 1171 2178 1218 sunt

606 1261 798 1316 similia
826 1260 1045 1316 floribus
1072 1259 1162 1329 qui
1200 1257 1536 1312 ﬁaccescunt.
1572 1256 1830 1311 Omnibus
1860 1255 2038 1324 itaque
2061 1255 2180 1308 aliis

608 1351 1011 1420 pmtermissis,
1038 1364 1213 1404 arcem
1241 1349 1503 1403 malorum
1541 1347 1770 1412 invasit,
1809 1361 2000 1414 nempe
2037 1345 2175 1399 divi-

607 1443 794 1496 tiarum
836 1441 1179 1511 cupiditatem
1218 1459 1231 1494 :
1272 1455 1334 1496 ea
1378 1439 1520 1494 enim
1565 1438 1780 1504 diruta,
1824 1439 1926 1491 alia
1965 1451 2177 1507 quoque

604 1533 762 1587 simul
789 1533 1160 1587 destruuntur.

673 1623 760 1676 li.
803 1622 870 1676 Et
893 1622 1159 1692 quomodo
1189 1637 1294 1674 non
1324 1620 1553 1684 timebo,
1586 1620 1792 1689 inquit,
1820 1632 1914 1673 eos
1937 1618 2024 1688 qui
2054 1629 2176 1672 tan-

604 1723 712 1766 tum
755 1712 1026 1781 possunt?
1069 1710 1308 1766 Potentia
1343 1721 1424 1764 est
1465 1709 1530 1763 ad
1573 1709 1738 1764 breve
1781 1719 2009 1777 tempus,
2040 1709 2177 1762 vires

602 1802 760 1856 unius
810 1803 992 1863 horze,
1033 1801 1221 1855 transit
1275 1817 1448 1854 rerum
1502 1814 1808 1864 successus,
1860 1799 2073 1853 umbras
2123 1809 2180 1854 et.

603 1891 810 1945 somnia
838 1891 1110 1945 imitantur
1137 1891 1404 1960 pecuniae.
1433 1890 1661 1956 divititn,
1688 1899 1743 1944 et
1769 1890 1941 1943 honor
1971 1898 2171 1954 tantus,

603 1991 657 2036 et
682 1983 804 2038 ideo
833 1981 1105 2051 subjuuxit
1133 2001 1146 2036 :
1179 1983 1264 2036 18.
1307 1983 1555 2048 Quoniam
1597 1997 1715 2035 cum
1751 1983 2026 2048 interierit,
2075 1999 2178 2034 non

601 2081 763 2126 sumet
807 2072 1010 2137 omnia,
1058 2088 1214 2139 neque
1253 2072 1515 2140 descendet
1554 2089 1667 2125 cum
1710 2088 1769 2125 eo
1814 2072 1979 2141 gloria
2021 2073 2176 2141 ejus:

602 2163 926 2233 subjungens
943 2178 1176 2228 causam,
1203 2178 1296 2217 cur
1317 2179 1423 2217 non
1447 2163 1627 2218 timeat
1651 2178 1769 2234 quae
1793 2173 1913 2217 sunt
1936 2177 2176 2218 momen-

604 2266 778 2310 tauea.
802 2254 955 2310 Venit
975 2269 1139 2322 mors,
1165 2255 1395 2310 radicem
1415 2255 1657 2320 abscidit,
1682 2265 1734 2311 et
1755 2256 2002 2310 universa
2023 2270 2175 2310 coma

601 2344 796 2399 decidit
838 2359 959 2400 cum
1007 2345 1171 2412 foliis,
1214 2354 1268 2400 et
1305 2346 1492 2400 domus
1537 2345 1691 2400 facile
1725 2347 1840 2416 capi
1890 2354 2065 2416 potest
2109 2346 2178 2400 ab

602 2436 869 2492 euntibus.
912 2437 1364 2504 Quemadmodum
1409 2452 1538 2508 ergo
1580 2452 1708 2494 oves
1752 2447 1807 2494 et
1842 2453 2018 2508 capra:
2055 2445 2180 2508 post

603 2527 892 2582 sectionem
931 2528 1192 2596 jacentem
1222 2529 1468 2584 arborem
1493 2529 1776 2583 invadunt:
1821 2529 1889 2583 ita
1919 2529 2078 2584 etiam
2123 2530 2177 2583 in

605 2619 669 2673 iis
707 2619 796 2688 qui
851 2618 956 2675 hoc
999 2621 1158 2675 modo
1203 2631 1328 2675 sunt
1364 2622 1574 2686 divites,
1619 2621 1768 2676 multi
1803 2622 1979 2685 amici,
2025 2621 2197 2675 multi.

603 2724 790 2766 eorum
813 2725 947 2782 quos
969 2711 1236 2767 beneﬁciis
1255 2711 1566 2779 affecerunt,
1597 2712 1933 2766 inveniuntur
1953 2727 2039 2767 res
2061 2711 2178 2766 illo-

603 2817 719 2856 rum
749 2801 971 2872 perdere
1000 2812 1052 2857 et
1075 2812 1353 2866 evertere;
1383 2813 1437 2858 et
1460 2804 1548 2873 qui
1580 2812 1656 2864 tot
1681 2812 1737 2858 et
1761 2811 1901 2858 tanta
1933 2803 2174 2873 posside-

603 2893 713 2959 bat,
741 2901 818 2949 tot
846 2894 1182 2964 pocillatores
1203 2935 1218 2958 ,
1249 2901 1326 2948 tot
1353 2909 1550 2963 coquos
1574 2935 1590 2958 ,
1624 2902 1862 2948 crateres
1889 2908 2081 2948 aureos
2123 2903 2178 2948 et

602 2993 885 3054 argenteos
913 2983 1160 3047 habebat,
1190 2993 1262 3038 tot
1293 2993 1346 3038 ct
1373 2993 1513 3038 tanta
1545 2993 1698 3038 terra:
1720 2983 1940 3053 jugera,
1965 2984 2174 3049 domos,

603 3077 886 3146 mancipia,
917 3091 1083 3148 equos
1102 3117 1115 3140 ,
1147 3077 1339 3139 mulos,
1372 3076 1635 3142 camelos,
1663 3089 1836 3132 castra
1861 3090 2132 3132 servorum
2157 3119 2174 3143 ,

601 3169 747 3225 solus
766 3169 895 3234 abit,
918 3180 971 3224 et
995 3185 1152 3225 nemo
1180 3185 1299 3224 cum
1323 3185 1387 3224 eo
1409 3169 1651 3232 discedit,
1674 3184 1772 3224 nec
1796 3168 1938 3238 ipsas
1962 3169 2174 3240 quidem

602 3269 780 3315 vestes
805 3274 1041 3315 sumens.
1068 3260 1184 3327 Quo
1213 3261 1352 3316 enim
1383 3259 1542 3315 fuerit
1571 3259 1896 3328 splendidius
1938 3257 2174 3326 indutus,

603 3357 751 3404 tanto
777 3349 1053 3405 lautiorem
1082 3365 1317 3406 mensam
1348 3349 1513 3405 vermi
1541 3363 1730 3419 parans
1757 3349 1979 3416 recedit,
2007 3359 2061 3404 et
2085 3359 2174 3404 se-

603 3442 908 3512 pulcrorum
937 3442 1277 3498 eﬂ'ossoribus
1303 3441 1613 3513 ampliorem
1642 3441 1986 3512 cupiditatem
2003 3481 2019 3508 ,
2043 3451 2096 3496 et
2121 3442 2174 3498 in

604 3533 858 3588 miserunt
881 3547 1077 3603 corpus
1099 3533 1326 3602 majores
1352 3533 1589 3588 insidias.
1617 3533 1734 3600 Quo
1757 3534 1898 3588 enim
1923 3547 1982 3587 se
2007 3533 2175 3604 magis

603 3633 827 3680 exornat
849 3665 865 3688 ,
892 3640 958 3681 eo
986 3625 1038 3680 in
1082 3639 1141 3681 se
1169 3627 1421 3694 majorem
1451 3625 1820 3680 contumeliam
1863 3635 2174 3696 comparat,

603 3732 792 3772 manus
817 3731 1004 3772 eorum
1027 3717 1117 3788 qui
1145 3716 1327 3772 thecas
1353 3715 1610 3770 eﬁ‘odiunt
1628 3732 1839 3771 armans
1866 3717 1918 3770 in
1942 3719 2172 3786 seipsutn

600 3819 659 3865 et
700 3809 948 3864 inritans.
978 3809 1048 3863 Et.
1088 3807 1215 3879 quid
1263 3810 1413 3862 tum?
1454 3808 1696 3878 inquies:
1737 3817 1789 3862 at
1837 3807 1926 3864 hic
1961 3809 2174 3878 quidem

599 3910 745 3958 certe
773 3916 831 3957 se
845 3901 1028 3972 jactat,
1049 3903 1324 3972 gloriatur,
1347 3909 1400 3956 et
1424 3901 1726 3956 intumescit
1750 3916 1914 3971 usque
1939 3901 2005 3956 ad
2028 3918 2174 3956 mor-

599 4003 728 4048 tem.
748 3991 857 4047 ltno
873 4007 997 4047 vero
1018 3991 1168 4047 multi
1190 4005 1256 4048 ne
1273 3991 1340 4046 ad
1359 4002 1583 4046 mortem
1607 3989 1847 4061 quidem;
1875 3990 1967 4046 sed
1985 3992 2037 4046 in
2059 3991 2176 4046 illos

537 4110 548 4117 -
597 4083 797 4138 coortis
831 4083 1246 4150 insidiatoribus,
1293 4083 1566 4151 quibusvis
1599 4083 1704 4137 reis
1743 4083 1985 4152 graviora
2034 4083 2172 4152 passi

597 4184 742 4240 sunt,
774 4177 992 4246 pecunia
1022 4175 1261 4246 spoliati,
1294 4174 1511 4229 infamia
1536 4175 1721 4240 notati,
1757 4176 1808 4230 in
1834 4191 2048 4230 carcere
2075 4175 2173 4230 ha-

599 4267 845 4322 bitantes.
873 4266 972 4334 Qui
1019 4268 1160 4322 enim
1203 4266 1317 4322 heri
1357 4267 1410 4320 in
1455 4281 1633 4328 curru,
1663 4265 1820 4322 hodie
1863 4267 1914 4321 iu
1956 4276 2172 4335 catena;

598 4359 690 4427 qui
719 4360 830 4413 heri
861 4360 1242 4415 observabatur
1267 4359 1336 4414 ab
1361 4359 1740 4423 adulatoribus,
1775 4361 1915 4415 uu'uc
1937 4375 1968 4414 a
1996 4360 2172 4414 carni-

602 4450 786 4505 ﬁcibus
827 4448 1134 4516 obsidetur;
1179 4451 1268 4520 qui
1315 4460 1580 4520 unguenta
1636 4451 1844 4516 elebat,
1901 4467 2040 4507 nunc
2091 4461 2172 4506 est

602 4553 877 4608 respersus
902 4540 1184 4610 sanguine;
1203 4541 1289 4610 qui
1320 4540 1374 4595 in
1405 4541 1547 4595 molli
1568 4540 1707 4596 lecto
1727 4541 2089 4609 accumbebat,
2120 4543 2174 4597 in

601 4630 738 4684 duro
762 4629 878 4684 solo
899 4630 1078 4700 jacet;
1110 4632 1198 4700 qui
1225 4632 1292 4685 ab
1317 4633 1562 4687 omnibus
1585 4633 1876 4698 colebatur,
1899 4633 1967 4686 ab
1996 4633 2172 4686 omni-

602 4723 703 4777 bus
728 4723 1098 4777 contemnitur.
1130 4728 1199 4776 At
1233 4723 1283 4776 in
1313 4733 1483 4778 morte
1509 4726 1624 4790 ejus
1651 4734 1774 4779 sunt
1807 4724 2095 4794 magniﬁca:
2120 4735 2174 4781 et

599 4812 891 4885 splendid-aa
909 4815 1194 4884 exsequite.
1219 4815 1284 4869 Et
1301 4815 1425 4886 quid
1451 4815 1517 4870 ad
1541 4816 1708 4882 illum,
1740 4818 1828 4886 qui
1851 4834 1954 4871 non
1976 4817 2173 4872 sentit?

599 4906 765 4977 Major
791 4906 964 4970 fmlor,
995 4905 1166 4976 major
1189 4905 1398 4969 horror,
1427 4906 1618 4960 invidia
1651 4907 2051 4963 vehementior:
2091 4917 2174 4963 est

594 4999 742 5055 enim
785 4995 908 5052 ﬁliis
949 5013 1068 5052 cum
1107 5006 1321 5051 mortuo
1366 4996 1561 5052 bellum
1607 5006 1914 5067 perpetuum
1956 5008 2174 5069 propter

598 5093 740 5147 illam
785 5087 1250 5164 magniﬁcentiam.
1293 5088 1429 5144 Vide
1461 5099 1638 5144 autem
1661 5105 1818 5158 quam
1848 5092 1918 5144 sit
1955 5091 2170 5145 verbmn

589 5193 845 5241 accurate
879 5183 1106 5253 positum
1129 5224 1142 5246 ,
1173 5191 1226 5237 et
1266 5198 1424 5252 quam
1471 5183 1542 5236 sit
1578 5197 1765 5252 magna
1819 5183 2169 5254 philosophia.

593 5276 710 5332 Non
737 5275 911 5332 solum
936 5276 1075 5330 enim
1101 5289 1222 5329 eum
1251 5289 1321 5328 ex
1343 5288 1408 5328 eo
1431 5275 1740 5338 insectatur,
1771 5273 1910 5343 quod
1944 5289 2046 5328 non
2070 5293 2170 5331 una

593 5366 864 5434 recedant,
895 5365 990 5422 sed
1015 5365 1172 5422 etiam
1199 5380 1320 5420 eum
1347 5364 1433 5420 hic
1451 5365 1593 5418 omni
1624 5373 1815 5434 pompa
1839 5376 1886 5418 et
1919 5379 2170 5436 apparatu

594 5459 808 5527 spoliat,
831 5468 886 5516 et
919 5473 1019 5516 nec
1053 5457 1264 5513 divitias
1285 5455 1496 5527 quidem
1525 5471 1644 5512 esse
1681 5457 1932 5523 ostendit,
1961 5459 2170 5523 quando

592 5564 778 5604 carum
819 5548 1154 5619 possessione
1192 5548 1478 5603 fruebatur.
1519 5547 1632 5602 Non
1662 5547 1794 5601 dixit
1828 5547 1968 5601 cutim
1991 5587 2006 5610 ,
2035 5546 2167 5601 Cum

593 5640 936 5711 multiplicata
964 5641 1124 5696 fuerit
1147 5641 1310 5712 gloria
1336 5640 1470 5711 ejus,
1496 5640 1608 5705 sed,
1644 5638 1819 5694 Gloria
1842 5641 2019 5693 domus
2039 5640 2165 5708 ejus.

596 5730 723 5786 iitec
746 5731 887 5787 enim
906 5731 1104 5799 omnia,
1131 5748 1251 5801 qua:
1272 5733 1594 5792 enumeravi.
1625 5731 1816 5793 fontes,
1840 5731 2166 5793 ambulacro.

591 5821 835 5891 porticus
851 5829 903 5876 et
931 5820 1135 5884 balnea,
1164 5836 1346 5875 aurmn
1373 5831 1422 5876 et
1459 5831 1729 5892 argentum
1753 5862 1764 5887 ,
1790 5837 1907 5891 t‘tltli
1935 5832 1984 5876 et
2017 5823 2161 5887 muli,

1313 422 1369 475 S.
1408 417 1685 474 JOANNIS
1721 413 2190 472 CHRYSOSTOMI
2228 412 2541 470 ARCHIEP.
2579 416 3109 474 CONSTANTINOP.

3756 423 3862 478 ﬂio

2288 527 2533 597 stragula:
2559 539 2732 586 vestes
2758 539 2812 584 et
2835 529 3161 595 indumenta,
3185 541 3308 586 sunt
3333 531 3499 600 gloria
3527 532 3740 601 domus,
3754 553 3861 592 nou

2284 617 2515 674 hominis
2539 621 2629 690 qui
2657 621 2870 676 domum
2900 622 3118 677 habitat.
3188 625 3192 630 ’

2360 708 2590 764 Hominis
2632 712 2794 782 gloria
2828 713 3001 766 uirtus.
3025 742 3099 754 —
3123 711 3362 768 Hominis
3401 718 3544 770 enim
3576 716 3740 788 gioria
3779 731 3872 774 est

2282 801 2481 867 virtus,
2511 803 2650 858 unde
2678 803 2835 857 etiam
2863 803 3007 858 vadit
3035 819 3137 858 una
3164 820 3284 859 cum
3321 819 3650 874 possessore.
3682 807 3866 864 Hanet

2281 899 2455 947 autem
2483 894 2594 964 ipsa
2612 894 2803 950 domus
2823 896 2990 965 gloria
3013 912 3030 961 ;
3055 896 3161 950 imo
3186 911 3313 950 vero
3333 912 3399 951 ne
3421 906 3599 952 manet
3621 899 3861 968 quidem,

2280 981 2376 1037 sed
2403 986 2561 1037 etiam
2587 998 2691 1038 una
2713 1001 2834 1040 cum
2872 985 3033 1041 domo
3059 987 3369 1041 dissolvitur
3390 1029 3406 1054 ,
3445 1003 3544 1043 nec
3569 990 3867 1060 quidquam-

2281 1073 2328 1127 ei
2360 1074 2554 1142 profuit
2595 1076 2684 1144 qui
2722 1076 2774 1131 in
2803 1091 2866 1132 ea
2899 1078 3244 1132 versabatur:
3275 1094 3447 1148 neque
3484 1081 3624 1134 enim
3651 1091 3767 1136 erat
3796 1083 3864 1136 il-

2281 1162 2402 1218 lius.
2435 1165 2520 1220 i9.
2565 1165 2697 1232 Quia
2731 1168 2902 1220 animo
2942 1169 3054 1238 ejus
3089 1169 3143 1221 in
3182 1171 3282 1222 sita
3326 1170 3484 1238 ipsius
3519 1170 3858 1225 benedicetnr.

2283 1257 2566 1328 Postquam
2588 1259 2721 1313 dixit
2743 1259 2812 1315 de
2839 1260 2956 1328 ejus
2979 1260 3144 1327 gloria
3172 1270 3227 1315 et
3251 1261 3466 1325 divitiis,
3499 1277 3641 1317 nunc
3667 1264 3862 1319 transit

2279 1349 2344 1403 ad
2375 1349 2653 1404 dicendum
2681 1350 2750 1405 de
2775 1350 3037 1404 laudibus.
3069 1351 3207 1418 Quia
3228 1352 3368 1405 enim
3398 1352 3590 1406 divites
3615 1353 3717 1408 hoc
3743 1368 3864 1407 ma-

2281 1454 2385 1509 gno
2426 1440 2601 1494 studio
2644 1449 3030 1510 persequuntur
3050 1482 3065 1506 ,
3119 1443 3528 1496 assentationem
3585 1443 3641 1497 in
3695 1441 3858 1510 foro,

2280 1529 2675 1583 observantiam
2695 1544 2726 1583 a
2757 1531 2972 1599 populo,
3003 1530 3238 1599 publicas
3263 1531 3613 1596 laudationes,
3636 1533 3860 1588 simula-

2281 1619 2424 1673 tione
2463 1619 2656 1673 referta
2695 1621 2954 1684 encomia,
2994 1634 3346 1690 magnumque
3387 1637 3508 1676 esse
3554 1623 3765 1678 videtur
3802 1625 3864 1678 in

2284 1711 2530 1776 theatris,
2561 1711 2612 1765 in
2653 1710 2945 1774 conviviis,
2977 1710 3031 1765 in
3068 1711 3284 1781 judiciis
3327 1714 3513 1782 plausu
3542 1715 3711 1783 excipi
3737 1755 3752 1777 ,
3783 1717 3858 1769 ab

2280 1805 2527 1859 omnibus
2544 1804 2842 1874 praedicari.
2865 1803 3077 1858 beatum
3095 1805 3381 1859 existimari
3405 1824 3418 1858 :
3445 1805 3565 1860 vide
3584 1807 3858 1875 quomodo

2281 1893 2384 1949 hoc
2409 1911 2618 1965 quoque
2643 1895 2874 1950 detrahit
2900 1911 2965 1951 es
3009 1903 3262 1964 tempore.
3299 1896 3366 1950 In
3392 1899 3493 1951 vita
3529 1899 3671 1952 enim
3697 1899 3805 1962 eius
3827 1940 3846 1964 ,

2281 1985 2478 2054 inquit,
2523 1985 2624 2039 hoc
2662 1993 2763 2050 est,
2808 1985 2921 2041 haec
2948 1987 3300 2052 observantia,
3350 1993 3407 2041 et
3443 1986 3564 2050 hoc,
3612 1988 3852 2043 laudibus

2279 2075 2440 2143 afﬁci,
2480 2084 2562 2130 est
2605 2076 2674 2130 ad
2719 2085 3029 2147 praesentem
3073 2090 3240 2147 usque
3279 2077 3438 2131 vitam
3478 2095 3490 2132 :
3523 2093 3627 2132 una
3672 2086 3860 2132 autem

2280 2182 2400 2221 cum
2429 2167 2548 2222 aliis
2561 2166 2664 2223 hoc
2681 2181 2894 2237 quoque
2913 2167 3235 2232 dissolvitur,
3261 2167 3475 2238 utquod
3501 2168 3569 2221 sit
3592 2167 3854 2223 caducum

2279 2269 2335 2314 et
2358 2269 2809 2314 momentancum.
2845 2257 2951 2314 Sed
2980 2261 3141 2314 etiam
3177 2259 3391 2328 quando
3425 2258 3476 2314 id
3515 2259 3796 2314 exhibetur
3823 2279 3862 2316 a

2280 2349 2650 2416 laudantibus,
2696 2358 2816 2419 post
2864 2359 3088 2405 mortem
3134 2349 3338 2405 recedit
3389 2350 3441 2406 in
3494 2352 3854 2414 contrarium,

2281 2442 2492 2513 quando
2517 2443 2659 2497 larva
2698 2453 2870 2498 metus
2899 2443 3132 2498 detracta
3161 2441 3341 2498 fuerit.
3370 2441 3696 2511 Conﬁtebitur
3723 2444 3813 2496 tibi
3839 2485 3854 2504 .

2281 2549 2392 2586 cum
2414 2533 2708 2604 benefeceris
2733 2533 2798 2587 ei.
2825 2531 2955 2588 Vide
2974 2531 3240 2602 quomodo
3261 2541 3471 2587 accusat
3490 2533 3646 2586 etiam
3665 2548 3856 2588 eorum

2281 2621 2554 2678 beneﬁcia.
2587 2621 2664 2677 Tu
2699 2622 2844 2678 enim
2861 2623 3149 2677 assentaris
3179 2629 3236 2677 et
3258 2622 3540 2689 observas,
3569 2622 3866 2693 quamdam

2281 2714 2348 2770 ad
2374 2723 2583 2786 tempus
2621 2715 3009 2770 observantiam
3039 2715 3330 2769 simulans:
3359 2715 3448 2770 ille
3485 2724 3658 2769 autem
3691 2715 3861 2770 habe-

2282 2807 2358 2861 bit
2378 2808 2535 2863 etiam
2559 2807 2650 2862 tibi
2674 2807 2890 2878 gratias,
2918 2822 2945 2859 a
2974 2814 3026 2862 te
3052 2821 3255 2871 emens,
3280 2813 3338 2860 ut
3359 2822 3477 2877 quae
3493 2807 3677 2862 suntei
3703 2817 3866 2876 grata

2281 2898 2462 2964 facias,
2489 2909 2544 2954 et
2563 2915 2751 2968 magno
2774 2898 2825 2953 id
2847 2912 3048 2961 emens,
3081 2907 3206 2952 tunc
3231 2897 3343 2962 tibi,
3363 2898 3561 2969 inquit,
3581 2908 3698 2966 aget
3724 2914 3858 2966 gra-

2283 2990 2400 3045 tias.
2428 2989 2540 3044 Hoc
2564 2991 2706 3044 enim
2727 2989 2825 3043 sibi
2847 2989 2953 3043 vult
2977 2988 3103 3042 illud
3129 3009 3142 3044 :
3171 2986 3497 3056 Conﬁtebitur
3517 2987 3628 3053 tibi,
3650 2989 3860 3057 quando

2281 3079 2572 3150 benefaceris
2610 3080 2728 3150 ipsi.
2769 3078 2885 3134 Non
2927 3078 3076 3145 dixit,
3118 3077 3339 3144 Quando
3386 3077 3576 3132 feceris
3613 3077 3754 3147 quod
3787 3079 3865 3132 sit

2280 3173 2432 3239 utile,
2457 3171 2666 3242 quando
2696 3171 3018 3226 benefeceris
3037 3211 3054 3237 ,
3083 3169 3176 3224 sed
3201 3212 3216 3235 ,
3245 3169 3470 3237 Quando
3505 3183 3624 3238 quo:
3650 3177 3774 3222 sunt
3803 3170 3856 3222 ei

2279 3262 2448 3329 cordi,
2475 3271 2528 3317 et
2549 3277 2666 3332 qua:
2691 3276 2754 3316 es
2784 3260 2900 3330 ejus
2920 3260 3080 3315 animi
3107 3260 3388 3324 sententia,
3417 3258 3604 3314 feceris
3628 3275 3642 3311 :
3673 3268 3858 3313 astet»

2279 3353 2411 3409 dens
2438 3353 2682 3422 utrinque
2708 3367 2826 3407 esse
2848 3351 3098 3406 damnum
3115 3390 3130 3414 ,
3154 3360 3207 3406 et
3235 3366 3300 3404 ex
3328 3348 3445 3405 ﬁcta
3471 3350 3856 3415 assentatione,

2280 3454 2332 3500 et
2360 3460 2424 3500 ex
2457 3443 2752 3514 pernicioso
2781 3443 3092 3497 ministerio.
3127 3443 3200 3514 (a)
3231 3440 3322 3495 20.
3353 3439 3588 3495 lntroibit
3615 3456 3774 3508 usque
3803 3442 3860 3493 in

2281 3536 2537 3606 progenies
2563 3542 2760 3604 patrum
2784 3549 3008 3599 suorum,
3034 3549 3188 3599 usque
3210 3533 3264 3586 in
3283 3543 3524 3586 internum
3549 3548 3648 3586 non
3673 3532 3860 3585 videbit

2281 3626 2465 3681 lumen.
2498 3627 2584 3680 5i.
2610 3623 2676 3679 Et
2704 3625 2851 3680 homo
2879 3641 2992 3677 cum
3016 3624 3068 3678 in
3095 3624 3282 3677 honore
3301 3631 3426 3676 esset
3445 3639 3544 3676 non
3569 3621 3860 3676 intellexit:

2280 3727 2597 3788 comparatus
2625 3726 2698 3772 est
2722 3717 2960 3788 iumentis
2996 3713 3341 3785 insipientibus
3359 3755 3374 3781 ,
3397 3723 3447 3767 et
3469 3713 3646 3767 similis
3685 3713 3860 3782 [actus

2279 3821 2350 3865 est
2374 3811 2496 3864 illis.
2525 3807 2780 3873 lntroibit,
2804 3807 2917 3862 sive
2939 3805 3230 3859 imitabitur
3253 3814 3460 3874 patrum
3491 3802 3681 3866 zelum,
3711 3811 3766 3856 et
3787 3820 3854 3856 ex

2281 3899 2534 3971 improbis
2575 3908 2748 3964 natus,
2803 3895 3192 3966 improbitatem
3251 3895 3302 3947 in
3351 3903 3549 3947 sortem
3576 3887 3856 3957 accipiet;

2280 3993 2362 4046 vel
2401 3993 2481 4047 sic
2513 3989 2810 4059 intelligas:
2852 3987 2962 4042 Nisi
2998 3986 3123 4056 quid
3173 3986 3293 4040 boui
3327 3983 3531 4043 fecerit,
3563 3999 3626 4037 es
3646 3987 3864 4043 divitiis

2279 4085 2408 4139 nihil
2433 4081 2633 4138 fructus
2660 4081 2962 4152 percepisse
2985 4077 3442 4148 deprehendetur:
3471 4077 3732 4146 relinquet
3757 4093 3859 4128 au-

2283 4185 2385 4230 tem
2415 4174 2642 4243 majores
2669 4186 2794 4228 suos
2816 4172 2870 4226 in
2896 4171 3112 4241 pulvere
3137 4184 3300 4239 usque
3333 4167 3399 4222 ad
3433 4167 3723 4237 judicium:
3757 4184 3862 4223 n:-c

2279 4265 2568 4321 secundum
2628 4272 2828 4318 natura:
2880 4263 3048 4332 legem
3107 4262 3276 4315 lucem
3336 4259 3576 4328 aspicere
3639 4260 3859 4327 poterit.

2282 4356 2481 4412 Deinde
2511 4357 2735 4411 resumit
2763 4359 2949 4408 iterum
2979 4368 3042 4408 ea
3067 4369 3184 4422 qua:
3211 4351 3354 4420 prius
3382 4349 3608 4411 dixerat,
3639 4350 3702 4402 iis
3732 4365 3860 4404 ver-

2280 4451 2363 4504 bis
2386 4467 2399 4504 :
2428 4447 2494 4502 Et
2521 4451 2668 4502 homo
2693 4464 2808 4501 cum
2833 4447 2885 4500 in
2912 4447 3100 4499 honore
3125 4453 3252 4498 esset
3280 4459 3379 4497 non
3405 4443 3648 4496 intellexit
3670 4459 3688 4495 :
3713 4459 3856 4496 com-

2279 4549 2486 4610 paratus
2511 4547 2582 4592 est
2611 4537 2853 4608 jnmentis
2891 4533 3263 4604 insipientibus,
3309 4542 3354 4586 et
3386 4530 3564 4586 similis
3592 4535 3756 4602 [nctus
3785 4544 3864 4586 est

2278 4631 2402 4686 illis.
2435 4631 2548 4696 Ellc,
2570 4631 2758 4699 inquit,
2789 4629 2877 4698 qui
2908 4629 2976 4682 ita
3007 4637 3244 4682 mortuus
3270 4637 3374 4688 est,
3405 4640 3501 4679 nec
3529 4626 3778 4693 pecunias
3801 4635 3863 4680 ut

2281 4741 2375 4795 par
2400 4733 2518 4779 erat
2541 4722 2888 4792 dispensavit,
2917 4720 3047 4774 nihil
3071 4737 3097 4772 a
3125 4719 3280 4773 bruto
3304 4717 3532 4780 differet,
3563 4726 3744 4787 utpote
3765 4720 3858 4786 qui

2279 4833 2309 4872 a
2365 4817 2474 4872 Deo
2507 4825 2780 4885 acceptum
2829 4813 3084 4867 honorem
3134 4826 3240 4864 non
3282 4810 3618 4879 cognoverit;
3667 4809 3862 4862 similis

2280 4907 2450 4962 factus
2478 4915 2560 4962 est
2580 4905 2858 4974 jumentis,
2887 4917 3114 4973 quorum
3145 4901 3265 4954 vita:
3297 4900 3415 4953 finis
3445 4914 3546 4952 una
3579 4913 3726 4952 mors
3752 4911 3856 4953 est.

2279 5000 2320 5053 A
2343 4997 2531 5069 quibus
2553 4995 2749 5050 utinam
2771 4993 3077 5055 liberemur,
3097 5001 3200 5046 tam
3222 4989 3486 5060 discipuli,
3508 4989 3870 5057 quamdocto-

2280 5103 2384 5152 res,
2412 5089 2463 5142 iu
2490 5085 2700 5142 Christo
2727 5088 2852 5139 .lesu
2883 5082 3108 5138 Domino
3137 5094 3338 5143 nostro,
3368 5081 3452 5136 cui
3479 5082 3647 5150 gloria
3677 5091 3730 5135 et
3756 5082 3858 5135 im-

2281 5181 2483 5251 perium
2511 5179 2563 5234 in
2585 5177 2774 5234 saecula
2805 5176 3140 5230 szecnlorum.
3167 5176 3360 5229 Amen.

2733 5287 2798 5343 IN
2843 5285 3162 5343 PSALMUM
3206 5283 3391 5339 XLIX.

2281 5390 2332 5443 l.
2354 5386 2487 5440 Deus
2505 5385 2712 5439 deorum
2737 5381 2983 5436 Dominus
3003 5381 3236 5450 loquutus
3261 5390 3352 5447 est,
3374 5389 3420 5432 et
3435 5379 3625 5432 vocavit
3649 5388 3858 5438 tcrmm.

2631 5494 2662 5530 ιι
2688 5476 2807 5529 solis
2836 5485 2948 5528 ortu
2974 5489 3127 5539 usque
3153 5472 3222 5524 ad
3249 5487 3498 5524 occasum.

2351 5572 2398 5624 i.
2420 5568 2535 5638 Ipse
2555 5582 2762 5638 quoque
2781 5565 2911 5620 dixit
2927 5562 3053 5618 alibi
3071 5580 3084 5616 :
3104 5561 3236 5616 Deus
3254 5563 3386 5615 stetit
3407 5562 3456 5614 in
3475 5563 3862 5630 congregatione

2341 5705 2412 5764 (rt)
2445 5711 2557 5761 Quae
2599 5710 2879 5764 sequuntur
2907 5698 2964 5748 ad
3001 5697 3145 5746 linem
3191 5709 3345 5764 usque
3369 5695 3690 5764 Expositionis
3715 5693 3856 5747 huius

2276 5756 2441 5816 l‘s'iltiti
2462 5756 2643 5813 desunt
2661 5756 2709 5810 i'n
2741 5761 2921 5822 Μίνωι,
2942 5768 3088 5823 atque
3113 5774 3176 5811 ex
3204 5756 3340 5807 savii.
3369 5765 3420 5808 et
3443 5769 3505 5806 ex
3530 5756 3702 5803 (iudice
3729 5765 3851 5802 tmo-

2277 5830 2433 5877 nicnsi
2454 5828 2707 5885 desuntpta
2733 5835 2858 5874 sunt.
2942 5833 2956 5846 ‘

3307 5972 3420 5986 ’δ”-⁷
