  <div class='ocr_page' id='page_1' title='image "/cluster/home/n/w/nwhite01/storage/ocr_20150623/55/mdp.39015028539511/232.png"; bbox 0 0 4114 6278; ppageno 0'>
   <div class='ocr_carea' id='block_1_1' title="bbox 301 367 408 422">
    <p class='ocr_par' dir='ltr' id='par_1_1' title="bbox 301 367 408 422">
     <span class='ocr_line' id='line_1_1' title="bbox 301 367 408 422; baseline -0.019 0"><span class='ocrx_word' id='word_1_1' title='bbox 301 367 408 422; x_wconf 68' lang='lat'>239</span> 
     </span>
    </p>
   </div>
   <div class='ocr_carea' id='block_1_2' title="bbox 300 474 1888 546">
    <p class='ocr_par' dir='ltr' id='par_1_2' title="bbox 300 474 1888 546">
     <span class='ocr_line' id='line_1_2' title="bbox 300 474 1888 546; baseline -0.004 -12"><span class='ocrx_word' id='word_1_2' title='bbox 300 483 450 536; x_wconf 72' lang='grc' dir='ltr'>ὅταν</span> <span class='ocrx_word' id='word_1_3' title='bbox 473 475 796 545; x_wconf 75' lang='grc' dir='ltr'>πληθυνθῇ</span> <span class='ocrx_word' id='word_1_4' title='bbox 824 477 861 546; x_wconf 73' lang='grc' dir='ltr'><strong><em>ἠ</em></strong></span> <span class='ocrx_word' id='word_1_5' title='bbox 900 476 1048 540; x_wconf 76' lang='grc' dir='ltr'>δόξα</span> <span class='ocrx_word' id='word_1_6' title='bbox 1075 474 1180 528; x_wconf 87' lang='grc' dir='ltr'>τοῦ</span> <span class='ocrx_word' id='word_1_7' title='bbox 1217 475 1386 529; x_wconf 76' lang='grc' dir='ltr'>οἴκου</span> <span class='ocrx_word' id='word_1_8' title='bbox 1431 477 1638 530; x_wconf 82' lang='grc' dir='ltr'>αὑτοῦ.</span> <span class='ocrx_word' id='word_1_9' title='bbox 1672 475 1888 528; x_wconf 80' lang='grc' dir='ltr'>Τούτων</span> 
     </span>
    </p>
   </div>
   <div class='ocr_carea' id='block_1_3' title="bbox 299 557 1889 632">
    <p class='ocr_par' dir='ltr' id='par_1_3' title="bbox 299 557 1889 632">
     <span class='ocr_line' id='line_1_3' title="bbox 299 557 1889 632; baseline -0.004 -15"><span class='ocrx_word' id='word_1_10' title='bbox 299 564 475 626; x_wconf 80' lang='grc' dir='ltr'>οὕτως</span> <span class='ocrx_word' id='word_1_11' title='bbox 512 559 768 632; x_wconf 84' lang='grc' dir='ltr'>ἐχόντων,</span> <span class='ocrx_word' id='word_1_12' title='bbox 797 559 952 632; x_wconf 79' lang='grc' dir='ltr'>φησὶ,</span> <span class='ocrx_word' id='word_1_13' title='bbox 980 559 1032 612; x_wconf 87' lang='grc' dir='ltr'>τί</span> <span class='ocrx_word' id='word_1_14' title='bbox 1058 557 1302 622; x_wconf 87' lang='grc' dir='ltr'>δέδοικας</span> <span class='ocrx_word' id='word_1_15' title='bbox 1329 558 1399 612; x_wconf 78' lang='grc' dir='ltr'>τὰ</span> <span class='ocrx_word' id='word_1_16' title='bbox 1431 559 1710 630; x_wconf 80' lang='grc' dir='ltr'>παρόντα;</span> <span class='ocrx_word' id='word_1_17' title='bbox 1748 558 1803 612; x_wconf 89' lang='grc' dir='ltr'>τί</span> <span class='ocrx_word' id='word_1_18' title='bbox 1832 575 1889 611; x_wconf 72' lang='grc' dir='ltr'>τε</span> 
     </span>
    </p>
   </div>
   <div class='ocr_carea' id='block_1_4' title="bbox 299 640 1894 714">
    <p class='ocr_par' dir='ltr' id='par_1_4' title="bbox 299 640 1894 714">
     <span class='ocr_line' id='line_1_4' title="bbox 299 640 1894 714; baseline -0.004 -14"><span class='ocrx_word' id='word_1_19' title='bbox 299 647 466 702; x_wconf 79' lang='grc' dir='ltr'>λυπεῖ</span> <span class='ocrx_word' id='word_1_20' title='bbox 493 644 679 709; x_wconf 75' lang='grc' dir='ltr'>πενίας</span> <span class='ocrx_word' id='word_1_21' title='bbox 711 643 762 697; x_wconf 85' lang='grc' dir='ltr'>τί</span> <span class='ocrx_word' id='word_1_22' title='bbox 787 642 927 714; x_wconf 76' lang='grc' dir='ltr'>φοεῇ</span> <span class='ocrx_word' id='word_1_23' title='bbox 959 641 1048 696; x_wconf 85' lang='grc' dir='ltr'>τὸν</span> <span class='ocrx_word' id='word_1_24' title='bbox 1075 640 1338 712; x_wconf 74' lang='grc' dir='ltr'>εῦπορονς</span> <span class='ocrx_word' id='word_1_25' title='bbox 1375 644 1648 706; x_wconf 78' lang='grc' dir='ltr'>’Ἤκουσας</span> <span class='ocrx_word' id='word_1_26' title='bbox 1668 641 1736 695; x_wconf 85' lang='grc' dir='ltr'>τά</span> <span class='ocrx_word' id='word_1_27' title='bbox 1761 644 1894 712; x_wconf 77' lang='grc' dir='ltr'>περὶ</span> 
     </span>
    </p>
   </div>
   <div class='ocr_carea' id='block_1_5' title="bbox 302 717 1890 802">
    <p class='ocr_par' dir='ltr' id='par_1_5' title="bbox 302 717 1890 802">
     <span class='ocr_line' id='line_1_5' title="bbox 302 717 1890 802; baseline -0.003 -19"><span class='ocrx_word' id='word_1_28' title='bbox 302 731 404 802; x_wconf 83' lang='grc' dir='ltr'>τῆς</span> <span class='ocrx_word' id='word_1_29' title='bbox 457 728 822 792; x_wconf 82' lang='grc' dir='ltr'>ἀναστάσεως,</span> <span class='ocrx_word' id='word_1_30' title='bbox 858 727 948 781; x_wconf 81' lang='grc' dir='ltr'>καὶ</span> <span class='ocrx_word' id='word_1_31' title='bbox 999 725 1101 795; x_wconf 86' lang='grc' dir='ltr'>τῆς</span> <span class='ocrx_word' id='word_1_32' title='bbox 1129 725 1236 780; x_wconf 90' lang='grc' dir='ltr'>τῶν</span> <span class='ocrx_word' id='word_1_33' title='bbox 1282 717 1763 794; x_wconf 77' lang='grc' dir='ltr'>ἀγαθῶνλήξεως,</span> <span class='ocrx_word' id='word_1_34' title='bbox 1794 729 1890 778; x_wconf 70' lang='grc' dir='ltr'>καὶ</span> 
     </span>
    </p>
   </div>
   <div class='ocr_carea' id='block_1_6' title="bbox 304 807 1888 884">
    <p class='ocr_par' dir='ltr' id='par_1_6' title="bbox 304 807 1888 884">
     <span class='ocr_line' id='line_1_6' title="bbox 304 807 1888 884; baseline -0.004 -17"><span class='ocrx_word' id='word_1_35' title='bbox 304 813 408 884; x_wconf 84' lang='grc' dir='ltr'>τῆς</span> <span class='ocrx_word' id='word_1_36' title='bbox 471 811 578 865; x_wconf 87' lang='grc' dir='ltr'>τῶν</span> <span class='ocrx_word' id='word_1_37' title='bbox 634 809 884 880; x_wconf 82' lang='grc' dir='ltr'>πονηρῶν</span> <span class='ocrx_word' id='word_1_38' title='bbox 928 807 1234 880; x_wconf 57' lang='lat' dir='ltr'>nmiae;</span> <span class='ocrx_word' id='word_1_39' title='bbox 1283 807 1348 860; x_wconf 95' lang='grc' dir='ltr'>Τί</span> <span class='ocrx_word' id='word_1_40' title='bbox 1407 807 1585 861; x_wconf 83' lang='grc' dir='ltr'>τοίνυν</span> <span class='ocrx_word' id='word_1_41' title='bbox 1644 807 1888 872; x_wconf 83' lang='grc' dir='ltr'>δέδοικας</span> 
     </span>
    </p>
   </div>
   <div class='ocr_carea' id='block_1_7' title="bbox 305 890 1889 963">
    <p class='ocr_par' dir='ltr' id='par_1_7' title="bbox 305 890 1889 963">
     <span class='ocr_line' id='line_1_7' title="bbox 305 890 1889 963; baseline -0.004 -15"><span class='ocrx_word' id='word_1_42' title='bbox 305 895 493 948; x_wconf 75' lang='grc' dir='ltr'>λοιπὸν</span> <span class='ocrx_word' id='word_1_43' title='bbox 542 893 639 956; x_wconf 86' lang='grc' dir='ltr'>τὰς</span> <span class='ocrx_word' id='word_1_44' title='bbox 674 893 866 958; x_wconf 87' lang='grc' dir='ltr'>σκιάς;</span> <span class='ocrx_word' id='word_1_45' title='bbox 923 890 1003 944; x_wconf 85' lang='grc' dir='ltr'>Τὰ</span> <span class='ocrx_word' id='word_1_46' title='bbox 1046 891 1145 961; x_wconf 80' lang='grc' dir='ltr'>μὲν</span> <span class='ocrx_word' id='word_1_47' title='bbox 1178 890 1287 963; x_wconf 82' lang='grc' dir='ltr'>γάρ</span> <span class='ocrx_word' id='word_1_48' title='bbox 1336 890 1540 961; x_wconf 83' lang='grc' dir='ltr'>μόνιμα</span> <span class='ocrx_word' id='word_1_49' title='bbox 1579 890 1672 943; x_wconf 71' lang='grc' dir='ltr'>καὶ</span> <span class='ocrx_word' id='word_1_50' title='bbox 1713 907 1889 960; x_wconf 83' lang='grc' dir='ltr'>πεπη-</span> 
     </span>
    </p>
   </div>
   <div class='ocr_carea' id='block_1_8' title="bbox 307 974 1888 1048">
    <p class='ocr_par' dir='ltr' id='par_1_8' title="bbox 307 974 1888 1048">
     <span class='ocr_line' id='line_1_8' title="bbox 307 974 1888 1048; baseline -0.003 -15"><span class='ocrx_word' id='word_1_51' title='bbox 307 980 460 1048; x_wconf 86' lang='grc' dir='ltr'>γότα,</span> <span class='ocrx_word' id='word_1_52' title='bbox 493 979 674 1032; x_wconf 76' lang='grc' dir='ltr'>ἐκεῖνα</span> <span class='ocrx_word' id='word_1_53' title='bbox 693 991 707 1005; x_wconf 82' lang='lat'><strong>&#39;</strong></span> <span class='ocrx_word' id='word_1_54' title='bbox 736 977 910 1030; x_wconf 88' lang='grc' dir='ltr'>ταῦτα</span> <span class='ocrx_word' id='word_1_55' title='bbox 935 975 1017 1041; x_wconf 80' lang='grc' dir='ltr'>δὲ,</span> <span class='ocrx_word' id='word_1_56' title='bbox 1053 974 1240 1028; x_wconf 74' lang='grc' dir='ltr'>ἄνθεσι</span> <span class='ocrx_word' id='word_1_57' title='bbox 1274 975 1691 1046; x_wconf 76' lang='grc' dir='ltr'>μαραινομένοις</span> <span class='ocrx_word' id='word_1_58' title='bbox 1723 974 1888 1028; x_wconf 75' lang='grc' dir='ltr'>ἔοικε.</span> 
     </span>
    </p>
   </div>
   <div class='ocr_carea' id='block_1_9' title="bbox 305 1057 1890 1129">
    <p class='ocr_par' dir='ltr' id='par_1_9' title="bbox 305 1057 1890 1129">
     <span class='ocr_line' id='line_1_9' title="bbox 305 1057 1890 1129; baseline -0.003 -13"><span class='ocrx_word' id='word_1_59' title='bbox 305 1064 400 1116; x_wconf 85' lang='grc' dir='ltr'>Διδ</span> <span class='ocrx_word' id='word_1_60' title='bbox 424 1063 517 1116; x_wconf 74' lang='grc' dir='ltr'>καὶ</span> <span class='ocrx_word' id='word_1_61' title='bbox 545 1062 722 1115; x_wconf 81' lang='grc' dir='ltr'>πάντα</span> <span class='ocrx_word' id='word_1_62' title='bbox 745 1061 813 1115; x_wconf 84' lang='grc' dir='ltr'>τὰ</span> <span class='ocrx_word' id='word_1_63' title='bbox 835 1059 970 1115; x_wconf 79' lang='grc' dir='ltr'>ἀλλα</span> <span class='ocrx_word' id='word_1_64' title='bbox 999 1060 1183 1127; x_wconf 76' lang='grc' dir='ltr'>ἀφεὶς,</span> <span class='ocrx_word' id='word_1_65' title='bbox 1221 1059 1314 1111; x_wconf 81' lang='grc' dir='ltr'>ἐπὶ</span> <span class='ocrx_word' id='word_1_66' title='bbox 1342 1057 1440 1129; x_wconf 81' lang='grc' dir='ltr'>τὴν</span> <span class='ocrx_word' id='word_1_67' title='bbox 1463 1058 1758 1129; x_wconf 85' lang='grc' dir='ltr'>ἀκρόπολιν</span> <span class='ocrx_word' id='word_1_68' title='bbox 1781 1059 1890 1112; x_wconf 89' lang='grc' dir='ltr'>τῶν</span> 
     </span>
    </p>
   </div>
   <div class='ocr_carea' id='block_1_10' title="bbox 305 1140 1890 1219">
    <p class='ocr_par' dir='ltr' id='par_1_10' title="bbox 305 1140 1890 1219">
     <span class='ocr_line' id='line_1_10' title="bbox 305 1140 1890 1219; baseline -0.004 -20"><span class='ocrx_word' id='word_1_69' title='bbox 305 1144 492 1199; x_wconf 86' lang='grc' dir='ltr'>κακῶν</span> <span class='ocrx_word' id='word_1_70' title='bbox 508 1144 746 1219; x_wconf 87' lang='grc' dir='ltr'>ἐπήδησε</span> <span class='ocrx_word' id='word_1_71' title='bbox 763 1156 813 1207; x_wconf 77' lang='grc' dir='ltr'>ι,</span> <span class='ocrx_word' id='word_1_72' title='bbox 838 1143 932 1196; x_wconf 86' lang='grc' dir='ltr'>τοῦ</span> <span class='ocrx_word' id='word_1_73' title='bbox 959 1140 1189 1196; x_wconf 82' lang='grc' dir='ltr'>πλούτου</span> <span class='ocrx_word' id='word_1_74' title='bbox 1219 1141 1318 1212; x_wconf 86' lang='grc' dir='ltr'>τὴν</span> <span class='ocrx_word' id='word_1_75' title='bbox 1347 1141 1660 1211; x_wconf 83' lang='grc' dir='ltr'>ἐπιθυμίαν·</span> <span class='ocrx_word' id='word_1_76' title='bbox 1686 1141 1890 1212; x_wconf 87' lang='grc' dir='ltr'>ταύτης</span> 
     </span>
    </p>
   </div>
   <div class='ocr_carea' id='block_1_11' title="bbox 303 1225 1772 1299">
    <p class='ocr_par' dir='ltr' id='par_1_11' title="bbox 303 1225 1772 1299">
     <span class='ocr_line' id='line_1_11' title="bbox 303 1225 1772 1299; baseline -0.002 -17"><span class='ocrx_word' id='word_1_77' title='bbox 303 1230 412 1299; x_wconf 84' lang='grc' dir='ltr'>γὰρ</span> <span class='ocrx_word' id='word_1_78' title='bbox 447 1226 906 1298; x_wconf 85' lang='grc' dir='ltr'>καταϐληθείσης,</span> <span class='ocrx_word' id='word_1_79' title='bbox 928 1226 1026 1279; x_wconf 73' lang='grc' dir='ltr'>καὶ</span> <span class='ocrx_word' id='word_1_80' title='bbox 1059 1225 1127 1278; x_wconf 80' lang='grc' dir='ltr'>τὰ</span> <span class='ocrx_word' id='word_1_81' title='bbox 1155 1225 1290 1280; x_wconf 82' lang='grc' dir='ltr'>ἀλλα</span> <span class='ocrx_word' id='word_1_82' title='bbox 1313 1225 1772 1295; x_wconf 75' lang='grc' dir='ltr'>συγκαταλύεται,</span> 
     </span>
    </p>
   </div>
   <div class='ocr_carea' id='block_1_12' title="bbox 378 1364 1888 1439">
    <p class='ocr_par' dir='ltr' id='par_1_12' title="bbox 378 1364 1888 1439">
     <span class='ocr_line' id='line_1_12' title="bbox 378 1364 1888 1439; baseline -0.005 -15"><span class='ocrx_word' id='word_1_83' title='bbox 378 1369 464 1424; x_wconf 85' lang='grc' dir='ltr'>ια’.</span> <span class='ocrx_word' id='word_1_84' title='bbox 477 1369 586 1424; x_wconf 88' lang='lat' dir='ltr'>Kal</span> <span class='ocrx_word' id='word_1_85' title='bbox 605 1367 722 1432; x_wconf 89' lang='grc' dir='ltr'>πῶς</span> <span class='ocrx_word' id='word_1_86' title='bbox 742 1367 816 1439; x_wconf 87' lang='grc' dir='ltr'>μὴ</span> <span class='ocrx_word' id='word_1_87' title='bbox 835 1365 1076 1437; x_wconf 88' lang='grc' dir='ltr'>φοϐηθῶ,</span> <span class='ocrx_word' id='word_1_88' title='bbox 1098 1365 1252 1436; x_wconf 72' lang='grc' dir='ltr'>φησὶ,</span> <span class='ocrx_word' id='word_1_89' title='bbox 1269 1365 1504 1420; x_wconf 88' lang='grc' dir='ltr'>τοσαῦτα</span> <span class='ocrx_word' id='word_1_90' title='bbox 1521 1364 1888 1436; x_wconf 68' lang='grc' dir='ltr'>ἐδναμένουςς</span> 
     </span>
    </p>
   </div>
   <div class='ocr_carea' id='block_1_13' title="bbox 304 1449 1892 1525">
    <p class='ocr_par' dir='ltr' id='par_1_13' title="bbox 304 1449 1892 1525">
     <span class='ocr_line' id='line_1_13' title="bbox 304 1449 1892 1525; baseline -0.012 -18"><span class='ocrx_word' id='word_1_91' title='bbox 304 1455 647 1525; x_wconf 85' lang='grc' dir='ltr'>Πρόσκαιρος</span> <span class='ocrx_word' id='word_1_92' title='bbox 696 1453 729 1522; x_wconf 85' lang='grc' dir='ltr'>ή</span> <span class='ocrx_word' id='word_1_93' title='bbox 781 1449 1104 1514; x_wconf 80' lang='grc' dir='ltr'>δυναστεία,</span> <span class='ocrx_word' id='word_1_94' title='bbox 1151 1449 1482 1520; x_wconf 80' lang='grc' dir='ltr'>μονόωροςή</span> <span class='ocrx_word' id='word_1_95' title='bbox 1535 1451 1707 1520; x_wconf 61' lang='grc' dir='ltr'>ἰσχὺς⁹</span> <span class='ocrx_word' id='word_1_96' title='bbox 1752 1467 1892 1519; x_wconf 76' lang='grc' dir='ltr'>παρ.</span> 
     </span>
    </p>
   </div>
   <div class='ocr_carea' id='block_1_14' title="bbox 301 1534 1892 1608">
    <p class='ocr_par' dir='ltr' id='par_1_14' title="bbox 301 1534 1892 1608">
     <span class='ocr_line' id='line_1_14' title="bbox 301 1534 1892 1608; baseline -0.002 -17"><span class='ocrx_word' id='word_1_97' title='bbox 301 1538 549 1591; x_wconf 85' lang='grc' dir='ltr'>οδεύεται</span> <span class='ocrx_word' id='word_1_98' title='bbox 572 1539 606 1608; x_wconf 91' lang='grc' dir='ltr'>ή</span> <span class='ocrx_word' id='word_1_99' title='bbox 645 1535 932 1606; x_wconf 82' lang='grc' dir='ltr'>εὐημερία,</span> <span class='ocrx_word' id='word_1_100' title='bbox 959 1534 1118 1600; x_wconf 81' lang='grc' dir='ltr'>σκιὰς</span> <span class='ocrx_word' id='word_1_101' title='bbox 1148 1537 1395 1606; x_wconf 84' lang='grc' dir='ltr'><strong>μιμεῖται</strong></span> <span class='ocrx_word' id='word_1_102' title='bbox 1426 1535 1520 1588; x_wconf 70' lang='grc' dir='ltr'>καὶ</span> <span class='ocrx_word' id='word_1_103' title='bbox 1545 1535 1796 1607; x_wconf 88' lang='grc' dir='ltr'>ὀνείρατα</span> <span class='ocrx_word' id='word_1_104' title='bbox 1823 1537 1892 1588; x_wconf 79' lang='grc' dir='ltr'>τὰ</span> 
     </span>
    </p>
   </div>
   <div class='ocr_carea' id='block_1_15' title="bbox 301 1617 1894 1693">
    <p class='ocr_par' dir='ltr' id='par_1_15' title="bbox 301 1617 1894 1693">
     <span class='ocr_line' id='line_1_15' title="bbox 301 1617 1894 1693; baseline -0.002 -20"><span class='ocrx_word' id='word_1_105' title='bbox 301 1623 586 1693; x_wconf 86' lang='grc' dir='ltr'>χρήματα,</span> <span class='ocrx_word' id='word_1_106' title='bbox 633 1619 730 1672; x_wconf 74' lang='grc' dir='ltr'>καὶ</span> <span class='ocrx_word' id='word_1_107' title='bbox 761 1619 790 1670; x_wconf 97' lang='lat'>6</span> <span class='ocrx_word' id='word_1_108' title='bbox 838 1617 1086 1681; x_wconf 88' lang='grc' dir='ltr'>πλοῦτος,</span> <span class='ocrx_word' id='word_1_109' title='bbox 1117 1618 1212 1671; x_wconf 71' lang='grc' dir='ltr'>καὶ</span> <span class='ocrx_word' id='word_1_110' title='bbox 1245 1620 1277 1688; x_wconf 83' lang='grc' dir='ltr'>ἡ</span> <span class='ocrx_word' id='word_1_111' title='bbox 1325 1619 1561 1688; x_wconf 83' lang='grc' dir='ltr'>τοσαύτη</span> <span class='ocrx_word' id='word_1_112' title='bbox 1616 1619 1786 1689; x_wconf 86' lang='grc' dir='ltr'>τιμή·</span> <span class='ocrx_word' id='word_1_113' title='bbox 1813 1617 1894 1670; x_wconf 72' lang='grc' dir='ltr'>διὸ</span> 
     </span>
    </p>
   </div>
   <div class='ocr_carea' id='block_1_16' title="bbox 300 1698 1895 1772">
    <p class='ocr_par' dir='ltr' id='par_1_16' title="bbox 300 1698 1895 1772">
     <span class='ocr_line' id='line_1_16' title="bbox 300 1698 1895 1772; baseline -0.001 -17"><span class='ocrx_word' id='word_1_114' title='bbox 300 1704 400 1757; x_wconf 71' lang='grc' dir='ltr'>καὶ</span> <span class='ocrx_word' id='word_1_115' title='bbox 429 1703 710 1772; x_wconf 74' lang='grc' dir='ltr'>ἐπήγαγεν</span> <span class='ocrx_word' id='word_1_116' title='bbox 733 1719 748 1734; x_wconf 77' lang='grc' dir='ltr'><strong>ο</strong></span> <span class='ocrx_word' id='word_1_117' title='bbox 781 1702 908 1754; x_wconf 85' lang='grc' dir='ltr'>Ὅτι</span> <span class='ocrx_word' id='word_1_118' title='bbox 930 1703 1041 1754; x_wconf 81' lang='grc' dir='ltr'>οὐκ</span> <span class='ocrx_word' id='word_1_119' title='bbox 1065 1701 1135 1754; x_wconf 86' lang='grc' dir='ltr'>ἐν</span> <span class='ocrx_word' id='word_1_120' title='bbox 1163 1699 1244 1765; x_wconf 84' lang='grc' dir='ltr'>τῷ</span> <span class='ocrx_word' id='word_1_121' title='bbox 1269 1698 1683 1766; x_wconf 77' lang='grc' dir='ltr'>ἀποθνήσκειν</span> <span class='ocrx_word' id='word_1_122' title='bbox 1705 1700 1895 1754; x_wconf 80' lang='grc' dir='ltr'>αὑτὸν</span> 
     </span>
    </p>
   </div>
   <div class='ocr_carea' id='block_1_17' title="bbox 297 1782 1892 1854">
    <p class='ocr_par' dir='ltr' id='par_1_17' title="bbox 297 1782 1892 1854">
     <span class='ocr_line' id='line_1_17' title="bbox 297 1782 1892 1854; baseline -0.004 -12"><span class='ocrx_word' id='word_1_123' title='bbox 297 1785 569 1854; x_wconf 68' lang='grc' dir='ltr'>λήψεται</span> <span class='ocrx_word' id='word_1_124' title='bbox 599 1786 672 1838; x_wconf 85' lang='grc' dir='ltr'>τὰ</span> <span class='ocrx_word' id='word_1_125' title='bbox 698 1784 913 1847; x_wconf 79' lang='grc' dir='ltr'>πάντα,</span> <span class='ocrx_word' id='word_1_126' title='bbox 945 1782 1088 1837; x_wconf 73' lang='grc' dir='ltr'>οὐδὲ</span> <span class='ocrx_word' id='word_1_127' title='bbox 1119 1783 1644 1853; x_wconf 78' lang='grc' dir='ltr'>συγκαταϐήσεται</span> <span class='ocrx_word' id='word_1_128' title='bbox 1672 1782 1832 1849; x_wconf 84' lang='grc' dir='ltr'>αὑτῷ</span> <span class='ocrx_word' id='word_1_129' title='bbox 1854 1785 1892 1853; x_wconf 75' lang='grc' dir='ltr'><strong><em>ἠ</em></strong></span> 
     </span>
    </p>
   </div>
   <div class='ocr_carea' id='block_1_18' title="bbox 299 1867 1896 1939">
    <p class='ocr_par' dir='ltr' id='par_1_18' title="bbox 299 1867 1896 1939">
     <span class='ocr_line' id='line_1_18' title="bbox 299 1867 1896 1939; baseline -0.001 -16"><span class='ocrx_word' id='word_1_130' title='bbox 299 1871 459 1934; x_wconf 78' lang='grc' dir='ltr'>δόξα</span> <span class='ocrx_word' id='word_1_131' title='bbox 484 1869 671 1924; x_wconf 83' lang='grc' dir='ltr'>αὐτοῦ</span> <span class='ocrx_word' id='word_1_132' title='bbox 695 1885 707 1898; x_wconf 88' lang='grc'><strong>·</strong></span> <span class='ocrx_word' id='word_1_133' title='bbox 737 1869 834 1938; x_wconf 80' lang='grc' dir='ltr'>τὴν</span> <span class='ocrx_word' id='word_1_134' title='bbox 863 1868 1044 1922; x_wconf 72' lang='grc' dir='ltr'>αἰτίαν</span> <span class='ocrx_word' id='word_1_135' title='bbox 1071 1867 1242 1931; x_wconf 75' lang='grc' dir='ltr'>τιθεὶς</span> <span class='ocrx_word' id='word_1_136' title='bbox 1269 1867 1362 1921; x_wconf 90' lang='grc' dir='ltr'>τοῦ</span> <span class='ocrx_word' id='word_1_137' title='bbox 1394 1867 1468 1939; x_wconf 88' lang='grc' dir='ltr'>μὴ</span> <span class='ocrx_word' id='word_1_138' title='bbox 1485 1868 1788 1922; x_wconf 74' lang='grc' dir='ltr'>δεδοικέναι</span> <span class='ocrx_word' id='word_1_139' title='bbox 1825 1869 1896 1923; x_wconf 83' lang='grc' dir='ltr'>τά</span> 
     </span>
    </p>
   </div>
   <div class='ocr_carea' id='block_1_19' title="bbox 302 1947 1892 2025">
    <p class='ocr_par' dir='ltr' id='par_1_19' title="bbox 302 1947 1892 2025">
     <span class='ocr_line' id='line_1_19' title="bbox 302 1947 1892 2025; baseline -0.001 -18"><span class='ocrx_word' id='word_1_140' title='bbox 302 1953 640 2025; x_wconf 88' lang='grc' dir='ltr'>πρόσκαιρα.</span> <span class='ocrx_word' id='word_1_141' title='bbox 669 1947 871 2006; x_wconf 84' lang='grc' dir='ltr'>Ἦλθεν</span> <span class='ocrx_word' id='word_1_142' title='bbox 898 1954 926 2005; x_wconf 93' lang='lat'>6</span> <span class='ocrx_word' id='word_1_143' title='bbox 953 1951 1199 2016; x_wconf 81' lang='grc' dir='ltr'>Θάνατος,</span> <span class='ocrx_word' id='word_1_144' title='bbox 1227 1953 1380 2021; x_wconf 75' lang='grc' dir='ltr'>φησὶ,</span> <span class='ocrx_word' id='word_1_145' title='bbox 1406 1951 1505 2023; x_wconf 82' lang='grc' dir='ltr'>τὴν</span> <span class='ocrx_word' id='word_1_146' title='bbox 1529 1953 1682 2024; x_wconf 77' lang='grc' dir='ltr'>ῥίζαν</span> <span class='ocrx_word' id='word_1_147' title='bbox 1710 1951 1892 2024; x_wconf 74' lang='grc' dir='ltr'>ἔτεμε,</span> 
     </span>
    </p>
   </div>
   <div class='ocr_carea' id='block_1_20' title="bbox 305 2037 1893 2109">
    <p class='ocr_par' dir='ltr' id='par_1_20' title="bbox 305 2037 1893 2109">
     <span class='ocr_line' id='line_1_20' title="bbox 305 2037 1893 2109; baseline -0.003 -17"><span class='ocrx_word' id='word_1_148' title='bbox 305 2039 405 2092; x_wconf 81' lang='grc' dir='ltr'>καὶ</span> <span class='ocrx_word' id='word_1_149' title='bbox 436 2039 470 2109; x_wconf 86' lang='grc' dir='ltr'>ή</span> <span class='ocrx_word' id='word_1_150' title='bbox 523 2037 664 2108; x_wconf 87' lang='grc' dir='ltr'>κόμη</span> <span class='ocrx_word' id='word_1_151' title='bbox 712 2037 852 2106; x_wconf 87' lang='grc' dir='ltr'>μετά</span> <span class='ocrx_word' id='word_1_152' title='bbox 884 2037 991 2091; x_wconf 88' lang='grc' dir='ltr'>τῶν</span> <span class='ocrx_word' id='word_1_153' title='bbox 1037 2037 1249 2105; x_wconf 81' lang='grc' dir='ltr'>φύλλων</span> <span class='ocrx_word' id='word_1_154' title='bbox 1281 2037 1469 2092; x_wconf 75' lang='grc' dir='ltr'>ἅπασα</span> <span class='ocrx_word' id='word_1_155' title='bbox 1504 2037 1811 2109; x_wconf 78' lang='grc' dir='ltr'>κατηνέχθη</span> <span class='ocrx_word' id='word_1_156' title='bbox 1841 2038 1893 2104; x_wconf 75' lang='grc' dir='ltr'>δ,</span> 
     </span>
    </p>
   </div>
   <div class='ocr_carea' id='block_1_21' title="bbox 303 2118 1895 2194">
    <p class='ocr_par' dir='ltr' id='par_1_21' title="bbox 303 2118 1895 2194">
     <span class='ocr_line' id='line_1_21' title="bbox 303 2118 1895 2194; baseline -0.001 -18"><span class='ocrx_word' id='word_1_157' title='bbox 303 2123 403 2176; x_wconf 73' lang='grc' dir='ltr'>καὶ</span> <span class='ocrx_word' id='word_1_158' title='bbox 436 2123 600 2176; x_wconf 80' lang='grc' dir='ltr'>πᾶσιν</span> <span class='ocrx_word' id='word_1_159' title='bbox 622 2122 947 2192; x_wconf 77' lang='grc' dir='ltr'>εὐχείρωτος</span> <span class='ocrx_word' id='word_1_160' title='bbox 971 2122 1004 2191; x_wconf 81' lang='grc' dir='ltr'><strong>ἡ</strong></span> <span class='ocrx_word' id='word_1_161' title='bbox 1038 2121 1205 2176; x_wconf 80' lang='grc' dir='ltr'>οἰκία.</span> <span class='ocrx_word' id='word_1_162' title='bbox 1225 2121 1492 2194; x_wconf 79' lang='grc' dir='ltr'>Καθάπερ</span> <span class='ocrx_word' id='word_1_163' title='bbox 1517 2118 1610 2176; x_wconf 87' lang='grc' dir='ltr'>οῦν</span> <span class='ocrx_word' id='word_1_164' title='bbox 1647 2122 1895 2192; x_wconf 85' lang='grc' dir='ltr'>πρόϐατα</span> 
     </span>
    </p>
   </div>
   <div class='ocr_carea' id='block_1_22' title="bbox 305 2201 1894 2277">
    <p class='ocr_par' dir='ltr' id='par_1_22' title="bbox 305 2201 1894 2277">
     <span class='ocr_line' id='line_1_22' title="bbox 305 2201 1894 2277; baseline -0.001 -19"><span class='ocrx_word' id='word_1_165' title='bbox 305 2205 405 2258; x_wconf 79' lang='grc' dir='ltr'>καὶ</span> <span class='ocrx_word' id='word_1_166' title='bbox 433 2201 587 2274; x_wconf 73' lang='grc' dir='ltr'>αἶγες</span> <span class='ocrx_word' id='word_1_167' title='bbox 628 2204 962 2258; x_wconf 79' lang='grc' dir='ltr'>ἐπιτίθενται</span> <span class='ocrx_word' id='word_1_168' title='bbox 990 2205 1190 2277; x_wconf 80' lang='grc' dir='ltr'>δένδρῳ</span> <span class='ocrx_word' id='word_1_169' title='bbox 1227 2205 1468 2275; x_wconf 80' lang='grc' dir='ltr'>κειμένῳ</span> <span class='ocrx_word' id='word_1_170' title='bbox 1509 2203 1647 2274; x_wconf 80' lang='grc' dir='ltr'>μετὰ</span> <span class='ocrx_word' id='word_1_171' title='bbox 1677 2206 1776 2276; x_wconf 79' lang='grc' dir='ltr'>τὴν</span> <span class='ocrx_word' id='word_1_172' title='bbox 1805 2220 1894 2257; x_wconf 85' lang='grc' dir='ltr'>το-</span> 
     </span>
    </p>
   </div>
   <div class='ocr_carea' id='block_1_23' title="bbox 307 2288 1894 2360">
    <p class='ocr_par' dir='ltr' id='par_1_23' title="bbox 307 2288 1894 2360">
     <span class='ocr_line' id='line_1_23' title="bbox 307 2288 1894 2360; baseline 0 -18"><span class='ocrx_word' id='word_1_173' title='bbox 307 2289 438 2360; x_wconf 82' lang='grc' dir='ltr'>μὴν,</span> <span class='ocrx_word' id='word_1_174' title='bbox 474 2288 616 2343; x_wconf 76' lang='grc' dir='ltr'>οὕτω</span> <span class='ocrx_word' id='word_1_175' title='bbox 649 2289 714 2359; x_wconf 79' lang='grc' dir='ltr'>δὴ</span> <span class='ocrx_word' id='word_1_176' title='bbox 748 2289 843 2343; x_wconf 70' lang='grc' dir='ltr'>καὶ</span> <span class='ocrx_word' id='word_1_177' title='bbox 886 2289 981 2342; x_wconf 76' lang='grc' dir='ltr'>ἐπὶ</span> <span class='ocrx_word' id='word_1_178' title='bbox 1027 2289 1132 2344; x_wconf 90' lang='grc' dir='ltr'>τῶν</span> <span class='ocrx_word' id='word_1_179' title='bbox 1165 2289 1309 2342; x_wconf 80' lang='grc' dir='ltr'>οὓτω</span> <span class='ocrx_word' id='word_1_180' title='bbox 1357 2289 1730 2344; x_wconf 82' lang='grc' dir='ltr'>πλουτούντων</span> <span class='ocrx_word' id='word_1_181' title='bbox 1760 2289 1894 2344; x_wconf 88' lang='grc' dir='ltr'>πολ-</span> 
     </span>
    </p>
   </div>
   <div class='ocr_carea' id='block_1_24' title="bbox 303 2372 1896 2446">
    <p class='ocr_par' dir='ltr' id='par_1_24' title="bbox 303 2372 1896 2446">
     <span class='ocr_line' id='line_1_24' title="bbox 303 2372 1896 2446; baseline 0.002 -20"><span class='ocrx_word' id='word_1_182' title='bbox 303 2373 390 2426; x_wconf 74' lang='grc' dir='ltr'>λοὶ</span> <span class='ocrx_word' id='word_1_183' title='bbox 414 2372 522 2426; x_wconf 87' lang='grc' dir='ltr'>τῶν</span> <span class='ocrx_word' id='word_1_184' title='bbox 551 2373 784 2444; x_wconf 87' lang='grc' dir='ltr'>ἐχθρῶν,</span> <span class='ocrx_word' id='word_1_185' title='bbox 816 2372 1002 2430; x_wconf 75' lang='grc' dir='ltr'>πολλοὶ</span> <span class='ocrx_word' id='word_1_186' title='bbox 1027 2373 1136 2426; x_wconf 91' lang='grc' dir='ltr'>τῶν</span> <span class='ocrx_word' id='word_1_187' title='bbox 1172 2373 1361 2443; x_wconf 84' lang='grc' dir='ltr'>φίλων,</span> <span class='ocrx_word' id='word_1_188' title='bbox 1395 2374 1579 2428; x_wconf 70' lang='grc' dir='ltr'>πολλοὶ</span> <span class='ocrx_word' id='word_1_189' title='bbox 1607 2375 1714 2428; x_wconf 86' lang='grc' dir='ltr'>τῶν</span> <span class='ocrx_word' id='word_1_190' title='bbox 1743 2377 1896 2446; x_wconf 79' lang='grc' dir='ltr'>εὐερ-</span> 
     </span>
    </p>
   </div>
   <div class='ocr_carea' id='block_1_25' title="bbox 302 2455 1896 2528">
    <p class='ocr_par' dir='ltr' id='par_1_25' title="bbox 302 2455 1896 2528">
     <span class='ocr_line' id='line_1_25' title="bbox 302 2455 1896 2528; baseline 0.002 -18"><span class='ocrx_word' id='word_1_191' title='bbox 302 2456 648 2527; x_wconf 80' lang='grc' dir='ltr'>γετηθέντων</span> <span class='ocrx_word' id='word_1_192' title='bbox 698 2455 766 2510; x_wconf 87' lang='grc' dir='ltr'>τὰ</span> <span class='ocrx_word' id='word_1_193' title='bbox 816 2456 1039 2509; x_wconf 79' lang='grc' dir='ltr'>ἐκείνων</span> <span class='ocrx_word' id='word_1_194' title='bbox 1085 2455 1464 2527; x_wconf 79' lang='grc' dir='ltr'>λυμαινόμενοι</span> <span class='ocrx_word' id='word_1_195' title='bbox 1513 2458 1854 2528; x_wconf 79' lang='grc' dir='ltr'>εὑρίσκονται</span> <span class='ocrx_word' id='word_1_196' title='bbox 1880 2473 1896 2489; x_wconf 83' lang='grc'><strong>⁸</strong></span> 
     </span>
    </p>
   </div>
   <div class='ocr_carea' id='block_1_26' title="bbox 306 2537 1896 2611">
    <p class='ocr_par' dir='ltr' id='par_1_26' title="bbox 306 2537 1896 2611">
     <span class='ocr_line' id='line_1_26' title="bbox 306 2537 1896 2611; baseline 0.001 -15"><span class='ocrx_word' id='word_1_197' title='bbox 306 2541 400 2596; x_wconf 68' lang='grc' dir='ltr'>καὶ</span> <span class='ocrx_word' id='word_1_198' title='bbox 429 2542 458 2594; x_wconf 91' lang='lat'>6</span> <span class='ocrx_word' id='word_1_199' title='bbox 493 2537 734 2594; x_wconf 89' lang='grc' dir='ltr'>τοσαῦτα</span> <span class='ocrx_word' id='word_1_200' title='bbox 768 2538 1249 2611; x_wconf 83' lang='grc' dir='ltr'>περιϐεϐλημένος,</span> <span class='ocrx_word' id='word_1_201' title='bbox 1301 2542 1393 2594; x_wconf 75' lang='grc' dir='ltr'>καὶ</span> <span class='ocrx_word' id='word_1_202' title='bbox 1419 2541 1707 2606; x_wconf 81' lang='grc' dir='ltr'>τοσούτους</span> <span class='ocrx_word' id='word_1_203' title='bbox 1752 2545 1896 2598; x_wconf 78' lang='grc' dir='ltr'>οἰνο-</span> 
     </span>
    </p>
   </div>
   <div class='ocr_carea' id='block_1_27' title="bbox 304 2624 1899 2698">
    <p class='ocr_par' dir='ltr' id='par_1_27' title="bbox 304 2624 1899 2698">
     <span class='ocr_line' id='line_1_27' title="bbox 304 2624 1899 2698; baseline 0.002 -22"><span class='ocrx_word' id='word_1_204' title='bbox 304 2625 486 2695; x_wconf 89' lang='grc' dir='ltr'>χόους,</span> <span class='ocrx_word' id='word_1_205' title='bbox 523 2624 837 2694; x_wconf 83' lang='grc' dir='ltr'>μαγείρους,</span> <span class='ocrx_word' id='word_1_206' title='bbox 888 2626 1171 2695; x_wconf 82' lang='grc' dir='ltr'>κρατῆρας</span> <span class='ocrx_word' id='word_1_207' title='bbox 1203 2624 1480 2695; x_wconf 81' lang='grc' dir='ltr'>ἀργυροῦς</span> <span class='ocrx_word' id='word_1_208' title='bbox 1521 2627 1632 2678; x_wconf 78' lang='grc' dir='ltr'>καὶ·</span> <span class='ocrx_word' id='word_1_209' title='bbox 1663 2625 1899 2698; x_wconf 84' lang='grc' dir='ltr'>χρυσοῦς</span> 
     </span>
    </p>
   </div>
   <div class='ocr_carea' id='block_1_28' title="bbox 305 2706 1896 2782">
    <p class='ocr_par' dir='ltr' id='par_1_28' title="bbox 305 2706 1896 2782">
     <span class='ocr_line' id='line_1_28' title="bbox 305 2706 1896 2782; baseline 0.001 -21"><span class='ocrx_word' id='word_1_210' title='bbox 305 2708 468 2778; x_wconf 74' lang='grc' dir='ltr'>ἔχων,</span> <span class='ocrx_word' id='word_1_211' title='bbox 509 2707 719 2777; x_wconf 83' lang='grc' dir='ltr'>πλέθρα</span> <span class='ocrx_word' id='word_1_212' title='bbox 747 2706 852 2778; x_wconf 86' lang='grc' dir='ltr'>γῆς</span> <span class='ocrx_word' id='word_1_213' title='bbox 880 2707 1012 2760; x_wconf 87' lang='grc' dir='ltr'>τόσα</span> <span class='ocrx_word' id='word_1_214' title='bbox 1034 2707 1127 2760; x_wconf 68' lang='grc' dir='ltr'>καὶ</span> <span class='ocrx_word' id='word_1_215' title='bbox 1155 2707 1310 2772; x_wconf 84' lang='grc' dir='ltr'>τόσα,</span> <span class='ocrx_word' id='word_1_216' title='bbox 1335 2707 1530 2772; x_wconf 74' lang='grc' dir='ltr'>οἰκίας,</span> <span class='ocrx_word' id='word_1_217' title='bbox 1570 2708 1896 2782; x_wconf 87' lang='grc' dir='ltr'>ἀνδράποδα,</span> 
     </span>
    </p>
   </div>
   <div class='ocr_carea' id='block_1_29' title="bbox 308 2791 1895 2864">
    <p class='ocr_par' dir='ltr' id='par_1_29' title="bbox 308 2791 1895 2864">
     <span class='ocr_line' id='line_1_29' title="bbox 308 2791 1895 2864; baseline 0.002 -19"><span class='ocrx_word' id='word_1_218' title='bbox 308 2793 530 2857; x_wconf 74' lang='grc' dir='ltr'>ἵππους,</span> <span class='ocrx_word' id='word_1_219' title='bbox 581 2792 862 2864; x_wconf 77' lang='grc' dir='ltr'>ἡμιόνους,</span> <span class='ocrx_word' id='word_1_220' title='bbox 918 2792 1218 2862; x_wconf 83' lang='grc' dir='ltr'>καμήλους,</span> <span class='ocrx_word' id='word_1_221' title='bbox 1274 2791 1613 2863; x_wconf 88' lang='grc' dir='ltr'>στρατόπεδα</span> <span class='ocrx_word' id='word_1_222' title='bbox 1649 2791 1895 2861; x_wconf 83' lang='grc' dir='ltr'>οἰκετῶν,</span> 
     </span>
    </p>
   </div>
   <div class='ocr_carea' id='block_1_30' title="bbox 307 2875 1897 2948">
    <p class='ocr_par' dir='ltr' id='par_1_30' title="bbox 307 2875 1897 2948">
     <span class='ocr_line' id='line_1_30' title="bbox 307 2875 1897 2948; baseline 0.002 -18"><span class='ocrx_word' id='word_1_223' title='bbox 307 2878 498 2931; x_wconf 78' lang='grc' dir='ltr'>ἄπεισι</span> <span class='ocrx_word' id='word_1_224' title='bbox 534 2877 712 2945; x_wconf 87' lang='grc' dir='ltr'>μόνος,</span> <span class='ocrx_word' id='word_1_225' title='bbox 763 2876 857 2929; x_wconf 76' lang='grc' dir='ltr'>καὶ</span> <span class='ocrx_word' id='word_1_226' title='bbox 891 2876 1066 2939; x_wconf 70' lang='grc' dir='ltr'>οὐδεὶς</span> <span class='ocrx_word' id='word_1_227' title='bbox 1113 2875 1262 2947; x_wconf 84' lang='grc' dir='ltr'>αὐτῷ</span> <span class='ocrx_word' id='word_1_228' title='bbox 1316 2877 1734 2948; x_wconf 80' lang='grc' dir='ltr'>συναπέρχεται,</span> <span class='ocrx_word' id='word_1_229' title='bbox 1780 2878 1897 2934; x_wconf 86' lang='grc' dir='ltr'>ἀλλ’</span> 
     </span>
    </p>
   </div>
   <div class='ocr_carea' id='block_1_31' title="bbox 310 2959 1900 3034">
    <p class='ocr_par' dir='ltr' id='par_1_31' title="bbox 310 2959 1900 3034">
     <span class='ocr_line' id='line_1_31' title="bbox 310 2959 1900 3034; baseline 0.002 -21"><span class='ocrx_word' id='word_1_230' title='bbox 310 2960 436 3014; x_wconf 78' lang='grc' dir='ltr'>οὐδὲ</span> <span class='ocrx_word' id='word_1_231' title='bbox 461 2961 598 3013; x_wconf 81' lang='grc' dir='ltr'>αῦτά</span> <span class='ocrx_word' id='word_1_232' title='bbox 627 2959 917 3031; x_wconf 87' lang='grc' dir='ltr'>λαμϐάνων</span> <span class='ocrx_word' id='word_1_233' title='bbox 946 2959 1134 3013; x_wconf 82' lang='grc' dir='ltr'>ἄπεισι</span> <span class='ocrx_word' id='word_1_234' title='bbox 1160 2959 1231 3013; x_wconf 84' lang='grc' dir='ltr'>τά</span> <span class='ocrx_word' id='word_1_235' title='bbox 1253 2959 1464 3031; x_wconf 76' lang='grc' dir='ltr'>ἱμάτια.</span> <span class='ocrx_word' id='word_1_236' title='bbox 1495 2963 1605 3014; x_wconf 96' lang='lat' dir='ltr'>Kal</span> <span class='ocrx_word' id='word_1_237' title='bbox 1632 2961 1741 3033; x_wconf 83' lang='grc' dir='ltr'>γὰρ</span> <span class='ocrx_word' id='word_1_238' title='bbox 1762 2963 1900 3034; x_wconf 83' lang='grc' dir='ltr'>ὅσῳ-</span> 
     </span>
    </p>
   </div>
   <div class='ocr_carea' id='block_1_32' title="bbox 315 3043 1899 3118">
    <p class='ocr_par' dir='ltr' id='par_1_32' title="bbox 315 3043 1899 3118">
     <span class='ocr_line' id='line_1_32' title="bbox 315 3043 1899 3118; baseline 0.002 -20"><span class='ocrx_word' id='word_1_239' title='bbox 315 3062 425 3116; x_wconf 85' lang='grc' dir='ltr'>περ</span> <span class='ocrx_word' id='word_1_240' title='bbox 455 3044 523 3098; x_wconf 88' lang='grc' dir='ltr'>ἀν</span> <span class='ocrx_word' id='word_1_241' title='bbox 554 3055 576 3084; x_wconf 75' lang='grc' dir='ltr'><strong><em>ο</em></strong></span> <span class='ocrx_word' id='word_1_242' title='bbox 613 3043 836 3116; x_wconf 85' lang='grc' dir='ltr'>λαμπρὰ</span> <span class='ocrx_word' id='word_1_243' title='bbox 869 3043 1216 3115; x_wconf 88' lang='grc' dir='ltr'>περικέηται,</span> <span class='ocrx_word' id='word_1_244' title='bbox 1243 3044 1484 3116; x_wconf 85' lang='grc' dir='ltr'>τοσούτῳ</span> <span class='ocrx_word' id='word_1_245' title='bbox 1512 3044 1899 3118; x_wconf 84' lang='grc' dir='ltr'>δαψιλεστέραν</span> 
     </span>
    </p>
   </div>
   <div class='ocr_carea' id='block_1_33' title="bbox 312 3125 1900 3200">
    <p class='ocr_par' dir='ltr' id='par_1_33' title="bbox 312 3125 1900 3200">
     <span class='ocr_line' id='line_1_33' title="bbox 312 3125 1900 3200; baseline 0.003 -20"><span class='ocrx_word' id='word_1_246' title='bbox 312 3127 503 3181; x_wconf 70' lang='grc' dir='ltr'>ἄπεισι</span> <span class='ocrx_word' id='word_1_247' title='bbox 533 3126 964 3200; x_wconf 82' lang='grc' dir='ltr'>παρασκευάζων</span> <span class='ocrx_word' id='word_1_248' title='bbox 986 3125 1062 3196; x_wconf 85' lang='grc' dir='ltr'>τῷ</span> <span class='ocrx_word' id='word_1_249' title='bbox 1089 3125 1328 3197; x_wconf 86' lang='grc' dir='ltr'>σκώληκι</span> <span class='ocrx_word' id='word_1_250' title='bbox 1356 3127 1455 3199; x_wconf 78' lang='grc' dir='ltr'>τὴν</span> <span class='ocrx_word' id='word_1_251' title='bbox 1479 3129 1778 3198; x_wconf 84' lang='grc' dir='ltr'>τράπεζαν,</span> <span class='ocrx_word' id='word_1_252' title='bbox 1805 3130 1900 3185; x_wconf 77' lang='grc' dir='ltr'>καὶ</span> 
     </span>
    </p>
   </div>
   <div class='ocr_carea' id='block_1_34' title="bbox 309 3209 1900 3283">
    <p class='ocr_par' dir='ltr' id='par_1_34' title="bbox 309 3209 1900 3283">
     <span class='ocr_line' id='line_1_34' title="bbox 309 3209 1900 3283; baseline 0.003 -19"><span class='ocrx_word' id='word_1_253' title='bbox 309 3212 531 3266; x_wconf 78' lang='grc' dir='ltr'>πλείονα</span> <span class='ocrx_word' id='word_1_254' title='bbox 570 3216 682 3274; x_wconf 79' lang='grc' dir='ltr'>τοῖς</span> <span class='ocrx_word' id='word_1_255' title='bbox 729 3209 1107 3283; x_wconf 85' lang='grc' dir='ltr'>τυμϐωρύχοις</span> <span class='ocrx_word' id='word_1_256' title='bbox 1164 3211 1484 3281; x_wconf 83' lang='grc' dir='ltr'>ἐπιθυμίαν,</span> <span class='ocrx_word' id='word_1_257' title='bbox 1528 3213 1623 3266; x_wconf 79' lang='grc' dir='ltr'>καὶ</span> <span class='ocrx_word' id='word_1_258' title='bbox 1677 3213 1900 3281; x_wconf 86' lang='grc' dir='ltr'>μείζονα</span> 
     </span>
    </p>
   </div>
   <div class='ocr_carea' id='block_1_35' title="bbox 307 3291 1898 3372">
    <p class='ocr_par' dir='ltr' id='par_1_35' title="bbox 307 3291 1898 3372">
     <span class='ocr_line' id='line_1_35' title="bbox 307 3291 1898 3372; baseline 0.003 -23"><span class='ocrx_word' id='word_1_259' title='bbox 307 3297 452 3349; x_wconf 85' lang='grc' dir='ltr'>κατά</span> <span class='ocrx_word' id='word_1_260' title='bbox 475 3294 568 3349; x_wconf 88' lang='grc' dir='ltr'>τοῦ</span> <span class='ocrx_word' id='word_1_261' title='bbox 609 3296 793 3349; x_wconf 84' lang='grc' dir='ltr'>ἀθλίου</span> <span class='ocrx_word' id='word_1_262' title='bbox 830 3294 1082 3366; x_wconf 85' lang='grc' dir='ltr'>σώματος</span> <span class='ocrx_word' id='word_1_263' title='bbox 1107 3295 1206 3363; x_wconf 73' lang='grc' dir='ltr'>τὴν</span> <span class='ocrx_word' id='word_1_264' title='bbox 1234 3295 1544 3366; x_wconf 85' lang='grc' dir='ltr'>ἐπιϐουλήν.</span> <span class='ocrx_word' id='word_1_265' title='bbox 1573 3296 1652 3349; x_wconf 92' lang='grc' dir='ltr'>Δι’</span> <span class='ocrx_word' id='word_1_266' title='bbox 1678 3291 1752 3350; x_wconf 84' lang='grc' dir='ltr'>ὧν</span> <span class='ocrx_word' id='word_1_267' title='bbox 1788 3299 1898 3372; x_wconf 82' lang='grc' dir='ltr'>γὰρ</span> 
     </span>
    </p>
   </div>
   <div class='ocr_carea' id='block_1_36' title="bbox 306 3376 1900 3454">
    <p class='ocr_par' dir='ltr' id='par_1_36' title="bbox 306 3376 1900 3454">
     <span class='ocr_line' id='line_1_36' title="bbox 306 3376 1900 3454; baseline 0.002 -22"><span class='ocrx_word' id='word_1_268' title='bbox 306 3376 641 3442; x_wconf 80' lang='grc' dir='ltr'>καλλωπίζει</span> <span class='ocrx_word' id='word_1_269' title='bbox 666 3378 948 3449; x_wconf 81' lang='grc' dir='ltr'>μειζόνως,</span> <span class='ocrx_word' id='word_1_270' title='bbox 975 3376 1066 3430; x_wconf 83' lang='grc' dir='ltr'>διὰ</span> <span class='ocrx_word' id='word_1_271' title='bbox 1101 3377 1304 3430; x_wconf 87' lang='grc' dir='ltr'>τούτων</span> <span class='ocrx_word' id='word_1_272' title='bbox 1330 3377 1646 3450; x_wconf 79' lang='grc' dir='ltr'>ὑϐρίζεσθαι</span> <span class='ocrx_word' id='word_1_273' title='bbox 1674 3382 1900 3454; x_wconf 81' lang='grc' dir='ltr'>σφοδρό-</span> 
     </span>
    </p>
   </div>
   <div class='ocr_carea' id='block_1_37' title="bbox 307 3460 1901 3537">
    <p class='ocr_par' dir='ltr' id='par_1_37' title="bbox 307 3460 1901 3537">
     <span class='ocr_line' id='line_1_37' title="bbox 307 3460 1901 3537; baseline 0.003 -21"><span class='ocrx_word' id='word_1_274' title='bbox 307 3478 466 3534; x_wconf 84' lang='grc' dir='ltr'>τερον</span> <span class='ocrx_word' id='word_1_275' title='bbox 504 3462 665 3515; x_wconf 78' lang='grc' dir='ltr'>αὑτὸν</span> <span class='ocrx_word' id='word_1_276' title='bbox 699 3462 1146 3526; x_wconf 76' lang='grc' dir='ltr'>κατασκευάζων,</span> <span class='ocrx_word' id='word_1_277' title='bbox 1183 3460 1283 3525; x_wconf 83' lang='grc' dir='ltr'>τὰς</span> <span class='ocrx_word' id='word_1_278' title='bbox 1311 3466 1499 3534; x_wconf 89' lang='grc' dir='ltr'>χεῖρας</span> <span class='ocrx_word' id='word_1_279' title='bbox 1527 3464 1635 3517; x_wconf 86' lang='grc' dir='ltr'>τῶν</span> <span class='ocrx_word' id='word_1_280' title='bbox 1675 3467 1901 3537; x_wconf 83' lang='grc' dir='ltr'>ἀνορυτ-</span> 
     </span>
    </p>
   </div>
   <div class='ocr_carea' id='block_1_38' title="bbox 305 3543 1898 3621">
    <p class='ocr_par' dir='ltr' id='par_1_38' title="bbox 305 3543 1898 3621">
     <span class='ocr_line' id='line_1_38' title="bbox 305 3543 1898 3621; baseline 0.003 -21"><span class='ocrx_word' id='word_1_281' title='bbox 305 3545 509 3600; x_wconf 66' lang='grc' dir='ltr'>ὐόντων</span> <span class='ocrx_word' id='word_1_282' title='bbox 523 3546 623 3608; x_wconf 79' lang='grc' dir='ltr'>τὰς</span> <span class='ocrx_word' id='word_1_283' title='bbox 639 3545 810 3616; x_wconf 88' lang='grc' dir='ltr'>θήκας</span> <span class='ocrx_word' id='word_1_284' title='bbox 835 3547 918 3614; x_wconf 80' lang='grc' dir='ltr'>ἐφ’</span> <span class='ocrx_word' id='word_1_285' title='bbox 940 3543 1130 3598; x_wconf 74' lang='grc' dir='ltr'>ἑαυτὸν</span> <span class='ocrx_word' id='word_1_286' title='bbox 1148 3546 1386 3610; x_wconf 77' lang='grc' dir='ltr'>ὁπλίζων</span> <span class='ocrx_word' id='word_1_287' title='bbox 1410 3547 1503 3600; x_wconf 73' lang='grc' dir='ltr'>καὶ</span> <span class='ocrx_word' id='word_1_288' title='bbox 1525 3548 1723 3602; x_wconf 85' lang='grc' dir='ltr'>καλῶν.</span> <span class='ocrx_word' id='word_1_289' title='bbox 1745 3547 1898 3621; x_wconf 67' lang='grc' dir='ltr'>[22ἳῖ</span> 
     </span>
    </p>
   </div>
   <div class='ocr_carea' id='block_1_39' title="bbox 310 3627 1896 3702">
    <p class='ocr_par' dir='ltr' id='par_1_39' title="bbox 310 3627 1896 3702">
     <span class='ocr_line' id='line_1_39' title="bbox 310 3627 1896 3702; baseline 0.002 -20"><span class='ocrx_word' id='word_1_290' title='bbox 310 3629 433 3682; x_wconf 56' lang='grc' dir='ltr'>Καὶ</span> <span class='ocrx_word' id='word_1_291' title='bbox 450 3628 504 3682; x_wconf 93' lang='grc' dir='ltr'>τί</span> <span class='ocrx_word' id='word_1_292' title='bbox 525 3627 714 3693; x_wconf 88' lang='grc' dir='ltr'>τοῦτο;</span> <span class='ocrx_word' id='word_1_293' title='bbox 743 3627 936 3699; x_wconf 71' lang='grc' dir='ltr'>φησίν*</span> <span class='ocrx_word' id='word_1_294' title='bbox 962 3627 1076 3681; x_wconf 86' lang='grc' dir='ltr'>ἀλλ’</span> <span class='ocrx_word' id='word_1_295' title='bbox 1108 3628 1340 3681; x_wconf 87' lang='grc' dir='ltr'>ἐνταῦθα</span> <span class='ocrx_word' id='word_1_296' title='bbox 1367 3629 1576 3698; x_wconf 89' lang='grc' dir='ltr'>μεγάλα</span> <span class='ocrx_word' id='word_1_297' title='bbox 1600 3631 1896 3702; x_wconf 83' lang='grc' dir='ltr'>κομπάζει,</span> 
     </span>
    </p>
   </div>
   <div class='ocr_carea' id='block_1_40' title="bbox 309 3709 1899 3784">
    <p class='ocr_par' dir='ltr' id='par_1_40' title="bbox 309 3709 1899 3784">
     <span class='ocr_line' id='line_1_40' title="bbox 309 3709 1899 3784; baseline 0.001 -18"><span class='ocrx_word' id='word_1_298' title='bbox 309 3711 408 3767; x_wconf 70' lang='lat' dir='ltr'><strong><em>ml</em></strong></span> <span class='ocrx_word' id='word_1_299' title='bbox 439 3712 585 3782; x_wconf 75' lang='grc' dir='ltr'>φυσᾷ</span> <span class='ocrx_word' id='word_1_300' title='bbox 637 3710 799 3782; x_wconf 79' lang='grc' dir='ltr'>μέχρι</span> <span class='ocrx_word' id='word_1_301' title='bbox 828 3713 928 3781; x_wconf 78' lang='grc' dir='ltr'>τῆς</span> <span class='ocrx_word' id='word_1_302' title='bbox 976 3709 1252 3782; x_wconf 86' lang='grc' dir='ltr'>τελευτῆς.</span> <span class='ocrx_word' id='word_1_303' title='bbox 1293 3711 1542 3765; x_wconf 84' lang='grc' dir='ltr'>Μάλιστα</span> <span class='ocrx_word' id='word_1_304' title='bbox 1575 3715 1674 3784; x_wconf 86' lang='grc' dir='ltr'>μὲν</span> <span class='ocrx_word' id='word_1_305' title='bbox 1717 3713 1899 3768; x_wconf 85' lang='grc' dir='ltr'>πολλοὶ</span> 
     </span>
    </p>
   </div>
   <div class='ocr_carea' id='block_1_41' title="bbox 304 3793 1900 3866">
    <p class='ocr_par' dir='ltr' id='par_1_41' title="bbox 304 3793 1900 3866">
     <span class='ocr_line' id='line_1_41' title="bbox 304 3793 1900 3866; baseline 0.001 -15"><span class='ocrx_word' id='word_1_306' title='bbox 304 3795 434 3852; x_wconf 77' lang='grc' dir='ltr'>οὐδὲ</span> <span class='ocrx_word' id='word_1_307' title='bbox 467 3795 628 3866; x_wconf 84' lang='grc' dir='ltr'>μέχρι</span> <span class='ocrx_word' id='word_1_308' title='bbox 655 3794 756 3864; x_wconf 90' lang='grc' dir='ltr'>τῆς</span> <span class='ocrx_word' id='word_1_309' title='bbox 777 3793 1032 3865; x_wconf 84' lang='grc' dir='ltr'>τελευτῆς</span> <span class='ocrx_word' id='word_1_310' title='bbox 1055 3811 1070 3825; x_wconf 75' lang='grc' dir='ltr'>ο</span> <span class='ocrx_word' id='word_1_311' title='bbox 1101 3793 1214 3847; x_wconf 80' lang='grc' dir='ltr'>ἀλλ’</span> <span class='ocrx_word' id='word_1_312' title='bbox 1247 3795 1548 3848; x_wconf 83' lang='grc' dir='ltr'>ἐπιϐούλων</span> <span class='ocrx_word' id='word_1_313' title='bbox 1590 3797 1753 3851; x_wconf 89' lang='grc' dir='ltr'>τινῶν</span> <span class='ocrx_word' id='word_1_314' title='bbox 1779 3800 1900 3852; x_wconf 82' lang='grc' dir='ltr'>ἐπι-</span> 
     </span>
    </p>
   </div>
   <div class='ocr_carea' id='block_1_42' title="bbox 305 3876 1902 3952">
    <p class='ocr_par' dir='ltr' id='par_1_42' title="bbox 305 3876 1902 3952">
     <span class='ocr_line' id='line_1_42' title="bbox 305 3876 1902 3952; baseline 0.003 -20"><span class='ocrx_word' id='word_1_315' title='bbox 305 3878 559 3948; x_wconf 84' lang='grc' dir='ltr'>φυέντων</span> <span class='ocrx_word' id='word_1_316' title='bbox 586 3877 789 3941; x_wconf 85' lang='grc' dir='ltr'>αὐτοῖς,</span> <span class='ocrx_word' id='word_1_317' title='bbox 821 3876 1031 3950; x_wconf 86' lang='grc' dir='ltr'>μυρίων</span> <span class='ocrx_word' id='word_1_318' title='bbox 1058 3877 1366 3932; x_wconf 84' lang='grc' dir='ltr'>καταδίκων</span> <span class='ocrx_word' id='word_1_319' title='bbox 1396 3879 1748 3952; x_wconf 87' lang='grc' dir='ltr'>χαλεπώτερα</span> <span class='ocrx_word' id='word_1_320' title='bbox 1775 3881 1902 3937; x_wconf 79' lang='grc' dir='ltr'>επα-</span> 
     </span>
    </p>
   </div>
   <div class='ocr_carea' id='block_1_43' title="bbox 306 3960 1901 4051">
    <p class='ocr_par' dir='ltr' id='par_1_43' title="bbox 306 3960 1901 4051">
     <span class='ocr_line' id='line_1_43' title="bbox 306 3960 1901 4051; baseline -0.001 -35"><span class='ocrx_word' id='word_1_321' title='bbox 306 3963 553 4051; x_wconf 42' lang='grc' dir='ltr'>θονὶκαὶ</span> <span class='ocrx_word' id='word_1_322' title='bbox 578 3961 646 4016; x_wconf 84' lang='grc' dir='ltr'>τὰ</span> <span class='ocrx_word' id='word_1_323' title='bbox 676 3963 930 4051; x_wconf 71' lang='grc' dir='ltr'>χρήματα</span> <span class='ocrx_word' id='word_1_324' title='bbox 967 3960 1372 4051; x_wconf 76' lang='grc' dir='ltr'>ἀφαιρεθέντες,</span> <span class='ocrx_word' id='word_1_325' title='bbox 1397 3963 1490 4015; x_wconf 70' lang='grc' dir='ltr'>καὶ</span> <span class='ocrx_word' id='word_1_326' title='bbox 1528 3963 1722 4051; x_wconf 69' lang='grc' dir='ltr'>ἀτιμίᾳ</span> <span class='ocrx_word' id='word_1_327' title='bbox 1747 3982 1901 4051; x_wconf 76' lang='grc' dir='ltr'>περι-</span> 
     </span>
    </p>
   </div>
   <div class='ocr_carea' id='block_1_44' title="bbox 304 4044 1901 4120">
    <p class='ocr_par' dir='ltr' id='par_1_44' title="bbox 304 4044 1901 4120">
     <span class='ocr_line' id='line_1_44' title="bbox 304 4044 1901 4120; baseline 0.003 -21"><span class='ocrx_word' id='word_1_328' title='bbox 304 4045 627 4118; x_wconf 82' lang='grc' dir='ltr'>ϐληθέντες,</span> <span class='ocrx_word' id='word_1_329' title='bbox 672 4045 767 4097; x_wconf 74' lang='grc' dir='ltr'>καὶ</span> <span class='ocrx_word' id='word_1_330' title='bbox 809 4044 1180 4116; x_wconf 84' lang='grc' dir='ltr'>δεσμωτήριον</span> <span class='ocrx_word' id='word_1_331' title='bbox 1215 4045 1552 4114; x_wconf 78' lang='grc' dir='ltr'>οἰκήσαντες.</span> <span class='ocrx_word' id='word_1_332' title='bbox 1587 4046 1695 4100; x_wconf 88' lang='lat' dir='ltr'>Kal</span> <span class='ocrx_word' id='word_1_333' title='bbox 1732 4044 1840 4120; x_wconf 80' lang='grc' dir='ltr'>γάρ</span> <span class='ocrx_word' id='word_1_334' title='bbox 1872 4051 1901 4103; x_wconf 87' lang='grc' dir='ltr'><strong>ὁ</strong></span> 
     </span>
    </p>
   </div>
   <div class='ocr_carea' id='block_1_45' title="bbox 304 4125 1903 4201">
    <p class='ocr_par' dir='ltr' id='par_1_45' title="bbox 304 4125 1903 4201">
     <span class='ocr_line' id='line_1_45' title="bbox 304 4125 1903 4201; baseline 0.003 -21"><span class='ocrx_word' id='word_1_335' title='bbox 304 4128 442 4201; x_wconf 77' lang='grc' dir='ltr'>χθὲς</span> <span class='ocrx_word' id='word_1_336' title='bbox 473 4129 530 4181; x_wconf 87' lang='grc' dir='ltr'>ἐν</span> <span class='ocrx_word' id='word_1_337' title='bbox 563 4127 818 4199; x_wconf 87' lang='grc' dir='ltr'>ὀχήματι,</span> <span class='ocrx_word' id='word_1_338' title='bbox 850 4128 1090 4199; x_wconf 85' lang='grc' dir='ltr'>σήμερον</span> <span class='ocrx_word' id='word_1_339' title='bbox 1121 4130 1179 4181; x_wconf 87' lang='grc' dir='ltr'>ἐν</span> <span class='ocrx_word' id='word_1_340' title='bbox 1212 4125 1432 4182; x_wconf 76' lang='grc' dir='ltr'>ἁλύσειο</span> <span class='ocrx_word' id='word_1_341' title='bbox 1465 4128 1494 4179; x_wconf 93' lang='lat'>6</span> <span class='ocrx_word' id='word_1_342' title='bbox 1526 4127 1651 4198; x_wconf 73' lang='grc' dir='ltr'>χθὲς</span> <span class='ocrx_word' id='word_1_343' title='bbox 1679 4129 1783 4183; x_wconf 81' lang='grc' dir='ltr'>ὑπὸ</span> <span class='ocrx_word' id='word_1_344' title='bbox 1811 4148 1903 4185; x_wconf 82' lang='grc' dir='ltr'>κο-</span> 
     </span>
    </p>
   </div>
   <div class='ocr_carea' id='block_1_46' title="bbox 307 4211 1898 4284">
    <p class='ocr_par' dir='ltr' id='par_1_46' title="bbox 307 4211 1898 4284">
     <span class='ocr_line' id='line_1_46' title="bbox 307 4211 1898 4284; baseline 0.001 -18"><span class='ocrx_word' id='word_1_345' title='bbox 307 4213 500 4268; x_wconf 86' lang='grc' dir='ltr'>λάκων</span> <span class='ocrx_word' id='word_1_346' title='bbox 539 4212 996 4284; x_wconf 88' lang='grc' dir='ltr'>θεραπευόμενος,</span> <span class='ocrx_word' id='word_1_347' title='bbox 1041 4211 1147 4264; x_wconf 83' lang='grc' dir='ltr'>ὑπὸ</span> <span class='ocrx_word' id='word_1_348' title='bbox 1177 4211 1387 4282; x_wconf 85' lang='grc' dir='ltr'>δημίων</span> <span class='ocrx_word' id='word_1_349' title='bbox 1428 4211 1722 4266; x_wconf 86' lang='grc' dir='ltr'>κυκλοῦται</span> <span class='ocrx_word' id='word_1_350' title='bbox 1766 4213 1898 4269; x_wconf 76' lang='grc' dir='ltr'>νῦνο</span> 
     </span>
    </p>
   </div>
   <div class='ocr_carea' id='block_1_47' title="bbox 309 4295 1901 4369">
    <p class='ocr_par' dir='ltr' id='par_1_47' title="bbox 309 4295 1901 4369">
     <span class='ocr_line' id='line_1_47' title="bbox 309 4295 1901 4369; baseline -0.001 -17"><span class='ocrx_word' id='word_1_351' title='bbox 309 4302 343 4352; x_wconf 90' lang='lat'>6</span> <span class='ocrx_word' id='word_1_352' title='bbox 375 4296 563 4369; x_wconf 85' lang='grc' dir='ltr'>μύρων</span> <span class='ocrx_word' id='word_1_353' title='bbox 603 4296 763 4361; x_wconf 72' lang='grc' dir='ltr'>ὄζων,</span> <span class='ocrx_word' id='word_1_354' title='bbox 800 4295 992 4366; x_wconf 82' lang='grc' dir='ltr'>αἵματι</span> <span class='ocrx_word' id='word_1_355' title='bbox 1031 4296 1399 4366; x_wconf 74' lang='grc' dir='ltr'>περιρρεῖταιο</span> <span class='ocrx_word' id='word_1_356' title='bbox 1437 4297 1465 4349; x_wconf 98' lang='lat'>6</span> <span class='ocrx_word' id='word_1_357' title='bbox 1508 4298 1901 4368; x_wconf 86' lang='grc' dir='ltr'>κατακείμενος</span> 
     </span>
    </p>
   </div>
   <div class='ocr_carea' id='block_1_48' title="bbox 315 4377 1901 4454">
    <p class='ocr_par' dir='ltr' id='par_1_48' title="bbox 315 4377 1901 4454">
     <span class='ocr_line' id='line_1_48' title="bbox 315 4377 1901 4454; baseline -0.007 -20"><span class='ocrx_word' id='word_1_358' title='bbox 315 4381 418 4434; x_wconf 78' lang='grc' dir='ltr'>ἐπὶ</span> <span class='ocrx_word' id='word_1_359' title='bbox 466 4378 756 4451; x_wconf 85' lang='grc' dir='ltr'>στρωμνῆς</span> <span class='ocrx_word' id='word_1_360' title='bbox 799 4377 1034 4448; x_wconf 82' lang='grc' dir='ltr'>ἁπαλῆς,</span> <span class='ocrx_word' id='word_1_361' title='bbox 1066 4379 1153 4431; x_wconf 83' lang='grc' dir='ltr'>ἐπ’</span> <span class='ocrx_word' id='word_1_362' title='bbox 1181 4377 1414 4447; x_wconf 75' lang='grc' dir='ltr'>ἐδάφους</span> <span class='ocrx_word' id='word_1_363' title='bbox 1452 4377 1707 4452; x_wconf 76' lang='grc' dir='ltr'>ἔρριπται</span> <span class='ocrx_word' id='word_1_364' title='bbox 1736 4381 1901 4454; x_wconf 91' lang='grc' dir='ltr'>σκλη-</span> 
     </span>
    </p>
   </div>
   <div class='ocr_carea' id='block_1_49' title="bbox 317 4460 1901 4534">
    <p class='ocr_par' dir='ltr' id='par_1_49' title="bbox 317 4460 1901 4534">
     <span class='ocr_line' id='line_1_49' title="bbox 317 4460 1901 4534; baseline 0.002 -18"><span class='ocrx_word' id='word_1_365' title='bbox 317 4463 418 4534; x_wconf 81' lang='grc' dir='ltr'>ροῦ</span> <span class='ocrx_word' id='word_1_366' title='bbox 441 4480 456 4495; x_wconf 88' lang='grc'><strong>·</strong></span> <span class='ocrx_word' id='word_1_367' title='bbox 489 4465 516 4516; x_wconf 92' lang='lat'>6</span> <span class='ocrx_word' id='word_1_368' title='bbox 550 4461 700 4532; x_wconf 86' lang='grc' dir='ltr'>παρά</span> <span class='ocrx_word' id='word_1_369' title='bbox 741 4460 959 4515; x_wconf 86' lang='grc' dir='ltr'>πάντων</span> <span class='ocrx_word' id='word_1_370' title='bbox 1004 4460 1460 4532; x_wconf 83' lang='grc' dir='ltr'>θεραπευόμενος,</span> <span class='ocrx_word' id='word_1_371' title='bbox 1492 4461 1643 4533; x_wconf 84' lang='grc' dir='ltr'>παρὰ</span> <span class='ocrx_word' id='word_1_372' title='bbox 1685 4463 1901 4520; x_wconf 88' lang='grc' dir='ltr'>πάντων</span> 
     </span>
    </p>
   </div>
   <div class='ocr_carea' id='block_1_50' title="bbox 315 4542 1901 4618">
    <p class='ocr_par' dir='ltr' id='par_1_50' title="bbox 315 4542 1901 4618">
     <span class='ocr_line' id='line_1_50' title="bbox 315 4542 1901 4618; baseline -0.001 -19"><span class='ocrx_word' id='word_1_373' title='bbox 315 4547 758 4617; x_wconf 82' lang='grc' dir='ltr'>καταφρονεῖται.</span> <span class='ocrx_word' id='word_1_374' title='bbox 802 4542 965 4597; x_wconf 82' lang='grc' dir='ltr'>Ἀλλὰ</span> <span class='ocrx_word' id='word_1_375' title='bbox 1009 4543 1105 4596; x_wconf 63' lang='grc' dir='ltr'>καὶ¹</span> <span class='ocrx_word' id='word_1_376' title='bbox 1149 4542 1311 4615; x_wconf 87' lang='grc' dir='ltr'>μέχρι</span> <span class='ocrx_word' id='word_1_377' title='bbox 1351 4543 1608 4615; x_wconf 84' lang='grc' dir='ltr'>τελευτῆς</span> <span class='ocrx_word' id='word_1_378' title='bbox 1644 4544 1712 4599; x_wconf 84' lang='grc' dir='ltr'>τὰ</span> <span class='ocrx_word' id='word_1_379' title='bbox 1763 4547 1901 4618; x_wconf 79' lang='grc' dir='ltr'>πρὸς</span> 
     </span>
    </p>
   </div>
   <div class='ocr_carea' id='block_1_51' title="bbox 315 4624 1902 4700">
    <p class='ocr_par' dir='ltr' id='par_1_51' title="bbox 315 4624 1902 4700">
     <span class='ocr_line' id='line_1_51' title="bbox 315 4624 1902 4700; baseline -0.001 -18"><span class='ocrx_word' id='word_1_380' title='bbox 315 4627 540 4699; x_wconf 82' lang='grc' dir='ltr'>κηδείαν</span> <span class='ocrx_word' id='word_1_381' title='bbox 587 4626 738 4698; x_wconf 80' lang='grc' dir='ltr'>αὐτῷ</span> <span class='ocrx_word' id='word_1_382' title='bbox 771 4624 1000 4698; x_wconf 82' lang='grc' dir='ltr'>λαμπρὰ</span> <span class='ocrx_word' id='word_1_383' title='bbox 1032 4627 1128 4679; x_wconf 75' lang='grc' dir='ltr'>καὶ</span> <span class='ocrx_word' id='word_1_384' title='bbox 1174 4626 1471 4697; x_wconf 84' lang='grc' dir='ltr'>περιφανῆ.</span> <span class='ocrx_word' id='word_1_385' title='bbox 1519 4627 1630 4680; x_wconf 90' lang='lat' dir='ltr'>Kal</span> <span class='ocrx_word' id='word_1_386' title='bbox 1666 4628 1719 4680; x_wconf 89' lang='grc' dir='ltr'>τί</span> <span class='ocrx_word' id='word_1_387' title='bbox 1766 4629 1902 4700; x_wconf 88' lang='grc' dir='ltr'>πρὸς</span> 
     </span>
    </p>
   </div>
   <div class='ocr_carea' id='block_1_52' title="bbox 313 4708 1899 4780">
    <p class='ocr_par' dir='ltr' id='par_1_52' title="bbox 313 4708 1899 4780">
     <span class='ocr_line' id='line_1_52' title="bbox 313 4708 1899 4780; baseline 0 -16"><span class='ocrx_word' id='word_1_388' title='bbox 313 4713 525 4765; x_wconf 83' lang='grc' dir='ltr'>ἐκεῖνον</span> <span class='ocrx_word' id='word_1_389' title='bbox 566 4711 657 4764; x_wconf 75' lang='grc' dir='ltr'>τὸν</span> <span class='ocrx_word' id='word_1_390' title='bbox 698 4711 800 4764; x_wconf 81' lang='grc' dir='ltr'>οὐκ</span> <span class='ocrx_word' id='word_1_391' title='bbox 854 4708 1272 4780; x_wconf 77' lang='grc' dir='ltr'>αἰσθανόμενον;</span> <span class='ocrx_word' id='word_1_392' title='bbox 1317 4709 1522 4763; x_wconf 89' lang='grc' dir='ltr'>Πλείων</span> <span class='ocrx_word' id='word_1_393' title='bbox 1565 4712 1598 4780; x_wconf 87' lang='grc' dir='ltr'>ὴ</span> <span class='ocrx_word' id='word_1_394' title='bbox 1645 4711 1899 4778; x_wconf 88' lang='grc' dir='ltr'>δυσωδία,</span> 
     </span>
    </p>
   </div>
   <div class='ocr_carea' id='block_1_53' title="bbox 316 4791 1901 4867">
    <p class='ocr_par' dir='ltr' id='par_1_53' title="bbox 316 4791 1901 4867">
     <span class='ocr_line' id='line_1_53' title="bbox 316 4791 1901 4867; baseline -0.001 -19"><span class='ocrx_word' id='word_1_395' title='bbox 316 4795 524 4866; x_wconf 85' lang='grc' dir='ltr'>μείζων</span> <span class='ocrx_word' id='word_1_396' title='bbox 556 4796 589 4865; x_wconf 79' lang='grc' dir='ltr'><strong>ἡ</strong></span> <span class='ocrx_word' id='word_1_397' title='bbox 624 4793 936 4866; x_wconf 82' lang='grc' dir='ltr'>βδελυγμία,</span> <span class='ocrx_word' id='word_1_398' title='bbox 966 4791 1322 4863; x_wconf 86' lang='grc' dir='ltr'>σφοδρότερος</span> <span class='ocrx_word' id='word_1_399' title='bbox 1351 4793 1380 4845; x_wconf 94' lang='lat'>6</span> <span class='ocrx_word' id='word_1_400' title='bbox 1413 4791 1606 4861; x_wconf 85' lang='grc' dir='ltr'>φθόνος</span> <span class='ocrx_word' id='word_1_401' title='bbox 1626 4810 1642 4824; x_wconf 89' lang='grc'><strong>·</strong></span> <span class='ocrx_word' id='word_1_402' title='bbox 1671 4795 1765 4847; x_wconf 82' lang='grc' dir='ltr'>καὶ</span> <span class='ocrx_word' id='word_1_403' title='bbox 1793 4795 1901 4867; x_wconf 86' lang='grc' dir='ltr'>γὰρ</span> 
     </span>
    </p>
   </div>
   <div class='ocr_carea' id='block_1_54' title="bbox 310 4874 1902 4948">
    <p class='ocr_par' dir='ltr' id='par_1_54' title="bbox 310 4874 1902 4948">
     <span class='ocr_line' id='line_1_54' title="bbox 310 4874 1902 4948; baseline 0.001 -16"><span class='ocrx_word' id='word_1_404' title='bbox 310 4878 700 4948; x_wconf 82' lang='grc' dir='ltr'>τελευτήσαντι</span> <span class='ocrx_word' id='word_1_405' title='bbox 741 4877 995 4948; x_wconf 83' lang='grc' dir='ltr'>διηνεκὴς</span> <span class='ocrx_word' id='word_1_406' title='bbox 1032 4877 1146 4938; x_wconf 91' lang='grc' dir='ltr'>τοῖς</span> <span class='ocrx_word' id='word_1_407' title='bbox 1186 4874 1419 4939; x_wconf 87' lang='grc' dir='ltr'>παιδίοις</span> <span class='ocrx_word' id='word_1_408' title='bbox 1454 4877 1485 4929; x_wconf 90' lang='lat'>6</span> <span class='ocrx_word' id='word_1_409' title='bbox 1529 4877 1764 4947; x_wconf 90' lang='grc' dir='ltr'>πόλεμος</span> <span class='ocrx_word' id='word_1_410' title='bbox 1794 4880 1902 4933; x_wconf 84' lang='grc' dir='ltr'>ἀπὸ</span> 
     </span>
    </p>
   </div>
   <div class='ocr_carea' id='block_1_55' title="bbox 310 4959 1901 5032">
    <p class='ocr_par' dir='ltr' id='par_1_55' title="bbox 310 4959 1901 5032">
     <span class='ocr_line' id='line_1_55' title="bbox 310 4959 1901 5032; baseline 0.001 -16"><span class='ocrx_word' id='word_1_411' title='bbox 310 4963 421 5032; x_wconf 88' lang='grc' dir='ltr'>τῆς</span> <span class='ocrx_word' id='word_1_412' title='bbox 453 4962 796 5026; x_wconf 85' lang='grc' dir='ltr'>πολυτελείας</span> <span class='ocrx_word' id='word_1_413' title='bbox 830 4961 1065 5032; x_wconf 88' lang='grc' dir='ltr'>ἐκείνης.</span> <span class='ocrx_word' id='word_1_414' title='bbox 1093 4961 1204 5014; x_wconf 87' lang='lat' dir='ltr'>Kal</span> <span class='ocrx_word' id='word_1_415' title='bbox 1232 4959 1336 5031; x_wconf 84' lang='grc' dir='ltr'>ὅρα</span> <span class='ocrx_word' id='word_1_416' title='bbox 1359 4960 1458 5031; x_wconf 78' lang='grc' dir='ltr'>τὴν</span> <span class='ocrx_word' id='word_1_417' title='bbox 1486 4960 1776 5031; x_wconf 84' lang='grc' dir='ltr'>ἀκρίϐειαν</span> <span class='ocrx_word' id='word_1_418' title='bbox 1806 4963 1901 5017; x_wconf 89' lang='grc' dir='ltr'>τοῦ</span> 
     </span>
    </p>
   </div>
   <div class='ocr_carea' id='block_1_56' title="bbox 316 5041 1900 5119">
    <p class='ocr_par' dir='ltr' id='par_1_56' title="bbox 316 5041 1900 5119">
     <span class='ocr_line' id='line_1_56' title="bbox 316 5041 1900 5119; baseline -0.01 -19"><span class='ocrx_word' id='word_1_419' title='bbox 316 5048 588 5119; x_wconf 76' lang='grc' dir='ltr'>ῥήματος,</span> <span class='ocrx_word' id='word_1_420' title='bbox 617 5045 713 5099; x_wconf 74' lang='grc' dir='ltr'>καὶ</span> <span class='ocrx_word' id='word_1_421' title='bbox 749 5047 850 5116; x_wconf 85' lang='grc' dir='ltr'>τὴν</span> <span class='ocrx_word' id='word_1_422' title='bbox 881 5043 1129 5098; x_wconf 86' lang='grc' dir='ltr'>ἐπίτασιν</span> <span class='ocrx_word' id='word_1_423' title='bbox 1173 5042 1271 5112; x_wconf 85' lang='grc' dir='ltr'>τῆς</span> <span class='ocrx_word' id='word_1_424' title='bbox 1308 5041 1645 5112; x_wconf 84' lang='grc' dir='ltr'>φιλοσοφίας,</span> <span class='ocrx_word' id='word_1_425' title='bbox 1684 5044 1758 5100; x_wconf 61' lang='lat' dir='ltr'>ub</span> <span class='ocrx_word' id='word_1_426' title='bbox 1791 5045 1900 5117; x_wconf 70' lang='grc' dir='ltr'>γὰρ</span> 
     </span>
    </p>
   </div>
   <div class='ocr_carea' id='block_1_57' title="bbox 316 5126 1902 5202">
    <p class='ocr_par' dir='ltr' id='par_1_57' title="bbox 316 5126 1902 5202">
     <span class='ocr_line' id='line_1_57' title="bbox 316 5126 1902 5202; baseline 0.003 -20"><span class='ocrx_word' id='word_1_427' title='bbox 316 5131 486 5202; x_wconf 86' lang='grc' dir='ltr'>μόνον</span> <span class='ocrx_word' id='word_1_428' title='bbox 518 5129 680 5182; x_wconf 82' lang='grc' dir='ltr'>αὑτὸν</span> <span class='ocrx_word' id='word_1_429' title='bbox 708 5129 774 5182; x_wconf 86' lang='grc' dir='ltr'>ἐκ</span> <span class='ocrx_word' id='word_1_430' title='bbox 801 5128 895 5182; x_wconf 88' lang='grc' dir='ltr'>τοῦ</span> <span class='ocrx_word' id='word_1_431' title='bbox 925 5128 1000 5199; x_wconf 81' lang='grc' dir='ltr'>μὴ</span> <span class='ocrx_word' id='word_1_432' title='bbox 1039 5126 1436 5197; x_wconf 86' lang='grc' dir='ltr'>συναποδημεῖν</span> <span class='ocrx_word' id='word_1_433' title='bbox 1487 5127 1732 5199; x_wconf 68' lang='grc' dir='ltr'>πλήττει,</span> <span class='ocrx_word' id='word_1_434' title='bbox 1767 5128 1902 5186; x_wconf 81' lang='grc' dir='ltr'>ἀλλὰ</span> 
     </span>
    </p>
   </div>
   <div class='ocr_carea' id='block_1_58' title="bbox 313 5211 1903 5283">
    <p class='ocr_par' dir='ltr' id='par_1_58' title="bbox 313 5211 1903 5283">
     <span class='ocr_line' id='line_1_58' title="bbox 313 5211 1903 5283; baseline -0.001 -14"><span class='ocrx_word' id='word_1_435' title='bbox 313 5213 417 5269; x_wconf 76' lang='grc' dir='ltr'>καὶ</span> <span class='ocrx_word' id='word_1_436' title='bbox 445 5213 676 5268; x_wconf 81' lang='grc' dir='ltr'>ἐνταῦθα</span> <span class='ocrx_word' id='word_1_437' title='bbox 704 5211 866 5267; x_wconf 75' lang='grc' dir='ltr'>αὑτὸν</span> <span class='ocrx_word' id='word_1_438' title='bbox 908 5212 1088 5282; x_wconf 86' lang='grc' dir='ltr'>πάσης</span> <span class='ocrx_word' id='word_1_439' title='bbox 1123 5214 1321 5282; x_wconf 89' lang='grc' dir='ltr'>γυμνοί</span> <span class='ocrx_word' id='word_1_440' title='bbox 1349 5211 1448 5283; x_wconf 87' lang='grc' dir='ltr'>τῆς</span> <span class='ocrx_word' id='word_1_441' title='bbox 1478 5213 1796 5282; x_wconf 85' lang='grc' dir='ltr'>φαντασίας,</span> <span class='ocrx_word' id='word_1_442' title='bbox 1807 5214 1903 5268; x_wconf 78' lang='grc' dir='ltr'>καὶ</span> 
     </span>
    </p>
   </div>
   <div class='ocr_carea' id='block_1_59' title="bbox 313 5293 1900 5372">
    <p class='ocr_par' dir='ltr' id='par_1_59' title="bbox 313 5293 1900 5372">
     <span class='ocr_line' id='line_1_59' title="bbox 313 5293 1900 5372; baseline 0.001 -21"><span class='ocrx_word' id='word_1_443' title='bbox 313 5297 440 5351; x_wconf 79' lang='grc' dir='ltr'>οὐδὲ</span> <span class='ocrx_word' id='word_1_444' title='bbox 478 5293 707 5350; x_wconf 85' lang='grc' dir='ltr'>πλοῦτον</span> <span class='ocrx_word' id='word_1_445' title='bbox 739 5296 868 5350; x_wconf 75' lang='grc' dir='ltr'>ὄντα</span> <span class='ocrx_word' id='word_1_446' title='bbox 896 5294 1186 5359; x_wconf 88' lang='grc' dir='ltr'>δείκνυσιν,</span> <span class='ocrx_word' id='word_1_447' title='bbox 1211 5293 1318 5346; x_wconf 82' lang='grc' dir='ltr'>οὐδ’</span> <span class='ocrx_word' id='word_1_448' title='bbox 1347 5294 1475 5350; x_wconf 85' lang='grc' dir='ltr'>ὅταν</span> <span class='ocrx_word' id='word_1_449' title='bbox 1519 5297 1767 5372; x_wconf 82' lang='grc' dir='ltr'>ἀπολαύῃ</span> <span class='ocrx_word' id='word_1_450' title='bbox 1799 5299 1900 5353; x_wconf 86' lang='grc' dir='ltr'>αύ-</span> 
     </span>
    </p>
   </div>
   <div class='ocr_carea' id='block_1_60' title="bbox 315 5372 1902 5454">
    <p class='ocr_par' dir='ltr' id='par_1_60' title="bbox 315 5372 1902 5454">
     <span class='ocr_line' id='line_1_60' title="bbox 315 5372 1902 5454; baseline 0.002 -22"><span class='ocrx_word' id='word_1_451' title='bbox 315 5379 415 5433; x_wconf 84' lang='grc' dir='ltr'>τοῦ</span> <span class='ocrx_word' id='word_1_452' title='bbox 454 5381 484 5433; x_wconf 89' lang='lat'>6</span> <span class='ocrx_word' id='word_1_453' title='bbox 521 5380 875 5452; x_wconf 84' lang='grc' dir='ltr'>κεκτημένος.</span> <span class='ocrx_word' id='word_1_454' title='bbox 912 5379 985 5431; x_wconf 85' lang='grc' dir='ltr'>Ού</span> <span class='ocrx_word' id='word_1_455' title='bbox 1020 5376 1130 5449; x_wconf 82' lang='grc' dir='ltr'>γὰρ</span> <span class='ocrx_word' id='word_1_456' title='bbox 1153 5372 1327 5440; x_wconf 71' lang='grc' dir='ltr'>εἶπεν,</span> <span class='ocrx_word' id='word_1_457' title='bbox 1354 5377 1520 5433; x_wconf 83' lang='grc' dir='ltr'>Ὅταν</span> <span class='ocrx_word' id='word_1_458' title='bbox 1555 5381 1830 5454; x_wconf 81' lang='grc' dir='ltr'>πληθυνθῇ</span> <span class='ocrx_word' id='word_1_459' title='bbox 1868 5383 1902 5453; x_wconf 87' lang='grc' dir='ltr'>ή</span> 
     </span>
    </p>
   </div>
   <div class='ocr_carea' id='block_1_61' title="bbox 316 5460 1904 5530">
    <p class='ocr_par' dir='ltr' id='par_1_61' title="bbox 316 5460 1904 5530">
     <span class='ocr_line' id='line_1_61' title="bbox 316 5460 1904 5530; baseline 0.003 -14"><span class='ocrx_word' id='word_1_460' title='bbox 316 5462 449 5529; x_wconf 79' lang='grc' dir='ltr'>δόξα</span> <span class='ocrx_word' id='word_1_461' title='bbox 483 5463 670 5530; x_wconf 83' lang='grc' dir='ltr'>αὑτοῦ,</span> <span class='ocrx_word' id='word_1_462' title='bbox 697 5461 835 5528; x_wconf 85' lang='grc' dir='ltr'>ἀλλ’,</span> <span class='ocrx_word' id='word_1_463' title='bbox 876 5460 949 5516; x_wconf 84' lang='grc' dir='ltr'><strong>Ἦ</strong></span> <span class='ocrx_word' id='word_1_464' title='bbox 973 5460 1122 5525; x_wconf 77' lang='grc' dir='ltr'>δόξα</span> <span class='ocrx_word' id='word_1_465' title='bbox 1149 5460 1254 5516; x_wconf 88' lang='grc' dir='ltr'>τοῦ</span> <span class='ocrx_word' id='word_1_466' title='bbox 1286 5462 1457 5516; x_wconf 82' lang='grc' dir='ltr'>οῖκου</span> <span class='ocrx_word' id='word_1_467' title='bbox 1481 5464 1687 5520; x_wconf 77' lang='grc' dir='ltr'>αὐτοῦ.</span> <span class='ocrx_word' id='word_1_468' title='bbox 1721 5465 1904 5520; x_wconf 88' lang='grc' dir='ltr'>Ταῦτα</span> 
     </span>
    </p>
   </div>
   <div class='ocr_carea' id='block_1_62' title="bbox 385 5596 1592 5672">
    <p class='ocr_par' dir='ltr' id='par_1_62' title="bbox 385 5596 1592 5672">
     <span class='ocr_line' id='line_1_62' title="bbox 385 5596 1592 5672; baseline 0 -24"><span class='ocrx_word' id='word_1_469' title='bbox 385 5601 416 5672; x_wconf 51' lang='grc' dir='ltr'>ᾗ</span> <span class='ocrx_word' id='word_1_470' title='bbox 441 5599 525 5672; x_wconf 54' lang='lat' dir='ltr'>gi};</span> <span class='ocrx_word' id='word_1_471' title='bbox 541 5611 694 5661; x_wconf 73' lang='lat' dir='ltr'><strong><em>marg.</em></strong></span> <span class='ocrx_word' id='word_1_472' title='bbox 717 5596 1099 5672; x_wconf 40' lang='grc' dir='ltr'>διε-νίιπμάςαι-ἱρ</span> <span class='ocrx_word' id='word_1_473' title='bbox 1121 5602 1258 5672; x_wconf 51' lang='lat' dir='ltr'><strong><em>legal</em></strong></span> <span class='ocrx_word' id='word_1_474' title='bbox 1284 5601 1336 5672; x_wconf 57' lang='lat' dir='ltr'><strong><em>el</em></strong></span> <span class='ocrx_word' id='word_1_475' title='bbox 1359 5596 1442 5648; x_wconf 83' lang='lat' dir='ltr'>alii</span> <span class='ocrx_word' id='word_1_476' title='bbox 1459 5598 1592 5672; x_wconf 62' lang='grc' dir='ltr'>ᾗλθιΖ</span> 
     </span>
    </p>
   </div>
   <div class='ocr_carea' id='block_1_63' title="bbox 381 5658 1904 5778">
    <p class='ocr_par' dir='ltr' id='par_1_63' title="bbox 381 5658 1904 5778">
     <span class='ocr_line' id='line_1_63' title="bbox 381 5658 1904 5778; baseline 0.005 -76"><span class='ocrx_word' id='word_1_477' title='bbox 381 5660 413 5702; x_wconf 78' lang='lat' dir='ltr'><strong>b</strong></span> <span class='ocrx_word' id='word_1_478' title='bbox 442 5658 671 5778; x_wconf 58' lang='lat' dir='ltr'>mss:</span> <span class='ocrx_word' id='word_1_479' title='bbox 697 5665 750 5709; x_wconf 74' lang='lat' dir='ltr'><strong>et</strong></span> <span class='ocrx_word' id='word_1_480' title='bbox 766 5659 918 5709; x_wconf 74' lang='lat' dir='ltr'>Savil.</span> <span class='ocrx_word' id='word_1_481' title='bbox 947 5661 1014 5708; x_wconf 77' lang='grc' dir='ltr'>ΑΙ.</span> <span class='ocrx_word' id='word_1_482' title='bbox 1034 5658 1250 5720; x_wconf 60' lang='lat' dir='ltr'>Morelj)</span> <span class='ocrx_word' id='word_1_483' title='bbox 1278 5659 1403 5722; x_wconf 84' lang='grc' dir='ltr'>κόμη</span> <span class='ocrx_word' id='word_1_484' title='bbox 1423 5663 1517 5708; x_wconf 84' lang='grc' dir='ltr'>τῶν</span> <span class='ocrx_word' id='word_1_485' title='bbox 1538 5661 1722 5722; x_wconf 81' lang='grc' dir='ltr'>φύλλων</span> <span class='ocrx_word' id='word_1_486' title='bbox 1740 5663 1904 5712; x_wconf 75' lang='grc' dir='ltr'>ἅπασα</span> 
     </span>
     <span class='ocr_line' id='line_1_64' title="bbox 381 5739 576 5770; baseline 0 0"><span class='ocrx_word' id='word_1_487' title='bbox 381 5739 440 5770; x_wconf 74' lang='grc' dir='ltr'>ιτε</span> <span class='ocrx_word' id='word_1_488' title='bbox 464 5761 469 5768; x_wconf 90' lang='grc'>.</span> <span class='ocrx_word' id='word_1_489' title='bbox 563 5755 576 5770; x_wconf 91' lang='grc'>.</span> 
     </span>
    </p>
   </div>
   <div class='ocr_carea' id='block_1_64' title="bbox 318 5739 1901 5905">
    <p class='ocr_par' dir='ltr' id='par_1_64' title="bbox 318 5739 1901 5905">
     <span class='ocr_line' id='line_1_65' title="bbox 318 5739 1901 5854; baseline 0.004 -24"><span class='ocrx_word' id='word_1_490' title='bbox 318 5739 676 5854; x_wconf 43' lang='grc' dir='ltr'>Ἀαέεὲίευηιίικι</span> <span class='ocrx_word' id='word_1_491' title='bbox 689 5786 744 5830; x_wconf 76' lang='lat' dir='ltr'><strong><em>cl</em></strong></span> <span class='ocrx_word' id='word_1_492' title='bbox 766 5782 917 5833; x_wconf 57' lang='lat' dir='ltr'>Savil.</span> <span class='ocrx_word' id='word_1_493' title='bbox 945 5782 998 5832; x_wconf 75' lang='lat' dir='ltr'>In</span> <span class='ocrx_word' id='word_1_494' title='bbox 1022 5780 1177 5832; x_wconf 67' lang='lat' dir='ltr'><strong><em>Morel</em></strong></span> <span class='ocrx_word' id='word_1_495' title='bbox 1222 5783 1564 5846; x_wconf 79' lang='grc' dir='ltr'>συναπέρχεται</span> <span class='ocrx_word' id='word_1_496' title='bbox 1590 5784 1699 5832; x_wconf 77' lang='grc' dir='ltr'>οὐδὲ</span> <span class='ocrx_word' id='word_1_497' title='bbox 1721 5784 1901 5836; x_wconf 69' lang='grc' dir='ltr'>αὐτὰ...</span> 
     </span>
     <span class='ocr_line' id='line_1_66' title="bbox 325 5843 770 5905; baseline 0.007 -14"><span class='ocrx_word' id='word_1_498' title='bbox 325 5846 507 5905; x_wconf 75' lang='grc' dir='ltr'>ἱμάτια,</span> <span class='ocrx_word' id='word_1_499' title='bbox 528 5843 630 5891; x_wconf 79' lang='grc' dir='ltr'>ἀλλ’</span> <span class='ocrx_word' id='word_1_500' title='bbox 653 5859 770 5905; x_wconf 85' lang='grc' dir='ltr'>οσῳ.</span> 
     </span>
    </p>
   </div>
   <div class='ocr_carea' id='block_1_65' title="bbox 1449 358 2511 421">
    <p class='ocr_par' dir='ltr' id='par_1_65' title="bbox 1449 358 2511 421">
     <span class='ocr_line' id='line_1_67' title="bbox 1449 358 2511 421; baseline -0.006 -2"><span class='ocrx_word' id='word_1_501' title='bbox 1449 364 1814 421; x_wconf 76' lang='grc' dir='ltr'>ΕΧΡο81Τ10</span> <span class='ocrx_word' id='word_1_502' title='bbox 1854 361 1918 418; x_wconf 84' lang='lat' dir='ltr'>IN</span> <span class='ocrx_word' id='word_1_503' title='bbox 1961 361 2293 418; x_wconf 68' lang='lat' dir='ltr'>PSALMUM</span> <span class='ocrx_word' id='word_1_504' title='bbox 2326 358 2511 414; x_wconf 75' lang='lat' dir='ltr'>XLIX.</span> 
     </span>
    </p>
   </div>
   <div class='ocr_carea' id='block_1_66' title="bbox 3467 355 3572 412">
    <p class='ocr_par' dir='ltr' id='par_1_66' title="bbox 3467 355 3572 412">
     <span class='ocr_line' id='line_1_68' title="bbox 3467 355 3572 412; baseline 0 -1"><span class='ocrx_word' id='word_1_505' title='bbox 3467 355 3572 412; x_wconf 53' lang='lat'>9.60</span> 
     </span>
    </p>
   </div>
   <div class='ocr_carea' id='block_1_67' title="bbox 1990 469 3574 543">
    <p class='ocr_par' dir='ltr' id='par_1_67' title="bbox 1990 469 3574 543">
     <span class='ocr_line' id='line_1_69' title="bbox 1990 469 3574 543; baseline -0.004 -15"><span class='ocrx_word' id='word_1_506' title='bbox 1990 474 2100 543; x_wconf 78' lang='grc' dir='ltr'>γὰρ</span> <span class='ocrx_word' id='word_1_507' title='bbox 2128 474 2364 538; x_wconf 73' lang='grc' dir='ltr'>ἅπαντα,</span> <span class='ocrx_word' id='word_1_508' title='bbox 2393 473 2537 540; x_wconf 80' lang='grc' dir='ltr'>άπερ</span> <span class='ocrx_word' id='word_1_509' title='bbox 2573 470 3072 542; x_wconf 85' lang='grc' dir='ltr'>ἀπηριθμησάμην,</span> <span class='ocrx_word' id='word_1_510' title='bbox 3110 469 3308 541; x_wconf 84' lang='grc' dir='ltr'>πηγαὶ,</span> <span class='ocrx_word' id='word_1_511' title='bbox 3354 469 3448 522; x_wconf 77' lang='grc' dir='ltr'>καὶ</span> <span class='ocrx_word' id='word_1_512' title='bbox 3475 488 3574 524; x_wconf 79' lang='grc' dir='ltr'>πε-</span> 
     </span>
    </p>
   </div>
   <div class='ocr_carea' id='block_1_68' title="bbox 1993 551 3576 627">
    <p class='ocr_par' dir='ltr' id='par_1_68' title="bbox 1993 551 3576 627">
     <span class='ocr_line' id='line_1_70' title="bbox 1993 551 3576 627; baseline -0.004 -17"><span class='ocrx_word' id='word_1_513' title='bbox 1993 559 2231 627; x_wconf 88' lang='grc' dir='ltr'>ρίπατοι,</span> <span class='ocrx_word' id='word_1_514' title='bbox 2266 556 2362 610; x_wconf 80' lang='grc' dir='ltr'>καὶ</span> <span class='ocrx_word' id='word_1_515' title='bbox 2404 555 2683 625; x_wconf 81' lang='grc' dir='ltr'>βαλανεῖα,</span> <span class='ocrx_word' id='word_1_516' title='bbox 2717 553 2944 624; x_wconf 83' lang='grc' dir='ltr'>χρυσίον</span> <span class='ocrx_word' id='word_1_517' title='bbox 2973 553 3071 607; x_wconf 79' lang='grc' dir='ltr'>καὶ</span> <span class='ocrx_word' id='word_1_518' title='bbox 3100 551 3384 623; x_wconf 84' lang='grc' dir='ltr'>ἀργύριον,</span> <span class='ocrx_word' id='word_1_519' title='bbox 3419 551 3576 605; x_wconf 79' lang='grc' dir='ltr'>ῑπποι</span> 
     </span>
    </p>
   </div>
   <div class='ocr_carea' id='block_1_69' title="bbox 1989 632 3577 709">
    <p class='ocr_par' dir='ltr' id='par_1_69' title="bbox 1989 632 3577 709">
     <span class='ocr_line' id='line_1_71' title="bbox 1989 632 3577 709; baseline -0.005 -15"><span class='ocrx_word' id='word_1_520' title='bbox 1989 641 2084 694; x_wconf 78' lang='grc' dir='ltr'>καὶ</span> <span class='ocrx_word' id='word_1_521' title='bbox 2111 638 2344 709; x_wconf 82' lang='grc' dir='ltr'>ἡμίονοι,</span> <span class='ocrx_word' id='word_1_522' title='bbox 2374 638 2468 695; x_wconf 79' lang='grc' dir='ltr'>καὶ</span> <span class='ocrx_word' id='word_1_523' title='bbox 2488 637 2730 708; x_wconf 84' lang='grc' dir='ltr'>τάπητες</span> <span class='ocrx_word' id='word_1_524' title='bbox 2758 637 2853 690; x_wconf 72' lang='grc' dir='ltr'>καὶ</span> <span class='ocrx_word' id='word_1_525' title='bbox 2883 635 3090 708; x_wconf 83' lang='grc' dir='ltr'>ἱμάτια,</span> <span class='ocrx_word' id='word_1_526' title='bbox 3130 633 3224 689; x_wconf 86' lang='grc' dir='ltr'>τοῦ</span> <span class='ocrx_word' id='word_1_527' title='bbox 3252 635 3400 688; x_wconf 74' lang='grc' dir='ltr'>οἷκον</span> <span class='ocrx_word' id='word_1_528' title='bbox 3429 632 3577 700; x_wconf 78' lang='grc' dir='ltr'>δόξα,</span> 
     </span>
    </p>
   </div>
   <div class='ocr_carea' id='block_1_70' title="bbox 1988 716 3106 791">
    <p class='ocr_par' dir='ltr' id='par_1_70' title="bbox 1988 716 3106 791">
     <span class='ocr_line' id='line_1_72' title="bbox 1988 716 3106 791; baseline 0 -17"><span class='ocrx_word' id='word_1_529' title='bbox 1988 722 2050 774; x_wconf 88' lang='grc' dir='ltr'>ού</span> <span class='ocrx_word' id='word_1_530' title='bbox 2068 721 2162 776; x_wconf 90' lang='grc' dir='ltr'>τοῦ</span> <span class='ocrx_word' id='word_1_531' title='bbox 2186 722 2276 775; x_wconf 84' lang='grc' dir='ltr'>τὸν</span> <span class='ocrx_word' id='word_1_532' title='bbox 2311 716 2460 774; x_wconf 79' lang='grc' dir='ltr'>οἷκον</span> <span class='ocrx_word' id='word_1_533' title='bbox 2493 719 2769 785; x_wconf 77' lang='grc' dir='ltr'>οἰκοῦντος</span> <span class='ocrx_word' id='word_1_534' title='bbox 2795 718 3106 791; x_wconf 82' lang='grc' dir='ltr'>ἀνθρώπου.</span> 
     </span>
    </p>
   </div>
   <div class='ocr_carea' id='block_1_71' title="bbox 2073 797 3578 874">
    <p class='ocr_par' dir='ltr' id='par_1_71' title="bbox 2073 797 3578 874">
     <span class='ocr_line' id='line_1_73' title="bbox 2073 797 3578 874; baseline -0.003 -17"><span class='ocrx_word' id='word_1_535' title='bbox 2073 799 2385 873; x_wconf 81' lang='grc' dir='ltr'>Ἀνθρώπου</span> <span class='ocrx_word' id='word_1_536' title='bbox 2415 801 2522 874; x_wconf 86' lang='grc' dir='ltr'>γὰρ</span> <span class='ocrx_word' id='word_1_537' title='bbox 2551 801 2678 866; x_wconf 78' lang='grc' dir='ltr'>δόξα</span> <span class='ocrx_word' id='word_1_538' title='bbox 2707 804 2740 873; x_wconf 88' lang='grc' dir='ltr'>ή</span> <span class='ocrx_word' id='word_1_539' title='bbox 2773 803 2966 873; x_wconf 80' lang='grc' dir='ltr'>ἀρετὴ,</span> <span class='ocrx_word' id='word_1_540' title='bbox 2998 801 3119 855; x_wconf 84' lang='grc' dir='ltr'>ὅθεν</span> <span class='ocrx_word' id='word_1_541' title='bbox 3149 798 3246 854; x_wconf 75' lang='grc' dir='ltr'>καὶ</span> <span class='ocrx_word' id='word_1_542' title='bbox 3279 797 3578 869; x_wconf 85' lang='grc' dir='ltr'>συναποδη-</span> 
     </span>
    </p>
   </div>
   <div class='ocr_carea' id='block_1_72' title="bbox 1994 881 3581 958">
    <p class='ocr_par' dir='ltr' id='par_1_72' title="bbox 1994 881 3581 958">
     <span class='ocr_line' id='line_1_74' title="bbox 1994 881 3581 958; baseline -0.003 -18"><span class='ocrx_word' id='word_1_543' title='bbox 1994 891 2086 958; x_wconf 88' lang='grc' dir='ltr'>μεῖ</span> <span class='ocrx_word' id='word_1_544' title='bbox 2101 886 2176 957; x_wconf 84' lang='grc' dir='ltr'>τῷ</span> <span class='ocrx_word' id='word_1_545' title='bbox 2195 903 2361 957; x_wconf 88' lang='grc' dir='ltr'>κεκτη</span> <span class='ocrx_word' id='word_1_546' title='bbox 2371 886 2537 956; x_wconf 84' lang='grc' dir='ltr'>μένῳ.</span> <span class='ocrx_word' id='word_1_547' title='bbox 2558 885 2706 958; x_wconf 85' lang='grc' dir='ltr'>Αῦτη</span> <span class='ocrx_word' id='word_1_548' title='bbox 2728 885 2784 940; x_wconf 86' lang='grc' dir='ltr'>δέ</span> <span class='ocrx_word' id='word_1_549' title='bbox 2809 886 2957 939; x_wconf 78' lang='grc' dir='ltr'>οἴκου</span> <span class='ocrx_word' id='word_1_550' title='bbox 2974 883 3100 950; x_wconf 83' lang='grc' dir='ltr'>δόξα</span> <span class='ocrx_word' id='word_1_551' title='bbox 3119 883 3289 955; x_wconf 87' lang='grc' dir='ltr'>μένει·</span> <span class='ocrx_word' id='word_1_552' title='bbox 3306 882 3506 952; x_wconf 83' lang='grc' dir='ltr'>μᾶλλον</span> <span class='ocrx_word' id='word_1_553' title='bbox 3523 881 3581 935; x_wconf 80' lang='grc' dir='ltr'>δὲ</span> 
     </span>
    </p>
   </div>
   <div class='ocr_carea' id='block_1_73' title="bbox 1989 965 3578 1042">
    <p class='ocr_par' dir='ltr' id='par_1_73' title="bbox 1989 965 3578 1042">
     <span class='ocr_line' id='line_1_75' title="bbox 1989 965 3578 1042; baseline -0.003 -18"><span class='ocrx_word' id='word_1_554' title='bbox 1989 971 2110 1024; x_wconf 81' lang='grc' dir='ltr'>οὐδὲ</span> <span class='ocrx_word' id='word_1_555' title='bbox 2143 970 2314 1042; x_wconf 86' lang='grc' dir='ltr'>μένει,</span> <span class='ocrx_word' id='word_1_556' title='bbox 2342 969 2477 1024; x_wconf 86' lang='grc' dir='ltr'>ἀλλά</span> <span class='ocrx_word' id='word_1_557' title='bbox 2504 969 2643 1040; x_wconf 84' lang='grc' dir='ltr'>μετά</span> <span class='ocrx_word' id='word_1_558' title='bbox 2689 970 2784 1024; x_wconf 91' lang='grc' dir='ltr'>τοῦ</span> <span class='ocrx_word' id='word_1_559' title='bbox 2834 971 2984 1023; x_wconf 82' lang='grc' dir='ltr'>οἴκου</span> <span class='ocrx_word' id='word_1_560' title='bbox 3008 969 3102 1022; x_wconf 71' lang='grc' dir='ltr'>καὶ</span> <span class='ocrx_word' id='word_1_561' title='bbox 3126 965 3578 1036; x_wconf 88' lang='grc' dir='ltr'>συγκαταλύεται,</span> 
     </span>
    </p>
   </div>
   <div class='ocr_carea' id='block_1_74' title="bbox 1989 1048 3580 1123">
    <p class='ocr_par' dir='ltr' id='par_1_74' title="bbox 1989 1048 3580 1123">
     <span class='ocr_line' id='line_1_76' title="bbox 1989 1048 3580 1123; baseline -0.003 -18"><span class='ocrx_word' id='word_1_562' title='bbox 1989 1053 2141 1107; x_wconf 82' lang='grc' dir='ltr'>οὐδὲν</span> <span class='ocrx_word' id='word_1_563' title='bbox 2165 1052 2255 1107; x_wconf 73' lang='grc' dir='ltr'>τὸν</span> <span class='ocrx_word' id='word_1_564' title='bbox 2275 1054 2332 1105; x_wconf 86' lang='grc' dir='ltr'>ἐν</span> <span class='ocrx_word' id='word_1_565' title='bbox 2355 1051 2504 1122; x_wconf 83' lang='grc' dir='ltr'>αύτῷ</span> <span class='ocrx_word' id='word_1_566' title='bbox 2524 1052 2941 1123; x_wconf 81' lang='grc' dir='ltr'>ἀναστραφέντα</span> <span class='ocrx_word' id='word_1_567' title='bbox 2961 1051 3142 1121; x_wconf 87' lang='grc' dir='ltr'>ώφελή</span> <span class='ocrx_word' id='word_1_568' title='bbox 3151 1063 3310 1104; x_wconf 81' lang='grc' dir='ltr'>σασα’</span> <span class='ocrx_word' id='word_1_569' title='bbox 3332 1048 3452 1101; x_wconf 80' lang='grc' dir='ltr'>οὐδὲ</span> <span class='ocrx_word' id='word_1_570' title='bbox 3471 1049 3580 1120; x_wconf 83' lang='grc' dir='ltr'>γὰρ</span> 
     </span>
    </p>
   </div>
   <div class='ocr_carea' id='block_1_75' title="bbox 1989 1129 3583 1205">
    <p class='ocr_par' dir='ltr' id='par_1_75' title="bbox 1989 1129 3583 1205">
     <span class='ocr_line' id='line_1_77' title="bbox 1989 1129 3583 1205; baseline -0.002 -19"><span class='ocrx_word' id='word_1_571' title='bbox 1989 1130 2056 1205; x_wconf 78' lang='grc' dir='ltr'>ἦν</span> <span class='ocrx_word' id='word_1_572' title='bbox 2073 1133 2260 1188; x_wconf 81' lang='grc' dir='ltr'>αὑτοῦ.</span> <span class='ocrx_word' id='word_1_573' title='bbox 2272 1135 2390 1187; x_wconf 88' lang='grc' dir='ltr'>Ὅτι</span> <span class='ocrx_word' id='word_1_574' title='bbox 2402 1135 2440 1200; x_wconf 74' lang='grc' dir='ltr'><strong>ἡ</strong></span> <span class='ocrx_word' id='word_1_575' title='bbox 2459 1133 2630 1204; x_wconf 70' lang='grc' dir='ltr'>ψυχὴ</span> <span class='ocrx_word' id='word_1_576' title='bbox 2647 1135 2833 1189; x_wconf 85' lang='grc' dir='ltr'>αὑτοῦ</span> <span class='ocrx_word' id='word_1_577' title='bbox 2845 1133 2997 1201; x_wconf 81' lang='grc' dir='ltr'>ἐντῇ</span> <span class='ocrx_word' id='word_1_578' title='bbox 3013 1131 3128 1201; x_wconf 76' lang='grc' dir='ltr'>ζωῇ</span> <span class='ocrx_word' id='word_1_579' title='bbox 3139 1129 3325 1185; x_wconf 86' lang='grc' dir='ltr'>αὑτοῦ</span> <span class='ocrx_word' id='word_1_580' title='bbox 3338 1131 3583 1199; x_wconf 76' lang='grc' dir='ltr'>εὐλογη-</span> 
     </span>
    </p>
   </div>
   <div class='ocr_carea' id='block_1_76' title="bbox 1991 1213 3582 1288">
    <p class='ocr_par' dir='ltr' id='par_1_76' title="bbox 1991 1213 3582 1288">
     <span class='ocr_line' id='line_1_78' title="bbox 1991 1213 3582 1288; baseline -0.003 -18"><span class='ocrx_word' id='word_1_581' title='bbox 1991 1216 2259 1283; x_wconf 81' lang='grc' dir='ltr'>θήσετιιι.</span> <span class='ocrx_word' id='word_1_582' title='bbox 2306 1216 2485 1270; x_wconf 81' lang='grc' dir='ltr'>Εἰπὼν</span> <span class='ocrx_word' id='word_1_583' title='bbox 2541 1217 2670 1288; x_wconf 70' lang='grc' dir='ltr'>περὶ</span> <span class='ocrx_word' id='word_1_584' title='bbox 2710 1215 2805 1270; x_wconf 86' lang='grc' dir='ltr'>τοῦ</span> <span class='ocrx_word' id='word_1_585' title='bbox 2863 1217 3093 1270; x_wconf 87' lang='grc' dir='ltr'>πλούτου</span> <span class='ocrx_word' id='word_1_586' title='bbox 3146 1213 3311 1267; x_wconf 80' lang='grc' dir='ltr'>αὑτοῦ</span> <span class='ocrx_word' id='word_1_587' title='bbox 3347 1214 3442 1266; x_wconf 75' lang='grc' dir='ltr'>καὶ</span> <span class='ocrx_word' id='word_1_588' title='bbox 3480 1213 3582 1282; x_wconf 89' lang='grc' dir='ltr'>τῆς</span> 
     </span>
    </p>
   </div>
   <div class='ocr_carea' id='block_1_77' title="bbox 1987 1295 3577 1371">
    <p class='ocr_par' dir='ltr' id='par_1_77' title="bbox 1987 1295 3577 1371">
     <span class='ocr_line' id='line_1_79' title="bbox 1987 1295 3577 1371; baseline -0.003 -19"><span class='ocrx_word' id='word_1_589' title='bbox 1987 1300 2182 1371; x_wconf 75' lang='grc' dir='ltr'>δόξης,</span> <span class='ocrx_word' id='word_1_590' title='bbox 2241 1301 2331 1352; x_wconf 57' lang='grc' dir='ltr'>ἐστλ</span> <span class='ocrx_word' id='word_1_591' title='bbox 2395 1300 2487 1352; x_wconf 74' lang='grc' dir='ltr'>τὸν</span> <span class='ocrx_word' id='word_1_592' title='bbox 2545 1299 2654 1352; x_wconf 88' lang='grc' dir='ltr'>τῶν</span> <span class='ocrx_word' id='word_1_593' title='bbox 2713 1299 2998 1370; x_wconf 76' lang='grc' dir='ltr'>εὐφημιῶν</span> <span class='ocrx_word' id='word_1_594' title='bbox 3073 1297 3340 1352; x_wconf 89' lang='grc' dir='ltr'>διαϐαίνει</span> <span class='ocrx_word' id='word_1_595' title='bbox 3399 1295 3577 1364; x_wconf 89' lang='grc' dir='ltr'>λόγον.</span> 
     </span>
    </p>
   </div>
   <div class='ocr_carea' id='block_1_78' title="bbox 2002 1380 3582 1455">
    <p class='ocr_par' dir='ltr' id='par_1_78' title="bbox 2002 1380 3582 1455">
     <span class='ocr_line' id='line_1_80' title="bbox 2002 1380 3582 1455; baseline -0.003 -17"><span class='ocrx_word' id='word_1_596' title='bbox 2002 1383 2220 1453; x_wconf 79' lang='grc' dir='ltr'>Ἐπειδὴ</span> <span class='ocrx_word' id='word_1_597' title='bbox 2275 1384 2386 1454; x_wconf 72' lang='grc' dir='ltr'>γάρ</span> <span class='ocrx_word' id='word_1_598' title='bbox 2445 1387 2540 1438; x_wconf 75' lang='grc' dir='ltr'>καὶ</span> <span class='ocrx_word' id='word_1_599' title='bbox 2614 1383 2774 1438; x_wconf 87' lang='grc' dir='ltr'>τοῦτο</span> <span class='ocrx_word' id='word_1_600' title='bbox 2836 1383 3072 1455; x_wconf 89' lang='grc' dir='ltr'>μάλιστα</span> <span class='ocrx_word' id='word_1_601' title='bbox 3129 1386 3242 1446; x_wconf 86' lang='grc' dir='ltr'>τοῖς</span> <span class='ocrx_word' id='word_1_602' title='bbox 3305 1380 3582 1445; x_wconf 88' lang='grc' dir='ltr'>πλουσίοις</span> 
     </span>
    </p>
   </div>
   <div class='ocr_carea' id='block_1_79' title="bbox 1993 1463 3582 1539">
    <p class='ocr_par' dir='ltr' id='par_1_79' title="bbox 1993 1463 3582 1539">
     <span class='ocr_line' id='line_1_81' title="bbox 1993 1463 3582 1539; baseline -0.001 -20"><span class='ocrx_word' id='word_1_603' title='bbox 1993 1465 2482 1538; x_wconf 87' lang='grc' dir='ltr'>περισπούδαστον,</span> <span class='ocrx_word' id='word_1_604' title='bbox 2517 1468 2572 1520; x_wconf 79' lang='grc' dir='ltr'>αἱ</span> <span class='ocrx_word' id='word_1_605' title='bbox 2607 1468 2665 1520; x_wconf 90' lang='grc' dir='ltr'>ἐν</span> <span class='ocrx_word' id='word_1_606' title='bbox 2695 1468 2868 1539; x_wconf 78' lang='grc' dir='ltr'>ἀγορᾷ</span> <span class='ocrx_word' id='word_1_607' title='bbox 2902 1467 3202 1530; x_wconf 89' lang='grc' dir='ltr'>κολακεῖαι,</span> <span class='ocrx_word' id='word_1_608' title='bbox 3229 1465 3285 1518; x_wconf 84' lang='grc' dir='ltr'>αἱ</span> <span class='ocrx_word' id='word_1_609' title='bbox 3313 1463 3465 1534; x_wconf 87' lang='grc' dir='ltr'>παρά</span> <span class='ocrx_word' id='word_1_610' title='bbox 3486 1463 3582 1518; x_wconf 88' lang='grc' dir='ltr'>τοῦ</span> 
     </span>
    </p>
   </div>
   <div class='ocr_carea' id='block_1_80' title="bbox 1990 1547 3585 1622">
    <p class='ocr_par' dir='ltr' id='par_1_80' title="bbox 1990 1547 3585 1622">
     <span class='ocr_line' id='line_1_82' title="bbox 1990 1547 3585 1622; baseline -0.001 -20"><span class='ocrx_word' id='word_1_611' title='bbox 1990 1549 2162 1621; x_wconf 88' lang='grc' dir='ltr'>δήμου</span> <span class='ocrx_word' id='word_1_612' title='bbox 2189 1549 2501 1621; x_wconf 87' lang='grc' dir='ltr'>θεραπεῖαι,</span> <span class='ocrx_word' id='word_1_613' title='bbox 2528 1553 2583 1603; x_wconf 88' lang='grc' dir='ltr'>αἱ</span> <span class='ocrx_word' id='word_1_614' title='bbox 2609 1550 2926 1622; x_wconf 84' lang='grc' dir='ltr'>δημοτελεῖς</span> <span class='ocrx_word' id='word_1_615' title='bbox 2945 1550 3231 1621; x_wconf 75' lang='grc' dir='ltr'>εὐφημίαι,</span> <span class='ocrx_word' id='word_1_616' title='bbox 3262 1551 3332 1605; x_wconf 83' lang='grc' dir='ltr'>τά</span> <span class='ocrx_word' id='word_1_617' title='bbox 3357 1547 3585 1620; x_wconf 82' lang='grc' dir='ltr'>ὑποκρί-</span> 
     </span>
    </p>
   </div>
   <div class='ocr_carea' id='block_1_81' title="bbox 1991 1630 3585 1704">
    <p class='ocr_par' dir='ltr' id='par_1_81' title="bbox 1991 1630 3585 1704">
     <span class='ocr_line' id='line_1_83' title="bbox 1991 1630 3585 1704; baseline -0.001 -21"><span class='ocrx_word' id='word_1_618' title='bbox 1991 1648 2130 1695; x_wconf 89' lang='grc' dir='ltr'>σεως</span> <span class='ocrx_word' id='word_1_619' title='bbox 2157 1631 2397 1702; x_wconf 91' lang='grc' dir='ltr'>γέμοντα</span> <span class='ocrx_word' id='word_1_620' title='bbox 2429 1633 2703 1703; x_wconf 84' lang='grc' dir='ltr'>ἐγκώμια,</span> <span class='ocrx_word' id='word_1_621' title='bbox 2737 1633 2833 1687; x_wconf 75' lang='grc' dir='ltr'>καὶ</span> <span class='ocrx_word' id='word_1_622' title='bbox 2866 1634 3008 1704; x_wconf 87' lang='grc' dir='ltr'>μέγα</span> <span class='ocrx_word' id='word_1_623' title='bbox 3049 1630 3187 1688; x_wconf 80' lang='grc' dir='ltr'>εἶναι</span> <span class='ocrx_word' id='word_1_624' title='bbox 3217 1635 3366 1688; x_wconf 87' lang='grc' dir='ltr'>δοκεῖ</span> <span class='ocrx_word' id='word_1_625' title='bbox 3399 1633 3460 1687; x_wconf 89' lang='lat'>16</span> <span class='ocrx_word' id='word_1_626' title='bbox 3490 1632 3585 1686; x_wconf 70' lang='grc' dir='ltr'>καὶ</span> 
     </span>
    </p>
   </div>
   <div class='ocr_carea' id='block_1_82' title="bbox 1991 1713 3587 1787">
    <p class='ocr_par' dir='ltr' id='par_1_82' title="bbox 1991 1713 3587 1787">
     <span class='ocr_line' id='line_1_84' title="bbox 1991 1713 3587 1787; baseline 0.001 -20"><span class='ocrx_word' id='word_1_627' title='bbox 1991 1715 2049 1767; x_wconf 83' lang='grc' dir='ltr'>ἐν</span> <span class='ocrx_word' id='word_1_628' title='bbox 2082 1713 2351 1787; x_wconf 87' lang='grc' dir='ltr'>θεάτροις,</span> <span class='ocrx_word' id='word_1_629' title='bbox 2381 1715 2441 1768; x_wconf 84' lang='lat'>16</span> <span class='ocrx_word' id='word_1_630' title='bbox 2469 1715 2565 1768; x_wconf 72' lang='grc' dir='ltr'>καὶ</span> <span class='ocrx_word' id='word_1_631' title='bbox 2593 1717 2651 1768; x_wconf 89' lang='grc' dir='ltr'>ἐν</span> <span class='ocrx_word' id='word_1_632' title='bbox 2675 1716 3018 1786; x_wconf 84' lang='grc' dir='ltr'>συμποσίοις,</span> <span class='ocrx_word' id='word_1_633' title='bbox 3049 1716 3112 1769; x_wconf 89' lang='lat'>16</span> <span class='ocrx_word' id='word_1_634' title='bbox 3140 1717 3234 1770; x_wconf 71' lang='grc' dir='ltr'>καὶ</span> <span class='ocrx_word' id='word_1_635' title='bbox 3257 1719 3314 1770; x_wconf 85' lang='grc' dir='ltr'>ἐν</span> <span class='ocrx_word' id='word_1_636' title='bbox 3334 1718 3587 1785; x_wconf 84' lang='grc' dir='ltr'>δικαστη-</span> 
     </span>
    </p>
   </div>
   <div class='ocr_carea' id='block_1_83' title="bbox 1995 1796 3586 1870">
    <p class='ocr_par' dir='ltr' id='par_1_83' title="bbox 1995 1796 3586 1870">
     <span class='ocr_line' id='line_1_85' title="bbox 1995 1796 3586 1870; baseline 0 -20"><span class='ocrx_word' id='word_1_637' title='bbox 1995 1797 2130 1869; x_wconf 89' lang='grc' dir='ltr'>ρίοις</span> <span class='ocrx_word' id='word_1_638' title='bbox 2151 1797 2487 1868; x_wconf 89' lang='grc' dir='ltr'>κροτεῖσθαι,</span> <span class='ocrx_word' id='word_1_639' title='bbox 2529 1798 2683 1870; x_wconf 86' lang='grc' dir='ltr'>παρά</span> <span class='ocrx_word' id='word_1_640' title='bbox 2715 1799 2933 1852; x_wconf 90' lang='grc' dir='ltr'>πάντων</span> <span class='ocrx_word' id='word_1_641' title='bbox 2967 1798 3458 1870; x_wconf 87' lang='grc' dir='ltr'>ἀνακηρύττεσθαι,</span> <span class='ocrx_word' id='word_1_642' title='bbox 3491 1796 3586 1868; x_wconf 86' lang='grc' dir='ltr'>ζη-</span> 
     </span>
    </p>
   </div>
   <div class='ocr_carea' id='block_1_84' title="bbox 1991 1876 3587 1954">
    <p class='ocr_par' dir='ltr' id='par_1_84' title="bbox 1991 1876 3587 1954">
     <span class='ocr_line' id='line_1_86' title="bbox 1991 1876 3587 1954; baseline 0.001 -22"><span class='ocrx_word' id='word_1_643' title='bbox 1991 1878 2195 1943; x_wconf 82' lang='grc' dir='ltr'>λωτοὺς</span> <span class='ocrx_word' id='word_1_644' title='bbox 2221 1876 2362 1933; x_wconf 79' lang='grc' dir='ltr'>εἶναι</span> <span class='ocrx_word' id='word_1_645' title='bbox 2389 1881 2730 1952; x_wconf 76' lang='grc' dir='ltr'>νομίζεσθαι,</span> <span class='ocrx_word' id='word_1_646' title='bbox 2757 1882 2858 1954; x_wconf 79' lang='grc' dir='ltr'>ὅρα</span> <span class='ocrx_word' id='word_1_647' title='bbox 2883 1881 2977 1935; x_wconf 68' lang='grc' dir='ltr'>καὶ</span> <span class='ocrx_word' id='word_1_648' title='bbox 3002 1881 3160 1935; x_wconf 88' lang='grc' dir='ltr'>τοῦτο</span> <span class='ocrx_word' id='word_1_649' title='bbox 3189 1881 3305 1945; x_wconf 82' lang='grc' dir='ltr'>πῶς</span> <span class='ocrx_word' id='word_1_650' title='bbox 3333 1880 3587 1950; x_wconf 87' lang='grc' dir='ltr'>καθαιρεῖ</span> 
     </span>
    </p>
   </div>
   <div class='ocr_carea' id='block_1_85' title="bbox 1994 1961 3584 2036">
    <p class='ocr_par' dir='ltr' id='par_1_85' title="bbox 1994 1961 3584 2036">
     <span class='ocr_line' id='line_1_87' title="bbox 1994 1961 3584 2036; baseline 0.003 -21"><span class='ocrx_word' id='word_1_651' title='bbox 1994 1963 2156 2016; x_wconf 86' lang='grc' dir='ltr'>πάλιν</span> <span class='ocrx_word' id='word_1_652' title='bbox 2179 1963 2288 2018; x_wconf 82' lang='grc' dir='ltr'>ἀπὸ</span> <span class='ocrx_word' id='word_1_653' title='bbox 2314 1964 2406 2018; x_wconf 86' lang='grc' dir='ltr'>τοῦ</span> <span class='ocrx_word' id='word_1_654' title='bbox 2436 1965 2651 2036; x_wconf 82' lang='grc' dir='ltr'>χρόνου.</span> <span class='ocrx_word' id='word_1_655' title='bbox 2698 1965 2795 2018; x_wconf 80' lang='grc' dir='ltr'>Ἐν</span> <span class='ocrx_word' id='word_1_656' title='bbox 2816 1964 2924 2036; x_wconf 86' lang='grc' dir='ltr'>γὰρ</span> <span class='ocrx_word' id='word_1_657' title='bbox 2956 1963 3032 2032; x_wconf 77' lang='grc' dir='ltr'>τῇ</span> <span class='ocrx_word' id='word_1_658' title='bbox 3056 1962 3170 2032; x_wconf 78' lang='grc' dir='ltr'>ζ’ωῇ</span> <span class='ocrx_word' id='word_1_659' title='bbox 3192 1963 3402 2028; x_wconf 84' lang='grc' dir='ltr'>αὐτοῦ,</span> <span class='ocrx_word' id='word_1_660' title='bbox 3430 1961 3584 2032; x_wconf 73' lang='grc' dir='ltr'>φησὶ,</span> 
     </span>
    </p>
   </div>
   <div class='ocr_carea' id='block_1_86' title="bbox 1991 2042 3586 2119">
    <p class='ocr_par' dir='ltr' id='par_1_86' title="bbox 1991 2042 3586 2119">
     <span class='ocr_line' id='line_1_88' title="bbox 1991 2042 3586 2119; baseline -0.001 -21"><span class='ocrx_word' id='word_1_661' title='bbox 1991 2045 2289 2111; x_wconf 79' lang='grc' dir='ltr'>τουτέστιν,</span> <span class='ocrx_word' id='word_1_662' title='bbox 2326 2042 2486 2102; x_wconf 77' lang='grc' dir='ltr'>αὗται</span> <span class='ocrx_word' id='word_1_663' title='bbox 2537 2049 2593 2101; x_wconf 71' lang='lat' dir='ltr'>al</span> <span class='ocrx_word' id='word_1_664' title='bbox 2640 2048 2950 2119; x_wconf 85' lang='grc' dir='ltr'>θεραπεῖαι,</span> <span class='ocrx_word' id='word_1_665' title='bbox 2981 2050 3074 2101; x_wconf 77' lang='grc' dir='ltr'>καὶ</span> <span class='ocrx_word' id='word_1_666' title='bbox 3117 2046 3178 2100; x_wconf 87' lang='lat'>16</span> <span class='ocrx_word' id='word_1_667' title='bbox 3233 2043 3291 2100; x_wconf 84' lang='grc' dir='ltr'>εὖ</span> <span class='ocrx_word' id='word_1_668' title='bbox 3333 2044 3586 2115; x_wconf 83' lang='grc' dir='ltr'>λέγεσθαι</span> 
     </span>
    </p>
   </div>
   <div class='ocr_carea' id='block_1_87' title="bbox 1993 2128 3586 2204">
    <p class='ocr_par' dir='ltr' id='par_1_87' title="bbox 1993 2128 3586 2204">
     <span class='ocr_line' id='line_1_89' title="bbox 1993 2128 3586 2204; baseline -0.001 -20"><span class='ocrx_word' id='word_1_669' title='bbox 1993 2130 2176 2196; x_wconf 83' lang='grc' dir='ltr'>αὑτὸν,</span> <span class='ocrx_word' id='word_1_670' title='bbox 2213 2131 2376 2202; x_wconf 86' lang='grc' dir='ltr'>μέχρι</span> <span class='ocrx_word' id='word_1_671' title='bbox 2409 2130 2502 2185; x_wconf 86' lang='grc' dir='ltr'>τοῦ</span> <span class='ocrx_word' id='word_1_672' title='bbox 2531 2133 2798 2204; x_wconf 88' lang='grc' dir='ltr'>παρόντος</span> <span class='ocrx_word' id='word_1_673' title='bbox 2825 2131 2941 2202; x_wconf 86' lang='grc' dir='ltr'>βίου</span> <span class='ocrx_word' id='word_1_674' title='bbox 2965 2149 2980 2163; x_wconf 86' lang='grc'><strong>·</strong></span> <span class='ocrx_word' id='word_1_675' title='bbox 3018 2130 3156 2201; x_wconf 85' lang='grc' dir='ltr'>μετὰ</span> <span class='ocrx_word' id='word_1_676' title='bbox 3184 2131 3240 2183; x_wconf 84' lang='grc' dir='ltr'>δέ</span> <span class='ocrx_word' id='word_1_677' title='bbox 3273 2131 3382 2184; x_wconf 87' lang='grc' dir='ltr'>τῶν</span> <span class='ocrx_word' id='word_1_678' title='bbox 3409 2128 3586 2185; x_wconf 74' lang='grc' dir='ltr'>ἄλλων</span> 
     </span>
    </p>
   </div>
   <div class='ocr_carea' id='block_1_88' title="bbox 1993 2212 3585 2287">
    <p class='ocr_par' dir='ltr' id='par_1_88' title="bbox 1993 2212 3585 2287">
     <span class='ocr_line' id='line_1_90' title="bbox 1993 2212 3585 2287; baseline -0.002 -20"><span class='ocrx_word' id='word_1_679' title='bbox 1993 2215 2090 2268; x_wconf 77' lang='grc' dir='ltr'>καὶ</span> <span class='ocrx_word' id='word_1_680' title='bbox 2125 2214 2283 2268; x_wconf 85' lang='grc' dir='ltr'>τοῦτο</span> <span class='ocrx_word' id='word_1_681' title='bbox 2328 2216 2780 2286; x_wconf 88' lang='grc' dir='ltr'>συγκαταλύεται,</span> <span class='ocrx_word' id='word_1_682' title='bbox 2816 2217 2890 2279; x_wconf 84' lang='grc' dir='ltr'>ὡς</span> <span class='ocrx_word' id='word_1_683' title='bbox 2927 2216 3278 2287; x_wconf 77' lang='grc' dir='ltr'>πρόσκαιρον,</span> <span class='ocrx_word' id='word_1_684' title='bbox 3329 2215 3423 2268; x_wconf 73' lang='grc' dir='ltr'>καὶ</span> <span class='ocrx_word' id='word_1_685' title='bbox 3465 2212 3585 2265; x_wconf 85' lang='grc' dir='ltr'>ἐπί-</span> 
     </span>
    </p>
   </div>
   <div class='ocr_carea' id='block_1_89' title="bbox 1992 2295 3585 2370">
    <p class='ocr_par' dir='ltr' id='par_1_89' title="bbox 1992 2295 3585 2370">
     <span class='ocr_line' id='line_1_91' title="bbox 1992 2295 3585 2370; baseline -0.003 -19"><span class='ocrx_word' id='word_1_686' title='bbox 1992 2314 2184 2370; x_wconf 87' lang='grc' dir='ltr'>κηρον.</span> <span class='ocrx_word' id='word_1_687' title='bbox 2226 2298 2386 2352; x_wconf 85' lang='grc' dir='ltr'>Ἀλλά</span> <span class='ocrx_word' id='word_1_688' title='bbox 2411 2300 2506 2354; x_wconf 80' lang='grc' dir='ltr'>καὶ</span> <span class='ocrx_word' id='word_1_689' title='bbox 2537 2299 2700 2370; x_wconf 87' lang='grc' dir='ltr'>ήνίκα</span> <span class='ocrx_word' id='word_1_690' title='bbox 2725 2300 2790 2352; x_wconf 85' lang='grc' dir='ltr'>ἂν</span> <span class='ocrx_word' id='word_1_691' title='bbox 2815 2299 3032 2369; x_wconf 89' lang='grc' dir='ltr'>γίνηται</span> <span class='ocrx_word' id='word_1_692' title='bbox 3055 2299 3119 2350; x_wconf 88' lang='grc' dir='ltr'>ἐκ</span> <span class='ocrx_word' id='word_1_693' title='bbox 3148 2298 3398 2369; x_wconf 85' lang='grc' dir='ltr'>παροχῆς</span> <span class='ocrx_word' id='word_1_694' title='bbox 3419 2295 3446 2335; x_wconf 70' lang='grc' dir='ltr'><em>ά</em></span> <span class='ocrx_word' id='word_1_695' title='bbox 3475 2295 3585 2348; x_wconf 91' lang='grc' dir='ltr'>τῶν</span> 
     </span>
    </p>
   </div>
   <div class='ocr_carea' id='block_1_90' title="bbox 1993 2379 3590 2453">
    <p class='ocr_par' dir='ltr' id='par_1_90' title="bbox 1993 2379 3590 2453">
     <span class='ocr_line' id='line_1_92' title="bbox 1993 2379 3590 2453; baseline -0.003 -19"><span class='ocrx_word' id='word_1_696' title='bbox 1993 2381 2409 2453; x_wconf 80' lang='grc' dir='ltr'>εὐφημούντων,</span> <span class='ocrx_word' id='word_1_697' title='bbox 2437 2383 2575 2453; x_wconf 89' lang='grc' dir='ltr'>μετά</span> <span class='ocrx_word' id='word_1_698' title='bbox 2595 2381 2854 2453; x_wconf 86' lang='grc' dir='ltr'>τελευτὴν</span> <span class='ocrx_word' id='word_1_699' title='bbox 2883 2383 2963 2444; x_wconf 83' lang='grc' dir='ltr'>είς</span> <span class='ocrx_word' id='word_1_700' title='bbox 2995 2381 3302 2435; x_wconf 81' lang='grc' dir='ltr'>τούναντίον</span> <span class='ocrx_word' id='word_1_701' title='bbox 3335 2379 3590 2450; x_wconf 83' lang='grc' dir='ltr'>μεθίστα-</span> 
     </span>
    </p>
   </div>
   <div class='ocr_carea' id='block_1_91' title="bbox 1991 2461 3586 2538">
    <p class='ocr_par' dir='ltr' id='par_1_91' title="bbox 1991 2461 3586 2538">
     <span class='ocr_line' id='line_1_93' title="bbox 1991 2461 3586 2538; baseline -0.001 -21"><span class='ocrx_word' id='word_1_702' title='bbox 1991 2481 2104 2529; x_wconf 85' lang='grc' dir='ltr'>ται,</span> <span class='ocrx_word' id='word_1_703' title='bbox 2134 2466 2262 2519; x_wconf 85' lang='grc' dir='ltr'>ὃταν</span> <span class='ocrx_word' id='word_1_704' title='bbox 2295 2466 2356 2518; x_wconf 87' lang='grc' dir='ltr'>τὸ</span> <span class='ocrx_word' id='word_1_705' title='bbox 2379 2465 2475 2518; x_wconf 87' lang='grc' dir='ltr'>τοῦ</span> <span class='ocrx_word' id='word_1_706' title='bbox 2497 2465 2663 2534; x_wconf 88' lang='grc' dir='ltr'>φόϐου</span> <span class='ocrx_word' id='word_1_707' title='bbox 2687 2467 3032 2538; x_wconf 86' lang='grc' dir='ltr'>προσωπεῖον</span> <span class='ocrx_word' id='word_1_708' title='bbox 3069 2463 3412 2535; x_wconf 76' lang='grc' dir='ltr'>περιαιρεθῇ.</span> <span class='ocrx_word' id='word_1_709' title='bbox 3454 2461 3586 2526; x_wconf 78' lang='grc' dir='ltr'>Ἐξ-</span> 
     </span>
    </p>
   </div>
   <div class='ocr_carea' id='block_1_92' title="bbox 1994 2544 3588 2619">
    <p class='ocr_par' dir='ltr' id='par_1_92' title="bbox 1994 2544 3588 2619">
     <span class='ocr_line' id='line_1_94' title="bbox 1994 2544 3588 2619; baseline -0.004 -16"><span class='ocrx_word' id='word_1_710' title='bbox 1994 2548 2437 2619; x_wconf 70' lang='grc' dir='ltr'>ομολογήσετιιί</span> <span class='ocrx_word' id='word_1_711' title='bbox 2463 2567 2582 2614; x_wconf 86' lang='grc' dir='ltr'>σοι,</span> <span class='ocrx_word' id='word_1_712' title='bbox 2603 2549 2748 2604; x_wconf 85' lang='grc' dir='ltr'>ὅταν</span> <span class='ocrx_word' id='word_1_713' title='bbox 2771 2549 3080 2617; x_wconf 78' lang='grc' dir='ltr'>ἀγαθύνῃς</span> <span class='ocrx_word' id='word_1_714' title='bbox 3099 2545 3278 2614; x_wconf 83' lang='grc' dir='ltr'>αὐτῷ.</span> <span class='ocrx_word' id='word_1_715' title='bbox 3299 2547 3442 2616; x_wconf 88' lang='grc' dir='ltr'>’Ὀρα</span> <span class='ocrx_word' id='word_1_716' title='bbox 3470 2544 3588 2607; x_wconf 84' lang='grc' dir='ltr'>πῶς</span> 
     </span>
    </p>
   </div>
   <div class='ocr_carea' id='block_1_93' title="bbox 1995 2629 3589 2703">
    <p class='ocr_par' dir='ltr' id='par_1_93' title="bbox 1995 2629 3589 2703">
     <span class='ocr_line' id='line_1_95' title="bbox 1995 2629 3589 2703; baseline -0.003 -16"><span class='ocrx_word' id='word_1_717' title='bbox 1995 2633 2092 2687; x_wconf 75' lang='grc' dir='ltr'>καὶ</span> <span class='ocrx_word' id='word_1_718' title='bbox 2116 2633 2216 2696; x_wconf 84' lang='grc' dir='ltr'>τὰς</span> <span class='ocrx_word' id='word_1_719' title='bbox 2245 2632 2566 2703; x_wconf 83' lang='grc' dir='ltr'>εὐεργεσίας</span> <span class='ocrx_word' id='word_1_720' title='bbox 2595 2631 2777 2686; x_wconf 84' lang='grc' dir='ltr'>αὐτῶν</span> <span class='ocrx_word' id='word_1_721' title='bbox 2803 2631 3102 2686; x_wconf 88' lang='grc' dir='ltr'>διαϐάλλει.</span> <span class='ocrx_word' id='word_1_722' title='bbox 3133 2632 3206 2685; x_wconf 82' lang='grc' dir='ltr'><strong>Σὺ</strong></span> <span class='ocrx_word' id='word_1_723' title='bbox 3239 2630 3339 2702; x_wconf 85' lang='grc' dir='ltr'>μὲν</span> <span class='ocrx_word' id='word_1_724' title='bbox 3364 2629 3472 2700; x_wconf 84' lang='grc' dir='ltr'>γὰρ</span> <span class='ocrx_word' id='word_1_725' title='bbox 3503 2644 3589 2683; x_wconf 83' lang='grc' dir='ltr'>κο-</span> 
     </span>
    </p>
   </div>
   <div class='ocr_carea' id='block_1_94' title="bbox 1993 2711 3587 2788">
    <p class='ocr_par' dir='ltr' id='par_1_94' title="bbox 1993 2711 3587 2788">
     <span class='ocr_line' id='line_1_96' title="bbox 1993 2711 3587 2788; baseline -0.004 -18"><span class='ocrx_word' id='word_1_726' title='bbox 1993 2712 2248 2778; x_wconf 89' lang='grc' dir='ltr'>λακεύεις</span> <span class='ocrx_word' id='word_1_727' title='bbox 2285 2717 2379 2768; x_wconf 73' lang='grc' dir='ltr'>καὶ</span> <span class='ocrx_word' id='word_1_728' title='bbox 2414 2715 2759 2786; x_wconf 87' lang='grc' dir='ltr'>θεραπεύεις,</span> <span class='ocrx_word' id='word_1_729' title='bbox 2790 2716 3216 2788; x_wconf 86' lang='grc' dir='ltr'>ὑποκρινόμενος</span> <span class='ocrx_word' id='word_1_730' title='bbox 3254 2711 3587 2785; x_wconf 83' lang='grc' dir='ltr'>πρόσκαιρόν</span> 
     </span>
    </p>
   </div>
   <div class='ocr_carea' id='block_1_95' title="bbox 1993 2799 3588 2873">
    <p class='ocr_par' dir='ltr' id='par_1_95' title="bbox 1993 2799 3588 2873">
     <span class='ocr_line' id='line_1_97' title="bbox 1993 2799 3588 2873; baseline -0.005 -18"><span class='ocrx_word' id='word_1_731' title='bbox 1993 2817 2116 2855; x_wconf 88' lang='grc' dir='ltr'>τινα</span> <span class='ocrx_word' id='word_1_732' title='bbox 2160 2800 2456 2873; x_wconf 83' lang='grc' dir='ltr'>θεραπείαν</span> <span class='ocrx_word' id='word_1_733' title='bbox 2500 2801 2597 2854; x_wconf 73' lang='grc' dir='ltr'>καὶ</span> <span class='ocrx_word' id='word_1_734' title='bbox 2639 2800 2981 2872; x_wconf 82' lang='grc' dir='ltr'>ὑποκρίσεως</span> <span class='ocrx_word' id='word_1_735' title='bbox 3026 2799 3327 2869; x_wconf 83' lang='grc' dir='ltr'>γέμουσαν·</span> <span class='ocrx_word' id='word_1_736' title='bbox 3381 2799 3588 2859; x_wconf 84' lang='grc' dir='ltr'>ἐκεῖνος</span> 
     </span>
    </p>
   </div>
   <div class='ocr_carea' id='block_1_96' title="bbox 1994 2879 3586 2957">
    <p class='ocr_par' dir='ltr' id='par_1_96' title="bbox 1994 2879 3586 2957">
     <span class='ocr_line' id='line_1_98' title="bbox 1994 2879 3586 2957; baseline -0.005 -17"><span class='ocrx_word' id='word_1_737' title='bbox 1994 2883 2051 2940; x_wconf 85' lang='grc' dir='ltr'>δὲ</span> <span class='ocrx_word' id='word_1_738' title='bbox 2080 2885 2186 2939; x_wconf 80' lang='grc' dir='ltr'>κᾶν</span> <span class='ocrx_word' id='word_1_739' title='bbox 2212 2885 2440 2957; x_wconf 87' lang='grc' dir='ltr'>χάριτάς</span> <span class='ocrx_word' id='word_1_740' title='bbox 2469 2901 2551 2939; x_wconf 91' lang='grc' dir='ltr'>σοι</span> <span class='ocrx_word' id='word_1_741' title='bbox 2574 2885 2884 2956; x_wconf 83' lang='grc' dir='ltr'>ὁμολογήσῃ</span> <span class='ocrx_word' id='word_1_742' title='bbox 2906 2896 2952 2950; x_wconf 75' lang='grc' dir='ltr'>ε,</span> <span class='ocrx_word' id='word_1_743' title='bbox 2980 2883 3284 2954; x_wconf 90' lang='grc' dir='ltr'>ὠνούμενος</span> <span class='ocrx_word' id='word_1_744' title='bbox 3310 2880 3460 2952; x_wconf 85' lang='grc' dir='ltr'>παρά</span> <span class='ocrx_word' id='word_1_745' title='bbox 3491 2879 3586 2933; x_wconf 86' lang='grc' dir='ltr'>σοῦ</span> 
     </span>
    </p>
   </div>
   <div class='ocr_carea' id='block_1_97' title="bbox 1994 2962 3587 3040">
    <p class='ocr_par' dir='ltr' id='par_1_97' title="bbox 1994 2962 3587 3040">
     <span class='ocr_line' id='line_1_99' title="bbox 1994 2962 3587 3040; baseline -0.004 -18"><span class='ocrx_word' id='word_1_746' title='bbox 1994 2967 2058 3022; x_wconf 84' lang='lat'>16</span> <span class='ocrx_word' id='word_1_747' title='bbox 2075 2967 2144 3022; x_wconf 78' lang='grc' dir='ltr'>τὰ</span> <span class='ocrx_word' id='word_1_748' title='bbox 2159 2967 2462 3040; x_wconf 86' lang='grc' dir='ltr'>ἀρέσκοντα</span> <span class='ocrx_word' id='word_1_749' title='bbox 2483 2967 2634 3039; x_wconf 79' lang='grc' dir='ltr'>αὐτῷ</span> <span class='ocrx_word' id='word_1_750' title='bbox 2653 2970 2850 3033; x_wconf 85' lang='grc' dir='ltr'>ποιεῖν,</span> <span class='ocrx_word' id='word_1_751' title='bbox 2892 2968 2986 3021; x_wconf 71' lang='grc' dir='ltr'>καὶ</span> <span class='ocrx_word' id='word_1_752' title='bbox 3016 2964 3211 3020; x_wconf 84' lang='grc' dir='ltr'>πολλοῦ</span> <span class='ocrx_word' id='word_1_753' title='bbox 3233 2964 3389 3018; x_wconf 90' lang='grc' dir='ltr'>τοῦτο</span> <span class='ocrx_word' id='word_1_754' title='bbox 3416 2962 3587 3016; x_wconf 86' lang='grc' dir='ltr'>ὠνού-</span> 
     </span>
    </p>
   </div>
   <div class='ocr_carea' id='block_1_98' title="bbox 2000 3047 3587 3124">
    <p class='ocr_par' dir='ltr' id='par_1_98' title="bbox 2000 3047 3587 3124">
     <span class='ocr_line' id='line_1_100' title="bbox 2000 3047 3587 3124; baseline -0.003 -19"><span class='ocrx_word' id='word_1_755' title='bbox 2000 3068 2182 3124; x_wconf 91' lang='grc' dir='ltr'>μενος,</span> <span class='ocrx_word' id='word_1_756' title='bbox 2214 3051 2337 3105; x_wconf 87' lang='grc' dir='ltr'>τότε</span> <span class='ocrx_word' id='word_1_757' title='bbox 2372 3052 2754 3124; x_wconf 79' lang='grc' dir='ltr'>εὐχαριστήσει</span> <span class='ocrx_word' id='word_1_758' title='bbox 2785 3068 2886 3116; x_wconf 89' lang='grc' dir='ltr'>σοι,</span> <span class='ocrx_word' id='word_1_759' title='bbox 2909 3051 3062 3122; x_wconf 86' lang='grc' dir='ltr'>φησί.</span> <span class='ocrx_word' id='word_1_760' title='bbox 3095 3050 3169 3103; x_wconf 84' lang='grc' dir='ltr'>Τὸ</span> <span class='ocrx_word' id='word_1_761' title='bbox 3196 3049 3324 3121; x_wconf 86' lang='grc' dir='ltr'>γὰρ,</span> <span class='ocrx_word' id='word_1_762' title='bbox 3353 3047 3587 3116; x_wconf 79' lang='grc' dir='ltr'>Ἐξομοο</span> 
     </span>
    </p>
   </div>
   <div class='ocr_carea' id='block_1_99' title="bbox 1996 3130 3588 3205">
    <p class='ocr_par' dir='ltr' id='par_1_99' title="bbox 1996 3130 3588 3205">
     <span class='ocr_line' id='line_1_101' title="bbox 1996 3130 3588 3205; baseline -0.004 -16"><span class='ocrx_word' id='word_1_763' title='bbox 1996 3135 2342 3205; x_wconf 77' lang='grc' dir='ltr'>λογήσεται,</span> <span class='ocrx_word' id='word_1_764' title='bbox 2374 3135 2532 3188; x_wconf 89' lang='grc' dir='ltr'>τοῦτό</span> <span class='ocrx_word' id='word_1_765' title='bbox 2561 3138 2727 3199; x_wconf 85' lang='grc' dir='ltr'>ἐστιν,</span> <span class='ocrx_word' id='word_1_766' title='bbox 2764 3133 2911 3188; x_wconf 73' lang='grc' dir='ltr'>ὅταν</span> <span class='ocrx_word' id='word_1_767' title='bbox 2941 3136 3249 3203; x_wconf 73' lang='grc' dir='ltr'>ἀγαθύνῃς</span> <span class='ocrx_word' id='word_1_768' title='bbox 3264 3130 3443 3198; x_wconf 88' lang='grc' dir='ltr'>αὐτῷ.</span> <span class='ocrx_word' id='word_1_769' title='bbox 3473 3131 3588 3184; x_wconf 86' lang='grc' dir='ltr'>Οὐκ</span> 
     </span>
    </p>
   </div>
   <div class='ocr_carea' id='block_1_100' title="bbox 1996 3215 3586 3290">
    <p class='ocr_par' dir='ltr' id='par_1_100' title="bbox 1996 3215 3586 3290">
     <span class='ocr_line' id='line_1_102' title="bbox 1996 3215 3586 3290; baseline -0.002 -20"><span class='ocrx_word' id='word_1_770' title='bbox 1996 3217 2169 3285; x_wconf 77' lang='grc' dir='ltr'>εἶπεν,</span> <span class='ocrx_word' id='word_1_771' title='bbox 2201 3217 2370 3273; x_wconf 86' lang='grc' dir='ltr'>Ὅταν</span> <span class='ocrx_word' id='word_1_772' title='bbox 2394 3237 2445 3272; x_wconf 92' lang='grc' dir='ltr'>τι</span> <span class='ocrx_word' id='word_1_773' title='bbox 2470 3221 2740 3290; x_wconf 87' lang='grc' dir='ltr'>χρήσιμον</span> <span class='ocrx_word' id='word_1_774' title='bbox 2780 3219 3009 3290; x_wconf 81' lang='grc' dir='ltr'>ἐργάσῃ.</span> <span class='ocrx_word' id='word_1_775' title='bbox 3041 3219 3167 3271; x_wconf 81' lang='grc' dir='ltr'>ὅταν</span> <span class='ocrx_word' id='word_1_776' title='bbox 3196 3215 3586 3288; x_wconf 77' lang='grc' dir='ltr'>εὐεργετήσῃς,</span> 
     </span>
    </p>
   </div>
   <div class='ocr_carea' id='block_1_101' title="bbox 1997 3295 3585 3373">
    <p class='ocr_par' dir='ltr' id='par_1_101' title="bbox 1997 3295 3585 3373">
     <span class='ocr_line' id='line_1_103' title="bbox 1997 3295 3585 3373; baseline -0.001 -19"><span class='ocrx_word' id='word_1_777' title='bbox 1997 3301 2135 3362; x_wconf 86' lang='grc' dir='ltr'>ἀλλ’,</span> <span class='ocrx_word' id='word_1_778' title='bbox 2170 3301 2339 3354; x_wconf 82' lang='grc' dir='ltr'>Ὅταν</span> <span class='ocrx_word' id='word_1_779' title='bbox 2368 3302 2436 3354; x_wconf 80' lang='grc' dir='ltr'>τά</span> <span class='ocrx_word' id='word_1_780' title='bbox 2478 3301 2686 3373; x_wconf 86' lang='grc' dir='ltr'>ἀρεστά</span> <span class='ocrx_word' id='word_1_781' title='bbox 2717 3301 2887 3372; x_wconf 84' lang='grc' dir='ltr'>αὐτῷ,</span> <span class='ocrx_word' id='word_1_782' title='bbox 2917 3302 3011 3354; x_wconf 76' lang='grc' dir='ltr'>καὶ</span> <span class='ocrx_word' id='word_1_783' title='bbox 3051 3300 3193 3354; x_wconf 72' lang='grc' dir='ltr'>κατὰ</span> <span class='ocrx_word' id='word_1_784' title='bbox 3226 3295 3502 3372; x_wconf 85' lang='grc' dir='ltr'>γνώμηνῇ</span> <span class='ocrx_word' id='word_1_785' title='bbox 3540 3296 3585 3364; x_wconf 72' lang='grc' dir='ltr'>ί,</span> 
     </span>
    </p>
   </div>
   <div class='ocr_carea' id='block_1_102' title="bbox 1999 3382 3593 3457">
    <p class='ocr_par' dir='ltr' id='par_1_102' title="bbox 1999 3382 3593 3457">
     <span class='ocr_line' id='line_1_104' title="bbox 1999 3382 3593 3457; baseline -0.004 -17"><span class='ocrx_word' id='word_1_786' title='bbox 1999 3384 2149 3457; x_wconf 71' lang='grc'>[225]</span> <span class='ocrx_word' id='word_1_787' title='bbox 2180 3385 2274 3438; x_wconf 69' lang='grc' dir='ltr'>καὶ</span> <span class='ocrx_word' id='word_1_788' title='bbox 2306 3384 2447 3438; x_wconf 81' lang='grc' dir='ltr'>κατά</span> <span class='ocrx_word' id='word_1_789' title='bbox 2479 3385 2604 3438; x_wconf 83' lang='grc' dir='ltr'>νοῦν</span> <span class='ocrx_word' id='word_1_790' title='bbox 2648 3384 3002 3455; x_wconf 83' lang='grc' dir='ltr'>ὑπηρετήσῃς</span> <span class='ocrx_word' id='word_1_791' title='bbox 3023 3401 3036 3414; x_wconf 75' lang='grc' dir='ltr'>ο</span> <span class='ocrx_word' id='word_1_792' title='bbox 3069 3383 3302 3448; x_wconf 78' lang='grc' dir='ltr'>δεικνὺς,</span> <span class='ocrx_word' id='word_1_793' title='bbox 3347 3383 3428 3435; x_wconf 83' lang='grc' dir='ltr'>ὅτι</span> <span class='ocrx_word' id='word_1_794' title='bbox 3466 3382 3593 3435; x_wconf 82' lang='grc' dir='ltr'>ἐκα-</span> 
     </span>
    </p>
   </div>
   <div class='ocr_carea' id='block_1_103' title="bbox 1996 3464 3585 3539">
    <p class='ocr_par' dir='ltr' id='par_1_103' title="bbox 1996 3464 3585 3539">
     <span class='ocr_line' id='line_1_105' title="bbox 1996 3464 3585 3539; baseline -0.002 -18"><span class='ocrx_word' id='word_1_795' title='bbox 1996 3468 2234 3539; x_wconf 88' lang='grc' dir='ltr'>τέρωθεν</span> <span class='ocrx_word' id='word_1_796' title='bbox 2251 3469 2285 3538; x_wconf 86' lang='grc' dir='ltr'>ή</span> <span class='ocrx_word' id='word_1_797' title='bbox 2309 3467 2502 3538; x_wconf 86' lang='grc' dir='ltr'>βλάϐη,</span> <span class='ocrx_word' id='word_1_798' title='bbox 2529 3468 2637 3521; x_wconf 82' lang='grc' dir='ltr'>ἀπό</span> <span class='ocrx_word' id='word_1_799' title='bbox 2664 3484 2718 3520; x_wconf 86' lang='grc' dir='ltr'>τε</span> <span class='ocrx_word' id='word_1_800' title='bbox 2743 3467 2843 3538; x_wconf 92' lang='grc' dir='ltr'>τῆς</span> <span class='ocrx_word' id='word_1_801' title='bbox 2861 3467 3251 3537; x_wconf 85' lang='grc' dir='ltr'>πεπλασμένης</span> <span class='ocrx_word' id='word_1_802' title='bbox 3274 3464 3585 3528; x_wconf 78' lang='grc' dir='ltr'>κολακείας,</span> 
     </span>
    </p>
   </div>
   <div class='ocr_carea' id='block_1_104' title="bbox 1997 3548 3589 3621">
    <p class='ocr_par' dir='ltr' id='par_1_104' title="bbox 1997 3548 3589 3621">
     <span class='ocr_line' id='line_1_106' title="bbox 1997 3548 3589 3621; baseline -0.002 -17"><span class='ocrx_word' id='word_1_803' title='bbox 1997 3550 2093 3604; x_wconf 63' lang='grc' dir='ltr'>καὶ⁸</span> <span class='ocrx_word' id='word_1_804' title='bbox 2129 3551 2237 3603; x_wconf 86' lang='grc' dir='ltr'>ἀπὸ</span> <span class='ocrx_word' id='word_1_805' title='bbox 2280 3551 2380 3621; x_wconf 80' lang='grc' dir='ltr'>τῆς</span> <span class='ocrx_word' id='word_1_806' title='bbox 2426 3549 2757 3614; x_wconf 83' lang='grc' dir='ltr'>ὲπιϐλαϐοῦς</span> <span class='ocrx_word' id='word_1_807' title='bbox 2808 3550 3106 3613; x_wconf 84' lang='grc' dir='ltr'>διακονίας.</span> <span class='ocrx_word' id='word_1_808' title='bbox 3155 3548 3589 3604; x_wconf 72' lang='grc' dir='ltr'>Εἱσελεύσεται</span> 
     </span>
    </p>
   </div>
   <div class='ocr_carea' id='block_1_105' title="bbox 1995 3631 3586 3701">
    <p class='ocr_par' dir='ltr' id='par_1_105' title="bbox 1995 3631 3586 3701">
     <span class='ocr_line' id='line_1_107' title="bbox 1995 3631 3586 3701; baseline -0.003 -13"><span class='ocrx_word' id='word_1_809' title='bbox 1995 3633 2108 3701; x_wconf 77' lang='grc' dir='ltr'>ἕως</span> <span class='ocrx_word' id='word_1_810' title='bbox 2136 3633 2347 3701; x_wconf 77' lang='grc' dir='ltr'>γενεᾶς</span> <span class='ocrx_word' id='word_1_811' title='bbox 2372 3633 2642 3701; x_wconf 77' lang='grc' dir='ltr'>πατέρων</span> <span class='ocrx_word' id='word_1_812' title='bbox 2678 3632 2886 3698; x_wconf 84' lang='grc' dir='ltr'>αὑτοῦ,</span> <span class='ocrx_word' id='word_1_813' title='bbox 2916 3633 3028 3698; x_wconf 79' lang='grc' dir='ltr'>ἕως</span> <span class='ocrx_word' id='word_1_814' title='bbox 3055 3632 3270 3698; x_wconf 72' lang='grc' dir='ltr'>αἰῶνος</span> <span class='ocrx_word' id='word_1_815' title='bbox 3293 3634 3405 3686; x_wconf 85' lang='grc' dir='ltr'>οὐκ</span> <span class='ocrx_word' id='word_1_816' title='bbox 3439 3631 3586 3700; x_wconf 69' lang='grc' dir='ltr'>ὀψε·</span> 
     </span>
    </p>
   </div>
   <div class='ocr_carea' id='block_1_106' title="bbox 1999 3713 3587 3786">
    <p class='ocr_par' dir='ltr' id='par_1_106' title="bbox 1999 3713 3587 3786">
     <span class='ocr_line' id='line_1_108' title="bbox 1999 3713 3587 3786; baseline -0.003 -16"><span class='ocrx_word' id='word_1_817' title='bbox 1999 3731 2091 3770; x_wconf 83' lang='grc' dir='ltr'>ται</span> <span class='ocrx_word' id='word_1_818' title='bbox 2123 3715 2268 3786; x_wconf 72' lang='grc' dir='ltr'>φῶς.</span> <span class='ocrx_word' id='word_1_819' title='bbox 2301 3717 2409 3770; x_wconf 77' lang='grc' dir='ltr'>Καὶ</span> <span class='ocrx_word' id='word_1_820' title='bbox 2449 3716 2763 3784; x_wconf 72' lang='grc' dir='ltr'>ἅνθρωπος</span> <span class='ocrx_word' id='word_1_821' title='bbox 2785 3717 2856 3770; x_wconf 76' lang='grc' dir='ltr'>ἐν</span> <span class='ocrx_word' id='word_1_822' title='bbox 2893 3714 3034 3784; x_wconf 80' lang='grc' dir='ltr'>τιμῇ</span> <span class='ocrx_word' id='word_1_823' title='bbox 3073 3715 3159 3768; x_wconf 84' lang='grc' dir='ltr'>ὢν</span> <span class='ocrx_word' id='word_1_824' title='bbox 3198 3717 3272 3769; x_wconf 86' lang='grc' dir='ltr'>οὐ</span> <span class='ocrx_word' id='word_1_825' title='bbox 3321 3713 3587 3782; x_wconf 80' lang='grc' dir='ltr'>συνῆκε·</span> 
     </span>
    </p>
   </div>
   <div class='ocr_carea' id='block_1_107' title="bbox 1996 3795 3590 3866">
    <p class='ocr_par' dir='ltr' id='par_1_107' title="bbox 1996 3795 3590 3866">
     <span class='ocr_line' id='line_1_109' title="bbox 1996 3795 3590 3866; baseline -0.003 -14"><span class='ocrx_word' id='word_1_826' title='bbox 1996 3798 2506 3866; x_wconf 73' lang='grc' dir='ltr'>παρασυνεϐλήθη</span> <span class='ocrx_word' id='word_1_827' title='bbox 2542 3799 2670 3864; x_wconf 84' lang='grc' dir='ltr'>τοῖς</span> <span class='ocrx_word' id='word_1_828' title='bbox 2694 3797 2944 3864; x_wconf 81' lang='grc' dir='ltr'>κτήνεσι</span> <span class='ocrx_word' id='word_1_829' title='bbox 2979 3796 3106 3863; x_wconf 84' lang='grc' dir='ltr'>τοῖς</span> <span class='ocrx_word' id='word_1_830' title='bbox 3143 3797 3444 3862; x_wconf 75' lang='grc' dir='ltr'>ἀνοήτοις,</span> <span class='ocrx_word' id='word_1_831' title='bbox 3488 3795 3590 3848; x_wconf 75' lang='grc' dir='ltr'>καί</span> 
     </span>
    </p>
   </div>
   <div class='ocr_carea' id='block_1_108' title="bbox 1997 3880 3589 3952">
    <p class='ocr_par' dir='ltr' id='par_1_108' title="bbox 1997 3880 3589 3952">
     <span class='ocr_line' id='line_1_110' title="bbox 1997 3880 3589 3952; baseline -0.004 -16"><span class='ocrx_word' id='word_1_832' title='bbox 1997 3883 2260 3952; x_wconf 83' lang='grc' dir='ltr'>ὡμοιώθη</span> <span class='ocrx_word' id='word_1_833' title='bbox 2307 3881 2534 3947; x_wconf 82' lang='grc' dir='ltr'>αὐτοῖς.</span> <span class='ocrx_word' id='word_1_834' title='bbox 2583 3882 3033 3946; x_wconf 78' lang='grc' dir='ltr'>Εισελεύσεται,</span> <span class='ocrx_word' id='word_1_835' title='bbox 3069 3881 3240 3950; x_wconf 75' lang='grc' dir='ltr'>ἡγουν</span> <span class='ocrx_word' id='word_1_836' title='bbox 3294 3880 3589 3950; x_wconf 85' lang='grc' dir='ltr'>μιμήσεται</span> 
     </span>
    </p>
   </div>
   <div class='ocr_carea' id='block_1_109' title="bbox 1997 3961 3592 4036">
    <p class='ocr_par' dir='ltr' id='par_1_109' title="bbox 1997 3961 3592 4036">
     <span class='ocr_line' id='line_1_111' title="bbox 1997 3961 3592 4036; baseline -0.005 -17"><span class='ocrx_word' id='word_1_837' title='bbox 1997 3967 2088 4019; x_wconf 82' lang='grc' dir='ltr'>τὸν</span> <span class='ocrx_word' id='word_1_838' title='bbox 2126 3965 2234 4018; x_wconf 89' lang='grc' dir='ltr'>τῶν</span> <span class='ocrx_word' id='word_1_839' title='bbox 2265 3965 2518 4036; x_wconf 90' lang='grc' dir='ltr'>πατέρων</span> <span class='ocrx_word' id='word_1_840' title='bbox 2549 3962 2732 4033; x_wconf 87' lang='grc' dir='ltr'>ζῆλον,</span> <span class='ocrx_word' id='word_1_841' title='bbox 2767 3963 2862 4017; x_wconf 72' lang='grc' dir='ltr'>καὶ</span> <span class='ocrx_word' id='word_1_842' title='bbox 2897 3965 2961 4017; x_wconf 84' lang='grc' dir='ltr'>ἐκ</span> <span class='ocrx_word' id='word_1_843' title='bbox 3005 3961 3256 4034; x_wconf 87' lang='grc' dir='ltr'>πονηρῶν</span> <span class='ocrx_word' id='word_1_844' title='bbox 3279 3961 3376 4025; x_wconf 84' lang='grc' dir='ltr'>ῶν,</span> <span class='ocrx_word' id='word_1_845' title='bbox 3421 3975 3592 4031; x_wconf 89' lang='grc' dir='ltr'>πονη-</span> 
     </span>
    </p>
   </div>
   <div class='ocr_carea' id='block_1_110' title="bbox 2004 4042 3589 4119">
    <p class='ocr_par' dir='ltr' id='par_1_110' title="bbox 2004 4042 3589 4119">
     <span class='ocr_line' id='line_1_112' title="bbox 2004 4042 3589 4119; baseline -0.004 -18"><span class='ocrx_word' id='word_1_846' title='bbox 2004 4049 2124 4119; x_wconf 91' lang='grc' dir='ltr'>ρίαν</span> <span class='ocrx_word' id='word_1_847' title='bbox 2149 4047 2444 4112; x_wconf 77' lang='grc' dir='ltr'>διαδέξεται</span> <span class='ocrx_word' id='word_1_848' title='bbox 2465 4063 2478 4077; x_wconf 79' lang='grc'><em>’</em></span> <span class='ocrx_word' id='word_1_849' title='bbox 2506 4049 2540 4118; x_wconf 83' lang='grc' dir='ltr'>ἢ</span> <span class='ocrx_word' id='word_1_850' title='bbox 2575 4047 2695 4100; x_wconf 87' lang='grc' dir='ltr'>ἀντί</span> <span class='ocrx_word' id='word_1_851' title='bbox 2717 4046 2832 4111; x_wconf 92' lang='grc' dir='ltr'>τοῦ,</span> <span class='ocrx_word' id='word_1_852' title='bbox 2853 4048 2916 4100; x_wconf 83' lang='grc' dir='ltr'><strong>Εἰ</strong></span> <span class='ocrx_word' id='word_1_853' title='bbox 2950 4047 3024 4117; x_wconf 82' lang='grc' dir='ltr'>μὴ</span> <span class='ocrx_word' id='word_1_854' title='bbox 3045 4045 3258 4115; x_wconf 83' lang='grc' dir='ltr'>πράξας</span> <span class='ocrx_word' id='word_1_855' title='bbox 3281 4061 3332 4096; x_wconf 89' lang='grc' dir='ltr'>τι</span> <span class='ocrx_word' id='word_1_856' title='bbox 3364 4042 3589 4112; x_wconf 82' lang='grc' dir='ltr'>ἀγαθὸν,</span> 
     </span>
    </p>
   </div>
   <div class='ocr_carea' id='block_1_111' title="bbox 2001 4124 3592 4202">
    <p class='ocr_par' dir='ltr' id='par_1_111' title="bbox 2001 4124 3592 4202">
     <span class='ocr_line' id='line_1_113' title="bbox 2001 4124 3592 4202; baseline -0.005 -17"><span class='ocrx_word' id='word_1_857' title='bbox 2001 4131 2355 4202; x_wconf 79' lang='grc' dir='ltr'>εὑρεθήσεται</span> <span class='ocrx_word' id='word_1_858' title='bbox 2391 4131 2455 4182; x_wconf 78' lang='grc' dir='ltr'>ἐκ</span> <span class='ocrx_word' id='word_1_859' title='bbox 2488 4129 2582 4182; x_wconf 88' lang='grc' dir='ltr'>τοῦ</span> <span class='ocrx_word' id='word_1_860' title='bbox 2618 4128 2848 4182; x_wconf 84' lang='grc' dir='ltr'>πλούτου</span> <span class='ocrx_word' id='word_1_861' title='bbox 2890 4128 3040 4182; x_wconf 77' lang='grc' dir='ltr'>οὐδὲν</span> <span class='ocrx_word' id='word_1_862' title='bbox 3067 4124 3472 4196; x_wconf 80' lang='grc' dir='ltr'>ὠφελούμενος’</span> <span class='ocrx_word' id='word_1_863' title='bbox 3497 4141 3592 4178; x_wconf 84' lang='grc' dir='ltr'>κα-</span> 
     </span>
    </p>
   </div>
   <div class='ocr_carea' id='block_1_112' title="bbox 1997 4207 3590 4283">
    <p class='ocr_par' dir='ltr' id='par_1_112' title="bbox 1997 4207 3590 4283">
     <span class='ocr_line' id='line_1_114' title="bbox 1997 4207 3590 4283; baseline -0.004 -15"><span class='ocrx_word' id='word_1_864' title='bbox 1997 4213 2309 4281; x_wconf 83' lang='grc' dir='ltr'>ταλείψεται</span> <span class='ocrx_word' id='word_1_865' title='bbox 2335 4213 2392 4266; x_wconf 80' lang='grc' dir='ltr'>δὲ</span> <span class='ocrx_word' id='word_1_866' title='bbox 2413 4214 2538 4276; x_wconf 83' lang='grc' dir='ltr'>τοὺς</span> <span class='ocrx_word' id='word_1_867' title='bbox 2575 4212 2683 4283; x_wconf 83' lang='grc' dir='ltr'>πρὸ</span> <span class='ocrx_word' id='word_1_868' title='bbox 2710 4211 2874 4265; x_wconf 79' lang='grc' dir='ltr'>αὑτοῦ</span> <span class='ocrx_word' id='word_1_869' title='bbox 2898 4210 3182 4280; x_wconf 86' lang='grc' dir='ltr'>κειμένους</span> <span class='ocrx_word' id='word_1_870' title='bbox 3209 4209 3267 4263; x_wconf 91' lang='grc' dir='ltr'>ἐν</span> <span class='ocrx_word' id='word_1_871' title='bbox 3284 4208 3430 4263; x_wconf 87' lang='grc' dir='ltr'>κόνει</span> <span class='ocrx_word' id='word_1_872' title='bbox 3459 4207 3590 4278; x_wconf 79' lang='grc' dir='ltr'>ἄχρι</span> 
     </span>
    </p>
   </div>
   <div class='ocr_carea' id='block_1_113' title="bbox 1998 4289 3592 4369">
    <p class='ocr_par' dir='ltr' id='par_1_113' title="bbox 1998 4289 3592 4369">
     <span class='ocr_line' id='line_1_115' title="bbox 1998 4289 3592 4369; baseline -0.003 -19"><span class='ocrx_word' id='word_1_873' title='bbox 1998 4299 2098 4369; x_wconf 84' lang='grc' dir='ltr'>τῆς</span> <span class='ocrx_word' id='word_1_874' title='bbox 2131 4293 2383 4368; x_wconf 88' lang='grc' dir='ltr'>κρίσεως,</span> <span class='ocrx_word' id='word_1_875' title='bbox 2416 4295 2538 4348; x_wconf 81' lang='grc' dir='ltr'>οὐδὲ</span> <span class='ocrx_word' id='word_1_876' title='bbox 2567 4293 2684 4364; x_wconf 84' lang='grc' dir='ltr'>φῶς</span> <span class='ocrx_word' id='word_1_877' title='bbox 2715 4293 2843 4348; x_wconf 86' lang='grc' dir='ltr'>ίδεῖν</span> <span class='ocrx_word' id='word_1_878' title='bbox 2875 4291 3173 4362; x_wconf 87' lang='grc' dir='ltr'>δυνάμενος</span> <span class='ocrx_word' id='word_1_879' title='bbox 3200 4289 3343 4345; x_wconf 83' lang='grc' dir='ltr'>κατὰ</span> <span class='ocrx_word' id='word_1_880' title='bbox 3375 4290 3467 4345; x_wconf 86' lang='grc' dir='ltr'>τὸν</span> <span class='ocrx_word' id='word_1_881' title='bbox 3489 4289 3592 4360; x_wconf 87' lang='grc' dir='ltr'>τῆς</span> 
     </span>
    </p>
   </div>
   <div class='ocr_carea' id='block_1_114' title="bbox 2002 4373 3592 4450">
    <p class='ocr_par' dir='ltr' id='par_1_114' title="bbox 2002 4373 3592 4450">
     <span class='ocr_line' id='line_1_116' title="bbox 2002 4373 3592 4450; baseline -0.002 -17"><span class='ocrx_word' id='word_1_882' title='bbox 2002 4379 2432 4450; x_wconf 81' lang='grc' dir='ltr'>φύσεως-νόμον.</span> <span class='ocrx_word' id='word_1_883' title='bbox 2469 4373 2602 4431; x_wconf 77' lang='grc' dir='ltr'>Εἶτα</span> <span class='ocrx_word' id='word_1_884' title='bbox 2632 4377 2792 4431; x_wconf 88' lang='grc' dir='ltr'>πάλιν</span> <span class='ocrx_word' id='word_1_885' title='bbox 2827 4374 3269 4446; x_wconf 83' lang='grc' dir='ltr'>ἐπαναλαμϐάνει</span> <span class='ocrx_word' id='word_1_886' title='bbox 3313 4374 3378 4428; x_wconf 87' lang='grc' dir='ltr'>τά</span> <span class='ocrx_word' id='word_1_887' title='bbox 3408 4390 3592 4446; x_wconf 79' lang='grc' dir='ltr'>προει-</span> 
     </span>
    </p>
   </div>
   <div class='ocr_carea' id='block_1_115' title="bbox 2005 4457 3591 4534">
    <p class='ocr_par' dir='ltr' id='par_1_115' title="bbox 2005 4457 3591 4534">
     <span class='ocr_line' id='line_1_117' title="bbox 2005 4457 3591 4534; baseline -0.003 -18"><span class='ocrx_word' id='word_1_888' title='bbox 2005 4462 2212 4534; x_wconf 89' lang='grc' dir='ltr'>ρημένα</span> <span class='ocrx_word' id='word_1_889' title='bbox 2245 4460 2416 4532; x_wconf 88' lang='grc' dir='ltr'>λέγων</span> <span class='ocrx_word' id='word_1_890' title='bbox 2439 4478 2454 4491; x_wconf 88' lang='grc'><strong>·</strong></span> <span class='ocrx_word' id='word_1_891' title='bbox 2483 4461 2593 4516; x_wconf 73' lang='grc' dir='ltr'>Καὶ</span> <span class='ocrx_word' id='word_1_892' title='bbox 2630 4460 2938 4528; x_wconf 76' lang='grc' dir='ltr'>ἄνθρωπος</span> <span class='ocrx_word' id='word_1_893' title='bbox 2965 4459 3036 4512; x_wconf 81' lang='grc' dir='ltr'>ἐν</span> <span class='ocrx_word' id='word_1_894' title='bbox 3059 4457 3197 4529; x_wconf 80' lang='grc' dir='ltr'>τιμῇ</span> <span class='ocrx_word' id='word_1_895' title='bbox 3232 4458 3318 4511; x_wconf 81' lang='grc' dir='ltr'>ὢν</span> <span class='ocrx_word' id='word_1_896' title='bbox 3343 4460 3415 4513; x_wconf 87' lang='grc' dir='ltr'>οὐ</span> <span class='ocrx_word' id='word_1_897' title='bbox 3443 4473 3591 4512; x_wconf 71' lang='grc' dir='ltr'>συν-</span> 
     </span>
    </p>
   </div>
   <div class='ocr_carea' id='block_1_116' title="bbox 1999 4540 3592 4616">
    <p class='ocr_par' dir='ltr' id='par_1_116' title="bbox 1999 4540 3592 4616">
     <span class='ocr_line' id='line_1_118' title="bbox 1999 4540 3592 4616; baseline -0.003 -15"><span class='ocrx_word' id='word_1_898' title='bbox 1999 4547 2138 4616; x_wconf 82' lang='grc' dir='ltr'>ῆκε·</span> <span class='ocrx_word' id='word_1_899' title='bbox 2195 4545 2706 4615; x_wconf 76' lang='grc' dir='ltr'>παρασυνεϐλήθη</span> <span class='ocrx_word' id='word_1_900' title='bbox 2746 4543 2872 4610; x_wconf 84' lang='grc' dir='ltr'>τοῖς</span> <span class='ocrx_word' id='word_1_901' title='bbox 2919 4544 3170 4614; x_wconf 77' lang='grc' dir='ltr'>κτήνεσι</span> <span class='ocrx_word' id='word_1_902' title='bbox 3237 4541 3360 4610; x_wconf 81' lang='grc' dir='ltr'>τοῖς</span> <span class='ocrx_word' id='word_1_903' title='bbox 3411 4540 3592 4612; x_wconf 76' lang='grc' dir='ltr'>ἀνοή-</span> 
     </span>
    </p>
   </div>
   <div class='ocr_carea' id='block_1_117' title="bbox 2001 4627 3590 4698">
    <p class='ocr_par' dir='ltr' id='par_1_117' title="bbox 2001 4627 3590 4698">
     <span class='ocr_line' id='line_1_119' title="bbox 2001 4627 3590 4698; baseline 0.001 -15"><span class='ocrx_word' id='word_1_904' title='bbox 2001 4647 2145 4696; x_wconf 87' lang='grc' dir='ltr'>τοις,</span> <span class='ocrx_word' id='word_1_905' title='bbox 2195 4629 2294 4683; x_wconf 78' lang='grc' dir='ltr'>καὶ</span> <span class='ocrx_word' id='word_1_906' title='bbox 2340 4627 2603 4697; x_wconf 79' lang='grc' dir='ltr'>ὡμοιώθη</span> <span class='ocrx_word' id='word_1_907' title='bbox 2651 4627 2871 4694; x_wconf 80' lang='grc' dir='ltr'>αὐτοῖς.</span> <span class='ocrx_word' id='word_1_908' title='bbox 2914 4628 2972 4682; x_wconf 88' lang='lat'><strong>&#39;0</strong></span> <span class='ocrx_word' id='word_1_909' title='bbox 3020 4627 3282 4691; x_wconf 88' lang='grc' dir='ltr'>τοιοῦτος,</span> <span class='ocrx_word' id='word_1_910' title='bbox 3338 4629 3524 4698; x_wconf 75' lang='grc' dir='ltr'>φησὶν,</span> <span class='ocrx_word' id='word_1_911' title='bbox 3561 4630 3590 4684; x_wconf 86' lang='grc'>6</span> 
     </span>
    </p>
   </div>
   <div class='ocr_carea' id='block_1_118' title="bbox 2000 4709 3586 4782">
    <p class='ocr_par' dir='ltr' id='par_1_118' title="bbox 2000 4709 3586 4782">
     <span class='ocr_line' id='line_1_120' title="bbox 2000 4709 3586 4782; baseline -0.001 -17"><span class='ocrx_word' id='word_1_912' title='bbox 2000 4712 2171 4774; x_wconf 79' lang='grc' dir='ltr'>οὕτως</span> <span class='ocrx_word' id='word_1_913' title='bbox 2191 4710 2499 4772; x_wconf 87' lang='grc' dir='ltr'>ἀποθανὼν,</span> <span class='ocrx_word' id='word_1_914' title='bbox 2519 4711 2548 4762; x_wconf 86' lang='lat'>6</span> <span class='ocrx_word' id='word_1_915' title='bbox 2575 4711 2650 4782; x_wconf 84' lang='grc' dir='ltr'>μὴ</span> <span class='ocrx_word' id='word_1_916' title='bbox 2667 4710 2945 4781; x_wconf 83' lang='grc' dir='ltr'>διοικήσας</span> <span class='ocrx_word' id='word_1_917' title='bbox 2965 4710 3192 4768; x_wconf 84' lang='grc' dir='ltr'>δεόντως</span> <span class='ocrx_word' id='word_1_918' title='bbox 3214 4709 3282 4764; x_wconf 84' lang='grc' dir='ltr'>τὰ</span> <span class='ocrx_word' id='word_1_919' title='bbox 3309 4713 3411 4782; x_wconf 90' lang='grc' dir='ltr'>χρή</span> <span class='ocrx_word' id='word_1_920' title='bbox 3421 4729 3586 4782; x_wconf 83' lang='grc' dir='ltr'>ματα,</span> 
     </span>
    </p>
   </div>
   <div class='ocr_carea' id='block_1_119' title="bbox 1999 4793 3589 4869">
    <p class='ocr_par' dir='ltr' id='par_1_119' title="bbox 1999 4793 3589 4869">
     <span class='ocr_line' id='line_1_121' title="bbox 1999 4793 3589 4869; baseline -0.001 -21"><span class='ocrx_word' id='word_1_921' title='bbox 1999 4795 2152 4848; x_wconf 82' lang='grc' dir='ltr'>οὐδὲν</span> <span class='ocrx_word' id='word_1_922' title='bbox 2165 4795 2350 4848; x_wconf 82' lang='grc' dir='ltr'>διοίσει</span> <span class='ocrx_word' id='word_1_923' title='bbox 2373 4794 2590 4863; x_wconf 89' lang='grc' dir='ltr'>ἀλόγου,</span> <span class='ocrx_word' id='word_1_924' title='bbox 2615 4794 2691 4858; x_wconf 87' lang='grc' dir='ltr'>ὡς</span> <span class='ocrx_word' id='word_1_925' title='bbox 2723 4793 2796 4865; x_wconf 81' lang='grc' dir='ltr'>μὴ</span> <span class='ocrx_word' id='word_1_926' title='bbox 2821 4795 3078 4862; x_wconf 84' lang='grc' dir='ltr'>ἐπιγνοὺς</span> <span class='ocrx_word' id='word_1_927' title='bbox 3099 4794 3165 4869; x_wconf 80' lang='grc' dir='ltr'>ἣν</span> <span class='ocrx_word' id='word_1_928' title='bbox 3184 4793 3404 4861; x_wconf 82' lang='grc' dir='ltr'>ἐδέξατο</span> <span class='ocrx_word' id='word_1_929' title='bbox 3424 4812 3474 4846; x_wconf 91' lang='grc' dir='ltr'>τι</span> <span class='ocrx_word' id='word_1_930' title='bbox 3482 4794 3589 4866; x_wconf 74' lang='grc' dir='ltr'>μὴν</span> 
     </span>
    </p>
   </div>
   <div class='ocr_carea' id='block_1_120' title="bbox 2000 4873 3588 4950">
    <p class='ocr_par' dir='ltr' id='par_1_120' title="bbox 2000 4873 3588 4950">
     <span class='ocr_line' id='line_1_122' title="bbox 2000 4873 3588 4950; baseline 0 -20"><span class='ocrx_word' id='word_1_931' title='bbox 2000 4880 2066 4932; x_wconf 80' lang='grc' dir='ltr'>ἐκ</span> <span class='ocrx_word' id='word_1_932' title='bbox 2107 4877 2264 4942; x_wconf 88' lang='grc' dir='ltr'>Θεοῦ,</span> <span class='ocrx_word' id='word_1_933' title='bbox 2317 4877 2682 4950; x_wconf 80' lang='grc' dir='ltr'>ἀφομοιωθεὶς</span> <span class='ocrx_word' id='word_1_934' title='bbox 2726 4880 2838 4940; x_wconf 88' lang='grc' dir='ltr'>τοῖς</span> <span class='ocrx_word' id='word_1_935' title='bbox 2883 4881 3157 4949; x_wconf 88' lang='grc' dir='ltr'>κτήνεσιν,</span> <span class='ocrx_word' id='word_1_936' title='bbox 3193 4873 3276 4942; x_wconf 75' lang='grc' dir='ltr'>οἷς</span> <span class='ocrx_word' id='word_1_937' title='bbox 3313 4878 3374 4934; x_wconf 83' lang='grc' dir='ltr'>τὸ</span> <span class='ocrx_word' id='word_1_938' title='bbox 3414 4879 3588 4949; x_wconf 84' lang='grc' dir='ltr'>πέρας</span> 
     </span>
    </p>
   </div>
   <div class='ocr_carea' id='block_1_121' title="bbox 1999 4955 3583 5035">
    <p class='ocr_par' dir='ltr' id='par_1_121' title="bbox 1999 4955 3583 5035">
     <span class='ocr_line' id='line_1_123' title="bbox 1999 4955 3583 5035; baseline 0 -21"><span class='ocrx_word' id='word_1_939' title='bbox 1999 4962 2116 5015; x_wconf 74' lang='grc' dir='ltr'>ἐστὶ</span> <span class='ocrx_word' id='word_1_940' title='bbox 2149 4962 2249 5032; x_wconf 88' lang='grc' dir='ltr'>τῆς</span> <span class='ocrx_word' id='word_1_941' title='bbox 2280 4959 2424 5034; x_wconf 86' lang='grc' dir='ltr'>ζωῆς</span> <span class='ocrx_word' id='word_1_942' title='bbox 2467 4962 2698 5024; x_wconf 87' lang='grc' dir='ltr'>θάνατος</span> <span class='ocrx_word' id='word_1_943' title='bbox 2739 4961 2898 5032; x_wconf 90' lang='grc' dir='ltr'>μόνον</span> <span class='ocrx_word' id='word_1_944' title='bbox 2918 4978 2931 4994; x_wconf 74' lang='grc' dir='ltr'><strong>ο</strong></span> <span class='ocrx_word' id='word_1_945' title='bbox 2964 4955 3039 5015; x_wconf 81' lang='grc' dir='ltr'>ὧν</span> <span class='ocrx_word' id='word_1_946' title='bbox 3072 4961 3403 5035; x_wconf 72' lang='grc' dir='ltr'>ῥυσθείημεν</span> <span class='ocrx_word' id='word_1_947' title='bbox 3431 4961 3486 5013; x_wconf 81' lang='grc' dir='ltr'>οῖ</span> <span class='ocrx_word' id='word_1_948' title='bbox 3522 4977 3583 5014; x_wconf 86' lang='grc' dir='ltr'>τε</span> 
     </span>
    </p>
   </div>
   <div class='ocr_carea' id='block_1_122' title="bbox 2003 5042 3588 5115">
    <p class='ocr_par' dir='ltr' id='par_1_122' title="bbox 2003 5042 3588 5115">
     <span class='ocr_line' id='line_1_124' title="bbox 2003 5042 3588 5115; baseline -0.003 -15"><span class='ocrx_word' id='word_1_949' title='bbox 2003 5045 2363 5115; x_wconf 87' lang='grc' dir='ltr'>μανθάνοντες</span> <span class='ocrx_word' id='word_1_950' title='bbox 2409 5046 2582 5100; x_wconf 86' lang='grc' dir='ltr'>ταῦτα</span> <span class='ocrx_word' id='word_1_951' title='bbox 2630 5043 2726 5099; x_wconf 70' lang='grc' dir='ltr'>καὶ</span> <span class='ocrx_word' id='word_1_952' title='bbox 2761 5045 2808 5097; x_wconf 85' lang='grc' dir='ltr'>οἱ</span> <span class='ocrx_word' id='word_1_953' title='bbox 2852 5044 3215 5108; x_wconf 87' lang='grc' dir='ltr'>διδάσκοντες,</span> <span class='ocrx_word' id='word_1_954' title='bbox 3268 5045 3326 5097; x_wconf 89' lang='grc' dir='ltr'>ἐν</span> <span class='ocrx_word' id='word_1_955' title='bbox 3365 5042 3588 5113; x_wconf 83' lang='grc' dir='ltr'>Χριστῷ</span> 
     </span>
    </p>
   </div>
   <div class='ocr_carea' id='block_1_123' title="bbox 2013 5120 3585 5203">
    <p class='ocr_par' dir='ltr' id='par_1_123' title="bbox 2013 5120 3585 5203">
     <span class='ocr_line' id='line_1_125' title="bbox 2013 5120 3585 5203; baseline -0.005 -18"><span class='ocrx_word' id='word_1_956' title='bbox 2013 5129 2186 5203; x_wconf 79' lang='grc' dir='ltr'>Ἰησοῦ</span> <span class='ocrx_word' id='word_1_957' title='bbox 2214 5129 2292 5201; x_wconf 79' lang='grc' dir='ltr'>τῷ</span> <span class='ocrx_word' id='word_1_958' title='bbox 2322 5127 2508 5200; x_wconf 82' lang='grc' dir='ltr'>Κυρίῳ</span> <span class='ocrx_word' id='word_1_959' title='bbox 2540 5127 2718 5200; x_wconf 87' lang='grc' dir='ltr'>ήμῶν,</span> <span class='ocrx_word' id='word_1_960' title='bbox 2750 5120 2795 5194; x_wconf 78' lang='grc' dir='ltr'>ᾧ</span> <span class='ocrx_word' id='word_1_961' title='bbox 2823 5127 2855 5197; x_wconf 86' lang='grc' dir='ltr'>ἠ</span> <span class='ocrx_word' id='word_1_962' title='bbox 2885 5126 3011 5192; x_wconf 86' lang='grc' dir='ltr'>δόξα</span> <span class='ocrx_word' id='word_1_963' title='bbox 3043 5127 3138 5181; x_wconf 71' lang='grc' dir='ltr'>καὶ</span> <span class='ocrx_word' id='word_1_964' title='bbox 3167 5127 3228 5180; x_wconf 88' lang='lat'>16</span> <span class='ocrx_word' id='word_1_965' title='bbox 3255 5125 3472 5196; x_wconf 80' lang='grc' dir='ltr'>κράτος,</span> <span class='ocrx_word' id='word_1_966' title='bbox 3504 5125 3585 5189; x_wconf 86' lang='grc' dir='ltr'>είς</span> 
     </span>
    </p>
   </div>
   <div class='ocr_carea' id='block_1_124' title="bbox 1999 5211 2985 5281">
    <p class='ocr_par' dir='ltr' id='par_1_124' title="bbox 1999 5211 2985 5281">
     <span class='ocr_line' id='line_1_126' title="bbox 1999 5211 2985 5281; baseline -0.003 -15"><span class='ocrx_word' id='word_1_967' title='bbox 1999 5216 2126 5278; x_wconf 81' lang='grc' dir='ltr'>τοὺς</span> <span class='ocrx_word' id='word_1_968' title='bbox 2153 5213 2352 5277; x_wconf 78' lang='grc' dir='ltr'>αἰῶνας</span> <span class='ocrx_word' id='word_1_969' title='bbox 2375 5212 2484 5265; x_wconf 89' lang='grc' dir='ltr'>τῶν</span> <span class='ocrx_word' id='word_1_970' title='bbox 2521 5211 2750 5265; x_wconf 82' lang='grc' dir='ltr'>αἰώνων.</span> <span class='ocrx_word' id='word_1_971' title='bbox 2791 5211 2985 5281; x_wconf 83' lang='grc' dir='ltr'>Ἀμήν.</span> 
     </span>
    </p>
   </div>
   <div class='ocr_carea' id='block_1_125' title="bbox 2405 5313 3182 5369">
    <p class='ocr_par' dir='ltr' id='par_1_125' title="bbox 2405 5313 3182 5369">
     <span class='ocr_line' id='line_1_127' title="bbox 2405 5313 3182 5369; baseline -0.004 0"><span class='ocrx_word' id='word_1_972' title='bbox 2405 5316 2514 5369; x_wconf 84' lang='grc' dir='ltr'>ΕΙΣ</span> <span class='ocrx_word' id='word_1_973' title='bbox 2552 5314 2686 5368; x_wconf 88' lang='grc' dir='ltr'>ΤΟΝ</span> <span class='ocrx_word' id='word_1_974' title='bbox 2721 5313 2834 5368; x_wconf 84' lang='grc' dir='ltr'>ΜΘ’</span> <span class='ocrx_word' id='word_1_975' title='bbox 2863 5313 3182 5368; x_wconf 80' lang='grc' dir='ltr'>ΨΛΛΜΟΝ.</span> 
     </span>
    </p>
   </div>
   <div class='ocr_carea' id='block_1_126' title="bbox 2005 5373 3576 5476">
    <p class='ocr_par' dir='ltr' id='par_1_126' title="bbox 2005 5373 3576 5476">
     <span class='ocr_line' id='line_1_128' title="bbox 2005 5373 3576 5476; baseline -0.004 -14"><span class='ocrx_word' id='word_1_976' title='bbox 2005 5373 2146 5476; x_wconf 70' lang='grc' dir='ltr'>Θεός</span> <span class='ocrx_word' id='word_1_977' title='bbox 2175 5406 2326 5476; x_wconf 73' lang='grc' dir='ltr'>θεῶν</span> <span class='ocrx_word' id='word_1_978' title='bbox 2354 5401 2872 5476; x_wconf 48' lang='grc' dir='ltr'>Κύριοςέλλὼίησε,</span> <span class='ocrx_word' id='word_1_979' title='bbox 2897 5403 2997 5476; x_wconf 73' lang='grc' dir='ltr'>καί</span> <span class='ocrx_word' id='word_1_980' title='bbox 3021 5399 3418 5476; x_wconf 51' lang='grc' dir='ltr'>ἐκάλεσε-τήν</span> <span class='ocrx_word' id='word_1_981' title='bbox 3437 5399 3576 5471; x_wconf 68' lang='grc' dir='ltr'>γῆν,</span> 
     </span>
    </p>
   </div>
   <div class='ocr_carea' id='block_1_127' title="bbox 2212 5470 3371 5542">
    <p class='ocr_par' dir='ltr' id='par_1_127' title="bbox 2212 5470 3371 5542">
     <span class='ocr_line' id='line_1_129' title="bbox 2212 5470 3371 5542; baseline -0.005 -10"><span class='ocrx_word' id='word_1_982' title='bbox 2212 5475 2334 5532; x_wconf 79' lang='grc' dir='ltr'>ἀπὸ</span> <span class='ocrx_word' id='word_1_983' title='bbox 2361 5470 2674 5529; x_wconf 77' lang='grc' dir='ltr'>ἀνατολῶν</span> <span class='ocrx_word' id='word_1_984' title='bbox 2700 5471 2878 5540; x_wconf 74' lang='grc' dir='ltr'>ἡλίου</span> <span class='ocrx_word' id='word_1_985' title='bbox 2898 5472 3075 5542; x_wconf 77' lang='grc' dir='ltr'>μέχρι</span> <span class='ocrx_word' id='word_1_986' title='bbox 3101 5470 3371 5540; x_wconf 69' lang='grc' dir='ltr'>δυσμῶν.</span> 
     </span>
    </p>
   </div>
   <div class='ocr_carea' id='block_1_128' title="bbox 2077 5575 3588 5648">
    <p class='ocr_par' dir='ltr' id='par_1_128' title="bbox 2077 5575 3588 5648">
     <span class='ocr_line' id='line_1_130' title="bbox 2077 5575 3588 5648; baseline -0.007 -10"><span class='ocrx_word' id='word_1_987' title='bbox 2077 5584 2146 5638; x_wconf 89' lang='grc' dir='ltr'>α’.</span> <span class='ocrx_word' id='word_1_988' title='bbox 2177 5581 2289 5637; x_wconf 74' lang='lat' dir='ltr'>Kal</span> <span class='ocrx_word' id='word_1_989' title='bbox 2315 5576 2545 5648; x_wconf 87' lang='grc' dir='ltr'>ἀλλαχοῦ</span> <span class='ocrx_word' id='word_1_990' title='bbox 2569 5592 2733 5645; x_wconf 81' lang='grc' dir='ltr'>φησιν</span> <span class='ocrx_word' id='word_1_991' title='bbox 2763 5577 2793 5629; x_wconf 92' lang='lat'>6</span> <span class='ocrx_word' id='word_1_992' title='bbox 2828 5576 3020 5639; x_wconf 83' lang='grc' dir='ltr'>αὐτός·</span> <span class='ocrx_word' id='word_1_993' title='bbox 3065 5575 3128 5629; x_wconf 91' lang='lat'>&#39;0</span> <span class='ocrx_word' id='word_1_994' title='bbox 3161 5575 3303 5642; x_wconf 80' lang='grc' dir='ltr'>Θεὸς</span> <span class='ocrx_word' id='word_1_995' title='bbox 3335 5576 3485 5647; x_wconf 76' lang='grc' dir='ltr'>ἔστη</span> <span class='ocrx_word' id='word_1_996' title='bbox 3519 5575 3588 5628; x_wconf 68' lang='grc' dir='ltr'><em>ἐν</em></span> 
     </span>
    </p>
   </div>
   <div class='ocr_carea' id='block_1_129' title="bbox 2065 5710 3055 5776">
    <p class='ocr_par' dir='ltr' id='par_1_129' title="bbox 2065 5710 3055 5776">
     <span class='ocr_line' id='line_1_131' title="bbox 2065 5710 3055 5776; baseline -0.008 -10"><span class='ocrx_word' id='word_1_997' title='bbox 2065 5723 2090 5759; x_wconf 76' lang='lat' dir='ltr'><strong>d</strong></span> <span class='ocrx_word' id='word_1_998' title='bbox 2114 5717 2278 5770; x_wconf 76' lang='lat' dir='ltr'><strong>Codex</strong></span> <span class='ocrx_word' id='word_1_999' title='bbox 2303 5727 2432 5776; x_wconf 75' lang='lat' dir='ltr'>unqs</span> <span class='ocrx_word' id='word_1_1000' title='bbox 2447 5710 2743 5776; x_wconf 24' lang='lat' dir='ltr'>ﬁmjrat‘oﬁv,</span> <span class='ocrx_word' id='word_1_1001' title='bbox 2764 5711 2858 5759; x_wconf 82' lang='grc' dir='ltr'>ἀπὸ</span> <span class='ocrx_word' id='word_1_1002' title='bbox 2885 5716 3055 5776; x_wconf 72' lang='grc' dir='ltr'>ψυχῆς.</span> 
     </span>
    </p>
   </div>
   <div class='ocr_carea' id='block_1_130' title="bbox 2073 5773 2842 5834">
    <p class='ocr_par' dir='ltr' id='par_1_130' title="bbox 2073 5773 2842 5834">
     <span class='ocr_line' id='line_1_132' title="bbox 2073 5773 2842 5834; baseline -0.009 -6"><span class='ocrx_word' id='word_1_1003' title='bbox 2073 5795 2096 5820; x_wconf 80' lang='grc' dir='ltr'>ε</span> <span class='ocrx_word' id='word_1_1004' title='bbox 2122 5779 2274 5828; x_wconf 78' lang='lat' dir='ltr'>Savil.</span> <span class='ocrx_word' id='word_1_1005' title='bbox 2302 5783 2355 5823; x_wconf 77' lang='grc' dir='ltr'>ρι</span> <span class='ocrx_word' id='word_1_1006' title='bbox 2376 5773 2512 5824; x_wconf 78' lang='lat' dir='ltr'><strong><em>Coll).</em></strong></span> <span class='ocrx_word' id='word_1_1007' title='bbox 2530 5773 2842 5834; x_wconf 52' lang='lat' dir='ltr'>ﬁnckcréau.</span> 
     </span>
    </p>
   </div>
   <div class='ocr_carea' id='block_1_131' title="bbox 2077 5832 3153 5904">
    <p class='ocr_par' dir='ltr' id='par_1_131' title="bbox 2077 5832 3153 5904">
     <span class='ocr_line' id='line_1_133' title="bbox 2077 5832 3153 5904; baseline 0.003 -22"><span class='ocrx_word' id='word_1_1008' title='bbox 2077 5842 2095 5882; x_wconf 79' lang='grc' dir='ltr'>ι</span> <span class='ocrx_word' id='word_1_1009' title='bbox 2125 5843 2248 5904; x_wconf 78' lang='lat' dir='ltr'>Reg.</span> <span class='ocrx_word' id='word_1_1010' title='bbox 2277 5847 2330 5886; x_wconf 71' lang='lat' dir='ltr'><strong>et</strong></span> <span class='ocrx_word' id='word_1_1011' title='bbox 2353 5836 2502 5886; x_wconf 88' lang='lat' dir='ltr'>Savil.</span> <span class='ocrx_word' id='word_1_1012' title='bbox 2523 5832 2554 5895; x_wconf 79' lang='grc' dir='ltr'>ᾖ</span> <span class='ocrx_word' id='word_1_1013' title='bbox 2573 5832 3002 5897; x_wconf 68' lang='grc' dir='ltr'>ὀιηὶιιυιιιςιιεδθι</span> <span class='ocrx_word' id='word_1_1014' title='bbox 3020 5835 3153 5887; x_wconf 83' lang='lat' dir='ltr'>Colb.</span> 
     </span>
    </p>
   </div>
  </div>
