4086 6268
567 347 668 406 ειι

565 461 888 533 συναγωπῇ
914 461 1083 518 θεῶν.
1106 463 1216 516 Kal
1245 464 1426 519 πάλινο
1470 465 1617 536 Ἐγὼ
1643 466 1801 521 είπαο
1820 469 1954 522 Θεοί
1974 467 2136 524 ἐστε.

567 549 678 604 Kal
698 549 729 602 6
759 549 995 614 Παῦλος·
1027 551 1134 605 Καὶ
1169 552 1280 621 τὰρ
1311 553 1478 621 ειπερ
1508 553 1628 608 είσὶ
1656 556 1965 625 λεγόμενοι
1994 556 2138 621 θεοὶ,

567 636 667 690 καί
705 637 893 705 κύριοι
916 639 1154 691 πολλοί.
1191 639 1300 692 Kal
1329 641 1359 692 6
1387 641 1655 712 Μωῦσῆςο
1701 642 1884 709 Θεοὺς
1923 643 1996 696 οὐ
2037 660 2142 696 κα-

568 723 948 792 κολογήσεις.
987 725 1098 778 Kal
1154 725 1422 796 ἀλλαχοῠο
1472 727 1730 796 Ἰδόντες
1777 731 1833 783 οι
1874 729 1989 784 υιοί
2034 729 2142 782 τοῦ

570 810 720 866 Θεοῦ
747 814 854 878 τὰς
877 812 1206 881 θυγατέρας
1247 813 1367 868 τῶν
1397 816 1742 884 ἀνθρώπων.
1773 819 1886 871 Kal
1925 816 2086 870 πάλιν
2113 818 2144 869 6

570 899 758 963 αὐτός’
801 899 857 952 '0
886 900 1300 970 καταρώμενος
1334 903 1503 968 Θεὸν,
1525 905 1816 972 ἁμαρτίαν
1845 904 2107 974 λήψεται
2125 921 2140 935 ο

569 990 605 1040 ὁ
640 985 709 1039 δὲ
741 985 1040 1056 ὀνομάζων
1066 988 1133 1042 τὸ
1176 989 1362 1059 ὄνομα
1405 993 1646 1060 Κυρίου,
1688 991 2148 1060 λιθοϐοληθήσε-

567 1091 685 1128 ται.
711 1075 822 1127 Καὶ
851 1075 1012 1128 πάλιν
1033 1094 1046 1108 ·
1076 1077 1228 1142 Θεοί,
1254 1078 1312 1132 οτ
1343 1079 1450 1133 τὸν
1471 1081 1733 1148 οὐρανὸν
1759 1081 1856 1135 καὶ
1886 1080 2002 1150 τὴν
2027 1079 2146 1151 γῆν

534 1146 543 1173 ’
570 1163 684 1215 οὐκ
713 1161 1028 1230 ἐποίησαν,
1061 1165 1503 1221 ἀπολέσθωσαν
1522 1146 1800 1222 ὑποκάτω
1827 1146 2147 1236 τοῦτοὺρα-

571 1248 684 1302 νοῦ
710 1262 758 1305 ι.
792 1250 952 1316 Τίνας
998 1247 1089 1305 οὖν
1129 1253 1280 1322 δηλοῖ
1309 1253 1397 1307 διὰ
1425 1253 1518 1308 τοῦ
1567 1256 1826 1326 ὀνόματος
1856 1251 2045 1310 τούτου
2086 1256 2145 1308 ἐν

574 1337 810 1402 ἐκείναις
861 1341 982 1403 ταῖς
1028 1341 1371 1413 μαρτυρίαις,
1406 1342 1500 1395 καὶ
1533 1329 1684 1407 τίνας
1721 1343 1955 1398 ἐνταῦθα
1995 1339 2147 1413 λέγει

575 1423 760 1491 θεούς;
786 1428 925 1492 Τοὺς
953 1427 1234 1500 ἄρχοντας.
1262 1430 1354 1484 Διὸ
1381 1433 1475 1485 καὶ
1495 1432 1714 1500 ἐπάγει’
1742 1432 1923 1499 Θεοὺς
1945 1435 2016 1487 οὐ
2045 1451 2145 1488 κα-

573 1513 952 1583 κολογήσεις,
985 1516 1081 1569 καὶ
1106 1517 1368 1586 ἄρχοντα
1391 1519 1496 1573 τοῦ
1524 1520 1676 1574 λαοῦ
1709 1535 1826 1574 σου
1855 1522 1965 1574 οὐκ
1990 1519 2145 1589 ἐρεῖς

574 1599 789 1666 κακῶς.
825 1601 984 1671 Λέγει
1019 1603 1112 1656 καὶ
1147 1606 1270 1670 τοὺς
1301 1607 1366 1659 ἐκ
1400 1605 1661 1677 προγόνου
1711 1607 1853 1670 τινὸς
1889 1609 2143 1679 ἐναρέτου

573 1691 1023 1760 γεγεννημένους.
1069 1691 1283 1764 Ἐπειδὴ
1313 1694 1420 1764 γὰρ
1447 1697 1476 1747 ὁ
1514 1694 1678 1758 Ἐνὼς
1720 1696 1919 1767 πολλὴν
1949 1697 2146 1768 ἀρετὴν

573 1773 998 1846 ἐπιδειξάμενος,
1027 1778 1230 1849 ἐκλήθη
1259 1781 1336 1850 τῷ
1363 1781 1585 1851 ὀνόματι
1613 1781 1706 1836 τοῦ
1731 1783 1896 1837 Θεοῦο
1928 1786 1978 1837 οί
2004 1785 2059 1838 δὲ
2089 1784 2149 1850 ἐξ

575 1860 785 1914 ἐκείνου
817 1863 1036 1926 πάντες,
1071 1866 1163 1918 καὶ
1199 1866 1250 1918 οί
1293 1866 1502 1936 ἔκγονοι
1531 1868 1626 1922 τοῦ
1674 1870 1903 1939 ἀδελφοῦ
1937 1871 2144 1926 ἐκείνου

575 1947 825 2018 ἀλλήλοις
867 1949 1174 2019 ἐμίγνυντο,
1214 1955 1364 2018 υἱοὺς
1392 1954 1486 2008 τοῦ
1525 1955 1658 2009 Θεοῦ
1693 1958 1849 2012 καλεῖ
1895 1960 2021 2022 τοὺς
2051 1958 2145 2012 τοῦ

577 2034 855 2104 ἐναρέτου.
884 2037 1180 2106 Ἤρξαντο
1228 2041 1353 2114 γάρ,
1387 2044 1568 2114 φησὶν,
1626 2044 2037 2099 ἐπικαλεῖσθαι
2068 2044 2149 2111 τῷ

578 2121 821 2190 ὀνόματι
845 2124 953 2179 τοῦ
972 2127 1117 2180 Θεοῦ
1134 2127 1183 2182 δ.
1197 2129 1360 2197 Λέγει
1381 2131 1472 2184 καὶ
1489 2131 1576 2184 τὸν
1595 2132 1703 2184 τῶν
1719 2133 1986 2186 Ἰουδαίων
2000 2133 2146 2199 λαὸν,

576 2207 748 2292 ταύτῃ
775 2213 1074 2284 τιμηθέντα
1096 2218 1161 2287 τῇ
1194 2218 1532 2290 προσηγορίᾳ
1555 2220 1612 2272 ἐν
1643 2218 1722 2290 τῷ
1753 2220 1930 2290 λέγειν
1949 2239 1964 2253 ·
2004 2223 2151 2292 Ἐγὼ

576 2290 734 2350 εἶπαο
779 2300 912 2352 Θεοί
947 2300 1105 2364 ἐστε,
1134 2303 1231 2356 καὶ
1263 2304 1379 2356 υίοὶ
1423 2305 1676 2372 Ἰσραήλ.
1709 2304 1814 2359 Kal
1841 2307 1950 2379 γὰρ
1980 2290 2150 2372 οὕτως

579 2382 760 2468 ἐκάλει
804 2386 987 2440 αὐτῶν
1025 2389 1118 2441 τὸν
1163 2389 1334 2459 δῆμον
1382 2392 1448 2444 δι’
1471 2393 1676 2446 οίκείαν
1717 2392 2147 2468 φιλανθρωπίαν.

491 2471 497 2479 ’
579 2467 738 2522 Οὕτω
765 2471 857 2523 καὶ
889 2472 1064 2525 ἐκεῖνο
1107 2473 1289 2528 λύεται
1334 2476 1416 2542 τὺ,
1447 2476 1598 2550 [224]
1639 2479 1704 2533 '0
1744 2467 2153 2551 καταρώμενος

583 2553 752 2618 Θεὸν,
767 2554 1075 2637 ⁸ἁμαρτίαν
1095 2561 1354 2627 ,λήψεται
1375 2580 1388 2593 ·
1419 2565 1714 2630 τουτέστιν,
1734 2568 1894 2624 Ὀτδν
1919 2569 2153 2639 ἄρχοντα

582 2628 778 2728 κακῶς
791 2641 981 2712 λέγων,
1004 2646 1326 2720 ἁμαρτάνει.
1363 2648 1425 2704 '0
1447 2651 1514 2704 δὲ
1541 2628 1838 2724 ὀνομάζων
1871 2657 1940 2710 τὸ
1959 2628 2154 2728 δ’νομα

581 2723 806 2816 Κυρίου
823 2733 1376 2801 λιθοϐοληθήσεταιο
1402 2723 1700 2808 τουτέστιν,
1732 2743 1761 2796 6
1787 2744 1899 2807 τοῖς
1928 2744 2002 2816 μὴ
2036 2723 2154 2798 ούσι

579 2815 911 2884 προσάπτων
936 2817 996 2870 τὸ
1015 2820 1107 2872 τοῦ
1135 2821 1284 2888 ὄντος
1306 2823 1437 2878 Θεοῦ
1463 2825 1650 2897 ὄνομα.
1684 2829 1836 2883 Ἐπεὶ
1859 2830 1968 2901 γάρ
1991 2815 2156 2902 ἀσύγ-

578 2917 818 2990 γνωστον
848 2903 908 2957 τὸ
947 2907 1265 2979 ἁμάρτημα,
1296 2911 1388 2964 καὶ
1421 2915 1454 2984 ὴ
1494 2915 1581 2966 ἐπ’
1615 2915 1763 2987 αὐτῷ
1798 2919 2032 2990 τιμωρία
2059 2938 2156 2990 χα-

579 2988 899 3061 λεπωτάτη⁶
947 2991 1192 3060 λέγονται
1227 2997 1321 3048 καὶ¹
1365 2999 1414 3050 οἱ
1464 3000 1570 3052 τῶν
1609 3002 1876 3073 Ἐλλήνων
1915 2988 2153 3070 θέοι-ού

580 3077 723 3131 κατὰ
754 3077 938 3150 τιμὴν,
978 3078 1101 3133 οὔτε
1145 3083 1327 3154 χάριτι
1357 3090 1742 3157 προσηγορίας,
1773 3090 1905 3145 ἀλλά
1937 3091 2026 3148 διὰ
2057 3097 2155 3165 τὴν

580 3165 799 3227 ἀπάτην
827 3167 936 3220 τῶν
966 3167 1365 3241 πλανηθέντων,
1399 3173 1493 3228 καὶ
1538 3175 1706 3241 οὕτως
1753 3180 1947 3244 αὐτοὺς
1993 3183 2154 3236 καλε-

584 3252 811 3308 σάντων.
841 3254 940 3308 Διά
961 3253 1115 3310 τοῦτο
1136 3258 1230 3310 καὶ
1253 3260 1281 3312 6
1304 3260 1515 3325 Παῦλός
1537 3280 1669 3334 φησι
1688 3281 1702 3296 ο
1732 3266 1841 3320 Καὶ
1864 3267 1972 3337 γὰρ
1991 3269 2156 3338 ειπερ

579 3339 701 3393 τισὶ
729 3344 1040 3411 λεγόμενοι
1059 3347 1202 3412 θεοὶ,
1235 3346 1410 3417 δηλῶν
1431 3350 1512 3402 ὅτι
1541 3351 1640 3403 οὐκ
1673 3351 1821 3417 ὄντες
1846 3355 1964 3409 οὐδὲ
1995 3357 2156 3428 μέχρι

583 3429 955 3514 προσηγορίας
981 3431 1082 3501 τῆς
1109 3433 1252 3487 κατά
1291 3437 1476 3507 τιμήν.
1512 3438 1774 3494 Ἐνταῦθα
1804 3437 1896 3496 οὖν
1926 3445 2054 3514 περὶ
2078 3446 2158 3498 τί-

581 3530 690 3603 νων
714 3513 880 3603 λέγει,
917 3518 1060 3585 Θεὸς
1093 3520 1278 3586 θεῶν;
1321 3523 1473 3595 Ἐμοὶ
1497 3525 1643 3581 δοκεῖ
1659 3528 1766 3583 τῶν
1806 3513 2152 3603 Ἑλληνικῶν,

581 3601 683 3690 οὐχ
720 3600 792 3665 ὡς
845 3603 1032 3671 ὄντων,
1082 3607 1198 3660 ἀλλ’
1243 3609 1319 3673 ὡς
1369 3612 1520 3683 παρά
1567 3617 1678 3679 τοῖς
1724 3600 2159 3690 πεπλανημένοις

584 3687 1059 3780 ύποπτευομένων.
1103 3695 1256 3751 Ἐπεὶ
1307 3698 1416 3771 γὰρ
1459 3700 1538 3755 ἔτι
1587 3705 1885 3778 παχύτεροι
1929 3687 2070 3780 ἦσαν
2107 3713 2158 3764 οί

596 3775 858 3868 Ἰουδαῖοι,
891 3781 992 3868 καὶ
1033 3783 1094 3836 ού
1123 3786 1300 3858 πάντη
1338 3788 1777 3861 είδωλολατρείας
1804 3775 2158 3868 ἀπηλλαγμέ-

583 3881 668 3954 νοι
687 3875 738 3954 ξ,
779 3867 916 3921 ἀλλά
945 3872 1234 3941 κεχηνότες
1274 3876 1409 3946 πρὸς
1455 3877 1524 3930 τά
1557 3877 1771 3944 εἴδωλα,
1810 3883 1904 3935 καὶ
1931 3867 2158 3954 λείψανα

583 3951 753 4007 πολλά
789 3955 887 4026 τῆς
924 3961 1269 4030 παρανομίας
1303 3962 1534 4032 ἔχοντες,
1576 3965 1671 4020 καὶ
1705 3967 1951 4023 ἐντεῦθεν
1978 3951 2158 4025 αύτῶν

581 4040 880 4113 καθαιρεῖά
915 4045 983 4098 τὰ
1021 4049 1362 4120 φρονήματα,
1399 4051 1612 4117 δεικνὺς
1641 4055 1724 4108 ὅτι
1771 4058 2034 4113 κάκείνων
2064 4064 2162 4116 Δε-

583 4128 789 4219 σπότης
826 4129 960 4219 ἐστί.
1005 4133 1116 4187 Kal
1145 4134 1255 4206 γάρ
1299 4137 1394 4191 καὶ
1437 4139 1545 4192 τῶν
1587 4141 1855 4214 δαιμόνων
1882 4148 2157 4219 Δεσπότης

584 4217 750 4283 ἐστὶν,
781 4218 958 4274 αὐτῶν
984 4222 1091 4275 τῶν
1117 4225 1314 4279 οὐσιῶν
1354 4226 1528 4298 λέγω·
1559 4232 1614 4283 αἱ
1645 4232 1754 4303 γὰρ
1781 4235 1997 4306 γνῶμαι
2027 4217 2156 4308 παρ’

527 4364 530 4368 ,
582 4305 762 4359 αὐτῶν
807 4309 943 4363 είσιν
989 4313 1426 4386 είσενηνεγμέναι
1481 4319 1574 4372 καὶ
1631 4321 1664 4390 ἡ
1707 4305 1938 4395 πονηρία
1983 4305 2152 4384 πᾶσα.

583 4397 740 4485 Δοκεῖ
773 4397 831 4450 δέ
869 4417 958 4468 μοι
1000 4402 1093 4454 καὶ
1135 4403 1287 4468 οὗτος
1334 4405 1550 4477 ἔχεσθαι
1582 4408 1675 4461 τοῦ
1720 4412 1985 4485 προτέρου
2017 4415 2156 4484 ψαλ-

586 4483 714 4574 μιιῦἶ
739 4485 848 4537 Kal
866 4486 974 4574 γὰρ
997 4491 1090 4542 καὶ
1114 4491 1340 4545 ἐνταῦθα
1361 4493 1580 4566 ἐλεγχος
1605 4499 1699 4551 καὶ
1723 4483 2156 4574 κατηγορίαῗτῶν

583 4568 1129 4662 πεπλημμεληκότων
1157 4579 1489 4649 γέγραπταιο
1521 4583 1638 4637 ἀλλ’
1679 4585 1798 4639 ἐκεῖ
1827 4568 2049 4662 μένψτὴν
2078 4595 2154 4645 οἰ-

585 4657 857 4728 κουμένην
886 4661 1067 4714 ἐκάλει
1085 4666 1263 4718 πᾶσαν
1285 4669 1363 4729 εἰς
1383 4669 1664 4739 ἀκρόασιν,
1686 4675 1918 4730 ἐνταῦθα
1941 4657 2156 4734 δὲάύτά

583 4742 914 4837 ’τα-στοιχεῖα
947 4748 1016 4801 τά
1041 4751 1160 4837 καθ’
1180 4752 1306 4822 ὅλης
1331 4755 1664 4827 ἐκτεταμένα
1687 4762 1786 4832 τῆς
1810 4765 2151 4837 οἰκουμένης.

588 4831 752 4919 Ἄλλο
801 4832 1024 4905 θέατρον
1055 4830 1154 4890 ὧδε
1205 4841 1298 4893 καὶ
1343 4841 1469 4896 ἀλλο
1511 4830 1898 4919 ἀκροατήριον·
1934 4830 2052 4908 ἐκεῖ
2086 4830 2154 4909 τὰ

581 4915 732 4992 ῑθνη,
783 4920 832 4972 οἱ
869 4927 1139 4992 γηγενεῖς,
1182 4927 1210 4977 ὁ
1245 4926 1516 4993 πλούσιος,
1552 4932 1580 4984 6
1627 4915 1828 5005 névﬂr
1871 4939 2102 4996 ἐνταῦθα
2125 4945 2154 4998 6

579 5007 808 5078 οὐρανὸς
840 5011 933 5063 καὶ
967 5013 1000 5082 ή
1039 5012 1131 5082 γῆ,
1157 5016 1250 5066 καὶ
1290 5015 1450 5070 αὑτὸν
1490 5018 1699 5088 εἰσάγει
1730 5021 1822 5076 τὸν
1847 5024 1978 5081 Θεὸν
2004 5028 2156 5083 δικα-

582 5094 828 5166 ζόμενον,
867 5099 960 5151 καὶ
999 5099 1270 5164 τοιούτους
1314 5105 1454 5156 κινεί
1482 5104 1672 5174 λόγους
1714 5110 1846 5180 παρ’
1879 5113 2042 5169 αὑτοῦ
2075 5116 2153 5170 δι-

579 5183 1028 5256 καιολογουμένου
1072 5189 1206 5260 πρὸς
1246 5191 1332 5243 τὸν
1373 5191 1542 5264 δῆμον
1589 5193 1697 5248 τῶν
1746 5196 2031 5255 Ἰουδαίων.
2063 5204 2154 5258 Διὸ

578 5369 828 5480 ωδίἔξεο,
850 5373 1078 5426 ὕποκάτω
1097 5376 1181 5426 τοῦ
1205 5379 1422 5442 οὐρανοῦ,
1447 5383 1627 5433 desunt
1650 5384 1698 5434 in
1725 5386 1876 5439 Savil.
1906 5395 1960 5441 el.
1979 5392 2028 5441 in
2053 5406 2152 5444 uno

641 5489 961 5580 :I'ILIXEArng.
984 5497 1038 5570 ᾖ,
1061 5498 1123 5546 26
1145 5515 1155 5547 :
1195 5501 1331 5558 οὗτος
1352 5503 1551 5560 ἤλπισεν
1575 5508 1895 5561 ἐπικαλεῖσθαι
1915 5513 1970 5562 τὸ
2000 5516 2150 5580 ὄνομα

576 5553 756 5613 Κυρίου
779 5556 863 5604 τοῦ
887 5553 1029 5607 θεοῦξ

644 5619 670 5696 ξ
691 5615 842 5696 ξεγιιι..
865 5627 925 5696 ειΔ
939 5621 1068 5696 allus
1085 5623 1345 5696 παχύτερον
1367 5627 1711 5696 δι’ἐκειντολοί...
1745 5633 1867 5693 ἦσαν
1888 5636 2059 5696 ἀπηλλ.

645 5676 670 5715 ⁸
701 5676 850 5751 ξίῗξᾚ·
878 5687 930 5728 εί
953 5694 1080 5751 υνμε
1119 5676 1276 5732 αὐτῶᾴ
1310 5688 1509 5751 ἐπαίρει,
1543 5676 1708 5745 miihi;
1726 5676 1862 5746 τὲἒῖε
1889 5676 2059 5748 ἷῖιῖἶῖ
2083 5714 2144 5751 ex

579 5736 820 5788 diametro
846 5744 1110 5801 opposi'am
1131 5736 1434 5798 sentmtiam‘
1451 5736 1616 5802 bméil'.

1247 348 1313 403 Β.
1350 345 1635 404 JOANNIS
1669 345 2165 406 CHRYSOSTOMI
2202 345 2521 410 ARCHIEP.
2557 351 3103 414 CONSTANTINOP.

3709 353 3817 416 2m

2244 473 2339 527 καὶ
2368 473 2610 538 πλείονος
2640 475 2772 545 ἡμῖν
2802 473 2884 528 δεῖ
2915 476 3016 544 τῆς
3065 471 3358 544 προσοχῆς.
3389 465 3542 524 Ποιεῖ
3568 469 3624 523 δὲ
3657 473 3818 527 τοῦτο

2241 563 2336 616 καὶ
2365 562 2550 632 ἔτερος
2582 565 2886 635 προφήτης,
2934 564 3030 617 καὶ
3057 562 3264 630 είσάγει
3294 560 3386 614 τὸν
3426 560 3558 614 Θεὸν
3597 559 3815 625 δικαζό-

2245 663 2424 713 μενον,
2457 649 2551 701 καὶ
2591 650 2648 704 ἐν
2692 647 2842 713 τάξει
2881 647 3147 702 δικαστῶν
3176 647 3354 717 τίθησι
3397 647 3500 709 τὰς
3523 645 3818 717 φάραγγας

2241 735 2336 788 καὶ
2362 735 2431 788 τὰ
2459 736 2684 806 θεμέλια
2718 739 2817 808 τῆς
2850 735 2973 807 γῆς.
3017 737 3330 791 Ἀκούσατε
3363 734 3492 806 γάρ,
3520 734 3677 813 φησὶ,
3701 733 3814 803 φάο

2235 838 2456 892 ραγγες
2487 821 2585 877 καὶ
2621 824 2861 894 θεμέλια
2893 818 3001 894 τῆς
3031 823 3143 896 γῆς
3165 841 3180 855 ⁸
3221 824 3310 878 ὅτι
3340 825 3538 892 κρίσις
3565 822 3647 889 τῷ
3695 820 3818 888 Θεῷ

2243 912 2396 982 πρὸς
2425 914 2534 967 τὸν
2560 916 2716 969 λαὸν
2747 916 2955 978 αὑτοῦ,
2990 913 3088 970 καί
3108 916 3259 984 μετὰ
3295 908 3402 970 τοῦ
3427 915 3581 970 λαοῦ
3613 915 3815 969 δια-κει

2245 1001 2552 1074 χθήσεται.
2583 999 2694 1060 Kal
2725 1006 2882 1060 πάλιν
2900 1023 2915 1039 ο
2946 1005 3302 1074 Κριθήσεται
3333 1005 3483 1074 πρὸς
3508 999 3685 1074 ὑμᾶς,
3717 1004 3816 1058 καί

2244 1101 2396 1164 πρὸς
2419 1097 2561 1162 τοὺς
2597 1096 2857 1167 πατέρας
2883 1090 3069 1168 ὑμῶν.
3097 1092 3207 1151 Kal
3235 1095 3502 1168 πολλαχοῦ
3541 1097 3649 1150 τῶν
3676 1093 3822 1167 Γρα-

2246 1188 2362 1257 φῶν
2393 1187 2493 1242 τδοι
2525 1206 2608 1252 τις
2645 1188 2709 1242 ἂν
2738 1189 2893 1242 τοῦτο
2923 1189 2984 1243 τὸ
3022 1190 3226 1260 σχῆμα,
3253 1190 3390 1259 ὅπερ
3430 1188 3548 1241 ἐστὶ
3584 1187 3820 1257 μάλιστα

2247 1277 2710 1349 πληκτικώτατον,
2732 1281 2937 1350 καὶτῆς
2956 1279 3364 1351 φιλανθρωπίας
3382 1278 3474 1333 τοῦ
3496 1277 3629 1332 Θεοῦ
3647 1278 3816 1344 ἀξιον.

2246 1369 2358 1425 Κα⁵⁹
2406 1372 2517 1444 γὰρ
2566 1371 2664 1444 τὴν
2708 1373 2911 1442 ἀφατον
2962 1371 3126 1427 αὐτοῦ
3181 1372 3448 1425 δείκνυσιν
3485 1370 3820 1442 ἀγαθότητα,

2247 1465 2498 1518 τοσοῦτον
2525 1465 2962 1528 καταϐαίνοντος,
2987 1463 3126 1517 ὥστε
3157 1463 3436 1534 κρίνεσθαι
3461 1462 3598 1534 μετὰ
3618 1461 3826 1536 ἀνθρώ·

2251 1572 2389 1610 πων.
2435 1557 2538 1610 Ἐκ
2570 1555 2721 1610 Σιὼν
2753 1557 2791 1625 ή
2836 1555 3156 1624 εὐπρέπεια
3187 1553 3297 1622 τῆς
3341 1555 3699 1622 (ἔξραιότητος
3728 1557 3828 1608 a6-

2253 1648 2378 1703 τοῦ.
2418 1649 2568 1718 Ἔχει
2600 1648 2697 1719 μέν
2726 1666 2777 1702 τι
2810 1649 2904 1702 καὶ
2942 1648 3295 1718 προφητικὸν,
3326 1646 3439 1716 ἔχει
3469 1639 3526 1699 δὲ
3564 1642 3659 1699 καὶ
3683 1641 3820 1699 ίστοο

2252 1740 2426 1813 ρικδν,
2453 1740 2515 1794 τὺ
2537 1741 2822 1812 εἰρημένον
2839 1758 2852 1772 ο
2879 1743 3069 1810 γέγονε
3094 1739 3192 1812 μὲν
3213 1740 3322 1811 γὰρ
3348 1739 3442 1792 καὶ
3468 1737 3561 1792 ἐπὶ
3590 1740 3688 1808 τῆς
3713 1739 3822 1792 Πα-

2251 1826 2407 1894 λαιᾶς
2450 1830 2660 1885 ἐκεῖθεν
2705 1830 2868 1885 αὑτοῦ
2907 1830 2939 1902 ἠ
2969 1832 3288 1902 εὐπρέπεια.
3321 1831 3432 1884 Kal
3464 1829 3574 1900 γὰρ
3615 1831 3643 1882 6
3674 1829 3818 1891 ναὸς,

2249 1922 2319 1977 τά
2350 1924 2518 1990 Ἅγια
2537 1922 2646 1978 τῶν
2673 1921 2868 1992 ἁγίων,
2888 1926 2922 1995 ἡ
2958 1923 3180 1995 λατρεία
3212 1925 3361 1976 πᾶσα
3387 1923 3482 1975 καὶ
3513 1923 3548 1990 ἡ
3583 1921 3823 1974 πολιτεία

2250 2015 2350 2086 τῆς
2373 2016 2610 2080 παλαιᾶς
2653 2016 2991 2088 νομοθεσίας,
3021 2017 3115 2070 καὶ
3162 2015 3348 2086 ἱερέων
3375 2014 3436 2068 τὸ
3478 2013 3702 2084 πλῆθος,
3732 2012 3828 2065 καὶ

2252 2107 2452 2172 θυσίαι,
2484 2107 2582 2161 καὶ
2607 2107 3016 2171 ὁλοκαυτώσεις,
3045 2108 3138 2162 καὶ
3173 2107 3330 2178 ὕμνοι
3357 2106 3492 2177 ἱεροὶ
3527 2105 3623 2159 καὶ
3645 2103 3830 2175 ψαλμι

2250 2197 2424 2268 ῳδίαι,
2464 2198 2560 2250 καὶ
2589 2198 2768 2252 πάντα
2813 2198 3037 2263 ἐκεῖθεν,
3078 2197 3172 2252 καὶ
3209 2198 3317 2251 τῶν
3356 2196 3654 2268 μελλόντων
3684 2197 3831 2248 ἐκεῖ*

2252 2293 2342 2346 θεν
2371 2291 2400 2344 6
2421 2288 2593 2353 τύπος
2633 2290 3117 2361 προδιεγέγραπτο.
3158 2287 3376 2358 Ἐπειδὴ
3405 2288 3462 2341 δέ
3498 2286 3594 2340 καὶ
3623 2287 3656 2356 ἡ
3691 2281 3830 2356 ἀλή-

2252 2387 2372 2441 θεια
2401 2385 2787 2457 παραγέγονεν,
2825 2383 3034 2438 ἐκεῖθεν
3075 2380 3234 2436 πάλιν
3278 2379 3377 2452 τὴν
3411 2379 3584 2452 ἀρχὴν
3615 2377 3830 2433 ἐλαϐεν.

2254 2476 2405 2550 [225]
2443 2476 2680 2531 Ἐκεῖθεν
2711 2478 2740 2530 6
2777 2475 3009 2547 σταυρὸς
3044 2474 3310 2544 ἔλαμψενο
3337 2471 3544 2526 ἐκεῖθεν
3567 2470 3634 2524 τά
3662 2470 3832 2541 μυρία

2254 2571 2675 2642 κατορθώματα.
2705 2571 2805 2625 Διά
2835 2571 2898 2643 δὴ
2938 2569 3095 2624 τοῦτο
3127 2569 3221 2624 καὶ
3249 2565 3494 2642 περὶτοῦ
3525 2568 3690 2639 νόμου
3720 2585 3830 2639 φηο

2256 2667 2340 2720 σ’ίν
2364 2667 2393 2719 6
2425 2665 2653 2729 Ἠσαίας
2672 2664 2772 2735 τῆς
2793 2665 3000 2735 Καινῆς
3021 2663 3295 2734 Διαθήκης
3313 2664 3538 2734 γράφων
3555 2680 3568 2693 ·
3599 2663 3694 2715 Ἐκ
3720 2661 3828 2731 γὰρ

2254 2756 2409 2811 Σιὼν
2453 2756 2836 2821 ἐξελεύσεται
2878 2756 3081 2825 νόμος,
3127 2753 3226 2808 καί
3269 2750 3450 2821 λόγος
3497 2751 3720 2820 Κυρίου
3757 2749 3828 2815 ἐξ

2267 2847 2672 2918 Ἰερουσαλὴμ,
2702 2847 2800 2902 καί
2847 2846 3041 2915 κρινεῖ
3083 2844 3199 2899 ἀνὰ
3221 2844 3418 2913 μέσον
3455 2843 3575 2897 τῶν
3614 2840 3826 2898 ἐθνῶν.

2257 2940 2395 2994 Σιὼν
2437 2939 2547 3011 γὰρ
2580 2940 2813 2993 ἐνταῦθα
2861 2939 3152 3010 ὀλόκληρον
3195 2936 3344 3005 λέγει
3389 2937 3451 2990 τὸ
3481 2936 3699 3006 χωρίον,
3735 2938 3834 2991 καὶ

2254 3033 2355 3104 τὴν
2389 3033 2541 3086 πόλιν
2571 3033 2669 3104 τὴν
2702 3030 3115 3103 παρακειμένην
3149 3029 3318 3100 αὐτῷ,
3350 3030 3451 3100 τὴν
3496 3027 3832 3101 μητρόπολιν

2256 3124 2365 3178 τῶν
2423 3123 2708 3177 Ἰουδαίων.
2759 3123 2996 3176 Ἐκεῖθεν
3023 3123 3133 3193 γάρ
3178 3121 3431 3191 καθάπερ
3474 3124 3538 3174 ἐκ
3586 3121 3831 3192 βαλϐῖδός

2254 3233 2400 3278 τινος
2431 3216 2705 3279 εὒσκελεῖς
2741 3217 2896 3268 ἵπποι
2929 3215 2978 3268 οἱ
3009 3213 3296 3268 ἀπόστολοι
3326 3214 3404 3276 είς
3436 3212 3534 3284 τὴν
3579 3214 3833 3282 οἰκουμέ-

2257 3325 2353 3378 νην
2380 3308 2661 3378 ἀφέθησαν
2697 3309 2911 3362 ἀπασαν
2935 3324 2950 3339 ο
2991 3307 3197 3361 ἐκεῖθεν
3235 3307 3304 3360 τά
3351 3310 3552 3378 σημεῖα
3598 3307 3834 3378 ἦρξαντο

2259 3401 2430 3450 ποιεῖν
2454 3413 2468 3427 ⁸
2501 3400 2618 3451 ἐκεῖ
2648 3399 2871 3468 γέγονεν
2908 3401 2941 3471 ἡ
2970 3399 3286 3463 ἀνάστασις,
3319 3399 3437 3452 ἐκεῖ
3462 3399 3495 3470 ἡ
3542 3399 3830 3468 ἀνάληψις,

2259 3490 2378 3544 ἐκεῖ
2395 3490 2464 3544 τὰ
2487 3492 2747 3562 προοίμια
2771 3491 2866 3545 καὶ
2895 3492 2929 3563 ὴ
2957 3491 3100 3563 ἀρχὴ
3133 3491 3234 3561 τῆς
3263 3491 3536 3563 σωτηρίας
3564 3491 3661 3562 τῆς
3691 3490 3832 3561 ἡμε-

2257 3582 2422 3653 τέρας
2444 3597 2458 3611 ’
2481 3583 2678 3637 ἐκεῖτά
2702 3584 2988 3656 ἀπόρρητα
3006 3583 3250 3655 δόγματα
3273 3583 3636 3656 κηρύττεσθαι
3657 3585 3834 3656 ἀρχὴν

2257 3674 2469 3728 ἐλαϐεν.
2520 3676 2667 3728 Ἐκεῖ
2699 3676 2914 3746 πρῶτον
2959 3676 3316 3746 ἀπεκαλύφθη
3345 3677 3375 3729 6
3416 3676 3626 3748 Πατὴρ,
3662 3678 3837 3745 ἐγνω-

2261 3764 2420 3836 ρίσθη
2464 3767 2493 3819 6
2524 3765 2851 3836 Μονογενὴς,
2893 3766 2989 3820 καὶ
3035 3765 3190 3837 ἐδόθη
3236 3765 3472 3837 τοσαύτη
3515 3767 3836 3838 Πνεύματος

2257 3855 2435 3926 χάρις.
2455 3855 2566 3908 Kal
2580 3854 2673 3908 τὸν
2693 3872 2759 3908 πε
2767 3857 2817 3927 pl
2839 3855 2947 3910 τῶν
2966 3856 3271 3926 ἀσωμάτων
3293 3857 3409 3910 ἐκεῖ
3425 3856 3580 3926 λόγον
3601 3857 3836 3928 ἐγύμνα-

2258 3947 2350 4012 ζον
2381 3949 2432 4001 οἱ
2475 3947 2782 4012 ἀπόστολοι,
2830 3947 2941 4000 τῶν
2984 3947 3223 4019 δωρεῶν,
3258 3948 3353 4002 καὶ
3383 3948 3689 4018 δυνάμεων,
3738 3949 3834 4002 καὶ

2256 4040 2365 4094 τῶν
2391 4040 2688 4110 μελλόντων
2708 4039 2926 4108 ἀγαθῶν
2937 4041 3036 4111 τῆς
3055 4039 3402 4109 ἐπαγγελίας.
3419 4041 3598 4111 Ἀπερ
3615 4039 3832 4094 ἅπαντα

2261 4131 2454 4185 ἐννοῶν
2487 4136 2515 4186 ό
2551 4132 2858 4204 Προφήτης,
2887 4131 3193 4202 ὡραιότητα
3230 4130 3394 4186 αὑτοῦ
3423 4130 3596 4186 καλεῖ.
3641 4130 3832 4202 Κάλλη

2259 4224 2368 4295 γὰρ
2400 4222 2534 4277 Θεοῦ
2562 4223 2660 4278 καὶ
2683 4222 2952 4295 ὡραιότης
2977 4225 3010 4296 ἠ
3045 4224 3314 4296 ἀγαθότης
3347 4224 3492 4294 καὶὴ
3529 4223 3834 4296 φιλανθρω-

2260 4316 2378 4380 πία,
2413 4317 2506 4369 καὶ
2538 4317 2572 4386 ὴ
2601 4317 2681 4379 είς
2714 4317 2957 4380 ἅπαντας
3003 4317 3306 4388 εὐεργεσία.
3349 4316 3414 4368 '0
3458 4316 3601 4382 Θεὸς
3648 4316 3834 4386 ἐμφα-

2257 4405 2377 4472 νῶς
2407 4406 2567 4475 ἥξει,
2599 4409 2632 4461 ὁ
2663 4408 2806 4474 Θεὸς
2833 4406 3019 4476 ἡμῶν,
3049 4408 3145 4462 καί
3176 4409 3247 4462 οὐ
3281 4406 3828 4476 παρασιωπήσεται.

2269 4499 2432 4570 Ὁρᾷς
2473 4498 2590 4562 πῶς
2631 4498 2834 4568 προῖὼν
2879 4501 3184 4570 ἀπογυμνοῖ
3217 4499 3308 4552 τὸν
3337 4499 3512 4568 λόγον,
3548 4500 3644 4552 καὶ
3694 4503 3831 4554 ἀπο-

2256 4591 2522 4645 καλύπτει
2552 4591 2643 4644 τὺν
2672 4591 2963 4662 θησαυρὸν,
2995 4592 3090 4646 καὶ
3117 4591 3475 4661 φαιδροτέραν
3507 4592 3700 4663 ἀφίησι
3732 4594 3832 4663 τὴν

2255 4685 2472 4749 ἀκτῖνα,
2519 4683 2720 4752 λέγων·
2762 4684 2814 4736 '0
2846 4684 2990 4750 Θεὸς
3025 4683 3300 4753 ἐμφανῶς
3341 4684 3492 4751 ἣξει.
3525 4685 3662 4739 Πότε
3721 4687 3831 4757 γὰρ

2254 4777 2354 4830 οὐκ
2393 4776 2652 4848 ἐμφανῶς
2696 4775 3068 4848 παραγέγονε;
3109 4777 3282 4842 Πότε;
3318 4778 3396 4848 Τῇ
3446 4779 3686 4850 προτέρᾳ
3733 4797 3831 4832 πα-

2257 4871 2482 4944 ρουσίαο
2511 4869 2748 4940 ἀψοφητὶ
2796 4869 2903 4941 γὰρ
2929 4865 3059 4940 ἦλθε
3095 4870 3221 4931 τοὺς
3271 4869 3496 4933 πολλοὺς
3547 4870 3826 4939 κρύπτων,

2255 4962 2350 5014 καὶ
2380 4960 2539 5032 μέχρι
2572 4960 2765 5014 πολλοῦ
2810 4960 3103 5015 λανθάνων.
3135 4961 3201 5013 Τί
3236 4961 3380 5030 λέγω
3419 4963 3544 5026 τοὺς
3576 4961 3825 5026 πολλοὺς,

2254 5054 2385 5107 ὅπου
2425 5070 2488 5122 γε
2520 5053 2640 5107 οὐδὲ
2670 5053 2805 5124 αύτὴ
2835 5055 2867 5124 ἡ
2899 5053 3240 5125 κυοφοροῦσα
3287 5053 3558 5124 Παρθένος
3590 5054 3706 5126 ᾔδει
3733 5055 3827 5109 τού

2259 5145 2556 5215 μυστηρίου
2601 5155 2625 5183 θ
2658 5143 2719 5196 τὸ
2759 5144 3090 5215 ἀπόρρητον,
3147 5145 3266 5198 οὐδὲ
3317 5145 3366 5198 οί
3401 5144 3618 5215 ἀδελφοὶ
3663 5146 3827 5199 αὑτοῦ

2255 5235 2535 5288 ἐπίστευον
2574 5236 2653 5297 είς
2679 5235 2860 5299 αὐτὸν,
2891 5234 3011 5288 οὐδέ
3041 5235 3070 5288 6
3094 5234 3263 5289 δοκῶν
3296 5231 3436 5290 εἶναι
3469 5236 3649 5310 πατὴρ
3685 5238 3828 5308 μέγα

2253 5344 2305 5380 τι
2330 5326 2661 5397 ἐφαντάζετο
2693 5326 2822 5397 περὶ
2849 5325 3012 5380 αὐτοῦ
3033 5342 3049 5391 ;
3244 5335 3249 5342 ’

2325 5420 2389 5491 β’.
2420 5420 2530 5474 Kal
2548 5420 2600 5472 τί
2627 5419 2769 5488 λέγω
2785 5418 3102 5491 ἀνθρώπους
3123 5434 3136 5483 ;
3158 5418 3267 5472 Kal
3283 5416 3444 5472 αὐτὸν
3469 5416 3560 5469 τὸν
3582 5414 3826 5471 διάϐολον

2250 5512 2575 5567 ἐλάνθανεν·
2607 5511 2728 5564 οὐδὲ
2775 5511 2883 5583 γὰρ
2912 5510 2999 5574 ἂν,
3042 5511 3198 5581 είπερ
3246 5509 3381 5581 ⁴ᾔδει,
3424 5507 3615 5580 ἠρώτα
3661 5509 3825 5562 αὐτὸν

2253 5599 2389 5672 μετά
2411 5599 2663 5654 τοσοῦτον
2693 5600 2882 5672 χρόνον
2928 5599 3021 5653 ἐπὶ
3045 5597 3139 5654 τοῦ
3169 5599 3346 5672 ὅρους,
3382 5599 3448 5652 El
3478 5597 3609 5664 Υίὸς
3634 5594 3696 5652 ετ
3718 5597 3824 5652 τοῦ

2315 5763 2338 5790 ⁸
2361 5756 2443 5809 Sic
2465 5771 2564 5809 ms!
2603 5764 2658 5809 el
2679 5759 2827 5810 επιι.
2853 5755 2951 5809 τοῦ
2975 5758 3232 5822 μυστηρίου
3251 5759 3420 5808 docnt
3451 5758 3500 5807 in
3524 5754 3697 5804 καίτοι.
