4114 6278
396 310 496 364 ﬁll

391 424 628 477 deorum.
661 421 726 476 Et
755 425 912 492 paulo
940 433 1060 495 post
1089 444 1102 481 :
1137 423 1249 498 Ego
1276 427 1404 495 dimi,
1431 428 1523 484 Dii
1541 433 1659 486 estis
1689 431 1871 504 (Psal.
1899 433 1989 490 8|.

394 517 451 571 1.
483 526 529 570 et
559 517 650 586 6).
675 517 738 570 Et
761 516 959 573 Paulus
988 536 1000 572 :
1035 518 1147 573 Etsi
1195 521 1326 574 enim
1351 532 1470 575 sunt
1508 525 1594 594 qui
1634 525 1872 580 dicuntur
1920 528 1993 583 dii

395 617 449 660 et
479 609 669 662 domini
695 609 839 662 multi
889 609 978 680 (l.
1025 609 1144 665 Cor.
1171 611 1225 666 8.
1277 613 1366 681 5).
1408 613 1476 668 Et
1498 613 1672 672 Moses
1706 634 1719 671 :
1744 615 1860 672 Diis
1889 635 1992 674 non

398 699 666 754 maledicas
691 701 710 770 (
743 699 910 754 Exod.
940 700 1031 756 22.
1053 701 1182 774 28).
1211 703 1273 758 Ει
1303 704 1428 759 alibi
1462 722 1476 760 :
1513 703 1749 762 Videntes
1772 709 1878 776 ﬁlii
1893 708 1993 764 Dei

404 791 536 852 ﬁlias
574 791 829 844 hominum
873 790 1040 857 (Gen.
1077 793 1133 848 6.
1180 793 1278 858 2).
1321 794 1389 848 Ει
1431 811 1616 851 rursus
1655 797 1794 852 idem
1845 799 1990 865 :Qui

399 891 684 933 exsecratur
733 880 914 946 Deum,
964 892 1221 951 peccatum
1243 885 1494 954 accipiet:
1521 887 1606 953 qui
1629 897 1796 942 autem
1826 906 1989 944 nomi-

397 978 484 1022 nat
516 986 698 1024 nomen
735 967 970 1038 Domini,
999 972 1252 1042 lapidibus
1281 974 1519 1029 obruetur
1544 975 1744 1048 (Leuit.
1775 979 1866 1034 24.
1897 981 1983 1035 l5.

397 1059 510 1130 i6).
533 1061 610 1114 Et
637 1077 821 1117 rursus
849 1081 863 1116 :
895 1061 1004 1130 Dii,
1027 1065 1112 1133 qui
1141 1066 1320 1120 ctelum
1341 1076 1384 1121 et
1410 1077 1596 1122 terram
1621 1086 1721 1124 non
1739 1075 1982 1141 fecerunt,

393 1164 599 1222 pereant
619 1154 720 1208 sub
757 1156 882 1210 cwlo
911 1157 927 1187 ¹
959 1154 1103 1230 (Jer.
1140 1159 1226 1213 lO.
1260 1160 1320 1215 Η
1343 1161 1384 1230 ).
1433 1162 1703 1228 Quosnam
1733 1179 1862 1234 ergo
1908 1166 1984 1224 si-

390 1244 612 1313 gniﬁcat
632 1263 726 1314 per
752 1245 854 1302 hoc
875 1263 1066 1303 nomen
1089 1249 1141 1302 in
1165 1250 1267 1305 illis
1291 1252 1631 1320 testimoniis,
1650 1262 1703 1309 et
1723 1271 1981 1324 quosnam

387 1334 477 1391 hic
508 1337 638 1391 dicit
680 1337 844 1393 deos?
889 1339 1180 1410 Principes.
1228 1342 1486 1410 Quocirca
1528 1345 1798 1417 subjungit
1823 1366 1837 1402 :
1867 1347 1982 1405 Diis

388 1443 491 1480 non
537 1428 838 1496 maledices,
885 1446 975 1484 nec
1033 1433 1254 1504 principi
1301 1435 1478 1505 populi
1528 1438 1604 1491 tui
1654 1439 1790 1493 dices
1849 1441 1982 1496 male

388 1515 410 1589 (
429 1517 596 1573 Exod.
623 1520 713 1574 22.
743 1521 872 1592 9.8).
900 1522 1039 1578 Dicit
1063 1524 1222 1579 etiam
1256 1541 1351 1582 eos
1379 1527 1465 1597 qui
1508 1543 1577 1582 ex
1615 1538 1834 1600 parente
1882 1533 1980 1587 ali-

386 1625 496 1676 quo
524 1613 717 1666 virtute
735 1613 964 1682 praedito
1001 1616 1259 1685 originem
1310 1617 1602 1673 duxerunt.
1657 1620 1789 1689 Quia
1834 1623 1976 1678 enim

389 1699 559 1766 Eoos,
581 1704 678 1773 qui
723 1719 984 1760 summam
1015 1707 1250 1762 ostendit
1296 1709 1568 1778 virtutem,
1621 1711 1715 1766 Dei
1761 1715 1977 1770 nomine

385 1803 608 1847 vocatus
664 1803 746 1848 est
783 1811 797 1850 :
837 1797 927 1866 qui
985 1807 1163 1853 autem
1188 1813 1256 1854 ex
1285 1800 1376 1855 illo
1398 1801 1507 1855 nati
1537 1813 1659 1856 sunt
1684 1817 1892 1872 omnes,
1922 1813 1977 1860 et

385 1893 612 1954 nepotes
657 1883 833 1942 fratris
859 1887 1023 1956 illius,
1051 1888 1192 1944 inter
1214 1904 1276 1946 se
1313 1891 1804 1963 eonjuugebantur,
1839 1895 1975 1952 ﬁlios

385 1975 480 2030 Dei
509 1985 681 2042 vocat,
727 1979 822 2049 qui
851 1994 918 2035 ex
963 1980 1078 2036 viro
1102 1980 1245 2036 bono
1272 1997 1440 2053 genus
1477 1983 1760 2040 duxerant.
1799 1986 1973 2058 Crepe-

379 2068 686 2136 runtenim,
717 2070 907 2141 inquit,
937 2074 1107 2126 occari
1143 2075 1345 2129 nomine
1386 2074 1485 2130 Dei
1528 2075 1693 2148 (Gen.
1742 2080 1797 2134 4.
1835 2079 1970 2154 26).

381 2158 518 2213 Dicit
540 2161 699 2214 etiam
724 2163 979 2232 populum
1007 2163 1311 2221 Judaeorum
1337 2207 1352 2233 ,
1381 2168 1470 2237 qui
1497 2167 1598 2225 hac
1621 2171 1973 2240 appellatione

380 2249 694 2307 honestatus
721 2264 823 2319 est,
852 2254 978 2310 dum
1009 2255 1140 2312 dicit
1170 2276 1185 2314 :
1217 2256 1328 2330 Ego
1357 2259 1484 2327 disci,
1511 2260 1599 2316 Dii
1638 2263 1776 2326 estis,
1799 2275 1846 2318 et
1875 2266 1972 2334 ﬁlii

379 2341 586 2399 Exoelsi
613 2360 786 2400 omnes
811 2345 997 2418 (Psal.
1024 2348 1114 2404 8i.
1156 2349 1255 2422 6).
1285 2352 1350 2406 Et
1376 2353 1511 2407 alius
1543 2372 1556 2408 :
1585 2352 1754 2408 Filius
1778 2357 1970 2426 primo-

381 2436 579 2506 genitus
609 2455 750 2493 meus
776 2438 944 2495 Israel
968 2440 987 2512 (
1010 2440 1180 2498 Exod.
1223 2444 1278 2498 4.
1305 2442 1432 2518 22).
1467 2445 1556 2502 Sic
1577 2447 1717 2501 enim
1749 2449 1968 2505 vocabat

375 2544 563 2584 eorum
584 2531 836 2601 populum
858 2544 1076 2604 propter
1101 2551 1250 2592 suam
1269 2537 1668 2608 benignitatem.
1693 2540 1781 2596 Sic
1805 2543 1965 2598 etiam

375 2620 598 2677 solvitur
617 2623 748 2679 illud
777 2642 790 2679 :
823 2626 925 2692 Qui
964 2639 1254 2684 exsecratur
1301 2629 1487 2699 Deum,
1537 2644 1792 2703 peccatum
1833 2638 1967 2691 acci-

377 2713 478 2781 piet
505 2729 526 2770 :
563 2713 668 2770 hoc
709 2725 827 2782 est,
869 2717 960 2787 qui
1001 2720 1226 2792 principi
1269 2723 1574 2791 maledicit,
1618 2737 1820 2795 peccat.
1865 2727 1965 2793 Qui

372 2813 543 2858 autem
589 2808 818 2863 nominat
856 2825 1036 2864 nomen
1079 2809 1196 2878 Dei,
1251 2813 1489 2869 obruetur
1518 2815 1772 2886 lapidibus
1800 2818 1961 2892 (Leu.

375 2897 573 2967 $.15)
601 2915 615 2950 :
647 2899 748 2954 hoe
773 2907 877 2967 est,
908 2902 996 2971 qui
1020 2902 1085 2957 iis
1109 2905 1200 2974 qui
1230 2921 1336 2960 non
1373 2915 1518 2972 sunt,
1549 2909 1666 2978 ejus
1704 2912 1793 2981 qui
1821 2911 1964 2968 Deus

376 2995 463 3042 est
490 3003 683 3044 nomen
709 2992 911 3047 tribuit.
943 2993 1076 3061 Quia
1099 2996 1241 3051 enim
1268 3013 1374 3052 non
1401 3007 1577 3068 potest
1601 3000 1718 3070 ejus
1744 3013 1962 3072 peccato

373 3079 598 3149 ignosci,
647 3081 696 3157 in
741 3082 918 3152 ipsum
961 3086 1333 3154 gravissimum
1357 3090 1700 3145 constitutum
1726 3101 1809 3148 est
1831 3108 1960 3163 sup-

371 3169 608 3238 plicium.
650 3171 910 3228 Dicuntur
959 3175 1121 3231 etiam
1164 3177 1236 3232 dii
1283 3181 1543 3248 gentium,
1588 3197 1695 3237 non
1744 3194 1961 3255 propter

369 3261 651 3327 honorem,
706 3279 808 3320 nec
847 3266 987 3336 quod
1037 3267 1109 3322 ita
1135 3269 1244 3324 sint
1267 3271 1588 3340 appellandi,
1619 3274 1712 3329 sed
1744 3287 1960 3346 propter

368 3365 558 3407 eorum
577 3353 667 3424 qui
713 3353 923 3426 decepti
958 3365 1103 3425 sunt,
1135 3368 1190 3414 et
1235 3359 1356 3415 illos
1391 3362 1464 3417 ita
1492 3375 1774 3431 vocarunt,
1806 3381 1958 3422 erro-

367 3457 505 3498 rem.
534 3443 869 3516 Quapropter
896 3447 1022 3504 dicit
1046 3464 1260 3520 quoque
1287 3451 1483 3509 Paulus
1511 3471 1524 3510 :
1558 3455 1697 3511 Nam
1725 3459 1816 3513 etsi
1839 3469 1958 3514 sunt

365 3535 455 3606 qui
478 3535 717 3590 dicuntur
760 3538 833 3592 dii
855 3538 875 3612 (
897 3540 950 3594 t.
997 3539 1116 3595 Cor.
1167 3542 1222 3598 8.
1253 3543 1356 3616 5),
1380 3544 1687 3616 signiﬁcans
1724 3563 1817 3607 eos
1847 3567 1953 3606 non

363 3639 487 3683 esse
510 3626 661 3690 deos.
690 3644 758 3684 ne
782 3631 1152 3702 appellationis
1191 3634 1403 3705 quidem
1431 3636 1634 3694 honore
1657 3649 1832 3696 tenus.
1855 3641 1955 3698 Hie

364 3731 498 3787 ergo
525 3719 594 3774 de
619 3720 940 3790 quibusnam
968 3724 1118 3792 dicit,
1144 3724 1284 3782 Deus
1318 3727 1712 3787 deorum2Mihi
1740 3733 1952 3790 videtur

361 3808 545 3865 dicere
566 3809 635 3865 de
653 3811 756 3866 diis
777 3813 1038 3883 gentium,
1066 3830 1172 3871 non
1193 3825 1252 3871 ut
1273 3818 1364 3887 qui
1387 3819 1515 3886 sint,
1539 3821 1636 3876 sed
1666 3831 1724 3877 ut
1758 3823 1849 3892 qui
1879 3825 1952 3880 ita

360 3899 736 3957 existimentur
783 3903 854 3959 ab
903 3905 968 3960 iis
1015 3906 1106 3976 qui
1157 3908 1211 3962 in
1260 3924 1497 3966 errorem
1545 3912 1758 3968 abducti
1804 3924 1948 3970 sunt.

359 3989 625 4059 Quoniam
644 3995 788 4049 enim
807 3997 1100 4054 crassiores
1122 4009 1274 4055 erant
1294 4000 1466 4057 Judaei
1485 4011 1540 4059 et
1557 4019 1587 4058 a
1613 4005 1757 4060 cultu
1785 4006 1950 4062 idolo-

357 4096 479 4136 rum
510 4097 616 4137 non
637 4094 790 4148 erant
821 4089 1042 4144 omnino
1088 4090 1261 4159 liberi,
1313 4092 1408 4148 sed
1451 4094 1732 4150 simulacra
1778 4099 1952 4168 suspi-

356 4173 565 4229 cientes
629 4175 910 4244 colebant,
968 4189 1022 4235 et
1082 4182 1280 4238 multas
1334 4183 1632 4255 iniquitatis
1682 4186 1950 4245 habebant

355 4263 616 4335 reliquias
646 4284 661 4321 :
689 4269 773 4322 vel
799 4285 865 4324 ex
892 4285 958 4326 eo
983 4271 1100 4340 ipso
1139 4287 1323 4329 eorum
1355 4276 1565 4332 animos
1604 4278 1857 4349 deprimit
1883 4283 1903 4314 ⁸
1927 4323 1944 4349 ,

355 4356 649 4413 ostendens
671 4358 820 4414 illum
848 4376 1035 4416 eorum
1051 4377 1171 4420 esse
1188 4364 1486 4424 dominum.
1511 4369 1646 4426 Nam
1689 4383 1773 4428 est
1805 4374 1947 4443 ipso-

354 4460 474 4501 rum
516 4462 727 4520 quoque
773 4451 1075 4509 daemonum
1128 4455 1375 4515 dominus
1404 4476 1420 4515 :
1449 4460 1637 4532 loquor
1692 4463 1761 4518 de
1815 4467 1944 4534 ipsis

354 4537 701 4605 substantiis;
735 4545 870 4598 mala
897 4547 1038 4601 enim
1060 4563 1212 4604 mens
1238 4559 1294 4606 et
1318 4568 1476 4609 omne
1500 4555 1690 4611 vitium
1717 4557 1786 4612 ab
1817 4560 1943 4628 ipsis

354 4628 564 4685 invecta
593 4641 737 4688 sunt.
771 4634 991 4692 Videtur
1008 4650 1184 4694 autem
1209 4642 1336 4697 mihi
1365 4643 1451 4698 hic
1469 4661 1681 4717 quoque
1701 4648 1944 4707 Psalmus

354 4719 630 4777 coltmrere
657 4726 842 4795 priori.
873 4726 1005 4784 Nam
1033 4731 1086 4785 in
1113 4731 1213 4787 hoc
1258 4749 1468 4805 quoque
1506 4739 1702 4808 scripta
1744 4751 1827 4797 est
1853 4757 1942 4798 re-

357 4810 646 4879 prehensio
693 4826 747 4870 et
781 4821 1054 4874 accusatio
1102 4837 1290 4879 eorum
1319 4827 1408 4895 qui
1447 4827 1818 4898 deliquerunt:
1845 4835 1941 4890 sed

353 4900 466 4954 illic
517 4903 732 4972 quidem
767 4915 938 4963 totum
967 4911 1152 4965 orbem
1195 4922 1350 4969 terra:
1378 4919 1601 4972 vocabat
1627 4919 1692 4974 ad
1723 4921 1943 4979 audien-

348 4990 503 5057 dum,
532 4992 619 5049 hic
643 5007 821 5051 autem
853 4999 966 5069 ipsa
993 5001 1280 5069 elementa,
1303 5021 1422 5075 quae
1450 5017 1670 5064 extensa
1692 5021 1819 5066 sunt
1846 5030 1941 5084 per

350 5085 659 5142 universum
701 5091 908 5146 orbem.
939 5094 1094 5148 Aliud
1121 5107 1203 5151 est
1249 5096 1335 5153 hic
1382 5099 1669 5171 theatrum,
1699 5114 1756 5160 et
1796 5108 1938 5166 aliud

347 5174 694 5232 auditorium.
721 5180 831 5236 lllie
854 5192 978 5236 sunt
1006 5193 1214 5254 gentes,
1259 5191 1561 5260 terrigenae,
1607 5193 1779 5262 dives,
1809 5212 1940 5267 pauc

347 5279 447 5332 per
475 5281 488 5318 :
519 5265 607 5321 hic
633 5269 824 5326 caelum
853 5281 906 5326 ct
931 5281 1068 5327 terra
1094 5291 1110 5327 :
1140 5276 1313 5344 ipsum
1338 5294 1550 5351 quoque
1577 5282 1742 5340 Deum
1768 5265 1936 5342 intro-

343 5355 496 5411 ducit
520 5358 928 5433 disceptantem,
987 5374 1042 5420 et
1082 5368 1129 5422 ei
1177 5370 1361 5425 tribuit
1406 5374 1701 5432 orationem
1732 5378 1938 5452 defen-

341 5449 508 5504 dendi
530 5466 748 5509 causam
767 5469 918 5511 suam
946 5458 1085 5528 apud
1113 5462 1364 5530 populum
1381 5463 1708 5524 Judaeorum.
1732 5449 1938 5543 Maiore

408 5607 428 5681 ξ
462 5613 594 5681 ttae,
616 5608 704 5681 sub
727 5611 864 5673 calo,
881 5612 1062 5681 desunt
1086 5617 1133 5667 in
1157 5618 1319 5677 Savil.,
1345 5627 1397 5670 et
1420 5624 1468 5671 in
1497 5637 1594 5676 uno
1615 5629 1808 5681 Codice.

405 5669 604 5745 {Savih
631 5679 684 5720 et
711 5669 859 5745 uatis,
898 5675 1096 5745 excitat,
1143 5692 1246 5740 pro,
1293 5669 1933 5745 demimi.'?niiﬁis"iécie:

345 5742 461 5776 nam
477 5745 538 5779 ex
553 5731 796 5785 diametro
817 5731 1094 5804 Oppositam'
1106 5731 1296 5793 séutént
1307 5731 1398 5794 iant
1420 5731 1590 5799 eti—icit.

1505 313 1866 372 exrosmo
1903 317 1969 374 IN
2009 318 2327 386 PSALMUM
2367 295 2550 391 xux.

3583 359 3688 417 εις

2099 443 2279 512 itaque
2299 450 2452 507 nobis
2475 455 2771 513 attentione
2790 473 2924 529 opus
2949 470 3050 517 est.
3082 463 3197 520 Hoc
3224 467 3386 525 etiam
3412 471 3688 534 facitalius

2101 537 2393 606 propheta;
2422 541 2710 602 introducit
2735 546 2903 605 Deum
2923 566 3140 610 causam
3168 571 3323 612 suam
3343 573 3608 634 agentem,
3632 580 3686 623 rt

2097 628 2280 682 statuit
2292 629 2653 700 locojudicum
2670 641 2936 696 convalles
2949 653 3003 699 et
3019 643 3359 705 fundamenta
3377 628 3554 710 terrae.
3577 628 3683 712 du-

2096 717 2200 772 dite
2211 720 2376 788 enim,
2387 725 2573 796 inquit,
2587 733 2838 789 convalles
2846 744 2893 789 et
2909 739 3238 808 fundamenta
3252 753 3399 800 teme
3410 763 3429 800 :
3444 751 3680 819 quoniam

2086 811 2345 882 judicium
2370 826 2441 870 est
2463 817 2573 873 Deo
2588 837 2700 876 cum
2723 827 2913 896 populo
2929 845 3022 884 suo
3051 841 3097 884 et
3125 849 3242 888 cum
3270 811 3466 907 popqu
3476 841 3684 898 disseret

2095 904 2297 976 (Mich.
2331 909 2383 963 6.
2538 911 2607 968 Et
2634 931 2820 973 rursus
2849 938 2863 974 :
2894 919 3100 978 Iudicio
3125 904 3384 984 contendet
3407 932 3680 1003 vobiscum,

2092 1006 2279 1088 etcum
2309 1002 2534 1070 patribus
2558 1009 2733 1062 vestris
2758 1009 2900 1081 (Jer.
2934 1013 2988 1067 2.
3021 1014 3056 1070 9
3095 1015 3138 1088 ).
3180 1016 3235 1072 lu
3280 1022 3461 1078 multis
3502 1002 3679 1083 autem

2093 1087 2224 1144 locis
2254 1091 2542 1163 Scriptum
2563 1108 2740 1166 potest
2765 1101 2930 1159 videri
2954 1104 3070 1162 haec
3096 1087 3272 1179 ﬁgura
3301 1129 3314 1165 :
3365 1117 3506 1184 quod
3559 1118 3675 1187 qui-

2090 1178 2214 1235 dem
2268 1191 2352 1238 est
2389 1185 2441 1238 in
2474 1187 2658 1254 primis
2686 1191 3018 1262 admirabile,
3064 1208 3118 1254 et
3153 1178 3492 1270 dignum-Dei
3523 1178 3677 1263 beni-

2085 1271 2310 1341 guitate.
2353 1275 2594 1333 Ostendit
2641 1282 2782 1337 enim
2833 1285 2950 1355 ejus
2999 1288 3316 1349 ineﬁ‘abilem
3361 1295 3672 1368 bonitatem,

2087 1364 2176 1432 qui
2203 1379 2262 1420 se
2286 1366 2421 1423 adeo
2447 1369 2744 1440 demiserit,
2770 1386 2828 1430 ut
2848 1393 2967 1432 cum
2992 1380 3294 1440 hominibus
3307 1387 3510 1456 judicio
3537 1364 3674 1447 con;

2087 1455 2285 1511 tendat.
2318 1457 2376 1513 Ξ.
2399 1458 2486 1515 Ea:
2515 1461 2641 1518 Sion
2661 1469 2850 1534 species
2887 1470 3079 1526 decoris
3105 1475 3234 1544 ejus.
3277 1455 3446 1534 Habet
3472 1481 3670 1553 aliquid

2083 1547 2473 1619 propheticum,
2530 1553 2692 1612 habet
2727 1560 2888 1616 etiam
2933 1563 3262 1635 historicum,
3291 1571 3432 1640 quod
3469 1547 3670 1630 dictum

2087 1649 2171 1695 est
2201 1659 2216 1694 :
2249 1642 2347 1698 fuit
2389 1646 2530 1700 enim
2556 1658 2610 1704 et
2655 1650 2706 1705 in
2755 1652 2932 1708 Veteri
2954 1671 3016 1711 ex
3039 1658 3134 1713 illo
3155 1661 3270 1730 ejus
3304 1663 3484 1720 decor.
3508 1665 3670 1722 Tem-

2083 1729 2227 1800 plum
2241 1733 2408 1801 enim,
2429 1745 2614 1793 sancta
2632 1751 2969 1813 sanctorum,
2985 1729 3363 1819 omniscultus,
3389 1758 3670 1828 omnisque

2082 1822 2250 1878 forma
2279 1839 2343 1880 ac
2381 1827 2514 1882 ritus
2561 1829 2690 1900 legis
2707 1835 2920 1899 veteris,
2978 1839 3264 1897 multitudo
3291 1822 3665 1918 sacerdotum,

2080 1917 2339 1974 sacriﬁcia
2384 1929 2439 1976 et
2479 1923 2804 1994 holocausta,
2851 1930 2988 1986 sacri
3045 1931 3268 2004 hymni,
3313 1917 3664 2009 psalmodiae,

2079 2009 2255 2064 omnia
2285 2011 2429 2067 illinc
2458 2015 2948 2088 proﬁciscebantur,
2976 2032 3032 2078 et
3057 2035 3209 2096 typus
3231 2026 3525 2086 futurorum
3559 2033 3667 2089 illic

2078 2109 2202 2156 ante
2229 2103 2527 2177 descriptus
2555 2108 2746 2165 fuerat.
2782 2112 3068 2184 Postquam
3103 2128 3280 2175 autem
3312 2124 3508 2182 veritas
3533 2142 3667 2197 quo—

2076 2211 2182 2284 que
2228 2196 2413 2263 adluit,
2469 2215 2532 2256 ea
2577 2219 2764 2258 rursus
2818 2205 2964 2261 illinc
3006 2223 3219 2280 quoque
3253 2216 3396 2284 cepit
3428 2196 3660 2273 initium.

2077 2283 2224 2341 Illinc
2247 2289 2390 2343 enim
2407 2305 2535 2346 crux
2561 2293 2923 2363 resplenduit;
2952 2297 3098 2353 illinc
3119 2283 3520 2360 innumerabilia
3543 2324 3661 2378 qua:

2074 2380 2331 2449 praeclare
2372 2392 2518 2453 gesta
2554 2396 2698 2441 sunt.
2739 2388 2803 2443 Et
2851 2389 2971 2446 ideo
3000 2390 3163 2448 Isaias
3187 2411 3397 2467 quoque
3422 2401 3662 2457 scribens

2074 2469 2143 2524 de
2167 2470 2285 2542 lege
2307 2472 2440 2529 Novi
2467 2474 2815 2545 Testamenti,
2852 2480 2980 2537 dicit
3022 2501 3035 2536 :
3080 2483 3163 2539 Ea:
3209 2487 3336 2542 Sion
3382 2493 3663 2561 egredietur

2074 2560 2175 2626 lex,
2203 2571 2250 2618 et
2276 2565 2476 2620 verbum
2515 2567 2719 2624 Domini
2747 2587 2810 2627 ea:
2851 2570 3173 2644 Jerusalem,
3221 2589 3270 2632 et
3307 2560 3560 2650 judicabit
3606 2586 3659 2639 in

2071 2654 2235 2707 medio
2278 2658 2501 2726 gentium
2531 2658 2690 2732 (Isai.
2731 2662 2786 2716 2.
2834 2664 2887 2718 5.
2941 2663 3031 2738 4).
3075 2664 3204 2722 Sion
3242 2671 3384 2724 enim
3414 2671 3504 2727 hic
3530 2672 3660 2729 dicit

2072 2744 2247 2800 locum
2271 2748 2624 2819 integrum,et
2648 2753 2913 2810 civitatem
2937 2773 3056 2828 quia:
3075 2759 3221 2828 juxta
3250 2761 3395 2817 illum
3423 2763 3523 2819 sita
3549 2775 3654 2832 est,

2067 2838 2370 2897 Iudaeorum
2400 2847 2754 2918 metropolim.
2782 2848 2930 2906 Illinc
2967 2851 3106 2906 enim
3139 2863 3405 2924 tamquam
3445 2874 3510 2912 ex
3537 2859 3652 2930 qui-

2069 2933 2290 2991 busdam
2337 2939 2642 2995 carceribus
2688 2941 2902 2998 veloces
2955 2945 3101 3016 equi,
3160 2961 3350 3017 nempe
3389 2951 3650 3019 aposwii,

2065 3025 2247 3082 emissi
2288 3029 2488 3085 suntin
2521 3038 2684 3086 totum
2713 3033 2895 3088 orbem
2947 3045 3133 3103 terrae;
3185 3038 3331 3093 illine
3375 3053 3652 3111 emperqu

2066 3117 2213 3186 signa
2239 3117 2416 3176 facere
2447 3138 2461 3176 :
2494 3121 2601 3177 illic
2627 3123 2724 3179 luit
2751 3128 3092 3196 resurrectio,
3123 3129 3228 3184 illic
3253 3134 3515 3200 ascensio,
3545 3134 3652 3189 illic

2065 3215 2324 3280 prooemia
2368 3223 2423 3270 et
2481 3216 2629 3272 initia
2677 3227 2872 3274 nostrae
2918 3221 3143 3288 salutis;
3193 3223 3301 3279 illic
3340 3240 3530 3281 arcana
3561 3227 3648 3282 illa

2063 3313 2340 3372 coeperunt
2360 3307 2633 3377 praedicari
2658 3308 2905 3381 dogmata
2928 3327 2991 3368 ac
3014 3314 3251 3370 decreta.
3285 3315 3396 3372 illic
3421 3319 3648 3387 primum

2064 3394 2224 3450 Pater
2250 3399 2512 3454 revelatus
2537 3408 2618 3455 est
2637 3443 2653 3467 ,
2681 3402 2925 3472 cognitus
2973 3413 3055 3460 est
3084 3404 3421 3477 Unigenitus,
3453 3419 3506 3463 et
3524 3409 3647 3464 data

2063 3493 2148 3539 est
2193 3494 2336 3541 tanta
2381 3490 2548 3558 gratia
2599 3490 2846 3561 Spiritus.
2894 3493 3007 3549 Illic
3052 3497 3281 3567 apostoli
3337 3499 3650 3555 revelarunt

2061 3589 2362 3632 sermonem
2388 3579 2455 3634 de
2477 3580 2635 3637 rebus
2661 3583 3004 3655 incorporeis,
3027 3586 3095 3642 de
3120 3588 3294 3656 donis,
3325 3589 3392 3646 de
3413 3602 3649 3662 potesta-

2061 3668 2237 3735 tibus,
2267 3669 2336 3726 de
2383 3671 2680 3728 futurorum
2727 3675 2985 3732 bonorum
3030 3681 3489 3749 promissionlbus.
3516 3683 3646 3750 Quae

2059 3763 2236 3817 omnia
2265 3764 2522 3835 propheta
2566 3769 2911 3825 considerans
2929 3813 2946 3839 ,
2971 3771 3024 3826 id
3051 3782 3204 3828 vocat
3233 3775 3350 3844 ejus
3368 3775 3641 3831 decorem.

2059 3852 2154 3909 Dei
2178 3856 2319 3910 enim
2339 3858 2545 3927 species
2569 3875 2633 3914 ac
2657 3860 2820 3916 decor
2846 3871 2928 3917 est
2950 3864 3068 3933 ejus
3090 3863 3299 3920 bonitas
3317 3881 3380 3921 ac
3405 3866 3646 3938 benigni-

2059 3955 2158 4014 tas,
2186 3957 2239 4002 et
2266 3947 2318 4003 in
2347 3964 2534 4006 omnes
2563 3952 2930 4010 beneﬁcentia.
2980 3957 3035 4026 3.
3090 3955 3229 4013 Deus
3266 3959 3529 4031 manifeste
3555 3976 3641 4015 ee-

2055 4038 2178 4100 niet.
2200 4037 2340 4093 Deus
2361 4051 2548 4110 noster,
2571 4053 2618 4097 et
2658 4061 2760 4100 non
2797 4047 2980 4102 silebit.
3053 4045 3066 4060 ’“

2126 4131 2382 4188 Adventus
2420 4134 2608 4191 Christi
2634 4138 2774 4207 prior
2800 4141 3046 4197 occultus.
3074 4173 3147 4184 -—
3174 4143 3335 4201 Vides
3367 4149 3638 4217 quomodo

2055 4224 2349 4292 procedens
2389 4227 2559 4297 aperit
2587 4243 2924 4297 sermonem,
2965 4243 3019 4288 et
3059 4236 3260 4291 revelat
3306 4238 3637 4308 thesaurum,

2052 4326 2109 4372 et
2147 4318 2403 4375 laetiorem
2449 4322 2644 4376 emittit
2672 4322 2877 4378 radium
2898 4367 2912 4390 ,
2941 4326 3127 4382 dicens
3160 4346 3173 4382 :
3211 4329 3347 4386 Deus
3376 4334 3640 4404 manifeste

2052 4412 2229 4465 veniet.
2260 4412 2484 4481 Quando
2523 4416 2664 4469 enim
2697 4431 2801 4472 non
2827 4419 2972 4473 venit
3002 4422 3327 4479 manifeste?
3371 4425 3637 4494 Quando?

2051 4501 2107 4558 In
2146 4505 2310 4576 priori
2351 4507 2579 4562 adventu
2617 4526 2632 4563 :
2663 4510 2808 4565 venit
2839 4512 2984 4566 enim
3016 4512 3217 4585 absque
3244 4517 3356 4572 ullo
3381 4520 3633 4589 strepitu,

2050 4595 2246 4652 multos
2263 4597 2460 4665 celans,
2491 4607 2544 4654 ct
2559 4600 2648 4655 diu
2672 4601 2860 4658 latens.
2888 4603 3023 4672 Quid
3046 4606 3164 4662 dico
3186 4609 3400 4676 multos,
3422 4612 3636 4681 quando

2048 4703 2148 4744 nec
2179 4690 2291 4760 ipsa
2338 4691 2550 4761 quidem
2599 4693 2788 4765 Virgo,
2840 4712 2960 4766 quae
3004 4713 3126 4754 eum
3170 4708 3326 4756 utero
3367 4703 3632 4772 gestabat,

2048 4791 2271 4836 noverat
2293 4796 2546 4840 arcanum
2588 4789 2824 4857 mysterii
2855 4791 2903 4856 ί,
2938 4806 3037 4846 nec
3064 4792 3182 4861 ejus
3222 4792 3413 4849 fratres
3437 4794 3632 4850 crede-

2048 4873 2171 4930 bant
2194 4875 2244 4930 in
2269 4876 2461 4948 ipsum,
2485 4895 2582 4936 nec.
2603 4881 2647 4934 is
2670 4883 2758 4952 qui
2780 4883 3057 4940 videbatur
3075 4901 3195 4944 esse
3212 4897 3361 4958 pater
3380 4901 3629 4957 magnum

2048 4969 2173 5040 quid
2204 4969 2272 5024 de
2306 4987 2373 5027 eo
2401 4973 2777 5045 concipiebat?
3219 5021 3233 5030 κ

2117 5060 2172 5115 2.
2205 5063 2272 5116 Et
2299 5063 2426 5134 quid
2458 5064 2580 5120 dico
2608 5067 2889 5124 homines?
2917 5069 3095 5139 Ipsum
3125 5087 3336 5143 quoque
3355 5071 3626 5128 diabolum

2047 5149 2198 5206 latuit
2230 5172 2242 5207 :
2273 5170 2446 5226 neque
2469 5159 2612 5212 enim
2642 5159 2685 5212 si
2713 5161 2958 5215 scivisset
2984 5201 2998 5226 ,
3042 5170 3191 5216 tanto
3235 5171 3355 5233 post
3385 5172 3628 5234 tempore

2049 5246 2100 5299 iu
2127 5256 2307 5303 tnoute
2330 5264 2451 5304 eum
2478 5249 2856 5322 interrogasset
2880 5295 2894 5320 ,
2926 5268 2994 5309 an
3023 5263 3166 5310 esset
3193 5255 3284 5310 Dei
3309 5254 3499 5324 Filius,
3526 5272 3626 5313 ne-

2109 5449 2124 5520 ξ
2161 5449 2364 5520 sicatss:
2383 5457 2434 5500 et
2456 5450 2595 5520 savii.
2616 5460 2733 5513 Vox,
2757 5451 2988 5518 mysterii,
3011 5454 3195 5520 deerat
3208 5459 3255 5508 in
3278 5457 3460 5520 Morel,
3483 5469 3536 5513 et
3556 5465 3629 5515 sic

2043 5510 2395 5586 intrasubinde
2432 5510 2828 5586 quaedam-voces
2845 5510 3138 5586 necessaria;
3171 5519 3398 5586 deerant,
3427 5510 3537 5586 qum
3557 5510 3623 5576 Eii

2042 5579 2146 5621 Mss.
2160 5571 2580 5647 desutnptaesttut.
2608 5578 2772 5625 Mirum
2787 5576 2914 5647 quod
2938 5577 3017 5647 hic
3036 5578 3155 5631 dicit
3174 5571 3551 5647 Cbrysosltniitts,
3564 5571 3626 5636 {.‘é

2044 5647 2193 5705 Ipsam
2212 5635 2411 5707 quidem
2437 5637 2681 5707 Virginem
2705 5635 2830 5707 quae
2849 5637 3086 5688 christum
3123 5635 3511 5707 utero'gcstabat
3537 5635 3628 5697 1.4;.

2043 5696 2173 5804 \islse
2197 5697 2497 5758 mysterium.
2522 5696 2881 5749 Boverat'enim
2918 5711 3170 5766 postquam
3206 5696 3412 5769 angvelus
3544 5696 3627 5761 re-

2045 5769 2106 5804 ve
2127 5768 2308 5804 ararat.

2045 5768 2308 5808 velaverat.
