4114 6278
522 322 628 376 243

513 452 620 508 que
648 434 702 491 id
739 431 939 500 semel,
969 443 1024 490 et
1061 432 1145 487 bis
1169 473 1184 496 ,
1223 442 1281 486 et
1325 432 1482 486 tertio
1529 430 1744 488 fecisset
1789 430 2004 500 (Matth.
2038 430 2094 484 4.

513 529 567 584 5.
601 527 678 600 6).
728 527 792 582 Et
818 525 938 581 ideo
963 524 1096 579 dixit
1122 522 1312 578 Juauni
1340 537 1462 578 eum
1503 522 1746 578 revelare
1775 521 2047 591 incipienti
2081 539 2093 574 τ

512 623 638 678 Sine
687 619 837 673 modo
881 616 994 688 (Id.
1019 616 1070 672 5.
1105 617 1242 685 15);
1295 614 1396 669 hoc
1454 623 1562 678 est,
1597 607 1739 668 Tace
1786 627 1926 667 nunc
1955 629 1968 664 :
1999 626 2098 665 ne-

508 727 612 783 que
648 711 794 768 enim
842 718 1051 775 tenipus
1088 716 1171 763 cst
1212 715 1271 761 ut
1315 704 1584 762 reveletur
1630 720 1884 760 arcanum
1921 703 2099 758 carnis

507 812 772 873 suscepta
809 801 1128 864 consilium;
1181 798 1306 854 volo
1354 797 1531 852 adhuc
1573 797 1740 852 latere
1781 795 2090 851 diabolum:

509 908 626 952 tace
647 910 796 964 ergo,
823 893 990 963 inquit
1021 911 1028 941 :
1060 890 1088 944 1
1096 901 1147 944 ια
1167 892 1298 945 enim
1319 906 1412 945 nos
1439 889 1597 944 decet.
1626 890 1694 944 Et
1720 903 1839 942 cum
1866 903 1894 941 a
1917 895 2100 942 monte

507 986 912 1048 descendisset,
945 983 1232 1052 praecepit,
1274 990 1332 1038 ut
1359 982 1532 1051 ipsum
1556 995 1676 1036 esse
1699 976 1972 1033 Christum
2001 994 2096 1033 ne—

509 1079 638 1134 mini
691 1079 932 1133 dicerent
982 1074 1090 1145 (Id.
1125 1074 1210 1128 17.
1240 1073 1319 1141 9).
1359 1072 1508 1126 Tunc
1547 1071 1691 1125 enim
1729 1070 1874 1126 venit
1906 1079 1966 1124 ut
2004 1084 2098 1138 pa-

509 1180 622 1222 stor
642 1168 732 1238 qui
759 1166 1030 1238 qumrebat
1052 1174 1321 1220 errantem
1343 1177 1496 1216 ovem
1523 1170 1577 1216 et
1601 1162 1690 1230 qui
1712 1166 2095 1230 repugnantem

512 1259 679 1314 feram
712 1257 892 1312 venari
919 1256 1132 1310 volebat
1160 1271 1173 1309 :
1208 1265 1261 1308 et
1292 1252 1410 1308 ideo
1437 1252 1673 1321 seipsum
1717 1249 2096 1306 adumbrabat.

512 1351 662 1404 Sicut
688 1349 830 1405 enim
869 1346 1109 1403 medicus
1139 1360 1245 1400 non
1282 1359 1403 1400 sese
1445 1343 1690 1414 protinus
1717 1349 1919 1412 a-groto
1944 1341 2098 1396 terri-

512 1443 672 1496 bilem
719 1438 967 1502 exhibet,
1013 1438 1083 1492 ita
1124 1451 1222 1490 nec
1265 1436 1383 1504 ipse
1433 1435 1484 1488 in
1535 1433 1793 1504 principio
1833 1447 1894 1488 se
1929 1432 2098 1486 voluit

511 1533 873 1597 manifestare,
898 1529 990 1585 sed
1015 1529 1268 1600 paulatim
1295 1538 1350 1584 et
1370 1527 1589 1582 sensim.
1610 1525 1762 1580 llunc
1786 1525 1962 1594 itaque
1979 1525 2098 1592 ejus

511 1625 801 1681 adventum
825 1665 840 1689 ,
882 1623 971 1694 qui
1015 1621 1116 1678 fuit
1141 1621 1346 1690 absque
1385 1619 1646 1689 strepitu,
1676 1618 1981 1688 signiﬁcans
2011 1616 2098 1672 hic

511 1717 626 1786 ipse
656 1716 937 1785 prepheta,
969 1712 1099 1773 dicit
1126 1721 1307 1781 postea
1335 1729 1348 1764 :
1380 1709 1652 1764 Descendet
1682 1718 1939 1778 tamquam
1971 1707 2092 1776 pluo

511 1811 593 1864 ria
614 1811 665 1864 in
695 1809 853 1864 vellus
873 1847 888 1870 ,
917 1815 963 1859 et
987 1814 1243 1872 tamquam
1276 1801 1412 1855 stilla
1438 1816 1553 1871 qua
1580 1800 1792 1854 distillat
1816 1815 1969 1870 super
1997 1808 2098 1854 ter-

510 1918 623 1955 ram
651 1898 822 1970 (Ptol.
847 1899 934 1952 'll.
958 1896 1035 1967 6).
1063 1895 1245 1966 Neque
1267 1894 1411 1949 enim
1431 1893 1578 1948 venit
1605 1892 1885 1961 strepitum
1907 1890 2093 1953 edens.

513 2009 620 2048 non
647 1991 863 2046 turbans
889 2004 950 2044 ac
977 1987 1328 2049 tumultuans,
1355 1999 1463 2040 non
1489 1993 1683 2039 terram
1715 1997 1956 2048 movens,
1991 1997 2096 2038 non

514 2083 722 2153 fulgura
752 2082 1032 2146 amittens,
1075 2093 1181 2132 non
1210 2077 1398 2131 caelum
1429 2075 1764 2141 concutiens,
1798 2090 1905 2130 non
1935 2089 2097 2144 ange-

513 2174 686 2228 lorum
727 2180 928 2226 turmas
967 2170 1277 2231 immitteus,
1312 2182 1417 2221 non
1445 2165 1676 2220 medium
1703 2165 2095 2220 ﬁrmamentum

511 2265 888 2334 disrumpens,
937 2271 992 2316 et
1039 2261 1110 2316 ita
1157 2274 1321 2329 super
1361 2258 1530 2314 nubes
1581 2257 1950 2322 descendens;
2003 2255 2097 2312 sed

512 2357 716 2426 absque
743 2355 968 2424 strepitu
997 2368 1092 2422 per
1133 2360 1341 2406 uterum
1368 2349 1619 2420 Virginis,
1650 2364 1771 2404 cum
1803 2363 1869 2404 ea
1906 2363 2097 2404 novent

514 2447 790 2502 mensibus
814 2445 960 2499 illum
988 2443 1232 2508 tulisset,
1266 2451 1536 2511 tamquam
1561 2440 1696 2497 fabri
1725 2440 1869 2494 ﬁlius
1889 2439 1941 2494 in
1963 2455 2102 2510 pra:-

512 2537 626 2606 sepi
654 2535 888 2606 paritur,
937 2535 992 2588 in
1023 2533 1217 2588 vilibus
1243 2531 1424 2587 fasciis
1451 2530 1658 2586 insidiis
1682 2531 1948 2601 appetitur
1972 2570 1987 2596 ,
2016 2529 2099 2584 fu-

513 2629 590 2700 git
626 2644 748 2685 cum
794 2635 964 2682 matre
994 2627 1048 2682 in
1079 2627 1391 2696 Aigyptum.
1448 2624 1650 2680 Deinde
1696 2633 1816 2694 post
1868 2633 2099 2680 mortem

513 2723 630 2790 ejus
657 2720 746 2790 qui
775 2721 1003 2774 maxima
1039 2719 1241 2774 scelera
1267 2716 1597 2782 admiserat,
1630 2726 1758 2772 tunc
1788 2715 2095 2781 revertitur,

514 2826 569 2870 et
599 2814 702 2870 huc
731 2813 853 2867 illuc
874 2812 1191 2868 circumiens
1215 2852 1230 2876 ,
1283 2811 1464 2864 habitu
1493 2824 1709 2880 semper
1736 2818 1850 2864 erat
1877 2819 1935 2862 ut
1963 2825 2101 2865 unus

518 2923 586 2962 ex
617 2906 772 2976 plebe
798 2946 814 2972 ,
845 2915 900 2958 et
929 2912 1045 2958 erat
1090 2903 1167 2956 illi
1197 2900 1362 2955 vestis
1387 2901 1508 2956 vilis
1532 2942 1549 2968 ,
1594 2908 1650 2954 et
1692 2913 1877 2954 mensa
1913 2897 2098 2963 vilior;

515 3007 803 3071 perpetuus
847 2998 1112 3060 incessus,
1143 3002 1198 3048 et
1228 2995 1296 3047 ita
1325 3002 1648 3063 perpetuus,
1694 3000 1752 3046 ut
1794 3007 1864 3046 ex
1911 2990 2101 3045 itinere

514 3092 674 3147 etiam
705 3089 1104 3159 defatigaretur.
1142 3085 1333 3140 Verum
1360 3100 1467 3140 nou
1495 3093 1618 3140 tunc
1656 3084 1732 3139 sic
1760 3084 1936 3139 veniet
1961 3121 1978 3150 ,
2005 3083 2100 3138 sed

515 3185 651 3237 adeo
675 3181 954 3236 manifeste
976 3221 992 3247 ,
1023 3187 1080 3234 ut
1107 3194 1174 3232 ne
1205 3177 1312 3232 ullo
1345 3176 1560 3247 quidem
1592 3191 1726 3246 opus
1753 3175 1946 3229 haheat
1965 3215 1982 3241 ,
2011 3175 2101 3245 qui

516 3275 634 3345 ejus
649 3273 933 3328 adventum
959 3269 1258 3326 annuntiet.
1282 3268 1571 3338 Propterea
1591 3267 1703 3336 ipse
1723 3281 1932 3337 quoque
1951 3281 2101 3320 suam

517 3366 814 3420 claritatem
858 3363 1196 3434 signiﬁcans,
1226 3361 1435 3432 dicebat
1468 3377 1483 3416 :
1512 3359 1573 3414 Si
1617 3360 1878 3413 audieritis
1905 3374 2010 3413 esse
2048 3359 2102 3413 in

519 3455 870 3527 penetralibus,
903 3455 1056 3510 nolite
1081 3455 1270 3508 intrare
1299 3469 1318 3506 :
1347 3453 1392 3508 si
1432 3453 1487 3506 in
1513 3451 1726 3519 deserto,
1755 3451 1908 3505 nolite
1943 3451 2100 3506 exire.

520 3546 664 3602 Sicut
706 3547 840 3600 enim
880 3545 1057 3618 fulgur
1093 3546 1196 3599 exit
1237 3544 1298 3597 alt
1342 3544 1530 3598 oriente
1568 3553 1614 3596 et
1643 3543 1830 3596 relucet
1856 3558 2010 3612 usque
2033 3540 2102 3595 ad

519 3638 822 3692 occidentem
849 3653 868 3690 :
896 3637 969 3690 ita
1013 3637 1106 3689 erit
1150 3634 1396 3690 aduentus
1439 3633 1566 3688 Filii
1611 3634 1827 3686 hominis
1871 3633 2100 3704 (Matth.

517 3732 613 3786 2t.
634 3731 724 3785 26.
753 3731 820 3785 27
841 3730 860 3802 )
884 3770 899 3797 ,
953 3730 1067 3799 ipse
1091 3729 1324 3797 seipsum
1347 3727 1636 3782 ostendens
1655 3767 1671 3792 ,
1703 3734 1759 3781 et
1784 3724 2100 3794 praedicans.

520 3823 652 3876 Nam
682 3822 782 3877 hoc
805 3822 966 3876 etiam
1009 3821 1062 3877 in
1092 3818 1300 3890 fulgure
1329 3819 1527 3884 evenit,
1560 3833 1660 3872 nec
1685 3832 1818 3886 opus
1846 3815 2103 3870 habemus

521 3918 696 3988 aliquo
720 3917 809 3987 qui
837 3915 1140 3979 annuntiet,
1163 3912 1260 3968 sed
1284 3912 1442 3968 simul
1466 3920 1624 3982 atque
1650 3909 1915 3980 apparuit,
1945 3909 2104 3964 simul

521 4008 769 4063 omnibus
788 4007 1059 4076 cognitum
1086 4005 1205 4059 fuit.
1239 4003 1313 4060 Ita
1333 4003 1494 4060 etiam
1530 4002 1660 4056 dicit
1689 4001 1888 4056 Paulus
1916 4015 1932 4054 :
1965 3999 2103 4065 Quo-

521 4103 658 4156 niam
687 4102 795 4172 ipse
833 4099 1083 4154 Dominus
1123 4100 1176 4152 in
1217 4099 1405 4168 jussu,
1448 4097 1501 4150 in
1543 4112 1661 4150 voce
1698 4095 2022 4164 archangeli,
2051 4095 2104 4147 in

521 4206 742 4249 extrema
787 4192 904 4264 tuba
945 4192 1207 4247 descendet
1243 4192 1305 4245 de
1329 4191 1454 4245 ca’lo
1484 4190 1558 4261 (1.
1587 4187 1770 4242 Thess.
1797 4189 1850 4242 4.
1887 4184 1998 4258 15).
2030 4187 2104 4241 lta

522 4289 681 4344 etiam
713 4288 969 4358 propheta
998 4285 1131 4339 vidit
1154 4299 1273 4338 eum
1305 4281 1428 4338 ferri
1461 4295 1622 4352 super
1669 4282 1838 4334 nubes
1863 4320 1878 4346 ,
1924 4288 1979 4332 ct
2005 4278 2103 4332 flu-

521 4380 664 4433 vium
685 4387 808 4431 ante
823 4393 944 4431 eum
966 4377 1098 4430 trahi
1122 4386 1176 4430 et
1205 4375 1433 4428 tribunal
1457 4373 1712 4436 terribile,
1741 4370 2108 4426 etreddendas

523 4473 645 4524 vitae
672 4469 909 4524 rationes
937 4485 1055 4538 qua:
1096 4468 1253 4521 vitari
1293 4484 1398 4521 non
1447 4479 1689 4537 possunt.
1748 4465 1899 4519 Tunc
1937 4465 2102 4529 enim,

526 4573 653 4618 tunc
689 4561 890 4631 judicio
917 4570 970 4614 et
1000 4561 1261 4615 sententia
1292 4575 1425 4629 opus
1453 4570 1534 4614 est
1567 4578 1581 4615 :
1614 4567 1668 4614 et
1699 4559 1820 4614 ideo
1860 4574 1963 4611 non
1994 4572 2107 4612 am-

525 4656 664 4726 plius
712 4662 770 4706 ut
793 4651 1060 4718 medicus,
1100 4652 1198 4707 sed
1228 4651 1463 4720 utjudex
1491 4660 1731 4720 apparet.
1785 4650 1970 4706 Daniel
2001 4649 2101 4704 ita-

521 4761 628 4815 que
651 4752 708 4798 et
735 4742 980 4796 thronum
1007 4743 1121 4811 ejus
1149 4740 1309 4805 videt,
1340 4749 1393 4795 et
1418 4741 1632 4795 ﬂuvium
1664 4741 1752 4811 qui
1781 4750 1905 4795 aute
1935 4741 2105 4794 tribu-

525 4837 610 4890 nal
645 4833 905 4895 trahitur.
935 4843 990 4888 et
1009 4833 1184 4886 omnia
1215 4833 1286 4886 illi
1327 4833 1490 4902 ignita
1521 4831 1893 4894 ostenduntur.
1916 4847 2106 4886 currus

520 4937 577 4981 et
603 4936 736 4981 reue
789 4923 948 4996 (Dan.
981 4924 1033 4978 7.
1059 4923 1111 4978 9.
1145 4922 1255 4993 l0).
1301 4922 1406 4977 Sed
1447 4938 1552 4977 non
1584 4923 1634 4977 in
1678 4922 1970 4992 principio,
2009 4939 2108 4978 nec

519 5017 736 5090 quando
772 5017 822 5090 in
851 5015 1024 5084 primo
1054 5013 1286 5069 adventu
1307 5014 1451 5068 venit
1478 5014 1494 5044 ¹
1523 5053 1539 5077 ,
1573 5013 1678 5068 tale
1703 5013 1824 5082 quid
1850 5013 2104 5075 ostendit,

525 5088 630 5167 non
664 5088 858 5182 ignem,
884 5125 988 5164 nou
1017 5108 1254 5172 ﬂuvium,
1283 5123 1386 5161 non
1413 5106 1609 5176 aliquid
1637 5105 1779 5160 aliud
1809 5103 2103 5174 ejusmodi;

524 5204 619 5260 Sed
647 5217 884 5273 pra-sepe
905 5244 920 5261 .
953 5202 1338 5266 diversorium,
1368 5199 1656 5268 tugurium,
1685 5207 1736 5252 et
1758 5197 1968 5268 inopem
1995 5213 2108 5253 ma-

525 5307 679 5349 trem.
709 5295 1043 5365 Quamquam
1067 5291 1266 5362 alioqui
1287 5306 1351 5345 ex
1378 5291 1479 5346 hoc
1506 5290 1740 5346 ostendit
1776 5305 1897 5345 eum
1929 5304 2048 5344 esse
2075 5308 2104 5344 a

523 5387 872 5442 coniversione
911 5394 965 5439 et
1012 5385 1304 5439 mutatione
1348 5383 1602 5439 alienum.
1655 5383 1916 5451 Quoniam
1962 5382 2104 5440 enim

525 5478 660 5533 dixit
686 5493 806 5533 eum
845 5478 933 5547 qui
959 5477 1176 5533 sedebat
1207 5492 1368 5546 super
1407 5475 1652 5532 thronum
1679 5519 1694 5543 ,
1741 5476 1990 5532 habuisse
2017 5492 2108 5533 ca-

525 5575 709 5645 pilluu:
741 5574 1020 5628 candidum
1069 5585 1124 5629 ut
1167 5574 1342 5630 lanam
1367 5617 1383 5642 ,
1417 5587 1470 5631 et
1497 5587 1697 5632 vestem
1730 5579 1866 5633 sicut
1890 5578 2065 5633 nivem
2092 5594 2105 5630 :

591 5689 606 5719 ⁸
640 5683 784 5754 savii.
811 5694 864 5754 et
889 5685 1017 5735 ttolb.
1046 5690 1258 5754 sequuti,
1283 5689 1514 5745 verbum,
1539 5691 1678 5748 venit,
1705 5693 2103 5754 iaterposuimus,

524 5749 652 5811 quod
676 5749 816 5797 deest
843 5749 887 5795 iu
914 5754 1026 5810 Reg.
1057 5747 1214 5796 \toi-el.
1249 5757 1298 5798 et
1321 5754 1510 5799 Muntel‘.
1537 5766 1545 5777 ·

1261 321 1317 374 S.
1357 317 1636 375 JOANNIS
1674 314 2143 374 UHRYSOSTO)"
2173 307 2490 374 ARClllEP.
2529 320 3064 382 CONSTANTINOP.

3686 339 3788 397 ’ΞΗ

2210 447 2276 486 ne
2321 432 2455 500 pilos
2495 444 2765 491 vestemve
2807 440 3175 504 existimares,
3226 444 3317 498 sed
3360 445 3696 516 splendorem
3727 469 3787 508 ac

2205 523 2528 592 puritatem,
2582 526 2756 596 ignem
2809 530 3002 600 ubique
3049 547 3168 588 esse
3214 534 3554 608 dicit:lgnis
3588 543 3640 594 in
3667 560 3787 598 con-

2203 625 2374 681 spectu
2415 618 2526 687 ejus
2555 619 2840 673 exardescet
2862 663 2877 688 ,
2931 633 2979 676 et
3021 625 3075 677 in
3121 626 3335 680 circuitu
3373 630 3482 699 ejus
3522 641 3789 702 tempestas

2199 705 2371 759 valida
2411 708 2573 777 (Dan.
2621 711 2674 764 7.
2722 713 2801 779 9).
2852 712 2925 766 lta
2968 716 3126 769 etiam
3172 717 3258 772 hic
3301 720 3458 774 simul
3497 737 3618 777 eum
3668 739 3788 781 esse

2203 799 2482 854 .nutationi
2510 809 2564 855 et
2588 805 2921 859 conversioni
2941 806 3157 862 minime
3181 808 3488 878 obnoxium,
3525 813 3784 869 lucidum-

2201 902 2304 956 que
2355 897 2409 942 et
2459 890 2786 946 inaccessum
2835 896 3071 950 ostendit
3117 913 3211 967 per
3249 900 3345 954 has
3389 901 3785 960 similitudines.

2202 976 2388 1048 Neque
2425 994 2552 1034 vero
2583 981 2725 1036 sistit
2750 983 2814 1038 ad
2842 984 3017 1055 ignem
3047 1003 3230 1057 usque,
3263 990 3356 1044 sed
3385 993 3570 1048 volens
3600 1003 3789 1049 esten;

2200 1068 2330 1125 dere
2358 1071 2746 1128 vehementiam
2777 1078 3038 1147 supplicii,
3073 1081 3346 1153 subjungit
3373 1083 3559 1140 dicens
3592 1104 3604 1140 :
3637 1086 3788 1141 Tem-

2205 1171 2369 1231 pestas
2409 1164 2597 1218 ualida.
2652 1167 2747 1223 Est
2791 1179 2965 1225 autem
3008 1185 3260 1240 καταιγὶς,
3299 1177 3390 1231 vel
3433 1177 3786 1235 intolerabilis

2201 1269 2377 1309 massa
2424 1258 2599 1324 nivis,
2652 1275 2769 1329 quae
2801 1261 2851 1315 in
2898 1265 3118 1334 quodvis
3163 1267 3408 1324 inciderit
3439 1273 3696 1340 pertrahit
3737 1285 3791 1330 et

2201 1346 2412 1415 evertit,
2441 1349 2524 1403 vel
2554 1349 2842 1406 vehemens
2867 1364 3145 1410 ventorum
3166 1357 3416 1427 impetus,
3444 1363 3530 1431 qui
3557 1362 3786 1431 idipsum

2201 1438 2397 1506 efﬁcit,
2429 1449 2483 1495 et
2511 1452 2592 1496 est
2629 1445 2693 1498 iis
2718 1461 2837 1514 quae
2867 1459 3151 1505 occurrunt
3188 1451 3551 1520 intolerabilis.
3590 1455 3786 1515 Volens

2203 1529 2364 1600 igitur
2402 1533 2684 1589 ostendere
2732 1536 2856 1590 illud
2901 1540 3217 1608 supplicium
3259 1558 3379 1598 esse
3425 1545 3782 1615 intolerabile,

2202 1621 2422 1677 adduxit
2449 1622 2544 1678 has
2585 1626 2978 1682 similitudines.
3025 1632 3078 1684 4.
3103 1631 3377 1685 Aduocabit
3401 1637 3580 1689 uelum
3607 1637 3788 1692 desurs

2202 1728 2314 1766 sum
2339 1754 2352 1779 ,
2398 1724 2444 1767 et
2492 1724 2710 1780 terram,
2751 1717 3034 1773 discernere
3077 1721 3320 1790 populum
3363 1741 3530 1778 suum.
3586 1727 3785 1785 Rursus

2204 1805 2444 1858 meminit
2481 1805 2866 1862 elementorum
2888 1852 2903 1877 ,
2935 1825 3033 1880 per
3056 1828 3175 1881 quin
3214 1813 3350 1868 bena
3382 1815 3780 1874 innumerabilia

2202 1895 2267 1947 ad
2297 1909 2463 1963 gentis
2489 1895 2761 1954 hominum
2787 1911 3160 1968 pervenerunt,
3195 1919 3300 1958 non
3331 1906 3501 1959 solum
3532 1907 3597 1961 ad
3628 1909 3780 1962 vitam

2203 1988 2255 2032 et
2281 1980 2715 2036 constitutionem
2758 1985 2998 2054 corporis
3020 2024 3036 2051 ,
3074 1986 3166 2040 sed
3195 1989 3352 2043 etiam
3382 1990 3447 2044 ad
3478 1990 3569 2044 Dei
3600 1994 3784 2062 cogni-

2206 2071 2426 2126 tionem.
2472 2073 2902 2131 Pulchritudiues
2939 2078 3115 2143 enim,
3158 2089 3212 2134 et
3252 2081 3644 2150 magnitudines
3669 2125 3683 2149 ,
3735 2094 3788 2137 et

2201 2165 2435 2219 rationes
2477 2165 2673 2220 situum
2695 2208 2709 2234 ,
2755 2177 2808 2223 et
2841 2170 3183 2239 substantias,
3231 2188 3296 2228 ex
3323 2175 3514 2245 quibus
3544 2187 3792 2232 constant

2205 2254 2319 2311 lucc
2349 2259 2610 2314 elementa
2636 2301 2651 2326 ,
2680 2270 2732 2315 et
2757 2278 2876 2332 quae
2901 2279 2968 2318 ex
2993 2266 3072 2319 eis
3102 2265 3252 2331 ﬁunt,
3283 2283 3346 2322 ac
3371 2284 3490 2337 qum
3520 2272 3788 2340 generali.

2205 2359 2285 2405 ter
2313 2351 2456 2405 omni
2485 2361 2720 2422 tempore
2745 2396 2760 2420 ,
2797 2355 2880 2410 vel
2908 2370 3050 2425 smpe
3075 2357 3343 2428 sigillatim
3369 2361 3642 2427 eveniunt,
3675 2361 3790 2416 hac

2203 2440 2382 2496 omnia
2420 2457 2641 2512 corpora
2689 2446 2840 2499 alunt
2866 2456 2920 2500 et
2951 2449 3310 2513 constituunt,
3360 2459 3414 2505 et
3458 2452 3525 2506 ad
3568 2453 3789 2523 Opiﬁcis

2203 2535 2557 2604 cognitionem
2584 2535 2870 2592 deducunt.
2929 2539 2994 2592 Et
3031 2540 3150 2594 ideo
3175 2541 3307 2595 dixit
3329 2541 3525 2597 Paulus
3553 2561 3568 2597 :
3599 2543 3791 2597 Invisi-

2203 2627 2326 2682 bilia
2365 2629 2478 2700 ejus
2517 2645 2579 2683 ea:
2610 2639 2842 2684 creatura
2887 2633 3064 2685 mundi
3104 2634 3337 2703 operibus
3381 2635 3633 2689 intellecta
3675 2653 3792 2705 per—

2204 2721 2518 2787 spiciuntur,
2549 2732 2834 2792 wternaque
2868 2724 2977 2793 ejus
3004 2733 3226 2793 potestas
3256 2741 3316 2778 ac
3343 2725 3577 2778 divinitas
3605 2727 3788 2792 (llam.

2205 2812 2256 2866 1.
2289 2810 2402 2882 20).
2458 2813 2523 2867 Et
2565 2828 2752 2867 rursus
2775 2855 2790 2879 ,
2849 2814 2983 2879 Quia
3021 2816 3152 2868 enim
3192 2816 3244 2868 in
3283 2817 3527 2885 sapientia
3556 2815 3652 2870 Dei
3684 2834 3790 2871 non

2204 2906 2433 2976 cognovit
2457 2906 2675 2960 mundus
2705 2923 2794 2977 per
2813 2908 3110 2976 sapientiam
3133 2907 3294 2962 Deum
3324 2909 3401 2977 (l.
3431 2906 3549 2964 Cor.
3581 2910 3632 2964 1.
3665 2909 3788 2978 21),

2207 2995 2309 3050 hoc
2333 3005 2418 3050 est
2439 3038 2454 3063 ,
2499 3012 2592 3066 per
2637 2997 2978 3066 sapientiam,
3018 3013 3137 3067 qua:
3159 2999 3395 3054 cernitur
3424 2998 3476 3053 in
3505 3000 3790 3064 creaturis,

2206 3098 2264 3143 ut
2299 3103 2418 3158 quae
2447 3104 2554 3143 non
2581 3089 2650 3142 sit
2677 3106 2833 3158 parva
2860 3132 2874 3154 ,
2914 3090 3004 3144 sed
3037 3091 3120 3145 vel
3156 3091 3383 3144 maxima
3409 3101 3462 3145 et
3491 3091 3790 3145 clarissima

2204 3181 2462 3236 doctrina.
2514 3183 2591 3234 Ac
2631 3198 2748 3250 qua:
2795 3183 3029 3251 quotidie
3071 3183 3283 3251 quidem
3334 3199 3428 3252 per
3469 3197 3591 3236 eum
3635 3184 3788 3246 ﬁttut,

2205 3272 2412 3327 etiamsi
2437 3271 2718 3326 videantur
2737 3272 2850 3326 ﬁeri
2880 3282 3083 3327 natura:
3110 3273 3486 3342 consequentia
3509 3313 3524 3339 ,
3560 3273 3672 3342 ipsa
3701 3283 3784 3326 ta-

2205 3379 2328 3418 men
2372 3363 2530 3417 etiain
2568 3362 2822 3432 Opiﬁcem
2851 3363 3160 3434 praedicant.
3203 3364 3390 3433 Opifex
3417 3365 3561 3418 enim
3587 3372 3668 3420 est
3697 3380 3793 3418 na-

2207 3465 2338 3511 tura:
2365 3456 2637 3510 Dominus.

2277 3549 2330 3602 5.
2362 3548 2440 3601 Ne
2465 3547 2671 3601 mireris
2687 3555 2862 3600 autem
2887 3546 2928 3600 si
2949 3546 3015 3600 ad
3034 3545 3246 3601 Judzeos
3265 3545 3791 3616 dirigatorationem,

2206 3639 2274 3694 de
2297 3639 2528 3708 generali
2552 3637 2749 3708 judicio
2769 3638 3060 3692 disserens.
3089 3637 3165 3691 lta
3186 3638 3327 3691 enim
3356 3637 3550 3691 Paulus
3576 3651 3791 3706 quoque

2206 3730 2336 3786 dicit
2369 3747 2382 3782 :
2417 3729 2507 3782 Ira
2543 3740 2590 3783 ct
2635 3729 2949 3800 indignatio,
2981 3728 3239 3782 tribulatio
3276 3737 3326 3782 et
3359 3729 3595 3799 angustia
3636 3744 3796 3798 super

2207 3837 2405 3876 omnem
2432 3821 2652 3874 animum
2683 3822 2898 3874 hominis
2927 3820 3182 3889 operantis
3207 3820 3397 3872 malum
3416 3861 3430 3884 ,
3476 3818 3646 3872 Judwi
3683 3820 3798 3887 pri-

2208 3929 2345 3966 mum
2372 3923 2419 3966 et
2445 3912 2608 3966 (ἐνπὶ
2635 3911 2807 3980 (Rom.
2835 3911 2890 3965 Ξ.
2925 3911 2977 3964 8.
3009 3910 3086 3981 9).
3119 3911 3178 3967 ΕΙ
3210 3925 3395 3964 rursus
3429 3929 3443 3963 τ
3477 3909 3822 3979 Quicumque

2207 4007 2316 4060 sine
2357 4006 2463 4076 lege
2497 4014 2763 4075 peccarunt
2781 4046 2797 4071 ,
2839 4005 2946 4057 sine
2975 4003 3082 4073 lege
3105 4012 3152 4056 et
3179 4005 3407 4072 peribunt
3436 4019 3454 4056 :
3480 4012 3524 4055 et
3555 4003 3792 4070 quicum-

2208 4113 2302 4165 que
2319 4099 2373 4150 in
2405 4096 2510 4167 lege
2531 4104 2820 4166 peccarttnt,
2847 4111 2937 4165 per
2961 4096 3114 4165 legem
3134 4095 3499 4164 judicabantur
3545 4093 3708 4164 (Ibid.
3741 4110 3791 4146 υ.

2211 4188 2320 4259 12).
2353 4188 2406 4242 5.
2439 4188 2747 4258 Congregatc
2771 4187 2849 4240 illi
2876 4197 3074 4240 sanctos
3101 4189 3228 4254 ejus,
3257 4187 3343 4258 qui
3370 4169 3604 4240 ordinant
3633 4197 3796 4240 testas

2209 4291 2430 4333 mentum
2457 4280 2566 4348 ejus
2605 4295 2756 4347 super
2791 4279 3060 4346 sacriﬁcia.
3110 4277 3218 4333 Cur
3242 4294 3374 4348 quos
3402 4289 3483 4333 est
3508 4290 3790 4332 accusatu-

2210 4386 2321 4435 rus,
2351 4378 2404 4424 et
2427 4385 2562 4439 quos
2589 4369 3060 4434 condemnaturus,
3097 4379 3310 4423 sanctos
3337 4368 3440 4422 hoc
3469 4369 3586 4424 loco
3605 4369 3793 4437 appel-

2213 4462 2323 4515 lat?
2368 4460 2770 4515 Accusationem
2799 4474 3022 4530 augens,
3053 4469 3108 4515 et
3134 4459 3389 4514 honorem
3421 4459 3695 4528 adjiciens,
3725 4459 3792 4512 ad

2211 4553 2467 4622 majorem
2495 4551 2930 4622 signiﬁcationem
2961 4551 3225 4621 supplicii.
3256 4550 3329 4605 Ita
3351 4551 3508 4605 etiam
3538 4564 3636 4603 nos
3655 4563 3793 4620 quo-

2210 4662 2314 4717 que
2336 4661 2456 4700 cum
2487 4646 2728 4700 videmus
2769 4645 2974 4714 aliquos
3017 4658 3265 4714 peccasse
3285 4685 3300 4711 ,
3333 4654 3386 4698 et
3427 4644 3672 4696 volumus
3697 4656 3795 4698 eos

2221 4738 2576 4792 .ebementius
2616 4738 2898 4802 insectari,
2949 4752 3069 4791 cum
3100 4752 3286 4792 eorum
3327 4735 3675 4806 dignitatibus
3700 4749 3794 4788 eos

2212 4844 2463 4883 vocamus
2487 4870 2502 4894 ,
2532 4839 2591 4882 ut
2613 4828 2908 4899 graviorem
2943 4827 3227 4883 reddamus
3259 4828 3674 4896 accusationem,
3706 4825 3793 4879 di-

2211 4930 2396 4974 centes
2425 4936 2437 4972 :
2476 4919 2618 4974 Voca
2645 4919 2924 4974 diaconum
2946 4961 2963 4986 ,
2993 4920 3076 4974 vel
3114 4921 3500 4992 presbyterum.
3531 4919 3792 4986 Quoniam

2211 5027 2339 5082 ergo
2365 5013 2414 5065 hi
2447 5028 2660 5083 quoque
2687 5014 3084 5083 appellabantur
3112 5015 3288 5084 regale
3316 5013 3669 5068 sacerdotium
3697 5055 3711 5074 .
3743 5023 3795 5066 ct

2217 5106 2440 5175 populus
2463 5105 2764 5175 peculiaris,
2788 5115 2928 5160 eteo
2948 5107 3162 5160 nomine
3186 5106 3284 5160 sibi
3305 5105 3459 5159 valde
3480 5105 3793 5174 placebant:

2213 5213 2280 5251 ex
2325 5213 2392 5251 eo
2431 5198 2546 5266 ipso
2589 5197 2824 5251 contexit
2871 5197 3152 5251 criminum
3206 5197 3641 5266 magnitudinem.
3697 5194 3798 5260 Qui

2213 5287 2446 5340 ordinant
2489 5295 2831 5341 testamentum
2873 5288 2981 5359 ejus
3033 5303 3183 5356 super
3220 5288 3488 5354 sacri/icio.
3535 5286 3796 5354 Quoniam

2215 5394 2335 5433 cum
2362 5377 2495 5430 mala
2526 5377 2931 5432 innumerabilia
2958 5378 3251 5440 auderent,
3283 5387 3337 5432 et
3367 5386 3443 5431 tot
3471 5378 3522 5432 in
3551 5392 3610 5432 se
3634 5376 3794 5429 vitio-

2215 5487 2331 5525 rum
2362 5485 2558 5541 genera
2585 5471 2951 5540 susciperent,
2991 5470 3291 5540 rapientes,
3325 5471 3377 5522 in
3404 5469 3542 5523 bona
3569 5468 3794 5523 aliorum

2218 5578 2311 5630 per
2353 5561 2625 5616 avaritiam
2667 5561 3018 5628 invadentes,
3065 5561 3384 5625 occidentes,
3414 5559 3792 5620 adultemnteS,

2215 5655 2526 5725 sanguinem
2553 5654 2809 5723 sanguine
2829 5655 3135 5718 miscentes.
3154 5653 3528 5708 existimabant
3542 5649 3794 5721 pmlare

2220 5762 2278 5802 se
2315 5761 2534 5818 gerere,
2578 5754 2628 5801 et
2678 5745 2844 5816 legem
2878 5760 2938 5799 ac
2978 5752 3346 5800 testamentum
3380 5741 3701 5812 adimplere,
3748 5747 3794 5800 si
