4086 6268
501 318 609 373 205

500 429 683 494 αὐτοῖς
713 432 984 500 ἐντεῦθεν,
1026 436 1120 489 καὶ
1158 433 1439 507 κωμῳδῶν
1490 433 1687 498 αὐτούς
1725 449 1894 505 φησι·
1936 430 2082 496 Τοὺς

500 511 950 584 διατιθεμένους
987 519 1103 586 τὴν
1140 517 1435 586 διαθήκην
1465 516 1651 570 αὐτοῦ
1685 516 1783 569 ἐπὶ
1812 515 2081 580 θυσίαις·

501 595 770 662 τουτέστι,
793 601 919 663 τοὺς
940 601 1265 670 νομίζοντας
1290 602 1474 664 αὐτοῖς
1497 601 1684 672 ἀρκεῖν
1705 601 1785 662 είς
1812 597 2084 669 σωτηρίαν

505 678 567 731 τὸ
599 680 894 735 καταθύειν
942 682 1153 751 ἀλόγων
1188 683 1438 754 σώματα.
1474 684 1585 737 Καὶ
1640 681 2086 752 ἀναηελοῦσιν

504 762 561 814 οἱ
586 763 830 830 οὐρανοὶ
856 763 975 833 τὴν
997 764 1397 835 δικαιοσύνην
1418 766 1624 821 αὑτοῦ.
1660 766 1829 820 Πάλιν
1852 763 2085 819 ἐνταῦθα

503 843 565 895 τὸ
592 843 896 915 διαλάμπον
922 847 1090 902 αὑτοῦ
1122 849 1222 921 τῆς
1250 849 1617 921 δικαιοσύνης,
1654 850 1713 902 τὸ
1747 848 1991 919 φαιδρὸν,
2024 845 2086 898 τὺ

506 927 696 997 σαφὲς,
728 928 795 981 '10
859 930 1272 1005 ἀναντίρρητον,
1330 934 1398 987 τὸ
1445 933 1867 1004 ὡμολογημένον
1917 931 2085 998 δεῖξαι

508 1009 853 1082 βουλόμενος.
888 1016 1098 1085 εἰσάγει
1133 1017 1203 1071 τὰ
1233 1017 1533 1088 ἀναίσθητα
1568 1020 1827 1089 στοιχεῖα,
1876 1018 2086 1088 ἀνακη-

509 1091 770 1161 ρύττοντα
792 1097 962 1169 αὐτὴν
991 1099 1131 1153 κατά
1148 1100 1210 1154 τὸ
1236 1100 1370 1153 αὐτὸ
1388 1100 1594 1173 σχῆμα,
1612 1102 1750 1171 ὅπερ
1780 1100 2086 1172 ἔμπροσθεν

505 1174 712 1244 ἔλεγεν·
749 1178 879 1233 Ὀτι
916 1184 950 1235 o'
988 1183 1131 1250 Θεὸς
1156 1183 1365 1252 κριτής
1393 1184 1543 1240 ἐστι.
1574 1184 1655 1238 Τά
1682 1186 1864 1240 δίκαια
1891 1185 2088 1255 ὁρίζων

507 1257 743 1340 ἑκάστῳ,
775 1261 959 1331 φησίν.
993 1265 1127 1319 Οὐδὲ
1155 1267 1264 1338 γὰρ
1290 1267 1476 1331 ἅπλῶς
1505 1267 1567 1320 τὸ
1608 1269 1812 1340 κρίνειν
1856 1267 2090 1321 ἐνταῦθα

506 1339 772 1409 τέθεικεν,
804 1344 919 1397 ἀλλ’
949 1347 1038 1400 ῖνα
1059 1348 1301 1422 δηλώσῃ,
1339 1351 1422 1403 ὅτι
1458 1352 1553 1405 καὶ
1592 1339 1799 1414 δίκαιός
1833 1353 1971 1416 ἐστι,
1996 1353 2090 1404 καὶ

507 1421 716 1505 ἑτέροις
745 1425 903 1480 τοῦτο
938 1430 1185 1500 παρέχει.
1232 1421 1357 1487 Ἐπὶ
1400 1435 1509 1505 γὰρ
1543 1434 1636 1487 τοῦ
1672 1434 1807 1488 Θεοῦ
1836 1435 1916 1496 τὸ,
1954 1438 2091 1502 Κρι-

507 1504 637 1571 the,
684 1507 804 1560 ἀντὶ
839 1509 966 1568 τοῦ.
996 1511 1234 1580 δίκαιος,
1270 1504 1551 1586 εἴληπται,
1585 1517 1728 1570 καθά
1755 1519 1848 1571 καὶ
1882 1516 2092 1580 Παῦλος

505 1588 640 1640 αὐτὸ
668 1590 881 1645 τέθεικε
914 1593 1110 1663 λέγων’
1162 1599 1323 1652 Ἐπεὶ
1358 1598 1486 1665 πῶς
1515 1600 1706 1667 κρινεῖ
1744 1604 1777 1655 ὀ
1808 1599 1954 1667 Θεὸς
1985 1600 2094 1653 τὸν

506 1672 773 1742 κόσμον;
809 1675 980 1730 Τοῦτο
1030 1678 1178 1751 [228]
1230 1686 1339 1752 γὰρ
1396 1682 1631 1751 μάλιστα
1675 1684 1890 1755 κρίσις,
1936 1682 2092 1737 τοῦτο

508 1755 746 1824 μάλιστα
784 1760 996 1831 κριτὴς,
1040 1763 1101 1814 ού
1147 1763 1208 1816 τὸ
1245 1764 1588 1835 ψηφίσασθαι
1623 1767 1832 1834 ἁπλῶς,
1860 1767 1996 1822 ἀλλά
2032 1767 2093 1819 τὸ

504 1840 727 1904 δικαίως
758 1842 1121 1912 ψηφίσασθαι.
1146 1847 1514 1919 Κριθήσονται
1540 1851 1597 1904 δὲ
1632 1852 1891 1917 Ἰουδαῖοι,
1926 1855 2019 1906 καὶ
2042 1853 2092 1905 οἱ

504 1923 652 1986 τότε,
699 1927 794 1977 καὶ
831 1928 879 1979 οἱ
930 1928 1069 1997 μετά
1102 1929 1276 1983 ταῦτα
1329 1936 1819 2005 παρανομήσαντες
1848 1938 1943 1990 ἐπὶ
1992 1934 2093 2005 τῆς

507 2007 714 2078 Καινῆς
736 2022 747 2035 ·
784 2011 980 2063 ἐκεῖνοι
1030 2011 1130 2080 μὲν
1161 2015 1262 2085 τὴν
1309 2014 1470 2085 φύσιν
1518 2019 1613 2070 καὶ
1643 2018 1735 2072 τὸν
1769 2020 1932 2090 νόμον
1962 2036 2092 2073 κατ-

506 2091 706 2174 ήγορον
724 2091 963 2162 ἔχοντες,
990 2091 1135 2150 οὗτοι
1152 2096 1210 2150 δὲ
1243 2099 1383 2169 μετά
1406 2099 1611 2154 τούτων
1629 2102 1720 2154 καὶ
1739 2102 1807 2156 τὰ
1827 2102 1976 2174 παρά
1997 2102 2090 2156 τοῦ

506 2173 742 2257 Χριστοῦ
776 2178 1116 2249 γεγενημένα
1158 2181 1238 2243 είς
1277 2183 1494 2246 αὐτούς.
1544 2185 1609 2237 Τί
1637 2183 1747 2257 γὰρ
1779 2188 1873 2239 καὶ
1909 2173 2093 2257 ἔχοιεν

506 2256 573 2308 ἂν
606 2257 803 2318 εἰπεῖν,
838 2257 872 2328 ἢ
917 2260 1075 2315 ποίαν
1116 2264 1485 2336 προϐαλέσθαι
1518 2256 1727 2330 αἰτίαν,
1761 2269 1830 2324 δι’
1877 2269 1944 2340 ἢν
1972 2256 2093 2323 οὐκ

505 2341 832 2424 ἐπίστευσαν
849 2350 881 2407 ;'
904 2344 1064 2399 ’Δλλά
1089 2349 1384 2418 προσέχετε
1415 2353 1527 2414 τοῖς
1556 2351 1890 2423 λεγομένοις,
1915 2370 2093 2424 παρα·

505 2423 676 2507 καλῶ,
710 2425 800 2478 ἵνα
825 2426 1062 2498 δύνησθε
1102 2431 1230 2495 τοὺς
1273 2433 1656 2501 ἀντιλέγοντας
1695 2437 2087 2507 ἐπιστομίζειν.

509 2504 724 2589 Βέλτιον
755 2507 865 2577 γὰρ
894 2510 1092 2574 αὐτοὺς
1122 2515 1253 2584 παρ’
1281 2516 1439 2585 ἡμῶν
1466 2517 1800 2589 ἡττηθέντας
1824 2504 1919 2573 νῦν
1948 2519 2093 2589 διορ-

507 2587 767 2660 θωθῆναι,
798 2590 831 2661 ἦ
867 2593 1187 2663 νομίζοντας
1229 2599 1386 2668 νικᾷν
1414 2587 1670 2653 ἀπελθεῖν
1710 2603 1845 2661 ἐκεῖ,
1868 2601 1962 2654 καὶ
1993 2587 2093 2654 κα-

507 2673 836 2744 τακριθῆναι
854 2677 1006 2748 παρὰ
1027 2678 1120 2732 τοῦ
1144 2683 1325 2735 κοινοῦ
1344 2682 1445 2753 τῆς
1463 2685 1792 2753 οἰκουμένης
1810 2686 2087 2740 δικαστοῦ.

506 2757 572 2809 Ίέ
620 2759 801 2811 τοίνυν
849 2759 915 2813 ἂν
954 2761 1129 2832 ἔχοιεν
1157 2766 1331 2819 εἰπεῖν
1390 2767 1653 2827 Ἰουδαῖοι.
1706 2769 1854 2833 τίνος
1905 2769 2092 2824 ἕνεκεν

508 2841 716 2895 ἀνεῖλον
740 2843 832 2896 τὸν
854 2841 1117 2915 Χριστόν;
1140 2848 1192 2899 τί
1217 2848 1414 2919 μικρὸν
1435 2850 1469 2921 ἢ
1500 2850 1644 2920 μέγα
1663 2851 1915 2920 ἐγκαλεῖν
1938 2852 2092 2923 ἔχον-

508 2940 635 3007 τεςγς
692 2924 813 3007 ’ρτι
866 2927 1038 2981 ἐποίει
1087 2930 1279 2982 ἐαυτὸν
1325 2930 1478 2995 Θεὸν,
1517 2932 1670 3003 φησί.
1724 2933 1835 2988 Καὶ
1871 2935 1978 3007 μὴν
2029 2936 2091 2988 οὐ

512 3006 687 3090 ταῦτα
716 3002 785 3079 ἦν
813 3008 882 3061 τὰ
910 3011 1134 3082 ῥήματα
1157 3013 1215 3066 ἐν
1242 3012 1320 3083 τῷ
1354 3014 1533 3086 καιρῷ
1564 3015 1660 3068 τοῦ
1690 3002 1946 3090 σταυροῦ,
1977 3018 2091 3073 ἀλλ’

507 3088 673 3159 ἕτερά
711 3107 852 3146 τινα.
888 3093 962 3145 Οὐ
1010 3092 1119 3165 γὰρ
1159 3094 1362 3163 ἔλεγον,
1400 3096 1460 3149 ’0
1490 3097 1660 3152 ποιῶν
1694 3088 1888 3154 ἑαυτὸν
1934 3101 2089 3167 Θεὸν,

508 3172 644 3234 ἀλλ’,
686 3173 739 3226 '0
772 3173 960 3229 ποιῶν
993 3176 1213 3231 ἑαυτὸν
1244 3178 1533 3245 βασιλέα,
1572 3183 1684 3236 οὐκ
1733 3184 1865 3237 ἐστι
1913 3185 2093 3254 φίλος

508 3254 616 3308 τοῦ
652 3256 975 3327 Καίσαρος.
1018 3258 1205 3314 Καίτοι
1248 3278 1311 3330 γε
1340 3263 1601 3329 πολλάκις
1634 3263 1905 3337 ἠθέλησαν
1932 3268 2092 3322 αὑτὸν

513 3337 739 3406 βασιλέα
769 3342 1165 3413 χειροτονῆσαι⁶,
1186 3345 1282 3397 καὶ
1309 3344 1532 3415 ἔφυγεν.
1567 3347 1725 3403 Ἀλλὰ
1747 3348 1853 3421 πρὸ
1878 3350 2090 3415 τούτου,

513 3423 700 3489 φησὶν,
743 3424 1052 3490 ἐνεκάλουν,
1103 3427 1186 3480 ὅτι
1236 3429 1409 3483 ἐποίει
1453 3432 1645 3485 ἑαυτὸν
1683 3432 1836 3487 Θεόν.
1884 3435 1995 3488 Καὶ
2040 3436 2094 3487 τί

511 3502 705 3570 τοῦτο;
736 3506 799 3559 El
832 3506 932 3575 μὲν
964 3508 1076 3578 γὰρ
1107 3508 1318 3578 ψευδῶς
1354 3512 1447 3566 καὶ
1479 3513 1701 3579 ἀδίκως,
1730 3516 1824 3570 καὶ
1863 3517 1964 3570 οὐκ
1996 3516 2092 3581 ῶν,

514 3585 674 3653 λόγον
703 3587 766 3639 10
795 3588 1046 3661 ἔγκλημα
1068 3589 1184 3662 εἶχε
1203 3609 1217 3623 ’
1253 3593 1378 3646 εἰδὲ
1404 3595 1645 3662 δικαίως,
1672 3600 2094 3670 προσκυνεῖσθαι

519 3670 697 3755 αὑτὸνΔ
717 3672 905 3741 ἐχρῆν,
945 3675 1007 3726 οὐ
1039 3676 1426 3747 σταυροῦσθαι.
1465 3680 1696 3751 Ἰδωμεν
1726 3683 1907 3736 τοίνυν
1940 3686 1987 3737 εί
2020 3685 2094 3755 μὴ

513 3753 645 3818 Θεὸς
670 3752 744 3806 ὢν
769 3755 939 3820 ὅντως
960 3770 1009 3821 ³,
1039 3758 1212 3812 ἐποίει
1235 3762 1425 3817 ἑαυτὸν
1456 3763 1610 3828 Θεὸν,
1639 3769 1937 3835 τουτέστιν,
1964 3752 2097 3824 ἐδείέ

513 3855 614 3890 κνυ
642 3839 736 3891 καὶ
763 3839 1049 3909 ἐπέφαινε.
1080 3842 1253 3897 Πόθεν
1277 3842 1369 3899 οὖν
1395 3846 1572 3916 βούλει
1602 3851 1830 3920 μαθεῖν;
1860 3854 1968 3907 ἀπὸ
1988 3854 2096 3907 τῶν

512 3920 668 4003 τότες
706 3922 814 3976 ἀπὸ
858 3923 967 3977 τῶν
1005 3925 1136 3991 νῦν;
1172 3927 1280 3981 ἀπὸ
1306 3928 1416 3983 τῶν
1447 3931 1598 4003 παρὰ
1640 3934 1732 3989 τὸν
1760 3937 1951 4002 τόκον;
2001 3938 2096 4002 Τίς

512 4000 608 4058 οὖν
636 4005 741 4058 ὑπὸ
774 4004 1045 4077 παρθένου
1083 4010 1215 4063 ποτὲ
1243 4013 1438 4084 ἐτέχθη
1461 4030 1474 4079 ;
1506 4000 1587 4079 ⁴τίς
1611 4016 1668 4069 δὲ
1694 4018 1899 4088 ἀστέρα
1927 4000 2095 4084 ἔδειξε

510 4088 785 4155 τοιοῦτον;
826 4091 912 4154 τίς
939 4092 997 4146 δὲ
1032 4095 1244 4163 μάγους
1274 4098 1544 4169 τοσαύτην
1585 4100 1704 4155 ὁδὸν
1736 4103 1966 4172 ἤγαγεν,
1996 4107 2097 4160 οὐκ

513 4175 727 4259 ἀνάγκη
770 4175 865 4228 καὶ
896 4177 1010 4247 βίᾳ,
1038 4178 1175 4232 ἀλλά
1205 4179 1386 4234 πειθοῖ
1407 4183 1503 4237 καὶ
1526 4184 1895 4256 ἀποκαλύψει;
1936 4188 2096 4259 Ὁρᾷς

513 4257 615 4327 τὴν
641 4259 819 4312 κτίσιν
841 4259 1060 4315 ἃπασαν
1084 4263 1414 4332 ὲπιγνοῦσαν
1436 4268 1528 4321 τὸν
1557 4270 1870 4341 Δεσπότην;
1912 4274 1973 4325 ’Π
1999 4257 2098 4339 φύ-

514 4355 600 4400 σις
630 4339 818 4412 πρώτη
855 4350 1197 4416 παραχωρεῖ,
1233 4351 1326 4402 καὶ
1368 4349 1468 4402 οὐκ
1502 4339 1801 4422 ἀντιλέγει,
1833 4355 1953 4408 οὐδὲ
2001 4357 2096 4410 ἀν-

513 4422 761 4508 θίσταται
785 4424 1040 4493 λέγουσα·
1071 4432 1145 4482 Οὐ
1175 4431 1287 4485 λύω
1306 4432 1406 4496 τὰς
1431 4434 1626 4499 ὠδῖνας
1647 4454 1659 4469 ·
1683 4438 1782 4490 οὐκ
1803 4437 2004 4508 ἔμαθον
2033 4441 2097 4493 ἐκ

517 4506 730 4575 μήτρας
758 4508 1094 4591 παρθενικῆς
1124 4514 1336 4568 παιδίον
1358 4518 1656 4590 προφέρειν
1674 4538 1688 4551 ·
1729 4506 1973 4575 οὐκ-οἶδα
2000 4525 2099 4591 γά-

517 4604 619 4658 μου
648 4590 815 4677 χωρὶς
835 4593 1060 4677 μητέρα
1094 4600 1272 4651 ποιεῖν
1293 4615 1307 4630 ο
1339 4598 1457 4652 ἀλλ’
1491 4601 1682 4676 ἐξέστη
1720 4605 1814 4658 καὶ
1844 4590 2094 4677 παρεχώ-

515 4685 651 4742 ρησε
669 4672 1013 4758 τῶν-οἰκείων
1026 4678 1169 4747 ὅρων
1186 4696 1198 4707 ·
1216 4681 1308 4735 τὸν
1338 4683 1446 4754 γὰρ
1471 4686 1641 4758 αὐτῆς
1664 4672 1880 4758 ἐπέγνω
1896 4672 2100 4744 Δεσπό-

512 4772 632 4840 την.
667 4755 960 4840 Τεχθέντος
1010 4761 1188 4828 πάλιν,
1234 4764 1456 4833 ἄγγελοι
1490 4755 1879 4840 παρεγένοντο,
1910 4775 2005 4828 τὸν
2039 4777 2098 4828 ἐν

512 4838 763 4928 ούρανοίς
814 4838 906 4928 ἐπὶ
933 4841 1047 4928 γῆςΔ
1078 4844 1397 4915 μηνύοντες,
1429 4854 1524 4904 καὶ
1561 4838 1790 4923 οὐρανὸς
1826 4857 2034 4925 ἐγίνετο
2061 4861 2094 4928 ἡ

512 4923 608 5013 τῆ,
633 4920 729 4975 ἆτε
749 4923 843 5013 τοῦ
869 4923 1127 5013 βασιλέως
1147 4929 1383 4985 ἐνταῦθα
1414 4933 1587 4999 ὄντος,
1612 4920 1707 4990 καὶ
1728 4920 1904 5007 Μάγοι
1928 4920 2088 5013 προσέ

513 5006 763 5092 εκύνουν,
792 5008 856 5092 ἐκ
904 5011 1160 5065 τοσούτου
1196 5013 1565 5087 διαστήματος
1611 5006 1933 5092 ἀφικόμενοι
1954 5006 2098 5080 ’.καὶ

512 5089 575 5181 τὸ
596 5090 1054 5181 μν-παιδίονλέπὶ
1079 5095 1285 5181 φάτνης
1313 5098 1490 5153 ἔκειτο
1507 5102 1565 5154 ἐν
1590 5089 1948 5181 Παλαιστίνῃ,
1970 5112 2019 5163 οί
2043 5111 2097 5165 δὲ

514 5174 624 5263 ἀπο
648 5177 750 5247 τῆς
782 5173 1059 5247 βαρϐάρου
1087 5179 1271 5252 χώρας
1298 5184 1563 5255 τοσαύτην
1592 5189 1757 5259 τιμὴν
1808 5173 2096 5263 καῖ’θερα-

516 5258 677 5343 πείαν
719 5262 1012 5332 προσῆγον,
1056 5265 1189 5336 ὅσην
1232 5268 1380 5331 εἰκὸς
1413 5269 1536 5341 Θεῷ
1572 5258 1892 5343 προσάγειν.
1942 5258 2098 5331 ’Δλλά

514 5342 687 5395 ταῦτα
723 5345 821 5413 μὲν
847 5346 974 5432 ίσως
1013 5349 1076 5432 ού
1117 5350 1533 5420 παραδέξονται,
1563 5342 1725 5428 ἕτερα
1747 5357 1804 5410 δὲ
1831 5360 2098 5432 ἐπιζητή-

519 5439 671 5509 σουσι
706 5431 927 5509 σημεῖα,
970 5431 1038 5484 τὰ
1081 5433 1223 5487 κατὰ
1258 5437 1356 5505 τὴν
1384 5437 1666 5508 παροῦσαν
1696 5444 1909 5509 γενεάν.
1957 5431 2097 5497 Ἀλλ’

517 5503 637 5558 οὐδὲ
674 5506 879 5563 τούτων
917 5503 1590 5586 ἀπορήσομενξΤοιούτον
1624 5503 1795 5596 γὰρὴ
1840 5527 2094 5598 ἀλήθεια·

591 5700 616 5728 ⁸
639 5712 809 5765 Morel.
832 5718 957 5766 male
982 5721 1148 5777 οὕτως.

1088 322 1091 327 ’
1174 323 1229 378 S.
1273 276 1559 379 JOANNIS
1595 315 2082 375 CHRYSOSTOMI
2125 316 2445 379 ARCHIEP.
2493 323 3042 382 (IONSTANTINOP.

3660 319 3765 379 206

2192 439 2534 509 περιρῥεῖται
2563 442 2673 504 τοῖς
2699 441 3055 509 δικαιιὶιμασι.
3094 435 3343 491 Μάλιστα
3377 435 3476 506 μὲν
3509 434 3617 507 γάρ
3640 433 3766 487 οὐδὲ

2184 524 2415 578 ἐνταῦθα
2447 526 2631 597 ἔχουσί
2660 545 2780 581 τινα
2815 526 3124 595 ἀντιλογίας
3157 525 3314 578 σκιὰν
3340 525 3536 578 είπεῖν.
3565 524 3627 576 Εἰ
3655 521 3767 593 γὰρ

2184 615 2275 667 καὶ
2314 614 2388 686 μὴ
2422 616 2624 687 παρῆς,
2659 619 2749 671 ὅτε
2787 619 2852 670 ὲκ
2896 616 3165 687 παρθένου
3207 614 3466 676 ἐτίκτετο,
3500 611 3579 685 τῷ
3627 628 3763 683 προ-

2375 705 2649 760 πιστεύειν
2675 706 2783 760 ἔδει
2820 706 2898 777 τῷ
2925 707 3167 774 λέγοντι’
3202 704 3347 759 Ἰδοὺ
3384 703 3423 772 ἠ
3467 701 3766 771 παρθένος

2183 792 2253 846 ἐν
2279 795 2489 862 γαστρὶ
2518 795 2665 858 ἕξει,
2691 795 2789 849 καὶ
2828 794 3055 860 τέξεται
3088 795 3252 847 υἱόν·
3288 791 3386 846 καὶ
3427 790 3764 845 καλέσουσι

2185 882 2249 934 τὸ
2294 882 2483 951 ὄνομα
2536 883 2724 937 αὐτοῦ
2762 881 3167 953 Ἐμμανουήλ,
3211 881 3274 934 Εἰ
3310 879 3385 951 μὴ
3424 877 3627 950 παρῆς,
3672 878 3764 931 ὅτε

2192 968 2373 1039 σάρκα
2405 968 2559 1042 1229]
2590 970 2975 1042 περικείμενος
3021 967 3339 1040 περιεπόλει
3385 965 3481 1037 τὴν
3511 966 3638 1036 γῆν,
3668 967 3765 1019 καὶ

2188 1057 2647 1130 συνανεστρέφετο
2684 1061 2797 1122 τοῖς
2828 1058 3035 1121 δούλοις
3072 1059 3101 1110 0
3134 1057 3431 1128 Δεσπότης,
3469 1055 3657 1125 ἔντυχε
3685 1053 3767 1124 τῷ

2198 1144 2462 1216 Ἱερεμίᾳ,
2491 1147 2742 1210 κάκεῖνός
2779 1164 2862 1199 σοι
2898 1145 3200 1209 διαλέξεται
3229 1143 3372 1198 οὕτω
3395 1144 3571 1212 λέγων
3591 1158 3604 1172 ·
3646 1136 3765 1197 Οὔ·-

2186 1250 2288 1299 τος
2315 1236 2349 1286 ό
2389 1235 2532 1300 Θεὸς
2563 1235 2760 1303 ἡμῶν·
2792 1237 2865 1289 οὐ
2908 1233 3338 1303 λογισθήσεται
3368 1231 3569 1301 ἕτερος
3614 1229 3767 1299 πρὸς

2189 1321 2395 1375 αὐτόν.
2443 1321 2683 1391 Ἐξεῦρε
2713 1320 2921 1376 πᾶσαν
2946 1321 3091 1375 ὀδόν
3111 1319 3471 1390 ἐπιστήμης,
3499 1319 3596 1373 καί
3623 1318 3770 1371 ἐδωο

2189 1429 2298 1465 κεν
2340 1412 2534 1479 αὐτὴν
2574 1412 2776 1467 Ἰακὼϐ
2800 1410 2881 1479 τῷ
2922 1412 3087 1467 παιδὶ
3122 1411 3327 1477 αὐτοῦ,
3374 1411 3474 1465 καὶ
3525 1410 3767 1478 Ἰσραὴλ

2190 1498 2269 1563 τῷ
2303 1501 2667 1569 ἠγαπημένῳ
2713 1502 2814 1555 ὑπ’
2843 1498 3049 1554 αὑτοῦ.
3079 1501 3239 1552 Μετὰ
3283 1497 3470 1552 ταῦτα
3509 1497 3608 1550 ἐπὶ
3653 1494 3767 1566 τῆς

2190 1585 2303 1657 γῆς
2333 1586 2524 1655 ὤφθη,
2552 1590 2652 1641 καὶ
2680 1588 2803 1653 τοῖς
2828 1587 3151 1657 ἀνθρώποις
3184 1583 3673 1654 συνανεστράφη.

2260 1727 2323 1781 δ’.
2353 1729 2461 1781 Καὶ
2478 1729 2571 1782 ἐπὶ
2596 1728 2705 1781 τῶν
2719 1727 2893 1782 ἄλλων
2918 1728 2975 1781 δὲ
3004 1727 3259 1781 ἁπάντων
3280 1726 3402 1797 ὄψει
3422 1728 3548 1792 τοὺς
3562 1726 3766 1799 προφή-

2192 1833 2313 1880 τας,
2348 1810 2422 1869 ὧν
2449 1815 2518 1870 τὰ
2558 1815 2736 1887 βιϐλία
2762 1818 2881 1887 είκῆ
2920 1816 3083 1888 μέχρι
3114 1818 3353 1889 σήμερον
3382 1816 3768 1887 περιστρέφεις

2192 1905 2286 1958 καὶ
2324 1902 2581 1974 ἐνοχλεῖς,
2612 1902 2818 1972 ταύτης
2860 1903 3048 1957 ἕνεκεν
3086 1906 3186 1975 τῆς
3225 1902 3534 1968 ὑποθέσεως
3580 1903 3769 1972 σαφῶς

2191 1992 2666 2063 ἀνακηρύττοντας
2695 1991 2929 2045 ἅπαντα.
2977 1990 3115 2044 Ἀλλ’
3155 1992 3204 2044 οί
3242 1990 3341 2062 μέν
3381 1989 3521 2062 πρὸς
3545 1989 3769 2054 τούτους

2190 2078 2402 2148 ἀγῶνες
2425 2079 2523 2133 καὶ
2559 2078 2807 2150 εἴρηνται
2838 2078 3098 2143 πολλάκις
3125 2079 3278 2149 ἡμῖν,
3297 2079 3393 2133 καὶ
3418 2079 3770 2150 ῥηθήσονται⁶

2189 2168 2327 2231 τέως
2362 2167 2421 2220 δὲ
2466 2168 2573 2221 τῶν
2611 2168 2990 2239 προκειμένων
3022 2166 3277 2238 ἐχώμεθα
3305 2166 3355 2222 ιι.
3387 2167 3499 2221 Καὶ
3527 2168 3772 2235 dra-rre-

2189 2257 2411 2310 λοῦσιν
2445 2260 2499 2309 οί
2529 2257 2772 2324 οὐρανοί
2801 2255 2916 2324 τὴν
2947 2254 3345 2324 δικαιοσύνην
3371 2255 3580 2318 αὑτοῦ,
3615 2253 3705 2307 ὅτι
3739 2256 3777 2307 d

2194 2347 2339 2411 Θεὸς
2374 2344 2579 2414 κριτής
2608 2347 2798 2399 ἐστιν.
2843 2344 3109 2400 Ἐνταῢθά
3154 2363 3243 2416 μοι
3296 2345 3394 2415 τὴν
3423 2342 3774 2412 δικαιοσύνην

2190 2433 2369 2503 λέγειν
2402 2433 2565 2497 δοκεῖ,
2596 2433 2694 2504 τὴν
2720 2432 2917 2504 πολλὴν
2964 2433 3129 2487 αὐτοῦ
3174 2432 3521 2505 κηδεμονίαν,
3550 2431 3651 2503 τὴν
3680 2449 3773 2502 φι-

2191 2521 2541 2594 λανθρωπίαν
2573 2522 2669 2593 τὴν
2696 2524 2774 2586 είς
2802 2522 2998 2587 αὐτοὺς
3029 2521 3289 2587 ἐκείνους,
3320 2522 3418 2592 τὴν
3456 2523 3536 2586 εἰς
3561 2521 3772 2584 πάντας

2190 2610 2513 2685 ἀνθρώπους
2531 2610 2783 2683 πολυειδῆ
2805 2628 2929 2665 τινα
2951 2611 3264 2682 οἰκονομίαν
3293 2612 3387 2665 καὶ
3409 2608 3772 2681 πολύτροπον,

2191 2699 2288 2770 τὴν
2319 2699 2410 2753 διά
2433 2700 2536 2771 τῆς
2561 2700 2815 2766 κτίσεως,
2843 2698 2943 2769 τὴν
2973 2698 3062 2753 διά
3089 2697 3183 2752 τοῦ
3218 2698 3404 2770 νόμου,
3436 2699 3539 2769 τὴν
3562 2698 3649 2752 διὰ
3671 2696 3774 2767 τῆς

2190 2789 2434 2859 χάριτος,
2465 2789 2565 2860 τὴν
2597 2789 2690 2844 διὰ
2719 2788 2831 2841 τῶν
2855 2782 3175 2860 ὁρωμένων,
3211 2788 3311 2858 τὴν
3339 2787 3428 2842 διά
3461 2786 3572 2841 τῶν
3605 2786 3776 2857 ἀοράο

2190 2893 2317 2940 των,
2349 2878 2449 2949 τὴν
2486 2877 2574 2931 διά
2611 2879 2724 2931 τῶν
2755 2875 3078 2946 προφητῶν,
3109 2876 3209 2946 τὴν
3236 2873 3323 2930 διὰ
3361 2875 3469 2928 τῶν
3501 2873 3771 2943 ἀγγέλων,

2189 2964 2287 3033 τὴν
2327 2964 2417 3017 διά
2444 2962 2556 3017 τῶν
2581 2964 2918 3026 ἀποστόλων,
2951 2962 3051 3034 τὴν
3079 2961 3168 3017 διὰ
3205 2963 3312 3015 τῶν
3345 2961 3641 3024 κολάσεων,
3674 2963 3775 3032 τὴν

2188 3053 2276 3107 διὰ
2307 3054 2415 3107 τῶν
2462 3053 2818 3125 εὐεργεσιῶν,
2852 3053 2951 3123 τὴν
2988 3052 3076 3106 διά
3107 3052 3216 3106 τῶν
3249 3051 3508 3116 ἀπειλῶν,
3540 3052 3638 3123 τὴν
3683 3054 3774 3106 διὰ

2188 3140 2298 3193 τῶν
2331 3138 2698 3208 ἐπαγγελιῶν,
2734 3141 2835 3211 τὴν
2882 3139 2973 3193 διὰ
3010 3140 3110 3210 τῆς
3137 3138 3342 3204 τάξεως
3377 3139 3478 3209 τῆς
3509 3139 3653 3193 κατά
3682 3140 3778 3192 τὶν

2194 3227 2402 3298 χρόνον.
2452 3226 2773 3289 Ἀκουσον,
2820 3227 2972 3292 λαός
3012 3244 3153 3296 μσυ,
3198 3226 3296 3280 καί
3340 3225 3596 3294 λαλήσω
3648 3244 3773 3287 σοι,

2205 3313 2466 3382 Ἰσραὴλ,
2523 3314 2621 3367 καὶ
2661 3312 3129 3384 διαμαρτύρομαι
3171 3327 3271 3368 σοι
3320 3324 3369 3364 ο.
3416 3312 3562 3385 Ὅρα
3608 3314 3776 3368 πάλιν

2192 3401 2491 3455 ἐπιείκειαν
2521 3402 2614 3455 καὶ
2636 3401 2919 3472 πραότητα
2939 3400 2999 3467 ἐξ
3029 3399 3195 3454 αὐτοῦ
3221 3398 3315 3454 τοῦ
3340 3402 3649 3472 προοιμίου.
3685 3403 3775 3466 Ὠς

2192 3490 2303 3562 γὰρ
2320 3491 2385 3543 ἂν
2416 3490 2465 3541 εἰ
2488 3489 2773 3561 ἄνθρωπος
2797 3488 2934 3560 πρὸς
2960 3488 3247 3559 ἄνθρωπον
3270 3489 3413 3542 είποι
3439 3488 3777 3559 θορυϐοῦντα

2194 3579 2289 3630 καὶ
2317 3576 2683 3648 ταράττοντα,
2721 3575 2848 3630 Ἐὰν
2879 3575 3105 3648 ἀκούῃς,
3135 3575 3313 3628 λαλῶ·
3349 3576 3445 3629 ἐάν
3476 3576 3771 3648 προσέχῃς.

2193 3665 2303 3735 ἐρῶ
2324 3683 2337 3696 ·
2371 3663 2513 3717 οὓτω
2554 3664 2646 3719 καὶ
2680 3663 2816 3734 πρὸς
2837 3664 2964 3728 τοὺς
3007 3662 3225 3725 δούλους
3253 3665 3283 3716 0
3311 3663 3610 3734 Δεσπότης,
3645 3665 3777 3718 Ἐὰν

2193 3752 2401 3825 ἀκούῃς
2435 3769 2560 3822 μου,
2599 3753 2786 3823 φησὶν,
2815 3750 2945 3823 ἐρῶ.
2980 3751 3091 3803 Καὶ
3112 3751 3224 3823 γὰρ
3254 3746 3394 3821 ἦσαν
3419 3750 3653 3821 ῥᾴθυμοι
3682 3756 3777 3804 καὶ

2194 3838 2678 3902 ἀναπεπτωκότες,
2728 3839 2819 3892 καὶ
2849 3837 2971 3893 οὐδὲ
3017 3838 3110 3891 ἐπὶ
3145 3837 3341 3908 μικρὸν
3377 3838 3515 3908 μετά
3543 3839 3774 3909 ἡσυχίας

2197 3926 2458 3996 παρεῖχον
2484 3928 2550 3997 τῇ
2571 3925 2680 3977 τῶν
2702 3925 2882 3995 νόμων
2905 3925 3210 3993 ἀναγνώσει
3234 3925 3332 3996 τὴν
3350 3926 3634 3995 ἀκρόασιν.
3666 3926 3778 3978 Καὶ

2195 4010 2353 4067 τοῦτο
2375 4012 2550 4083 δηλῶν
2574 4030 2657 4075 τις
2677 4013 2963 4083 προφήτης
2986 4012 3171 4079 ἔλεγεν
3193 4014 3222 4065 0
3243 4014 3300 4066 ὲν
3324 4013 3546 4084 Περσίδι
3573 4012 3775 4084 διατρί-

2198 4102 2339 4155 6ων’
2373 4105 2629 4171 Ἔσομαι
2671 4100 2878 4167 αὐτοῖς
2920 4101 3002 4166 ὡς
3035 4100 3206 4169 φωνὴ
3248 4101 3586 4170 ψαλτηρίου
3625 4101 3775 4168 ἠδυ-

2197 4190 2399 4259 φώνου
2417 4207 2430 4219 ·
2461 4189 2556 4242 καὶ
2590 4187 2827 4258 συνεχῶς
2853 4187 3037 4257 ἔλεγον
3060 4192 3174 4252 τοῖς
3205 4192 3513 4258 προφήταις
3543 4187 3621 4260 μὴ
3642 4205 3778 4259 προ-

2198 4277 2474 4348 φητεύειν,
2511 4275 2710 4346 μᾶλλον
2754 4275 2810 4328 δὲ
2846 4276 2941 4329 καὶ
2973 4276 3318 4347 διεκρούοντο
3346 4276 3373 4315 ἀ
3406 4278 3626 4342 αὐτοὺς,
3680 4276 3777 4329 καὶ

2196 4364 2532 4436 ἐνοχλεῖσθαι
2568 4363 2807 4419 ἐδόκουν.
2857 4365 2967 4418 Καὶ
3017 4363 3266 4433 βασιλεὺς
3305 4363 3465 4418 τοῦτο
3521 4364 3778 4434 φαίνεται

2196 4453 2437 4508 ἀπειλῶν
2486 4452 2742 4524 προφήτῃ
2792 4453 2900 4505 τινὶ
2945 4452 3039 4506 καὶ
3087 4452 3468 4523 προστάσσων,
3506 4452 3646 4505 ὥστε
3699 4452 3776 4522 μὴ

2196 4541 2551 4612 όχλαγωγεῖν.
2602 4540 2654 4591 Ὁ
2700 4540 2845 4605 Θεὸς
2889 4543 2922 4594 ό
2968 4540 3113 4607 Θεός
3154 4556 3272 4595 σου
3324 4540 3443 4611 εἰμί
3480 4541 3612 4610 ἐγώ.
3662 4542 3777 4610 υύχ

2199 4629 2387 4693 ἁπλῶς
2401 4631 2430 4681 0
2452 4627 2848 4697 διπλασιασμὸς
2865 4631 3062 4693 κεῖται,
3080 4628 3215 4683 ἀλλά
3231 4631 3353 4682 ἐπεὶ
3371 4629 3505 4701 πρὸς
3520 4627 3779 4697 ἀναισθή-

2196 4737 2323 4783 τους
2354 4716 2556 4775 ἐλάλει.
2585 4716 2678 4770 καί
2696 4710 3167 4788 ἴτεπωρωμένους,
3194 4718 3289 4772 καὶ
3316 4716 3774 4787 κεκωφωμένους,

2196 4808 2288 4862 τὸν
2323 4806 2454 4878 περὶ
2491 4805 2591 4877 τῆς
2631 4805 2952 4866 δεσποτείας
2978 4803 3145 4857 αὐτοῦ
3190 4807 3336 4858 κινεῖ
3373 4804 3554 4870 λόγον,
3601 4803 3779 4874 ἀρχὴν

2195 4895 2428 4966 ἀρίστην
2457 4897 2525 4966 τῇ
2559 4894 2697 4965 μετά
2725 4892 2897 4947 ταῦτα
2918 4892 3167 4963 διηγήσει
3193 4891 3370 4955 διδοὺς
3394 4890 3666 4954 ἐντεῦθεν,
3682 4890 3779 4944 καὶ

2196 4984 2412 5046 δεικνὺς
2431 4983 2513 5036 ὅτι
2530 4981 2839 5052 ὀφείλουσιν
2868 4978 3017 5050 αὐτῷ
3031 4981 3130 5049 τὴν
3154 4977 3488 5049 ἐλευθερίαν,
3509 4978 3604 5032 καὶ
3618 4979 3780 5049 χρέος

2198 5072 2267 5125 ἂν
2301 5066 2411 5125 εἷεν
2442 5070 2641 5124 δίκαιοι
2692 5068 3006 5122 καταθεῖναι
3056 5068 3132 5129 ὡς
3181 5067 3429 5138 Δεσπότῃ
3467 5066 3666 5131 δοῦλοι,
3704 5067 3779 5131 ὡς

2196 5160 2529 5232 Δημιουργῷ
2553 5160 2712 5229 ἔργα,
2732 5159 2808 5223 ώς
2831 5157 2901 5211 τά
2929 5158 3162 5228 μέγιστα
3190 5156 3661 5228 εὐεργετηθέντες,
3690 5157 3781 5211 καὶ

2198 5250 2464 5319 τοσαύτην
2506 5248 2827 5319 τιμηθέντες
2867 5247 3057 5318 τιμήν.
3088 5248 3207 5300 οὐκ
3243 5245 3343 5300 ἐπὶ
3375 5244 3503 5312 ταῖς
3537 5246 3781 5311 θυσίαις

2260 5433 2398 5497 bAlji
2419 5434 2513 5497 τῶν
2537 5433 2773 5497 ἐχομένων
2795 5433 3107 5497 ἀψώμεθα,ει
3132 5434 3204 5483 sic
3228 5432 3397 5484 lore].
3420 5432 3609 5484 habuit.
3625 5434 3778 5485 Savil.

2200 5502 2250 5545 et
2274 5494 2522 5556 reliqui!!!
2544 5494 2594 5541 in
2622 5494 2780 5543 textu.

2265 5560 2287 5588 ο
2314 5554 2451 5606 Huic.
2485 5554 2700 5620 Ἰσραὴλ,
2720 5557 2803 5620 καί
2825 5556 3200 5620 διαμαρτύρομαὶ
3222 5574 3320 5619 σοι,
3346 5559 3556 5609 deerant
3574 5558 3627 5607 tu
3653 5557 3777 5608 edit.

2201 5592 2459 5667 ιιοτὲῒέὶ
2492 5592 3250 5669 ἑὶῗῖίῖ’ἐεῖὶ”ῑιξί›“εῗῗὶιὶ’ἷιῖ“ιὲἑεῖ

2262 5678 2288 5719 d
2324 5679 2406 5745 Si_c
2446 5691 2563 5728 mss.
2606 5683 2652 5728 el
2702 5678 2885 5740 Savil.;
2912 5679 3087 5731 Morel.
3132 5692 3247 5731 vero
3287 5677 3616 5745 προφητεύειν,
3653 5677 3780 5729 ἀλλά

2203 5741 2501 5805 διεκρούοντο
