4114 6278
367 364 475 420 9.ιό

370 493 504 534 oves
539 487 594 531 et
631 473 825 530 vitulos
863 473 1220 527 sacriﬁcarent
1254 489 1266 524 :
1295 470 1411 524 ideo
1452 472 1641 538 probra
1671 471 1773 530 illis
1805 471 1954 539 iugc-

373 584 521 633 rcns,
545 582 740 637 eosque
768 564 995 618 irridens
1023 563 1172 628 dicit,
1218 562 1316 628 Qui
1342 563 1576 615 ordinant
1601 571 1945 616 testamentum

374 679 489 734 qus
513 676 662 732 super
687 658 938 725 sacriﬁcia
958 673 977 710 :
1003 656 1105 711 hoc
1133 663 1235 721 est,
1264 655 1351 724 qui
1374 655 1438 706 ad
1459 655 1680 708 salutem
1708 654 1956 709 sufﬁcere

376 753 713 813 existimant,
759 749 803 804 si
845 762 1068 816 corpora
1109 746 1380 800 brutorum
1417 744 1733 798 sacriﬁcent.
1783 746 1836 798 6.
1883 743 1947 798 Et

378 840 745 894 annuntiabunt
782 840 894 895 cteli
926 839 1180 908 justitiam
1223 839 1351 907 ejus.
1399 835 1597 889 Volens
1641 837 1726 891 hic
1767 853 1954 892 rursus

375 931 656 986 ostendere
683 931 797 999 ejus
823 929 1078 997 justitiam
1111 942 1230 981 esse
1257 927 1478 992 claram,
1509 925 1765 991 nitidam,
1795 942 1952 996 aper-

375 1031 505 1085 tam,
536 1021 623 1075 cui
647 1019 939 1075 contradici
971 1034 1076 1072 non
1106 1017 1310 1087 possit,
1359 1027 1416 1072 et
1455 1032 1576 1086 quae
1615 1017 1667 1071 in
1708 1017 1956 1071 confesso

371 1112 460 1174 sit,
492 1110 778 1165 introducit
805 1110 1068 1163 elementa
1095 1106 1418 1162 insensibilia
1443 1121 1560 1160 eam
1592 1106 1952 1175 praedicanda,

371 1204 582 1266 eadem,
604 1217 762 1272 quam
789 1201 934 1270 prius
956 1200 1106 1260 dixit,
1138 1198 1325 1268 ﬁgura.
1359 1196 1612 1262 Quoniam
1643 1196 1774 1250 Deus
1793 1198 1957 1268 judea:

371 1307 460 1350 est.
493 1297 610 1363 lus,
651 1297 840 1365 inquit,
873 1295 1157 1363 unicuique
1179 1292 1456 1348 deﬁniens.
1485 1292 1670 1362 Neque
1694 1294 1836 1347 enim
1869 1292 1954 1347 hic

371 1396 576 1439 temere
604 1387 800 1454 posuit,
834 1384 979 1443 illud,
1002 1384 1263 1452 judicare,
1294 1382 1388 1436 sed
1413 1391 1470 1436 ut
1495 1383 1800 1437 ostenderet
1825 1398 1947 1436 eum

369 1478 530 1527 etiam
561 1490 681 1528 esse
702 1474 902 1542 justum
920 1513 936 1539 ,
964 1482 1018 1526 et
1045 1473 1161 1526 aliis
1199 1471 1423 1526 reddere
1446 1471 1586 1540 quod
1621 1471 1821 1541 justum
1847 1479 1949 1525 est.

374 1565 429 1619 ln
461 1567 571 1619 Deo
601 1565 742 1618 enim
784 1564 909 1617 illud
935 1604 950 1626 ,
979 1563 1151 1616 Judea:
1175 1603 1189 1626 ,
1232 1577 1329 1630 pro
1368 1561 1512 1630 justo
1538 1572 1805 1629 sumptum
1847 1570 1948 1626 est,

369 1656 816 1724 quemadmodum
842 1654 1031 1708 Paulus
1056 1653 1108 1707 id
1137 1669 1346 1723 quoque
1374 1653 1548 1723 posuit
1567 1654 1752 1708 dicens
1776 1670 1789 1706 :
1813 1651 1951 1706 Nam

371 1749 623 1817 quomodo
654 1747 902 1813 iudicabit
940 1745 1078 1799 Deus
1119 1744 1366 1797 mundum
1412 1742 1586 1814 (Rom.
1614 1744 1669 1797 5.
1699 1743 1798 1815 6)?
1841 1743 1950 1798 Hoc

371 1849 458 1894 est
486 1839 627 1893 enim
655 1838 881 1891 maxime
907 1836 1160 1906 judicium
1180 1875 1196 1900 ,
1230 1836 1330 1888 hoc
1353 1843 1435 1889 est
1459 1836 1690 1889 maxime
1717 1849 1837 1889 esse
1858 1835 1949 1901 ju-

370 1930 545 1984 dicem
569 1971 586 1995 ,
630 1944 734 1982 non
775 1928 948 1981 solum
980 1926 1121 1981 ferre
1147 1927 1462 1980 sententiam
1488 1967 1504 1993 ,
1549 1925 1642 1980 sed
1669 1941 1784 1979 eam
1811 1925 1951 1994 juste

369 2021 531 2076 ferre.
582 2020 965 2076 iudicabuntur
989 2029 1162 2072 autem
1189 2016 1358 2072 Judzei
1383 2057 1398 2084 ,
1425 2026 1478 2070 et
1503 2016 1592 2086 qtti
1621 2027 1747 2070 tunc
1775 2027 1946 2084 erant,

367 2126 422 2168 et
446 2113 534 2182 qui
570 2119 752 2182 postea
792 2111 846 2164 in
875 2109 1023 2163 Novo
1049 2109 1394 2163 Testamento
1419 2108 1436 2136 ‘
1469 2121 1527 2161 se
1567 2107 1746 2177 inique
1770 2121 1949 2176 gesse-

371 2214 539 2259 runt:
584 2205 659 2258 illi
703 2211 757 2258 et
799 2213 1040 2256 naturam
1077 2208 1132 2254 et
1159 2200 1330 2268 legem
1361 2198 1616 2252 habentes
1657 2198 1949 2252 accusatri-

366 2314 522 2361 cem;
573 2296 631 2350 hi
675 2305 855 2350 autem
894 2301 1088 2363 prazter
1136 2291 1224 2345 illa
1249 2332 1265 2358 ,
1309 2290 1468 2344 etiam
1499 2303 1562 2344 ea
1591 2305 1710 2358 qua:
1736 2289 1948 2343 illorum

367 2392 536 2461 gratia
573 2387 818 2442 Christus
855 2385 993 2441 fecit.
1036 2382 1170 2450 Quid
1195 2382 1338 2437 enim
1366 2390 1613 2452 poterunt
1637 2381 1834 2444 dicere,
1863 2380 1948 2434 vel

366 2498 525 2552 quam
554 2494 766 2536 causam
794 2477 1004 2540 alferre,
1027 2489 1190 2546 quare
1217 2488 1320 2527 non
1345 2471 1706 2528 crediderint?
1734 2470 1839 2526 Sed
1861 2485 1946 2536 ea,

364 2589 568 2644 (ιυωεο,
599 2588 718 2644 quae
745 2573 992 2628 dicuntur
1010 2568 1266 2624 attendite
1286 2609 1300 2632 ,
1329 2577 1388 2621 ut
1417 2567 1629 2636 possitis
1648 2580 1743 2620 ora
1763 2581 1946 2620 eorum

365 2666 456 2736 qui
477 2663 846 2719 contradicunt
873 2661 1170 2715 obstruere.
1197 2658 1372 2714 Satius
1397 2665 1478 2711 est
1503 2655 1645 2710 enim
1677 2669 1770 2709 eos
1793 2670 1823 2708 a
1852 2669 1949 2709 no-

369 2758 450 2812 bis
479 2759 645 2811 victos
675 2770 816 2809 nunc
859 2751 1090 2820 corrigi,
1139 2764 1296 2820 quam
1343 2763 1402 2801 se
1445 2747 1658 2800 vincere
1705 2753 1948 2814 putantes

371 2849 498 2902 illuc
547 2847 690 2902 abire
731 2855 786 2898 et
824 2842 1166 2898 condemnari
1197 2855 1226 2892 a
1263 2836 1531 2892 communi
1576 2834 1760 2890 Judice
1802 2833 1949 2889 orbis

373 2949 551 2992 tet-rte.
581 2936 713 3004 Quid
736 2949 865 3005 ergo
906 2941 1154 3004 poterunt
1179 2920 1356 2984 dicere
1381 2927 1569 2990 Judaei,
1601 2925 1947 2997 quamobrem

372 3029 639 3085 Christum
690 3024 1090 3082 interfecerint?
1136 3022 1402 3091 quodnam
1450 3035 1668 3090 parvum
1712 3017 1794 3071 vel
1827 3029 1944 3070 ma-

367 3137 533 3192 guum
578 3120 776 3174 crimen
805 3119 854 3173 ei
902 3124 1125 3186 possunt
1163 3112 1433 3182 objieere?
1485 3109 1634 3178 Quod
1679 3123 1737 3163 se
1781 3108 1946 3162 Deum

366 3211 596 3268 faciebat
627 3209 801 3280 (Joan.
830 3207 916 3262 10.
946 3206 1037 3276 '55)
1059 3247 1072 3270 ,
1104 3205 1289 3273 inquit.
1323 3200 1483 3272 Atqui
1515 3215 1619 3254 non
1653 3206 1806 3253 erant
1833 3196 1948 3251 haec

347 3291 528 3360 'verba
557 3319 662 3373 quo
687 3313 928 3370 tempore
956 3297 1241 3353 crucilixus
1278 3303 1393 3357 est,
1425 3291 1519 3348 sed
1545 3289 1788 3362 quaedam
1817 3287 1941 3342 alia.

365 3400 483 3455 Non
509 3399 650 3452 enim
675 3395 924 3450 dicebant
957 3411 967 3443 :
996 3391 1098 3460 Qui
1140 3389 1262 3443 facit
1302 3388 1533 3456 seipsum
1581 3384 1784 3446 Deum,
1830 3381 1944 3446 sed,

369 3491 470 3556 Qui
499 3489 617 3561 facit
639 3488 856 3554 seipsum
881 3498 1064 3553 regem,
1093 3496 1192 3533 non
1237 3487 1310 3532 est
1357 3476 1546 3529 amicus
1571 3473 1787 3528 Ctesaris
1835 3471 1946 3540 (Id.

371 3581 456 3635 l9.
492 3578 604 3650 12).
650 3575 809 3646 Atqui
838 3575 1114 3627 voluerant
1154 3584 1275 3624 eutn
1314 3581 1456 3636 saepe
1504 3579 1684 3635 regem
1727 3562 1944 3632 eligere,

365 3682 422 3727 et
449 3670 668 3740 aufugit.
699 3666 804 3723 Sed
832 3675 985 3719 antea
1013 3706 1027 3728 ,
1058 3662 1248 3730 inquit,
1279 3660 1328 3713 ei
1353 3657 1562 3712 crimini
1590 3655 1786 3710 dabant
1807 3653 1949 3723 quod

365 3779 425 3818 se
455 3763 623 3817 Deum
652 3759 882 3815 fecisset.
927 3754 1063 3820 Quid
1097 3753 1198 3806 hoc
1221 3751 1284 3804 ad
1317 3747 1471 3803 rem?
1493 3747 1546 3801 Si
1575 3746 1715 3799 enim
1737 3743 1870 3798 falso
1895 3752 1949 3797 et

366 3856 562 3925 injuria
586 3894 602 3916 ,
630 3862 682 3906 et
712 3866 832 3905 cum
861 3865 986 3904 vere
1017 3862 1120 3900 non
1146 3853 1321 3908 esset,
1351 3842 1490 3910 juste
1517 3840 1613 3892 fuit
1639 3838 1838 3892 crimen
1868 3837 1946 3890 in-

366 3952 673 4000 tentatum':
709 3942 753 3995 si
785 3949 960 3994 autem
999 3937 1141 4006 juste
1166 3976 1180 4000 ,
1230 3948 1352 3988 eum
1379 3931 1662 3994 adorasse,
1694 3943 1800 3980 non
1826 3943 1948 3981 eru-

363 4035 598 4090 eiﬁxisse
623 4033 873 4102 oportuit.
919 4029 1206 4082 Videamus
1235 4037 1360 4092 ergo
1383 4017 1658 4087 numquid,
1687 4033 1808 4072 cum
1841 4032 1948 4072 non

364 4137 509 4181 esset
547 4139 675 4179 vere
721 4124 894 4187 Deus,
945 4121 1110 4174 Deum
1151 4117 1382 4186 seipsum
1434 4113 1666 4176 faceret,
1716 4110 1818 4164 hoc
1843 4120 1944 4176 est,

361 4220 672 4275 ostenderet
699 4227 752 4272 et
780 4217 1190 4270 demonstraret.
1247 4209 1522 4263 Undenam
1563 4220 1691 4276 ergo
1732 4207 1811 4259 vis
1844 4205 1946 4259 hoe

361 4308 726 4382 Cognoscere?
747 4306 813 4360 ab
843 4307 906 4360 iis
929 4321 1047 4375 qua:
1068 4312 1191 4356 ttmc
1221 4301 1353 4354 facta
1376 4308 1517 4362 sunt,
1552 4313 1616 4350 an
1643 4296 1710 4350 ab
1739 4295 1803 4350 iis
1829 4311 1947 4364 qua:

365 4417 509 4457 nunc
533 4399 706 4454 ﬁunt?
734 4398 800 4452 ab
826 4397 891 4451 iis
916 4411 1034 4466 quae
1056 4395 1105 4448 in
1137 4402 1287 4460 partu
1315 4391 1448 4444 facta
1471 4397 1592 4442 sunt
1613 4388 1636 4439 ?
1660 4387 1790 4454 Quis
1821 4402 1942 4438 um-

363 4509 524 4565 quam
544 4501 787 4547 natusest
802 4505 868 4544 ex
884 4486 1124 4556 virgine?
1145 4485 1262 4554 quis
1275 4483 1430 4536 talem
1452 4479 1656 4534 stellam
1680 4477 1947 4531 ostendit?

363 4586 486 4656 quis
532 4593 708 4638 autem
767 4594 950 4648 magos
984 4586 1128 4629 tanto
1177 4574 1327 4628 duxit
1372 4571 1599 4636 itinere,
1649 4585 1752 4621 non
1779 4569 1828 4620 vi
1856 4576 1946 4620 aut

365 4675 707 4738 necessitate,
731 4670 822 4727 sed
845 4669 1094 4728 suasione
1119 4681 1180 4719 ac
1207 4663 1528 4718 revelatione
1551 4659 1827 4730 (Muttine.
1856 4662 1945 4727 1)?

364 4768 528 4824 Vides
552 4768 850 4820 universam
869 4769 1168 4816 creaturam
1195 4756 1479 4810 Dominum
1501 4752 1946 4820 cognoscentem?

363 4860 543 4914 Prima
573 4856 712 4910 cedit
737 4865 943 4917 natura,
969 4865 1066 4904 nec
1091 4855 1266 4918 potest
1293 4859 1606 4913 repugnare,
1629 4857 1727 4895 nec
1743 4850 1946 4895 eontra-

359 4951 544 5004 dicere
564 4991 579 5014 ,
610 4949 793 5002 dicens
823 4963 836 4999 :
870 4945 1084 4999 Partum
1117 4956 1224 4995 non
1251 4936 1475 5006 expedio
1508 4952 1520 4987 :
1548 4951 1652 4988 tton
1692 4934 1848 4988 didici
1879 4951 1943 4987 ex

364 5051 522 5094 utero
571 5038 788 5108 virginis
838 5033 1092 5088 infantem
1142 5031 1192 5083 in
1242 5029 1414 5082 lucem
1464 5024 1806 5094 producere:
1839 5041 1943 5077 non

362 5131 489 5186 novi
519 5139 740 5183 matrem
765 5126 938 5180 facere
968 5125 1166 5192 absque
1191 5119 1470 5188 conjugio;
1500 5117 1592 5170 sed
1620 5116 1729 5169 suis
1756 5131 1944 5170 exces-

361 5226 436 5280 sit
464 5221 719 5276 limitibus
749 5238 762 5273 :
792 5217 1070 5272 Dominutn
1102 5215 1241 5269 enim
1271 5227 1425 5266 suum
1451 5201 1793 5278 cognoverat.
1827 5207 1943 5262 .lam

359 5323 544 5370 autem
587 5323 712 5365 nato
751 5309 922 5378 angeli
969 5305 1285 5369 adfuerunt,
1319 5318 1439 5355 eum
1471 5302 1560 5370 qui
1590 5309 1671 5353 est
1698 5299 1748 5352 in
1776 5299 1942 5363 caelis,

362 5421 486 5461 esse
510 5406 560 5457 in
593 5413 731 5456 terra
757 5400 1113 5471 signiﬁcantes
1157 5394 1306 5468 (Luc.
1337 5393 1391 5446 2.
1424 5392 1477 5447 9.
1503 5390 1661 5462 seqq.)
1700 5409 1712 5444 :
1751 5400 1806 5445 et
1842 5405 1944 5444 cae-

364 5498 476 5550 lum
506 5504 644 5548 terra
672 5491 807 5546 facta
828 5499 929 5554 est,
945 5495 1129 5556 utpote
1150 5501 1270 5540 cum
1293 5499 1388 5538 rex
1414 5481 1499 5536 hic
1518 5491 1660 5537 esset
1691 5499 1703 5533 :
1732 5491 1786 5535 et
1807 5481 1943 5550 magi

361 5590 685 5651 adorarunt,
732 5585 821 5654 qui
863 5598 928 5637 ex
977 5589 1083 5635 tam
1125 5579 1343 5634 remotis
1386 5576 1518 5632 locis
1560 5581 1817 5630 venerant
1849 5589 1863 5626 :
1893 5581 1948 5628 et

444 5727 459 5756 ι
492 5714 642 5782 mag,
681 5711 732 5763 in
767 5711 1244 5782 novohz'estamento
1279 5711 1392 5774 (ἐπὶ
1416 5717 1498 5770 τῆς
1520 5712 1745 5775 Καινῆς),
1782 5714 1958 5762 deerat

373 5789 430 5836 tn
457 5770 638 5834 lioreli
659 5789 673 5826 :
697 5774 784 5822 sed
809 5775 858 5821 iu
880 5771 988 5822 aliis
1020 5771 1217 5834 legitur.

1466 356 1826 412 EXPOSITIO
1865 356 1929 410 ΙΝ

2053 356 2289 411 ALMUM
2331 355 2515 410 XLIX.
3534 361 3637 414 ⁸2ιῆ

2068 470 2240 525 infans
2284 469 2498 539 quidem
2529 473 2578 524 iu
2612 471 2888 523 Palaestina
2926 472 3132 538 jaccbat
3180 474 3230 525 in
3261 476 3516 544 [mest-pi,
3565 478 3639 530 illi

2066 576 2192 614 vero
2222 576 2286 615 cx
2314 561 2534 616 barbara
2567 561 2780 629 regione
2807 571 3008 614 tantunt
3041 563 3295 615 honorem
3326 573 3633 632 tantumque

2062 657 2264 709 cultum
2285 653 2612 718 offerebant,
2660 665 2913 722 quantum
2941 670 3148 724 a-quum
3185 665 3298 708 erat
3326 656 3434 710 Deo
3461 657 3640 712 otl'erri

2064 747 2272 814 (Matth.
2302 745 2357 799 2.
2393 747 2505 815 ll).
2557 748 2624 800 At
2673 745 2786 800 htec
2812 747 3022 816 quidem
3051 746 3276 802 fortasse
3315 763 3418 803 non
3444 749 3638 804 admit-

2064 847 2202 900 teut,
2236 837 2328 891 sed
2358 837 2458 891 alia
2479 838 2628 905 signa
2652 848 2889 906 quaerent
2916 838 2966 890 in
3005 839 3252 906 praesenti
3277 842 3637 908 generatione.

2059 929 2162 983 Sed
2195 944 2260 982 ne
2289 928 2403 982 lucc
2442 929 2652 997 quidem
2690 928 2843 982 nobis
2886 927 3159 983 deﬁcient.
3207 929 3350 984 Talis
3378 931 3519 985 enim
3550 947 3638 986 res

2061 1033 2141 1074 est
2179 1021 2374 1074 veritas
2409 1038 2421 1072 :
2452 1019 2684 1073 abundat
2715 1019 2873 1091 justis
2918 1021 3210 1075 rationibus
3255 1022 3444 1091 quibus
3489 1037 3638 1078 suam

2058 1127 2271 1166 causam
2321 1120 2547 1165 tueatur.
2577 1110 2708 1164 Nam
2756 1110 2840 1165 hic
2883 1113 3115 1166 maxime
3139 1127 3207 1167 ne
3236 1113 3395 1166 ullam
3424 1115 3638 1184 quidem

2058 1211 2280 1272 possunt
2321 1201 2564 1255 umbram
2608 1199 2798 1256 afferre
2841 1202 3294 1256 contradictionis.
3342 1203 3452 1258 Etsi
3495 1206 3636 1258 enim

2057 1309 2161 1346 non
2193 1293 2402 1356 aderas,
2432 1291 2641 1360 quando
2672 1291 2986 1346 nascebatur
3006 1309 3069 1346 ex
3098 1291 3332 1363 Virgine,
3357 1297 3640 1363 Oportebat

2056 1391 2235 1437 tamen
2264 1382 2483 1436 credere
2508 1380 2782 1450 prophettc
2807 1381 2998 1435 dicenti
3029 1399 3042 1435 :
3073 1380 3207 1434 Ecce
3239 1383 3378 1454 virgo
3411 1384 3464 1436 in
3493 1393 3635 1436 utero

2055 1475 2340 1544 concipiet,
2387 1482 2434 1526 et
2472 1475 2633 1543 pariet
2676 1473 2882 1540 ﬁlium:
2915 1482 2961 1526 et
3008 1473 3254 1528 vocabunt
3299 1492 3478 1528 nomen
3524 1477 3634 1546 ejus

2056 1564 2354 1618 Emmanuel
2376 1562 2525 1632 (Isai.
2557 1565 2608 1617 7.
2639 1564 2749 1633 l4).
2779 1563 2834 1617 Si
2864 1579 2967 1618 non
2994 1565 3202 1631 aderas,
3236 1566 3446 1634 quando
3474 1581 3637 1620 carne

2056 1663 2227 1709 tectus
2262 1663 2460 1710 terram
2492 1653 2688 1716 obibat,
2725 1663 2778 1708 et
2805 1655 2959 1708 simul
2992 1671 3110 1708 eum
3133 1657 3302 1710 servis
3327 1658 3635 1712 versabatur

2057 1746 2344 1811 Dominus,
2389 1745 2505 1815 lege
2530 1744 2814 1800 Jeremiam
2840 1786 2853 1807 ,
2883 1753 2938 1797 et
2967 1745 3053 1798 ille
3084 1754 3254 1799 tecum
3287 1747 3531 1814 loquetur
3559 1748 3634 1802 sic

2053 1837 2234 1893 dicens
2270 1855 2283 1890 :
2320 1836 2418 1890 Hic
2460 1845 2533 1890 est
2579 1835 2715 1889 Deus
2767 1845 2932 1888 noster
2957 1850 2975 1887 :
3001 1851 3102 1888 non
3148 1835 3462 1904 reputabitur
3504 1837 3636 1889 alius

2053 1941 2232 2000 praeter
2273 1931 2456 1998 ipsum.
2510 1928 2707 1984 Invenit
2745 1945 2939 1982 omnem
2965 1929 3095 1981 viam
3122 1930 3344 1984 scientia:
3365 1971 3379 1994 ,
3415 1939 3461 1983 et
3500 1931 3635 1984 dedit

2053 2039 2163 2076 eam
2189 2021 2350 2074 Jacob
2381 2036 2534 2092 puero
2559 2036 2650 2073 suo
2671 2061 2688 2085 ,
2719 2029 2764 2072 et
2791 2017 2975 2072 Israeli
3000 2019 3180 2073 dilecto
3216 2036 3330 2073 suo.
3374 2018 3502 2074 Post
3525 2022 3632 2074 Ita'c

2051 2116 2105 2167 in
2134 2113 2275 2167 terris
2295 2113 2427 2167 visus
2446 2121 2537 2179 est,
2567 2120 2743 2166 etcum
2772 2110 3053 2164 hominibus
3079 2119 3395 2165 conversatus
3414 2121 3486 2165 est
3510 2111 3638 2183 (Ba-

2051 2204 2177 2258 ruch
2224 2205 2276 2259 5.
2306 2202 2524 2271 36-58).

2122 2298 2178 2351 4.
2217 2294 2274 2350 1η
2329 2295 2447 2349 aliis
2490 2309 2701 2364 quoque
2751 2293 2996 2348 omnibus
3044 2293 3248 2349 videbis
3293 2295 3616 2364 prophetas,

2051 2403 2278 2460 quorum
2302 2387 2466 2442 libros
2487 2386 2586 2441 hac
2615 2387 2682 2441 de
2705 2401 2864 2441 causa
2889 2386 2942 2440 in
2973 2385 3287 2440 hodiernum
3310 2401 3476 2456 usque
3492 2387 3633 2440 diem

2052 2483 2245 2538 frustra
2271 2498 2454 2538 versas
2480 2491 2534 2537 et
2558 2483 2746 2551 agitas,
2770 2481 2885 2536 luce
2911 2480 3088 2534 omnia
3113 2490 3295 2550 aperte
3321 2480 3630 2550 praedicare.

2050 2577 2153 2632 Sed
2182 2575 2446 2646 ejusmodi
2474 2574 2686 2645 quidem
2713 2574 3003 2628 certamina
3029 2587 3174 2642 saepe
3202 2571 3456 2626 adversus
3485 2587 3578 2626 eos
3603 2587 3632 2626 a

2055 2670 2208 2723 nobis
2233 2669 2453 2723 dicenda
2493 2676 2735 2736 suscepta
2764 2675 2928 2729 sunt,
2961 2676 3016 2720 et
3053 2681 3197 2735 stupe
3241 2667 3632 2735 suscipientur:

2057 2775 2200 2813 nunc
2239 2767 2415 2812 autem
2455 2773 2573 2826 quae
2602 2766 2726 2811 sunt
2749 2766 2992 2825 suscepta
3019 2769 3423 2824 prosequamur.
3457 2754 3521 2808 Et
3545 2772 3636 2809 an-

2051 2848 2352 2903 nuntiabunt
2368 2845 2486 2899 σαιιὶ
2492 2843 2765 2915 justitiam
2776 2845 2910 2915 ejus,
2928 2845 3174 2916 quoniam
3192 2844 3327 2898 Deus
3347 2846 3511 2916 judea:
3535 2857 3630 2899 est.

2051 2939 2150 2994 Hic
2193 2938 2320 2994 mihi
2367 2937 2575 2992 videtur
2616 2936 2796 2992 dicere
2843 2935 3138 3005 justitiam,
3186 2935 3470 2988 maximam
3518 2935 3637 3003 ejus

2050 3045 2231 3084 curam
2259 3037 2313 3084 et
2335 3041 2595 3082 summam
2626 3027 2677 3079 in
2708 3041 2800 3080 eos
2827 3025 2970 3094 ipsos
3003 3024 3383 3093 benignitatem
3409 3066 3424 3090 ,
3455 3025 3636 3078 multi-

2051 3122 2262 3192 plicem,
2287 3119 2486 3174 variam
2514 3133 2576 3173 ac
2599 3115 2980 3172 multiformem
3012 3116 3065 3169 in
3090 3115 3332 3170 homines
3355 3114 3636 3185 providen-

2053 3217 2198 3279 tiam,
2223 3228 2318 3284 per
2342 3211 2691 3278 creationem,
2711 3224 2808 3280 per
2839 3208 3029 3278 legem,
3062 3222 3155 3276 per
3182 3207 3424 3276 gratiam,
3450 3221 3544 3275 per
3571 3223 3634 3260 ea

2050 3322 2168 3376 quae
2197 3305 2296 3360 sub
2322 3303 2491 3358 vismu
2517 3300 2714 3356 cadunt
2736 3341 2752 3366 ,
2783 3307 2839 3354 et
2873 3312 2991 3368 quae
3017 3312 3121 3352 non
3144 3296 3368 3362 cadunt,
3398 3312 3492 3365 per
3515 3311 3636 3368 pro-

2051 3401 2258 3469 phetas,
2291 3413 2384 3467 per
2409 3395 2645 3465 angelos,
2672 3407 2767 3462 per
2790 3391 3078 3460 apostolos,
3107 3405 3200 3458 per
3226 3388 3481 3459 supplicia
3504 3428 3519 3452 ,
3545 3404 3637 3459 per

2050 3488 2326 3552 beneﬁcia,
2351 3501 2444 3556 per
2467 3487 2655 3547 minas,
2690 3499 2784 3553 per
2812 3481 3094 3552 promissa,
3119 3496 3214 3550 per
3234 3481 3475 3536 ordinem
3506 3487 3636 3534 tent-

2053 3580 2216 3650 poris.
2240 3579 2293 3632 7.
2318 3576 2471 3638 Audi.
2504 3575 2720 3646 populus
2755 3565 2918 3640 meus,
2939 3581 2985 3626 et
3013 3571 3192 3642 loquar
3220 3571 3326 3636 tibi,
3356 3569 3555 3638 Israel,
3589 3582 3636 3626 et

2051 3669 2350 3737 testiﬁcabor
2369 3669 2455 3721 tibi
2475 3669 2514 3719 ¹.
2541 3666 2671 3720 Vide
2700 3681 2883 3720 rursus
2905 3663 3280 3734 benignitatem
3311 3672 3364 3717 et
3388 3677 3634 3717 mansue-

2052 3763 2285 3816 tudinem
2313 3777 2376 3814 ex
2407 3761 2521 3830 ipso
2557 3757 2834 3829 prommio.
2868 3755 3097 3811 Perinde
3133 3755 3275 3809 enim
3304 3768 3366 3808 ac
3392 3755 3434 3807 si
3474 3752 3635 3806 homo

2051 3855 2312 3926 quiSpiam
2341 3852 2540 3906 homini
2568 3848 2904 3904 tumultuanti
2931 3857 2984 3902 et
3010 3847 3193 3900 turbas
3211 3845 3459 3898 excitanti
3485 3842 3634 3896 dice-

2051 3955 2168 4000 ret:
2191 3944 2246 3998 Si
2273 3943 2478 4008 audias,
2511 3941 2731 4009 loquar;
2760 3939 2815 3993 Si
2839 3938 3104 3999 attendas,
3137 3935 3308 3989 dicam
3336 3954 3348 3987 :
3373 3935 3443 3987 ita
3470 3933 3630 3986 etiam

2051 4036 2220 4090 servis
2250 4033 2506 4086 Dominus
2532 4048 2543 4082 :
2569 4030 2624 4085 Si
2657 4045 2741 4084 me
2769 4028 3020 4090 audieris,
3040 4027 3229 4097 inquit,
3252 4023 3445 4078 dicam.
3466 4021 3632 4076 Erant

2051 4127 2194 4180 enim
2245 4123 2376 4194 pigri
2417 4137 2478 4176 ac
2525 4121 2881 4192 negligentes,
2911 4126 2965 4172 et
3001 4131 3067 4172 ne
3112 4115 3376 4170 tantillum
3414 4113 3628 4184 quidem

2054 4219 2224 4288 legum
2255 4213 2465 4269 lectioni
2497 4213 2675 4282 quiete
2710 4209 3010 4280 praebebant
3059 4220 3235 4260 aures.
3262 4205 3318 4260 ld
3350 4214 3524 4259 autem
3555 4205 3632 4260 si-

2050 4311 2305 4381 gniﬁeaus
2327 4306 2584 4375 quispiam
2608 4301 2887 4373 propheta,
2911 4301 3000 4370 qui
3023 4307 3149 4353 tunc
3175 4307 3290 4353 erat
3312 4297 3364 4352 in
3391 4296 3631 4363 Perside,

2049 4396 2257 4458 dicebat
2282 4417 2296 4454 :
2321 4399 2429 4453 Ero
2456 4400 2525 4451 eis
2567 4409 2819 4466 tamquam
2846 4409 2942 4448 voa:
2967 4392 3192 4461 psalterii
3228 4391 3373 4443 dulce
3410 4388 3633 4442 canentis

2052 4495 2264 4564 (Ezeclt.
2307 4493 2395 4547 3'5.
2442 4487 2554 4561 52).
2586 4488 2739 4557 Smpe
2784 4487 2910 4540 item
2953 4483 3204 4538 dicebant
3248 4481 3524 4552 prophetis
3565 4496 3633 4534 ne

2049 4587 2431 4658 prophetareut
2455 4584 2529 4652 (5.
2559 4580 2687 4650 Reg.
2718 4579 2803 4634 l9.
2841 4577 2928 4647 10)
2954 4617 2970 4642 ,
2995 4575 3106 4630 imo
3131 4590 3228 4629 eos
3265 4573 3631 4643 repellebant,

2049 4691 2206 4746 atque
2250 4677 2283 4729 ii
2325 4673 2500 4744 urgeri
2541 4671 2855 4726 videbantur
2885 4667 3064 4740 (lactt.
3111 4666 3164 4719 7.
3198 4662 3310 4736 ll).
3351 4663 3424 4718 ita
3471 4663 3630 4718 etiant

2049 4769 2261 4823 videtur
2282 4781 2376 4821 rex
2409 4765 2598 4819 minari
2625 4771 2678 4818 et
2704 4760 2992 4832 przecipere
3023 4757 3179 4814 alicui
3220 4757 3491 4830 prophetae
3519 4797 3534 4820 ,
3564 4771 3632 4810 ne

2050 4859 2303 4930 p0pulum
2333 4865 2592 4912 convocet
2623 4854 2796 4925 (Amos
2825 4853 2874 4906 7.
2910 4851 3021 4921 15).
3051 4849 3190 4904 Deus
3215 4847 3351 4901 Deus
3396 4857 3511 4899 tuus
3538 4863 3631 4916 ego

2050 4970 2159 5007 sum
2191 4950 2318 5022 (Jer.
2347 4949 2432 5004 32.
2460 4949 2534 5016 ὅ).
2575 4947 2690 5001 Non
2732 4957 2931 5000 temere
2970 4944 3137 5013 posita
3190 4950 3274 4996 est
3322 4937 3434 4993 inec
3472 4954 3618 5004 repe-

2051 5045 2167 5097 titio
2198 5061 2210 5094 :
2241 5041 2335 5096 sed
2373 5040 2622 5110 quoniam
2666 5039 2729 5091 iis
2758 5035 3071 5104 loquebatur
3116 5033 3205 5101 qui
3248 5039 3401 5084 erant
3443 5027 3628 5091 surdi,

2050 5133 2243 5204 stupidi
2267 5141 2318 5187 et
2347 5131 2492 5185 nullo
2522 5145 2680 5184 sensu
2707 5124 3202 5197 prmditi,10quitur
3226 5120 3292 5174 de
3316 5120 3430 5186 ejus
3460 5115 3631 5171 domi-

2052 5226 2162 5291 nio,
2193 5239 2318 5278 mox
2362 5219 2549 5275 futurae
2592 5216 2913 5271 narrationis
2956 5214 3213 5280 optimum
3259 5208 3382 5262 hinc
3413 5223 3630 5261 sumens

2050 5317 2328 5374 exordium
2351 5357 2366 5379 ,
2395 5312 2683 5367 ostendens
2728 5324 2823 5363 eos
2864 5305 2936 5360 illi
2977 5305 3173 5358 debere
3211 5301 3548 5363 libertatem,
3578 5309 3631 5352 et

2051 5421 2257 5478 :equum
2291 5419 2411 5458 esse
2436 5411 2491 5457 ttt
2523 5401 2597 5454 illi
2634 5399 2839 5453 solvant
2882 5395 3150 5458 debitmu,
3181 5401 3448 5460 tamquam
3489 5390 3628 5444 servi

2053 5499 2276 5554 Domino
2301 5536 2315 5560 ,
2343 5501 2605 5560 tamquam
2633 5504 2791 5556 Opera
2819 5485 3004 5556 Opiﬁci
3029 5524 3045 5548 ,
3086 5493 3350 5550 tamquam
3385 5480 3631 5535 maximis

2052 5586 2322 5645 beneﬁciis
2366 5593 2420 5638 et
2464 5580 2752 5637 honoribus
2800 5576 2995 5631 allecti.
3026 5575 3078 5629 8.
3108 5571 3230 5625 Non
3273 5576 3327 5626 in
3367 5569 3631 5637 sacriﬁciis

2117 5703 2132 5732 ί
2169 5707 2292 5756 Haec,
2327 5691 2489 5749 Israel,
2513 5697 2558 5742 et
2575 5687 2861 5754 testificabor
2885 5685 3210 5750 tibi,deeraut
3230 5683 3278 5732 in
3303 5684 3422 5732 Edit.
3443 5679 3628 5740 uereb;

2055 5762 2142 5813 sed
2165 5761 2403 5810 habentur
2427 5757 2476 5804 in
2499 5761 2603 5802 Mss.
