4086 6268
505 351 608 406 2‘47

506 465 606 518 tuis
631 476 841 531 arguam
862 468 907 512 te
931 474 947 511 :
970 457 1265 512 holocausta
1290 467 1456 511 autem
1488 467 1573 510 tua
1597 456 1649 510 in
1675 466 1942 524 conspectu
1973 471 2082 508 meo

505 564 620 609 sunt
640 567 854 618 semper.
885 549 958 604 Ita
983 550 1141 603 etiam
1177 565 1268 605 eos
1295 557 1544 604 accusant
1568 549 1746 603 catteri
1776 546 2079 616 prOphetze,

438 705 441 707 _
506 644 646 712 quod
688 645 898 714 potiore
925 641 1138 698 virtutis
1182 651 1328 713 parte
1355 651 1657 712 contempta
1680 680 1696 708 ,
1719 640 1904 696 salutis
1933 655 2080 708 spem

509 739 561 791 in
584 740 660 792 eis
688 744 1023 807 reponerent.
1057 735 1138 790 Ad
1169 749 1228 791 se
1255 736 1394 790 enim
1415 733 1777 790 defendendos
1799 733 1914 787 haec
1932 739 2085 786 erant

511 827 718 882 allaturi
741 845 756 881 :
778 825 1168 891 Sacriﬁcamus,
1193 826 1493 880 holocausta
1524 824 1813 880 offerimus.
1846 821 1950 877 Sed
1978 837 2081 875 non

512 919 735 984 accessi,
767 919 953 989 inquit,
983 917 1050 973 de
1077 917 1162 973 his
1188 918 1504 987 litigaturos,
1529 931 1628 972 nec
1655 915 1796 986 quod
1821 915 1934 969 hau:
1957 929 2086 969 con-

514 1017 707 1079 tempta
733 1017 914 1065 essent
939 1023 1033 1062 vos
1059 1020 1418 1063 accusaturus.
1442 1008 1600 1063 Isaias
1628 1015 1803 1064 autem
1825 1021 1917 1061 eos
1944 1006 2086 1060 inse-

509 1099 1071 1155 emitr-vehementius
1099 1140 1112 1162 ,
1137 1100 1321 1154 dicens
1345 1117 1357 1153 :
1385 1099 1522 1166 Quid
1562 1098 1687 1152 mihi
1717 1097 2086 1152 multitudinem

512 1191 878 1259 sacriﬁciorum
926 1190 1245 1244 vestrorum?
1295 1189 1486 1244 Plenus
1537 1205 1668 1243 sum.
1719 1188 2087 1243 Holocaustum

513 1283 743 1348 arietum,
761 1291 818 1336 et
844 1281 1045 1350 adipem
1069 1298 1336 1351 agnorum,
1361 1290 1408 1334 et
1429 1281 1721 1350 sanguinem
1752 1292 2015 1334 taurorum
2041 1288 2087 1334 et

513 1377 767 1428 hircorum
812 1375 948 1428 nolo.
984 1375 1106 1439 Quis
1145 1375 1274 1427 enim
1317 1373 1572 1440 requisivit
1614 1373 1721 1426 luet:
1763 1373 1825 1426 de
1859 1372 2089 1426 manibus

512 1468 688 1520 vestris
720 1465 868 1537 (Isai.
916 1467 965 1520 1.
1002 1468 1087 1521 11.
1120 1466 1245 1536 1‘2)?
1275 1467 1430 1534 Atqui
1473 1465 1734 1534 permulta
1783 1464 1921 1520 dicta
1964 1473 2089 1519 sunt

512 1557 579 1611 de
618 1556 1048 1611 sacriﬁciiszscd
1089 1571 1192 1610 non
1234 1556 1347 1610 haec
1375 1555 1614 1611 decernit
1659 1564 1925 1625 tamquam
1975 1554 2089 1608 haec

509 1644 778 1715 praecipue
799 1645 1086 1718 Ivelit,sed
1117 1646 1182 1700 ad
1211 1645 1571 1700 inﬁrmitatem
1603 1659 1785 1699 eorum
1813 1659 1872 1699 se
1906 1643 2090 1698 demit-

512 1736 597 1794 tit.
620 1735 876 1792 Jeremias
901 1753 1110 1808 quoque
1129 1737 1294 1791 dicit:
1314 1736 1417 1792 Cur
1443 1736 1567 1790 mihi
1587 1741 1688 1807 fers
1713 1737 1826 1792 thus
1845 1753 1906 1791 ea:
1927 1736 2086 1801 Saba,

513 1837 560 1882 et
611 1831 948 1882 cinamomum
992 1845 1054 1882 ea:
1096 1838 1231 1882 terra
1273 1828 1546 1899 longinqua
1603 1828 1813 1902 (Jerem.
1861 1830 1915 1884 6.
1959 1828 2089 1902 20)?

513 1917 712 1973 Omnes
769 1920 1036 1990 denique,
1087 1928 1147 1974 ut
1198 1921 1362 1974 semel
1413 1922 1621 1987 dicam,
1667 1922 1940 1991 propheta:
1989 1922 2091 1978 hoc

508 2012 647 2065 nihil
675 2012 850 2082 magni
888 2027 1006 2067 esse
1035 2012 1234 2068 dicunt.
1263 2013 1519 2081 Quocirca
1548 2014 1664 2082 ipse
1702 2030 1912 2085 quoque
1955 2014 2089 2070 incié

514 2105 665 2172 piens
693 2105 770 2158 sic
797 2103 922 2158 dicit
947 2120 961 2158 :
983 2103 1119 2158 Deus
1140 2103 1276 2159 Deus
1303 2114 1420 2158 tuus
1439 2121 1528 2175 ego
1555 2122 1667 2159 sum
1689 2121 1706 2158 :
1728 2120 1791 2159 ex
1814 2119 1880 2160 eo
1905 2114 2089 2160 osten-

513 2193 646 2248 dens
676 2195 789 2262 ipso
817 2209 936 2249 esse
962 2194 1226 2263 indignam
1250 2195 1388 2250 hanc
1414 2195 1622 2250 colendi
1648 2197 1928 2251 rationem.

584 2285 722 2340 Deus
747 2295 801 2338 ut
827 2287 891 2339 sit
915 2287 1182 2351 colendus;
1206 2289 1455 2357 sacriﬁcia
1481 2305 1574 2343 cur
1598 2288 1797 2343 Judwis
1825 2290 2086 2359 permissa.

518 2407 587 2418 -—
605 2378 768 2432 Deum
787 2378 926 2434 enim
949 2395 1054 2432 non
1080 2378 1245 2447 fumo,
1272 2396 1370 2435 nec
1389 2381 1593 2447 nidore,
1607 2383 1700 2436 sed
1722 2397 1814 2450 per
1833 2382 2088 2452 optimum

515 2469 636 2523 vita:
660 2469 978 2534 institutum,
1001 2486 1107 2524 non
1136 2486 1470 2541 corporeum,
1499 2473 1591 2529 sed
1623 2474 1674 2528 in
1704 2483 1881 2529 mente
1903 2474 2087 2541 situm,

517 2559 694 2616 colere
720 2569 774 2615 et
802 2561 1067 2616 honorare
1091 2573 1320 2631 oportet.
1351 2564 1455 2619 Sed
1495 2580 1598 2619 non
1637 2566 1713 2620 sic
1736 2575 2088 2620 externorum

516 2657 788 2712 daemones
810 2699 826 2725 ,
851 2659 956 2712 imo
984 2659 1142 2713 etiam
1171 2659 1286 2714 haec
1324 2661 1604 2729 requirunt
1629 2701 1643 2726 ,
1675 2670 1730 2717 et
1756 2661 1856 2717 hoc
1885 2661 2091 2717 videtur

517 2750 799 2806 ostendere
827 2751 1040 2821 quidam
1065 2761 1221 2821 poeta
1240 2753 1376 2822 apud
1405 2752 1641 2821 Graecos,

698 2877 749 2937 T33
781 2877 847 2928 γάρ
878 2877 1032 2937 ζάκσςιιν
1067 2878 1173 2937 τίεις
1186 2877 1318 2937 ,ἐμαῖς-

700 2933 797 2975 HOC
819 2933 948 2974 enim
971 2940 1059 2975 1106
1080 2933 1236 2976 5οΓῑὶῐὶ
1261 2939 1426 2975 sumus
1449 2941 1639 2977 munus.

1131 2985 1309 3049 (Iliad.
1335 3006 1378 3039 Δ.
1399 3002 1440 3036 υ.
1466 2989 1555 3048 49,
1573 3007 1620 3040 n.
1642 3002 1687 3039 υ.
1711 2989 1817 3052 70.)

442 3119 444 3121 ν
514 3093 658 3146 Dens
691 3100 866 3146 autem
895 3098 1075 3146 noster
1102 3107 1206 3144 non
1234 3092 1349 3146 sic:
1376 3093 1449 3146 ilii
1477 3092 1617 3153 enim
1645 3092 1932 3148 humanum
1962 3110 2090 3151 san-

433 3249 439 3254 _
519 3182 728 3250 guinem
759 3183 1018 3247 sitientes,
1047 3189 1100 3236 et
1125 3196 1217 3235 eos
1244 3182 1307 3235 ad
1340 3183 1433 3237 has
1453 3183 1626 3237 easdes
1654 3183 1890 3239 volentes
1912 3187 2092 3254 paula-

512 3273 611 3326 tim
640 3257 904 3342 pellicere,
938 3273 1052 3326 htcc
1077 3272 1324 3342 petebant
1358 3273 1568 3327 assidue
1592 3291 1605 3326 :
1630 3275 1741 3343 ipse
1769 3283 1942 3329 autem
1970 3291 2089 3332 cum

517 3363 676 3418 vellet
700 3377 792 3416 eos
819 3362 1068 3430 paulatim
1094 3377 1123 3416 a
1153 3364 1472 3418 mactatione
1499 3363 1775 3419 brutorum
1802 3366 2088 3434 abducere,

521 3455 620 3507 hac
663 3453 980 3522 indulgentia
1024 3467 1148 3506 usus
1191 3463 1311 3518 est,
1343 3462 1394 3507 et
1432 3454 1672 3523 permisit
1711 3457 1968 3512 sacriﬁcia
1992 3500 2007 3524 ,
2037 3468 2094 3513 ut

518 3541 775 3595 sacriﬁcia
816 3543 1046 3595 tolleret.
1073 3541 1125 3595 9.
1155 3541 1275 3595 Non
1305 3544 1550 3613 accipiam
1575 3545 1636 3598 de
1665 3545 1814 3600 domo
1850 3557 1936 3601 tua
1964 3550 2094 3602 vitu-

518 3631 596 3684 los
619 3671 634 3694 ,
660 3645 817 3700 neque
857 3629 920 3683 de
955 3629 1185 3700 gregibus
1220 3632 1318 3684 tuis
1350 3631 1533 3686 hircos.
1567 3633 1654 3689 10.
1690 3635 1943 3702 Quoniam
1971 3655 2094 3692 mea:

517 3731 631 3775 sunt
649 3737 816 3776 omnes
839 3722 961 3791 ferte
980 3721 1251 3790 sylvarum,
1274 3723 1506 3792 jumenta
1525 3725 1576 3778 in
1593 3727 1840 3779 montibus
1859 3738 1905 3781 et
1925 3728 2088 3783 bores.

517 3813 605 3868 11.
645 3811 866 3882 Cognoui
892 3813 1062 3866 omnia
1089 3813 1312 3866 volatilia
1346 3815 1456 3868 ειειὶ
1485 3857 1499 3880 ,
1528 3825 1573 3868 et
1625 3818 1944 3886 pulchritudo
1983 3822 2094 3890 agri

517 3921 708 3959 mecum
727 3914 819 3958 est.
847 3905 977 3959 Vide
1003 3905 1269 3974 quomodo
1293 3907 1543 3975 paulatim
1572 3910 1730 3978 erigit
1751 3925 1938 3966 eorum
1975 3917 2092 3967 ani-

518 4013 685 4062 mum,
717 3997 804 4066 qui
838 3997 888 4050 in
929 4004 1099 4052 terras
1125 3996 1286 4052 deﬁxi
1324 4008 1477 4054 erant
1500 4041 1514 4064 ,
1541 4009 1858 4057 excaecatam
1907 4019 2091 4060 eorum

521 4095 753 4142 mentem
786 4086 1052 4155 aper-iens,
1081 4097 1133 4141 et
1159 4087 1450 4143 ostendens
1477 4103 1535 4143 se
1567 4089 1679 4144 haec
1702 4090 1950 4159 jussisse,
1987 4110 2089 4150 non

517 4179 656 4250 quod
681 4180 759 4234 eis
791 4189 1000 4246 egeret,
1029 4194 1127 4234 nec
1155 4181 1269 4250 lege
1297 4181 1538 4236 sanxisse
1561 4183 1700 4251 quod
1729 4199 1791 4238 ea
1819 4187 2088 4254 probaret.

517 4271 570 4327 Si
602 4271 767 4336 enim,
795 4271 982 4339 inquit,
1011 4273 1079 4324 ita
1112 4271 1213 4326 coli
1243 4271 1432 4326 vellem
1451 4314 1466 4339 ,
1492 4287 1611 4328 cum
1639 4290 1851 4331 omnem
1895 4289 2089 4336 terram

517 4377 634 4430 qua:
665 4362 763 4413 sub
783 4361 896 4416 sole
920 4371 1004 4416 est
1024 4361 1311 4426 obtineam,
1341 4373 1394 4418 et
1410 4365 1594 4419 omnia
1627 4369 1942 4434 creaverim,
1968 4387 2094 4440 pro-

517 4468 757 4506 curarcm
790 4462 848 4506 ut
892 4452 1022 4506 mihi
1069 4453 1208 4508 lauta
1242 4466 1304 4509 et
1331 4456 1548 4526 opipara
1595 4457 1782 4514 ﬁerent
1809 4463 2090 4518 sacrificia.

523 4543 721 4598 Deinde
746 4559 839 4598 eos
862 4545 1021 4598 etiatn
1051 4545 1278 4601 irridens
1305 4563 1368 4601 ac
1393 4549 1811 4618 reprehendens,
1843 4564 1901 4608 ut
1927 4558 2094 4627 magis

437 4667 450 4671 -
521 4645 714 4704 pungat
737 4637 1021 4703 accusatio,
1047 4636 1314 4705 subjunxit
1333 4657 1345 4692 :
1366 4640 1452 4698 12.
1474 4641 1537 4696 Si
1557 4646 1795 4714 esuriero,
1810 4663 1910 4700 non
1928 4649 2094 4703 dicam

519 4728 608 4781 tibi
627 4743 646 4780 :
670 4743 809 4780 meus
842 4736 913 4781 est
951 4729 1082 4782 enim
1108 4730 1240 4784 orbis
1279 4741 1423 4796 terra:
1447 4743 1492 4786 et
1521 4736 1776 4804 plenitudo
1801 4741 1928 4809 ejus.
1961 4741 2093 4809 Quia

519 4814 660 4870 enim
697 4817 810 4888 ipse
847 4831 908 4871 ea
936 4819 1234 4884 concessit,
1266 4829 1321 4874 ut
1346 4837 1438 4876 eos
1461 4826 1709 4890 paulatim
1738 4829 1804 4882 ab
1828 4831 1904 4884 eis
1928 4832 2094 4888 abdu-

516 4919 696 4974 ceret;
724 4908 821 4978 ipsi
848 4917 1025 4964 autem
1064 4910 1114 4964 in
1141 4927 1198 4966 re
1231 4911 1363 4968 adeo
1396 4914 1482 4968 vili
1528 4925 1580 4970 et
1603 4918 1806 4986 abjecta
1852 4926 2095 4990 perstite-

518 5010 659 5067 runt,
689 5015 808 5054 cum
837 5015 900 5055 ex
929 5015 990 5056 ea
1021 5000 1340 5070 indulgentia
1366 5004 1564 5058 nullutn
1591 5022 1836 5077 magnum
1868 5011 2091 5069 fructum

517 5094 782 5162 cepissent
806 5110 818 5145 :
843 5103 1122 5162 propterea
1153 5097 1383 5150 crassius
1407 5106 1460 5150 et
1490 5097 1772 5157 humanius
1801 5101 2092 5174 disserens,

519 5186 644 5240 dicit
670 5202 684 5239 :
710 5183 772 5240 Si
807 5185 1024 5239 esuriem
1048 5227 1062 5251 ,
1093 5202 1191 5239 non
1235 5185 1325 5240 tibi
1371 5187 1557 5242 dicam.
1604 5189 1715 5245 lloc
1754 5204 1870 5259 est,
1913 5194 2094 5267 Neque

520 5279 722 5342 esurio;
753 5276 891 5332 Deus
916 5277 1058 5332 enim
1091 5293 1197 5332 non
1226 5279 1421 5334 esuriet
1440 5321 1454 5345 ,
1489 5296 1660 5351 nequc
1688 5283 2090 5355 defatigabitur;

520 5386 618 5426 nec
644 5372 686 5425 si
721 5371 800 5425 his
826 5372 1015 5426 vellem
1044 5372 1168 5434 coli.
1201 5372 1448 5429 deessent
1473 5376 1599 5430 mihi
1630 5378 1902 5435 inimniera
1929 5385 2094 5438 sacri-

519 5463 632 5516 ficia
659 5472 712 5516 et
730 5461 1050 5520 holocausta.
1075 5464 1260 5520 Omnia
1281 5466 1420 5520 enim
1444 5468 1570 5522 mihi
1595 5468 1789 5525 affatim
1811 5481 1864 5528 et
1886 5473 2095 5530 abunde

518 5563 824 5623 suppetunt,
855 5566 906 5610 et
932 5573 1050 5611 cum
1091 5558 1190 5612 sim
1219 5563 1330 5628 ipse
1359 5560 1612 5614 Dominus
1636 5604 1649 5626 ,
1678 5577 1792 5618 mea
1822 5565 1941 5619 volo
1969 5584 1996 5618 a
2045 5576 2096 5622 te

518 5646 782 5713 accipere,
813 5655 867 5698 ut
895 5646 995 5702 hac
1020 5649 1100 5701 via
1123 5659 1176 5703 et
1201 5652 1402 5707 ratione
1435 5661 1485 5707 te
1515 5652 1580 5707 ad
1607 5669 1778 5710 meam
1809 5657 2094 5713 amicitiam

517 5737 801 5802 attraham,
828 5748 878 5791 et
904 5755 930 5791 a
961 5754 1132 5794 rerum
1157 5742 1388 5798 inanium
1415 5747 1795 5804 consuetudine
1814 5749 2090 5807 abducam.

1322 341 1377 398 S.
1405 339 1682 399 JOANNIS
1709 338 2184 397 CHRYSOSTOMI
2225 337 2539 396 ARCHIEP.
2578 340 3120 398 CONSTANTINOP.

3661 343 3768 398 248

2261 458 2314 510 5.
2346 455 2492 520 Quod
2512 457 2576 509 sit
2596 455 2698 510 Deo
2722 468 2917 526 gratum
2938 459 3260 524 sacriﬁcium.
3276 487 3346 497 -
3363 456 3560 510 Deinde
3587 473 3772 512 rursus

2191 549 2396 616 erigens
2419 547 2480 602 ad
2505 548 2556 602 id
2577 550 2715 618 quod
2735 559 2814 604 est
2840 550 3134 614 sublimius,
3159 549 3460 618 subjnnxit:
3488 550 3573 604 1⁵5.
3600 549 3770 603 Num-

2188 642 2308 710 quid
2327 640 2637 694 manducabo
2665 659 2840 695 carnes
2867 653 3144 704 taurorum,
3173 651 3259 695 aut
3288 644 3580 713 sanguinem
3607 645 3773 697 hirco-

2188 750 2301 785 rum
2353 733 2577 800 potabo?
2631 734 2792 799 litec,
2843 734 3046 803 inquit,
3095 749 3165 789 ne
3210 733 3512 789 hominibus
3556 736 3770 805 quidem

2185 822 2318 892 jussi
2345 823 2536 889 facere,
2563 823 2656 878 sed
2682 826 2838 878 etiam
2865 825 3149 879 maximum
3178 826 3426 880 constitui
3453 825 3770 895 supplicium

2191 913 2254 968 iis
2278 913 2369 981 qui
2395 923 2680 969 vescuntur
2702 915 2958 984 sanguine
2982 915 3161 983 (Leuit.
3185 915 3236 968 7.
3264 914 3351 969 16.
3374 915 3463 970 26.
3486 915 3603 985 27).
3630 914 3776 982 Quo-

2188 1005 2348 1060 modo
2385 1020 2512 1074 ergo
2558 1004 2846 1076 indigerem
2889 1006 3177 1075 sanguine,
3210 1006 3299 1075 qui
3339 1020 3524 1061 servos
3567 1021 3717 1059 meos
3745 1021 3772 1057 a

2189 1097 2282 1152 tali
2307 1111 2425 1152 esca
2451 1095 2696 1151 abduco?
2721 1095 2855 1150 Cum
2885 1095 2999 1151 haec
3023 1111 3150 1166 ergo
3183 1095 3360 1150 omnia
3387 1095 3689 1165 repulisset.
3721 1105 3776 1149 ct

2190 1202 2250 1242 se
2277 1203 2396 1242 esse
2426 1187 2638 1256 indigna
2657 1186 2998 1252 ostendisset,
3029 1188 3526 1257 accusationemque
3548 1188 3775 1255 pennul-

2191 1281 2260 1334 tis
2287 1280 2558 1334 deridendi
2585 1294 2743 1334 causa
2766 1279 2920 1334 dictis
2946 1281 3290 1349 respersisset
3312 1320 3329 1345 ,
3354 1295 3458 1334 non
3501 1280 3586 1334 hic
3615 1279 3772 1333 ﬁnem

2192 1371 2439 1440 loquendi
2482 1369 2604 1425 fecit
2627 1412 2642 1436 ,
2665 1373 2758 1426 sed
2784 1371 3017 1427 ostendit
3049 1373 3209 1426 alium
3238 1372 3480 1428 sacriﬁcii
3513 1372 3730 1426 modum
3757 1414 3771 1437 ,

2193 1462 2403 1517 functus
2429 1461 2529 1518 hac
2552 1461 2605 1517 in
2630 1478 2687 1517 re
2709 1463 2890 1532 optimi
2918 1462 3110 1518 medici
3142 1463 3338 1526 ofﬁcio,
3368 1471 3426 1518 ut
3453 1463 3722 1518 abducens
3744 1480 3774 1516 a

2191 1554 2349 1608 rebus
2393 1553 2701 1618 inutilibus,
2733 1568 2794 1609 ea
2835 1569 2953 1624 quae
2992 1555 3181 1623 juvare
3226 1556 3432 1626 possint
3468 1556 3775 1609 vulneribus

2193 1647 2439 1714 applicet.
2498 1645 2780 1715 Postquam
2824 1645 2968 1700 enim
3020 1645 3135 1700 haec
3182 1646 3448 1714 perfecit,
3479 1647 3650 1701 dicit:
3686 1647 3770 1698 14.

2192 1736 2412 1792 Immola
2439 1737 2565 1792 Deo.
2595 1738 2660 1792 Et
2679 1737 2944 1807 quomodo
2970 1737 3306 1792 sacriﬁcabo?
3331 1739 3520 1806 inquit.
3559 1738 3777 1804 Absque

2193 1829 2465 1898 Sanguine.
2490 1829 2600 1883 Hoc
2623 1830 2762 1884 enim
2788 1828 3103 1885 sacriﬁcium
3127 1829 3234 1884 Deo
3255 1829 3482 1883 maxime
3502 1831 3771 1885 convenit.

2195 1922 2259 1975 Et
2288 1921 2407 1977 ideo
2437 1937 2556 1975 cum
2582 1920 2836 1985 dixisset,
2861 1920 3082 1975 Immola
3111 1920 3237 1988 Deo,
3269 1921 3563 1991 subiunxit,
3595 1922 3777 1977 Sacri-

2194 2012 2366 2080 ﬁcium
2398 2011 2563 2064 laudis
2588 2026 2606 2064 :
2628 2011 2728 2067 hoc
2754 2020 2866 2076 est,
2891 2011 3181 2081 gratiarum
3220 2012 3442 2065 actionis
3463 2054 3476 2074 ,
3499 2027 3774 2066 sacrorum

2195 2101 2546 2173 hymnorum,
2573 2101 2753 2171 gloria!
2781 2117 2878 2171 per
2921 2101 3058 2156 bona
3098 2115 3259 2168 Opera
3298 2101 3410 2156 Deo
3457 2101 3773 2155 tribuendas.

2193 2191 2344 2258 Quod
2387 2201 2562 2246 autem
2603 2191 2767 2256 dicit,
2795 2198 2878 2247 est
2902 2191 3160 2261 ejusmodi
3185 2209 3199 2242 :
3224 2191 3297 2246 lta
3329 2192 3474 2246 vivas
3498 2198 3558 2245 ut
3589 2191 3772 2245 Domi-

2194 2299 2292 2339 nus
2341 2292 2461 2337 tuus
2498 2281 2844 2351 glorificet—ur.
2876 2281 3030 2350 Quod
3073 2281 3231 2337 etiam
3275 2282 3521 2336 Christus
3557 2281 3776 2341 docuit.

2192 2373 2376 2428 dicens
2403 2389 2418 2426 :
2448 2371 2633 2426 Luceat
2661 2372 2748 2425 lux
2771 2381 2933 2426 uestra
2961 2388 3132 2426 ceram
3157 2371 3440 2426 hominibus
3459 2413 3475 2437 ,
3498 2380 3551 2425 ut
3575 2371 3774 2426 videant

2193 2463 2323 2518 bona
2349 2473 2510 2518 vestra
2535 2479 2688 2534 opera
2707 2505 2721 2527 ,
2749 2472 2794 2516 et
2818 2463 3099 2534 gloriﬁcent
3122 2460 3329 2516 Patrem
3355 2473 3570 2516 vestrum
3610 2464 3696 2532 qui
3725 2463 3777 2515 in

2194 2556 2330 2610 cwlis
2370 2554 2481 2625 est(
2507 2555 2690 2608 Matth.
2721 2555 2774 2608 5.
2805 2552 2933 2626 16).
2967 2553 3107 2608 Laus
3152 2554 3292 2608 enim
3340 2553 3471 2607 nihil
3508 2553 3652 2607 aliud
3695 2563 3780 2608 est

2192 2663 2350 2718 quam
2379 2646 2608 2702 laudatio
2631 2687 2645 2710 ,
2670 2645 2836 2716 gloria
2861 2654 2916 2700 et
2943 2645 3246 2700 celebratio.
3278 2645 3358 2699 Sit
3385 2659 3512 2715 ergo
3543 2644 3647 2698 vita
3689 2653 3776 2698 tua

2193 2737 2473 2808 ejusmodi,
2499 2746 2556 2791 ut
2583 2747 2703 2792 tuus
2733 2737 2974 2792 laudetur
2998 2753 3059 2791 ac
3084 2737 3382 2792 celebretur
3415 2738 3688 2797 Dominus.
3720 2748 3777 2791 et

2195 2829 2487 2901 perfectum
2515 2829 2750 2885 obtulisti
2779 2829 3118 2884 sacriﬁcium.
3149 2830 3259 2883 Hoc
3282 2831 3603 2884 sacrificium
3635 2829 3775 2883 Pau-

2196 2922 2279 2977 lus
2313 2938 2521 2992 quoque
2555 2922 2796 2991 requirit,
2827 2922 3007 2976 dicens
3036 2944 3048 2978 :
3087 2921 3327 2977 Exhibete
3364 2923 3586 2976 membra
3617 2935 3780 2978 uestra

2195 3014 2408 3068 hostiam
2435 3016 2671 3068 viventem
2689 3055 2704 3080 ,
2725 3022 2950 3068 sanctam
2971 3047 2987 3079 ,η
3019 3013 3125 3068 Deo
3169 3015 3446 3084 placentem
3473 3015 3644 3088 (Rom.
3689 3018 3776 3072 12.

2196 3107 2269 3177 1).
2300 3108 2366 3162 Et
2393 3122 2576 3161 rursus
2605 3106 2690 3160 hic
2716 3107 2827 3175 ipse
2855 3106 3108 3175 propheta
3139 3106 3261 3161 alibi
3293 3125 3303 3159 :
3330 3105 3572 3160 Laudabo
3596 3125 3780 3162 nomen

2194 3199 2291 3252 Dei
2328 3199 2424 3251 mei
2462 3215 2576 3252 cum
2605 3199 2798 3251 cantico
2817 3237 2831 3262 ,
2860 3199 3192 3268 magniﬁcabo
3233 3199 3397 3268 ipsum
3437 3199 3490 3252 in
3519 3201 3671 3254 laude
3691 3218 3710 3254 :
3735 3209 3783 3254 et

2195 3290 2407 3360 placebit
2428 3289 2534 3344 Deo
2561 3290 2675 3359 plus
2698 3306 2845 3358 quam
2871 3291 3054 3344 vitulus
3070 3291 3270 3360 juvenis
3291 3308 3480 3346 cornua
3499 3294 3782 3363 producens

2194 3392 2242 3436 et
2280 3382 2494 3452 ungulas
2516 3381 2686 3447 (Psal.
2731 3382 2820 3437 68.
2861 3383 2949 3437 ⁸51.
2982 3382 3114 3453 52).
3147 3381 3224 3439 Ita
3260 3385 3420 3439 etiam
3463 3385 3782 3442 sacriﬁcavit

2195 3472 2295 3528 Job
2322 3479 2440 3542 post
2466 3472 2642 3541 plagas
2668 3473 2782 3526 illas
2808 3488 2924 3544 qua:
2943 3481 3184 3528 naturam
3215 3475 3556 3543 superabant,
3581 3477 3781 3546 gratias

2195 3577 2375 3631 agens,
2404 3573 2459 3616 et
2488 3563 2601 3616 haec
2617 3563 2780 3617 verba
2805 3564 3056 3633 loquens:
3081 3563 3328 3619 Dominus
3353 3567 3509 3634 dedit,
3533 3567 3780 3624 Dominus

2193 3653 2428 3706 abstulit:
2443 3654 2570 3708 sicut
2599 3652 2817 3707 Domino
2841 3655 3054 3725 placuit,
3077 3656 3149 3709 ita
3169 3660 3358 3727 factum
3379 3667 3492 3712 est:
3511 3660 3577 3712 sit
3597 3676 3778 3714 nomen

2196 3745 2401 3797 Domini
2437 3743 2744 3798 benedictum
2780 3745 2832 3798 in
2858 3746 3065 3800 saecula.
3095 3746 3162 3799 Et
3190 3748 3342 3801 redde
3368 3729 3625 3804 Altissimo
3666 3761 3779 3804 vota

2195 3845 2301 3890 tua.
2329 3835 2447 3906 (Job
2475 3837 2525 3890 1.
2552 3836 2667 3905 21).
2701 3835 2797 3890 Hic
2835 3836 2963 3891 dicit
2988 3838 3399 3906 supplicationes
3423 3880 3437 3905 ,
3468 3841 3696 3895 suadens
3722 3850 3780 3895 ιιι

2197 3927 2249 3981 in
2291 3927 2533 3981 oratione
2585 3926 2796 3982 assidue
2834 3942 3236 3995 perseveremus
3259 3971 3274 3995 ,
3305 3940 3357 3983 et
3396 3945 3514 3999 qua:
3553 3930 3775 4002 professi

2198 4018 2450 4072 fuerimus
2496 4032 2615 4071 cum
2663 4009 2937 4072 celeritate
2973 4017 3278 4072 reddamus.
3323 4019 3548 4076 Pulchre
3600 4032 3776 4076 autem

2197 4109 2370 4175 dixit,
2404 4107 2596 4162 Redde.
2629 4109 2754 4164 Post
2783 4109 3188 4176 promissionem
3231 4113 3372 4166 enim
3422 4129 3508 4167 res
3548 4113 3779 4169 efﬁcitur

2197 4201 2451 4256 debitum.
2482 4200 2570 4255 Sic
2599 4203 2750 4254 Anna
2778 4200 2995 4255 tradidit
3027 4201 3190 4256 ﬁlium
3212 4244 3226 4268 ,
3256 4213 3316 4258 ut
3341 4202 3578 4258 debitum
3605 4207 3776 4260 maxi-

2197 4306 2340 4345 mum
2362 4291 2443 4362 (l.
2474 4289 2600 4361 Reg.
2631 4291 2682 4344 1.
2712 4289 2825 4359 28).
2852 4290 2928 4345 Tu
2954 4307 3079 4362 ergo
3109 4292 3221 4348 sive
3251 4295 3524 4362 promittas
3547 4296 3780 4352 eleemo-

2197 4396 2382 4453 synam
2407 4423 2422 4445 ,
2453 4381 2565 4436 sive
2595 4381 2753 4435 vitam
2783 4381 3026 4452 pudicam
3049 4424 3065 4449 ,
3090 4383 3204 4437 sive
3243 4384 3440 4455 aliquid
3469 4386 3612 4440 aliud
3638 4387 3742 4442 tale
3761 4429 3776 4453 ,

2197 4473 2261 4526 ad
2292 4473 2341 4526 id
2367 4472 2746 4527 exsolvendum
2775 4472 2985 4528 festina.
3015 4474 3068 4530 Si
3097 4476 3215 4545 quis
3241 4487 3419 4532 autem
3448 4487 3634 4534 exacte
3656 4495 3779 4550 per-

2199 4562 2472 4633 penderit,
2503 4563 2601 4639 etsi
2645 4564 2862 4618 minime
2906 4567 3271 4634 promittatur,
3300 4569 3467 4623 virtus
3511 4579 3685 4625 tamen
3728 4573 3777 4626 ei

2197 4655 2440 4711 debetur.
2467 4655 2520 4709 Id
2546 4665 2720 4712 autem
2750 4656 2992 4712 Christus
3017 4659 3343 4729 signiﬁcans,
3377 4661 3628 4717 dicebat:
3656 4663 3783 4729 Qua:

2197 4748 2329 4801 enim
2377 4747 2638 4801 debuimus
2685 4751 2852 4819 facere
2874 4789 2889 4814 ,
2917 4750 3127 4817 fecimus
3171 4750 3318 4820 (Luc.
3351 4753 3438 4808 17.
3474 4753 3586 4823 10).
3619 4755 3781 4825 Atqui

2197 4838 2335 4893 dixit
2363 4838 2664 4908 parabolam
2690 4840 2849 4901 servi.
2881 4841 2964 4894 cui
2991 4850 3106 4895 erat
3135 4843 3409 4898 minimum
3439 4845 3778 4916 imperatum,

2198 4945 2389 5000 nempe
2418 4939 2475 4983 ut
2503 4945 2606 4985 non
2637 4932 3004 4998 occumberet,
3036 4933 3129 4988 sed
3158 4937 3408 4990 transiret
3436 4946 3491 4991 et
3515 4941 3785 4994 ministra-

2197 5030 2296 5078 ret.
2329 5021 2549 5088 Quidam
2573 5032 2747 5078 autem
2769 5039 2978 5096 quoque
3002 5025 3130 5080 dicit
3154 5044 3167 5080 :
3195 5026 3276 5082 Ne
3305 5031 3579 5085 tardaveris
3603 5034 3785 5086 redde—

2197 5131 2252 5168 re
2275 5123 2439 5168 uotum
2467 5124 2605 5168 tuum
2631 5113 2819 5186 (Eccli.
2851 5117 2903 5172 5.
2932 5116 3008 5188 5).
3038 5118 3313 5175 Pollicitus
3338 5121 3433 5176 es?
3465 5121 3648 5177 Redde
3673 5165 3688 5188 ,
3716 5139 3784 5178 ne

2199 5204 2334 5259 forte
2363 5219 2507 5259 mors
2532 5214 2582 5259 te
2609 5205 2839 5271 invadat,
2865 5217 2918 5261 et
2947 5208 2996 5260 id
3023 5211 3307 5265 rescindat.
3334 5211 3401 5266 Et
3420 5212 3544 5282 quid
3566 5214 3633 5268 ad
3663 5213 3785 5269 me?

2199 5295 2407 5364 inquit:
2437 5296 2541 5349 vita
2572 5297 2712 5350 enim
2745 5311 2850 5351 non
2882 5307 2996 5352 erat
3033 5298 3084 5352 in
3117 5317 3231 5356 mea
3257 5313 3536 5372 potestate.
3573 5306 3637 5360 Et
3664 5306 3785 5361 ideo

2199 5385 2415 5440 diflerre
2438 5402 2546 5440 non
2574 5388 2802 5457 oportuit
2830 5430 2845 5455 ,
2875 5388 2998 5444 dum
3031 5394 3231 5461 cogitas
3261 5409 3378 5449 esse
3407 5396 3665 5452 incertum
3693 5415 3784 5454 ex-

2201 5479 2350 5542 itum,
2373 5489 2427 5533 et
2454 5494 2560 5534 non
2589 5495 2708 5535 esse
2737 5480 2789 5535 in
2823 5491 2907 5536 tua
2937 5492 3196 5551 potestate
3223 5494 3314 5539 aut
3339 5488 3535 5554 vivere,
3563 5500 3652 5543 aut
3684 5490 3785 5545 hoc

2199 5585 2230 5624 e
2257 5569 2373 5624 loco
2397 5571 2672 5627 excedere.
2696 5572 2844 5640 Quod
2865 5589 2992 5643 ergo
3019 5574 3214 5630 videris
3246 5593 3340 5646 pro
3368 5589 3451 5632 tua
3474 5579 3784 5636 defensione

2201 5660 2409 5724 afferre,
2434 5661 2486 5714 id
2511 5662 2663 5730 plane
2692 5673 2745 5718 te
2774 5664 2964 5733 arguit.
2995 5664 3176 5734 Neque
3205 5668 3346 5722 enim
3376 5684 3520 5725 mors
3545 5671 3597 5724 in
3620 5686 3781 5725 causa

2205 5751 2319 5820 fuit,
2342 5753 2621 5823 quominus
2637 5753 2906 5824 redderes,
2923 5756 3016 5811 sed
3031 5767 3115 5812 tua
3135 5772 3282 5814 mora
3299 5774 3360 5815 ac
3382 5761 3584 5818 dilatio.
3605 5762 3689 5817 15.
3717 5760 3780 5814 Et
