4114 6278
323 357 428 412 947

313 492 436 530 σου
475 473 702 542 ἐλέγξω
741 488 854 526 σε’
889 473 960 528 τὰ
1012 474 1075 528 δὲ
1131 477 1594 547 6.-ἶοκτιυτώματὰ
1647 495 1762 531 σου
1809 477 1907 530 ὲν-

315 558 510 612 ώπιόν
540 574 652 626 μου
691 557 821 610 ἐστὶ
875 557 1226 624 διαπαντός.
1263 560 1418 613 Οὐτω
1457 562 1567 633 γὰρ
1623 563 1671 613 οἱ
1730 560 1906 613 λοιποὶ

319 641 719 712 κατηγοροῦσιν
751 642 934 694 αὐτῶν
965 645 1261 713 προφῆται,
1303 645 1488 716 ἐπειδὴ
1515 647 1577 698 τὸ
1616 645 1774 698 πλέον
1807 643 1904 712 τῆς

319 727 530 796 ἀρετῆς
568 723 913 794 παρορῶντες
961 727 1148 797 μέρος,
1199 728 1258 780 ἐν
1296 728 1505 791 τούτοις
1549 727 1648 791 τὰς
1680 726 1903 788 ἐλπίδας

320 810 426 878 τῆς
460 808 728 878 σωτηρίας
752 803 918 878 εἶχον.
958 811 1068 862 Καὶ
1112 812 1221 878 γὰρ
1245 813 1323 875 εἰς
1352 812 1647 880 ἀπολογίαν
1678 809 1904 878 ἔμελλον

319 890 452 942 αὐτὸ
481 889 894 960 προϐάλλεσθαι,
923 892 1004 945 ὅτι
1032 893 1233 957 Θυσίας
1266 895 1592 965 σπένδομεν,
1615 895 1696 947 ὅτι
1731 895 1897 964 Προσ·

320 982 558 1052 φέρομεν
608 983 1023 1046 ὁλοκαυτώσεις.
1079 985 1218 1038 Ἀλλ’
1263 987 1362 1039 οὐκ
1401 987 1495 1039 ἐπὶ
1541 986 1749 1048 τούτοις
1793 988 1906 1038 εἰσ-

313 1066 476 1136 ῆλθον
507 1067 884 1136 δικασάμενος,
923 1069 1110 1139 φησὶν,
1141 1069 1263 1122 οὐδὲ
1300 1069 1441 1139 ὑπὲρ
1474 1069 1680 1122 τούτων
1737 1072 1904 1136 ἐγκα-

312 1148 507 1210 λέσων,
538 1149 620 1201 ὅτι
651 1150 920 1221 παρώφθη
952 1152 1144 1210 ταῦτα.
1189 1153 1247 1206 '0
1278 1154 1334 1206 δέ
1374 1154 1599 1217 Ἡσαΐας
1626 1153 1718 1207 καὶ
1749 1153 1902 1206 εὐτο-

312 1234 555 1306 νώτερον
583 1235 764 1286 αὐτῶν
813 1235 1150 1290 καθικνεῖται
1189 1239 1395 1307 λέγων·
1438 1239 1498 1292 Τί
1521 1257 1621 1307 μοι
1667 1237 1901 1307 πλῆθος

312 1314 436 1368 τῶν
490 1316 718 1370 θυσιῶν
756 1317 960 1387 ὑμῶν;
1008 1321 1254 1389 Πλήρης
1295 1322 1433 1391 ελμί.
1483 1321 1901 1390 ’0.ιοκαύτωμα

314 1399 469 1472 [250]
499 1400 699 1468 κριῶν,
733 1402 832 1456 καί
861 1403 1046 1471 στέαρ
1093 1405 1311 1472 ἀρνῶν,
1344 1405 1442 1459 καὶ
1477 1401 1619 1474 αἷμα
1667 1405 1900 1472 ταύρων

313 1483 415 1536 καὶ
433 1483 665 1552 τράγων
689 1486 1096 1555 οῠβούλομαι.
1127 1491 1218 1554 Τίς
1239 1489 1348 1557 γὰρ
1369 1487 1688 1556 ἐξεζήτησε
1714 1488 1904 1541 ταῦτα·

311 1568 383 1620 ἐκ
429 1565 551 1619 τῶν
583 1567 801 1636 χειρῶν
841 1569 1050 1637 ὐμῶν;
1081 1573 1274 1625 Καίτοι
1307 1572 1493 1624 πολλοὶ
1524 1571 1650 1642 περὶ
1696 1571 1897 1624 θυσιῶν

312 1654 455 1702 εἰσιν
503 1652 786 1723 εἰρημένοι
829 1652 976 1722 λόγοι
998 1672 1012 1686 ο
1043 1653 1155 1706 ἀλλ’
1189 1656 1249 1708 οὐ
1277 1657 1700 1728 προηγουμένως
1729 1655 1896 1710 αὐτοῦ

312 1734 644 1805 βουλομένου
666 1736 836 1789 ταῦτα
863 1736 1169 1808 νομοθετεῖ,
1200 1739 1334 1792 ἀλλά
1350 1742 1413 1810 τῇ
1443 1740 1698 1812 ἀσθενείᾳ
1717 1742 1896 1794 αὐτῶν

309 1817 866 1885 συγκαταεαίνοντος.
898 1821 1008 1873 Καὶ
1047 1821 1317 1893 Ἱερεμίας
1359 1822 1414 1875 δέ
1457 1841 1654 1895 φησιν·
1678 1825 1812 1878 "Ira
1839 1825 1898 1877 τί

301 1918 410 1969 μοι
443 1901 695 1954 λίϐανον
726 1901 795 1954 ἐκ
839 1901 998 1957 Σαϐᾶ
1029 1903 1250 1972 φέρεις,
1292 1904 1393 1959 καὶ
1434 1904 1778 1975 κινάμωμον
1829 1907 1892 1964 ὲκ

307 1982 426 2052 γῆς
441 1987 773 2052 μακρόθεν;
802 1985 910 2038 Καὶ
940 1988 1139 2050 πάντες
1166 1987 1244 2052 δέ,
1271 1988 1347 2052 ώς
1382 1989 1577 2051 είπεῖν,
1603 1992 1650 2043 οί
1682 1991 1894 2061 προφῆ-

307 2084 400 2119 ται
423 2066 574 2120 οὐδὲν
594 2070 739 2137 μέγα
761 2063 899 2120 εἶναι
922 2069 1077 2122 τοῦτό
1092 2086 1244 2138 φασι.
1265 2071 1354 2123 Διὸ
1369 2072 1462 2124 καὶ
1477 2071 1640 2134 αὐτὸς
1655 2072 1894 2144 ἀρχόμε-

309 2169 398 2214 νος
425 2150 595 2215 οῦτως
620 2152 722 2223 ἔφη
745 2168 758 2182 ⁸
798 2153 858 2206 '0
885 2152 1028 2219 Θεὸς
1066 2157 1098 2208 ό
1124 2156 1267 2220 Θεός
1290 2169 1406 2208 σου
1427 2155 1543 2225 εἰμὶ
1573 2155 1688 2225 ἐγώ
1713 2173 1730 2185 ο
1763 2159 1892 2210 κάν-

307 2234 496 2288 τεῦθεν
526 2235 725 2307 δηλῶν,
761 2237 842 2290 ὅτι
875 2237 1092 2304 ἀνάξιος
1124 2237 1288 2291 αὐτοῦ
1319 2241 1417 2310 τῆς
1440 2237 1696 2310 τοιαύτης
1732 2237 1891 2309 θερα-

308 2318 470 2380 πείας
493 2319 521 2370 ὁ
547 2319 769 2389 τρόπος.

382 2404 488 2454 Καὶ
509 2404 616 2473 γὰρ
636 2403 726 2455 τδν
751 2403 884 2456 Θεὸν
909 2416 934 2444 α
960 2404 1021 2456 οὐ
1054 2403 1140 2458 διὰ
1169 2403 1379 2457 καπνοῦ
1403 2406 1496 2458 καὶ
1521 2406 1731 2473 κνίσης,
1754 2404 1889 2458 ἀλλά

301 2484 392 2538 διὰ
423 2485 698 2550 πολιτείας
733 2487 962 2558 ἀρίστης
998 2489 1092 2540 καὶ
1128 2487 1420 2556 ἀσωμάτου
1455 2488 1548 2540 καὶ
1582 2489 1774 2558 νοερᾶς
1803 2488 1890 2541 θε-

307 2568 642 2638 ραπεύεσθαι
681 2570 781 2622 δεῖ.
828 2569 967 2622 Ἀλλ’
1015 2570 1111 2639 οὐχ
1157 2571 1208 2621 οἱ
1246 2569 1499 2640 δαίμονες
1541 2570 1649 2624 τῶν
1689 2569 1887 2633 ἔξωθεν

301 2651 496 2715 οῦτως,
536 2652 672 2705 ἀλλὰ
719 2653 813 2706 καὶ
863 2653 1186 2724 ἐπιζητοῦσι
1230 2651 1423 2708 ταῦτα.
1469 2653 1639 2706 Τοῦτο
1669 2654 1762 2706 καί
1803 2671 1886 2718 τις

301 2737 439 2806 παρ’
471 2735 696 2807 Ἕλλησι
719 2737 948 2806 ποιητὴς
983 2736 1232 2804 φαίνεται
1265 2737 1482 2800 δεικνὺς
1511 2737 1561 2800 1),
1589 2735 1765 2805 λέγων
1789 2754 1803 2770 ο

457 2859 469 2872 .
513 2859 528 2873 .
571 2858 586 2873 .
632 2819 707 2872 Τὸ
730 2819 843 2888 τὰρ
865 2819 1134 2888 λάχομεν
1158 2820 1334 2890 γέρας
1363 2820 1552 2889 ἡμεῖς.

321 2909 463 2962 Ἀλλ’
491 2911 589 2981 οὐχ
615 2915 641 2964 ὁ
669 2911 801 2974 Θεὸς
830 2915 863 2981 ἡ
874 2910 991 2981 μῶν
1024 2911 1220 2975 οὕτως.
1261 2911 1487 2965 Ἐκεῖνοι
1522 2912 1622 2981 μὲν
1650 2912 1760 2982 γὰρ
1799 2913 1885 2966 αί-

308 2995 503 3066 μάτων
533 2996 790 3064 διψῶντες
822 2995 1202 3066 ἀνθρωπίνων,
1239 3001 1333 3050 καὶ
1366 2996 1508 3049 κατὰ
1543 2999 1739 3067 μικρὸν
1783 2998 1882 3050 αὐ-

303 3079 436 3141 τοὺς
467 3081 548 3141 είς
581 3079 778 3143 ταύτας
816 3079 915 3142 τὰς
959 3079 1268 3149 μιαιφονίας
1295 3081 1506 3148 ἐνάγειν
1547 3079 1881 3150 βουλόμενοι,

298 3161 480 3215 ταῦτα
512 3161 674 3232 ᾔτουν
700 3161 937 3230 συνεχῶς
959 3179 972 3192 ·
1015 3164 1176 3226 αὐτὸς
1205 3163 1260 3216 δὲ
1291 3164 1386 3216 καὶ⁸
1409 3164 1507 3232 τῆς
1534 3164 1642 3216 τῶν
1669 3162 1882 3232 ἀλόγων

297 3249 612 3318 ἀποστῆσαι
651 3247 866 3315 σφαγῆς
895 3246 1036 3300 κατά
1071 3247 1264 3319 μικρὸν
1295 3258 1317 3286 ο
1349 3247 1569 3311 ἐθέλων,
1612 3249 1882 3320 ἐχρήσατο

297 3334 366 3400 τῇ
396 3329 806 3399 ωγκαταὸάσει
837 3328 1029 3401 ταύτῃ,
1060 3331 1154 3382 καὶ
1181 3330 1527 3402 συνεχώρησε
1556 3330 1767 3396 θυσίας,
1794 3332 1881 3385 ἵνα

297 3412 466 3484 ἀνέλῃ
513 3413 726 3474 θυσίας.
778 3413 859 3466 Οὐ
894 3413 1141 3482 δέξομαι
1173 3413 1241 3466 ἐκ
1269 3413 1373 3466 τοῦ
1406 3415 1575 3468 οἴκου
1618 3430 1735 3468 σου
1771 3416 1881 3483 μό-

295 3514 516 3564 σχους,
542 3496 686 3551 οὐδὲ
709 3498 779 3550 ἐκ
807 3495 926 3550 τῶν
951 3497 1245 3565 ποιμνίων
1275 3513 1390 3551 σου
1412 3497 1724 3568 χιμάρους.
1750 3500 1881 3555 Ὅτι

292 3580 412 3650 ἐμά
441 3581 568 3633 ἐστι
596 3581 792 3633 πάντα
814 3580 886 3634 τὰ
916 3580 1091 3647 θηρία
1121 3579 1227 3634 τοῦ
1262 3579 1490 3648 δρυμοῦ
1514 3579 1563 3646 ἀ,
1597 3581 1786 3650 κτήνη
1811 3583 1882 3636 ἐν

294 3664 424 3730 τοῖς
453 3666 618 3731 ὄρεσι
649 3665 745 3717 καὶ
787 3665 956 3729 βόες.
1002 3665 1278 3732 Ἔγνωκα
1312 3664 1506 3718 πάντα
1543 3665 1614 3718 τὰ
1640 3667 1880 3722 πετεινὰ

291 3749 404 3800 τοῦ
431 3749 714 3815 οὐρανοῦ,
743 3749 838 3801 καὶ
863 3747 1151 3816 ὠραιότης
1171 3748 1357 3817 ἀγροῦ
1369 3751 1498 3816 μετ’
1514 3749 1660 3818 ἐμοῦ
1683 3751 1875 3807 ἐστιν.

296 3833 446 3904 ’Ὅρα
471 3831 595 3896 πῶς
630 3832 772 3885 κατά
805 3833 1001 3903 μικρὸν
1026 3833 1220 3898 ἀνάγει
1257 3832 1365 3884 τῶν
1401 3833 1756 3903 χαμαιζήλων
1777 3835 1877 3905 τὴν

289 3917 554 3976 διάνοιαν,
573 3915 856 3983 διανοίγων
882 3913 1060 3967 αὐτῶν
1081 3916 1178 3986 τὴν
1193 3915 1611 3986 πεπωρωμένην
1628 3919 1872 3988 γνώμην,

291 4000 391 4052 καὶ
439 3999 654 4061 δεικνὺς
692 3999 773 4051 ὅτι
807 3997 868 4050 οὐ
915 3997 1168 4067 δεόμενος
1213 3997 1390 4052 ταῦτα
1431 3997 1713 4064 ἐπέταξεν,
1755 4001 1881 4054 οὐδὲ·

287 4079 692 4149 ἀποδεχόμενος
716 4079 1129 4150 ἐνομοθέτησεν.
1169 4082 1230 4134 Εί
1256 4080 1364 4151 γὰρ
1398 4080 1704 4152 ἐϐουλόμην
1732 4083 1886 4137 οὓτω-

296 4163 719 4234 θεραπεύεσθαι,
751 4163 906 4234 φησὶ,
937 4164 1036 4234 τὴν
1062 4164 1288 4234 ὐφήλιον
1323 4175 1346 4204 θ
1377 4166 1556 4218 πᾶσαν
1585 4165 1743 4236 ἔχων,
1782 4169 1882 4222 καὶ·

291 4247 458 4309 αὐτὸς
509 4247 725 4300 πάντων
768 4246 1058 4316 γενόμενος
1106 4247 1457 4318 δημιουργὸς,
1507 4248 1750 4316 δαψιλεῖς
1807 4250 1883 4304 ἂν.

291 4332 690 4402 παρεσκεύασά
740 4349 829 4403 μοι
869 4331 1120 4400 γενέσθαι
1165 4332 1378 4395 θυσίας.
1410 4330 1545 4386 Εἶτα
1593 4333 1687 4386 καὶ
1717 4351 1872 4404 κωμ-

291 4416 448 4487 ῳδῶν
470 4416 667 4478 αὐτοὺς
693 4416 786 4468 καὶ
814 4413 1106 4485 διασύρων,
1129 4413 1268 4467 ὥστε
1300 4416 1394 4468 καὶ
1418 4415 1870 4488 πληκτικωτέραν

291 4499 546 4566 ’γενέσθαι
565 4499 666 4570 τὴν
688 4498 1043 4570 κατηγορίαν,
1073 4499 1352 4568 ἐπήγαγεν
1367 4516 1380 4528 ·
1422 4499 1563 4552 Ἐὰν
1582 4501 1868 4570 πεινάσω,

293 4583 370 4633 οὐ
403 4580 487 4649 μή
521 4596 618 4633 σοι
645 4580 821 4630 εἴπω·
855 4578 967 4647 ἐμὴ
1008 4578 1118 4647 γάρ
1140 4579 1313 4632 ἐστιν
1350 4579 1389 4646 ἡ
1419 4580 1741 4648 οἰκουμένη
1773 4583 1871 4636 κοί

292 4661 361 4716 τι)
396 4662 688 4729 πλήρωμα
717 4661 925 4728 αὐτῆς.
985 4662 1202 4732 Ἐπειδὴ
1231 4661 1348 4731 γὰρ.
1384 4661 1544 4725 αὐτὸς
1591 4663 1691 4731 μὲν
1731 4665 1872 4717 αὐτὰ

293 4744 695 4816 συνεχώρησεν,
723 4745 810 4798 ἵνα
839 4743 982 4798 κατὰ
1014 4744 1212 4815 μικρὸν
1235 4745 1430 4807 αὐτοὺς
1461 4745 1722 4817 ἀπαγάγῃ
1747 4748 1872 4801 τού-

290 4844 424 4891 των,
455 4827 611 4880 αὐτοὶ
653 4827 709 4880 δὲ
739 4828 1104 4897 ὲναπέμειναν
1133 4829 1207 4898 τῇ
1229 4826 1495 4898 εὐτελείᾳ,
1537 4828 1689 4882 οὐδὲν
1727 4831 1871 4901 μέγα

293 4913 362 4962 ἐκ
388 4910 486 4980 τῆς
521 4910 978 4978 συγκαταϐάσεως
1020 4909 1230 4980 ταύτης
1273 4910 1722 4981 καρπωσάμενοι,
1783 4913 1871 4966 διὰ

286 4993 454 5048 τοῦτο
484 4993 788 5064 παχύτερόν
828 5011 946 5057 πως
987 4995 1080 5046 κα¹ι
1108 4994 1595 5065 ἀνθρωπινώτερον
1623 4994 1871 5065 διαλεγό-

291 5077 458 5149 μενός
483 5091 663 5146 φησιν·
697 5077 836 5132 Ἐὰν
869 5076 1154 5144 πεινάσω,
1174 5079 1244 5131 οὐ
1267 5076 1352 5146 μή
1385 5093 1484 5131 σοι
1519 5079 1684 5132 εἴπω
1713 5097 1866 5134 τουτ-

287 5166 464 5225 έστιν,
508 5159 647 5213 Οῦτε
693 5161 896 5215 πεινῶ·
938 5161 1069 5225 Θεὸς
1104 5163 1214 5231 γὰρ
1246 5162 1307 5216 οὐ
1349 5166 1614 5228 πεινάσει,
1651 5164 1714 5216 οὐ
1780 5184 1872 5220 κο-

285 5245 516 5297 πιάσει’
555 5243 679 5297 οὐτε
722 5248 770 5299 εἰ
819 5244 1030 5307 τούτοις
1078 5243 1381 5316 ἐϐουλόμην
1431 5246 1865 5320 θεραπεύεσθαι,

282 5327 534 5398 ἠπόρουν
565 5327 807 5400 ἀπείρων
845 5327 1044 5381 θυσιῶν
1085 5329 1178 5381 καὶ
1229 5329 1722 5400 ὁλοκαυτωμάτων.
1759 5333 1869 5385 Καὶ

351 5442 379 5469 ⁸
408 5439 581 5488 Morel.
612 5440 790 5488 καὶτὸν
823 5442 960 5490 Θεὸν.
1152 5480 1158 5486 .

283 5499 599 5612 “bsAqlxvo;
623 5509 731 5564 post
749 5503 962 5564 φαίνεται
983 5504 1126 5552 deest
1149 5505 1196 5553 in
1243 5503 1438 5565 ωσι-ειη
1461 5505 1549 5554 sed
1573 5511 1649 5554 est
1673 5507 1720 5553 in
1748 5520 1863 5554 mss.

307 5600 316 5607 .
399 5577 475 5611 an
505 5600 516 5611 .

351 5628 374 5656 ⁸
398 5627 496 5675 Alii
521 5627 639 5687 μετὰ
671 5627 859 5687 μικρόν.

349 5685 603 5760 ﬁlii.“
624 5688 761 5760 κρέα
783 5687 868 5760 τοῦ
889 5687 1087 5760 ᾁγξοῖεε,
1191 5751 1207 5760 .
1249 5750 1268 5760 -
1387 5753 1400 5760 -
1475 5750 1486 5760 .

352 5748 558 5813 fSavil.
589 5748 741 5797 etalii
765 5751 851 5806 τήν
889 5748 966 5811 ὑφ’
992 5751 1147 5813 νήλίῳ.
1191 5750 1314 5801 Infra
1354 5750 1626 5813 pleniorem
1667 5767 1868 5804 versum

284 5809 552 5860 referimus
570 5824 633 5859 cx
655 5824 752 5860 mss
792 5809 938 5872 quani
963 5812 1023 5862 sil
1048 5809 1289 5864 in'Morel.
1311 5809 1367 5866 cf
1386 5816 1536 5864 Savil.

1391 359 1756 417 EXPOSITIO
1797 358 1862 415 IN
1903 355 2236 413 PSALMUM
2282 358 2472 412 XLIX.

3490 355 3596 411 9J3

2021 474 2125 546 γὰρ
2160 473 2444 544 πρόκειταί
2469 491 2557 544 μοι
2595 474 2768 527 πάντα
2795 472 2933 546 μετὰ
2965 470 3165 541 πολλῆς
3188 470 3286 540 τῆς
3313 469 3595 539 ἀφθονίας,

2013 560 2111 612 καὶ
2143 558 2344 629 Κύριος
2364 557 2541 611 αὐτῶν
2568 557 2642 611 ὢν
2669 560 2762 612 καὶ
2779 557 3076 626 Δεσπότης,
3103 556 3171 607 τά
3201 553 3309 623 ἐμὰ
3336 552 3595 622 βούλομαι

2016 642 2168 713 παρά
2201 640 2293 694 σοῦ
2328 641 2534 705 λαϐεῖν,
2581 641 2669 694 ἴνα
2703 641 2878 712 τούτῳ
2914 657 2972 692 σε
3007 639 3106 708 τῆς
3152 636 3272 690 ὁδοῦ
3307 635 3384 706 τῷ
3409 636 3597 706 τρόπῳ

2016 726 2157 799 πρὸς
2209 726 2305 796 τὴν
2353 725 2495 796 ἐμὴν
2538 724 2934 793 ἐπισπάσωμαι
2971 722 3174 792 φιλίαν,
3207 721 3302 773 καὶ
3354 720 3452 791 τῆς
3484 719 3596 772 τῶν

2019 809 2261 881 ματαίων
2281 809 2579 878 ἀποστήσω
2603 806 2908 878 συνηθείας.

2083 900 2144 947 ε’.
2165 889 2298 946 Εἶτα
2325 893 2488 946 πάλιν
2512 893 2602 945 ἐπὶ
2621 893 2685 944 τὸ·
2706 891 3038 962 ὑψηλότερον
3059 887 3280 957 ἀγαγών
3301 904 3437 966 φησι
3456 903 3471 919 ·
3493 885 3593 955 Μὴ

2012 977 2270 1044 φάγομαι
2311 976 2454 1043 κρέα
2503 976 2756 1042 ταύρων,
2803 974 2842 1043 ἢ
2883 969 3035 1042 αζιια·
3073 972 3302 1040 τράγων
3346 973 3594 1039 πίομαι;

2011 1058 2200 1113 Ταῦτα
2228 1061 2337 1130 γὰρ
2372 1058 2496 1112 οὐτε
2530 1058 2843 1128 ἀνθρώποις
2873 1060 3047 1110 ποιεῖν
3091 1055 3352 1119 ἐπέταξα,
3405 1056 3589 1126 φησὶν,

2011 1141 2147 1195 ἀλλά
2179 1143 2274 1195 καὶ
2306 1140 2456 1212 [251]
2489 1141 2753 1211 μεγίστην
2776 1140 2953 1212 ὥρισα
2979 1139 3200 1193 κόλασιν
3225 1141 3338 1202 τοῖς
3361 1138 3420 1192 τὸ
3454 1133 3593 1208 αἷμα

2010 1223 2276 1278 ἐσθίουσι.
2311 1224 2433 1286 Πῶς
2459 1220 2552 1276 οὖν
2584 1222 2819 1294 ἤμελλον
2843 1223 3073 1292 αἵματος
3102 1222 3390 1292 δεήσεσθαι
3417 1223 3444 1274 ὁ
3465 1221 3591 1283 τοὺς

2008 1305 2228 1368 δούλους
2260 1307 2492 1374 ἀπάγων
2538 1307 2665 1368 τοὺς
2709 1306 2872 1376 ἐμοὺς
2922 1305 3033 1375 τῆς
3069 1304 3328 1375 τοιαύτης
3373 1303 3588 1374 θοίνης;

2022 1387 2297 1442 Ἐκϐαλὼν
2331 1391 2509 1442 τοίνυν
2545 1388 2718 1443 ταῦτα
2753 1390 2988 1452 ἅπαντα,
3040 1389 3136 1442 καὶ
3170 1388 3352 1452 δείξας
3395 1388 3592 1450 ἀνάξια

2008 1472 2192 1536 αὐτοῦ,
2231 1473 2324 1525 καὶ
2352 1472 2554 1544 πολλὴν
2584 1476 2650 1544 τῇ
2684 1475 2990 1545 κατηγορίᾳ
3019 1473 3118 1544 τὴν
3143 1472 3435 1542 κωμῳδίαν
3462 1471 3592 1523 ἀνα-

2011 1555 2190 1624 μίξας,
2207 1557 2306 1609 ούκ
2324 1557 2520 1628 ἔστησε
2542 1557 2633 1610 τόν
2657 1557 2816 1626 λόγον
2833 1559 2993 1628 μέχρι
3011 1557 3224 1616 τούτου,
3240 1555 3374 1608 ἀλλὰ
3389 1554 3592 1606 δείκνυ·

2009 1656 2092 1692 σιν
2112 1639 2306 1708 ἐτέρας
2328 1640 2757 1711 θυσία-ςτρὸπον,
2773 1642 2911 1710 ὅπερ
2929 1642 3077 1694 ἐστὶν
3097 1639 3341 1709 ἰατρείας
3360 1638 3591 1708 ἀρίστης

2005 1719 2166 1787 εἶδος,
2195 1723 2305 1776 τῶν
2327 1724 2480 1777 οὐδὲν
2503 1723 2860 1795 ὠφελούντων
2889 1725 3193 1792 ἀπάγοντα,
3223 1723 3290 1778 τὰ
3316 1723 3590 1792 δυνάμενα

2004 1805 2251 1878 διορθοῦν
2280 1807 2585 1860 ἐπιτιθέναι
2603 1809 2715 1870 τοῖς
2728 1806 2864 1878 τραύ
2875 1823 3029 1876 μασι.
3053 1807 3210 1859 Μετά
3225 1807 3333 1876 γὰρ
3345 1803 3589 1858 τὺταῦτα

2005 1891 2328 1962 ἀπαρτίσαι,
2370 1891 2550 1960 λέγει’
2587 1890 2790 1945 Θῦσον
2818 1888 2900 1957 τῷ
2929 1891 3070 1957 Θεῷ.
3110 1891 3221 1945 Καὶ
3253 1891 3370 1953 πῶς
3416 1889 3582 1953 θύσω,

2005 1975 2200 2044 φησίν;
2249 1974 2491 2043 Αἵματος
2539 1975 2728 2045 χωρίς.
2777 1973 2948 2027 Τοῦτο
2997 1974 3105 2045 γὰρ
3157 1973 3390 2044 μάλιστα
3423 1971 3585 2024 θυσία

2003 2056 2122 2127 Θεῴ
2169 2058 2475 2128 πρέπουσα.
2509 2057 2608 2110 Διά
2655 2057 2815 2110 τοῦτο
2849 2057 3040 2122 εἰπὼν,
3081 2057 3283 2110 Θῦσον
3319 2056 3399 2120 τῷ
3438 2055 3580 2119 Θεῷ,

2003 2142 2271 2212 ἐπήγαγε,
2300 2142 2533 2196 Θυσίαν
2550 2140 2839 2207 αἰνέσεως
2858 2159 2870 2171 '
2896 2141 3194 2203 τουτέστιν,
3213 2140 3583 2210 εὐχαριστίας,

2002 2223 2186 2294 ὓμνων
2223 2224 2401 2294 ἱερῶν,
2443 2225 2540 2294 τῆς
2564 2224 2650 2277 διὰ
2681 2223 2789 2277 τῶν
2822 2224 2998 2296 ἔργων
3020 2224 3328 2292 δοξολογίας
3365 2224 3408 2277 τ’.
3446 2225 3510 2276 'U
3531 2223 3588 2276 δὲ

2000 2305 2171 2374 λέγει,
2202 2306 2446 2360 τοιοῦτόν
2485 2309 2670 2360 ἐστιν·
2712 2307 2869 2360 Οῦτω
2902 2307 3049 2377 ζῆθι,
3089 2306 3229 2360 ῶστε
3267 2305 3585 2370 δοξάζεσθαί
3628 2353 3632 2360 ,

2002 2407 2096 2442 σου
2131 2390 2221 2443 τὸν
2262 2392 2561 2461 Δεσπότην.
2607 2391 2787 2462 Ὅπερ
2813 2391 2906 2444 καὶ
2935 2394 2962 2444 ὁ
2997 2390 3229 2461 Χριστὸς
3265 2389 3470 2457 ἐδίδαξε
3499 2390 3586 2443 λέ-

1998 2490 2133 2541 γων’
2151 2480 2277 2542 Λαμ
2285 2473 2371 2542 ψά
2379 2491 2453 2527 τω
2467 2473 2531 2527 τὸ
2553 2473 2680 2542 φῶς
2698 2472 2863 2544 ὑμῶν
2878 2475 3222 2544 ἔμπροσθεν
3233 2474 3351 2526 τῶν
3363 2472 3559 2541 ἀνθρώ
3569 2501 3584 2514 ο

1997 2573 2146 2620 πων,
2162 2556 2321 2623 ὅπως
2337 2557 2506 2610 ῑδωσι
2524 2561 2595 2610 τὰ
2612 2558 2769 2611 καλὰ
2785 2558 2928 2626 ἔργα
2950 2556 3139 2628 ὑμῶν,
3160 2557 3259 2611 καί
3275 2555 3584 2620 δτξάσωσι

1995 2639 2104 2692 τὸν
2137 2642 2366 2708 Πατέρα
2398 2638 2565 2709 ὑμῶν
2599 2640 2706 2693 τὸν
2737 2641 2806 2692 ἐν
2838 2641 2963 2704 τοῖς
2981 2641 3278 2708 οὐρανοῖς.
3300 2636 3456 2704 Λίνος
3474 2640 3586 2711 γὰρ

1995 2723 2146 2776 οὐδὲν
2166 2723 2350 2794 ἓτερον
2386 2723 2419 2794 ἢ
2463 2722 2680 2786 ἔπαινός
2713 2726 2849 2787 ἔστη
2872 2723 2996 2788 δόξα
3017 2725 3110 2778 καὶ
3130 2724 3583 2792 εὐφημία.Ἔστω

1994 2808 2174 2862 τοίνυν
2209 2810 2237 2860 ό
2277 2807 2392 2878 βίος
2428 2825 2520 2860 σου
2541 2807 2800 2871 τοιοῦτος,
2825 2806 2969 2860 ὥστε
2990 2808 3126 2878 εὐφη
3139 2807 3354 2877 μεῖσθαί
3378 2823 3471 2860 σου
3491 2807 3583 2860 τὸν

1993 2892 2291 2962 Δεσπότην,
2315 2892 2408 2944 καὶ
2447 2890 2862 2962 ἀπηρτισμένην
2881 2892 3180 2960 εἰσήγαγες
3220 2891 3320 2960 τὴν
3365 2890 3577 2946 θυσίαν.

1994 2974 2208 3043 Ταύτην
2228 2975 2321 3027 καὶ
2343 2977 2370 3028 ό
2393 2973 2602 3036 Παῦλος
2621 2974 2870 3044 ἐπιζητεῖ
2881 2974 2992 3045 τὴν
3007 2975 3218 3028 θυσίαν.
3241 2973 3414 3042 λέγων
3434 2991 3444 3002 ·
3467 2977 3582 3026 Hu-

1983 3059 2336 3127 ραστήσατε
2374 3060 2447 3113 τὰ
2485 3059 2637 3126 μέλη
2678 3059 2847 3128 ὑμῶν
2883 3060 3105 3114 θυσίαν
3143 3057 3358 3124 ζῶσαν,
3379 3059 3576 3128 ἁγίαν,

1991 3142 2322 3211 εὐάρεστον
2353 3141 2433 3208 τῷ
2473 3141 2614 3206 Θεῷ.
2640 3143 2748 3196 Καὶ
2767 3142 3004 3213 ἀλλαχοῦ
3029 3143 3189 3196 πάλιν
3207 3146 3235 3198 ό
3255 3143 3420 3205 αὐτὸς
3440 3160 3576 3214 προ-

1993 3229 2168 3297 φήτης
2186 3243 2201 3257 ο
2241 3225 2471 3279 Αίνέσω
2499 3225 2564 3279 τὸ
2595 3225 2784 3294 ὄνομα
2803 3225 2909 3280 τοῦ
2933 3226 3080 3280 θεοῦ
3098 3243 3217 3295 μου
3246 3225 3374 3294 μετ’
3395 3225 3574 3292 ᾠδῆς.

1985 3308 2305 3380 μεγαλυνῶ
2343 3309 2530 3364 αὑτὸν
2564 3309 2890 3363 ἐναίνέσει
2913 3328 2926 3342 ο
2961 3309 3059 3363 καὶ
3095 3309 3298 3378 ἀρέσει
3339 3309 3418 3375 τῷ
3456 3311 3578 3375 Θεῷ

1989 3394 2142 3461 ὑπὲρ
2173 3397 2412 3462 μόσχον
2446 3391 2840 3461 νέονξκέρατα
2860 3392 3189 3461 ἐκφέροντα
3224 3393 3322 3446 καὶ
3355 3397 3434 3447 οέῑ
3452 3392 3574 3459 κάς.

1989 3476 2174 3541 Οῦτως
2215 3476 2336 3530 ἔθυε
2375 3478 2470 3529 καὶ
2501 3476 2636 3529 Ἰὼϐ·
2660 3476 2799 3547 μετά
2838 3477 2935 3541 τὰς
2974 3476 3188 3547 πληγὰς
3227 3478 3440 3542 ἐκείνας
3477 3480 3576 3534 τὰς

1990 3560 2129 3631 ὑπὲρ
2167 3559 2350 3627 φύσιν,
2373 3559 2732 3631 εὐχαριστῶν,
2755 3562 2849 3614 καὶ
2890 3559 3060 3614 ταῦτα
3101 3560 3469 3631 φθεγγόμενος
3507 3563 3574 3615 τὰ

1993 3639 2221 3710 ῥήματα
2239 3656 2254 3672 °
2292 3642 2354 3695 '0
2381 3643 2593 3708 Κύριος
2616 3642 2860 3708 ἔδωκεν,
2885 3647 2918 3698 ὁ
2945 3646 3158 3714 Κύριος
3175 3647 3474 3715 ἀφείλετο,
3492 3651 3572 3715 ὡς

1991 3719 2072 3786 τῷ
2085 3721 2528 3790 Κυρίφέδοξεν,
2552 3723 2815 3776 οὕτωκαὶ
2835 3723 3073 3790 ἐγένετο
3093 3740 3107 3754 ·
3138 3727 3234 3790 εἵη
3265 3730 3330 3780 τὸ
3385 3729 3572 3797 ὄνομα

1992 3803 2210 3868 Κυρίου
2221 3801 2630 3870 εὐλογημένον
2639 3804 2724 3868 εἰς
2734 3803 2873 3868 τοὺς
2885 3802 3121 3868 αἰῶνας.
3138 3808 3243 3859 Καὶ
3256 3807 3478 3872 ἀπόδος
3490 3806 3572 3872 τῷ

1996 3891 2264 3959 ’Υψίστῳ
2281 3891 2387 3953 τὰς
2407 3890 2592 3959 εὐχάς
2611 3907 2747 3945 σου.
2771 3891 2882 3954 Τὰς
2905 3892 3182 3962 ἱκετηρίας
3205 3889 3440 3943 ἐνταῦθά
3468 3908 3563 3958 φης

1987 3990 2090 4037 σιν,
2111 3973 2250 4026 ὥστε
2269 3974 2534 4044 διηνεκῶς
2552 3977 2616 4045 τῇ
2638 3975 2818 4045 δεήσει
2841 3975 3289 4045 προσκαρτερεῖν,
3314 3973 3406 4025 καὶ
3427 3971 3528 4024 ἆπε
3537 3990 3569 4042 ρ

1985 4055 2535 4125 ἃνὲπαγγελλώμεθα
2558 4057 2692 4127 μετά
2712 4057 2907 4126 τάχους
2927 4054 3248 4111 ἀποδιδόναι.
3268 4056 3372 4106 Καὶ
3391 4054 3569 4116 καλῶς

1983 4134 2168 4191 εἶπεν
2205 4139 2474 4205 Ἀπόδος.
2497 4140 2649 4192 Μετὰ
2688 4140 2798 4211 γὰρ
2833 4140 2932 4210 τὴν
2968 4137 3293 4206 ἐπαγγελίαν
3315 4136 3473 4208 χρέος
3507 4136 3569 4190 τὸ

1984 4223 2214 4293 πρᾶγμα
2249 4222 2478 4290 γίνεται.
2502 4221 2687 4286 Οῦτως
2713 4223 2880 4276 ’Ἅννα
2919 4221 3168 4275 ἀπέδωκε
3208 4221 3297 4273 τὸν
3334 4221 3468 4280 υίὶν,
3491 4219 3567 4282 ὡς

1982 4304 2202 4375 ὄφλημα
2222 4305 2499 4376 μέγιστον.
2523 4307 2632 4358 Καὶ
2653 4307 2716 4359 σὺ
2737 4306 2918 4358 τοίνυν
2939 4305 3042 4358 κᾶν
3064 4302 3430 4374 ἐλεημοσύνην
3462 4304 3565 4354 ἐπ-

1983 4387 2241 4460 αγγέλλῃ,
2266 4388 2369 4442 κᾶν
2410 4387 2663 4459 σώφρονα
2705 4387 2838 4458 βίον,
2862 4388 2964 4441 κᾶν
2983 4387 3170 4458 ἕτερόν
3209 4405 3265 4439 τιν
3301 4385 3562 4446 τοιοῦτον,

1984 4471 2179 4525 σπεῦδε
2211 4471 2350 4541 πρὸς
2379 4472 2478 4540 τὴν
2499 4471 2721 4524 ἔκτισιν.
2747 4472 2808 4524 El
2829 4471 2886 4524 δέ
2906 4489 2986 4534 τις
3006 4470 3247 4542 ἀκριϐῶς
3268 4470 3561 4536 ἐξετάσειε,

1983 4555 2088 4609 κᾶν
2111 4556 2185 4626 μὴ
2208 4554 2631 4623 ἐπαγγέλληται,
2656 4558 2920 4624 χρεωστεῖ
2936 4554 3082 4625 αὐτῴ
3116 4553 3184 4607 τὰ
3214 4554 3310 4622 τῆς
3341 4553 3559 4623 ἀρετῆς.

1982 4638 2088 4693 Καὶ
2107 4639 2262 4692 τοῦτο
2280 4637 2451 4708 δηλῶν
2471 4641 2500 4692 ό
2519 4640 2751 4710 Χριστὸς
2772 4639 2984 4708 ἔλεγεν·
3013 4641 3080 4693 Ἃ
3103 4641 3211 4710 γὰρ
3233 4641 3563 4710 ὠφείλομεν

1980 4726 2251 4789 ποιῆσαι,
2290 4721 2719 4790 πεποιήκαμεν.
2745 4723 2939 4776 Καίτοι
2975 4722 3073 4792 τὴν
3112 4719 3423 4792 παραϐολὴν
3463 4721 3557 4774 τοῦ

1979 4805 2162 4859 δούλου
2185 4804 2338 4872 έλεγε
2357 4805 2448 4858 τοῦ
2470 4804 2758 4874 ἐλαχίστην
2778 4804 3076 4867 διακονίαν,
3093 4805 3212 4874 οὐχὶ
3233 4803 3562 4872 κατακλιθῆ-

1980 4905 2088 4951 ναι,
2108 4887 2486 4958 κελευομένου,
2508 4887 2644 4942 ἀλλά
2681 4888 2970 4960 παρελθεῖν
3009 4888 3104 4942 καὶ
3137 4888 3423 4940 διακονεῖν.
3449 4886 3560 4936 Καὶ

1980 4971 2065 5023 ἐτε
2075 4989 2164 5042 ρος
2181 4970 2238 5024 δέ
2255 4969 2338 5034 τίς
2361 4988 2556 5042 φησιν·
2579 4969 2676 5038 Μὴ
2706 4972 2999 5040 χρονίσῃς
3019 4969 3348 5025 ἀποδοῦναι
3367 4965 3560 5034 εὐχήν

1979 5069 2116 5106 σου.
2133 5053 2509 5122 Ἐπηγγείλω;
2558 5054 2796 5117 Ἀπόδος,
2826 5056 2900 5124 μή
2922 5071 3051 5108 ποτε
3073 5053 3296 5112 θάνατος
3315 5047 3554 5101 ἐπελθὼν

1977 5143 2224 5214 διακόψῃ,
2249 5145 2358 5196 Καὶ
2375 5144 2427 5196 τί
2449 5145 2582 5215 πρὸς
2603 5145 2701 5214 ἐμέ
2721 5161 2736 5210 ;
2760 5145 2956 5216 φησίν·
2979 5145 3042 5198 οὐ
3059 5143 3168 5212 γὰρ
3190 5141 3376 5211 κύριος
3407 5139 3554 5208 ἥμην

1977 5228 2076 5298 τῆς
2098 5226 2259 5297 ζωῆς.
2285 5227 2382 5282 Διὰ
2401 5227 2559 5280 τοῦτο
2579 5227 2686 5298 γὰρ
2708 5228 2871 5298 ἐχρῆν
2896 5226 2970 5297 μὴ
2990 5225 3253 5296 χρονίσαι,
3275 5223 3334 5274 τὸ
3362 5221 3553 5292 ἄδηλον

1979 5310 2263 5364 ἐννοοῦντα
2298 5310 2396 5379 τῆς
2437 5307 2638 5375 ἐξόδου,
2663 5311 2754 5362 καὶ
2774 5310 2854 5361 ὅτι
2874 5309 3060 5379 κύριος
3080 5308 3178 5359 οὐκ
3198 5301 3246 5357 εἶ
3267 5305 3364 5373 τῆς
3408 5304 3553 5372 ζωῆς

1978 5394 2186 5463 καὶτῆς
2207 5391 2454 5445 ἐντεῦθεν
2475 5391 2967 5462 ἀποδημίας.Ὤστε
2990 5394 3022 5460 ἡ
3042 5387 3270 5442 δοκοῦσα
3291 5388 3554 5457 ἀπολογία

1977 5475 2278 5546 κατηγορία
2297 5473 2464 5527 ἐστίν.
2489 5473 2623 5526 Οὐδὲ
2665 5474 2775 5543 γὰρ
2810 5472 2903 5526 τοῦ
2943 5472 3172 5524 θανάτου
3191 5471 3376 5524 λοιπὸν
3396 5471 3455 5525 τὸ
3477 5472 3554 5545 μὴ

1974 5559 2266 5613 ἀποδοῦναι
2285 5557 2524 5626 γέγονεν,
2547 5556 2684 5610 ἀλλά
2717 5556 2814 5626 τῆς
2857 5557 2954 5628 σῆς
2977 5556 3285 5627 μελλήσεως
3304 5559 3398 5610 καὶ
3417 5559 3552 5610 ἀνα-

1975 5645 2156 5714 δολῆς.
2178 5641 2664 5698 Καὶέπικάνίεσαί
2689 5659 2766 5711 με
2795 5643 2864 5696 ἐν
2901 5643 3090 5712 ἡμέρᾳ
3128 5642 3388 5712 θλίψεώς
3408 5657 3549 5708 σου,

2002 5756 2060 5868 rf
2089 5757 2210 5808 Mor.
2239 5756 2451 5808 habebat
2495 5756 2792 5821 εὐχαριστίας
2827 5758 2905 5806 καὶ
2947 5758 3214 5822 ὃοξολογίας
3236 5769 3380 5806 secus
3403 5768 3547 5820 quam

2021 5833 2074 5868 ιι.

1973 5833 2074 5869 all].
