4086 6268
506 357 615 414 2ί9

1204 356 1260 410 S.
1302 323 1590 411 JO.\NN-IS
1619 354 2109 411 CHRYSOSTOHI
2149 356 2468 412 ARCHIEP.
2503 356 3051 417 CONSTANTINOP.‘

3672 364 3778 420 250

509 472 607 525 καί
641 469 964 539 ἐξελοῦμαί
1001 487 1094 532 σε,
1118 472 1214 524 καὶ
1236 469 1390 543 [252]
1412 469 1693 536 δοξάσεις
1728 487 1824 540 με.
1842 468 2004 541 Ὀρᾷς
2025 471 2091 523 ἐκ
2198 471 2380 536 αὐτὸς,
2402 474 2484 526 ὅτι
2503 473 2654 526 οὐδὲν
2673 472 2861 542 ὄφελος
2878 475 2972 527 τοῦ
2993 473 3262 528 διδάσκειν
3282 475 3522 547 ἐτέρους,
3542 476 3670 530 ὅταν
3693 494 3777 543 τις

508 556 705 611 πολλοῦ
726 554 822 609 τοῦ
842 556 1123 624 περιόντος
1140 556 1240 627 τὴν
1260 555 1525 609 ἀντίδοσιν
1542 555 1825 625 διδομένην
1844 574 1858 620 ;
1882 553 1947 608 Τί
1983 555 2089 608 τοί-

509 657 603 693 νυν
641 641 742 710 τῆς
776 639 1032 710 τοιαύτης
1064 638 1472 711 φιλανθρωπίας
1507 637 1621 692 ἴσον
1641 639 1836 708 γένοιτ’
1854 638 1942 700 ἂν,
1961 639 2089 691 ὅταν

510 723 606 778 καὶ
624 723 793 794 αὐτῆς
828 723 930 794 τῆς
966 725 1167 795 ἀρετῆς
1191 723 1413 794 μισθοὺς
1431 723 1561 793 ἡμῖν
1579 722 1723 793 διδῷ,
1748 721 1841 775 καὶ
1863 721 2088 787 μισθοὺς

510 800 691 877 πολλῷ
724 806 972 878 μείζονας
989 806 1098 860 τῶν
1116 807 1313 870 πόνων,
1337 807 1430 859 καὶ
1450 806 1656 876 σφόδρα
1677 806 1732 857 ἐν
1755 804 1927 874 καιρῷ
1946 803 2086 856 διδο-

513 891 740 960 μένους;
773 891 882 944 Kal
917 889 1005 943 διὰ
1022 890 1093 954 τί,
1118 889 1300 960 φησὶν,
1323 882 1474 941 εἶπεν
1492 904 1506 919 ·
1565 885 1944 940 Ἑπικάλεσαί
1973 902 2087 955 με;

510 968 596 1027 διὰ
615 977 667 1027 τί
686 974 943 1045 ἀναμένει
964 973 1243 1027 καλεῖσθαι
1266 990 1340 1025 πα
1350 974 1396 1044 ρ’
1419 974 1451 1044 ἡ
1460 971 1573 1041 μῶν
1594 987 1608 1036 ;
1631 969 1869 1033 Μείζονα
1890 968 1985 1041 τὴν
2004 971 2085 1023 ol-

512 1057 732 1109 xeiwa‘w
766 1059 898 1128 ἡμῖν
936 1058 1157 1127 ποιῆσαι
1179 1055 1517 1126 βουλόμενος,
1539 1054 1632 1108 καὶ
1650 1053 1746 1124 τὴν
1768 1054 1903 1123 πρὸς
1925 1052 2086 1105 αὐτὸν

512 1139 694 1207 φιλίαν
713 1140 1069 1211 θερμοτέραν,
1092 1141 1186 1193 καὶ
1222 1138 1300 1208 τῷ
1345 1137 1545 1199 δοῦναι,
1568 1136 1755 1206 καὶτῷ
1783 1135 2083 1202 καλεῖσθαι,

511 1223 605 1275 καὶ
624 1221 701 1293 τῷ
721 1222 1035 1292 λαμϐάνειν.
1059 1223 1166 1276 Kal
1186 1221 1342 1292 γὰρὴ
1367 1220 1534 1291 ἀρετὴ
1557 1219 1692 1289 πρὸς
1723 1219 1855 1271 Θεὸν
1875 1221 2084 1281 οἰκειοῖ,

513 1304 606 1358 καὶ
646 1307 679 1375 ἡ
714 1306 980 1369 ἀντίδοσις
1020 1306 1080 1358 τὺ
1117 1306 1247 1359 αὐτὸ
1267 1305 1554 1374 ἐργάζεται
1571 1320 1583 1331 ’
1608 1303 1700 1355 καὶ
1720 1303 1753 1371 ἡ
1772 1301 1903 1371 εὐχὴ
1927 1301 2085 1355 πάλιν

510 1386 714 1458 ταύτην
736 1391 1026 1459 συγκροτεῖ
1047 1388 1145 1458 τὴν
1180 1388 1470 1441 οἰκείωσιν.
1494 1386 1591 1438 Διὰ
1620 1383 1776 1437 τοῦτό
1797 1401 1928 1454 φησι
1950 1401 1963 1416 ο
1988 1384 2087 1446 Δός

514 1486 626 1537 μοι,
648 1470 742 1525 καὶ
760 1468 951 1541 δίδωμί
974 1488 1075 1524 σοι.
1090 1472 1199 1524 Kal
1220 1472 1276 1523 ἐν
1295 1468 1371 1538 τῷ
1390 1468 1588 1522 διδόναι
1605 1467 1662 1520 δὲ
1685 1467 1746 1519 σὺ
1768 1466 2083 1537 λαμδάνεις⁸

510 1553 674 1617 αὐτὸς
707 1555 816 1625 γὰρ
849 1555 1052 1608 τούτων
1084 1555 1524 1627 άνενδεής.’¹Ωστε
1545 1552 1646 1605 κᾶν
1666 1551 1913 1620 ἐπιεικὴς
1930 1550 2083 1621 γένῃ,

512 1635 613 1689 κᾶν
651 1637 889 1708 μέτριος,
910 1638 1013 1692 κᾶν
1050 1638 1302 1708 σώφρων,
1323 1637 1384 1690 οὐ
1416 1635 1495 1707 τῷ
1514 1635 1631 1705 Θεῷ
1649 1652 1700 1687 τι
1721 1632 2082 1704 προσέθηκας,

511 1720 647 1774 ἀλλὰ
667 1721 863 1774 σαυτὸν
882 1721 1134 1793 λαμπρὸν
1154 1720 1416 1791 ἐποίησας
1435 1718 1529 1772 καὶ
1549 1717 1756 1788 ἀμείνω
1771 1735 1783 1747 ’
1808 1716 1920 1769 ἀλλ’
1937 1717 2085 1786 ὅμως

513 1804 608 1855 καὶ
642 1803 845 1856 τούτων
884 1805 959 1866 ώς
998 1802 1162 1855 αὐτὸν
1180 1802 1474 1871 ώφελοῦντι
1499 1800 1724 1872 μισθούς
1746 1817 1826 1852 σοι
1848 1800 1941 1852 καὶ
1964 1815 2085 1850 στε-

512 1886 714 1955 φάνους
755 1885 926 1956 ὁρίζει
971 1886 1412 1957 μεγίστους-,Καὶ
1449 1885 1556 1955 πρὸ
1592 1883 1697 1937 τῶν
1736 1883 2011 1951 στεφάνων
2030 1882 2087 1936 δὲ

511 1958 736 2022 ἐκείνων
774 1969 836 2022 οὐ
876 1970 1078 2040 μικρᾶς
1113 1969 1403 2031 ἀπολαύεις
1421 1968 1633 2038 ἡδονῆς.
1656 1965 1844 2037 ἀγαθῷ
1865 1984 2087 2037 συντρε-

513 2053 744 2124 φόμενος
765 2054 1047 2118 συνειδότι,
1070 2059 1164 2107 καὶ
1184 2055 1446 2124 χρησταῖς
1467 2051 1664 2120 πτερού
1673 2068 1831 2121 μενος
1850 2051 2080 2104 ἐλπίσιν.

520 2136 761 2209 Ἦμέραν
798 2137 854 2189 δέ
895 2136 1124 2207 θλίψεως
1155 2134 1388 2190 ἐνταῦθά
1421 2150 1602 2204 φησιν,
1623 2135 1683 2185 οὐ
1701 2133 1801 2197 τὰς
1819 2133 1925 2187 τῶν
1947 2152 2086 2204 συμ-

510 2219 714 2289 φορῶν,
735 2217 859 2272 οὔτε
876 2218 979 2283 τὰς
999 2220 1108 2271 τῶν
1126 2210 1519 2289 περιστάσεων,
1539 2216 1653 2269 ἀλλ’
1673 2217 1754 2269 ὅτι
1781 2216 1883 2270 κᾶν
1905 2217 2085 2287 ἀμαρ-

508 2304 602 2355 τία
620 2301 850 2372 πολεμῇ,
863 2300 964 2357 κᾶν
982 2301 1224 2365 διάϐολος
1247 2299 1527 2371 πολιορκῇ,
1541 2299 1834 2370 ἐπιθυμίας
1850 2301 2085 2368 εἰσάγων

510 2390 772 2461 πονηράς,
793 2391 994 2461 πολλῆς
1023 2390 1308 2462 ἀπολαύσῃ
1346 2390 1447 2459 τῆς
1485 2388 1818 2459 συμμαχίας.
1843 2388 1951 2443 Καὶ
1984 2389 2082 2455 ἐξ·

508 2478 761 2547 ελοῦμαι
795 2494 891 2542 σε,
911 2479 1008 2531 καί
1048 2475 1328 2543 δοξάσεις
1355 2493 1451 2546 με.
1474 2462 1640 2531 Πάλιν
1659 2477 1891 2530 ἐνταῦθα
1908 2479 1969 2530 οὺ
1986 2478 2084 2548 τῆς

511 2564 643 2636 παρ’
663 2564 819 2635 ἡμῶν
834 2564 991 2636 δόξης
1010 2564 1259 2634 δεόμενός
1280 2581 1411 2635 φησι
1432 2564 1589 2618 τοῦτο
1624 2570 1641 2635 (
1660 2566 1777 2628 πῶς
1810 2565 1920 2638 γὰρ
1938 2567 1966 2618 6
1983 2566 2086 2635 τῆς

507 2651 667 2722 δόξης
684 2651 818 2716 Θεός
837 2653 900 2721 ;),
920 2652 1033 2706 ἀλλ’
1052 2651 1191 2705 ὥστε
1213 2652 1300 2706 διὰ
1318 2652 1409 2705 τὸν
1427 2653 1525 2722 τῆς
1542 2653 1892 2724 εὐχαριστίας
1918 2653 2083 2724 ῦμνον

508 2739 753 2808 γίνεσθαι
790 2741 886 2811 τῆς
923 2741 1235 2813 εὐεργεσίας
1252 2739 1353 2812 τὴν
1374 2741 1616 2812 μνήμην,
1637 2742 1731 2795 καὶ
1752 2740 2085 2814 θερμοτέραν

506 2831 605 2903 τὴν
644 2833 780 2905 πρὸς
794 2834 971 2905 ἀὐτὸν
987 2833 1244 2898 διάθεσιν,
1267 2833 1361 2887 καὶ
1381 2835 1609 2903 πρώτως
1626 2832 1857 2897 εὺξωῖαν
1876 2845 1904 2875 ι
1928 2834 2081 2905 μεγί-

512 2902 645 2972 στην
665 2902 980 2973 λαμϐάνειν.

586 2992 661 3056 ς’.
680 2993 794 3063 Οὐχ
831 2993 1207 3063 ἁμαρτήσεται
1245 2990 1304 3044 δὲ
1342 2990 1436 3044 τοῦ
1479 2991 1783 3061 πρέποντος
1816 2991 1985 3045 είπών
2001 3010 2085 3057 τις

511 3078 744 3132 ἐνταῦθα
763 3079 976 3149 ἡμέραν
994 3078 1226 3147 θλίψεως
1245 3077 1405 3131 αὐτὸν
1417 3078 1616 3146 λέγειν,
1639 3079 1732 3131 καὶ
1748 3077 1845 3149 τὴν
1868 3078 2086 3148 μέλλου-

513 3181 613 3218 σαν
638 3166 875 3237 ἡμέραν·
902 3167 935 3234 ἠ
966 3164 1077 3235 γὰρ
1111 3163 1289 3234 θλίψις
1307 3164 1489 3235 ἐκείνη
1510 3165 1804 3226 ἄπαυστος.
1821 3164 2085 3219 Ἐνταῦθα

515 3253 614 3321 μὲν
634 3253 741 3319 γὰρ
759 3254 853 3306 καὶ
872 3251 1100 3314 θάνατος
1119 3251 1286 3306 ἐπιὼν
1304 3250 1420 3305 λύει
1439 3253 1537 3314 τὰς
1558 3252 1864 3322 συμφοράς,
1882 3252 1976 3306 καὶ
1994 3253 2086 3321 φί-

511 3339 594 3392 λοι
629 3338 1092 3409 παρακαλοῦντες,
1113 3342 1208 3394 καὶ
1228 3338 1379 3402 τέλος
1399 3338 1866 3409 προσδοκώμενον,
1888 3338 2083 3392 πολλά-

514 3444 601 3490 κις
618 3428 673 3480 δὲ
692 3429 785 3480 καὶ
804 3430 1142 3500 πραγμάτων
1167 3413 1435 3501 μεταϐολὴ
1468 3428 1816 3499 ἐλπιζομένη,
1837 3429 1930 3482 καὶ
1960 3429 2086 3499 χρό-

513 3531 604 3566 νου
644 3514 817 3585 μῆκος
851 3516 1089 3586 ἐμάλαξε
1122 3516 1224 3586 τῆς
1258 3516 1434 3587 ψυχῆς
1468 3515 1530 3570 τὸ
1563 3515 1758 3580 πάθος,
1775 3517 1869 3570 καὶ
1902 3519 1937 3588 ὴ
1975 3516 2085 3571 τῶν

516 3601 758 3672 πλησίων
776 3602 1101 3673 δυσημερία.
1121 3603 1196 3656 Τδ
1213 3592 1321 3674 γὰρ
1343 3604 1486 3674 ἐχειν
1505 3605 1791 3667 κοινωνοὺς
1823 3604 1933 3658 τῶν
1965 3604 2087 3658 όδυ-

517 3688 717 3759 νηρῶν,
740 3690 833 3743 καὶ
877 3689 1045 3743 πολλὰ
1080 3689 1306 3745 τοιαῦτα
1341 3692 1474 3762 όρᾷν
1512 3688 1901 3761 ὑποδείγματα,
1942 3693 2086 3768 μέγα

516 3777 729 3841 πολλοῖς
765 3778 846 3841 είς
883 3778 1237 3849 παραμυθίαν
1274 3773 1415 3831 εἶναι
1454 3778 1650 3845 ἔδοξεν.
1670 3779 1816 3832 Ἐκεῖ
1846 3779 1904 3832 δέ
1933 3779 2085 3833 οὐδὲν

513 3864 755 3918 τοιοῦτόν
793 3865 973 3918 ἐστιν·
1013 3865 1138 3918 οὔτε
1174 3865 1283 3937 γάρ
1320 3882 1402 3928 τις
1439 3865 1772 3937 παρακαλῶν
1803 3866 2082 3937 πάρεστιν,

514 3952 628 4006 ἀλλ’
646 3953 709 4005 ἐν
725 3952 933 4024 ἐρημίᾳ
951 3952 1120 4018 φίλων
1139 3952 1379 4016 ἅπαντές
1398 3954 1552 4005 εἰσιν.
1576 3952 1651 4003 Οὐ
1688 3950 1877 4022 χρόνου
1915 3953 2086 4022 μῆκος

517 4039 779 4109 μαλάσσει
800 4039 897 4111 τὴν
917 4038 1107 4110 ὀδύνην
1124 4038 1263 4108 (ταῦς
1282 4040 1390 4111 γάρ
1408 4039 1758 4111 ἐπικειμένης
1774 4039 1875 4110 τῆς
1893 4040 2087 4110 φλογὸς

513 4128 579 4180 δι’
598 4127 721 4181 ὅλου
740 4128 800 4198 ;)·
825 4129 924 4182 οὐκ
944 4127 1099 4192 ἐλπὶς
1117 4127 1466 4198 ιίιπαλλαγῆς⁹
1489 4126 1683 4182 αἰωνία
1704 4127 1811 4199 γὰρ
1846 4129 1885 4199 ἡ
1922 4128 2085 4181 κόλα-

517 4232 601 4278 σις
619 4231 633 4244 ·
656 4216 716 4269 οὐ
737 4215 968 4271 θανάτου
1000 4214 1291 4288 προσδοκία
1312 4232 1328 4246 ·
1359 4213 1629 4277 ἀθάνατος
1644 4213 1753 4285 γὰρ
1772 4215 1806 4285 ἡ
1826 4213 2085 4284 τιμωρία,

515 4303 699 4358 καὶτὰ
717 4302 945 4376 σώματα
975 4304 1035 4357 δὲ
1071 4303 1140 4357 τὰ
1179 4298 1518 4374 κολαζόμενα
1536 4302 1777 4356 ἀθάνατα
1795 4317 1810 4332 ’
1831 4300 1944 4356 ἀλλ’
1966 4301 2089 4355 οὐδέ

515 4388 675 4443 τοῦτο
706 4389 735 4443 ὃ
768 4390 917 4444 δοκεῖ
950 4391 1165 4455 πολλοῖς
1192 4388 1540 4460 παραμυθίαν
1561 4389 1766 4459 φέρειν,
1787 4388 1849 4441 τὸ
1868 4388 2089 4460 ἐτέρους

516 4480 648 4549 ὁρᾷν
666 4481 726 4533 ἐν
744 4479 981 4534 κολάσει.
1017 4462 1239 4550 Πρῶτον
1261 4480 1360 4549 μὲν
1379 4478 1488 4549 γὰρ
1507 4478 1625 4531 οὐδὲ
1651 4477 1777 4531 ίδεῖν
1797 4477 1910 4531 ἔστι
1930 4478 2089 4532 κολαο

519 4564 795 4636 ζομένους,
812 4566 908 4621 τοῦ
928 4567 1148 4632 σκότους
1169 4569 1291 4621 ἀντὶ
1308 4567 1505 4631 παντὸς
1536 4566 1948 4637 διαφράγματος
1971 4568 2091 4620 ἐπι-

521 4653 834 4716 σκιάξοντος
867 4653 964 4717 τὰς
1002 4653 1153 4724 ὄψεις
1171 4667 1187 4682 ·
1208 4653 1397 4708 ἔπειτα
1416 4655 1450 4724 ἡ
1471 4653 1746 4724 ὑπερϐολὴ
1766 4653 1866 4724 τῆς
1899 4653 2092 4724 ὀδύνης

520 4739 644 4794 οῦτε
663 4740 866 4811 ταύτης
883 4741 1103 4811 ἀφίησιν
1121 4742 1370 4813 αἴσθησιν
1388 4740 1570 4794 λαϐεῖν
1587 4741 1688 4811 τῆς
1719 4740 2088 4812 παραμυθίας.

531 4828 593 4882 '0
610 4828 742 4898 γοῦν
760 4828 1013 4893 πλούσιος
1031 4828 1183 4882 οὐδὲν
1201 4828 1352 4882 ἔνθεν
1369 4829 1448 4890 είς
1468 4828 1820 4898 παραμυθίας
1838 4828 2093 4899 ἐκαρπώ-

520 4935 652 4971 σατο
681 4915 860 4985 λόγον,
882 4915 1002 4969 οὐδὲ
1031 4916 1082 4968 οί
1123 4914 1273 4987 [⁸235]
1292 4916 1418 4977 τοὺς
1434 4914 1652 4977 ὀδόντας
1673 4912 1981 4985 βρύχοντες.
2008 4912 2094 4980 Τῷ

515 5005 587 5059 δὲ
616 5002 940 5073 ἁμαρτωλῷ
967 4999 1139 5057 εἷπεν
1157 5005 1190 5056 ό
1215 5004 1358 5067 Θεός
1375 5018 1389 5032 ·
1426 5001 1561 5056 Ἵνα
1578 5001 1636 5054 τί
1656 5001 1738 5054 σὺ
1756 4999 2003 5070 ἐκδιηηῖ
2021 5001 2095 5056 τὰ

517 5091 877 5162 δικαιώματὰ
888 5106 1043 5161 μου;
1068 5085 1219 5154 Εἶδες
1237 5089 1334 5162 τὴν
1354 5089 1766 5161 ἀπηρτισμένην
1787 5088 1976 5159 λύραν,
1997 5089 2094 5158 τὴν

519 5182 813 5253 σύμφωνον
851 5178 1106 5250 κιθάραν,
1126 5177 1224 5249 τὴν
1260 5178 1321 5230 ὲν
1360 5175 1634 5247 διαφόροις
1671 5174 1928 5245 φθόγγοις
1966 5177 2093 5246 μίαν

520 5270 788 5343 ἁρμονίαν
820 5267 1090 5338 ὴχοῦσανς
1130 5264 1300 5319 Τοῦτο
1334 5265 1444 5336 γάρ
1481 5265 1543 5317 τὸ
1579 5265 1773 5335 νόημα,
1815 5263 1908 5318 καὶ
1943 5266 2094 5335 παρὰ

521 5361 836 5424 ἀποστόλοις
873 5360 1021 5414 ἔστιν
1062 5358 1211 5425 ίδεῖν,
1234 5360 1327 5412 καὶ
1366 5356 1519 5429 παρὰ
1554 5360 1859 5428 προφήταις
1888 5355 2095 5426 ἑτέροις

399 5456 416 5529 ξ
522 5454 773 5524 κείμενον
791 5469 805 5484 ·
828 5455 923 5507 καὶ
940 5451 1155 5516 Παῦλος
1177 5452 1277 5524 μὲν
1294 5449 1438 5505 οὕτω
1456 5447 1571 5515 πώς
1593 5466 1749 5521 φησι,
1768 5448 1980 5513 δεικνὺς
2000 5448 2094 5502 καὶ

587 5647 618 5710 ξ
638 5645 707 5694 Ita
725 5645 984 5710 R_eg.7655.
1009 5622 1138 5700 Εάὶιὶ
1163 5649 1233 5709 τῷ
1250 5649 1436 5709 πρῶτον
1460 5647 1656 5703 εύζωΐαν
1672 5684 1683 5694 .
1711 5647 1861 5696 Savil.
1884 5659 2003 5695 vero
2025 5649 2093 5710 τῷ

526 5709 713 5774 πρῶτος
734 5707 947 5774 εὐζῳΐαν,
971 5713 1096 5760 male
1128 5725 1139 5753 ι
1182 5707 1261 5761 hic
1285 5707 1419 5760 locus
1456 5712 1526 5758 sic
1560 5716 1818 5770 corruptus
1844 5712 1968 5759 mire
1991 5707 2094 5758 lor}

527 5774 660 5818 senl
680 5768 932 5818 Savilium.

2192 555 2385 608 ἑαυτὸν
2405 556 2669 626 πρότερον
2706 555 2887 610 λαϐὼν
2909 560 2984 628 μὴ
3004 557 3248 631 διδάσκῃ.
3267 558 3483 629 Ἐπειδὴ
3504 559 3615 630 γὰρ
3633 560 3780 630 μέγα

2194 636 2459 708 ἐφρόνουν
2496 638 2683 709 ὥσπερ
2719 640 2812 692 ἐπὶ
2847 643 2966 704 ταῖς
3004 640 3237 705 θυσίαις,
3257 640 3399 694 οὕτω
3434 643 3530 695 καὶ
3569 645 3662 696 ἐπὶ
3696 644 3778 717 τῷ

2194 722 2356 790 νόμον
2393 721 2558 791 ἔχειν,
2584 724 2675 775 καὶ
2712 721 3019 777 διδάσκαλοι
3055 725 3165 777 τῶν
3202 724 3376 778 ἄλλων
3396 727 3774 797 χρηματίζειν,

2190 800 2426 869 δεικνὺς,
2456 804 2538 856 ὅτι
2574 804 2726 858 οὐδὲν
2767 806 2910 874 μέγα
2948 806 3306 877 καρποῦνται,
3341 807 3466 861 ὅταν
3502 808 3778 863 ἀδίδακτος

2196 884 2430 953 μένωσιν
2465 887 2637 951 αὐτοὶ,
2659 887 3067 959 καθαπτόμενος
3098 890 3451 962 σφοδρότερον
3469 890 3577 945 τῶν
3593 892 3776 947 τοιού-

2189 984 2317 1031 των,
2340 966 2521 1036 λέγει’
2573 969 2628 1021 Ὁ
2667 966 2781 1024 οὖν
2816 970 3119 1025 διδάσκων
3154 972 3383 1042 ἕτερον,
3403 977 3670 1031 σεαυτὸν
3700 978 3775 1032 οὐ

2190 1048 2530 1117 διδάσκεις;
2550 1054 2581 1105 ὁ
2602 1054 2930 1120 κηρύσσων
2942 1054 3028 1122 μὴ
3050 1055 3350 1120 κλέπτειν,
3384 1055 3665 1125 κλέπτεις
3684 1075 3705 1123 ;
3739 1062 3777 1114 ὁ

2183 1132 2687 1203 ,βδελυσσόμενος
2704 1136 2778 1189 τὰ
2793 1135 3030 1200 εἴδωλα,
3052 1138 3416 1205 ἱεροσυλεῖς
3437 1139 3505 1206 ὃς
3522 1141 3594 1194 ἐν
3611 1144 3777 1212 νόμῳ

2188 1215 2512 1284 καυχᾶσαι,
2556 1218 2653 1271 διὰ
2693 1217 2805 1287 τῆς
2849 1219 3238 1287 παραϐάσεως
3280 1222 3387 1276 τοῦ
3430 1224 3621 1292 νόμου
3663 1225 3778 1279 τὸν

2193 1299 2342 1352 Θεὸν
2379 1300 2708 1369 (inmitem;
2742 1300 2842 1354 Διὰ
2877 1301 3034 1356 τοῦτο
3072 1304 3167 1357 καὶ
3206 1306 3334 1376 περὶ
3361 1306 3556 1360 ἑαυτοῦ
3576 1307 3770 1376 ἐλεγεο

2189 1379 2506 1451 Φοϐοῦμαι.
2535 1384 2619 1452 μή
2661 1401 2787 1451 πως
2815 1383 3027 1450 ἄλλοις
3046 1387 3330 1455 κηρύξας,
3352 1391 3533 1455 αὐτὸς
3568 1390 3774 1445 ἀδόκι-

2183 1481 2298 1532 μος
2332 1466 2585 1534 γένωμαι
2605 1484 2619 1497 ο
2664 1468 2941 1538 καθαιρῶν
2978 1468 3039 1522 τὸ
3075 1470 3302 1541 φύσημα
3339 1471 3445 1524 τῶν
3478 1473 3571 1524 ἐπὶ
3590 1474 3654 1543 τῇ
3675 1469 3774 1525 τοῦ

2189 1547 2347 1615 λόγου
2385 1548 2700 1620 διδασκαλίᾳ
2731 1551 2874 1622 μέγα
2894 1552 3252 1623 φρονούντων,
3275 1555 3452 1608 αὐτῶν
3470 1554 3525 1607 δὲ
3544 1557 3773 1625 ἐρήμων

2190 1630 2358 1685 όντων
2395 1634 2491 1703 τῆς
2511 1634 2730 1705 ἀρετῆς.
2755 1636 2865 1687 Kal
2883 1635 3083 1707 ἑτέρως
3102 1637 3158 1689 δέ
3178 1637 3266 1690 τὸν
3286 1637 3440 1706 λόγον
3460 1640 3646 1692 τοῦτον
3668 1654 3775 1708 με·-

2188 1713 2482 1786 ταχειρίζει
2502 1716 2638 1788 πρὸς
2670 1717 2950 1782 Ἰουδαίους
2982 1720 3413 1791 ἀποτεινόμενος,
3434 1722 3562 1775 ὅταν
3596 1721 3729 1795 λέγῃ
3750 1738 3769 1753 ⁶

2193 1803 2369 1856 Ὅταν
2387 1804 2497 1873 γὰρ
2516 1804 2660 1871 ἔθνη
2678 1804 2748 1858 τὰ
2765 1806 2849 1875 μὴ
2870 1807 3059 1874 νόμον
3076 1807 3313 1874 ἔχοντα,
3337 1810 3521 1877 φύσει
3554 1809 3625 1863 τὰ
3659 1808 3771 1863 τοῦ

2187 1891 2376 1960 νόμου
2400 1891 2563 1959 ποιῇ,
2582 1886 2750 1948 οὗτοι
2769 1895 2958 1962 νόμον
2988 1894 3074 1963 μὴ
3108 1894 3353 1963 ἔχοντες
3381 1896 3617 1962 ἑαυτοῖς
3649 1899 3771 1950 εἱσι

2186 1981 2388 2048 νόμος.
2412 1979 2522 2033 Kal
2556 1980 2717 2035 πάλιν
2736 1999 2750 2013 ’
2778 1984 2860 2035 Οὺ
2894 1983 3003 2050 γὰρ
3039 1986 3093 2036 οὶ
3124 1984 3406 2052 ἀκροαταὶ
3440 1984 3548 2039 τοῦ
3577 1988 3771 2053 νόμου

2189 2064 2407 2120 δίκαιοι
2443 2068 2602 2136 παρὰ
2633 2067 2713 2134 τῷ
2753 2067 2896 2134 Θεῷ,
2919 2070 3056 2123 ἀλλ’
3078 2072 3131 2123 οὶ
3170 2070 3409 2137 ποιηταί
3441 2071 3549 2126 τοῦ
3579 2072 3773 2141 νόμου

2189 2152 2696 2220 δικαιωθήσονται.
2730 2156 2841 2210 Kal
2874 2157 2903 2208 6
2936 2159 3246 2230 προφήτης·
3281 2161 3346 2212 οι
3383 2158 3774 2231 ἀντεχόμενοι

2189 2240 2297 2295 τοῦ
2334 2242 2543 2310 νόμου,
2565 2245 2677 2297 οὐκ
2711 2244 3050 2311 ἠπίσταντό
3072 2262 3164 2313 με.
3186 2246 3297 2299 Kal
3316 2246 3477 2301 πάλιν
3495 2265 3507 2276 ·
3533 2249 3638 2311 Εἰς
3652 2245 3773 2315 μά-

2189 2345 2301 2394 την
2334 2329 2716 2398 ἐγενήθησαν
2750 2330 3001 2398 σχοῖνος
3052 2331 3289 2400 ψευδὴς
3338 2333 3772 2403 γραμματεῦσι.

2188 2414 2344 2477 Τίνος
2379 2414 2565 2468 ἕνεκεν
2586 2433 2600 2480 ;
2623 2416 2745 2470 ’Ὁτι
2779 2418 3012 2488 τρυγὼν
3034 2419 3131 2474 καί
3151 2420 3425 2489 χελιδὼν,
3448 2420 3546 2473 καί
3581 2420 3775 2490 ἀγροῦ

2187 2503 2473 2568 στρουθία
2509 2504 2788 2572 ἔγνωσαν
2822 2505 3067 2574 καιροὺς
3102 2506 3355 2561 εἰσόδων
3390 2506 3609 2571 αὐτῶν,
3630 2511 3664 2561 ὁ
3697 2506 3775 2561 δὲ

2186 2588 2337 2653 λαός
2365 2606 2485 2657 μου
2505 2592 2616 2643 οὐκ
2634 2589 2789 2659 ἔγνω
2808 2592 2880 2646 τὰ
2899 2593 3153 2662 κρίματά
3164 2610 3304 2663 μου.
3328 2586 3495 2657 Οὗτος
3513 2594 3571 2648 δέ
3589 2596 3649 2647 οὐ
3672 2593 3775 2665 μόο

2188 2692 2277 2729 νον
2295 2676 2444 2730 οὐδὲν
2464 2677 2762 2748 κερδαίνειν
2778 2680 2941 2749 φησὶν
2960 2681 3024 2733 ἐκ
3041 2679 3136 2733 τοῦ
3155 2681 3424 2736 διδάσκειν
3438 2682 3656 2753 ἐτέρους
3672 2679 3775 2734 τὸν

2191 2766 2265 2837 μὴ
2307 2767 2559 2835 μετιόντα
2594 2768 2694 2837 τὴν
2728 2769 2949 2840 ἀρετὴν,
2969 2770 3218 2825 ἀλλὰκαὶ
3246 2771 3529 2826 ἐκϐάλλειν
3560 2771 3776 2842 ταύτης

2187 2853 2350 2906 αὐτὸν
2369 2856 2469 2924 τῆς
2487 2855 2798 2926 προεδρίας.
2837 2857 2901 2909 Εἰ
2921 2856 3029 2925 γὰρ
3049 2858 3141 2910 ἐπὶ
3160 2857 3267 2911 τῶν
3286 2857 3485 2923 ἔξωθεν
3503 2859 3771 2930 δικαστη-

2191 2940 2321 3010 ρίων
2337 2942 2367 2994 6
2383 2941 2563 3013 πεπλη
2573 2943 2864 3014 μμεληκὼς
2878 2948 2945 3016 τῇ
2960 2946 3059 3014 τῆς
3076 2947 3230 3016 σιγῆς
3246 2944 3439 3019 ἀτιμίᾳ
3454 2946 3771 3010 κολάζεται,

2187 3027 2303 3091 πῶς
2334 3026 2400 3082 ἂν
2431 3031 2490 3082 ἐν
2522 3031 2687 3101 κοινῷ
2712 3031 3090 3103 διδασκαλείῳ,
3113 3034 3265 3105 φησὶ,
3288 3039 3472 3105 φωνὴν
3492 3034 3605 3104 ἔχοι
3622 3036 3652 3089 6
3669 3035 3783 3104 τῆς

2189 3118 2461 3188 ἁμαρτίας
2491 3120 2787 3183 ὑπεύθυνος
2803 3138 2818 3184 ;
2851 3123 3052 3186 Μεῖζον
3069 3123 3127 3176 δέ
3144 3123 3301 3177 τοῦτο
3318 3123 3379 3178 τὺ
3396 3124 3774 3178 διδασκαλεῖον

2184 3204 2281 3256 τοῦ
2318 3203 2668 3275 δικαστηρίου
2686 3207 2917 3261 ἐκείνου.
2935 3205 3080 3261 Ἐκεῖ
3099 3209 3197 3279 μὲν
3216 3209 3325 3280 γὰρ
3342 3212 3392 3264 ot
3415 3210 3773 3281 κολαζόμενοι

2186 3294 2389 3347 τίνουσι
2407 3295 2676 3365 τιμωρίας
2695 3315 2708 3328 ο
2725 3295 2958 3351 ἐνταῦθα
2974 3297 3034 3351 δὲ
3052 3297 3264 3352 ἅπαντα
3282 3299 3509 3367 γίνεται,
3525 3299 3666 3353 ὥστε
3690 3298 3770 3369 μὴ

2188 3381 2515 3452 κολασθῆναι
2534 3383 2659 3445 τοὺς
2679 3383 3213 3455 πεπλημμεληκότας
3229 3424 3244 3448 ,
3267 3385 3401 3439 ἀλλὰ
3419 3389 3488 3457 τῇ
3512 3386 3772 3459 μετανοίᾳ

2187 3471 2585 3541 διορθώσασθαι
2604 3474 2665 3526 τὸ
2686 3474 2792 3542 πλη
2801 3474 3092 3545 μμεληθέν.
3116 3476 3227 3529 Kal
3245 3477 3303 3530 ἐν
3321 3478 3442 3541 ταῖς
3462 3477 3771 3547 βασιλικαῖς

2188 3560 2244 3615 δὲ
2263 3563 2450 3626 αὐλαῖς
2470 3563 2645 3627 οὐδεὶς
2663 3562 2728 3616 ἂν
2747 3565 2955 3632 γένοιτο
2993 3564 3263 3644 ἑρμηνεὺς
3284 3565 3566 3637 βασιλικῆς
3584 3567 3773 3635 φωνῆς

2190 3652 2283 3705 ἐπὶ
2305 3652 2406 3723 βίῳ
2424 3652 2800 3724 διεφθαρμένῳ
2824 3653 3003 3718 ἁλούς.
3025 3655 3180 3719 Τίνος
3201 3657 3308 3729 γὰρ
3324 3657 3492 3711 ’ένεκα
3508 3657 3668 3728 διηγῇ
3688 3657 3771 3709 δι-

2191 3743 2501 3814 καιώματα,
2520 3744 2613 3799 καὶ
2643 3744 2911 3808 διδάσκεις
2930 3745 3149 3818 ἐτέρους
3168 3788 3184 3814 ,
3214 3748 3311 3802 καὶ
3332 3750 3440 3821 μὴν
3457 3748 3773 3802 τούναντίον

2191 3833 2386 3895 ποιεῖς,
2406 3831 2499 3884 τοῦ
2522 3832 2639 3902 βίου
2662 3848 2755 3885 σου
2775 3835 2888 3896 τοῖς
2904 3831 3215 3904 λεγομένοις
3250 3834 3768 3905 ἀντιφθεγγομένου,

2190 3920 2285 3972 καὶ
2321 3919 2497 3982 ἐνίους
2531 3919 2641 3972 τῶν
2681 3919 3017 3990 βουλομένων
3044 3920 3331 3993 προσέχειν
3365 3922 3769 3993 άποστρέφειςς

2192 4002 2264 4060 Οὐ
2288 4007 2396 4078 γὰρ
2414 4005 2555 4061 οῦτω
2574 4006 2842 4071 διδάσκεις
2859 4008 2947 4061 διὰ
2964 4008 3074 4061 τῶν
3093 4008 3287 4077 λόγων,
3307 4009 3384 4073 ώς
3427 4009 3659 4078 ἀπάγεις
3676 4008 3770 4063 διὰ

2190 4093 2298 4147 τῶν
2319 4094 2678 4164 πραγμάτων.
2697 4094 2795 4147 Διὰ
2812 4093 2972 4148 τοῦτο
2992 4096 3087 4148 καὶ
3102 4097 3130 4148 ό
3146 4096 3376 4167 Χριστὸς
3393 4097 3599 4149 ἐκεῖνον
3616 4097 3773 4150 ἐπαιο-

2191 4185 2273 4234 νεῖ
2289 4183 2379 4235 τὸν
2398 4181 2733 4245 διδάσκαλον,
2755 4182 2848 4236 τὸν
2878 4183 2967 4236 διὰ
2997 4182 3108 4236 τῶν
3127 4182 3302 4255 ἔργων
3322 4185 3417 4236 καὶ
3432 4185 3519 4237 διὰ
3536 4184 3644 4237 τῶν
3666 4187 3771 4256 ρη-

2196 4268 2380 4338 μάτων
2418 4268 2831 4339 ἀπηρτισμένην
2863 4269 3238 4323 ἐπιδεικνύντα
3271 4268 3370 4341 τὴν
3400 4270 3769 4328 διδασκαλίαν.

2200 4356 2298 4421 ’⁸ος
2329 4354 2437 4424 γὰρ
2468 4355 2545 4409 ἂν
2565 4357 2789 4425 ποιήσῃ
2811 4356 2910 4410 καὶ
2928 4356 3162 4428 διδάξῃ,
3184 4359 3368 4429 φησὶν.
3388 4354 3568 4427 οὗτος
3581 4360 3776 4429 μέγας

2192 4442 2559 4510 κληθήσεται
2593 4444 2664 4496 ἐν
2697 4442 2774 4512 τῇ
2808 4445 3099 4513 ,ϐασιλείᾳ
3124 4445 3244 4499 τῶν
3259 4445 3553 4514 οὐρανῶν.
3570 4446 3779 4517 Ἐχέτω

2193 4531 2375 4584 τοίνυν
2396 4549 2490 4585 σου
2509 4531 2576 4584 λα
2583 4530 2766 4601 μπρὰν
2785 4532 2967 4603 φωνὴν
2986 4535 3015 4586 6
3035 4533 3166 4603 βίος,
3189 4533 3360 4587 ταῦτα
3376 4534 3735 4590 διδάσκουσαν
3750 4551 3770 4568 ο

2195 4619 2297 4673 κᾶν
2330 4618 2392 4670 τὸ
2428 4618 2603 4689 στόμα
2637 4618 2958 4691 ἀποφράξῃς
2980 4658 2995 4682 ,
3042 4619 3338 4689 σάλπιγγος
3394 4620 3779 4692 λαμπρότερον

2193 4707 2440 4777 ἠχήσεις,
2462 4706 2555 4758 καὶ
2572 4707 2652 4768 είς
2668 4708 2796 4770 τοὺς
2816 4706 3109 4775 παρόντας.
3131 4707 3227 4761 καὶ
3245 4708 3325 4771 είς
3342 4709 3468 4771 τοὺς
3486 4709 3774 4779 πόρρωθεν

2195 4795 2373 4857 ὄντας.
2397 4792 2585 4858 Οῦτως
2601 4794 2630 4845 6
2648 4793 2873 4865 οὐρανὸς
2889 4794 3153 4863 διηγεῖται
3171 4794 3327 4860 δόξαν
3351 4793 3500 4867 [235]
3527 4795 3684 4853 Θεοῦ.
3706 4797 3774 4849 οὐ

2198 4882 2371 4952 στόμα
2402 4880 2560 4951 έχων,
2580 4881 2641 4933 οὐ
2673 4879 2922 4949 γλῶσσαν
2942 4880 3130 4945 κινῶν,
3149 4881 3269 4935 οὐδὲ
3287 4882 3507 4953 πνεῦμα
3525 4883 3775 4937 κάτωθεν

2199 4969 2535 5040 προϊέμενος,
2556 4967 2693 5021 ἀλλὰ
2726 4966 2806 5037 τῷ
2840 4966 3024 5021 κάλλει
3056 4968 3156 5038 τῆς
3173 4967 3348 5036 ὅψεως
3366 4969 3458 5022 τὸν
3476 4970 3675 5040 θεατὴν
3692 4972 3776 5035 εἰς

2198 5054 2383 5127 θαῦμα
2419 5054 2513 5110 τοῦ
2551 5053 2884 5127 δημιουργοῦ
2905 5055 3495 5129 παραπέμπων.”οπερ
3511 5053 3603 5111 οῦν
3623 5058 3777 5111 ἐστιν

2197 5151 2312 5202 ἐκεῖ
2330 5148 2423 5201 ἐπὶ
2440 5146 2533 5201 τοῦ
2552 5147 2782 5218 ούρανοῦ
2817 5146 2879 5201 τὸ
2917 5146 3111 5211 κάλλος
3130 5148 3228 5215 τῆς
3243 5146 3439 5217 ὅψεως,
3456 5146 3615 5203 τοῦτο
3632 5148 3778 5203 ἔστω

2197 5234 2289 5287 ἐπὶ
2324 5234 2421 5303 τῆς
2459 5233 2634 5306 ψυχῆς
2665 5235 2763 5305 τῆς
2782 5233 2884 5303 σῆς
2902 5235 2935 5305 ἡ
2956 5234 3251 5306 άρετή.“Λν
3267 5232 3325 5286 δέ
3342 5236 3777 5307 κατερῤυπωμέ-

2198 5338 2306 5389 νος,
2329 5323 2423 5375 καὶ
2463 5320 2684 5393 μυρίους
2702 5321 3036 5393 κατηγόρους
3054 5320 3214 5391 ἔχων,
3235 5321 3330 5375 καὶ
3350 5322 3457 5393 πρὸ
3476 5321 3694 5378 πάντων
3710 5323 3775 5378 τῦ

2199 5408 2453 5474 συνειδὸς,
2477 5409 2781 5482 σπουδάζῃς
2817 5407 3281 5478 ἐπιλαμϐάνεσθαι
3310 5408 3499 5479 θρόνου
3520 5410 3776 5465 διδασκα-

2198 5496 2372 5561 λιικοῦ,
2387 5497 2605 5551 ἐπειδάν
2623 5497 2822 5561 κακίας
2839 5499 3171 5568 κατηγορῇς,
3183 5497 3280 5567 οὐχ
3297 5497 3499 5567 ἐτέρων
3522 5499 3724 5568 μᾶλλον
3737 5498 3772 5568 ἢ

2200 5584 2398 5638 σαυτοῦ
2417 5585 2830 5657 κατηγορήσεις.
2853 5583 2960 5638 Καὶ
2978 5583 3417 5653 ἀναλαμϐάνεις
3432 5585 3549 5653 τὴν
3564 5584 3775 5652 διαϐή-

2199 5692 2315 5741 κην
2338 5693 2458 5744 μου
2492 5675 2590 5730 διὰ
2621 5674 2915 5742 στόματός
2944 5688 3061 5727 σου
3076 5690 3095 5736 ;
3113 5674 3309 5736 Καλῶς
3326 5672 3445 5727 εἷπε
3465 5691 3481 5707 ⁸
3504 5674 3606 5728 Διὰ
3626 5675 3772 5730 στό-

2195 5778 2399 5831 ματος.
2420 5763 2482 5816 'H
2521 5763 2625 5832 γάρ
2666 5762 2859 5832 καρδία
2880 5760 3082 5833 ἔρημός
3104 5763 3216 5815 ἔστι
3239 5761 3345 5815 τῶν
3367 5761 3613 5816 ἐντεῦθεν
3636 5779 3774 5832 καρ-
