  <div class='ocr_page' id='page_1' title='image "/cluster/home/n/w/nwhite01/storage/ocr_20150623/55/mdp.39015028539511/242.png"; bbox 0 0 4086 6268; ppageno 0'>
   <div class='ocr_carea' id='block_1_1' title="bbox 310 376 415 431">
    <p class='ocr_par' dir='ltr' id='par_1_1' title="bbox 310 376 415 431">
     <span class='ocr_line' id='line_1_1' title="bbox 310 376 415 431; baseline -0.038 0"><span class='ocrx_word' id='word_1_1' title='bbox 310 376 415 431; x_wconf 70' lang='grc' dir='ltr'><strong>ειω</strong></span> 
     </span>
    </p>
   </div>
   <div class='ocr_carea' id='block_1_2' title="bbox 311 470 1897 548">
    <p class='ocr_par' dir='ltr' id='par_1_2' title="bbox 311 470 1897 548">
     <span class='ocr_line' id='line_1_2' title="bbox 311 470 1897 548; baseline -0.017 0"><span class='ocrx_word' id='word_1_2' title='bbox 311 498 490 548; x_wconf 78' lang='lat' dir='ltr'><strong>invoca</strong></span> <span class='ocrx_word' id='word_1_3' title='bbox 515 504 594 544; x_wconf 75' lang='lat' dir='ltr'><strong>me</strong></span> <span class='ocrx_word' id='word_1_4' title='bbox 620 487 672 540; x_wconf 82' lang='lat' dir='ltr'><strong>in</strong></span> <span class='ocrx_word' id='word_1_5' title='bbox 698 485 781 540; x_wconf 88' lang='lat' dir='ltr'><strong>die</strong></span> <span class='ocrx_word' id='word_1_6' title='bbox 796 481 1127 538; x_wconf 73' lang='lat' dir='ltr'><strong>tribulationis</strong></span> <span class='ocrx_word' id='word_1_7' title='bbox 1150 488 1263 541; x_wconf 73' lang='lat' dir='ltr'><strong>tum,</strong></span> <span class='ocrx_word' id='word_1_8' title='bbox 1293 487 1339 531; x_wconf 90' lang='lat' dir='ltr'><strong>et</strong></span> <span class='ocrx_word' id='word_1_9' title='bbox 1357 493 1529 530; x_wconf 84' lang='lat' dir='ltr'><strong>eruam</strong></span> <span class='ocrx_word' id='word_1_10' title='bbox 1546 484 1611 540; x_wconf 82' lang='lat' dir='ltr'><strong>te,</strong></span> <span class='ocrx_word' id='word_1_11' title='bbox 1635 483 1677 529; x_wconf 81' lang='lat' dir='ltr'><strong>et</strong></span> <span class='ocrx_word' id='word_1_12' title='bbox 1695 470 1897 526; x_wconf 81' lang='lat' dir='ltr'><strong>honori-</strong></span> 
     </span>
    </p>
   </div>
   <div class='ocr_carea' id='block_1_3' title="bbox 312 563 1901 654">
    <p class='ocr_par' dir='ltr' id='par_1_3' title="bbox 312 563 1901 654">
     <span class='ocr_line' id='line_1_3' title="bbox 312 563 1901 654; baseline -0.014 -17"><span class='ocrx_word' id='word_1_13' title='bbox 312 584 486 654; x_wconf 77' lang='lat' dir='ltr'><strong>ﬁcabis</strong></span> <span class='ocrx_word' id='word_1_14' title='bbox 508 595 607 633; x_wconf 81' lang='lat' dir='ltr'><strong>me.</strong></span> <span class='ocrx_word' id='word_1_15' title='bbox 637 576 798 632; x_wconf 84' lang='lat' dir='ltr'><strong>Vides</strong></span> <span class='ocrx_word' id='word_1_16' title='bbox 824 573 1091 644; x_wconf 78' lang='lat' dir='ltr'><strong>copiosam</strong></span> <span class='ocrx_word' id='word_1_17' title='bbox 1113 571 1228 627; x_wconf 83' lang='lat' dir='ltr'><strong>dari</strong></span> <span class='ocrx_word' id='word_1_18' title='bbox 1257 568 1590 624; x_wconf 78' lang='lat' dir='ltr'><strong>mercedem?</strong></span> <span class='ocrx_word' id='word_1_19' title='bbox 1615 563 1752 632; x_wconf 85' lang='lat' dir='ltr'><strong>Quid</strong></span> <span class='ocrx_word' id='word_1_20' title='bbox 1772 576 1901 631; x_wconf 83' lang='lat' dir='ltr'><strong>ergo</strong></span> 
     </span>
    </p>
   </div>
   <div class='ocr_carea' id='block_1_4' title="bbox 312 656 1898 748">
    <p class='ocr_par' dir='ltr' id='par_1_4' title="bbox 312 656 1898 748">
     <span class='ocr_line' id='line_1_4' title="bbox 312 656 1898 748; baseline -0.015 -17"><span class='ocrx_word' id='word_1_21' title='bbox 312 683 490 748; x_wconf 89' lang='lat' dir='ltr'><strong>potest</strong></span> <span class='ocrx_word' id='word_1_22' title='bbox 515 670 748 728; x_wconf 84' lang='lat' dir='ltr'><strong>conferri</strong></span> <span class='ocrx_word' id='word_1_23' title='bbox 771 683 890 723; x_wconf 92' lang='lat' dir='ltr'><strong>cum</strong></span> <span class='ocrx_word' id='word_1_24' title='bbox 917 666 1020 721; x_wconf 91' lang='lat' dir='ltr'><strong>hac</strong></span> <span class='ocrx_word' id='word_1_25' title='bbox 1048 663 1374 733; x_wconf 77' lang='lat' dir='ltr'><strong>benignitate</strong></span> <span class='ocrx_word' id='word_1_26' title='bbox 1394 702 1413 726; x_wconf 91' lang='lat'><strong>,</strong></span> <span class='ocrx_word' id='word_1_27' title='bbox 1438 658 1650 730; x_wconf 83' lang='lat' dir='ltr'><strong>quando</strong></span> <span class='ocrx_word' id='word_1_28' title='bbox 1675 656 1767 712; x_wconf 87' lang='lat' dir='ltr'><strong>dat</strong></span> <span class='ocrx_word' id='word_1_29' title='bbox 1800 668 1898 709; x_wconf 89' lang='lat' dir='ltr'><strong>no-</strong></span> 
     </span>
    </p>
   </div>
   <div class='ocr_carea' id='block_1_5' title="bbox 312 748 1897 825">
    <p class='ocr_par' dir='ltr' id='par_1_5' title="bbox 312 748 1897 825">
     <span class='ocr_line' id='line_1_5' title="bbox 312 748 1897 825; baseline -0.018 0"><span class='ocrx_word' id='word_1_30' title='bbox 312 772 394 825; x_wconf 83' lang='lat' dir='ltr'><strong>bis</strong></span> <span class='ocrx_word' id='word_1_31' title='bbox 424 761 728 821; x_wconf 83' lang='lat' dir='ltr'><strong>mercedem</strong></span> <span class='ocrx_word' id='word_1_32' title='bbox 753 758 965 815; x_wconf 88' lang='lat' dir='ltr'><strong>virtutis</strong></span> <span class='ocrx_word' id='word_1_33' title='bbox 989 798 1004 821; x_wconf 93' lang='lat'><strong>,</strong></span> <span class='ocrx_word' id='word_1_34' title='bbox 1033 765 1088 810; x_wconf 88' lang='lat' dir='ltr'><strong>et</strong></span> <span class='ocrx_word' id='word_1_35' title='bbox 1125 751 1425 810; x_wconf 80' lang='lat' dir='ltr'><strong>mercedem</strong></span> <span class='ocrx_word' id='word_1_36' title='bbox 1452 751 1611 819; x_wconf 87' lang='lat' dir='ltr'><strong>longe</strong></span> <span class='ocrx_word' id='word_1_37' title='bbox 1640 748 1897 814; x_wconf 80' lang='lat' dir='ltr'><strong>majorem</strong></span> 
     </span>
    </p>
   </div>
   <div class='ocr_carea' id='block_1_6' title="bbox 314 840 1897 925">
    <p class='ocr_par' dir='ltr' id='par_1_6' title="bbox 314 840 1897 925">
     <span class='ocr_line' id='line_1_6' title="bbox 314 840 1897 925; baseline -0.017 -8"><span class='ocrx_word' id='word_1_38' title='bbox 314 859 623 923; x_wconf 80' lang='lat' dir='ltr'><strong>laboribus,</strong></span> <span class='ocrx_word' id='word_1_39' title='bbox 663 867 834 925; x_wconf 76' lang='lat' dir='ltr'><strong>eaque</strong></span> <span class='ocrx_word' id='word_1_40' title='bbox 874 851 1035 905; x_wconf 88' lang='lat' dir='ltr'><strong>datur</strong></span> <span class='ocrx_word' id='word_1_41' title='bbox 1078 848 1132 902; x_wconf 87' lang='lat' dir='ltr'><strong>in</strong></span> <span class='ocrx_word' id='word_1_42' title='bbox 1175 855 1418 915; x_wconf 88' lang='lat' dir='ltr'><strong>tempore</strong></span> <span class='ocrx_word' id='word_1_43' title='bbox 1464 840 1749 897; x_wconf 85' lang='lat' dir='ltr'><strong>admodum</strong></span> <span class='ocrx_word' id='word_1_44' title='bbox 1799 851 1897 906; x_wconf 88' lang='lat' dir='ltr'><strong>0p-</strong></span> 
     </span>
    </p>
   </div>
   <div class='ocr_carea' id='block_1_7' title="bbox 314 928 1902 1021">
    <p class='ocr_par' dir='ltr' id='par_1_7' title="bbox 314 928 1902 1021">
     <span class='ocr_line' id='line_1_7' title="bbox 314 928 1902 1021; baseline -0.016 -16"><span class='ocrx_word' id='word_1_45' title='bbox 314 947 588 1021; x_wconf 84' lang='lat' dir='ltr'><strong>portuno?</strong></span> <span class='ocrx_word' id='word_1_46' title='bbox 635 944 705 1000; x_wconf 86' lang='lat' dir='ltr'><strong>Et</strong></span> <span class='ocrx_word' id='word_1_47' title='bbox 745 959 881 1008; x_wconf 90' lang='lat' dir='ltr'><strong>cur,</strong></span> <span class='ocrx_word' id='word_1_48' title='bbox 929 938 1131 1009; x_wconf 89' lang='lat' dir='ltr'><strong>inquit,</strong></span> <span class='ocrx_word' id='word_1_49' title='bbox 1177 935 1316 991; x_wconf 90' lang='lat' dir='ltr'><strong>dixit</strong></span> <span class='ocrx_word' id='word_1_50' title='bbox 1358 951 1373 988; x_wconf 89' lang='lat'>:</span> <span class='ocrx_word' id='word_1_51' title='bbox 1412 932 1601 1021; x_wconf 79' lang='lat' dir='ltr'><strong>Invoco</strong></span> <span class='ocrx_word' id='word_1_52' title='bbox 1648 928 1767 1021; x_wconf 65' lang='lat' dir='ltr'><strong>me?</strong></span> <span class='ocrx_word' id='word_1_53' title='bbox 1807 942 1902 1021; x_wconf 75' lang='lat' dir='ltr'><strong>cur</strong></span> 
     </span>
    </p>
   </div>
   <div class='ocr_carea' id='block_1_8' title="bbox 318 1015 1900 1107">
    <p class='ocr_par' dir='ltr' id='par_1_8' title="bbox 318 1015 1900 1107">
     <span class='ocr_line' id='line_1_8' title="bbox 318 1015 1900 1107; baseline -0.015 -14"><span class='ocrx_word' id='word_1_54' title='bbox 318 1015 594 1107; x_wconf 65' lang='lat' dir='ltr'><strong>exspectat</strong></span> <span class='ocrx_word' id='word_1_55' title='bbox 631 1044 690 1089; x_wconf 89' lang='lat' dir='ltr'><strong>ut</strong></span> <span class='ocrx_word' id='word_1_56' title='bbox 727 1047 756 1085; x_wconf 89' lang='lat' dir='ltr'><strong>a</strong></span> <span class='ocrx_word' id='word_1_57' title='bbox 783 1031 940 1085; x_wconf 89' lang='lat' dir='ltr'><strong>nobis</strong></span> <span class='ocrx_word' id='word_1_58' title='bbox 969 1025 1285 1083; x_wconf 73' lang='lat' dir='ltr'><strong>invocetur?</strong></span> <span class='ocrx_word' id='word_1_59' title='bbox 1314 1023 1511 1077; x_wconf 78' lang='lat' dir='ltr'><strong>Volens</strong></span> <span class='ocrx_word' id='word_1_60' title='bbox 1540 1020 1594 1075; x_wconf 90' lang='lat' dir='ltr'><strong>in</strong></span> <span class='ocrx_word' id='word_1_61' title='bbox 1625 1018 1778 1073; x_wconf 90' lang='lat' dir='ltr'><strong>nobis</strong></span> <span class='ocrx_word' id='word_1_62' title='bbox 1817 1015 1900 1071; x_wconf 83' lang='lat' dir='ltr'><strong>ef-</strong></span> 
     </span>
    </p>
   </div>
   <div class='ocr_carea' id='block_1_9' title="bbox 318 1108 1903 1196">
    <p class='ocr_par' dir='ltr' id='par_1_9' title="bbox 318 1108 1903 1196">
     <span class='ocr_line' id='line_1_9' title="bbox 318 1108 1903 1196; baseline -0.018 -9"><span class='ocrx_word' id='word_1_63' title='bbox 318 1133 474 1187; x_wconf 81' lang='lat' dir='ltr'><strong>licere</strong></span> <span class='ocrx_word' id='word_1_64' title='bbox 492 1125 750 1196; x_wconf 81' lang='lat' dir='ltr'><strong>majorem</strong></span> <span class='ocrx_word' id='word_1_65' title='bbox 777 1120 1204 1180; x_wconf 80' lang='lat' dir='ltr'><strong>familiaritatem,</strong></span> <span class='ocrx_word' id='word_1_66' title='bbox 1225 1125 1279 1172; x_wconf 88' lang='lat' dir='ltr'><strong>et</strong></span> <span class='ocrx_word' id='word_1_67' title='bbox 1301 1112 1751 1171; x_wconf 75' lang='lat' dir='ltr'><strong>vehementiorem</strong></span> <span class='ocrx_word' id='word_1_68' title='bbox 1770 1108 1903 1162; x_wconf 80' lang='lat' dir='ltr'><strong>ami-</strong></span> 
     </span>
    </p>
   </div>
   <div class='ocr_carea' id='block_1_10' title="bbox 315 1199 1900 1283">
    <p class='ocr_par' dir='ltr' id='par_1_10' title="bbox 315 1199 1900 1283">
     <span class='ocr_line' id='line_1_10' title="bbox 315 1199 1900 1283; baseline -0.016 -7"><span class='ocrx_word' id='word_1_69' title='bbox 315 1224 513 1283; x_wconf 84' lang='lat' dir='ltr'><strong>citiam,</strong></span> <span class='ocrx_word' id='word_1_70' title='bbox 543 1216 742 1281; x_wconf 85' lang='lat' dir='ltr'><strong>dando,</strong></span> <span class='ocrx_word' id='word_1_71' title='bbox 770 1211 1086 1271; x_wconf 82' lang='lat' dir='ltr'><strong>invocanda.</strong></span> <span class='ocrx_word' id='word_1_72' title='bbox 1117 1218 1171 1263; x_wconf 92' lang='lat' dir='ltr'><strong>et</strong></span> <span class='ocrx_word' id='word_1_73' title='bbox 1198 1202 1731 1275; x_wconf 67' lang='lat' dir='ltr'><strong>aceipiendm&#39;Virtus</strong></span> <span class='ocrx_word' id='word_1_74' title='bbox 1758 1199 1900 1254; x_wconf 91' lang='lat' dir='ltr'><strong>enim</strong></span> 
     </span>
    </p>
   </div>
   <div class='ocr_carea' id='block_1_11' title="bbox 318 1291 1899 1371">
    <p class='ocr_par' dir='ltr' id='par_1_11' title="bbox 318 1291 1899 1371">
     <span class='ocr_line' id='line_1_11' title="bbox 318 1291 1899 1371; baseline -0.015 -3"><span class='ocrx_word' id='word_1_75' title='bbox 318 1315 426 1367; x_wconf 85' lang='lat' dir='ltr'><strong>Deo</strong></span> <span class='ocrx_word' id='word_1_76' title='bbox 473 1310 792 1364; x_wconf 81' lang='lat' dir='ltr'><strong>familiarem</strong></span> <span class='ocrx_word' id='word_1_77' title='bbox 838 1301 1283 1371; x_wconf 81' lang='lat' dir='ltr'><strong>eiticit;idipsum</strong></span> <span class='ocrx_word' id='word_1_78' title='bbox 1328 1297 1451 1352; x_wconf 82' lang='lat' dir='ltr'><strong>facit</strong></span> <span class='ocrx_word' id='word_1_79' title='bbox 1497 1291 1899 1350; x_wconf 72' lang='lat' dir='ltr'><strong>remuneratio:</strong></span> 
     </span>
    </p>
   </div>
   <div class='ocr_carea' id='block_1_12' title="bbox 312 1384 1907 1462">
    <p class='ocr_par' dir='ltr' id='par_1_12' title="bbox 312 1384 1907 1462">
     <span class='ocr_line' id='line_1_12' title="bbox 312 1384 1907 1462; baseline -0.011 -5"><span class='ocrx_word' id='word_1_80' title='bbox 312 1418 500 1458; x_wconf 82' lang='lat' dir='ltr'><strong>rursus</strong></span> <span class='ocrx_word' id='word_1_81' title='bbox 526 1410 703 1453; x_wconf 89' lang='lat' dir='ltr'><strong>autem</strong></span> <span class='ocrx_word' id='word_1_82' title='bbox 728 1404 851 1450; x_wconf 86' lang='lat' dir='ltr'><strong>vota</strong></span> <span class='ocrx_word' id='word_1_83' title='bbox 876 1409 938 1449; x_wconf 90' lang='lat' dir='ltr'><strong>ac</strong></span> <span class='ocrx_word' id='word_1_84' title='bbox 966 1406 1153 1462; x_wconf 80' lang='lat' dir='ltr'><strong>preces</strong></span> <span class='ocrx_word' id='word_1_85' title='bbox 1180 1389 1319 1443; x_wconf 87' lang='lat' dir='ltr'><strong>hanc</strong></span> <span class='ocrx_word' id='word_1_86' title='bbox 1348 1384 1761 1442; x_wconf 78' lang='lat' dir='ltr'><strong>familiaritatem</strong></span> <span class='ocrx_word' id='word_1_87' title='bbox 1777 1400 1907 1439; x_wconf 92' lang='lat' dir='ltr'><strong>con-</strong></span> 
     </span>
    </p>
   </div>
   <div class='ocr_carea' id='block_1_13' title="bbox 311 1469 1898 1544">
    <p class='ocr_par' dir='ltr' id='par_1_13' title="bbox 311 1469 1898 1544">
     <span class='ocr_line' id='line_1_13' title="bbox 311 1469 1898 1544; baseline -0.01 -6"><span class='ocrx_word' id='word_1_88' title='bbox 311 1485 523 1543; x_wconf 82' lang='lat' dir='ltr'><strong>ciliant.</strong></span> <span class='ocrx_word' id='word_1_89' title='bbox 544 1487 615 1541; x_wconf 71' lang='lat' dir='ltr'><strong>Et</strong></span> <span class='ocrx_word' id='word_1_90' title='bbox 638 1486 763 1540; x_wconf 81' lang='lat' dir='ltr'><strong>ideo</strong></span> <span class='ocrx_word' id='word_1_91' title='bbox 784 1483 949 1539; x_wconf 86' lang='lat' dir='ltr'><strong>dicit:</strong></span> <span class='ocrx_word' id='word_1_92' title='bbox 974 1482 1050 1535; x_wconf 81' lang='lat' dir='ltr'><strong>Da</strong></span> <span class='ocrx_word' id='word_1_93' title='bbox 1070 1480 1222 1541; x_wconf 88' lang='lat' dir='ltr'><strong>mihi,</strong></span> <span class='ocrx_word' id='word_1_94' title='bbox 1246 1487 1301 1534; x_wconf 86' lang='lat' dir='ltr'><strong>et</strong></span> <span class='ocrx_word' id='word_1_95' title='bbox 1325 1478 1394 1531; x_wconf 91' lang='lat' dir='ltr'><strong>do</strong></span> <span class='ocrx_word' id='word_1_96' title='bbox 1417 1478 1512 1533; x_wconf 87' lang='lat' dir='ltr'><strong>tibi</strong></span> <span class='ocrx_word' id='word_1_97' title='bbox 1564 1470 1777 1544; x_wconf 76' lang='lat' dir='ltr'><strong>(Matth.</strong></span> <span class='ocrx_word' id='word_1_98' title='bbox 1810 1469 1898 1524; x_wconf 82' lang='lat' dir='ltr'><strong>l9.</strong></span> 
     </span>
    </p>
   </div>
   <div class='ocr_carea' id='block_1_14' title="bbox 317 1559 1904 1649">
    <p class='ocr_par' dir='ltr' id='par_1_14' title="bbox 317 1559 1904 1649">
     <span class='ocr_line' id='line_1_14' title="bbox 317 1559 1904 1649; baseline -0.013 -15"><span class='ocrx_word' id='word_1_99' title='bbox 317 1578 431 1649; x_wconf 77' lang='lat' dir='ltr'><strong>i3).</strong></span> <span class='ocrx_word' id='word_1_100' title='bbox 468 1575 767 1644; x_wconf 69' lang='lat' dir='ltr'><strong>Qu‘netiam</strong></span> <span class='ocrx_word' id='word_1_101' title='bbox 798 1572 852 1627; x_wconf 92' lang='lat' dir='ltr'><strong>in</strong></span> <span class='ocrx_word' id='word_1_102' title='bbox 894 1568 1071 1623; x_wconf 88' lang='lat' dir='ltr'><strong>dando</strong></span> <span class='ocrx_word' id='word_1_103' title='bbox 1109 1583 1210 1622; x_wconf 89' lang='lat' dir='ltr'><strong>una</strong></span> <span class='ocrx_word' id='word_1_104' title='bbox 1239 1566 1434 1636; x_wconf 83' lang='lat' dir='ltr'><strong>accipis</strong></span> <span class='ocrx_word' id='word_1_105' title='bbox 1459 1584 1473 1619; x_wconf 91' lang='lat'><strong>:</strong></span> <span class='ocrx_word' id='word_1_106' title='bbox 1497 1563 1612 1634; x_wconf 91' lang='lat' dir='ltr'><strong>ipse</strong></span> <span class='ocrx_word' id='word_1_107' title='bbox 1648 1562 1787 1617; x_wconf 83' lang='lat' dir='ltr'><strong>enim</strong></span> <span class='ocrx_word' id='word_1_108' title='bbox 1818 1559 1904 1614; x_wconf 85' lang='lat' dir='ltr'><strong>his</strong></span> 
     </span>
    </p>
   </div>
   <div class='ocr_carea' id='block_1_15' title="bbox 316 1654 1902 1736">
    <p class='ocr_par' dir='ltr' id='par_1_15' title="bbox 316 1654 1902 1736">
     <span class='ocr_line' id='line_1_15' title="bbox 316 1654 1902 1736; baseline -0.012 -13"><span class='ocrx_word' id='word_1_109' title='bbox 316 1684 424 1723; x_wconf 90' lang='lat' dir='ltr'><strong>non</strong></span> <span class='ocrx_word' id='word_1_110' title='bbox 455 1666 676 1736; x_wconf 79' lang='lat' dir='ltr'><strong>indiget.</strong></span> <span class='ocrx_word' id='word_1_111' title='bbox 698 1662 1055 1730; x_wconf 86' lang='lat' dir='ltr'><strong>Quamobrem</strong></span> <span class='ocrx_word' id='word_1_112' title='bbox 1078 1659 1176 1714; x_wconf 90' lang='lat' dir='ltr'><strong>etsi</strong></span> <span class='ocrx_word' id='word_1_113' title='bbox 1206 1657 1369 1712; x_wconf 81' lang='lat' dir='ltr'><strong>fueris</strong></span> <span class='ocrx_word' id='word_1_114' title='bbox 1394 1654 1722 1718; x_wconf 82' lang='lat' dir='ltr'><strong>moderatus,</strong></span> <span class='ocrx_word' id='word_1_115' title='bbox 1750 1667 1902 1707; x_wconf 83' lang='lat' dir='ltr'><strong>man-</strong></span> 
     </span>
    </p>
   </div>
   <div class='ocr_carea' id='block_1_16' title="bbox 313 1745 1899 1826">
    <p class='ocr_par' dir='ltr' id='par_1_16' title="bbox 313 1745 1899 1826">
     <span class='ocr_line' id='line_1_16' title="bbox 313 1745 1899 1826; baseline -0.011 -12"><span class='ocrx_word' id='word_1_116' title='bbox 313 1770 507 1814; x_wconf 84' lang='lat' dir='ltr'><strong>suetus</strong></span> <span class='ocrx_word' id='word_1_117' title='bbox 531 1798 546 1823; x_wconf 94' lang='lat'><strong>,</strong></span> <span class='ocrx_word' id='word_1_118' title='bbox 570 1765 625 1812; x_wconf 87' lang='lat' dir='ltr'><strong>et</strong></span> <span class='ocrx_word' id='word_1_119' title='bbox 647 1754 867 1826; x_wconf 86' lang='lat' dir='ltr'><strong>pudicus</strong></span> <span class='ocrx_word' id='word_1_120' title='bbox 884 1795 899 1816; x_wconf 93' lang='lat'><strong>,</strong></span> <span class='ocrx_word' id='word_1_121' title='bbox 927 1753 1035 1807; x_wconf 92' lang='lat' dir='ltr'><strong>Deo</strong></span> <span class='ocrx_word' id='word_1_122' title='bbox 1061 1766 1126 1805; x_wconf 82' lang='lat' dir='ltr'><strong>ex</strong></span> <span class='ocrx_word' id='word_1_123' title='bbox 1155 1750 1258 1804; x_wconf 88' lang='lat' dir='ltr'><strong>hoc</strong></span> <span class='ocrx_word' id='word_1_124' title='bbox 1285 1763 1389 1803; x_wconf 91' lang='lat' dir='ltr'><strong>non</strong></span> <span class='ocrx_word' id='word_1_125' title='bbox 1417 1746 1614 1817; x_wconf 89' lang='lat' dir='ltr'><strong>aliquid</strong></span> <span class='ocrx_word' id='word_1_126' title='bbox 1637 1745 1899 1808; x_wconf 82' lang='lat' dir='ltr'><strong>accessit,</strong></span> 
     </span>
    </p>
   </div>
   <div class='ocr_carea' id='block_1_17' title="bbox 316 1833 1900 1918">
    <p class='ocr_par' dir='ltr' id='par_1_17' title="bbox 316 1833 1900 1918">
     <span class='ocr_line' id='line_1_17' title="bbox 316 1833 1900 1918; baseline -0.011 -13"><span class='ocrx_word' id='word_1_127' title='bbox 316 1850 415 1905; x_wconf 76' lang='lat' dir='ltr'><strong>sed</strong></span> <span class='ocrx_word' id='word_1_128' title='bbox 461 1848 685 1918; x_wconf 88' lang='lat' dir='ltr'><strong>teipsum</strong></span> <span class='ocrx_word' id='word_1_129' title='bbox 730 1842 955 1899; x_wconf 80' lang='lat' dir='ltr'><strong>eﬂ&#39;eeiSti</strong></span> <span class='ocrx_word' id='word_1_130' title='bbox 997 1842 1272 1896; x_wconf 87' lang='lat' dir='ltr'><strong>meliorem</strong></span> <span class='ocrx_word' id='word_1_131' title='bbox 1312 1856 1327 1893; x_wconf 88' lang='lat'><strong>:</strong></span> <span class='ocrx_word' id='word_1_132' title='bbox 1362 1847 1415 1892; x_wconf 85' lang='lat' dir='ltr'><strong>et</strong></span> <span class='ocrx_word' id='word_1_133' title='bbox 1453 1845 1633 1892; x_wconf 88' lang='lat' dir='ltr'><strong>tamen</strong></span> <span class='ocrx_word' id='word_1_134' title='bbox 1681 1850 1776 1905; x_wconf 91' lang='lat' dir='ltr'><strong>pro</strong></span> <span class='ocrx_word' id='word_1_135' title='bbox 1816 1833 1900 1888; x_wconf 81' lang='lat' dir='ltr'><strong>liis</strong></span> 
     </span>
    </p>
   </div>
   <div class='ocr_carea' id='block_1_18' title="bbox 318 1928 1904 2009">
    <p class='ocr_par' dir='ltr' id='par_1_18' title="bbox 318 1928 1904 2009">
     <span class='ocr_line' id='line_1_18' title="bbox 318 1928 1904 2009; baseline -0.009 -14"><span class='ocrx_word' id='word_1_136' title='bbox 318 1951 589 2009; x_wconf 83' lang='lat' dir='ltr'><strong>tamquam</strong></span> <span class='ocrx_word' id='word_1_137' title='bbox 613 1952 731 2007; x_wconf 60' lang='lat' dir='ltr'><strong>qua</strong></span> <span class='ocrx_word' id='word_1_138' title='bbox 751 1936 919 2005; x_wconf 89' lang='lat' dir='ltr'><strong>ipsum</strong></span> <span class='ocrx_word' id='word_1_139' title='bbox 942 1934 1209 2003; x_wconf 85' lang='lat' dir='ltr'><strong>juvareut,</strong></span> <span class='ocrx_word' id='word_1_140' title='bbox 1238 1930 1494 1985; x_wconf 72' lang='lat' dir='ltr'><strong>maximas</strong></span> <span class='ocrx_word' id='word_1_141' title='bbox 1517 1928 1607 1983; x_wconf 89' lang='lat' dir='ltr'><strong>tibi</strong></span> <span class='ocrx_word' id='word_1_142' title='bbox 1630 1928 1904 1983; x_wconf 84' lang='lat' dir='ltr'><strong>mercedes</strong></span> 
     </span>
    </p>
   </div>
   <div class='ocr_carea' id='block_1_19' title="bbox 316 2021 1900 2091">
    <p class='ocr_par' dir='ltr' id='par_1_19' title="bbox 316 2021 1900 2091">
     <span class='ocr_line' id='line_1_19' title="bbox 316 2021 1900 2091; baseline -0.009 -4"><span class='ocrx_word' id='word_1_143' title='bbox 316 2042 372 2087; x_wconf 87' lang='lat' dir='ltr'><strong>et</strong></span> <span class='ocrx_word' id='word_1_144' title='bbox 413 2044 640 2086; x_wconf 86' lang='lat' dir='ltr'><strong>coronas</strong></span> <span class='ocrx_word' id='word_1_145' title='bbox 677 2027 968 2081; x_wconf 82' lang='lat' dir='ltr'><strong>constituit.</strong></span> <span class='ocrx_word' id='word_1_146' title='bbox 1001 2023 1301 2091; x_wconf 84' lang='lat' dir='ltr'><strong>Quinetiam</strong></span> <span class='ocrx_word' id='word_1_147' title='bbox 1342 2029 1467 2075; x_wconf 89' lang='lat' dir='ltr'><strong>ante</strong></span> <span class='ocrx_word' id='word_1_148' title='bbox 1511 2021 1629 2074; x_wconf 85' lang='lat' dir='ltr'><strong>illas</strong></span> <span class='ocrx_word' id='word_1_149' title='bbox 1671 2032 1900 2073; x_wconf 89' lang='lat' dir='ltr'><strong>coronas</strong></span> 
     </span>
    </p>
   </div>
   <div class='ocr_carea' id='block_1_20' title="bbox 318 2109 1904 2189">
    <p class='ocr_par' dir='ltr' id='par_1_20' title="bbox 318 2109 1904 2189">
     <span class='ocr_line' id='line_1_20' title="bbox 318 2109 1904 2189; baseline -0.009 -12"><span class='ocrx_word' id='word_1_150' title='bbox 318 2137 424 2177; x_wconf 90' lang='lat' dir='ltr'><strong>non</strong></span> <span class='ocrx_word' id='word_1_151' title='bbox 453 2133 614 2189; x_wconf 84' lang='lat' dir='ltr'><strong>parva</strong></span> <span class='ocrx_word' id='word_1_152' title='bbox 637 2117 906 2185; x_wconf 81' lang='lat' dir='ltr'><strong>voluptate</strong></span> <span class='ocrx_word' id='word_1_153' title='bbox 932 2113 1147 2177; x_wconf 81' lang='lat' dir='ltr'><strong>frueris,</strong></span> <span class='ocrx_word' id='word_1_154' title='bbox 1177 2120 1236 2167; x_wconf 89' lang='lat' dir='ltr'><strong>ut</strong></span> <span class='ocrx_word' id='word_1_155' title='bbox 1261 2112 1348 2183; x_wconf 92' lang='lat' dir='ltr'><strong>qui</strong></span> <span class='ocrx_word' id='word_1_156' title='bbox 1380 2111 1571 2165; x_wconf 87' lang='lat' dir='ltr'><strong>bonam</strong></span> <span class='ocrx_word' id='word_1_157' title='bbox 1598 2119 1769 2165; x_wconf 92' lang='lat' dir='ltr'><strong>tecum</strong></span> <span class='ocrx_word' id='word_1_158' title='bbox 1795 2109 1904 2163; x_wconf 85' lang='lat' dir='ltr'><strong>cir-</strong></span> 
     </span>
    </p>
   </div>
   <div class='ocr_carea' id='block_1_21' title="bbox 317 2198 1900 2272">
    <p class='ocr_par' dir='ltr' id='par_1_21' title="bbox 317 2198 1900 2272">
     <span class='ocr_line' id='line_1_21' title="bbox 317 2198 1900 2272; baseline -0.009 -5"><span class='ocrx_word' id='word_1_159' title='bbox 317 2211 583 2268; x_wconf 89' lang='lat' dir='ltr'><strong>euml&#39;eras</strong></span> <span class='ocrx_word' id='word_1_160' title='bbox 609 2208 991 2263; x_wconf 92' lang='lat' dir='ltr'><strong>conscientiam</strong></span> <span class='ocrx_word' id='word_1_161' title='bbox 1009 2247 1026 2269; x_wconf 89' lang='lat'><strong>,</strong></span> <span class='ocrx_word' id='word_1_162' title='bbox 1052 2212 1107 2259; x_wconf 88' lang='lat' dir='ltr'><strong>et</strong></span> <span class='ocrx_word' id='word_1_163' title='bbox 1130 2204 1268 2258; x_wconf 90' lang='lat' dir='ltr'><strong>bona</strong></span> <span class='ocrx_word' id='word_1_164' title='bbox 1297 2217 1392 2272; x_wconf 83' lang='lat' dir='ltr'><strong>Spe</strong></span> <span class='ocrx_word' id='word_1_165' title='bbox 1419 2201 1470 2255; x_wconf 91' lang='lat' dir='ltr'><strong>in</strong></span> <span class='ocrx_word' id='word_1_166' title='bbox 1491 2208 1761 2270; x_wconf 89' lang='lat' dir='ltr'><strong>posterum</strong></span> <span class='ocrx_word' id='word_1_167' title='bbox 1788 2198 1900 2253; x_wconf 90' lang='lat' dir='ltr'><strong>eri-</strong></span> 
     </span>
    </p>
   </div>
   <div class='ocr_carea' id='block_1_22' title="bbox 317 2290 1903 2372">
    <p class='ocr_par' dir='ltr' id='par_1_22' title="bbox 317 2290 1903 2372">
     <span class='ocr_line' id='line_1_22' title="bbox 317 2290 1903 2372; baseline -0.008 -17"><span class='ocrx_word' id='word_1_168' title='bbox 317 2304 481 2372; x_wconf 81' lang='lat' dir='ltr'><strong>garis.</strong></span> <span class='ocrx_word' id='word_1_169' title='bbox 516 2301 667 2354; x_wconf 87' lang='lat' dir='ltr'><strong>Diem</strong></span> <span class='ocrx_word' id='word_1_170' title='bbox 692 2306 868 2352; x_wconf 91' lang='lat' dir='ltr'><strong>autem</strong></span> <span class='ocrx_word' id='word_1_171' title='bbox 894 2296 1199 2351; x_wconf 82' lang='lat' dir='ltr'><strong>afﬂictionis</strong></span> <span class='ocrx_word' id='word_1_172' title='bbox 1219 2294 1310 2349; x_wconf 87' lang='lat' dir='ltr'><strong>hic</strong></span> <span class='ocrx_word' id='word_1_173' title='bbox 1331 2293 1479 2359; x_wconf 84' lang='lat' dir='ltr'><strong>dicit,</strong></span> <span class='ocrx_word' id='word_1_174' title='bbox 1503 2307 1610 2346; x_wconf 87' lang='lat' dir='ltr'><strong>non</strong></span> <span class='ocrx_word' id='word_1_175' title='bbox 1630 2290 1903 2345; x_wconf 84' lang='lat' dir='ltr'><strong>calamita-</strong></span> 
     </span>
    </p>
   </div>
   <div class='ocr_carea' id='block_1_23' title="bbox 319 2384 1898 2456">
    <p class='ocr_par' dir='ltr' id='par_1_23' title="bbox 319 2384 1898 2456">
     <span class='ocr_line' id='line_1_23' title="bbox 319 2384 1898 2456; baseline -0.009 -7"><span class='ocrx_word' id='word_1_176' title='bbox 319 2408 450 2456; x_wconf 89' lang='lat' dir='ltr'><strong>tum.</strong></span> <span class='ocrx_word' id='word_1_177' title='bbox 476 2408 580 2448; x_wconf 87' lang='lat' dir='ltr'><strong>nec</strong></span> <span class='ocrx_word' id='word_1_178' title='bbox 603 2391 939 2447; x_wconf 80' lang='lat' dir='ltr'><strong>fortuitorum</strong></span> <span class='ocrx_word' id='word_1_179' title='bbox 960 2403 1202 2451; x_wconf 88' lang='lat' dir='ltr'><strong>casuum,</strong></span> <span class='ocrx_word' id='word_1_180' title='bbox 1224 2386 1320 2442; x_wconf 89' lang='lat' dir='ltr'><strong>sed</strong></span> <span class='ocrx_word' id='word_1_181' title='bbox 1343 2386 1464 2456; x_wconf 87' lang='lat' dir='ltr'><strong>quia</strong></span> <span class='ocrx_word' id='word_1_182' title='bbox 1487 2384 1599 2440; x_wconf 90' lang='lat' dir='ltr'><strong>sive</strong></span> <span class='ocrx_word' id='word_1_183' title='bbox 1623 2391 1898 2453; x_wconf 88' lang='lat' dir='ltr'><strong>peccatum</strong></span> 
     </span>
    </p>
   </div>
   <div class='ocr_carea' id='block_1_24' title="bbox 320 2474 1901 2553">
    <p class='ocr_par' dir='ltr' id='par_1_24' title="bbox 320 2474 1901 2553">
     <span class='ocr_line' id='line_1_24' title="bbox 320 2474 1901 2553; baseline -0.008 -14"><span class='ocrx_word' id='word_1_184' title='bbox 320 2484 458 2540; x_wconf 78' lang='lat' dir='ltr'><strong>bello</strong></span> <span class='ocrx_word' id='word_1_185' title='bbox 484 2485 704 2553; x_wconf 88' lang='lat' dir='ltr'><strong>impetat</strong></span> <span class='ocrx_word' id='word_1_186' title='bbox 727 2522 743 2543; x_wconf 92' lang='lat'><strong>,</strong></span> <span class='ocrx_word' id='word_1_187' title='bbox 764 2482 877 2536; x_wconf 82' lang='lat' dir='ltr'><strong>sive</strong></span> <span class='ocrx_word' id='word_1_188' title='bbox 900 2480 1141 2535; x_wconf 88' lang='lat' dir='ltr'><strong>diabolus</strong></span> <span class='ocrx_word' id='word_1_189' title='bbox 1164 2478 1403 2533; x_wconf 86' lang='lat' dir='ltr'><strong>obsideat</strong></span> <span class='ocrx_word' id='word_1_190' title='bbox 1443 2476 1612 2531; x_wconf 88' lang='lat' dir='ltr'><strong>malas</strong></span> <span class='ocrx_word' id='word_1_191' title='bbox 1642 2474 1901 2529; x_wconf 85' lang='lat' dir='ltr'><strong>invehens</strong></span> 
     </span>
    </p>
   </div>
   <div class='ocr_carea' id='block_1_25' title="bbox 317 2564 1896 2646">
    <p class='ocr_par' dir='ltr' id='par_1_25' title="bbox 317 2564 1896 2646">
     <span class='ocr_line' id='line_1_25' title="bbox 317 2564 1896 2646; baseline -0.008 -18"><span class='ocrx_word' id='word_1_192' title='bbox 317 2577 656 2646; x_wconf 70' lang='lat' dir='ltr'><strong>cupiditates,</strong></span> <span class='ocrx_word' id='word_1_193' title='bbox 676 2587 923 2641; x_wconf 82' lang='lat' dir='ltr'><strong>maguum</strong></span> <span class='ocrx_word' id='word_1_194' title='bbox 945 2570 1195 2625; x_wconf 77' lang='lat' dir='ltr'><strong>auxilium</strong></span> <span class='ocrx_word' id='word_1_195' title='bbox 1212 2567 1531 2637; x_wconf 81' lang='lat' dir='ltr'><strong>assequeris.</strong></span> <span class='ocrx_word' id='word_1_196' title='bbox 1553 2564 1622 2619; x_wconf 88' lang='lat' dir='ltr'><strong>Et</strong></span> <span class='ocrx_word' id='word_1_197' title='bbox 1637 2580 1812 2619; x_wconf 82' lang='lat' dir='ltr'><strong>eruam</strong></span> <span class='ocrx_word' id='word_1_198' title='bbox 1828 2573 1896 2627; x_wconf 84' lang='lat' dir='ltr'><strong>te,</strong></span> 
     </span>
    </p>
   </div>
   <div class='ocr_carea' id='block_1_26' title="bbox 316 2660 1900 2734">
    <p class='ocr_par' dir='ltr' id='par_1_26' title="bbox 316 2660 1900 2734">
     <span class='ocr_line' id='line_1_26' title="bbox 316 2660 1900 2734; baseline -0.008 -13"><span class='ocrx_word' id='word_1_199' title='bbox 316 2679 363 2721; x_wconf 75' lang='lat' dir='ltr'><strong>et</strong></span> <span class='ocrx_word' id='word_1_200' title='bbox 406 2663 765 2734; x_wconf 75' lang='lat' dir='ltr'><strong>honoriﬁcabis</strong></span> <span class='ocrx_word' id='word_1_201' title='bbox 789 2679 887 2717; x_wconf 84' lang='lat' dir='ltr'><strong>me.</strong></span> <span class='ocrx_word' id='word_1_202' title='bbox 911 2661 1027 2717; x_wconf 82' lang='lat' dir='ltr'><strong>Hoc</strong></span> <span class='ocrx_word' id='word_1_203' title='bbox 1051 2676 1241 2716; x_wconf 86' lang='lat' dir='ltr'><strong>rursus</strong></span> <span class='ocrx_word' id='word_1_204' title='bbox 1266 2660 1395 2715; x_wconf 88' lang='lat' dir='ltr'><strong>dicit</strong></span> <span class='ocrx_word' id='word_1_205' title='bbox 1413 2699 1428 2723; x_wconf 92' lang='lat'><strong>,</strong></span> <span class='ocrx_word' id='word_1_206' title='bbox 1456 2673 1565 2712; x_wconf 89' lang='lat' dir='ltr'><strong>non</strong></span> <span class='ocrx_word' id='word_1_207' title='bbox 1597 2671 1759 2726; x_wconf 78' lang='lat' dir='ltr'><strong>egens</strong></span> <span class='ocrx_word' id='word_1_208' title='bbox 1798 2670 1900 2709; x_wconf 86' lang='lat' dir='ltr'><strong>no-</strong></span> 
     </span>
    </p>
   </div>
   <div class='ocr_carea' id='block_1_27' title="bbox 316 2746 1902 2827">
    <p class='ocr_par' dir='ltr' id='par_1_27' title="bbox 316 2746 1902 2827">
     <span class='ocr_line' id='line_1_27' title="bbox 316 2746 1902 2827; baseline -0.008 -15"><span class='ocrx_word' id='word_1_209' title='bbox 316 2769 425 2812; x_wconf 82' lang='lat' dir='ltr'><strong>stra</strong></span> <span class='ocrx_word' id='word_1_210' title='bbox 450 2758 621 2827; x_wconf 80' lang='lat' dir='ltr'><strong>gloria</strong></span> <span class='ocrx_word' id='word_1_211' title='bbox 648 2752 940 2825; x_wconf 83' lang='lat' dir='ltr'><strong>(quomodo</strong></span> <span class='ocrx_word' id='word_1_212' title='bbox 968 2752 1111 2808; x_wconf 87' lang='lat' dir='ltr'><strong>enim</strong></span> <span class='ocrx_word' id='word_1_213' title='bbox 1139 2759 1321 2821; x_wconf 79' lang='lat' dir='ltr'><strong>egeret</strong></span> <span class='ocrx_word' id='word_1_214' title='bbox 1338 2790 1353 2815; x_wconf 93' lang='lat'><strong>,</strong></span> <span class='ocrx_word' id='word_1_215' title='bbox 1382 2751 1471 2820; x_wconf 84' lang='lat' dir='ltr'><strong>qui</strong></span> <span class='ocrx_word' id='word_1_216' title='bbox 1499 2758 1582 2803; x_wconf 90' lang='lat' dir='ltr'><strong>est</strong></span> <span class='ocrx_word' id='word_1_217' title='bbox 1608 2749 1746 2802; x_wconf 85' lang='lat' dir='ltr'><strong>Deus</strong></span> <span class='ocrx_word' id='word_1_218' title='bbox 1788 2746 1902 2816; x_wconf 87' lang='lat' dir='ltr'><strong>glo-</strong></span> 
     </span>
    </p>
   </div>
   <div class='ocr_carea' id='block_1_28' title="bbox 320 2838 1903 2922">
    <p class='ocr_par' dir='ltr' id='par_1_28' title="bbox 320 2838 1903 2922">
     <span class='ocr_line' id='line_1_28' title="bbox 320 2838 1903 2922; baseline -0.008 -17"><span class='ocrx_word' id='word_1_219' title='bbox 320 2848 520 2922; x_wconf 74' lang='lat' dir='ltr'><strong>riae‘l),</strong></span> <span class='ocrx_word' id='word_1_220' title='bbox 548 2848 641 2903; x_wconf 89' lang='lat' dir='ltr'><strong>sed</strong></span> <span class='ocrx_word' id='word_1_221' title='bbox 680 2857 739 2901; x_wconf 93' lang='lat' dir='ltr'><strong>ut</strong></span> <span class='ocrx_word' id='word_1_222' title='bbox 779 2861 877 2916; x_wconf 90' lang='lat' dir='ltr'><strong>per</strong></span> <span class='ocrx_word' id='word_1_223' title='bbox 916 2843 1173 2918; x_wconf 79' lang='lat' dir='ltr'><strong>hymnum</strong></span> <span class='ocrx_word' id='word_1_224' title='bbox 1211 2843 1497 2913; x_wconf 77' lang='lat' dir='ltr'><strong>gratiarum</strong></span> <span class='ocrx_word' id='word_1_225' title='bbox 1540 2839 1769 2895; x_wconf 78' lang='lat' dir='ltr'><strong>actionis</strong></span> <span class='ocrx_word' id='word_1_226' title='bbox 1807 2838 1903 2892; x_wconf 76' lang='lat' dir='ltr'><strong>ﬁat</strong></span> 
     </span>
    </p>
   </div>
   <div class='ocr_carea' id='block_1_29' title="bbox 316 2931 1901 3005">
    <p class='ocr_par' dir='ltr' id='par_1_29' title="bbox 316 2931 1901 3005">
     <span class='ocr_line' id='line_1_29' title="bbox 316 2931 1901 3005; baseline -0.008 -8"><span class='ocrx_word' id='word_1_227' title='bbox 316 2942 575 2998; x_wconf 78' lang='lat' dir='ltr'><strong>memoria</strong></span> <span class='ocrx_word' id='word_1_228' title='bbox 619 2939 907 3005; x_wconf 82' lang='lat' dir='ltr'><strong>beneﬁcii,</strong></span> <span class='ocrx_word' id='word_1_229' title='bbox 939 2947 993 2993; x_wconf 92' lang='lat' dir='ltr'><strong>et</strong></span> <span class='ocrx_word' id='word_1_230' title='bbox 1034 2938 1105 2992; x_wconf 91' lang='lat' dir='ltr'><strong>sit</strong></span> <span class='ocrx_word' id='word_1_231' title='bbox 1153 2936 1520 2991; x_wconf 89' lang='lat' dir='ltr'><strong>vehementior</strong></span> <span class='ocrx_word' id='word_1_232' title='bbox 1560 2934 1614 2988; x_wconf 91' lang='lat' dir='ltr'><strong>in</strong></span> <span class='ocrx_word' id='word_1_233' title='bbox 1662 2947 1784 2988; x_wconf 89' lang='lat' dir='ltr'><strong>eum</strong></span> <span class='ocrx_word' id='word_1_234' title='bbox 1821 2931 1901 2985; x_wconf 79' lang='lat' dir='ltr'><strong>af-</strong></span> 
     </span>
    </p>
   </div>
   <div class='ocr_carea' id='block_1_30' title="bbox 315 3023 1895 3101">
    <p class='ocr_par' dir='ltr' id='par_1_30' title="bbox 315 3023 1895 3101">
     <span class='ocr_line' id='line_1_30' title="bbox 315 3023 1895 3101; baseline -0.009 -11"><span class='ocrx_word' id='word_1_235' title='bbox 315 3033 476 3090; x_wconf 73' lang='lat' dir='ltr'><strong>fectio</strong></span> <span class='ocrx_word' id='word_1_236' title='bbox 502 3075 519 3099; x_wconf 96' lang='lat'><strong>,</strong></span> <span class='ocrx_word' id='word_1_237' title='bbox 547 3041 601 3088; x_wconf 91' lang='lat' dir='ltr'><strong>et</strong></span> <span class='ocrx_word' id='word_1_238' title='bbox 630 3042 687 3086; x_wconf 86' lang='lat' dir='ltr'><strong>ut</strong></span> <span class='ocrx_word' id='word_1_239' title='bbox 711 3032 885 3101; x_wconf 79' lang='lat' dir='ltr'><strong>primo</strong></span> <span class='ocrx_word' id='word_1_240' title='bbox 904 3028 1212 3084; x_wconf 83' lang='lat' dir='ltr'><strong>felicitatem</strong></span> <span class='ocrx_word' id='word_1_241' title='bbox 1238 3027 1524 3081; x_wconf 85' lang='lat' dir='ltr'><strong>maximam</strong></span> <span class='ocrx_word' id='word_1_242' title='bbox 1550 3023 1895 3094; x_wconf 79' lang='lat' dir='ltr'><strong>accipiamus.</strong></span> 
     </span>
    </p>
   </div>
   <div class='ocr_carea' id='block_1_31' title="bbox 380 3111 1899 3195">
    <p class='ocr_par' dir='ltr' id='par_1_31' title="bbox 380 3111 1899 3195">
     <span class='ocr_line' id='line_1_31' title="bbox 380 3111 1899 3195; baseline -0.01 -14"><span class='ocrx_word' id='word_1_243' title='bbox 380 3126 441 3181; x_wconf 72' lang='lat'><strong>6.</strong></span> <span class='ocrx_word' id='word_1_244' title='bbox 465 3122 759 3195; x_wconf 65' lang='lat' dir='ltr'><strong>Amictionis</strong></span> <span class='ocrx_word' id='word_1_245' title='bbox 780 3120 1040 3192; x_wconf 78' lang='lat' dir='ltr'><strong>prtesentis</strong></span> <span class='ocrx_word' id='word_1_246' title='bbox 1064 3127 1111 3173; x_wconf 82' lang='lat' dir='ltr'><strong>et</strong></span> <span class='ocrx_word' id='word_1_247' title='bbox 1133 3120 1319 3190; x_wconf 65' lang='lat' dir='ltr'><strong>future</strong></span> <span class='ocrx_word' id='word_1_248' title='bbox 1347 3116 1677 3186; x_wconf 82' lang='lat' dir='ltr'><strong>comparatio.</strong></span> <span class='ocrx_word' id='word_1_249' title='bbox 1697 3143 1768 3155; x_wconf 93' lang='lat'><strong>—</strong></span> <span class='ocrx_word' id='word_1_250' title='bbox 1788 3111 1899 3167; x_wconf 69' lang='grc' dir='ltr'><strong>Νο-</strong></span> 
     </span>
    </p>
   </div>
   <div class='ocr_carea' id='block_1_32' title="bbox 318 3203 1899 3285">
    <p class='ocr_par' dir='ltr' id='par_1_32' title="bbox 318 3203 1899 3285">
     <span class='ocr_line' id='line_1_32' title="bbox 318 3203 1899 3285; baseline -0.005 -18"><span class='ocrx_word' id='word_1_251' title='bbox 318 3232 421 3285; x_wconf 82' lang='lat' dir='ltr'><strong>que</strong></span> <span class='ocrx_word' id='word_1_252' title='bbox 440 3231 470 3269; x_wconf 89' lang='lat' dir='ltr'><strong>a</strong></span> <span class='ocrx_word' id='word_1_253' title='bbox 497 3215 695 3269; x_wconf 85' lang='lat' dir='ltr'><strong>decoro</strong></span> <span class='ocrx_word' id='word_1_254' title='bbox 719 3210 1070 3277; x_wconf 85' lang='lat' dir='ltr'><strong>aberraveris,</strong></span> <span class='ocrx_word' id='word_1_255' title='bbox 1099 3209 1141 3264; x_wconf 89' lang='lat' dir='ltr'><strong>si</strong></span> <span class='ocrx_word' id='word_1_256' title='bbox 1169 3207 1369 3263; x_wconf 84' lang='lat' dir='ltr'><strong>dixeris</strong></span> <span class='ocrx_word' id='word_1_257' title='bbox 1400 3222 1521 3263; x_wconf 89' lang='lat' dir='ltr'><strong>eum</strong></span> <span class='ocrx_word' id='word_1_258' title='bbox 1544 3205 1688 3276; x_wconf 91' lang='lat' dir='ltr'><strong>loqui</strong></span> <span class='ocrx_word' id='word_1_259' title='bbox 1716 3204 1787 3259; x_wconf 90' lang='lat' dir='ltr'><strong>de</strong></span> <span class='ocrx_word' id='word_1_260' title='bbox 1809 3203 1899 3259; x_wconf 82' lang='lat' dir='ltr'><strong>die</strong></span> 
     </span>
    </p>
   </div>
   <div class='ocr_carea' id='block_1_33' title="bbox 320 3297 1898 3368">
    <p class='ocr_par' dir='ltr' id='par_1_33' title="bbox 320 3297 1898 3368">
     <span class='ocr_line' id='line_1_33' title="bbox 320 3297 1898 3368; baseline -0.007 -8"><span class='ocrx_word' id='word_1_261' title='bbox 320 3303 644 3368; x_wconf 78' lang='lat' dir='ltr'><strong>afﬂictiouis,</strong></span> <span class='ocrx_word' id='word_1_262' title='bbox 672 3310 728 3356; x_wconf 93' lang='lat' dir='ltr'><strong>et</strong></span> <span class='ocrx_word' id='word_1_263' title='bbox 752 3301 821 3356; x_wconf 91' lang='lat' dir='ltr'><strong>de</strong></span> <span class='ocrx_word' id='word_1_264' title='bbox 841 3300 929 3355; x_wconf 92' lang='lat' dir='ltr'><strong>die</strong></span> <span class='ocrx_word' id='word_1_265' title='bbox 955 3299 1131 3354; x_wconf 81' lang='lat' dir='ltr'><strong>futuro</strong></span> <span class='ocrx_word' id='word_1_266' title='bbox 1156 3315 1172 3352; x_wconf 88' lang='lat'><strong>:</strong></span> <span class='ocrx_word' id='word_1_267' title='bbox 1204 3299 1291 3352; x_wconf 88' lang='lat' dir='ltr'><strong>illa</strong></span> <span class='ocrx_word' id='word_1_268' title='bbox 1315 3297 1456 3353; x_wconf 86' lang='lat' dir='ltr'><strong>enim</strong></span> <span class='ocrx_word' id='word_1_269' title='bbox 1472 3311 1758 3365; x_wconf 85' lang='lat' dir='ltr'><strong>numquam</strong></span> <span class='ocrx_word' id='word_1_270' title='bbox 1780 3308 1898 3349; x_wconf 88' lang='lat' dir='ltr'><strong>ces-</strong></span> 
     </span>
    </p>
   </div>
   <div class='ocr_carea' id='block_1_34' title="bbox 317 3385 1898 3452">
    <p class='ocr_par' dir='ltr' id='par_1_34' title="bbox 317 3385 1898 3452">
     <span class='ocr_line' id='line_1_34' title="bbox 317 3385 1898 3452; baseline -0.008 -1"><span class='ocrx_word' id='word_1_271' title='bbox 317 3408 400 3452; x_wconf 85' lang='lat' dir='ltr'><strong>sat</strong></span> <span class='ocrx_word' id='word_1_272' title='bbox 424 3395 663 3450; x_wconf 82' lang='lat' dir='ltr'><strong>amictio.</strong></span> <span class='ocrx_word' id='word_1_273' title='bbox 693 3392 794 3447; x_wconf 80' lang='lat' dir='ltr'><strong>Hic</strong></span> <span class='ocrx_word' id='word_1_274' title='bbox 821 3392 963 3447; x_wconf 91' lang='lat' dir='ltr'><strong>enim</strong></span> <span class='ocrx_word' id='word_1_275' title='bbox 992 3398 1047 3444; x_wconf 91' lang='lat' dir='ltr'><strong>et</strong></span> <span class='ocrx_word' id='word_1_276' title='bbox 1076 3403 1219 3443; x_wconf 90' lang='lat' dir='ltr'><strong>mors</strong></span> <span class='ocrx_word' id='word_1_277' title='bbox 1257 3388 1544 3443; x_wconf 83' lang='lat' dir='ltr'><strong>adveniens</strong></span> <span class='ocrx_word' id='word_1_278' title='bbox 1569 3385 1727 3440; x_wconf 82' lang='lat' dir='ltr'><strong>solvit</strong></span> <span class='ocrx_word' id='word_1_279' title='bbox 1752 3385 1898 3439; x_wconf 79' lang='lat' dir='ltr'><strong>cala-</strong></span> 
     </span>
    </p>
   </div>
   <div class='ocr_carea' id='block_1_35' title="bbox 317 3479 1895 3548">
    <p class='ocr_par' dir='ltr' id='par_1_35' title="bbox 317 3479 1895 3548">
     <span class='ocr_line' id='line_1_35' title="bbox 317 3479 1895 3548; baseline -0.008 -5"><span class='ocrx_word' id='word_1_280' title='bbox 317 3491 551 3546; x_wconf 86' lang='lat' dir='ltr'><strong>mitates.</strong></span> <span class='ocrx_word' id='word_1_281' title='bbox 572 3483 729 3539; x_wconf 85' lang='lat' dir='ltr'><strong>amici</strong></span> <span class='ocrx_word' id='word_1_282' title='bbox 757 3483 1112 3543; x_wconf 88' lang='lat' dir='ltr'><strong>consolantes,</strong></span> <span class='ocrx_word' id='word_1_283' title='bbox 1148 3489 1202 3535; x_wconf 91' lang='lat' dir='ltr'><strong>et</strong></span> <span class='ocrx_word' id='word_1_284' title='bbox 1233 3480 1352 3535; x_wconf 86' lang='lat' dir='ltr'><strong>linis</strong></span> <span class='ocrx_word' id='word_1_285' title='bbox 1394 3479 1483 3548; x_wconf 90' lang='lat' dir='ltr'><strong>qui</strong></span> <span class='ocrx_word' id='word_1_286' title='bbox 1518 3485 1895 3547; x_wconf 82' lang='lat' dir='ltr'><strong>exspectatur,</strong></span> 
     </span>
    </p>
   </div>
   <div class='ocr_carea' id='block_1_36' title="bbox 318 3558 1901 3647">
    <p class='ocr_par' dir='ltr' id='par_1_36' title="bbox 318 3558 1901 3647">
     <span class='ocr_line' id='line_1_36' title="bbox 318 3558 1901 3647; baseline -0.008 -13"><span class='ocrx_word' id='word_1_287' title='bbox 318 3592 460 3647; x_wconf 67' lang='lat' dir='ltr'><strong>serpe</strong></span> <span class='ocrx_word' id='word_1_288' title='bbox 480 3577 643 3631; x_wconf 87' lang='lat' dir='ltr'><strong>etiam</strong></span> <span class='ocrx_word' id='word_1_289' title='bbox 664 3587 842 3629; x_wconf 91' lang='lat' dir='ltr'><strong>rerum</strong></span> <span class='ocrx_word' id='word_1_290' title='bbox 862 3587 981 3641; x_wconf 78' lang='lat' dir='ltr'><strong>qua:</strong></span> <span class='ocrx_word' id='word_1_291' title='bbox 1008 3580 1256 3640; x_wconf 83' lang='lat' dir='ltr'><strong>speratur</strong></span> <span class='ocrx_word' id='word_1_292' title='bbox 1282 3570 1525 3631; x_wconf 86' lang='lat' dir='ltr'><strong>mutatio,</strong></span> <span class='ocrx_word' id='word_1_293' title='bbox 1554 3558 1901 3623; x_wconf 65' lang='lat' dir='ltr'><strong>diuturnitas-</strong></span> 
     </span>
    </p>
   </div>
   <div class='ocr_carea' id='block_1_37' title="bbox 314 3660 1896 3740">
    <p class='ocr_par' dir='ltr' id='par_1_37' title="bbox 314 3660 1896 3740">
     <span class='ocr_line' id='line_1_37' title="bbox 314 3660 1896 3740; baseline -0.006 -16"><span class='ocrx_word' id='word_1_294' title='bbox 314 3685 420 3740; x_wconf 89' lang='lat' dir='ltr'><strong>que</strong></span> <span class='ocrx_word' id='word_1_295' title='bbox 461 3665 725 3737; x_wconf 83' lang='lat' dir='ltr'><strong>temporis</strong></span> <span class='ocrx_word' id='word_1_296' title='bbox 761 3663 987 3719; x_wconf 81' lang='lat' dir='ltr'><strong>mollivit</strong></span> <span class='ocrx_word' id='word_1_297' title='bbox 1023 3677 1087 3717; x_wconf 90' lang='lat' dir='ltr'><strong>ac</strong></span> <span class='ocrx_word' id='word_1_298' title='bbox 1134 3662 1396 3731; x_wconf 74' lang='lat' dir='ltr'><strong>mitigavit</strong></span> <span class='ocrx_word' id='word_1_299' title='bbox 1436 3660 1896 3732; x_wconf 76' lang='lat' dir='ltr'><strong>perturbationem</strong></span> 
     </span>
    </p>
   </div>
   <div class='ocr_carea' id='block_1_38' title="bbox 316 3750 1892 3826">
    <p class='ocr_par' dir='ltr' id='par_1_38' title="bbox 316 3750 1892 3826">
     <span class='ocr_line' id='line_1_38' title="bbox 316 3750 1892 3826; baseline -0.006 -12"><span class='ocrx_word' id='word_1_300' title='bbox 316 3759 501 3825; x_wconf 83' lang='lat' dir='ltr'><strong>animi,</strong></span> <span class='ocrx_word' id='word_1_301' title='bbox 530 3757 768 3826; x_wconf 86' lang='lat' dir='ltr'><strong>itemque</strong></span> <span class='ocrx_word' id='word_1_302' title='bbox 791 3769 882 3809; x_wconf 87' lang='lat' dir='ltr'><strong>res</strong></span> <span class='ocrx_word' id='word_1_303' title='bbox 919 3755 1156 3808; x_wconf 66' lang='lat' dir='ltr'><strong>adversae</strong></span> <span class='ocrx_word' id='word_1_304' title='bbox 1188 3753 1633 3822; x_wconf 62' lang='lat' dir='ltr'><strong>mopinquorum.</strong></span> <span class='ocrx_word' id='word_1_305' title='bbox 1684 3750 1892 3805; x_wconf 76' lang='lat' dir='ltr'><strong>Habere</strong></span> 
     </span>
    </p>
   </div>
   <div class='ocr_carea' id='block_1_39' title="bbox 318 3839 1896 3909">
    <p class='ocr_par' dir='ltr' id='par_1_39' title="bbox 318 3839 1896 3909">
     <span class='ocr_line' id='line_1_39' title="bbox 318 3839 1896 3909; baseline -0.007 -3"><span class='ocrx_word' id='word_1_306' title='bbox 318 3852 459 3906; x_wconf 83' lang='lat' dir='ltr'><strong>enim</strong></span> <span class='ocrx_word' id='word_1_307' title='bbox 488 3860 850 3903; x_wconf 76' lang='lat' dir='ltr'><strong>:crumnarum</strong></span> <span class='ocrx_word' id='word_1_308' title='bbox 877 3844 1053 3899; x_wconf 86' lang='lat' dir='ltr'><strong>socios</strong></span> <span class='ocrx_word' id='word_1_309' title='bbox 1071 3885 1086 3907; x_wconf 87' lang='lat'><strong>,</strong></span> <span class='ocrx_word' id='word_1_310' title='bbox 1133 3850 1190 3896; x_wconf 90' lang='lat' dir='ltr'><strong>et</strong></span> <span class='ocrx_word' id='word_1_311' title='bbox 1218 3841 1400 3896; x_wconf 81' lang='lat' dir='ltr'><strong>videre</strong></span> <span class='ocrx_word' id='word_1_312' title='bbox 1427 3841 1590 3895; x_wconf 86' lang='lat' dir='ltr'><strong>multa</strong></span> <span class='ocrx_word' id='word_1_313' title='bbox 1633 3839 1896 3909; x_wconf 81' lang='lat' dir='ltr'><strong>ejusmodi</strong></span> 
     </span>
    </p>
   </div>
   <div class='ocr_carea' id='block_1_40' title="bbox 315 3931 1898 4010">
    <p class='ocr_par' dir='ltr' id='par_1_40' title="bbox 315 3931 1898 4010">
     <span class='ocr_line' id='line_1_40' title="bbox 315 3931 1898 4010; baseline -0.009 -11"><span class='ocrx_word' id='word_1_314' title='bbox 315 3939 582 4010; x_wconf 81' lang='lat' dir='ltr'><strong>exempla,</strong></span> <span class='ocrx_word' id='word_1_315' title='bbox 613 3938 786 3991; x_wconf 75' lang='lat' dir='ltr'><strong>visum</strong></span> <span class='ocrx_word' id='word_1_316' title='bbox 811 3943 896 3989; x_wconf 88' lang='lat' dir='ltr'><strong>est</strong></span> <span class='ocrx_word' id='word_1_317' title='bbox 920 3933 1099 3989; x_wconf 87' lang='lat' dir='ltr'><strong>multis</strong></span> <span class='ocrx_word' id='word_1_318' title='bbox 1120 3931 1248 3989; x_wconf 78' lang='lat' dir='ltr'><strong>esse’</strong></span> <span class='ocrx_word' id='word_1_319' title='bbox 1270 3931 1395 4002; x_wconf 78' lang='lat' dir='ltr'><strong>quid</strong></span> <span class='ocrx_word' id='word_1_320' title='bbox 1419 3932 1595 4001; x_wconf 83' lang='lat' dir='ltr'><strong>magni</strong></span> <span class='ocrx_word' id='word_1_321' title='bbox 1614 3932 1682 3985; x_wconf 87' lang='lat' dir='ltr'><strong>ad</strong></span> <span class='ocrx_word' id='word_1_322' title='bbox 1707 3946 1898 3985; x_wconf 82' lang='lat' dir='ltr'><strong>conso-</strong></span> 
     </span>
    </p>
   </div>
   <div class='ocr_carea' id='block_1_41' title="bbox 316 4026 1895 4096">
    <p class='ocr_par' dir='ltr' id='par_1_41' title="bbox 316 4026 1895 4096">
     <span class='ocr_line' id='line_1_41' title="bbox 316 4026 1895 4096; baseline -0.008 -5"><span class='ocrx_word' id='word_1_323' title='bbox 316 4036 592 4090; x_wconf 86' lang='lat' dir='ltr'><strong>lationem.</strong></span> <span class='ocrx_word' id='word_1_324' title='bbox 619 4030 735 4084; x_wconf 81' lang='lat' dir='ltr'><strong>lllic</strong></span> <span class='ocrx_word' id='word_1_325' title='bbox 758 4038 933 4083; x_wconf 86' lang='lat' dir='ltr'><strong>autem</strong></span> <span class='ocrx_word' id='word_1_326' title='bbox 958 4026 1092 4082; x_wconf 77' lang='lat' dir='ltr'><strong>nihil</strong></span> <span class='ocrx_word' id='word_1_327' title='bbox 1119 4035 1203 4081; x_wconf 88' lang='lat' dir='ltr'><strong>est</strong></span> <span class='ocrx_word' id='word_1_328' title='bbox 1225 4026 1485 4095; x_wconf 77' lang='lat' dir='ltr'><strong>ejusmodi</strong></span> <span class='ocrx_word' id='word_1_329' title='bbox 1512 4043 1525 4077; x_wconf 91' lang='lat'><strong>:</strong></span> <span class='ocrx_word' id='word_1_330' title='bbox 1559 4040 1729 4096; x_wconf 89' lang='lat' dir='ltr'><strong>neque</strong></span> <span class='ocrx_word' id='word_1_331' title='bbox 1753 4026 1895 4080; x_wconf 91' lang='lat' dir='ltr'><strong>enim</strong></span> 
     </span>
    </p>
   </div>
   <div class='ocr_carea' id='block_1_42' title="bbox 315 4116 1898 4191">
    <p class='ocr_par' dir='ltr' id='par_1_42' title="bbox 315 4116 1898 4191">
     <span class='ocr_line' id='line_1_42' title="bbox 315 4116 1898 4191; baseline -0.005 -13"><span class='ocrx_word' id='word_1_332' title='bbox 315 4126 469 4181; x_wconf 82' lang='lat' dir='ltr'><strong>adest</strong></span> <span class='ocrx_word' id='word_1_333' title='bbox 489 4121 687 4191; x_wconf 80' lang='lat' dir='ltr'><strong>aliquis</strong></span> <span class='ocrx_word' id='word_1_334' title='bbox 712 4120 803 4189; x_wconf 83' lang='lat' dir='ltr'><strong>qui</strong></span> <span class='ocrx_word' id='word_1_335' title='bbox 833 4118 1160 4185; x_wconf 83' lang='lat' dir='ltr'><strong>consoletur,</strong></span> <span class='ocrx_word' id='word_1_336' title='bbox 1186 4116 1279 4172; x_wconf 87' lang='lat' dir='ltr'><strong>sed</strong></span> <span class='ocrx_word' id='word_1_337' title='bbox 1309 4117 1496 4172; x_wconf 85' lang='lat' dir='ltr'><strong>amicis</strong></span> <span class='ocrx_word' id='word_1_338' title='bbox 1520 4116 1757 4171; x_wconf 87' lang='lat' dir='ltr'><strong>destituti</strong></span> <span class='ocrx_word' id='word_1_339' title='bbox 1783 4131 1898 4170; x_wconf 87' lang='lat' dir='ltr'><strong>om-</strong></span> 
     </span>
    </p>
   </div>
   <div class='ocr_carea' id='block_1_43' title="bbox 316 4209 1895 4282">
    <p class='ocr_par' dir='ltr' id='par_1_43' title="bbox 316 4209 1895 4282">
     <span class='ocr_line' id='line_1_43' title="bbox 316 4209 1895 4282; baseline -0.006 -9"><span class='ocrx_word' id='word_1_340' title='bbox 316 4234 410 4273; x_wconf 85' lang='lat' dir='ltr'><strong>nes</strong></span> <span class='ocrx_word' id='word_1_341' title='bbox 450 4224 600 4271; x_wconf 87' lang='lat' dir='ltr'><strong>sunt.</strong></span> <span class='ocrx_word' id='word_1_342' title='bbox 642 4213 762 4268; x_wconf 73' lang='lat' dir='ltr'><strong>Non</strong></span> <span class='ocrx_word' id='word_1_343' title='bbox 810 4211 1088 4282; x_wconf 83' lang='lat' dir='ltr'><strong>longitudo</strong></span> <span class='ocrx_word' id='word_1_344' title='bbox 1132 4211 1387 4281; x_wconf 86' lang='lat' dir='ltr'><strong>temporis</strong></span> <span class='ocrx_word' id='word_1_345' title='bbox 1445 4209 1617 4264; x_wconf 86' lang='lat' dir='ltr'><strong>mollit</strong></span> <span class='ocrx_word' id='word_1_346' title='bbox 1657 4209 1895 4264; x_wconf 83' lang='lat' dir='ltr'><strong>dolorem</strong></span> 
     </span>
    </p>
   </div>
   <div class='ocr_carea' id='block_1_44' title="bbox 314 4301 1898 4380">
    <p class='ocr_par' dir='ltr' id='par_1_44' title="bbox 314 4301 1898 4380">
     <span class='ocr_line' id='line_1_44' title="bbox 314 4301 1898 4380; baseline -0.005 -17"><span class='ocrx_word' id='word_1_347' title='bbox 314 4305 630 4380; x_wconf 84' lang='lat' dir='ltr'><strong>(quomodo</strong></span> <span class='ocrx_word' id='word_1_348' title='bbox 666 4304 839 4368; x_wconf 87' lang='lat' dir='ltr'><strong>enim,</strong></span> <span class='ocrx_word' id='word_1_349' title='bbox 894 4318 1015 4357; x_wconf 78' lang='lat' dir='ltr'><strong>cum</strong></span> <span class='ocrx_word' id='word_1_350' title='bbox 1058 4302 1271 4356; x_wconf 75' lang='lat' dir='ltr'><strong>ﬂarnma</strong></span> <span class='ocrx_word' id='word_1_351' title='bbox 1312 4309 1570 4370; x_wconf 88' lang='lat' dir='ltr'><strong>perpetuo</strong></span> <span class='ocrx_word' id='word_1_352' title='bbox 1614 4301 1733 4355; x_wconf 83' lang='lat' dir='ltr'><strong>illos</strong></span> <span class='ocrx_word' id='word_1_353' title='bbox 1778 4315 1898 4371; x_wconf 85' lang='lat' dir='ltr'><strong>pre—</strong></span> 
     </span>
    </p>
   </div>
   <div class='ocr_carea' id='block_1_45' title="bbox 318 4393 1895 4469">
    <p class='ocr_par' dir='ltr' id='par_1_45' title="bbox 318 4393 1895 4469">
     <span class='ocr_line' id='line_1_45' title="bbox 318 4393 1895 4469; baseline -0.004 -15"><span class='ocrx_word' id='word_1_354' title='bbox 318 4400 675 4469; x_wconf 68' lang='lat' dir='ltr'><strong>inuti),non</strong></span> <span class='ocrx_word' id='word_1_355' title='bbox 712 4410 844 4465; x_wconf 81' lang='lat' dir='ltr'><strong>spes</strong></span> <span class='ocrx_word' id='word_1_356' title='bbox 880 4393 1212 4450; x_wconf 58' lang='lat' dir='ltr'><strong>«liberalioriis</strong></span> <span class='ocrx_word' id='word_1_357' title='bbox 1259 4409 1272 4445; x_wconf 90' lang='lat'><strong>:</strong></span> <span class='ocrx_word' id='word_1_358' title='bbox 1315 4401 1399 4448; x_wconf 84' lang='lat' dir='ltr'><strong>est</strong></span> <span class='ocrx_word' id='word_1_359' title='bbox 1449 4394 1590 4449; x_wconf 87' lang='lat' dir='ltr'><strong>enim</strong></span> <span class='ocrx_word' id='word_1_360' title='bbox 1636 4403 1895 4448; x_wconf 84' lang='lat' dir='ltr'><strong>aeternum</strong></span> 
     </span>
    </p>
   </div>
   <div class='ocr_carea' id='block_1_46' title="bbox 317 4486 1896 4560">
    <p class='ocr_par' dir='ltr' id='par_1_46' title="bbox 317 4486 1896 4560">
     <span class='ocr_line' id='line_1_46' title="bbox 317 4486 1896 4560; baseline -0.003 -17"><span class='ocrx_word' id='word_1_361' title='bbox 317 4490 676 4560; x_wconf 68' lang='lat' dir='ltr'><strong>supplicium;</strong></span> <span class='ocrx_word' id='word_1_362' title='bbox 698 4503 813 4543; x_wconf 74' lang='lat' dir='ltr'><strong>non</strong></span> <span class='ocrx_word' id='word_1_363' title='bbox 836 4486 1025 4541; x_wconf 84' lang='lat' dir='ltr'><strong>mortis</strong></span> <span class='ocrx_word' id='word_1_364' title='bbox 1040 4486 1375 4551; x_wconf 75' lang='lat' dir='ltr'><strong>exspectatio</strong></span> <span class='ocrx_word' id='word_1_365' title='bbox 1410 4502 1427 4538; x_wconf 83' lang='lat'><strong>:</strong></span> <span class='ocrx_word' id='word_1_366' title='bbox 1459 4495 1542 4541; x_wconf 89' lang='lat' dir='ltr'><strong>est</strong></span> <span class='ocrx_word' id='word_1_367' title='bbox 1570 4486 1711 4541; x_wconf 91' lang='lat' dir='ltr'><strong>enim</strong></span> <span class='ocrx_word' id='word_1_368' title='bbox 1738 4500 1896 4557; x_wconf 67' lang='lat' dir='ltr'><strong>paena</strong></span> 
     </span>
    </p>
   </div>
   <div class='ocr_carea' id='block_1_47' title="bbox 316 4577 1893 4647">
    <p class='ocr_par' dir='ltr' id='par_1_47' title="bbox 316 4577 1893 4647">
     <span class='ocr_line' id='line_1_47' title="bbox 316 4577 1893 4647; baseline -0.004 -10"><span class='ocrx_word' id='word_1_369' title='bbox 316 4593 540 4647; x_wconf 58' lang='lat' dir='ltr'><strong>interna,</strong></span> <span class='ocrx_word' id='word_1_370' title='bbox 564 4588 623 4635; x_wconf 84' lang='lat' dir='ltr'><strong>et</strong></span> <span class='ocrx_word' id='word_1_371' title='bbox 644 4586 770 4633; x_wconf 88' lang='lat' dir='ltr'><strong>sunt</strong></span> <span class='ocrx_word' id='word_1_372' title='bbox 796 4577 959 4633; x_wconf 83' lang='lat' dir='ltr'><strong>etiam</strong></span> <span class='ocrx_word' id='word_1_373' title='bbox 974 4591 1095 4646; x_wconf 69' lang='lat' dir='ltr'><strong>quae</strong></span> <span class='ocrx_word' id='word_1_374' title='bbox 1112 4577 1399 4646; x_wconf 79' lang='lat' dir='ltr'><strong>puniuntur</strong></span> <span class='ocrx_word' id='word_1_375' title='bbox 1417 4591 1642 4646; x_wconf 88' lang='lat' dir='ltr'><strong>corpora</strong></span> <span class='ocrx_word' id='word_1_376' title='bbox 1669 4578 1893 4632; x_wconf 84' lang='lat' dir='ltr'><strong>immor-</strong></span> 
     </span>
    </p>
   </div>
   <div class='ocr_carea' id='block_1_48' title="bbox 316 4664 1897 4737">
    <p class='ocr_par' dir='ltr' id='par_1_48' title="bbox 316 4664 1897 4737">
     <span class='ocr_line' id='line_1_48' title="bbox 316 4664 1897 4737; baseline -0.002 -11"><span class='ocrx_word' id='word_1_377' title='bbox 316 4673 479 4737; x_wconf 77' lang='lat' dir='ltr'><strong>talia;</strong></span> <span class='ocrx_word' id='word_1_378' title='bbox 504 4678 563 4726; x_wconf 89' lang='lat' dir='ltr'><strong>et</strong></span> <span class='ocrx_word' id='word_1_379' title='bbox 585 4683 655 4725; x_wconf 83' lang='lat' dir='ltr'><strong>ne</strong></span> <span class='ocrx_word' id='word_1_380' title='bbox 681 4667 787 4723; x_wconf 85' lang='lat' dir='ltr'><strong>hoc</strong></span> <span class='ocrx_word' id='word_1_381' title='bbox 826 4667 1041 4737; x_wconf 78' lang='lat' dir='ltr'><strong>quidem</strong></span> <span class='ocrx_word' id='word_1_382' title='bbox 1065 4664 1209 4736; x_wconf 86' lang='lat' dir='ltr'><strong>quod</strong></span> <span class='ocrx_word' id='word_1_383' title='bbox 1236 4665 1448 4722; x_wconf 83' lang='lat' dir='ltr'><strong>videtur</strong></span> <span class='ocrx_word' id='word_1_384' title='bbox 1474 4668 1659 4722; x_wconf 81' lang='lat' dir='ltr'><strong>multis</strong></span> <span class='ocrx_word' id='word_1_385' title='bbox 1701 4667 1897 4723; x_wconf 75' lang='lat' dir='ltr'><strong>aﬂ&#39;erre</strong></span> 
     </span>
    </p>
   </div>
   <div class='ocr_carea' id='block_1_49' title="bbox 314 4756 1891 4831">
    <p class='ocr_par' dir='ltr' id='par_1_49' title="bbox 314 4756 1891 4831">
     <span class='ocr_line' id='line_1_49' title="bbox 314 4756 1891 4831; baseline -0.003 -15"><span class='ocrx_word' id='word_1_386' title='bbox 314 4763 589 4829; x_wconf 83' lang='lat' dir='ltr'><strong>solatium,</strong></span> <span class='ocrx_word' id='word_1_387' title='bbox 611 4759 760 4831; x_wconf 79' lang='lat' dir='ltr'><strong>quod</strong></span> <span class='ocrx_word' id='word_1_388' title='bbox 780 4757 996 4813; x_wconf 80' lang='lat' dir='ltr'><strong>vitleant</strong></span> <span class='ocrx_word' id='word_1_389' title='bbox 1020 4757 1224 4813; x_wconf 83' lang='lat' dir='ltr'><strong>scilicet</strong></span> <span class='ocrx_word' id='word_1_390' title='bbox 1248 4756 1382 4812; x_wconf 77' lang='lat' dir='ltr'><strong>alios</strong></span> <span class='ocrx_word' id='word_1_391' title='bbox 1404 4758 1607 4827; x_wconf 84' lang='lat' dir='ltr'><strong>puniri.</strong></span> <span class='ocrx_word' id='word_1_392' title='bbox 1648 4758 1891 4813; x_wconf 75' lang='lat' dir='ltr'><strong>Primum</strong></span> 
     </span>
    </p>
   </div>
   <div class='ocr_carea' id='block_1_50' title="bbox 311 4847 1894 4922">
    <p class='ocr_par' dir='ltr' id='par_1_50' title="bbox 311 4847 1894 4922">
     <span class='ocr_line' id='line_1_50' title="bbox 311 4847 1894 4922; baseline -0.003 -14"><span class='ocrx_word' id='word_1_393' title='bbox 311 4854 459 4909; x_wconf 91' lang='lat' dir='ltr'><strong>enim</strong></span> <span class='ocrx_word' id='word_1_394' title='bbox 485 4866 597 4908; x_wconf 83' lang='lat' dir='ltr'><strong>non</strong></span> <span class='ocrx_word' id='word_1_395' title='bbox 612 4848 1014 4922; x_wconf 75' lang='lat' dir='ltr'><strong>possuntvideri</strong></span> <span class='ocrx_word' id='word_1_396' title='bbox 1038 4847 1128 4919; x_wconf 87' lang='lat' dir='ltr'><strong>qui</strong></span> <span class='ocrx_word' id='word_1_397' title='bbox 1150 4848 1466 4918; x_wconf 81' lang='lat' dir='ltr'><strong>puniuntur,</strong></span> <span class='ocrx_word' id='word_1_398' title='bbox 1488 4862 1612 4903; x_wconf 82' lang='lat' dir='ltr'><strong>cum</strong></span> <span class='ocrx_word' id='word_1_399' title='bbox 1637 4849 1894 4918; x_wconf 76' lang='lat' dir='ltr'><strong>tenebrae,</strong></span> 
     </span>
    </p>
   </div>
   <div class='ocr_carea' id='block_1_51' title="bbox 312 4937 1897 5013">
    <p class='ocr_par' dir='ltr' id='par_1_51' title="bbox 312 4937 1897 5013">
     <span class='ocr_line' id='line_1_51' title="bbox 312 4937 1897 5013; baseline -0.003 -15"><span class='ocrx_word' id='word_1_400' title='bbox 312 4957 435 5013; x_wconf 67' lang='lat' dir='ltr'><strong>quae</strong></span> <span class='ocrx_word' id='word_1_401' title='bbox 464 4948 601 4997; x_wconf 77' lang='lat' dir='ltr'><strong>sunt</strong></span> <span class='ocrx_word' id='word_1_402' title='bbox 626 4942 795 4995; x_wconf 83' lang='lat' dir='ltr'><strong>instar</strong></span> <span class='ocrx_word' id='word_1_403' title='bbox 817 4939 1101 5010; x_wconf 82' lang='lat' dir='ltr'><strong>sepimenti</strong></span> <span class='ocrx_word' id='word_1_404' title='bbox 1129 4978 1145 5005; x_wconf 88' lang='lat'><strong>,</strong></span> <span class='ocrx_word' id='word_1_405' title='bbox 1193 4937 1363 4992; x_wconf 86' lang='lat' dir='ltr'><strong>oculis</strong></span> <span class='ocrx_word' id='word_1_406' title='bbox 1402 4937 1679 5009; x_wconf 86' lang='lat' dir='ltr'><strong>caliginem</strong></span> <span class='ocrx_word' id='word_1_407' title='bbox 1721 4938 1897 4995; x_wconf 61' lang='lat' dir='ltr'><strong>afua-</strong></span> 
     </span>
    </p>
   </div>
   <div class='ocr_carea' id='block_1_52' title="bbox 313 5030 1898 5100">
    <p class='ocr_par' dir='ltr' id='par_1_52' title="bbox 313 5030 1898 5100">
     <span class='ocr_line' id='line_1_52' title="bbox 313 5030 1898 5100; baseline -0.003 -10"><span class='ocrx_word' id='word_1_408' title='bbox 313 5037 445 5090; x_wconf 82' lang='lat' dir='ltr'><strong>dant</strong></span> <span class='ocrx_word' id='word_1_409' title='bbox 473 5051 489 5087; x_wconf 89' lang='lat'><strong>:</strong></span> <span class='ocrx_word' id='word_1_410' title='bbox 519 5033 715 5089; x_wconf 82' lang='lat' dir='ltr'><strong>deinde</strong></span> <span class='ocrx_word' id='word_1_411' title='bbox 746 5030 1054 5100; x_wconf 77' lang='lat' dir='ltr'><strong>magnitudo</strong></span> <span class='ocrx_word' id='word_1_412' title='bbox 1076 5030 1278 5086; x_wconf 84' lang='lat' dir='ltr'><strong>doloris</strong></span> <span class='ocrx_word' id='word_1_413' title='bbox 1300 5045 1372 5085; x_wconf 81' lang='lat' dir='ltr'><strong>ne</strong></span> <span class='ocrx_word' id='word_1_414' title='bbox 1393 5030 1523 5085; x_wconf 89' lang='lat' dir='ltr'><strong>sinit</strong></span> <span class='ocrx_word' id='word_1_415' title='bbox 1561 5030 1775 5100; x_wconf 79' lang='lat' dir='ltr'><strong>quidem</strong></span> <span class='ocrx_word' id='word_1_416' title='bbox 1798 5032 1898 5086; x_wconf 86' lang='lat' dir='ltr'><strong>ad-</strong></span> 
     </span>
    </p>
   </div>
   <div class='ocr_carea' id='block_1_53' title="bbox 310 5114 1894 5195">
    <p class='ocr_par' dir='ltr' id='par_1_53' title="bbox 310 5114 1894 5195">
     <span class='ocr_line' id='line_1_53' title="bbox 310 5114 1894 5195; baseline -0.004 -12"><span class='ocrx_word' id='word_1_417' title='bbox 310 5114 529 5183; x_wconf 74' lang='lat' dir='ltr'><strong>mittere</strong></span> <span class='ocrx_word' id='word_1_418' title='bbox 553 5140 769 5180; x_wconf 79' lang='lat' dir='ltr'><strong>sensum</strong></span> <span class='ocrx_word' id='word_1_419' title='bbox 798 5123 955 5195; x_wconf 81' lang='lat' dir='ltr'><strong>hujus</strong></span> <span class='ocrx_word' id='word_1_420' title='bbox 972 5122 1380 5177; x_wconf 82' lang='lat' dir='ltr'><strong>consolationis.</strong></span> <span class='ocrx_word' id='word_1_421' title='bbox 1422 5122 1583 5176; x_wconf 82' lang='lat' dir='ltr'><strong>Dives</strong></span> <span class='ocrx_word' id='word_1_422' title='bbox 1609 5136 1738 5192; x_wconf 82' lang='lat' dir='ltr'><strong>ergo</strong></span> <span class='ocrx_word' id='word_1_423' title='bbox 1764 5123 1894 5178; x_wconf 88' lang='lat' dir='ltr'><strong>nihil</strong></span> 
     </span>
    </p>
   </div>
   <div class='ocr_carea' id='block_1_54' title="bbox 306 5211 1894 5285">
    <p class='ocr_par' dir='ltr' id='par_1_54' title="bbox 306 5211 1894 5285">
     <span class='ocr_line' id='line_1_54' title="bbox 306 5211 1894 5285; baseline -0.006 -11"><span class='ocrx_word' id='word_1_424' title='bbox 306 5234 377 5274; x_wconf 86' lang='lat' dir='ltr'><strong>ex</strong></span> <span class='ocrx_word' id='word_1_425' title='bbox 406 5232 471 5273; x_wconf 78' lang='lat' dir='ltr'><strong>ea</strong></span> <span class='ocrx_word' id='word_1_426' title='bbox 498 5231 562 5272; x_wconf 86' lang='lat' dir='ltr'><strong>re</strong></span> <span class='ocrx_word' id='word_1_427' title='bbox 589 5215 856 5285; x_wconf 81' lang='lat' dir='ltr'><strong>acceperit</strong></span> <span class='ocrx_word' id='word_1_428' title='bbox 885 5213 1085 5274; x_wconf 75' lang='lat' dir='ltr'><strong>solatii,</strong></span> <span class='ocrx_word' id='word_1_429' title='bbox 1132 5227 1232 5269; x_wconf 87' lang='lat' dir='ltr'><strong>nec</strong></span> <span class='ocrx_word' id='word_1_430' title='bbox 1256 5212 1292 5266; x_wconf 89' lang='lat' dir='ltr'><strong>ii</strong></span> <span class='ocrx_word' id='word_1_431' title='bbox 1321 5212 1413 5282; x_wconf 87' lang='lat' dir='ltr'><strong>qui</strong></span> <span class='ocrx_word' id='word_1_432' title='bbox 1443 5211 1671 5267; x_wconf 86' lang='lat' dir='ltr'><strong>strident</strong></span> <span class='ocrx_word' id='word_1_433' title='bbox 1718 5212 1894 5267; x_wconf 82' lang='lat' dir='ltr'><strong>denti-</strong></span> 
     </span>
    </p>
   </div>
   <div class='ocr_carea' id='block_1_55' title="bbox 279 5264 1897 5379">
    <p class='ocr_par' dir='ltr' id='par_1_55' title="bbox 279 5264 1897 5379">
     <span class='ocr_line' id='line_1_55' title="bbox 279 5264 1897 5379; baseline -0.005 -15"><span class='ocrx_word' id='word_1_434' title='bbox 279 5264 560 5379; x_wconf 44' lang='lat' dir='ltr'><strong>uti];</strong></span> <span class='ocrx_word' id='word_1_435' title='bbox 881 5264 1195 5358; x_wconf 47' lang='lat' dir='ltr'><strong>male;</strong></span> <span class='ocrx_word' id='word_1_436' title='bbox 1210 5264 1413 5358; x_wconf 50' lang='lat' dir='ltr'><strong>bis};</strong></span> <span class='ocrx_word' id='word_1_437' title='bbox 1433 5264 1605 5369; x_wconf 52' lang='lat' dir='ltr'><strong>at...</strong></span> <span class='ocrx_word' id='word_1_438' title='bbox 1624 5264 1678 5356; x_wconf 57' lang='grc' dir='ltr'><strong>τά</strong></span> <span class='ocrx_word' id='word_1_439' title='bbox 1692 5264 1897 5357; x_wconf 52' lang='lat' dir='ltr'><strong>se...</strong></span> 
     </span>
    </p>
   </div>
   <div class='ocr_carea' id='block_1_56' title="bbox 210 5384 1894 5472">
    <p class='ocr_par' dir='ltr' id='par_1_56' title="bbox 210 5384 1894 5472">
     <span class='ocr_line' id='line_1_56' title="bbox 210 5384 1894 5472; baseline -0.014 -14"><span class='ocrx_word' id='word_1_440' title='bbox 210 5384 219 5395; x_wconf 86' lang='lat'><strong><em>&#39;</em></strong></span> <span class='ocrx_word' id='word_1_441' title='bbox 312 5400 539 5472; x_wconf 66' lang='lat' dir='ltr'><strong>justitias</strong></span> <span class='ocrx_word' id='word_1_442' title='bbox 585 5413 722 5451; x_wconf 70' lang='lat' dir='ltr'><strong>mea:</strong></span> <span class='ocrx_word' id='word_1_443' title='bbox 743 5396 770 5450; x_wconf 65' lang='grc' dir='ltr'><em>ρ</em></span> <span class='ocrx_word' id='word_1_444' title='bbox 805 5395 1002 5451; x_wconf 61' lang='lat' dir='ltr'><strong>Vidisti</strong></span> <span class='ocrx_word' id='word_1_445' title='bbox 1050 5394 1219 5466; x_wconf 76' lang='lat' dir='ltr'><strong>lyram</strong></span> <span class='ocrx_word' id='word_1_446' title='bbox 1266 5393 1587 5463; x_wconf 65' lang='lat' dir='ltr'><strong>perfectam,</strong></span> <span class='ocrx_word' id='word_1_447' title='bbox 1636 5394 1894 5449; x_wconf 48' lang='lat' dir='ltr'><strong>enim,“</strong></span> 
     </span>
    </p>
   </div>
   <div class='ocr_carea' id='block_1_57' title="bbox 304 5485 1898 5561">
    <p class='ocr_par' dir='ltr' id='par_1_57' title="bbox 304 5485 1898 5561">
     <span class='ocr_line' id='line_1_57' title="bbox 304 5485 1898 5561; baseline -0.003 -16"><span class='ocrx_word' id='word_1_448' title='bbox 304 5491 454 5547; x_wconf 86' lang='lat' dir='ltr'><strong>bene</strong></span> <span class='ocrx_word' id='word_1_449' title='bbox 477 5488 858 5561; x_wconf 80' lang='lat' dir='ltr'><strong>compositam,</strong></span> <span class='ocrx_word' id='word_1_450' title='bbox 884 5486 1113 5543; x_wconf 83' lang='lat' dir='ltr'><strong>diversis</strong></span> <span class='ocrx_word' id='word_1_451' title='bbox 1136 5485 1285 5539; x_wconf 84' lang='lat' dir='ltr'><strong>souis</strong></span> <span class='ocrx_word' id='word_1_452' title='bbox 1305 5500 1469 5540; x_wconf 82' lang='lat' dir='ltr'><strong>unum</strong></span> <span class='ocrx_word' id='word_1_453' title='bbox 1487 5485 1649 5541; x_wconf 85' lang='lat' dir='ltr'><strong>edere</strong></span> <span class='ocrx_word' id='word_1_454' title='bbox 1668 5500 1898 5541; x_wconf 88' lang='lat' dir='ltr'><strong>concen-</strong></span> 
     </span>
    </p>
   </div>
   <div class='ocr_carea' id='block_1_58' title="bbox 302 5574 1897 5646">
    <p class='ocr_par' dir='ltr' id='par_1_58' title="bbox 302 5574 1897 5646">
     <span class='ocr_line' id='line_1_58' title="bbox 302 5574 1897 5646; baseline -0.004 -9"><span class='ocrx_word' id='word_1_455' title='bbox 302 5582 469 5637; x_wconf 74' lang='lat' dir='ltr'><strong>tum?</strong></span> <span class='ocrx_word' id='word_1_456' title='bbox 497 5580 599 5636; x_wconf 83' lang='lat' dir='ltr'><strong>llic</strong></span> <span class='ocrx_word' id='word_1_457' title='bbox 635 5587 720 5634; x_wconf 81' lang='lat' dir='ltr'><strong>est</strong></span> <span class='ocrx_word' id='word_1_458' title='bbox 758 5578 902 5634; x_wconf 80' lang='lat' dir='ltr'><strong>enim</strong></span> <span class='ocrx_word' id='word_1_459' title='bbox 943 5589 1134 5632; x_wconf 84' lang='lat' dir='ltr'><strong>sensus</strong></span> <span class='ocrx_word' id='word_1_460' title='bbox 1171 5584 1228 5631; x_wconf 90' lang='lat' dir='ltr'><strong>et</strong></span> <span class='ocrx_word' id='word_1_461' title='bbox 1268 5574 1323 5631; x_wconf 90' lang='lat' dir='ltr'><strong>id</strong></span> <span class='ocrx_word' id='word_1_462' title='bbox 1350 5575 1489 5646; x_wconf 90' lang='lat' dir='ltr'><strong>apud</strong></span> <span class='ocrx_word' id='word_1_463' title='bbox 1535 5576 1804 5645; x_wconf 82' lang='lat' dir='ltr'><strong>apostolos</strong></span> <span class='ocrx_word' id='word_1_464' title='bbox 1843 5585 1897 5630; x_wconf 84' lang='lat' dir='ltr'><strong>et</strong></span> 
     </span>
    </p>
   </div>
   <div class='ocr_carea' id='block_1_59' title="bbox 314 5667 1894 5744">
    <p class='ocr_par' dir='ltr' id='par_1_59' title="bbox 314 5667 1894 5744">
     <span class='ocr_line' id='line_1_59' title="bbox 314 5667 1894 5744; baseline -0.003 -16"><span class='ocrx_word' id='word_1_465' title='bbox 314 5675 453 5743; x_wconf 84' lang='lat' dir='ltr'><strong>apud</strong></span> <span class='ocrx_word' id='word_1_466' title='bbox 474 5673 614 5730; x_wconf 79' lang='lat' dir='ltr'><strong>alios</strong></span> <span class='ocrx_word' id='word_1_467' title='bbox 636 5669 925 5744; x_wconf 86' lang='lat' dir='ltr'><strong>praphetas</strong></span> <span class='ocrx_word' id='word_1_468' title='bbox 948 5668 1203 5737; x_wconf 89' lang='lat' dir='ltr'><strong>scriptum</strong></span> <span class='ocrx_word' id='word_1_469' title='bbox 1229 5667 1374 5723; x_wconf 89' lang='lat' dir='ltr'><strong>cerni</strong></span> <span class='ocrx_word' id='word_1_470' title='bbox 1404 5676 1595 5737; x_wconf 86' lang='lat' dir='ltr'><strong>potest,</strong></span> <span class='ocrx_word' id='word_1_471' title='bbox 1619 5677 1675 5722; x_wconf 92' lang='lat' dir='ltr'><strong>et</strong></span> <span class='ocrx_word' id='word_1_472' title='bbox 1704 5668 1894 5723; x_wconf 86' lang='lat' dir='ltr'><strong>Paulus</strong></span> 
     </span>
    </p>
   </div>
   <div class='ocr_carea' id='block_1_60' title="bbox 314 5758 1890 5830">
    <p class='ocr_par' dir='ltr' id='par_1_60' title="bbox 314 5758 1890 5830">
     <span class='ocr_line' id='line_1_60' title="bbox 314 5758 1890 5830; baseline -0.005 -8"><span class='ocrx_word' id='word_1_473' title='bbox 314 5767 472 5822; x_wconf 85' lang='lat' dir='ltr'><strong>etiam</strong></span> <span class='ocrx_word' id='word_1_474' title='bbox 524 5764 599 5821; x_wconf 83' lang='lat' dir='ltr'><strong>ita</strong></span> <span class='ocrx_word' id='word_1_475' title='bbox 646 5762 813 5828; x_wconf 87' lang='lat' dir='ltr'><strong>dicit,</strong></span> <span class='ocrx_word' id='word_1_476' title='bbox 849 5760 962 5830; x_wconf 89' lang='lat' dir='ltr'><strong>ipse</strong></span> <span class='ocrx_word' id='word_1_477' title='bbox 991 5772 1200 5829; x_wconf 73' lang='lat' dir='ltr'><strong>quoque</strong></span> <span class='ocrx_word' id='word_1_478' title='bbox 1237 5758 1522 5817; x_wconf 86' lang='lat' dir='ltr'><strong>ostendens</strong></span> <span class='ocrx_word' id='word_1_479' title='bbox 1555 5759 1685 5814; x_wconf 84' lang='lat' dir='ltr'><strong>nihil</strong></span> <span class='ocrx_word' id='word_1_480' title='bbox 1728 5767 1890 5828; x_wconf 83' lang='lat' dir='ltr'><strong>prou-</strong></span> 
     </span>
    </p>
   </div>
   <div class='ocr_carea' id='block_1_61' title="bbox 1404 349 2452 414">
    <p class='ocr_par' dir='ltr' id='par_1_61' title="bbox 1404 349 2452 414">
     <span class='ocr_line' id='line_1_61' title="bbox 1404 349 2452 414; baseline -0.008 0"><span class='ocrx_word' id='word_1_481' title='bbox 1404 354 1764 414; x_wconf 82' lang='lat' dir='ltr'><strong>EXi‘OSITiO</strong></span> <span class='ocrx_word' id='word_1_482' title='bbox 1807 350 1871 407; x_wconf 81' lang='lat' dir='ltr'><strong>lN</strong></span> <span class='ocrx_word' id='word_1_483' title='bbox 1911 349 2230 407; x_wconf 75' lang='lat' dir='ltr'><strong>PSALMUM</strong></span> <span class='ocrx_word' id='word_1_484' title='bbox 2270 352 2452 409; x_wconf 76' lang='lat' dir='ltr'><strong>XLIX.</strong></span> 
     </span>
    </p>
   </div>
   <div class='ocr_carea' id='block_1_62' title="bbox 3480 359 3586 415">
    <p class='ocr_par' dir='ltr' id='par_1_62' title="bbox 3480 359 3586 415">
     <span class='ocr_line' id='line_1_62' title="bbox 3480 359 3586 415; baseline 0 0"><span class='ocrx_word' id='word_1_485' title='bbox 3480 359 3586 415; x_wconf 55' lang='grc' dir='ltr'><strong>Ἀθ</strong></span> 
     </span>
    </p>
   </div>
   <div class='ocr_carea' id='block_1_63' title="bbox 2007 469 3582 542">
    <p class='ocr_par' dir='ltr' id='par_1_63' title="bbox 2007 469 3582 542">
     <span class='ocr_line' id='line_1_63' title="bbox 2007 469 3582 542; baseline 0.005 -19"><span class='ocrx_word' id='word_1_486' title='bbox 2007 482 2127 523; x_wconf 80' lang='lat' dir='ltr'><strong>esse</strong></span> <span class='ocrx_word' id='word_1_487' title='bbox 2176 469 2311 525; x_wconf 90' lang='lat' dir='ltr'><strong>alios</strong></span> <span class='ocrx_word' id='word_1_488' title='bbox 2342 469 2558 536; x_wconf 89' lang='lat' dir='ltr'><strong>docere,</strong></span> <span class='ocrx_word' id='word_1_489' title='bbox 2592 472 2692 527; x_wconf 90' lang='lat' dir='ltr'><strong>nisi</strong></span> <span class='ocrx_word' id='word_1_490' title='bbox 2740 472 2858 542; x_wconf 87' lang='lat' dir='ltr'><strong>quis</strong></span> <span class='ocrx_word' id='word_1_491' title='bbox 2898 473 3134 542; x_wconf 84' lang='lat' dir='ltr'><strong>seipsum</strong></span> <span class='ocrx_word' id='word_1_492' title='bbox 3181 474 3324 542; x_wconf 84' lang='lat' dir='ltr'><strong>prius</strong></span> <span class='ocrx_word' id='word_1_493' title='bbox 3374 475 3582 531; x_wconf 69' lang='lat' dir='ltr'><strong>doceat.</strong></span> 
     </span>
    </p>
   </div>
   <div class='ocr_carea' id='block_1_64' title="bbox 2007 560 3583 633">
    <p class='ocr_par' dir='ltr' id='par_1_64' title="bbox 2007 560 3583 633">
     <span class='ocr_line' id='line_1_64' title="bbox 2007 560 3583 633; baseline 0.003 -19"><span class='ocrx_word' id='word_1_494' title='bbox 2007 560 2267 628; x_wconf 87' lang='lat' dir='ltr'><strong>Quoniam</strong></span> <span class='ocrx_word' id='word_1_495' title='bbox 2285 561 2427 616; x_wconf 90' lang='lat' dir='ltr'><strong>enim</strong></span> <span class='ocrx_word' id='word_1_496' title='bbox 2456 562 2555 618; x_wconf 91' lang='lat' dir='ltr'><strong>sibi</strong></span> <span class='ocrx_word' id='word_1_497' title='bbox 2581 562 2737 618; x_wconf 82' lang='lat' dir='ltr'><strong>valde</strong></span> <span class='ocrx_word' id='word_1_498' title='bbox 2767 562 3068 633; x_wconf 80' lang='lat' dir='ltr'><strong>placebant,</strong></span> <span class='ocrx_word' id='word_1_499' title='bbox 3100 565 3241 620; x_wconf 81' lang='lat' dir='ltr'><strong>sicut</strong></span> <span class='ocrx_word' id='word_1_500' title='bbox 3269 576 3583 632; x_wconf 84' lang='lat' dir='ltr'><strong>proptersa-</strong></span> 
     </span>
    </p>
   </div>
   <div class='ocr_carea' id='block_1_65' title="bbox 2005 654 3591 727">
    <p class='ocr_par' dir='ltr' id='par_1_65' title="bbox 2005 654 3591 727">
     <span class='ocr_line' id='line_1_65' title="bbox 2005 654 3591 727; baseline 0.003 -20"><span class='ocrx_word' id='word_1_501' title='bbox 2005 654 2228 720; x_wconf 86' lang='lat' dir='ltr'><strong>criiicia,</strong></span> <span class='ocrx_word' id='word_1_502' title='bbox 2261 654 2331 707; x_wconf 86' lang='lat' dir='ltr'><strong>ita</strong></span> <span class='ocrx_word' id='word_1_503' title='bbox 2355 655 2513 709; x_wconf 89' lang='lat' dir='ltr'><strong>etiam</strong></span> <span class='ocrx_word' id='word_1_504' title='bbox 2548 665 2826 724; x_wconf 86' lang='lat' dir='ltr'><strong>propterea</strong></span> <span class='ocrx_word' id='word_1_505' title='bbox 2854 657 2994 727; x_wconf 87' lang='lat' dir='ltr'><strong>quod</strong></span> <span class='ocrx_word' id='word_1_506' title='bbox 3023 658 3192 726; x_wconf 83' lang='lat' dir='ltr'><strong>legem</strong></span> <span class='ocrx_word' id='word_1_507' title='bbox 3224 659 3505 722; x_wconf 83' lang='lat' dir='ltr'><strong>haberent,</strong></span> <span class='ocrx_word' id='word_1_508' title='bbox 3535 667 3591 712; x_wconf 89' lang='lat' dir='ltr'><strong>et</strong></span> 
     </span>
    </p>
   </div>
   <div class='ocr_carea' id='block_1_66' title="bbox 2006 743 3587 807">
    <p class='ocr_par' dir='ltr' id='par_1_66' title="bbox 2006 743 3587 807">
     <span class='ocr_line' id='line_1_66' title="bbox 2006 743 3587 807; baseline 0.002 -9"><span class='ocrx_word' id='word_1_509' title='bbox 2006 743 2312 799; x_wconf 88' lang='lat' dir='ltr'><strong>dicerentur</strong></span> <span class='ocrx_word' id='word_1_510' title='bbox 2349 744 2574 799; x_wconf 90' lang='lat' dir='ltr'><strong>aliorum</strong></span> <span class='ocrx_word' id='word_1_511' title='bbox 2604 744 2888 807; x_wconf 83' lang='lat' dir='ltr'><strong>doctores;</strong></span> <span class='ocrx_word' id='word_1_512' title='bbox 2923 747 3211 802; x_wconf 86' lang='lat' dir='ltr'><strong>ostendens</strong></span> <span class='ocrx_word' id='word_1_513' title='bbox 3257 761 3352 802; x_wconf 89' lang='lat' dir='ltr'><strong>eos</strong></span> <span class='ocrx_word' id='word_1_514' title='bbox 3390 763 3455 801; x_wconf 81' lang='lat' dir='ltr'><strong>ex</strong></span> <span class='ocrx_word' id='word_1_515' title='bbox 3499 746 3587 802; x_wconf 86' lang='lat' dir='ltr'><strong>illa</strong></span> 
     </span>
    </p>
   </div>
   <div class='ocr_carea' id='block_1_67' title="bbox 2008 836 3588 909">
    <p class='ocr_par' dir='ltr' id='par_1_67' title="bbox 2008 836 3588 909">
     <span class='ocr_line' id='line_1_67' title="bbox 2008 836 3588 909; baseline 0.001 -20"><span class='ocrx_word' id='word_1_516' title='bbox 2008 848 2067 890; x_wconf 91' lang='lat' dir='ltr'><strong>re</strong></span> <span class='ocrx_word' id='word_1_517' title='bbox 2095 851 2202 889; x_wconf 89' lang='lat' dir='ltr'><strong>non</strong></span> <span class='ocrx_word' id='word_1_518' title='bbox 2230 850 2477 906; x_wconf 84' lang='lat' dir='ltr'><strong>maguum</strong></span> <span class='ocrx_word' id='word_1_519' title='bbox 2505 836 2733 892; x_wconf 81' lang='lat' dir='ltr'><strong>fructum</strong></span> <span class='ocrx_word' id='word_1_520' title='bbox 2758 852 2976 908; x_wconf 76' lang='lat' dir='ltr'><strong>capere,</strong></span> <span class='ocrx_word' id='word_1_521' title='bbox 3003 838 3216 909; x_wconf 86' lang='lat' dir='ltr'><strong>quando</strong></span> <span class='ocrx_word' id='word_1_522' title='bbox 3260 839 3359 908; x_wconf 83' lang='lat' dir='ltr'><strong>ipsi</strong></span> <span class='ocrx_word' id='word_1_523' title='bbox 3402 854 3588 893; x_wconf 78' lang='lat' dir='ltr'><strong>mane-</strong></span> 
     </span>
    </p>
   </div>
   <div class='ocr_carea' id='block_1_68' title="bbox 2007 929 3591 1003">
    <p class='ocr_par' dir='ltr' id='par_1_68' title="bbox 2007 929 3591 1003">
     <span class='ocr_line' id='line_1_68' title="bbox 2007 929 3591 1003; baseline 0.002 -19"><span class='ocrx_word' id='word_1_524' title='bbox 2007 940 2125 984; x_wconf 88' lang='lat' dir='ltr'><strong>rent</strong></span> <span class='ocrx_word' id='word_1_525' title='bbox 2152 929 2368 996; x_wconf 86' lang='lat' dir='ltr'><strong>indocti,</strong></span> <span class='ocrx_word' id='word_1_526' title='bbox 2397 930 2573 985; x_wconf 88' lang='lat' dir='ltr'><strong>aerius</strong></span> <span class='ocrx_word' id='word_1_527' title='bbox 2621 945 2715 986; x_wconf 91' lang='lat' dir='ltr'><strong>eos</strong></span> <span class='ocrx_word' id='word_1_528' title='bbox 2757 930 3024 986; x_wconf 78' lang='lat' dir='ltr'><strong>insectans</strong></span> <span class='ocrx_word' id='word_1_529' title='bbox 3049 973 3063 995; x_wconf 86' lang='lat'><strong>,</strong></span> <span class='ocrx_word' id='word_1_530' title='bbox 3097 932 3231 987; x_wconf 85' lang='lat' dir='ltr'><strong>dicit</strong></span> <span class='ocrx_word' id='word_1_531' title='bbox 3265 950 3277 986; x_wconf 87' lang='lat'>:</span> <span class='ocrx_word' id='word_1_532' title='bbox 3318 933 3419 1000; x_wconf 88' lang='lat' dir='ltr'><strong>Qui</strong></span> <span class='ocrx_word' id='word_1_533' title='bbox 3472 950 3591 1003; x_wconf 86' lang='lat' dir='ltr'><strong>ergo</strong></span> 
     </span>
    </p>
   </div>
   <div class='ocr_carea' id='block_1_69' title="bbox 2007 1023 3589 1096">
    <p class='ocr_par' dir='ltr' id='par_1_69' title="bbox 2007 1023 3589 1096">
     <span class='ocr_line' id='line_1_69' title="bbox 2007 1023 3589 1096; baseline 0.004 -22"><span class='ocrx_word' id='word_1_534' title='bbox 2007 1024 2165 1075; x_wconf 82' lang='lat' dir='ltr'><strong>alium</strong></span> <span class='ocrx_word' id='word_1_535' title='bbox 2196 1027 2364 1087; x_wconf 73' lang='lat' dir='ltr'><strong>doces,</strong></span> <span class='ocrx_word' id='word_1_536' title='bbox 2396 1024 2608 1092; x_wconf 80' lang='lat' dir='ltr'><strong>teipsum</strong></span> <span class='ocrx_word' id='word_1_537' title='bbox 2634 1040 2735 1077; x_wconf 89' lang='lat' dir='ltr'><strong>non</strong></span> <span class='ocrx_word' id='word_1_538' title='bbox 2765 1023 2957 1077; x_wconf 79' lang='lat' dir='ltr'><strong>doces?</strong></span> <span class='ocrx_word' id='word_1_539' title='bbox 2986 1025 3071 1095; x_wconf 86' lang='lat' dir='ltr'><strong>qui</strong></span> <span class='ocrx_word' id='word_1_540' title='bbox 3098 1024 3343 1095; x_wconf 67' lang='lat' dir='ltr'><strong>pra’diras</strong></span> <span class='ocrx_word' id='word_1_541' title='bbox 3370 1043 3469 1079; x_wconf 85' lang='lat' dir='ltr'><strong>non</strong></span> <span class='ocrx_word' id='word_1_542' title='bbox 3503 1032 3589 1096; x_wconf 78' lang='lat' dir='ltr'><strong>{u-</strong></span> 
     </span>
    </p>
   </div>
   <div class='ocr_carea' id='block_1_70' title="bbox 2007 1113 3590 1189">
    <p class='ocr_par' dir='ltr' id='par_1_70' title="bbox 2007 1113 3590 1189">
     <span class='ocr_line' id='line_1_70' title="bbox 2007 1113 3590 1189; baseline 0.003 -24"><span class='ocrx_word' id='word_1_543' title='bbox 2007 1114 2259 1177; x_wconf 86' lang='lat' dir='ltr'><strong>randum,</strong></span> <span class='ocrx_word' id='word_1_544' title='bbox 2309 1113 2537 1184; x_wconf 77' lang='lat' dir='ltr'><strong>furoris?</strong></span> <span class='ocrx_word' id='word_1_545' title='bbox 2563 1114 2647 1178; x_wconf 82' lang='lat' dir='ltr'><strong>qui</strong></span> <span class='ocrx_word' id='word_1_546' title='bbox 2691 1114 2997 1167; x_wconf 81' lang='lat' dir='ltr'><strong>abominaris</strong></span> <span class='ocrx_word' id='word_1_547' title='bbox 3041 1114 3218 1189; x_wconf 79' lang='lat' dir='ltr'><strong>idola,</strong></span> <span class='ocrx_word' id='word_1_548' title='bbox 3271 1116 3590 1185; x_wconf 72' lang='lat' dir='ltr'><strong>sacrilegium</strong></span> 
     </span>
    </p>
   </div>
   <div class='ocr_carea' id='block_1_71' title="bbox 2008 1201 3590 1275">
    <p class='ocr_par' dir='ltr' id='par_1_71' title="bbox 2008 1201 3590 1275">
     <span class='ocr_line' id='line_1_71' title="bbox 2008 1201 3590 1275; baseline 0.002 -21"><span class='ocrx_word' id='word_1_549' title='bbox 2008 1201 2231 1257; x_wconf 81' lang='lat' dir='ltr'><strong>admittis</strong></span> <span class='ocrx_word' id='word_1_550' title='bbox 2253 1202 2280 1256; x_wconf 71' lang='lat'><strong>.9</strong></span> <span class='ocrx_word' id='word_1_551' title='bbox 2320 1203 2406 1272; x_wconf 87' lang='lat' dir='ltr'><strong>qui</strong></span> <span class='ocrx_word' id='word_1_552' title='bbox 2430 1202 2492 1257; x_wconf 87' lang='lat' dir='ltr'><strong>de</strong></span> <span class='ocrx_word' id='word_1_553' title='bbox 2516 1202 2623 1272; x_wconf 83' lang='lat' dir='ltr'><strong>lege</strong></span> <span class='ocrx_word' id='word_1_554' title='bbox 2649 1203 2887 1275; x_wconf 79' lang='lat' dir='ltr'><strong>gloriaris</strong></span> <span class='ocrx_word' id='word_1_555' title='bbox 2907 1242 2921 1269; x_wconf 89' lang='lat'><strong>,</strong></span> <span class='ocrx_word' id='word_1_556' title='bbox 2950 1220 3038 1273; x_wconf 89' lang='lat' dir='ltr'><strong>per</strong></span> <span class='ocrx_word' id='word_1_557' title='bbox 3066 1203 3189 1275; x_wconf 70' lang='lat' dir='ltr'><strong>legis</strong></span> <span class='ocrx_word' id='word_1_558' title='bbox 3234 1208 3590 1270; x_wconf 66' lang='lat' dir='ltr'><strong>transgressio—</strong></span> 
     </span>
    </p>
   </div>
   <div class='ocr_carea' id='block_1_72' title="bbox 2008 1293 3588 1369">
    <p class='ocr_par' dir='ltr' id='par_1_72' title="bbox 2008 1293 3588 1369">
     <span class='ocr_line' id='line_1_72' title="bbox 2008 1293 3588 1369; baseline 0.004 -23"><span class='ocrx_word' id='word_1_559' title='bbox 2008 1311 2120 1347; x_wconf 85' lang='lat' dir='ltr'><strong>nem</strong></span> <span class='ocrx_word' id='word_1_560' title='bbox 2147 1293 2313 1348; x_wconf 86' lang='lat' dir='ltr'><strong>Deum</strong></span> <span class='ocrx_word' id='word_1_561' title='bbox 2343 1295 2639 1350; x_wconf 78' lang='lat' dir='ltr'><strong>dehonestas</strong></span> <span class='ocrx_word' id='word_1_562' title='bbox 2692 1294 2875 1368; x_wconf 85' lang='lat' dir='ltr'><strong>(Rom.</strong></span> <span class='ocrx_word' id='word_1_563' title='bbox 2903 1297 2957 1351; x_wconf 74' lang='lat'><strong>2.</strong></span> <span class='ocrx_word' id='word_1_564' title='bbox 2987 1297 3050 1352; x_wconf 73' lang='lat' dir='ltr'><strong>2i</strong></span> <span class='ocrx_word' id='word_1_565' title='bbox 3082 1327 3127 1340; x_wconf 94' lang='lat'><strong>-</strong></span> <span class='ocrx_word' id='word_1_566' title='bbox 3147 1298 3217 1353; x_wconf 72' lang='lat'><strong>25</strong></span> <span class='ocrx_word' id='word_1_567' title='bbox 3248 1299 3305 1369; x_wconf 86' lang='lat'><strong>)?</strong></span> <span class='ocrx_word' id='word_1_568' title='bbox 3352 1299 3418 1353; x_wconf 83' lang='lat' dir='ltr'><strong>Et</strong></span> <span class='ocrx_word' id='word_1_569' title='bbox 3467 1298 3588 1354; x_wconf 88' lang='lat' dir='ltr'><strong>ideo</strong></span> 
     </span>
    </p>
   </div>
   <div class='ocr_carea' id='block_1_73' title="bbox 2005 1382 3587 1461">
    <p class='ocr_par' dir='ltr' id='par_1_73' title="bbox 2005 1382 3587 1461">
     <span class='ocr_line' id='line_1_73' title="bbox 2005 1382 3587 1461; baseline 0.003 -22"><span class='ocrx_word' id='word_1_570' title='bbox 2005 1382 2073 1439; x_wconf 92' lang='lat' dir='ltr'><strong>de</strong></span> <span class='ocrx_word' id='word_1_571' title='bbox 2100 1385 2276 1453; x_wconf 75' lang='lat' dir='ltr'><strong>seipSo</strong></span> <span class='ocrx_word' id='word_1_572' title='bbox 2301 1385 2435 1439; x_wconf 81' lang='lat' dir='ltr'><strong>dixit</strong></span> <span class='ocrx_word' id='word_1_573' title='bbox 2459 1386 2585 1441; x_wconf 88' lang='lat' dir='ltr'><strong>alibi</strong></span> <span class='ocrx_word' id='word_1_574' title='bbox 2615 1402 2630 1441; x_wconf 90' lang='lat'><strong>:</strong></span> <span class='ocrx_word' id='word_1_575' title='bbox 2668 1386 2854 1442; x_wconf 77' lang='lat' dir='ltr'><strong>Vereor</strong></span> <span class='ocrx_word' id='word_1_576' title='bbox 2874 1405 2935 1443; x_wconf 83' lang='lat' dir='ltr'><strong>ne</strong></span> <span class='ocrx_word' id='word_1_577' title='bbox 2958 1406 3069 1443; x_wconf 83' lang='lat' dir='ltr'><strong>cum</strong></span> <span class='ocrx_word' id='word_1_578' title='bbox 3086 1391 3199 1444; x_wconf 81' lang='lat' dir='ltr'><strong>aliis</strong></span> <span class='ocrx_word' id='word_1_579' title='bbox 3225 1391 3587 1461; x_wconf 68' lang='lat' dir='ltr'><strong>praedicarem,</strong></span> 
     </span>
    </p>
   </div>
   <div class='ocr_carea' id='block_1_74' title="bbox 2004 1475 3588 1550">
    <p class='ocr_par' dir='ltr' id='par_1_74' title="bbox 2004 1475 3588 1550">
     <span class='ocr_line' id='line_1_74' title="bbox 2004 1475 3588 1550; baseline 0.004 -23"><span class='ocrx_word' id='word_1_580' title='bbox 2004 1475 2113 1544; x_wconf 78' lang='lat' dir='ltr'><strong>ipse</strong></span> <span class='ocrx_word' id='word_1_581' title='bbox 2132 1475 2374 1545; x_wconf 84' lang='lat' dir='ltr'><strong>reprobus</strong></span> <span class='ocrx_word' id='word_1_582' title='bbox 2395 1476 2578 1546; x_wconf 66' lang='lat' dir='ltr'><strong>afﬁcior</strong></span> <span class='ocrx_word' id='word_1_583' title='bbox 2605 1475 2624 1547; x_wconf 97' lang='lat'><strong>(</strong></span> <span class='ocrx_word' id='word_1_584' title='bbox 2654 1478 2698 1532; x_wconf 91' lang='lat' dir='ltr'><strong>l.</strong></span> <span class='ocrx_word' id='word_1_585' title='bbox 2724 1476 2840 1532; x_wconf 88' lang='lat' dir='ltr'><strong>Cor.</strong></span> <span class='ocrx_word' id='word_1_586' title='bbox 2870 1478 2922 1533; x_wconf 90' lang='lat'><strong>9.</strong></span> <span class='ocrx_word' id='word_1_587' title='bbox 2945 1479 3038 1550; x_wconf 72' lang='lat'><strong>27)</strong></span> <span class='ocrx_word' id='word_1_588' title='bbox 3065 1497 3077 1531; x_wconf 91' lang='lat'><strong>:</strong></span> <span class='ocrx_word' id='word_1_589' title='bbox 3108 1494 3292 1535; x_wconf 86' lang='lat' dir='ltr'><strong>eorum</strong></span> <span class='ocrx_word' id='word_1_590' title='bbox 3328 1492 3588 1535; x_wconf 89' lang='lat' dir='ltr'><strong>tumorem</strong></span> 
     </span>
    </p>
   </div>
   <div class='ocr_carea' id='block_1_75' title="bbox 2006 1565 3603 1641">
    <p class='ocr_par' dir='ltr' id='par_1_75' title="bbox 2006 1565 3603 1641">
     <span class='ocr_line' id='line_1_75' title="bbox 2006 1565 3603 1641; baseline 0.004 -22"><span class='ocrx_word' id='word_1_591' title='bbox 2006 1565 2334 1635; x_wconf 89' lang='lat' dir='ltr'><strong>deprimens,</strong></span> <span class='ocrx_word' id='word_1_592' title='bbox 2367 1568 2565 1638; x_wconf 90' lang='lat' dir='ltr'><strong>quibus</strong></span> <span class='ocrx_word' id='word_1_593' title='bbox 2594 1568 2842 1623; x_wconf 90' lang='lat' dir='ltr'><strong>doctrina</strong></span> <span class='ocrx_word' id='word_1_594' title='bbox 2890 1571 3037 1624; x_wconf 85' lang='lat' dir='ltr'><strong>verbi</strong></span> <span class='ocrx_word' id='word_1_595' title='bbox 3088 1586 3311 1641; x_wconf 88' lang='lat' dir='ltr'><strong>magnos</strong></span> <span class='ocrx_word' id='word_1_596' title='bbox 3360 1571 3603 1627; x_wconf 78' lang='lat' dir='ltr'><strong>faciebat-</strong></span> 
     </span>
    </p>
   </div>
   <div class='ocr_carea' id='block_1_76' title="bbox 2006 1657 3589 1732">
    <p class='ocr_par' dir='ltr' id='par_1_76' title="bbox 2006 1657 3589 1732">
     <span class='ocr_line' id='line_1_76' title="bbox 2006 1657 3589 1732; baseline 0.002 -21"><span class='ocrx_word' id='word_1_597' title='bbox 2006 1657 2246 1725; x_wconf 89' lang='lat' dir='ltr'><strong>spiritus,</strong></span> <span class='ocrx_word' id='word_1_598' title='bbox 2279 1674 2399 1713; x_wconf 91' lang='lat' dir='ltr'><strong>cum</strong></span> <span class='ocrx_word' id='word_1_599' title='bbox 2422 1669 2600 1714; x_wconf 91' lang='lat' dir='ltr'><strong>essent</strong></span> <span class='ocrx_word' id='word_1_600' title='bbox 2630 1660 2729 1729; x_wconf 89' lang='lat' dir='ltr'><strong>ipsi</strong></span> <span class='ocrx_word' id='word_1_601' title='bbox 2752 1660 2948 1715; x_wconf 90' lang='lat' dir='ltr'><strong>virtute</strong></span> <span class='ocrx_word' id='word_1_602' title='bbox 2968 1662 3231 1717; x_wconf 88' lang='lat' dir='ltr'><strong>destituti.</strong></span> <span class='ocrx_word' id='word_1_603' title='bbox 3256 1663 3429 1718; x_wconf 81' lang='lat' dir='ltr'><strong>Aliter</strong></span> <span class='ocrx_word' id='word_1_604' title='bbox 3452 1679 3589 1732; x_wconf 84' lang='lat' dir='ltr'><strong>quo-</strong></span> 
     </span>
    </p>
   </div>
   <div class='ocr_carea' id='block_1_77' title="bbox 2008 1748 3589 1819">
    <p class='ocr_par' dir='ltr' id='par_1_77' title="bbox 2008 1748 3589 1819">
     <span class='ocr_line' id='line_1_77' title="bbox 2008 1748 3589 1819; baseline 0.003 -20"><span class='ocrx_word' id='word_1_605' title='bbox 2008 1763 2111 1817; x_wconf 89' lang='lat' dir='ltr'><strong>que</strong></span> <span class='ocrx_word' id='word_1_606' title='bbox 2142 1749 2243 1804; x_wconf 92' lang='lat' dir='ltr'><strong>hoc</strong></span> <span class='ocrx_word' id='word_1_607' title='bbox 2273 1748 2411 1819; x_wconf 92' lang='lat' dir='ltr'><strong>quod</strong></span> <span class='ocrx_word' id='word_1_608' title='bbox 2440 1765 2580 1804; x_wconf 92' lang='lat' dir='ltr'><strong>nunc</strong></span> <span class='ocrx_word' id='word_1_609' title='bbox 2609 1749 2738 1805; x_wconf 90' lang='lat' dir='ltr'><strong>dicit</strong></span> <span class='ocrx_word' id='word_1_610' title='bbox 2772 1757 2983 1817; x_wconf 87' lang='lat' dir='ltr'><strong>tractat,</strong></span> <span class='ocrx_word' id='word_1_611' title='bbox 3032 1752 3098 1807; x_wconf 90' lang='lat' dir='ltr'><strong>ad</strong></span> <span class='ocrx_word' id='word_1_612' title='bbox 3130 1752 3344 1808; x_wconf 69' lang='lat' dir='ltr'><strong>Judrcos</strong></span> <span class='ocrx_word' id='word_1_613' title='bbox 3368 1768 3426 1809; x_wconf 87' lang='lat' dir='ltr'><strong>se</strong></span> <span class='ocrx_word' id='word_1_614' title='bbox 3455 1768 3589 1808; x_wconf 81' lang='lat' dir='ltr'><strong>con-</strong></span> 
     </span>
    </p>
   </div>
   <div class='ocr_carea' id='block_1_78' title="bbox 2010 1841 3588 1916">
    <p class='ocr_par' dir='ltr' id='par_1_78' title="bbox 2010 1841 3588 1916">
     <span class='ocr_line' id='line_1_78' title="bbox 2010 1841 3588 1916; baseline 0.003 -22"><span class='ocrx_word' id='word_1_615' title='bbox 2010 1849 2241 1905; x_wconf 77' lang='lat' dir='ltr'><strong>vertens,</strong></span> <span class='ocrx_word' id='word_1_616' title='bbox 2274 1841 2486 1910; x_wconf 85' lang='lat' dir='ltr'><strong>quando</strong></span> <span class='ocrx_word' id='word_1_617' title='bbox 2513 1841 2642 1896; x_wconf 90' lang='lat' dir='ltr'><strong>dicit</strong></span> <span class='ocrx_word' id='word_1_618' title='bbox 2667 1859 2679 1895; x_wconf 92' lang='lat'><strong>:</strong></span> <span class='ocrx_word' id='word_1_619' title='bbox 2718 1842 2934 1910; x_wconf 82' lang='lat' dir='ltr'><strong>Quando</strong></span> <span class='ocrx_word' id='word_1_620' title='bbox 2962 1845 3094 1897; x_wconf 82' lang='lat' dir='ltr'><strong>enim</strong></span> <span class='ocrx_word' id='word_1_621' title='bbox 3120 1854 3288 1915; x_wconf 78' lang='lat' dir='ltr'><strong>gentes</strong></span> <span class='ocrx_word' id='word_1_622' title='bbox 3310 1886 3326 1912; x_wconf 94' lang='lat'><strong>,</strong></span> <span class='ocrx_word' id='word_1_623' title='bbox 3373 1862 3485 1916; x_wconf 80' lang='lat' dir='ltr'><strong>qua:</strong></span> <span class='ocrx_word' id='word_1_624' title='bbox 3515 1845 3588 1899; x_wconf 76' lang='lat' dir='ltr'><strong>ie-</strong></span> 
     </span>
    </p>
   </div>
   <div class='ocr_carea' id='block_1_79' title="bbox 2006 1916 3590 2007">
    <p class='ocr_par' dir='ltr' id='par_1_79' title="bbox 2006 1916 3590 2007">
     <span class='ocr_line' id='line_1_79' title="bbox 2006 1916 3590 2007; baseline 0.004 -24"><span class='ocrx_word' id='word_1_625' title='bbox 2006 1948 2115 2002; x_wconf 87' lang='lat' dir='ltr'><strong>gem</strong></span> <span class='ocrx_word' id='word_1_626' title='bbox 2147 1948 2245 1985; x_wconf 86' lang='lat' dir='ltr'><strong>non</strong></span> <span class='ocrx_word' id='word_1_627' title='bbox 2268 1932 2469 2001; x_wconf 82' lang='lat' dir='ltr'><strong>habent,</strong></span> <span class='ocrx_word' id='word_1_628' title='bbox 2496 1950 2609 2004; x_wconf 77' lang='lat' dir='ltr'><strong>qua:</strong></span> <span class='ocrx_word' id='word_1_629' title='bbox 2630 1916 2758 2005; x_wconf 55' lang='lat' dir='ltr'><strong>leg.is</strong></span> <span class='ocrx_word' id='word_1_630' title='bbox 2782 1944 2916 2003; x_wconf 84' lang='lat' dir='ltr'><strong>sunt,</strong></span> <span class='ocrx_word' id='word_1_631' title='bbox 2969 1945 3148 1989; x_wconf 82' lang='lat' dir='ltr'><strong>natura</strong></span> <span class='ocrx_word' id='word_1_632' title='bbox 3172 1936 3367 2007; x_wconf 75' lang='lat' dir='ltr'><strong>faciunt</strong></span> <span class='ocrx_word' id='word_1_633' title='bbox 3397 1953 3416 1991; x_wconf 91' lang='lat'><strong><em>:</em></strong></span> <span class='ocrx_word' id='word_1_634' title='bbox 3442 1937 3492 1990; x_wconf 76' lang='lat' dir='ltr'><strong>lii</strong></span> <span class='ocrx_word' id='word_1_635' title='bbox 3516 1938 3590 1990; x_wconf 82' lang='lat' dir='ltr'><strong>le-</strong></span> 
     </span>
    </p>
   </div>
   <div class='ocr_carea' id='block_1_80' title="bbox 2005 2022 3591 2093">
    <p class='ocr_par' dir='ltr' id='par_1_80' title="bbox 2005 2022 3591 2093">
     <span class='ocr_line' id='line_1_80' title="bbox 2005 2022 3591 2093; baseline 0.005 -21"><span class='ocrx_word' id='word_1_636' title='bbox 2005 2038 2116 2092; x_wconf 79' lang='lat' dir='ltr'><strong>gem</strong></span> <span class='ocrx_word' id='word_1_637' title='bbox 2143 2037 2243 2074; x_wconf 88' lang='lat' dir='ltr'><strong>non</strong></span> <span class='ocrx_word' id='word_1_638' title='bbox 2270 2022 2505 2077; x_wconf 72' lang='lat' dir='ltr'><strong>habentes</strong></span> <span class='ocrx_word' id='word_1_639' title='bbox 2526 2024 2744 2093; x_wconf 81' lang='lat' dir='ltr'><strong>sibiipsis</strong></span> <span class='ocrx_word' id='word_1_640' title='bbox 2771 2036 2887 2079; x_wconf 84' lang='lat' dir='ltr'><strong>sunt</strong></span> <span class='ocrx_word' id='word_1_641' title='bbox 2915 2026 2996 2080; x_wconf 84' lang='lat' dir='ltr'><strong>lea:</strong></span> <span class='ocrx_word' id='word_1_642' title='bbox 3027 2026 3043 2093; x_wconf 95' lang='lat'><strong>(</strong></span> <span class='ocrx_word' id='word_1_643' title='bbox 3074 2025 3219 2079; x_wconf 86' lang='lat' dir='ltr'><strong>Rom.</strong></span> <span class='ocrx_word' id='word_1_644' title='bbox 3272 2026 3329 2080; x_wconf 70' lang='grc'><strong>2.</strong></span> <span class='ocrx_word' id='word_1_645' title='bbox 3364 2028 3473 2088; x_wconf 78' lang='lat' dir='ltr'><strong>Ml.</strong></span> <span class='ocrx_word' id='word_1_646' title='bbox 3526 2028 3591 2081; x_wconf 77' lang='lat' dir='ltr'><strong>Et</strong></span> 
     </span>
    </p>
   </div>
   <div class='ocr_carea' id='block_1_81' title="bbox 2006 2109 3587 2188">
    <p class='ocr_par' dir='ltr' id='par_1_81' title="bbox 2006 2109 3587 2188">
     <span class='ocr_line' id='line_1_81' title="bbox 2006 2109 3587 2188; baseline 0.003 -23"><span class='ocrx_word' id='word_1_647' title='bbox 2006 2126 2191 2165; x_wconf 89' lang='lat' dir='ltr'><strong>rursus</strong></span> <span class='ocrx_word' id='word_1_648' title='bbox 2227 2127 2243 2165; x_wconf 88' lang='lat'><strong>:</strong></span> <span class='ocrx_word' id='word_1_649' title='bbox 2276 2109 2398 2165; x_wconf 87' lang='lat' dir='ltr'><strong>Non</strong></span> <span class='ocrx_word' id='word_1_650' title='bbox 2437 2115 2570 2166; x_wconf 87' lang='lat' dir='ltr'><strong>enim</strong></span> <span class='ocrx_word' id='word_1_651' title='bbox 2598 2116 2851 2169; x_wconf 85' lang='lat' dir='ltr'><strong>auditores</strong></span> <span class='ocrx_word' id='word_1_652' title='bbox 2892 2117 3016 2187; x_wconf 73' lang='lat' dir='ltr'><strong>legis</strong></span> <span class='ocrx_word' id='word_1_653' title='bbox 3040 2118 3171 2185; x_wconf 77' lang='lat' dir='ltr'><strong>justi</strong></span> <span class='ocrx_word' id='word_1_654' title='bbox 3204 2119 3344 2188; x_wconf 85' lang='lat' dir='ltr'><strong>apud</strong></span> <span class='ocrx_word' id='word_1_655' title='bbox 3388 2117 3548 2172; x_wconf 82' lang='lat' dir='ltr'><strong>Deum</strong></span> <span class='ocrx_word' id='word_1_656' title='bbox 3573 2160 3587 2179; x_wconf 84' lang='lat'><strong>,</strong></span> 
     </span>
    </p>
   </div>
   <div class='ocr_carea' id='block_1_82' title="bbox 2005 2201 3594 2278">
    <p class='ocr_par' dir='ltr' id='par_1_82' title="bbox 2005 2201 3594 2278">
     <span class='ocr_line' id='line_1_82' title="bbox 2005 2201 3594 2278; baseline 0.003 -22"><span class='ocrx_word' id='word_1_657' title='bbox 2005 2201 2094 2256; x_wconf 66' lang='lat' dir='ltr'><strong>8rd</strong></span> <span class='ocrx_word' id='word_1_658' title='bbox 2113 2205 2328 2273; x_wconf 80' lang='lat' dir='ltr'><strong>[actores</strong></span> <span class='ocrx_word' id='word_1_659' title='bbox 2353 2204 2476 2273; x_wconf 69' lang='lat' dir='ltr'><strong>togis</strong></span> <span class='ocrx_word' id='word_1_660' title='bbox 2506 2204 2923 2274; x_wconf 83' lang='lat' dir='ltr'><strong>justiﬁcabuntur</strong></span> <span class='ocrx_word' id='word_1_661' title='bbox 2966 2204 3133 2278; x_wconf 85' lang='lat' dir='ltr'><strong>(Ibid.</strong></span> <span class='ocrx_word' id='word_1_662' title='bbox 3161 2206 3341 2274; x_wconf 73' lang='lat' dir='ltr'><strong>v.13).</strong></span> <span class='ocrx_word' id='word_1_663' title='bbox 3376 2207 3441 2260; x_wconf 85' lang='lat' dir='ltr'><strong>Et</strong></span> <span class='ocrx_word' id='word_1_664' title='bbox 3469 2222 3594 2275; x_wconf 84' lang='lat' dir='ltr'><strong>pro-</strong></span> 
     </span>
    </p>
   </div>
   <div class='ocr_carea' id='block_1_83' title="bbox 2007 2292 3587 2369">
    <p class='ocr_par' dir='ltr' id='par_1_83' title="bbox 2007 2292 3587 2369">
     <span class='ocr_line' id='line_1_83' title="bbox 2007 2292 3587 2369; baseline 0.006 -25"><span class='ocrx_word' id='word_1_665' title='bbox 2007 2293 2206 2360; x_wconf 88' lang='lat' dir='ltr'><strong>pheta:</strong></span> <span class='ocrx_word' id='word_1_666' title='bbox 2238 2292 2343 2359; x_wconf 81' lang='lat' dir='ltr'><strong>Qui</strong></span> <span class='ocrx_word' id='word_1_667' title='bbox 2364 2293 2591 2347; x_wconf 83' lang='lat' dir='ltr'><strong>tenebant</strong></span> <span class='ocrx_word' id='word_1_668' title='bbox 2614 2294 2789 2366; x_wconf 80' lang='lat' dir='ltr'><strong>legem,</strong></span> <span class='ocrx_word' id='word_1_669' title='bbox 2822 2297 3102 2351; x_wconf 81' lang='lat' dir='ltr'><strong>nesciebant</strong></span> <span class='ocrx_word' id='word_1_670' title='bbox 3127 2313 3207 2351; x_wconf 88' lang='lat' dir='ltr'><strong>me</strong></span> <span class='ocrx_word' id='word_1_671' title='bbox 3253 2297 3382 2369; x_wconf 75' lang='lat' dir='ltr'><strong>(lar.</strong></span> <span class='ocrx_word' id='word_1_672' title='bbox 3425 2298 3477 2352; x_wconf 79' lang='lat'><strong>2.</strong></span> <span class='ocrx_word' id='word_1_673' title='bbox 3508 2299 3587 2367; x_wconf 58' lang='lat'><strong>8).</strong></span> 
     </span>
    </p>
   </div>
   <div class='ocr_carea' id='block_1_84' title="bbox 2010 2385 3583 2460">
    <p class='ocr_par' dir='ltr' id='par_1_84' title="bbox 2010 2385 3583 2460">
     <span class='ocr_line' id='line_1_84' title="bbox 2010 2385 3583 2460; baseline 0.002 -21"><span class='ocrx_word' id='word_1_674' title='bbox 2010 2385 2075 2439; x_wconf 88' lang='lat' dir='ltr'><strong>Et</strong></span> <span class='ocrx_word' id='word_1_675' title='bbox 2096 2401 2277 2440; x_wconf 90' lang='lat' dir='ltr'><strong>rursus</strong></span> <span class='ocrx_word' id='word_1_676' title='bbox 2303 2401 2318 2438; x_wconf 89' lang='lat'><strong>:</strong></span> <span class='ocrx_word' id='word_1_677' title='bbox 2353 2385 2572 2439; x_wconf 81' lang='lat' dir='ltr'><strong>Frustra</strong></span> <span class='ocrx_word' id='word_1_678' title='bbox 2592 2388 2716 2458; x_wconf 79' lang='lat' dir='ltr'><strong>{acti</strong></span> <span class='ocrx_word' id='word_1_679' title='bbox 2734 2397 2847 2442; x_wconf 80' lang='lat' dir='ltr'><strong>sunt</strong></span> <span class='ocrx_word' id='word_1_680' title='bbox 2866 2390 3046 2449; x_wconf 79' lang='lat' dir='ltr'><strong>iuncus</strong></span> <span class='ocrx_word' id='word_1_681' title='bbox 3067 2389 3226 2460; x_wconf 78' lang='lat' dir='ltr'><strong>falsus</strong></span> <span class='ocrx_word' id='word_1_682' title='bbox 3253 2389 3428 2444; x_wconf 78' lang='lat' dir='ltr'><strong>scribis</strong></span> <span class='ocrx_word' id='word_1_683' title='bbox 3457 2391 3474 2458; x_wconf 90' lang='lat'><strong>(</strong></span> <span class='ocrx_word' id='word_1_684' title='bbox 3501 2388 3583 2443; x_wconf 85' lang='lat' dir='ltr'><strong>Id.</strong></span> 
     </span>
    </p>
   </div>
   <div class='ocr_carea' id='block_1_85' title="bbox 2006 2476 3590 2551">
    <p class='ocr_par' dir='ltr' id='par_1_85' title="bbox 2006 2476 3590 2551">
     <span class='ocr_line' id='line_1_85' title="bbox 2006 2476 3590 2551; baseline 0.001 -19"><span class='ocrx_word' id='word_1_685' title='bbox 2006 2478 2059 2532; x_wconf 90' lang='lat'><strong>8.</strong></span> <span class='ocrx_word' id='word_1_686' title='bbox 2087 2476 2164 2546; x_wconf 85' lang='lat'><strong>8).</strong></span> <span class='ocrx_word' id='word_1_687' title='bbox 2216 2478 2327 2544; x_wconf 89' lang='lat' dir='ltr'><strong>Qua</strong></span> <span class='ocrx_word' id='word_1_688' title='bbox 2355 2477 2426 2533; x_wconf 89' lang='lat' dir='ltr'><strong>de</strong></span> <span class='ocrx_word' id='word_1_689' title='bbox 2455 2479 2548 2533; x_wconf 84' lang='lat' dir='ltr'><strong>re?</strong></span> <span class='ocrx_word' id='word_1_690' title='bbox 2572 2478 2825 2546; x_wconf 85' lang='lat' dir='ltr'><strong>Quoniam</strong></span> <span class='ocrx_word' id='word_1_691' title='bbox 2852 2489 3016 2533; x_wconf 85' lang='lat' dir='ltr'><strong>turtur</strong></span> <span class='ocrx_word' id='word_1_692' title='bbox 3051 2489 3096 2533; x_wconf 87' lang='lat' dir='ltr'><strong>et</strong></span> <span class='ocrx_word' id='word_1_693' title='bbox 3124 2480 3342 2535; x_wconf 81' lang='lat' dir='ltr'><strong>hirundo</strong></span> <span class='ocrx_word' id='word_1_694' title='bbox 3390 2488 3437 2534; x_wconf 83' lang='lat' dir='ltr'><strong>et</strong></span> <span class='ocrx_word' id='word_1_695' title='bbox 3480 2482 3590 2551; x_wconf 81' lang='lat' dir='ltr'><strong>agri</strong></span> 
     </span>
    </p>
   </div>
   <div class='ocr_carea' id='block_1_86' title="bbox 2007 2572 3601 2643">
    <p class='ocr_par' dir='ltr' id='par_1_86' title="bbox 2007 2572 3601 2643">
     <span class='ocr_line' id='line_1_86' title="bbox 2007 2572 3601 2643; baseline 0.003 -21"><span class='ocrx_word' id='word_1_696' title='bbox 2007 2585 2231 2637; x_wconf 79' lang='lat' dir='ltr'><strong>passeres</strong></span> <span class='ocrx_word' id='word_1_697' title='bbox 2276 2578 2613 2641; x_wconf 80' lang='lat' dir='ltr'><strong>cognoverunt</strong></span> <span class='ocrx_word' id='word_1_698' title='bbox 2651 2581 2877 2639; x_wconf 85' lang='lat' dir='ltr'><strong>tempora</strong></span> <span class='ocrx_word' id='word_1_699' title='bbox 2909 2572 3164 2643; x_wconf 83' lang='lat' dir='ltr'><strong>ingressus</strong></span> <span class='ocrx_word' id='word_1_700' title='bbox 3202 2574 3281 2626; x_wconf 83' lang='lat' dir='ltr'><strong>sui</strong></span> <span class='ocrx_word' id='word_1_701' title='bbox 3306 2615 3321 2639; x_wconf 95' lang='lat'><strong>,</strong></span> <span class='ocrx_word' id='word_1_702' title='bbox 3375 2574 3601 2643; x_wconf 72' lang='lat' dir='ltr'><strong>populus</strong></span> 
     </span>
    </p>
   </div>
   <div class='ocr_carea' id='block_1_87' title="bbox 2005 2662 3591 2733">
    <p class='ocr_par' dir='ltr' id='par_1_87' title="bbox 2005 2662 3591 2733">
     <span class='ocr_line' id='line_1_87' title="bbox 2005 2662 3591 2733; baseline 0 -16"><span class='ocrx_word' id='word_1_703' title='bbox 2005 2670 2172 2725; x_wconf 76' lang='lat' dir='ltr'><strong>autem</strong></span> <span class='ocrx_word' id='word_1_704' title='bbox 2216 2677 2357 2715; x_wconf 77' lang='lat' dir='ltr'><strong>meus</strong></span> <span class='ocrx_word' id='word_1_705' title='bbox 2381 2676 2485 2716; x_wconf 86' lang='lat' dir='ltr'><strong>non</strong></span> <span class='ocrx_word' id='word_1_706' title='bbox 2507 2662 2736 2732; x_wconf 80' lang='lat' dir='ltr'><strong>cognovit</strong></span> <span class='ocrx_word' id='word_1_707' title='bbox 2756 2662 2958 2733; x_wconf 86' lang='lat' dir='ltr'><strong>judicia</strong></span> <span class='ocrx_word' id='word_1_708' title='bbox 2980 2679 3090 2716; x_wconf 77' lang='lat' dir='ltr'><strong>mea</strong></span> <span class='ocrx_word' id='word_1_709' title='bbox 3112 2662 3173 2727; x_wconf 86' lang='grc'><strong>(1</strong></span> <span class='ocrx_word' id='word_1_710' title='bbox 3182 2663 3284 2717; x_wconf 80' lang='lat' dir='ltr'><strong>bid.</strong></span> <span class='ocrx_word' id='word_1_711' title='bbox 3308 2680 3356 2718; x_wconf 77' lang='grc' dir='ltr'><strong>υ.</strong></span> <span class='ocrx_word' id='word_1_712' title='bbox 3378 2663 3458 2732; x_wconf 81' lang='grc'><strong>7).</strong></span> <span class='ocrx_word' id='word_1_713' title='bbox 3492 2663 3591 2717; x_wconf 87' lang='lat' dir='ltr'><strong>ilic</strong></span> 
     </span>
    </p>
   </div>
   <div class='ocr_carea' id='block_1_88' title="bbox 2006 2752 3584 2824">
    <p class='ocr_par' dir='ltr' id='par_1_88' title="bbox 2006 2752 3584 2824">
     <span class='ocr_line' id='line_1_88' title="bbox 2006 2752 3584 2824; baseline -0.001 -15"><span class='ocrx_word' id='word_1_714' title='bbox 2006 2763 2186 2809; x_wconf 88' lang='lat' dir='ltr'><strong>autem</strong></span> <span class='ocrx_word' id='word_1_715' title='bbox 2208 2753 2360 2817; x_wconf 88' lang='lat' dir='ltr'><strong>dicit,</strong></span> <span class='ocrx_word' id='word_1_716' title='bbox 2394 2768 2499 2807; x_wconf 88' lang='lat' dir='ltr'><strong>non</strong></span> <span class='ocrx_word' id='word_1_717' title='bbox 2527 2753 2699 2808; x_wconf 87' lang='lat' dir='ltr'><strong>solum</strong></span> <span class='ocrx_word' id='word_1_718' title='bbox 2730 2752 2863 2808; x_wconf 84' lang='lat' dir='ltr'><strong>nihil</strong></span> <span class='ocrx_word' id='word_1_719' title='bbox 2891 2754 3084 2808; x_wconf 87' lang='lat' dir='ltr'><strong>lucrari</strong></span> <span class='ocrx_word' id='word_1_720' title='bbox 3120 2769 3189 2809; x_wconf 80' lang='lat' dir='ltr'><strong>ex</strong></span> <span class='ocrx_word' id='word_1_721' title='bbox 3221 2769 3288 2810; x_wconf 90' lang='lat' dir='ltr'><strong>eo</strong></span> <span class='ocrx_word' id='word_1_722' title='bbox 3316 2756 3458 2824; x_wconf 85' lang='lat' dir='ltr'><strong>quod</strong></span> <span class='ocrx_word' id='word_1_723' title='bbox 3483 2754 3584 2807; x_wconf 89' lang='lat' dir='ltr'><strong>do-</strong></span> 
     </span>
    </p>
   </div>
   <div class='ocr_carea' id='block_1_89' title="bbox 2005 2842 3587 2913">
    <p class='ocr_par' dir='ltr' id='par_1_89' title="bbox 2005 2842 3587 2913">
     <span class='ocr_line' id='line_1_89' title="bbox 2005 2842 3587 2913; baseline -0.003 -14"><span class='ocrx_word' id='word_1_724' title='bbox 2005 2853 2125 2899; x_wconf 87' lang='lat' dir='ltr'><strong>ceat</strong></span> <span class='ocrx_word' id='word_1_725' title='bbox 2143 2844 2276 2896; x_wconf 90' lang='lat' dir='ltr'><strong>alios</strong></span> <span class='ocrx_word' id='word_1_726' title='bbox 2290 2858 2411 2898; x_wconf 84' lang='lat' dir='ltr'><strong>eum</strong></span> <span class='ocrx_word' id='word_1_727' title='bbox 2432 2842 2519 2913; x_wconf 91' lang='lat' dir='ltr'><strong>qui</strong></span> <span class='ocrx_word' id='word_1_728' title='bbox 2550 2843 2803 2897; x_wconf 85' lang='lat' dir='ltr'><strong>virtutem</strong></span> <span class='ocrx_word' id='word_1_729' title='bbox 2832 2856 2936 2897; x_wconf 91' lang='lat' dir='ltr'><strong>non</strong></span> <span class='ocrx_word' id='word_1_730' title='bbox 2963 2852 3199 2907; x_wconf 85' lang='lat' dir='ltr'><strong>exercet,</strong></span> <span class='ocrx_word' id='word_1_731' title='bbox 3224 2843 3318 2899; x_wconf 90' lang='lat' dir='ltr'><strong>sed</strong></span> <span class='ocrx_word' id='word_1_732' title='bbox 3350 2844 3587 2913; x_wconf 85' lang='lat' dir='ltr'><strong>seipsum</strong></span> 
     </span>
    </p>
   </div>
   <div class='ocr_carea' id='block_1_90' title="bbox 2005 2932 3588 3003">
    <p class='ocr_par' dir='ltr' id='par_1_90' title="bbox 2005 2932 3588 3003">
     <span class='ocr_line' id='line_1_90' title="bbox 2005 2932 3588 3003; baseline -0.001 -14"><span class='ocrx_word' id='word_1_733' title='bbox 2005 2935 2162 2989; x_wconf 87' lang='lat' dir='ltr'><strong>etiam</strong></span> <span class='ocrx_word' id='word_1_734' title='bbox 2185 2935 2356 3002; x_wconf 92' lang='lat' dir='ltr'><strong>primo</strong></span> <span class='ocrx_word' id='word_1_735' title='bbox 2393 2932 2559 3003; x_wconf 81' lang='lat' dir='ltr'><strong>gradu</strong></span> <span class='ocrx_word' id='word_1_736' title='bbox 2578 2932 2849 3003; x_wconf 83' lang='lat' dir='ltr'><strong>dignitatis</strong></span> <span class='ocrx_word' id='word_1_737' title='bbox 2871 2932 3126 3003; x_wconf 83' lang='lat' dir='ltr'><strong>dejicere.</strong></span> <span class='ocrx_word' id='word_1_738' title='bbox 3148 2933 3203 2989; x_wconf 88' lang='lat' dir='ltr'><strong>Si</strong></span> <span class='ocrx_word' id='word_1_739' title='bbox 3230 2934 3373 2988; x_wconf 86' lang='lat' dir='ltr'><strong>enim</strong></span> <span class='ocrx_word' id='word_1_740' title='bbox 3406 2935 3459 2988; x_wconf 89' lang='lat' dir='ltr'><strong>in</strong></span> <span class='ocrx_word' id='word_1_741' title='bbox 3491 2950 3588 2989; x_wconf 80' lang='lat' dir='ltr'><strong>ex-</strong></span> 
     </span>
    </p>
   </div>
   <div class='ocr_carea' id='block_1_91' title="bbox 2007 3025 3587 3095">
    <p class='ocr_par' dir='ltr' id='par_1_91' title="bbox 2007 3025 3587 3095">
     <span class='ocr_line' id='line_1_91' title="bbox 2007 3025 3587 3095; baseline -0.001 -14"><span class='ocrx_word' id='word_1_742' title='bbox 2007 3026 2172 3081; x_wconf 85' lang='lat' dir='ltr'><strong>ternis</strong></span> <span class='ocrx_word' id='word_1_743' title='bbox 2192 3025 2407 3095; x_wconf 88' lang='lat' dir='ltr'><strong>judieiis</strong></span> <span class='ocrx_word' id='word_1_744' title='bbox 2434 3026 2523 3095; x_wconf 92' lang='lat' dir='ltr'><strong>qui</strong></span> <span class='ocrx_word' id='word_1_745' title='bbox 2549 3025 2792 3094; x_wconf 90' lang='lat' dir='ltr'><strong>deliquit,</strong></span> <span class='ocrx_word' id='word_1_746' title='bbox 2825 3025 2870 3079; x_wconf 91' lang='lat' dir='ltr'><strong>is</strong></span> <span class='ocrx_word' id='word_1_747' title='bbox 2914 3026 3096 3081; x_wconf 91' lang='lat' dir='ltr'><strong>indicti</strong></span> <span class='ocrx_word' id='word_1_748' title='bbox 3141 3026 3342 3081; x_wconf 88' lang='lat' dir='ltr'><strong>silentii</strong></span> <span class='ocrx_word' id='word_1_749' title='bbox 3373 3026 3587 3081; x_wconf 78' lang='lat' dir='ltr'><strong>infamia</strong></span> 
     </span>
    </p>
   </div>
   <div class='ocr_carea' id='block_1_92' title="bbox 2005 3115 3591 3188">
    <p class='ocr_par' dir='ltr' id='par_1_92' title="bbox 2005 3115 3591 3188">
     <span class='ocr_line' id='line_1_92' title="bbox 2005 3115 3591 3188; baseline 0.001 -17"><span class='ocrx_word' id='word_1_750' title='bbox 2005 3117 2256 3187; x_wconf 86' lang='lat' dir='ltr'><strong>punitur:</strong></span> <span class='ocrx_word' id='word_1_751' title='bbox 2288 3117 2339 3171; x_wconf 92' lang='lat' dir='ltr'><strong>in</strong></span> <span class='ocrx_word' id='word_1_752' title='bbox 2370 3116 2582 3187; x_wconf 87' lang='lat' dir='ltr'><strong>publico</strong></span> <span class='ocrx_word' id='word_1_753' title='bbox 2610 3115 2866 3172; x_wconf 80' lang='lat' dir='ltr'><strong>doctrina:</strong></span> <span class='ocrx_word' id='word_1_754' title='bbox 2902 3116 3028 3171; x_wconf 90' lang='lat' dir='ltr'><strong>ludo</strong></span> <span class='ocrx_word' id='word_1_755' title='bbox 3056 3117 3324 3187; x_wconf 88' lang='lat' dir='ltr'><strong>quomodo</strong></span> <span class='ocrx_word' id='word_1_756' title='bbox 3364 3117 3411 3172; x_wconf 92' lang='lat' dir='ltr'><strong>ei</strong></span> <span class='ocrx_word' id='word_1_757' title='bbox 3440 3118 3591 3188; x_wconf 84' lang='lat' dir='ltr'><strong>loqui</strong></span> 
     </span>
    </p>
   </div>
   <div class='ocr_carea' id='block_1_93' title="bbox 2004 3207 3583 3278">
    <p class='ocr_par' dir='ltr' id='par_1_93' title="bbox 2004 3207 3583 3278">
     <span class='ocr_line' id='line_1_93' title="bbox 2004 3207 3583 3278; baseline -0.002 -14"><span class='ocrx_word' id='word_1_758' title='bbox 2004 3208 2375 3278; x_wconf 90' lang='lat' dir='ltr'><strong>permittetur,</strong></span> <span class='ocrx_word' id='word_1_759' title='bbox 2417 3207 2506 3277; x_wconf 93' lang='lat' dir='ltr'><strong>qui</strong></span> <span class='ocrx_word' id='word_1_760' title='bbox 2549 3217 2631 3262; x_wconf 88' lang='lat' dir='ltr'><strong>est</strong></span> <span class='ocrx_word' id='word_1_761' title='bbox 2670 3218 2886 3277; x_wconf 86' lang='lat' dir='ltr'><strong>peccato</strong></span> <span class='ocrx_word' id='word_1_762' title='bbox 2913 3207 3213 3262; x_wconf 83' lang='lat' dir='ltr'><strong>obnoxius?</strong></span> <span class='ocrx_word' id='word_1_763' title='bbox 3265 3207 3433 3277; x_wconf 83' lang='lat' dir='ltr'><strong>Major</strong></span> <span class='ocrx_word' id='word_1_764' title='bbox 3474 3224 3583 3261; x_wconf 83' lang='lat' dir='ltr'><strong>au-</strong></span> 
     </span>
    </p>
   </div>
   <div class='ocr_carea' id='block_1_94' title="bbox 2006 3296 3591 3369">
    <p class='ocr_par' dir='ltr' id='par_1_94' title="bbox 2006 3296 3591 3369">
     <span class='ocr_line' id='line_1_94' title="bbox 2006 3296 3591 3369; baseline 0.001 -16"><span class='ocrx_word' id='word_1_765' title='bbox 2006 3308 2109 3353; x_wconf 90' lang='lat' dir='ltr'><strong>tem</strong></span> <span class='ocrx_word' id='word_1_766' title='bbox 2138 3306 2221 3353; x_wconf 89' lang='lat' dir='ltr'><strong>est</strong></span> <span class='ocrx_word' id='word_1_767' title='bbox 2246 3297 2333 3352; x_wconf 86' lang='lat' dir='ltr'><strong>hic</strong></span> <span class='ocrx_word' id='word_1_768' title='bbox 2353 3297 2609 3352; x_wconf 83' lang='lat' dir='ltr'><strong>doctrinae</strong></span> <span class='ocrx_word' id='word_1_769' title='bbox 2647 3297 2801 3353; x_wconf 87' lang='lat' dir='ltr'><strong>ludus</strong></span> <span class='ocrx_word' id='word_1_770' title='bbox 2831 3298 2924 3353; x_wconf 89' lang='lat' dir='ltr'><strong>illo</strong></span> <span class='ocrx_word' id='word_1_771' title='bbox 2944 3297 3166 3367; x_wconf 80' lang='lat' dir='ltr'><strong>judicio.</strong></span> <span class='ocrx_word' id='word_1_772' title='bbox 3192 3296 3303 3353; x_wconf 90' lang='lat' dir='ltr'><strong>Illic</strong></span> <span class='ocrx_word' id='word_1_773' title='bbox 3330 3300 3471 3354; x_wconf 83' lang='lat' dir='ltr'><strong>enim</strong></span> <span class='ocrx_word' id='word_1_774' title='bbox 3497 3300 3591 3369; x_wconf 83' lang='lat' dir='ltr'><strong>qui</strong></span> 
     </span>
    </p>
   </div>
   <div class='ocr_carea' id='block_1_95' title="bbox 2001 3389 3584 3462">
    <p class='ocr_par' dir='ltr' id='par_1_95' title="bbox 2001 3389 3584 3462">
     <span class='ocr_line' id='line_1_95' title="bbox 2001 3389 3584 3462; baseline 0.001 -18"><span class='ocrx_word' id='word_1_775' title='bbox 2001 3391 2292 3462; x_wconf 88' lang='lat' dir='ltr'><strong>puniuntur</strong></span> <span class='ocrx_word' id='word_1_776' title='bbox 2312 3405 2499 3461; x_wconf 86' lang='lat' dir='ltr'><strong>poenas</strong></span> <span class='ocrx_word' id='word_1_777' title='bbox 2526 3389 2678 3445; x_wconf 89' lang='lat' dir='ltr'><strong>luunt</strong></span> <span class='ocrx_word' id='word_1_778' title='bbox 2706 3407 2721 3445; x_wconf 76' lang='grc' dir='ltr'><strong>ε</strong></span> <span class='ocrx_word' id='word_1_779' title='bbox 2753 3390 2839 3445; x_wconf 92' lang='lat' dir='ltr'><strong>hic</strong></span> <span class='ocrx_word' id='word_1_780' title='bbox 2857 3401 3034 3447; x_wconf 89' lang='lat' dir='ltr'><strong>autem</strong></span> <span class='ocrx_word' id='word_1_781' title='bbox 3056 3406 3122 3447; x_wconf 92' lang='lat' dir='ltr'><strong>eo</strong></span> <span class='ocrx_word' id='word_1_782' title='bbox 3142 3393 3359 3447; x_wconf 85' lang='lat' dir='ltr'><strong>tendunt</strong></span> <span class='ocrx_word' id='word_1_783' title='bbox 3382 3392 3584 3458; x_wconf 79' lang='lat' dir='ltr'><strong>Omnia,</strong></span> 
     </span>
    </p>
   </div>
   <div class='ocr_carea' id='block_1_96' title="bbox 2004 3482 3585 3553">
    <p class='ocr_par' dir='ltr' id='par_1_96' title="bbox 2004 3482 3585 3553">
     <span class='ocr_line' id='line_1_96' title="bbox 2004 3482 3585 3553; baseline 0 -16"><span class='ocrx_word' id='word_1_784' title='bbox 2004 3491 2063 3537; x_wconf 91' lang='lat' dir='ltr'><strong>ut</strong></span> <span class='ocrx_word' id='word_1_785' title='bbox 2091 3496 2195 3536; x_wconf 90' lang='lat' dir='ltr'><strong>non</strong></span> <span class='ocrx_word' id='word_1_786' title='bbox 2222 3483 2510 3551; x_wconf 89' lang='lat' dir='ltr'><strong>puniantur</strong></span> <span class='ocrx_word' id='word_1_787' title='bbox 2529 3482 2619 3552; x_wconf 92' lang='lat' dir='ltr'><strong>qui</strong></span> <span class='ocrx_word' id='word_1_788' title='bbox 2650 3490 3006 3551; x_wconf 90' lang='lat' dir='ltr'><strong>peccaverunt</strong></span> <span class='ocrx_word' id='word_1_789' title='bbox 3025 3525 3040 3547; x_wconf 90' lang='lat'><strong>,</strong></span> <span class='ocrx_word' id='word_1_790' title='bbox 3089 3483 3183 3539; x_wconf 88' lang='lat' dir='ltr'><strong>sed</strong></span> <span class='ocrx_word' id='word_1_791' title='bbox 3223 3492 3280 3538; x_wconf 89' lang='lat' dir='ltr'><strong>ut</strong></span> <span class='ocrx_word' id='word_1_792' title='bbox 3309 3491 3585 3553; x_wconf 89' lang='lat' dir='ltr'><strong>peccatum</strong></span> 
     </span>
    </p>
   </div>
   <div class='ocr_carea' id='block_1_97' title="bbox 2004 3568 3586 3645">
    <p class='ocr_par' dir='ltr' id='par_1_97' title="bbox 2004 3568 3586 3645">
     <span class='ocr_line' id='line_1_97' title="bbox 2004 3568 3586 3645; baseline 0.001 -18"><span class='ocrx_word' id='word_1_793' title='bbox 2004 3572 2310 3643; x_wconf 56' lang='lat' dir='ltr'><strong>paenitentia</strong></span> <span class='ocrx_word' id='word_1_794' title='bbox 2340 3575 2625 3643; x_wconf 80' lang='lat' dir='ltr'><strong>corrigunt.</strong></span> <span class='ocrx_word' id='word_1_795' title='bbox 2650 3573 2793 3628; x_wconf 86' lang='lat' dir='ltr'><strong>Sane</strong></span> <span class='ocrx_word' id='word_1_796' title='bbox 2820 3573 2875 3628; x_wconf 85' lang='lat' dir='ltr'><strong>in</strong></span> <span class='ocrx_word' id='word_1_797' title='bbox 2899 3574 3033 3630; x_wconf 89' lang='lat' dir='ltr'><strong>aulis</strong></span> <span class='ocrx_word' id='word_1_798' title='bbox 3061 3574 3219 3645; x_wconf 89' lang='lat' dir='ltr'><strong>regiis</strong></span> <span class='ocrx_word' id='word_1_799' title='bbox 3239 3568 3398 3631; x_wconf 87' lang='lat' dir='ltr'><strong>nemo</strong></span> <span class='ocrx_word' id='word_1_800' title='bbox 3428 3573 3586 3629; x_wconf 82' lang='lat' dir='ltr'><strong>fuerit</strong></span> 
     </span>
    </p>
   </div>
   <div class='ocr_carea' id='block_1_98' title="bbox 2003 3666 3584 3738">
    <p class='ocr_par' dir='ltr' id='par_1_98' title="bbox 2003 3666 3584 3738">
     <span class='ocr_line' id='line_1_98' title="bbox 2003 3666 3584 3738; baseline 0.001 -16"><span class='ocrx_word' id='word_1_801' title='bbox 2003 3667 2164 3738; x_wconf 78' lang='lat' dir='ltr'><strong>regiae</strong></span> <span class='ocrx_word' id='word_1_802' title='bbox 2185 3667 2331 3721; x_wconf 90' lang='lat' dir='ltr'><strong>vocis</strong></span> <span class='ocrx_word' id='word_1_803' title='bbox 2359 3666 2640 3737; x_wconf 89' lang='lat' dir='ltr'><strong>interpres,</strong></span> <span class='ocrx_word' id='word_1_804' title='bbox 2669 3668 2715 3722; x_wconf 90' lang='lat' dir='ltr'><strong>si</strong></span> <span class='ocrx_word' id='word_1_805' title='bbox 2741 3666 2900 3723; x_wconf 79' lang='lat' dir='ltr'><strong>fuerit</strong></span> <span class='ocrx_word' id='word_1_806' title='bbox 2926 3682 3105 3738; x_wconf 63' lang='lat' dir='ltr'><strong>pravae</strong></span> <span class='ocrx_word' id='word_1_807' title='bbox 3133 3677 3185 3723; x_wconf 85' lang='lat' dir='ltr'><strong>et</strong></span> <span class='ocrx_word' id='word_1_808' title='bbox 3213 3676 3478 3738; x_wconf 77' lang='lat' dir='ltr'><strong>corrupta:</strong></span> <span class='ocrx_word' id='word_1_809' title='bbox 3501 3668 3584 3723; x_wconf 86' lang='lat' dir='ltr'><strong>vi-</strong></span> 
     </span>
    </p>
   </div>
   <div class='ocr_carea' id='block_1_99' title="bbox 2004 3758 3586 3830">
    <p class='ocr_par' dir='ltr' id='par_1_99' title="bbox 2004 3758 3586 3830">
     <span class='ocr_line' id='line_1_99' title="bbox 2004 3758 3586 3830; baseline 0.001 -17"><span class='ocrx_word' id='word_1_810' title='bbox 2004 3768 2071 3813; x_wconf 78' lang='lat' dir='ltr'><strong>tae</strong></span> <span class='ocrx_word' id='word_1_811' title='bbox 2096 3760 2391 3814; x_wconf 88' lang='lat' dir='ltr'><strong>convictus.</strong></span> <span class='ocrx_word' id='word_1_812' title='bbox 2419 3758 2595 3827; x_wconf 89' lang='lat' dir='ltr'><strong>Quare</strong></span> <span class='ocrx_word' id='word_1_813' title='bbox 2633 3774 2763 3830; x_wconf 84' lang='lat' dir='ltr'><strong>ergo</strong></span> <span class='ocrx_word' id='word_1_814' title='bbox 2787 3775 3004 3815; x_wconf 90' lang='lat' dir='ltr'><strong>enarras</strong></span> <span class='ocrx_word' id='word_1_815' title='bbox 3026 3759 3259 3830; x_wconf 90' lang='lat' dir='ltr'><strong>justitias</strong></span> <span class='ocrx_word' id='word_1_816' title='bbox 3303 3775 3449 3816; x_wconf 90' lang='lat' dir='ltr'><strong>meas</strong></span> <span class='ocrx_word' id='word_1_817' title='bbox 3469 3800 3484 3825; x_wconf 94' lang='lat'><strong>,</strong></span> <span class='ocrx_word' id='word_1_818' title='bbox 3529 3766 3586 3815; x_wconf 87' lang='lat' dir='ltr'><strong>et</strong></span> 
     </span>
    </p>
   </div>
   <div class='ocr_carea' id='block_1_100' title="bbox 2001 3850 3582 3914">
    <p class='ocr_par' dir='ltr' id='par_1_100' title="bbox 2001 3850 3582 3914">
     <span class='ocr_line' id='line_1_100' title="bbox 2001 3850 3582 3914; baseline 0.001 -10"><span class='ocrx_word' id='word_1_819' title='bbox 2001 3850 2133 3905; x_wconf 90' lang='lat' dir='ltr'><strong>alios</strong></span> <span class='ocrx_word' id='word_1_820' title='bbox 2162 3850 2342 3914; x_wconf 88' lang='lat' dir='ltr'><strong>doces,</strong></span> <span class='ocrx_word' id='word_1_821' title='bbox 2369 3861 2423 3906; x_wconf 91' lang='lat' dir='ltr'><strong>et</strong></span> <span class='ocrx_word' id='word_1_822' title='bbox 2454 3859 2630 3906; x_wconf 89' lang='lat' dir='ltr'><strong>tamen</strong></span> <span class='ocrx_word' id='word_1_823' title='bbox 2654 3852 2977 3907; x_wconf 86' lang='lat' dir='ltr'><strong>contrarium</strong></span> <span class='ocrx_word' id='word_1_824' title='bbox 3006 3852 3158 3914; x_wconf 82' lang='lat' dir='ltr'><strong>facis,</strong></span> <span class='ocrx_word' id='word_1_825' title='bbox 3182 3853 3286 3907; x_wconf 88' lang='lat' dir='ltr'><strong>vita</strong></span> <span class='ocrx_word' id='word_1_826' title='bbox 3309 3850 3582 3907; x_wconf 75' lang='lat' dir='ltr'><strong>contradi-</strong></span> 
     </span>
    </p>
   </div>
   <div class='ocr_carea' id='block_1_101' title="bbox 2001 3940 3581 4011">
    <p class='ocr_par' dir='ltr' id='par_1_101' title="bbox 2001 3940 3581 4011">
     <span class='ocr_line' id='line_1_101' title="bbox 2001 3940 3581 4011; baseline 0.001 -16"><span class='ocrx_word' id='word_1_827' title='bbox 2001 3950 2155 3995; x_wconf 91' lang='lat' dir='ltr'><strong>cente</strong></span> <span class='ocrx_word' id='word_1_828' title='bbox 2173 3940 2236 3995; x_wconf 91' lang='lat' dir='ltr'><strong>iis</strong></span> <span class='ocrx_word' id='word_1_829' title='bbox 2260 3955 2380 4011; x_wconf 70' lang='lat' dir='ltr'><strong>qua:</strong></span> <span class='ocrx_word' id='word_1_830' title='bbox 2403 3955 2432 3994; x_wconf 87' lang='lat' dir='ltr'><strong>a</strong></span> <span class='ocrx_word' id='word_1_831' title='bbox 2455 3950 2505 3996; x_wconf 90' lang='lat' dir='ltr'><strong>te</strong></span> <span class='ocrx_word' id='word_1_832' title='bbox 2520 3941 2788 4009; x_wconf 90' lang='lat' dir='ltr'><strong>dicuntur,</strong></span> <span class='ocrx_word' id='word_1_833' title='bbox 2812 3951 2866 3997; x_wconf 88' lang='lat' dir='ltr'><strong>et</strong></span> <span class='ocrx_word' id='word_1_834' title='bbox 2881 3944 3078 3998; x_wconf 84' lang='lat' dir='ltr'><strong>avertis</strong></span> <span class='ocrx_word' id='word_1_835' title='bbox 3100 3940 3378 3997; x_wconf 89' lang='lat' dir='ltr'><strong>nonnullos</strong></span> <span class='ocrx_word' id='word_1_836' title='bbox 3395 3957 3581 3997; x_wconf 86' lang='lat' dir='ltr'><strong>eorum</strong></span> 
     </span>
    </p>
   </div>
   <div class='ocr_carea' id='block_1_102' title="bbox 2002 4032 3583 4103">
    <p class='ocr_par' dir='ltr' id='par_1_102' title="bbox 2002 4032 3583 4103">
     <span class='ocr_line' id='line_1_102' title="bbox 2002 4032 3583 4103; baseline 0.001 -15"><span class='ocrx_word' id='word_1_837' title='bbox 2002 4033 2090 4103; x_wconf 91' lang='lat' dir='ltr'><strong>qui</strong></span> <span class='ocrx_word' id='word_1_838' title='bbox 2117 4033 2632 4088; x_wconf 86' lang='lat' dir='ltr'><strong>voluntatteudere?</strong></span> <span class='ocrx_word' id='word_1_839' title='bbox 2652 4033 2768 4088; x_wconf 88' lang='lat' dir='ltr'><strong>Non</strong></span> <span class='ocrx_word' id='word_1_840' title='bbox 2797 4034 2938 4090; x_wconf 90' lang='lat' dir='ltr'><strong>enim</strong></span> <span class='ocrx_word' id='word_1_841' title='bbox 2956 4036 3037 4089; x_wconf 88' lang='lat' dir='ltr'><strong>&#39;ita</strong></span> <span class='ocrx_word' id='word_1_842' title='bbox 3063 4034 3225 4090; x_wconf 90' lang='lat' dir='ltr'><strong>doces</strong></span> <span class='ocrx_word' id='word_1_843' title='bbox 3254 4032 3452 4097; x_wconf 89' lang='lat' dir='ltr'><strong>verbis,</strong></span> <span class='ocrx_word' id='word_1_844' title='bbox 3475 4033 3583 4089; x_wconf 86' lang='lat' dir='ltr'><strong>sic-</strong></span> 
     </span>
    </p>
   </div>
   <div class='ocr_carea' id='block_1_103' title="bbox 2002 4111 3578 4194">
    <p class='ocr_par' dir='ltr' id='par_1_103' title="bbox 2002 4111 3578 4194">
     <span class='ocr_line' id='line_1_103' title="bbox 2002 4111 3578 4194; baseline -0.001 -15"><span class='ocrx_word' id='word_1_845' title='bbox 2002 4133 2060 4179; x_wconf 91' lang='lat' dir='ltr'><strong>ut</strong></span> <span class='ocrx_word' id='word_1_846' title='bbox 2097 4127 2257 4180; x_wconf 91' lang='lat' dir='ltr'><strong>rebus</strong></span> <span class='ocrx_word' id='word_1_847' title='bbox 2296 4134 2350 4180; x_wconf 91' lang='lat' dir='ltr'><strong>et</strong></span> <span class='ocrx_word' id='word_1_848' title='bbox 2390 4125 2541 4180; x_wconf 74' lang='lat' dir='ltr'><strong>lactis</strong></span> <span class='ocrx_word' id='word_1_849' title='bbox 2583 4111 2818 4180; x_wconf 74' lang='lat' dir='ltr'><strong>abducis.</strong></span> <span class='ocrx_word' id='word_1_850' title='bbox 2869 4125 3403 4194; x_wconf 82' lang='lat' dir='ltr'><strong>QuocircaChristus</strong></span> <span class='ocrx_word' id='word_1_851' title='bbox 3433 4125 3578 4179; x_wconf 88' lang='lat' dir='ltr'><strong>illum</strong></span> 
     </span>
    </p>
   </div>
   <div class='ocr_carea' id='block_1_104' title="bbox 2005 4214 3582 4286">
    <p class='ocr_par' dir='ltr' id='par_1_104' title="bbox 2005 4214 3582 4286">
     <span class='ocr_line' id='line_1_104' title="bbox 2005 4214 3582 4286; baseline -0.001 -17"><span class='ocrx_word' id='word_1_852' title='bbox 2005 4216 2181 4270; x_wconf 89' lang='lat' dir='ltr'><strong>laudat</strong></span> <span class='ocrx_word' id='word_1_853' title='bbox 2208 4216 2502 4281; x_wconf 89' lang='lat' dir='ltr'><strong>doctorem,</strong></span> <span class='ocrx_word' id='word_1_854' title='bbox 2542 4216 2635 4285; x_wconf 84' lang='lat' dir='ltr'><strong>qui.</strong></span> <span class='ocrx_word' id='word_1_855' title='bbox 2669 4217 2846 4270; x_wconf 90' lang='lat' dir='ltr'><strong>verbis</strong></span> <span class='ocrx_word' id='word_1_856' title='bbox 2891 4225 2945 4270; x_wconf 92' lang='lat' dir='ltr'><strong>et</strong></span> <span class='ocrx_word' id='word_1_857' title='bbox 2972 4214 3125 4270; x_wconf 82' lang='lat' dir='ltr'><strong>factis</strong></span> <span class='ocrx_word' id='word_1_858' title='bbox 3156 4215 3442 4286; x_wconf 76' lang='lat' dir='ltr'><strong>perlectam</strong></span> <span class='ocrx_word' id='word_1_859' title='bbox 3483 4215 3582 4271; x_wconf 87' lang='lat' dir='ltr'><strong>do-</strong></span> 
     </span>
    </p>
   </div>
   <div class='ocr_carea' id='block_1_105' title="bbox 1999 4305 3582 4377">
    <p class='ocr_par' dir='ltr' id='par_1_105' title="bbox 1999 4305 3582 4377">
     <span class='ocr_line' id='line_1_105' title="bbox 1999 4305 3582 4377; baseline -0.001 -15"><span class='ocrx_word' id='word_1_860' title='bbox 1999 4308 2223 4362; x_wconf 88' lang='lat' dir='ltr'><strong>ctrinam</strong></span> <span class='ocrx_word' id='word_1_861' title='bbox 2263 4305 2572 4361; x_wconf 88' lang='lat' dir='ltr'><strong>ostenderit.</strong></span> <span class='ocrx_word' id='word_1_862' title='bbox 2600 4306 2700 4371; x_wconf 87' lang='lat' dir='ltr'><strong>Qui</strong></span> <span class='ocrx_word' id='word_1_863' title='bbox 2726 4307 2868 4361; x_wconf 88' lang='lat' dir='ltr'><strong>enim</strong></span> <span class='ocrx_word' id='word_1_864' title='bbox 2895 4308 3084 4377; x_wconf 78' lang='lat' dir='ltr'><strong>fecerit,</strong></span> <span class='ocrx_word' id='word_1_865' title='bbox 3115 4306 3301 4377; x_wconf 87' lang='lat' dir='ltr'><strong>inquit,</strong></span> <span class='ocrx_word' id='word_1_866' title='bbox 3327 4316 3373 4362; x_wconf 86' lang='lat' dir='ltr'><strong>et</strong></span> <span class='ocrx_word' id='word_1_867' title='bbox 3397 4309 3582 4361; x_wconf 73' lang='lat' dir='ltr'><strong>docue-</strong></span> 
     </span>
    </p>
   </div>
   <div class='ocr_carea' id='block_1_106' title="bbox 2001 4396 3578 4468">
    <p class='ocr_par' dir='ltr' id='par_1_106' title="bbox 2001 4396 3578 4468">
     <span class='ocr_line' id='line_1_106' title="bbox 2001 4396 3578 4468; baseline 0.001 -18"><span class='ocrx_word' id='word_1_868' title='bbox 2001 4397 2088 4463; x_wconf 86' lang='lat' dir='ltr'><strong>rit,</strong></span> <span class='ocrx_word' id='word_1_869' title='bbox 2121 4398 2202 4449; x_wconf 81' lang='lat' dir='ltr'><strong>Itic</strong></span> <span class='ocrx_word' id='word_1_870' title='bbox 2239 4413 2452 4467; x_wconf 84' lang='lat' dir='ltr'><strong>magnus</strong></span> <span class='ocrx_word' id='word_1_871' title='bbox 2497 4397 2752 4451; x_wconf 78' lang='lat' dir='ltr'><strong>vocabitur</strong></span> <span class='ocrx_word' id='word_1_872' title='bbox 2788 4396 2840 4450; x_wconf 88' lang='lat' dir='ltr'><strong>in</strong></span> <span class='ocrx_word' id='word_1_873' title='bbox 2880 4412 3034 4468; x_wconf 82' lang='lat' dir='ltr'><strong>regno</strong></span> <span class='ocrx_word' id='word_1_874' title='bbox 3075 4397 3311 4451; x_wconf 67' lang='lat' dir='ltr'><strong>calorum</strong></span> <span class='ocrx_word' id='word_1_875' title='bbox 3362 4396 3578 4467; x_wconf 77' lang='lat' dir='ltr'><strong>(Matth.</strong></span> 
     </span>
    </p>
   </div>
   <div class='ocr_carea' id='block_1_107' title="bbox 2002 4486 3581 4557">
    <p class='ocr_par' dir='ltr' id='par_1_107' title="bbox 2002 4486 3581 4557">
     <span class='ocr_line' id='line_1_107' title="bbox 2002 4486 3581 4557; baseline -0.001 -14"><span class='ocrx_word' id='word_1_876' title='bbox 2002 4487 2057 4543; x_wconf 84' lang='lat'><strong>5.</strong></span> <span class='ocrx_word' id='word_1_877' title='bbox 2090 4487 2205 4556; x_wconf 74' lang='lat'><strong>19).</strong></span> <span class='ocrx_word' id='word_1_878' title='bbox 2239 4486 2441 4542; x_wconf 76' lang='lat' dir='ltr'><strong>Habeat</strong></span> <span class='ocrx_word' id='word_1_879' title='bbox 2470 4502 2597 4557; x_wconf 87' lang='lat' dir='ltr'><strong>ergo</strong></span> <span class='ocrx_word' id='word_1_880' title='bbox 2621 4487 2723 4541; x_wconf 89' lang='lat' dir='ltr'><strong>vita</strong></span> <span class='ocrx_word' id='word_1_881' title='bbox 2769 4496 2853 4541; x_wconf 90' lang='lat' dir='ltr'><strong>tua</strong></span> <span class='ocrx_word' id='word_1_882' title='bbox 2895 4488 3093 4543; x_wconf 86' lang='lat' dir='ltr'><strong>claram</strong></span> <span class='ocrx_word' id='word_1_883' title='bbox 3131 4502 3345 4553; x_wconf 90' lang='lat' dir='ltr'><strong>vocem,</strong></span> <span class='ocrx_word' id='word_1_884' title='bbox 3398 4487 3581 4543; x_wconf 80' lang='lat' dir='ltr'><strong>eadem</strong></span> 
     </span>
    </p>
   </div>
   <div class='ocr_carea' id='block_1_108' title="bbox 2002 4578 3582 4647">
    <p class='ocr_par' dir='ltr' id='par_1_108' title="bbox 2002 4578 3582 4647">
     <span class='ocr_line' id='line_1_108' title="bbox 2002 4578 3582 4647; baseline 0.003 -15"><span class='ocrx_word' id='word_1_885' title='bbox 2002 4595 2120 4647; x_wconf 68' lang='lat' dir='ltr'><strong>quae</strong></span> <span class='ocrx_word' id='word_1_886' title='bbox 2141 4578 2275 4633; x_wconf 89' lang='lat' dir='ltr'><strong>dicis</strong></span> <span class='ocrx_word' id='word_1_887' title='bbox 2294 4578 2573 4634; x_wconf 89' lang='lat' dir='ltr'><strong>docentem</strong></span> <span class='ocrx_word' id='word_1_888' title='bbox 2598 4595 2611 4632; x_wconf 94' lang='lat'>:</span> <span class='ocrx_word' id='word_1_889' title='bbox 2636 4588 2690 4635; x_wconf 89' lang='lat' dir='ltr'><strong>et</strong></span> <span class='ocrx_word' id='word_1_890' title='bbox 2719 4579 2843 4636; x_wconf 89' lang='lat' dir='ltr'><strong>licet</strong></span> <span class='ocrx_word' id='word_1_891' title='bbox 2863 4596 2924 4635; x_wconf 91' lang='lat' dir='ltr'><strong>os</strong></span> <span class='ocrx_word' id='word_1_892' title='bbox 2946 4589 3092 4635; x_wconf 92' lang='lat' dir='ltr'><strong>tuum</strong></span> <span class='ocrx_word' id='word_1_893' title='bbox 3119 4581 3469 4647; x_wconf 82' lang='lat' dir='ltr'><strong>obstruxeris,</strong></span> <span class='ocrx_word' id='word_1_894' title='bbox 3495 4582 3582 4636; x_wconf 91' lang='lat' dir='ltr'><strong>vel</strong></span> 
     </span>
    </p>
   </div>
   <div class='ocr_carea' id='block_1_109' title="bbox 2003 4668 3581 4744">
    <p class='ocr_par' dir='ltr' id='par_1_109' title="bbox 2003 4668 3581 4744">
     <span class='ocr_line' id='line_1_109' title="bbox 2003 4668 3581 4744; baseline 0.004 -21"><span class='ocrx_word' id='word_1_895' title='bbox 2003 4668 2126 4723; x_wconf 90' lang='lat' dir='ltr'><strong>tuba</strong></span> <span class='ocrx_word' id='word_1_896' title='bbox 2152 4668 2345 4724; x_wconf 86' lang='lat' dir='ltr'><strong>clarius</strong></span> <span class='ocrx_word' id='word_1_897' title='bbox 2365 4671 2697 4740; x_wconf 88' lang='lat' dir='ltr'><strong>personabis,</strong></span> <span class='ocrx_word' id='word_1_898' title='bbox 2738 4686 2843 4726; x_wconf 92' lang='lat' dir='ltr'><strong>non</strong></span> <span class='ocrx_word' id='word_1_899' title='bbox 2870 4672 3041 4727; x_wconf 88' lang='lat' dir='ltr'><strong>solum</strong></span> <span class='ocrx_word' id='word_1_900' title='bbox 3072 4673 3210 4744; x_wconf 90' lang='lat' dir='ltr'><strong>apud</strong></span> <span class='ocrx_word' id='word_1_901' title='bbox 3242 4683 3536 4743; x_wconf 74' lang='lat' dir='ltr'><strong>pmscntes</strong></span> <span class='ocrx_word' id='word_1_902' title='bbox 3564 4715 3581 4741; x_wconf 92' lang='lat'><strong>,</strong></span> 
     </span>
    </p>
   </div>
   <div class='ocr_carea' id='block_1_110' title="bbox 2002 4760 3577 4835">
    <p class='ocr_par' dir='ltr' id='par_1_110' title="bbox 2002 4760 3577 4835">
     <span class='ocr_line' id='line_1_110' title="bbox 2002 4760 3577 4835; baseline 0.003 -19"><span class='ocrx_word' id='word_1_903' title='bbox 2002 4760 2095 4817; x_wconf 85' lang='lat' dir='ltr'><strong>sed</strong></span> <span class='ocrx_word' id='word_1_904' title='bbox 2125 4762 2285 4815; x_wconf 81' lang='lat' dir='ltr'><strong>etiam</strong></span> <span class='ocrx_word' id='word_1_905' title='bbox 2315 4761 2452 4831; x_wconf 89' lang='lat' dir='ltr'><strong>apud</strong></span> <span class='ocrx_word' id='word_1_906' title='bbox 2483 4778 2575 4818; x_wconf 89' lang='lat' dir='ltr'><strong>eos</strong></span> <span class='ocrx_word' id='word_1_907' title='bbox 2618 4763 2705 4834; x_wconf 91' lang='lat' dir='ltr'><strong>qui</strong></span> <span class='ocrx_word' id='word_1_908' title='bbox 2748 4765 2933 4835; x_wconf 87' lang='lat' dir='ltr'><strong>procul</strong></span> <span class='ocrx_word' id='word_1_909' title='bbox 2973 4765 3058 4820; x_wconf 89' lang='lat' dir='ltr'><strong>siti</strong></span> <span class='ocrx_word' id='word_1_910' title='bbox 3101 4774 3243 4823; x_wconf 88' lang='lat' dir='ltr'><strong>sunt.</strong></span> <span class='ocrx_word' id='word_1_911' title='bbox 3291 4766 3363 4821; x_wconf 89' lang='lat' dir='ltr'><strong>ita</strong></span> <span class='ocrx_word' id='word_1_912' title='bbox 3415 4766 3577 4822; x_wconf 79' lang='lat' dir='ltr'><strong>etiam</strong></span> 
     </span>
    </p>
   </div>
   <div class='ocr_carea' id='block_1_111' title="bbox 2001 4846 3579 4932">
    <p class='ocr_par' dir='ltr' id='par_1_111' title="bbox 2001 4846 3579 4932">
     <span class='ocr_line' id='line_1_111' title="bbox 2001 4846 3579 4932; baseline 0.001 -31"><span class='ocrx_word' id='word_1_913' title='bbox 2001 4846 2188 4901; x_wconf 76' lang='lat' dir='ltr'><strong>czelum</strong></span> <span class='ocrx_word' id='word_1_914' title='bbox 2207 4855 2419 4900; x_wconf 89' lang='lat' dir='ltr'><strong>enarrat</strong></span> <span class='ocrx_word' id='word_1_915' title='bbox 2434 4846 2655 4932; x_wconf 88' lang='lat' dir='ltr'><strong>gloriam</strong></span> <span class='ocrx_word' id='word_1_916' title='bbox 2674 4847 2768 4903; x_wconf 91' lang='lat' dir='ltr'><strong>Dei</strong></span> <span class='ocrx_word' id='word_1_917' title='bbox 2782 4846 3111 4921; x_wconf 75' lang='lat' dir='ltr'><strong>(Psal.l8.l)</strong></span> <span class='ocrx_word' id='word_1_918' title='bbox 3129 4865 3249 4904; x_wconf 90' lang='lat' dir='ltr'><strong>cum</strong></span> <span class='ocrx_word' id='word_1_919' title='bbox 3272 4864 3374 4903; x_wconf 86' lang='lat' dir='ltr'><strong>nec</strong></span> <span class='ocrx_word' id='word_1_920' title='bbox 3389 4864 3452 4903; x_wconf 92' lang='lat' dir='ltr'><strong>os</strong></span> <span class='ocrx_word' id='word_1_921' title='bbox 3482 4850 3579 4902; x_wconf 75' lang='lat' dir='ltr'><strong>ha—</strong></span> 
     </span>
    </p>
   </div>
   <div class='ocr_carea' id='block_1_112' title="bbox 2000 4938 3579 5011">
    <p class='ocr_par' dir='ltr' id='par_1_112' title="bbox 2000 4938 3579 5011">
     <span class='ocr_line' id='line_1_112' title="bbox 2000 4938 3579 5011; baseline 0.001 -18"><span class='ocrx_word' id='word_1_922' title='bbox 2000 4938 2146 5001; x_wconf 89' lang='lat' dir='ltr'><strong>beat,</strong></span> <span class='ocrx_word' id='word_1_923' title='bbox 2161 4952 2259 4993; x_wconf 91' lang='lat' dir='ltr'><strong>nec</strong></span> <span class='ocrx_word' id='word_1_924' title='bbox 2274 4938 2506 5008; x_wconf 87' lang='lat' dir='ltr'><strong>linguam</strong></span> <span class='ocrx_word' id='word_1_925' title='bbox 2526 4948 2754 5005; x_wconf 87' lang='lat' dir='ltr'><strong>moveat,</strong></span> <span class='ocrx_word' id='word_1_926' title='bbox 2774 4955 2945 5010; x_wconf 91' lang='lat' dir='ltr'><strong>neque</strong></span> <span class='ocrx_word' id='word_1_927' title='bbox 2961 4941 3203 5010; x_wconf 90' lang='lat' dir='ltr'><strong>spiritum</strong></span> <span class='ocrx_word' id='word_1_928' title='bbox 3227 4956 3292 4994; x_wconf 82' lang='lat' dir='ltr'><strong>ex</strong></span> <span class='ocrx_word' id='word_1_929' title='bbox 3319 4941 3426 4994; x_wconf 90' lang='lat' dir='ltr'><strong>imo</strong></span> <span class='ocrx_word' id='word_1_930' title='bbox 3455 4954 3579 5011; x_wconf 84' lang='lat' dir='ltr'><strong>pro-</strong></span> 
     </span>
    </p>
   </div>
   <div class='ocr_carea' id='block_1_113' title="bbox 2002 5029 3576 5102">
    <p class='ocr_par' dir='ltr' id='par_1_113' title="bbox 2002 5029 3576 5102">
     <span class='ocr_line' id='line_1_113' title="bbox 2002 5029 3576 5102; baseline -0.001 -17"><span class='ocrx_word' id='word_1_931' title='bbox 2002 5029 2208 5094; x_wconf 82' lang='lat' dir='ltr'><strong>fundat,</strong></span> <span class='ocrx_word' id='word_1_932' title='bbox 2229 5031 2322 5086; x_wconf 90' lang='lat' dir='ltr'><strong>sed</strong></span> <span class='ocrx_word' id='word_1_933' title='bbox 2345 5046 2442 5102; x_wconf 89' lang='lat' dir='ltr'><strong>per</strong></span> <span class='ocrx_word' id='word_1_934' title='bbox 2461 5047 2644 5087; x_wconf 88' lang='lat' dir='ltr'><strong>eorum</strong></span> <span class='ocrx_word' id='word_1_935' title='bbox 2674 5044 2793 5102; x_wconf 64' lang='lat' dir='ltr'><strong>qua!</strong></span> <span class='ocrx_word' id='word_1_936' title='bbox 2810 5032 3055 5088; x_wconf 89' lang='lat' dir='ltr'><strong>videntur</strong></span> <span class='ocrx_word' id='word_1_937' title='bbox 3082 5030 3535 5101; x_wconf 88' lang='lat' dir='ltr'><strong>pulchritudinem</strong></span> <span class='ocrx_word' id='word_1_938' title='bbox 3562 5072 3576 5096; x_wconf 94' lang='lat'><strong>,</strong></span> 
     </span>
    </p>
   </div>
   <div class='ocr_carea' id='block_1_114' title="bbox 2001 5120 3583 5193">
    <p class='ocr_par' dir='ltr' id='par_1_114' title="bbox 2001 5120 3583 5193">
     <span class='ocr_line' id='line_1_114' title="bbox 2001 5120 3583 5193; baseline 0 -16"><span class='ocrx_word' id='word_1_939' title='bbox 2001 5122 2229 5177; x_wconf 88' lang='lat' dir='ltr'><strong>deducat</strong></span> <span class='ocrx_word' id='word_1_940' title='bbox 2256 5131 2610 5193; x_wconf 87' lang='lat' dir='ltr'><strong>spectatorem</strong></span> <span class='ocrx_word' id='word_1_941' title='bbox 2638 5123 2703 5177; x_wconf 85' lang='lat' dir='ltr'><strong>ad</strong></span> <span class='ocrx_word' id='word_1_942' title='bbox 2733 5123 3138 5177; x_wconf 84' lang='lat' dir='ltr'><strong>admirationem</strong></span> <span class='ocrx_word' id='word_1_943' title='bbox 3162 5120 3397 5192; x_wconf 78' lang='lat' dir='ltr'><strong>Opilieis.</strong></span> <span class='ocrx_word' id='word_1_944' title='bbox 3431 5120 3583 5188; x_wconf 88' lang='lat' dir='ltr'><strong>Quod</strong></span> 
     </span>
    </p>
   </div>
   <div class='ocr_carea' id='block_1_115' title="bbox 2001 5205 3585 5285">
    <p class='ocr_par' dir='ltr' id='par_1_115' title="bbox 2001 5205 3585 5285">
     <span class='ocr_line' id='line_1_115' title="bbox 2001 5205 3585 5285; baseline -0.002 -15"><span class='ocrx_word' id='word_1_945' title='bbox 2001 5229 2127 5285; x_wconf 87' lang='lat' dir='ltr'><strong>ergo</strong></span> <span class='ocrx_word' id='word_1_946' title='bbox 2144 5214 2251 5269; x_wconf 90' lang='lat' dir='ltr'><strong>illic</strong></span> <span class='ocrx_word' id='word_1_947' title='bbox 2266 5216 2410 5270; x_wconf 90' lang='lat' dir='ltr'><strong>estin</strong></span> <span class='ocrx_word' id='word_1_948' title='bbox 2423 5216 2554 5270; x_wconf 71' lang='lat' dir='ltr'><strong>caelo</strong></span> <span class='ocrx_word' id='word_1_949' title='bbox 2571 5215 2908 5284; x_wconf 84' lang='lat' dir='ltr'><strong>pulchritudo</strong></span> <span class='ocrx_word' id='word_1_950' title='bbox 2920 5222 3185 5284; x_wconf 85' lang='lat' dir='ltr'><strong>aspectus,</strong></span> <span class='ocrx_word' id='word_1_951' title='bbox 3203 5214 3304 5267; x_wconf 89' lang='lat' dir='ltr'><strong>hoc</strong></span> <span class='ocrx_word' id='word_1_952' title='bbox 3320 5213 3389 5268; x_wconf 90' lang='lat' dir='ltr'><strong>sit</strong></span> <span class='ocrx_word' id='word_1_953' title='bbox 3404 5213 3455 5267; x_wconf 92' lang='lat' dir='ltr'><strong>in</strong></span> <span class='ocrx_word' id='word_1_954' title='bbox 3471 5205 3585 5267; x_wconf 67' lang='lat' dir='ltr'><strong>ani:</strong></span> 
     </span>
    </p>
   </div>
   <div class='ocr_carea' id='block_1_116' title="bbox 2000 5303 3582 5372">
    <p class='ocr_par' dir='ltr' id='par_1_116' title="bbox 2000 5303 3582 5372">
     <span class='ocr_line' id='line_1_116' title="bbox 2000 5303 3582 5372; baseline -0.001 -14"><span class='ocrx_word' id='word_1_955' title='bbox 2000 5320 2086 5358; x_wconf 91' lang='lat' dir='ltr'><strong>ma</strong></span> <span class='ocrx_word' id='word_1_956' title='bbox 2102 5313 2189 5359; x_wconf 89' lang='lat' dir='ltr'><strong>tua</strong></span> <span class='ocrx_word' id='word_1_957' title='bbox 2216 5304 2403 5359; x_wconf 91' lang='lat' dir='ltr'><strong>virtus.</strong></span> <span class='ocrx_word' id='word_1_958' title='bbox 2419 5303 2571 5372; x_wconf 91' lang='lat' dir='ltr'><strong>Quod</strong></span> <span class='ocrx_word' id='word_1_959' title='bbox 2588 5304 2630 5358; x_wconf 90' lang='lat' dir='ltr'><strong>si</strong></span> <span class='ocrx_word' id='word_1_960' title='bbox 2644 5320 2761 5360; x_wconf 88' lang='lat' dir='ltr'><strong>eum</strong></span> <span class='ocrx_word' id='word_1_961' title='bbox 2779 5305 2853 5359; x_wconf 87' lang='lat' dir='ltr'><strong>sis</strong></span> <span class='ocrx_word' id='word_1_962' title='bbox 2868 5303 3192 5370; x_wconf 89' lang='lat' dir='ltr'><strong>sordidatus,</strong></span> <span class='ocrx_word' id='word_1_963' title='bbox 3210 5312 3262 5358; x_wconf 93' lang='lat' dir='ltr'><strong>et</strong></span> <span class='ocrx_word' id='word_1_964' title='bbox 3274 5303 3582 5358; x_wconf 84' lang='lat' dir='ltr'><strong>innumera-</strong></span> 
     </span>
    </p>
   </div>
   <div class='ocr_carea' id='block_1_117' title="bbox 1999 5393 3583 5464">
    <p class='ocr_par' dir='ltr' id='par_1_117' title="bbox 1999 5393 3583 5464">
     <span class='ocr_line' id='line_1_117' title="bbox 1999 5393 3583 5464; baseline 0.001 -15"><span class='ocrx_word' id='word_1_965' title='bbox 1999 5393 2138 5449; x_wconf 86' lang='lat' dir='ltr'><strong>biles</strong></span> <span class='ocrx_word' id='word_1_966' title='bbox 2188 5393 2387 5449; x_wconf 89' lang='lat' dir='ltr'><strong>habeas</strong></span> <span class='ocrx_word' id='word_1_967' title='bbox 2441 5402 2800 5461; x_wconf 86' lang='lat' dir='ltr'><strong>accusatores,</strong></span> <span class='ocrx_word' id='word_1_968' title='bbox 2855 5394 3189 5462; x_wconf 76' lang='lat' dir='ltr'><strong>maximeque</strong></span> <span class='ocrx_word' id='word_1_969' title='bbox 3234 5401 3377 5447; x_wconf 87' lang='lat' dir='ltr'><strong>tuam</strong></span> <span class='ocrx_word' id='word_1_970' title='bbox 3418 5395 3583 5464; x_wconf 84' lang='lat' dir='ltr'><strong>ipsius</strong></span> 
     </span>
    </p>
   </div>
   <div class='ocr_carea' id='block_1_118' title="bbox 2001 5482 3583 5555">
    <p class='ocr_par' dir='ltr' id='par_1_118' title="bbox 2001 5482 3583 5555">
     <span class='ocr_line' id='line_1_118' title="bbox 2001 5482 3583 5555; baseline -0.001 -15"><span class='ocrx_word' id='word_1_971' title='bbox 2001 5483 2403 5549; x_wconf 79' lang='lat' dir='ltr'><strong>conscientiam,</strong></span> <span class='ocrx_word' id='word_1_972' title='bbox 2424 5483 2656 5538; x_wconf 88' lang='lat' dir='ltr'><strong>doctoris</strong></span> <span class='ocrx_word' id='word_1_973' title='bbox 2680 5482 2862 5538; x_wconf 90' lang='lat' dir='ltr'><strong>sedem</strong></span> <span class='ocrx_word' id='word_1_974' title='bbox 2883 5482 3098 5539; x_wconf 88' lang='lat' dir='ltr'><strong>coneris</strong></span> <span class='ocrx_word' id='word_1_975' title='bbox 3122 5483 3393 5551; x_wconf 87' lang='lat' dir='ltr'><strong>invadere,</strong></span> <span class='ocrx_word' id='word_1_976' title='bbox 3416 5500 3583 5555; x_wconf 82' lang='lat' dir='ltr'><strong>quau-</strong></span> 
     </span>
    </p>
   </div>
   <div class='ocr_carea' id='block_1_119' title="bbox 2003 5571 3582 5642">
    <p class='ocr_par' dir='ltr' id='par_1_119' title="bbox 2003 5571 3582 5642">
     <span class='ocr_line' id='line_1_119' title="bbox 2003 5571 3582 5642; baseline 0.001 -15"><span class='ocrx_word' id='word_1_977' title='bbox 2003 5572 2075 5628; x_wconf 90' lang='lat' dir='ltr'><strong>do</strong></span> <span class='ocrx_word' id='word_1_978' title='bbox 2133 5571 2201 5627; x_wconf 90' lang='lat' dir='ltr'><strong>ad</strong></span> <span class='ocrx_word' id='word_1_979' title='bbox 2250 5572 2377 5626; x_wconf 89' lang='lat' dir='ltr'><strong>vitia</strong></span> <span class='ocrx_word' id='word_1_980' title='bbox 2422 5571 2867 5642; x_wconf 87' lang='lat' dir='ltr'><strong>reprehendenda</strong></span> <span class='ocrx_word' id='word_1_981' title='bbox 2909 5572 3235 5638; x_wconf 89' lang='lat' dir='ltr'><strong>accesseris,</strong></span> <span class='ocrx_word' id='word_1_982' title='bbox 3296 5588 3405 5630; x_wconf 89' lang='lat' dir='ltr'><strong>non</strong></span> <span class='ocrx_word' id='word_1_983' title='bbox 3445 5573 3582 5629; x_wconf 87' lang='lat' dir='ltr'><strong>alios</strong></span> 
     </span>
    </p>
   </div>
   <div class='ocr_carea' id='block_1_120' title="bbox 2006 5662 3579 5735">
    <p class='ocr_par' dir='ltr' id='par_1_120' title="bbox 2006 5662 3579 5735">
     <span class='ocr_line' id='line_1_120' title="bbox 2006 5662 3579 5735; baseline 0.001 -17"><span class='ocrx_word' id='word_1_984' title='bbox 2006 5665 2174 5735; x_wconf 88' lang='lat' dir='ltr'><strong>magis</strong></span> <span class='ocrx_word' id='word_1_985' title='bbox 2197 5678 2353 5734; x_wconf 89' lang='lat' dir='ltr'><strong>quam</strong></span> <span class='ocrx_word' id='word_1_986' title='bbox 2383 5663 2608 5733; x_wconf 87' lang='lat' dir='ltr'><strong>teipsum</strong></span> <span class='ocrx_word' id='word_1_987' title='bbox 2637 5663 2930 5720; x_wconf 87' lang='lat' dir='ltr'><strong>accusabis.</strong></span> <span class='ocrx_word' id='word_1_988' title='bbox 2968 5662 3036 5718; x_wconf 85' lang='lat' dir='ltr'><strong>Et</strong></span> <span class='ocrx_word' id='word_1_989' title='bbox 3064 5664 3283 5721; x_wconf 75' lang='lat' dir='ltr'><strong>assumis</strong></span> <span class='ocrx_word' id='word_1_990' title='bbox 3311 5673 3579 5721; x_wconf 77' lang='lat' dir='ltr'><strong>testamen-</strong></span> 
     </span>
    </p>
   </div>
   <div class='ocr_carea' id='block_1_121' title="bbox 2006 5754 3579 5829">
    <p class='ocr_par' dir='ltr' id='par_1_121' title="bbox 2006 5754 3579 5829">
     <span class='ocr_line' id='line_1_121' title="bbox 2006 5754 3579 5829; baseline 0 -19"><span class='ocrx_word' id='word_1_991' title='bbox 2006 5766 2107 5810; x_wconf 89' lang='lat' dir='ltr'><strong>tum</strong></span> <span class='ocrx_word' id='word_1_992' title='bbox 2134 5773 2294 5811; x_wconf 82' lang='lat' dir='ltr'><strong>meum</strong></span> <span class='ocrx_word' id='word_1_993' title='bbox 2316 5772 2404 5829; x_wconf 81' lang='lat' dir='ltr'><strong>per</strong></span> <span class='ocrx_word' id='word_1_994' title='bbox 2429 5772 2482 5812; x_wconf 78' lang='lat' dir='ltr'><strong>os</strong></span> <span class='ocrx_word' id='word_1_995' title='bbox 2505 5756 2691 5811; x_wconf 83' lang='lat' dir='ltr'><strong>tuum?</strong></span> <span class='ocrx_word' id='word_1_996' title='bbox 2719 5754 2880 5814; x_wconf 77' lang='lat' dir='ltr'><strong>Recte</strong></span> <span class='ocrx_word' id='word_1_997' title='bbox 2907 5756 3055 5824; x_wconf 80' lang='lat' dir='ltr'><strong>dixit,</strong></span> <span class='ocrx_word' id='word_1_998' title='bbox 3086 5755 3187 5812; x_wconf 84' lang='lat' dir='ltr'><strong>Per</strong></span> <span class='ocrx_word' id='word_1_999' title='bbox 3215 5773 3288 5813; x_wconf 77' lang='lat' dir='ltr'><strong>os.</strong></span> <span class='ocrx_word' id='word_1_1000' title='bbox 3320 5757 3416 5814; x_wconf 83' lang='lat' dir='ltr'><strong>Est</strong></span> <span class='ocrx_word' id='word_1_1001' title='bbox 3435 5756 3579 5812; x_wconf 82' lang='lat' dir='ltr'><strong>enim</strong></span> 
     </span>
    </p>
   </div>
  </div>
