4086 6268
511 351 604 404 251

514 481 608 522 cor
630 461 938 517 destitutum
968 455 1226 510 fructibus
1251 452 1339 522 qui
1367 467 1432 505 ex
1462 465 1526 504 eo
1559 448 1819 510 oriuntur,
1858 455 1908 501 et
1939 446 2088 500 labra

509 559 777 612 incassum
805 557 1119 610 moventur,
1147 554 1200 598 et
1242 543 1306 598 ad
1333 543 1448 609 ejus
1489 541 1576 608 qni
1608 539 1840 607 loquitur
1889 536 2090 590 conde-

511 644 861 699 mnationem.
894 639 946 693 Si
976 637 1094 707 quis
1133 644 1308 689 autem
1338 640 1566 686 mentem
1599 629 1756 682 fuerit
1791 634 2055 681 scrutatus
2075 665 2088 688 ,

515 747 765 801 magnum
797 729 992 784 bellum
1022 725 1274 780 inveniet.
1297 724 1385 777 17.
1415 719 1496 774 Tu
1548 735 1662 774 vero
1689 719 1836 773 odisti
1867 717 2094 786 discipli-

514 840 634 876 nam
655 832 701 875 et
719 819 975 892 projecisti
1002 831 1252 870 sermones
1278 829 1412 865 meos
1436 820 1728 864 retrorsum.
1753 805 2090 875 Disciplinam

515 914 601 968 hic
625 913 754 967 dicit
776 910 904 980 legis
933 909 1249 970 doctrinam,
1273 919 1390 973 qua:
1420 901 1654 956 animum
1680 899 1974 968 componit,
2003 896 2092 949 vi-

512 1006 644 1058 tium
667 1002 903 1072 expellit,
935 1008 988 1054 et
1013 999 1256 1052 virtutem
1288 995 1494 1048 inserit.
1525 989 1803 1058 Quomodo
1825 1004 1952 1058 ergo
1973 1002 2090 1042 eam

513 1105 731 1160 tractas,
774 1105 827 1150 et
855 1094 907 1147 in
936 1093 1070 1146 alios
1093 1090 1324 1144 seminas
1347 1101 1469 1141 cum
1509 1085 1623 1154 ipse
1659 1099 1776 1139 eam
1812 1081 1962 1137 lactis
1988 1095 2093 1134 non

512 1186 752 1242 habeas?
797 1165 1068 1254 Projecisti
1096 1180 1262 1246 enim,
1311 1177 1500 1248 inquit,
1550 1189 1800 1229 sermones
1829 1188 1964 1227 meos
2011 1187 2094 1225 re-

515 1289 754 1331 trorsunt.

591 1370 640 1422 7.
671 1367 784 1422 Non
811 1366 985 1422 solum
1015 1363 1154 1418 enim
1185 1375 1248 1415 ex
1275 1359 1408 1429 legis
1441 1357 1679 1412 doctrina
1718 1354 1859 1408 nulla
1894 1363 1975 1407 est
2001 1352 2096 1406 tibi

520 1461 652 1512 facta
669 1458 926 1519 accessio,
951 1455 1045 1510 sed
1064 1455 1221 1507 etiam
1242 1449 1382 1520 quod
1399 1449 1560 1502 habes
1579 1462 1607 1500 a
1627 1447 1833 1510 natura,
1855 1444 2094 1496 mutilum

453 1613 456 1615 Α
515 1551 810 1605 reddidisti.
857 1548 1054 1602 Eorum
1097 1545 1237 1598 enim
1283 1557 1400 1611 quas
1443 1547 1565 1592 sunt
1601 1536 1804 1606 agenda
1830 1577 1844 1600 ,
1892 1545 1946 1588 et
1990 1549 2097 1587 non

513 1640 736 1711 agenda,
782 1639 1016 1692 rationes
1043 1652 1073 1690 a
1102 1644 1285 1690 natura
1316 1633 1486 1686 insita:
1512 1639 1654 1684 ειιιιι.
1693 1627 1771 1681 Τιι
1802 1635 1975 1679 autem
2006 1639 2096 1678 eas

515 1735 776 1803 repulisti,
808 1742 862 1786 et
893 1747 996 1784 non
1029 1728 1256 1781 habuisti
1291 1727 1340 1779 in
1380 1723 1655 1779 memoria.
1692 1722 1777 1777 18.
1810 1721 1868 1776 Si
1899 1719 2100 1773 videbas

517 1833 698 1894 furem,
735 1823 969 1876 currebas
1007 1837 1122 1873 cum
1165 1835 1242 1884 eo,
1290 1827 1336 1870 et
1383 1833 1497 1869 cum
1542 1815 1784 1868 adulteris
1823 1813 2100 1882 portionem

519 1928 655 1968 utam
687 1913 923 1985 ponebas.
948 1909 1206 1978 Quoniam
1229 1909 1369 1962 enim
1395 1906 1506 1960 fieri
1536 1921 1637 1958 non
1659 1912 1829 1973 potest
1859 1911 1916 1956 ut
1942 1902 2100 1956 homo

517 2009 587 2062 sit
615 2007 740 2060 milli
763 2006 983 2059 omnino
1010 2011 1224 2071 peccato
1245 2001 1504 2055 obnoxius
1528 2016 1541 2050 :
1571 2007 1624 2052 et
1652 1997 1770 2051 ideo
1791 1997 1922 2051 dixit
1950 1996 2098 2064 quis-

517 2099 658 2167 piam
688 2116 700 2149 :
737 2097 861 2162 Quis
911 2094 1207 2165 gloriabitur
1246 2090 1490 2144 mundum
1523 2106 1574 2142 se
1618 2089 1797 2142 habere
1841 2103 1926 2140 cor
1963 2087 2101 2139 ?aut

517 2189 628 2250 quis
652 2188 889 2239 audacter
916 2186 1042 2237 dicet
1077 2199 1130 2236 se
1169 2198 1274 2235 esse
1299 2197 1480 2252 purum
1511 2196 1542 2231 a
1573 2188 1773 2248 peccato
1804 2177 1980 2248 (Prov.
2008 2176 2098 2230 20.

518 2284 571 2351 9)
594 2281 616 2331 ?
639 2288 693 2333 et
730 2278 921 2333 Paulus
945 2292 1066 2332 cum
1095 2275 1315 2331 dixisset
1341 2292 1353 2326 :
1384 2270 1532 2326 Nihil
1558 2271 1680 2325 mihi
1702 2270 1928 2324 conscius
1953 2282 2101 2333 sum;

519 2372 820 2441 subjunxit,
853 2369 960 2424 Sed
990 2385 1088 2422 non
1120 2369 1173 2421 in
1198 2369 1290 2420 hoc
1310 2366 1625 2436 justi/icatus
1652 2379 1763 2417 sum
1792 2361 1868 2433 (l.
1899 2360 2016 2414 Cor.
2044 2361 2099 2413 4.

519 2465 576 2532 4)
598 2480 612 2526 ;
636 2471 710 2521 et.
733 2461 912 2513 Justus
937 2460 990 2512 in
1018 2457 1264 2526 principio
1289 2455 1532 2510 sermonis
1557 2454 1634 2507 sui
1660 2453 1820 2521 ipsius
1844 2460 2104 2504 accusator

521 2567 591 2607 est
621 2551 802 2622 (Prov.
838 2550 924 2604 18.
957 2549 1067 2617 17),
1098 2547 1345 2601 videlicet
1369 2559 1590 2598 suorum
1630 2549 1964 2612 peccatorum
1997 2558 2010 2593 :
2045 2549 2102 2594 ιιι

523 2659 683 2700 nemo
727 2657 854 2712 ergo
898 2648 1079 2711 posset
1109 2638 1305 2700 diecre,
1331 2635 1387 2690 Si
1416 2649 1602 2690 omnes
1627 2642 1750 2687 sunt
1777 2641 2100 2701 peccatores,

522 2747 855 2808 peccatorem
895 2742 1070 2789 autem
1105 2731 1264 2801 jussit
1301 2744 1406 2784 non
1438 2743 1655 2782 narrare
1675 2726 1943 2796 justitias,
1984 2724 2104 2794 quis

520 2843 648 2896 ergo
687 2835 995 2879 narraturus
1020 2821 1164 2878 erit?
1203 2838 1270 2875 ne
1297 2822 1416 2890 quis
1441 2834 1569 2888 ergo
1599 2816 1715 2870 haec
1749 2815 1968 2880 diceret,
2013 2831 2106 2884 ge-

521 2935 647 2974 nera
677 2925 1007 2987 peccatorum
1033 2919 1310 2967 enumerat
1338 2925 1429 2979 per
1452 2909 1677 2978 species.
1711 2905 1801 2959 Est
1831 2907 1962 2959 enim
1991 2922 2106 2975 per.-

519 3023 686 3065 catum
715 3010 782 3063 ad
808 3018 1013 3062 mortem
1037 3008 1115 3078 (1.
1132 3004 1287 3058 Joan.
1311 3002 1365 3057 5.
1386 3000 1498 3071 16),
1517 2997 1962 3070 quemadmodum
1989 2997 2106 3051 Heli

521 3119 731 3173 quoque
767 3101 1020 3156 dicebat:
1070 3098 1132 3152 Si
1159 3111 1370 3166 peccans
1411 3092 1559 3146 homo
1604 3090 1898 3160 peccaverit,
1945 3088 2106 3143 orabit

524 3211 616 3264 pro
653 3209 709 3244 eo
751 3191 984 3246 sacerdos
1023 3205 1042 3243 :
1085 3187 1130 3242 si
1171 3195 1338 3250 autem
1384 3181 1604 3235 Domino
1649 3180 1946 3250 peccaverit,
1993 3179 2105 3249 quis

523 3287 684 3340 orabit
727 3301 818 3355 pro
843 3300 900 3338 eo
930 3283 1008 3349 (1.
1044 3279 1171 3350 Reg.
1197 3277 1258 3334 2.
1281 3274 1418 3346 25)?
1447 3273 1504 3328 ln
1537 3273 1653 3343 lege
1678 3271 1836 3326 etiam
1861 3270 1960 3324 alia
1983 3269 2104 3339 qui-

524 3379 644 3432 dem
673 3385 826 3431 erant
846 3371 1274 3434 immedicabilis,
1302 3367 1540 3423 utetiam
1570 3373 1739 3418 morte
1765 3363 2104 3434 punirentur;

522 3471 624 3522 alia
646 3482 771 3520 vero
787 3464 1052 3518 habebant
1071 3461 1280 3531 aliquod
1303 3455 1755 3529 promptissimum
1777 3452 2104 3508 remedium:

526 3561 598 3612 ita
629 3559 786 3611 etiam
815 3555 1058 3610 Christus
1086 3554 1137 3607 in
1164 3552 1332 3614 Novo,
1367 3550 1427 3604 Si
1453 3547 1724 3618 peccaverit
1753 3545 1912 3614 frater
1956 3553 2070 3597 tuus
2090 3585 2104 3608 ,

525 3652 715 3722 inquit,
741 3664 894 3719 argue
937 3664 1050 3701 eum
1088 3645 1218 3698 inter
1255 3653 1320 3706 te,
1348 3650 1394 3696 et
1433 3641 1600 3708 ipsum
1625 3638 1808 3693 solum.
1837 3636 1896 3690 Si
1940 3645 2108 3688 autem

525 3759 626 3796 nou
656 3739 892 3804 audierit,
920 3751 1118 3791 assume
1144 3734 1310 3787 adhuc
1337 3742 1498 3786 tecum
1527 3729 1676 3783 duos.
1708 3727 1770 3782 Si
1796 3743 1859 3780 ne
1883 3727 1972 3780 hos
1999 3727 2111 3796 qui-

525 3835 639 3888 dem
675 3831 914 3895 audierit,
957 3829 1022 3883 sit
1063 3826 1147 3880 tibi
1178 3835 1430 3896 tamquam
1458 3823 1685 3876 ethnicus
1723 3829 1770 3875 et
1814 3820 2110 3890 publicanus

525 3925 741 3994 (Matth.
769 3923 853 3976 18.
880 3918 989 3980 15).
1012 3919 1079 3973 Et
1102 3927 1276 3972 tamen
1293 3930 1412 3970 cum
1435 3913 1625 3968 alicubi
1645 3911 1866 3965 dixisset
1887 3910 2105 3964 Petrus:

529 4017 754 4082 Quotics,
783 4014 827 4066 si
854 4011 1126 4082 peccaverit
1151 4011 1203 4062 in
1227 4023 1303 4060 me
1329 4007 1484 4075 frater
1509 4021 1668 4066 meus,
1691 4002 1938 4056 dimittam
1967 4001 2112 4070 ipsi?

526 4107 746 4172 audivit,
782 4103 950 4174 Usque
990 4101 1059 4155 ad
1085 4099 1369 4169 septuagies
1396 4095 1577 4167 septies
1609 4093 1828 4164 (Ibidem
1862 4090 1992 4162 21):
2025 4092 2111 4146 hic

527 4207 704 4255 autem
731 4207 851 4268 post
878 4196 1009 4250 duas
1035 4189 1424 4247 admonitiones
1453 4185 1686 4241 ostendit
1713 4199 1960 4254 magnum
1992 4198 2109 4237 esse

528 4290 800 4352 delictum,
841 4302 940 4342 nec
967 4300 1087 4340 eum
1126 4283 1267 4352 cogit
1293 4293 1480 4335 rursus
1502 4286 1833 4346 exspectare.
1863 4274 1999 4342 Quid
2028 4290 2112 4328 er-

527 4379 636 4450 go?
663 4387 855 4432 suntne
895 4376 1008 4429 hzec
1034 4374 1140 4428 illis
1164 4369 1468 4428 contraria?
1500 4368 1649 4422 Absit
1673 4386 1686 4422 :
1714 4366 1807 4421 sed
1838 4365 1986 4427 illud.
2018 4365 2115 4420 Se-

535 4468 762 4536 ptuagies
812 4465 1013 4533 septies,
1061 4463 1212 4526 dicit,
1258 4462 1302 4517 si
1347 4475 1469 4515 eum
1516 4458 1788 4528 poeniteat.
1836 4455 2114 4522 Quomodo

531 4559 675 4613 enirn
705 4557 934 4610 dimittet
956 4555 1215 4624 quispiam
1238 4553 1286 4607 ei
1308 4551 1395 4621 qui
1421 4566 1593 4620 neque
1613 4548 1893 4604 confitetur
1914 4563 1972 4602 se
2000 4563 2116 4617 pce:

532 4663 707 4711 casse,
738 4661 908 4715 neque
935 4645 1143 4699 ducitur
1171 4640 1515 4712 pmnitentia?
1542 4641 1749 4695 Etenim
1788 4655 1910 4694 cum
1940 4653 1968 4692 a
2000 4653 2114 4692 me-

534 4741 656 4795 dico
708 4737 944 4792 remedia
998 4735 1259 4804 petimus,
1313 4732 1505 4788 vulnus
1550 4733 1708 4786 etiam
1762 4731 2112 4788 ostendimus.

533 4831 664 4899 Quis
688 4839 772 4885 est
795 4843 921 4898 ergo
946 4835 1194 4896 peccator
1208 4825 1275 4880 de
1298 4839 1404 4894 quo
1437 4823 1525 4877 hic
1543 4823 1670 4878 dicit
1685 4822 1994 4892 Scriptura?
2024 4825 2118 4876 At-

533 4933 681 4981 teute
705 4921 1002 4976 audiamus.
1035 4919 1166 4971 Eum
1202 4917 1343 4970 enim
1366 4914 1620 4968 describit
1646 4930 1741 4983 per
1763 4929 1824 4966 ea
1847 4929 1964 4982 qua:
1985 4929 2116 4966 con-

532 5024 848 5087 sequuntur,
871 5014 948 5066 sic
973 5010 1156 5065 dicens
1181 5025 1192 5060 :
1224 5008 1283 5062 Si
1308 5006 1507 5060 videbas
1531 5008 1714 5077 furem,
1745 5006 1979 5058 currebas
2005 5019 2117 5056 cum

533 5129 612 5176 eo,
653 5118 841 5162 etcum
882 5103 1126 5157 adulteris
1168 5102 1443 5170 portionem
1484 5109 1621 5151 tuam
1656 5095 1893 5166 ponebas.
1931 5096 2016 5150 19.
2051 5095 2121 5149 0s

537 5214 676 5256 tuum
717 5198 989 5253 abundavit
1019 5195 1232 5259 malitia,
1276 5203 1322 5247 et
1349 5192 1522 5262 lingua
1555 5199 1641 5243 tua
1676 5191 2002 5243 concinnabat
2029 5188 2122 5242 do-

535 5295 630 5348 los.
670 5292 760 5346 20.
796 5290 989 5346 Sedens
1025 5287 1262 5340 adversus
1305 5289 1509 5354 fratrem
1542 5292 1680 5336 tuum
1719 5281 2027 5350 loquebaris,
2075 5290 2122 5333 et

535 5377 772 5437 adversus
802 5381 964 5448 ﬁlium
994 5378 1168 5431 matris
1197 5387 1298 5429 tua:
1336 5373 1554 5445 ponebas
1593 5372 1907 5426 scandalum.
1939 5371 2122 5425 Vidisti

537 5475 858 5542 nequitiam,
891 5487 995 5525 non
1037 5484 1192 5524 secus
1217 5480 1376 5537 atque
1408 5467 1457 5520 in
1503 5465 1729 5534 imagine
1771 5465 1975 5532 aliqua,
2015 5462 2122 5517 suis

539 5565 806 5618 coloribus
851 5562 1208 5632 descriptam?
1249 5569 1303 5615 et
1352 5556 1620 5628 quomodo
1670 5554 1944 5623 improbus
1997 5555 2126 5609 vitio

545 5653 712 5707 bellua
737 5652 902 5706 factus
918 5661 1019 5718 est,
1042 5653 1166 5706 duln
1194 5662 1394 5705 natura:
1421 5649 1744 5702 nobilitatem
1767 5645 2029 5714 prodidit?
2053 5645 2126 5697 Ne

547 5743 685 5798 hanc
708 5757 832 5812 ergo
861 5745 1137 5814 imaginem
1167 5745 1348 5798 leviter
1370 5751 1777 5811 pertractemus.
1808 5736 1898 5792 θεά
1923 5736 2121 5807 δίυὲυίδ

1205 336 1261 393 S.
1300 335 1576 393 JOANNIS
1611 333 2085 391 CIIRYSOSTOMI
2123 331 2435 387 ARCHIEP.
2478 329 3006 387 CONSTANTINOP.

3684 335 3785 391 932

2197 455 2441 499 accurate
2462 444 2807 515 inquiramus.
2827 445 2887 499 Si
2907 444 3107 499 videbas
3119 445 3301 516 furem,
3319 447 3554 503 currebas
3570 466 3685 503 cum
3706 469 3782 507 eo.

2270 532 2505 616 Laudare
2538 534 2711 587 vitium
2747 544 3001 604 peccatum
3030 545 3100 589 est
3116 552 3136 600 ;
3165 536 3485 603 peccantibus
3511 538 3783 610 indignan-

2199 623 2526 678 dum—Hoc
2553 634 2636 678 est
2663 641 2820 680 causa
2839 627 3074 680 omnium
3097 626 3358 682 malorum
3385 645 3397 682 :
3428 626 3529 684 hoc
3543 640 3625 685 est
3646 633 3786 700 quod

2200 714 2447 769 virtutem
2491 716 2722 769 maxime
2760 717 2970 779 evertit,
3000 715 3141 786 quod
3172 717 3407 772 retardat
3441 733 3505 773 ac
3545 723 3788 790 reprimit

2199 805 2432 858 studium
2472 806 2762 860 multorum
2791 806 2856 860 ad
2887 821 2949 861 ea
2979 822 3098 875 qum
3125 817 3252 861 sunt
3283 807 3501 864 honesta
3531 828 3544 864 :
3575 815 3788 880 quando

2199 911 2305 949 non
2329 896 2501 950 solum
2532 912 2637 950 non
2668 897 3061 966 reprehendunt
3089 897 3269 967 aliqui,
3299 899 3390 954 sed
3421 901 3579 955 etiam
3608 903 3673 956 iis
3697 905 3785 972 qui

2201 995 2422 1056 peccant
2447 987 2792 1056 gratulantur.
2824 987 2938 1042 Hoc
2961 999 3137 1041 autem
3166 1004 3270 1042 non
3301 997 3384 1044 est
3412 991 3588 1045 minus
3628 1007 3787 1062 quam

2200 1091 2440 1146 peccare.
2474 1079 2609 1132 Audi
2645 1079 2860 1132 Paulum
2884 1079 3149 1134 dicentem
3182 1097 3196 1133 :
3231 1079 3353 1133 Non
3378 1081 3543 1134 solum
3570 1083 3676 1135 haec
3702 1085 3788 1151 {a-

2200 1170 2354 1236 ciunt,
2371 1169 2459 1223 sed
2473 1171 2621 1224 etiam
2642 1171 2950 1224 consentiunt
2967 1171 3260 1241 facientibus
3282 1171 3456 1245 (Rom.
3472 1175 3522 1227 1.
3539 1174 3628 1244 52)
3639 1215 3650 1226 .
3675 1176 3790 1232 lloc

2200 1268 2284 1316 est
2311 1269 2487 1315 autem
2528 1277 2633 1316 non
2662 1276 2883 1331 parvum
2927 1271 3197 1331 peccatum
3224 1304 3240 1328 ,
3272 1263 3479 1319 etiamsi
3503 1266 3624 1335 quis
3647 1267 3790 1321 mala

2202 1368 2309 1408 non
2340 1354 2514 1421 faciat,
2544 1370 2649 1408 una
2675 1370 2794 1410 cum
2835 1355 2989 1409 malis
3007 1355 3260 1424 gaudere,
3287 1357 3470 1427 eisque
3510 1360 3788 1428 gratulari.

2202 1445 2296 1502 Ille
2325 1449 2466 1502 enim
2509 1457 2682 1518 potest
2703 1447 2882 1503 dicere
2905 1448 3297 1515 necessitatem,
3321 1451 3524 1505 causari
3557 1467 3790 1522 pauper-

2205 1546 2366 1593 tatem
2391 1539 2430 1604 ¹,
2463 1539 2562 1594 etsi
2600 1554 2704 1594 nou
2734 1540 2840 1594 sint
2875 1540 3007 1609 justi
3049 1550 3372 1611 prastextus:
3407 1552 3460 1597 tu
3486 1553 3664 1599 autem
3691 1561 3793 1599 cur

2204 1630 2385 1686 laudas
2409 1632 2546 1701 quod
2575 1632 2767 1687 factum
2793 1641 2894 1698 est,
2926 1649 3048 1688 cum
3079 1649 3179 1689 nec
3205 1635 3363 1689 ullam
3390 1637 3603 1706 quidem
3631 1653 3696 1692 ex
3723 1654 3792 1694 eo

2205 1722 2525 1791 voluptatem
2549 1723 2848 1793 percipias?
2875 1725 3047 1792 Atque
3075 1725 3163 1780 ille
3190 1725 3402 1796 quidem
3430 1726 3659 1784 fortasse
3685 1730 3790 1784 du-

2203 1823 2352 1869 cetur
2374 1815 2681 1882 paenitentia
2711 1833 2725 1868 :
2751 1824 2804 1869 tu
2833 1823 3010 1871 autem
3047 1815 3143 1870 has
3171 1832 3381 1887 quoque
3406 1818 3499 1872 tibi
3520 1817 3666 1874 fores
3692 1835 3786 1875 oc-

2203 1906 2394 1970 cludis,
2425 1906 2866 1963 medicamentum
2892 1909 3049 1974 tollis,
3073 1917 3128 1965 et
3151 1919 3354 1964 tantum
3379 1911 3626 1966 solatium
3645 1928 3792 1968 ever-

2205 1999 2292 2064 tis,
2308 2008 2517 2070 portum
2540 1999 2772 2070 undique
2797 1999 2889 2054 tibi
2910 2003 3189 2055 obstruens
3211 2001 3412 2056 reditus
3435 2001 3501 2056 ad
3529 2003 3792 2072 perniten-

2206 2090 2352 2144 tiam.
2372 2089 2594 2157 Quando
2608 2107 2736 2161 ergo
2755 2101 2805 2146 te
2823 2091 3029 2156 viderit,
3052 2093 3138 2161 qui
3164 2108 3267 2146 non
3293 2101 3507 2160 peccato
3527 2093 3791 2149 obnoxius

2205 2182 2338 2237 alios
2367 2183 2532 2238 debes
2571 2184 2987 2253 reprehendere,
3025 2199 3128 2238 non
3159 2185 3329 2239 solum
3356 2200 3461 2239 non
3498 2186 3549 2239 id
3589 2185 3789 2251 facere,

2206 2275 2300 2330 sed
2345 2277 2502 2330 etiam
2549 2285 2842 2346 prtetexere
2886 2284 2940 2331 et
2984 2276 3329 2341 adumbrare;
3374 2286 3428 2332 et
3472 2293 3579 2332 non
3617 2279 3791 2333 solum

2206 2366 2541 2430 adumbrare,
2570 2367 2663 2422 sed
2688 2369 2846 2423 etiam
2869 2383 3023 2436 opem
3054 2368 3196 2424 ferre
3221 2387 3233 2422 :
3258 2369 3381 2438 quid
3403 2370 3470 2424 de
3491 2355 3670 2438 scipso
3698 2387 3793 2439 pu-

2211 2459 2360 2524 tabit,
2393 2461 2589 2529 etquid
2617 2459 2684 2516 de
2720 2477 2785 2516 eo
2822 2461 2964 2531 quod
3001 2461 3291 2516 admissum
3327 2461 3442 2516 est?
3471 2461 3614 2516 Multi
3647 2463 3793 2516 enim

2208 2549 2471 2617 homines,
2500 2561 2556 2605 ut
2585 2552 2890 2621 plurimum,
2920 2567 3026 2606 non
3056 2567 3122 2606 ex
3158 2552 3221 2606 iis
3247 2552 3439 2614 solum,
3466 2568 3586 2621 qua:
3611 2552 3793 2606 animo

2206 2653 2586 2710 conccperunt,
2615 2643 2790 2698 lerunt
2813 2643 2879 2697 de
2907 2644 3066 2698 rebus
3093 2642 3311 2713 agendis
3338 2644 3676 2709 sententiam,
3699 2644 3793 2698 sed

2208 2735 2365 2788 etiam
2393 2734 2460 2788 ab
2479 2733 2705 2789 aliorum
2733 2735 2973 2790 instituto
2998 2734 3354 2805 Opinioneque
3375 2735 3610 2804 corrupti
3635 2752 3650 2789 :
3674 2745 3727 2788 et
3747 2735 3792 2789 si

2205 2824 2296 2894 qui
2323 2825 2580 2893 peccavit,
2609 2824 2802 2880 viderit
2837 2841 3024 2880 omnes
3057 2841 3116 2880 se
3145 2834 3478 2901 aversantes,
3516 2826 3794 2880 existima-

2207 2915 2286 2970 bit
2309 2930 2368 2970 se
2391 2916 2604 2985 aliquod
2631 2931 2878 2986 inagnum
2900 2925 2955 2970 et
2981 2916 3251 2985 indignum
3277 2917 3452 2971 scelus
3480 2915 3790 2981 admisisse;

2207 3006 2420 3077 quando
2438 3015 2615 3061 autem
2640 3008 2829 3063 viderit
2848 3023 2955 3063 non
2984 3008 3154 3063 solum
3181 3024 3287 3063 non
3315 3008 3670 3078 indignantes,
3699 3008 3795 3064 sed

2208 3100 2370 3154 etiam
2415 3099 2622 3169 placide
2657 3099 2911 3167 ferentes,
2943 3109 3101 3170 atque
3124 3099 3260 3154 adeo
3287 3099 3640 3160 blandientes.
3670 3113 3794 3154 coro

2208 3201 2367 3260 rupto
2390 3191 2642 3260 deinceps
2670 3191 3011 3245 conscientia:
3027 3190 3248 3259 judicio,
3273 3191 3558 3245 multorum
3585 3201 3798 3246 senten-

2210 3286 2281 3339 tia
2300 3285 2602 3354 depravata:
2626 3300 2738 3339 sum
2762 3285 2924 3339 menti
2953 3284 3326 3353 adstipulaute,
3350 3284 3474 3354 quid
3499 3298 3601 3338 non
3628 3283 3794 3339 aude-

2210 3377 2328 3432 bit?
2370 3375 2580 3446 quando
2621 3383 2799 3431 autem
2847 3377 3080 3445 seipsum
3127 3375 3531 3440 condemnabit,
3581 3384 3636 3430 et
3680 3377 3798 3430 sine

2210 3467 2460 3537 scrupulo
2504 3481 2725 3536 peccare
2765 3466 3030 3520 cessabit?
3073 3463 3294 3534 Oportet
3335 3465 3510 3534 itaque
3548 3467 3709 3520 etiam
3750 3467 3797 3520 si

2210 3565 2329 3630 quis
2357 3561 2553 3615 malum
2584 3559 2742 3614 faciat
2767 3559 3000 3628 seipsum
3031 3557 3420 3622 condemnare;
3450 3572 3548 3627 per
3576 3556 3630 3634 id
3654 3558 3796 3611 enim

2211 3670 2277 3712 eo
2302 3655 2600 3722 devenitur,
2629 3663 2686 3708 ut
2716 3669 2744 3706 a
2774 3653 2914 3707 malo
2937 3659 3195 3715 cessatur,
3217 3659 3271 3706 et
3295 3650 3420 3705 licet
3441 3665 3558 3720 quae
3579 3650 3718 3704 bona
3743 3657 3800 3705 et

2213 3748 2432 3802 honesta
2477 3755 2600 3801 sunt
2641 3761 2748 3800 non
2778 3744 2948 3809 iaciat,
2978 3759 3040 3800 ea
3070 3751 3246 3798 tamen
3277 3743 3513 3798 laudare.
3553 3742 3686 3797 Nam
3713 3743 3796 3796 via

2211 3840 2278 3894 ad
2308 3841 2668 3910 operationem
2693 3846 2776 3894 est
2798 3839 3061 3894 alacritas.
3088 3839 3158 3892 At
3183 3835 3288 3898 hic.
3317 3836 3566 3906 quoniam
3593 3834 3658 3889 iis
3679 3851 3799 3905 qua:

2214 3932 2348 3986 ﬁunt
2385 3932 2685 4002 applaudit,
2723 3931 2843 4001 jure
2876 3945 2998 3985 eum
3043 3929 3319 3999 insigniter
3361 3937 3417 3982 et
3452 3927 3800 3981 vehementer

2213 4026 2399 4094 pungit
2425 4039 2486 4078 ac
2509 4033 2677 4078 notat.
2701 4023 2757 4078 Si
2783 4022 2924 4076 enim
2943 4021 3025 4076 vel
3049 4020 3427 4090 reprehensum
3449 4020 3634 4074 vitium
3663 4020 3798 4073 adeo

2214 4118 2373 4187 viget,
2401 4126 2454 4171 et
2481 4116 2688 4170 laudata
2715 4116 2881 4169 virtus
2902 4115 2985 4167 vix
3009 4129 3134 4170 suos
3160 4113 3225 4167 ad
3256 4113 3480 4168 sudores
3507 4122 3794 4182 provocat:

2214 4207 2341 4278 quid
2373 4207 2474 4262 erit
2514 4207 2558 4261 si
2581 4207 2684 4261 hoc
2707 4222 2810 4261 non
2841 4205 3033 4260 factum
3067 4205 3263 4261 fuerit?
3294 4205 3404 4261 Hoc
3430 4205 3618 4260 viderit
3643 4205 3798 4274 quis-

2216 4300 2356 4369 piam
2387 4299 2500 4353 lieri
2540 4299 2622 4353 vel
2664 4299 2715 4352 in
2745 4297 2912 4352 choro
2936 4297 3269 4352 sacerdotum
3301 4315 3315 4350 :
3347 4295 3489 4366 quod
3519 4297 3563 4349 si
3596 4295 3695 4350 hoc
3717 4300 3802 4353 vel

2217 4391 2271 4445 in
2297 4390 2568 4459 discipulis
2587 4403 2746 4459 grave
2773 4397 2876 4455 est,
2911 4389 3077 4442 multo
3103 4387 3269 4457 magis
3295 4387 3347 4440 in
3375 4385 3660 4456 magistris.

2288 4480 2340 4535 8.
2369 4479 2504 4545 Quid
2531 4480 2677 4546 lacis,
2698 4493 2732 4534 o
2759 4477 2952 4533 homo?
2972 4478 3080 4534 Lex
3103 4479 3292 4532 violata
3320 4485 3422 4542 est,
3451 4477 3798 4544 temperantia

2218 4581 2521 4640 contempta
2541 4583 2639 4636 est,
2668 4578 2745 4624 tot
2765 4579 2978 4641 peccata
3006 4571 3074 4624 ab
3092 4569 3270 4637 aliquo
3290 4583 3500 4633 eorum,
3517 4568 3604 4637 qui
3628 4583 3803 4621 sacer-

2217 4665 2364 4720 dotio
2386 4663 2694 4736 funguntur,
2723 4662 3003 4718 commissa
3021 4669 3164 4726 sunt,
3193 4659 3397 4715 inferna
3415 4660 3660 4728 supernis
3677 4673 3806 4712 con-

2221 4755 2333 4811 l'usa
2352 4765 2477 4811 sunt
2500 4773 2516 4810 :
2541 4764 2700 4825 atque
2718 4753 2852 4808 adeo
2867 4768 2987 4822 quae
3015 4767 3244 4822 superna
3265 4759 3410 4816 sunt,
3434 4749 3641 4805 inferna
3669 4751 3802 4805 facta

2219 4855 2362 4912 sunt,
2385 4856 2439 4902 et
2463 4855 2518 4900 tu
2544 4861 2650 4901 non
2671 4842 3066 4915 perhorrescis?
3086 4844 3155 4898 At
3175 4842 3431 4913 propheta
3451 4840 3668 4911 quidem
3692 4841 3802 4911 ipsa

2222 4940 2382 4994 etiam
2403 4938 2665 4993 elementa
2683 4935 3004 4991 insensibilia
3020 4942 3174 4988 vocat
3197 4933 3265 4986 ad
3287 4933 3601 5004 gravissimo
3619 4933 3808 4986 dolore

2221 5029 2378 5084 simul
2404 5027 2646 5084 deﬂenda
2680 5042 2742 5082 ac
2769 5025 3091 5095 deploranda
3117 5024 3274 5089 mala,
3303 5039 3422 5094 qua:
3453 5025 3809 5077 communiter

2226 5123 2356 5177 liunt
2379 5139 2391 5174 :
2418 5122 2623 5190 Stupuit
2640 5120 2836 5179 caelum.
2856 5128 2901 5172 et
2918 5127 3050 5172 terra
3065 5117 3257 5170 horruit
3276 5132 3433 5184 supra
3449 5115 3655 5168 modum
3676 5114 3730 5186 (J
3736 5131 3810 5168 er.

2223 5215 2278 5267 2.
2314 5214 2424 5284 12).
2462 5212 2524 5266 Et
2550 5225 2733 5265 rursus
2774 5227 2788 5265 :
2841 5207 3050 5279 Lugcbit
3079 5207 3359 5270 Carmelus,
3391 5207 3579 5277 lagebit
3604 5206 3807 5266 vinum,

2227 5303 2412 5375 lugebit
2431 5304 2572 5357 vinea
2593 5301 2643 5373 (1
2649 5301 2744 5355 sai.
2766 5301 2854 5354 21.
2874 5300 2950 5369 7).
2974 5300 3039 5353 Et
3055 5299 3299 5353 inanima:
3319 5298 3532 5367 quidem
3553 5306 3814 5352 creaturas

2227 5396 2408 5465 lugent
2447 5402 2500 5448 et
2541 5393 2910 5462 ingetuiseunt,
2945 5402 3102 5460 atque
3132 5405 3234 5444 una
3265 5405 3385 5444 cum
3417 5389 3642 5443 Domino
3668 5388 3808 5442 indi-
3839 5445 3846 5476 ᾗ

2227 5497 2454 5559 gnantur
2477 5505 2488 5540 :
2511 5497 2562 5540 tu
2585 5497 2757 5540 autem
2774 5486 2860 5557 qui
2882 5501 2942 5538 es
2969 5483 3188 5537 rationis
3211 5482 3492 5552 particeps,
3516 5496 3622 5534 non
3641 5479 3811 5545 doles,

2231 5600 2335 5638 non
2385 5581 2751 5651 reprehendis,
2794 5593 2898 5632 non
2928 5592 2986 5632 es
3015 5575 3303 5632 vehemens
3332 5575 3470 5628 ultor
3510 5573 3684 5641 legum
3719 5572 3809 5625 Dei

2310 5742 2324 5770 ¹
2364 5740 2430 5787 Sic
2451 5736 2642 5796 Μι¹ιι¹ι,ι1.;
2671 5743 2803 5796 αρε..
2831 5733 2908 5784 illc
2932 5733 3055 5783 enim
3075 5738 3219 5796 potest
3254 5729 3412 5780 dicere
3437 5726 3722 5791 passionem.
