4086 6268
347 408 486 471 πῶν,
508 407 602 460 καὶ
620 407 687 461 τά
707 406 856 478 χείλη
879 404 1105 461 κινεῖται
1129 405 1324 477 μάτην,
1345 405 1437 459 καὶ
1470 404 1560 456 ἐπὶ
1601 401 1923 471 κατακρίσει

346 489 439 543 τοῦ
478 489 854 558 λέγοντος.”Δν
874 488 931 542 δὲ
950 489 1048 556 τὴν
1066 489 1302 542 διάνοιάν
1319 505 1402 550 τις
1437 486 1725 557 ἐρευνήσῃ,
1759 482 1926 536 πολὺν

349 574 571 645 εὑρήσει
588 572 681 624 τδν
700 571 934 642 πόλεμον
952 570 1101 625 ὄντα.
1118 572 1201 625 Σὺ
1221 571 1288 624 δὲ
1306 571 1603 640 ἐμίσησας
1628 566 1924 628 παιδείαν,

349 657 447 710 καὶ
480 653 765 719 ἐξέϐαλες
803 654 945 720 τοὺς
979 657 1201 724 ,λόγους
1221 671 1342 724 μου
1364 656 1451 719 είς
1468 651 1531 705 τὸ
1555 649 1927 704 ὀπίσω..Παι-

348 740 494 794 δείαν
531 737 767 792 ἐνταῦθά
804 755 938 808 φησι
975 739 1074 810 τὴν
1113 736 1208 791 τοῦ
1243 738 1408 807 νόμου
1444 732 1808 795 διδασκαλίαν,
1829 731 1929 803 τὴν

349 823 486 894 τὴνιι
524 820 706 891 ψυχὴν
744 820 1128 891 ρυθμίζουσαν,
1150 820 1247 890 τὴν
1265 822 1363 891 τὴν
1382 819 1579 873 κακίαν
1600 815 1931 869 ἀπελαύνου-

353 922 469 970 σαν,
491 906 586 957 καὶ
622 904 722 974 τὴν
761 904 960 974 ἀρετὴν
988 901 1484 972 καταφυτεύουσαν.
1507 899 1631 963 Πῶς
1649 894 1741 951 οὖν
1761 897 1934 966 αὐτὴν

356 985 772 1059 μεταχειρίζεις,
793 987 886 1039 καὶ
905 988 983 1048 εἰς
1004 984 1222 1056 ἐτέρους
1244 984 1505 1051 σπείρεις,
1528 982 1690 1045 αὐτὸς
1721 980 1806 1034 διὰ
1825 979 1933 1032 τῶν

355 1073 529 1142 ἐργων
566 1070 737 1139 αὑτὴν
778 1068 852 1139 μή
888 1067 1060 1138 ἔχωνς
1090 1067 1400 1133 Ἐξέϐιιλες
1437 1065 1567 1137 γὰρ,
1604 1064 1758 1135 φησὶ,
1791 1061 1930 1128 τοὺς

354 1157 579 1222 λόγους
590 1169 711 1221 μου
727 1154 813 1216 είς
830 1150 903 1205 τὰ
921 1149 1132 1203 ὀπίσω.

424 1234 575 1300 ζ’.ού
589 1234 697 1306 γὰρ
716 1234 874 1303 μόνον
892 1234 951 1286 οὐ
974 1231 1281 1303 πῳέθηκάς
1299 1248 1352 1284 τι
1372 1228 1521 1301 παρὰ
1539 1229 1639 1298 τῆς
1655 1226 1750 1281 τοῦ
1769 1227 1934 1297 νόμου

356 1317 723 1379 διδασκαλίας,
745 1315 880 1368 ἀλλά
899 1316 991 1394 καὶ
1008 1313 1037 1366 ὃ
1058 1315 1164 1367 ἀπὸ
1183 1315 1281 1384 τῆς
1301 1312 1515 1382 φύσεως
1534 1312 1699 1381 ἔχεις,
1719 1312 1938 1384 ἐπήρω-

358 1418 477 1464 σας.
501 1400 624 1453 Τῶν
655 1399 765 1469 γάρ
783 1399 843 1452 οὐ
865 1398 1176 1468 πρακτέων,
1197 1397 1291 1451 καὶ
1329 1396 1438 1449 τῶν
1463 1395 1538 1467 μὴ
1556 1395 1810 1449 τοιούτων
1831 1412 1934 1463 φυ-

358 1476 528 1545 σικῶς
548 1482 824 1549 ἔγκεινται
840 1482 975 1551 ἡμῖν
993 1483 1042 1534 οἱ
1063 1480 1231 1549 λόγοι.
1272 1481 1344 1533 Συ
1380 1480 1439 1533 δέ
1476 1479 1674 1541 αὐτοὺς
1709 1476 1932 1540 ἀπώσω,

360 1568 455 1619 καὶ
474 1567 576 1618 οὐκ
596 1560 740 1633 εἶχες
759 1565 817 1614 ἐν
840 1565 1046 1634 μνήμῃ.
1069 1565 1138 1616 Et
1170 1561 1433 1630 ἐθεώρεις
1464 1560 1751 1628 κλέπτην,
1787 1574 1937 1612 συν-

359 1649 598 1718 έτρεχες
617 1645 795 1711 αὐτῷ,
817 1645 916 1700 καί
926 1646 1079 1715 μετὰ
1085 1646 1304 1714 μοιχοῦ
1324 1644 1439 1712 τὴν
1452 1645 1665 1715 μερίδα
1682 1659 1798 1698 σου
1814 1642 1906 1695 ἑτί
1922 1674 1934 1683 -

362 1738 508 1797 οεις.
526 1730 738 1796 Ἐπειδὴ
759 1730 867 1799 γάρ
885 1730 984 1782 οὐκ
1004 1729 1147 1782 ἐστιν
1166 1727 1450 1798 ἄνθρωπον
1485 1728 1659 1799 εὑρεῖν
1693 1726 1940 1795 ἀναμάρ-

364 1831 528 1884 τητον
566 1811 788 1865 καθόλου
811 1827 826 1841 ·
865 1810 944 1864 διὸ
980 1811 1075 1865 καί
1104 1827 1186 1873 τις
1220 1810 1399 1877 ἐλεγε·
1441 1810 1534 1875 Τίς
1569 1807 1939 1877 καυχήσεται

364 1895 564 1965 ἁγνὴν
598 1895 761 1964 ἔχειν
794 1892 909 1962 τὴν
945 1893 1230 1962 καρδίαν;
1264 1891 1301 1961 ἢ
1340 1895 1433 1958 τίς
1468 1889 1940 1960 παρῤησιάσετιιι

363 1978 627 2047 καθαρὸς
659 1973 808 2031 εἶναι
839 1975 958 2030 ἀπὸ
993 1975 1312 2044 ἁμαρτίας;
1365 1976 1458 2027 καὶ
1494 1973 1702 2035 Παῦλος
1738 1972 1938 2037 εἰπὼν,

366 2063 563 2116 Οὐδὲν
596 2059 828 2130 ἐμαυτῷ
863 2059 1137 2120 σύνοιδα,
1172 2061 1483 2128 ἐπήγαγεν”
1530 2058 1693 2112 Ἀλλ’
1725 2058 1835 2109 οὐκ
1873 2054 1944 2107 ἐν

363 2152 554 2214 τούτῳ
585 2148 989 2217 δεδικαίωμαιο
1028 2147 1142 2208 καὶ,
1179 2147 1412 2211 Δίκαιος
1449 2143 1517 2197 δὲ
1551 2142 1767 2197 ἑαυτοῦ
1806 2159 1946 2196 κατ-

363 2238 581 2306 ήγορος
606 2236 674 2290 ἐν
692 2235 1084 2304 πρωτολογίςι,
1106 2232 1327 2304 εὔδηλον
1363 2233 1445 2286 ὅτι
1474 2229 1589 2287 τῶν
1624 2228 1945 2302 ἡμαρτημέ-

363 2344 475 2378 νων
494 2326 645 2394 αὐτῳ
664 2340 677 2353 ο
700 2323 788 2376 ἴνα
809 2318 901 2375 οὖν
941 2322 1126 2392 μηδεὶς
1147 2321 1245 2392 ἔχῃ
1273 2320 1471 2387 λέγειν,
1490 2317 1574 2374 ὅτι
1591 2319 1649 2371 Et
1672 2320 1870 2381 πάντες
1890 2319 1945 2369 ἐν

366 2412 683 2482 ἁμαρτίαις,
704 2410 795 2463 τὸν
832 2409 890 2462 δὲ
928 2408 1247 2479 ἁμαρτωλὸν
1276 2407 1526 2460 ἐκέλευσε
1550 2405 1624 2476 μὴ
1643 2404 1946 2476 διηγεῖσθαι

363 2499 439 2551 τὰ
473 2497 660 2552 δικαιά
672 2514 836 2567 ματα,
858 2497 939 2558 τίς
974 2496 1125 2548 ἐσται
1150 2497 1180 2548 6
1197 2494 1619 2565 διηγησόμενος;
1658 2495 1744 2546 ἵνα
1767 2494 1840 2564 μή
1864 2510 1948 2557 τις

362 2583 462 2640 οἷν
495 2586 669 2638 ταῦτα
703 2584 857 2654 λέγῃ,
877 2583 1056 2654 τίθησι
1076 2581 1170 2636 καὶ
1189 2585 1306 2636 κατ’
1326 2579 1461 2646 εἶδος
1496 2581 1777 2652 ἁμαρτιῶν
1808 2582 1945 2650 εἴδη.

368 2674 552 2728 Ἐστι
597 2673 702 2742 γὰρ
740 2673 994 2739 ἁμαρτία
1034 2672 1183 2740 πρὸς
1222 2671 1497 2734 θάνατον,
1521 2671 1770 2741 καθάπερ
1807 2670 1948 2723 καὶὸ

378 2760 533 2814 Ἠλεὶ
575 2759 758 2827 ἔλεγεν
775 2775 789 2789 ⁸
838 2758 980 2812 Ἐὰν
1023 2758 1298 2827 ἁμαρτὼν
1344 2757 1569 2826 ἁμάρτῃ
1620 2757 1946 2824 ἅνθρωπος,

362 2846 769 2917 προσεύξεται
789 2845 918 2913 περὶ
939 2845 1124 2898 αὐτοῦ
1144 2848 1177 2898 ό
1199 2845 1388 2911 ἱερεύς
1405 2860 1417 2871 ·
1445 2844 1554 2896 ἐὰν
1570 2842 1638 2896 δὲ
1657 2844 1736 2908 τῷ
1760 2844 1951 2910 Κυρίῳ

363 2935 626 3004 ἁμάρτῃ,
650 2933 742 2998 τίς
783 2931 1177 3000 προσεύξεται
1216 2930 1348 2997 περὶ
1388 2928 1604 2995 αὐτοΰ;
1638 2930 1748 2982 Καὶ
1782 2930 1839 2981 ἐν
1872 2929 1951 3001 τῷ

365 3023 526 3091 νόμῳ
545 3021 601 3074 δὲ
620 3021 687 3073 τά
712 3019 808 3090 μὲν
827 3015 895 3089 ἦν
913 3018 1127 3083 ἀνίατα,
1149 3019 1226 3082 ὡς
1244 3016 1338 3071 xit
1359 3015 1573 3087 θανάτῳ
1592 3016 1911 3080 κολάζεσθαι
1932 3034 1947 3049 ο

364 3111 441 3162 τά
459 3110 521 3161 δὲ
538 3104 651 3178 εἶχέ
669 3123 790 3159 τινα
807 3105 1065 3176 ταχίστην
1085 3103 1433 3175 παραμυθίαν
1454 3120 1466 3132 ⁸
1507 3104 1648 3157 οὕτω
1667 3105 1759 3159 καὶ
1778 3105 1805 3156 ὁ
1823 3106 1866 3157 Χ
1875 3121 1955 3174 ρι-

372 3197 503 3256 στὸς
522 3197 581 3247 ἐν
600 3197 664 3265 τῇ
689 3196 864 3263 Καινῇ
881 3210 894 3223 ο
913 3193 1055 3246 Ἐὰν
1072 3190 1303 3259 ἁμάρτῃ
1339 3194 1372 3244 ό
1393 3190 1654 3260 ἀδελφός
1685 3205 1823 3253 σου,
1847 3208 1953 3261 φη-

369 3288 485 3347 σὶν,
512 3281 767 3352 ἔλεγξον
783 3280 969 3335 αὑτὸν
981 3279 1210 3349 μεταξὺ
1238 3279 1355 3333 σοῦ
1393 3279 1491 3333 καί
1518 3279 1704 3332 αὐτοῦ
1736 3279 1950 3347 μόνου.

384 3372 529 3424 Ἐὰν
545 3368 615 3421 δὲ
642 3367 729 3437 μὴ
748 3368 1006 3435 ἀκούσῃ,
1031 3365 1335 3433 παράλαϐε
1369 3364 1457 3418 ἐτι
1474 3366 1502 3405 ι)
1535 3366 1686 3432 μετὰ
1725 3364 1955 3418 σαυτοῦ

372 3457 512 3511 δύο.
539 3455 722 3525 φησίν.
741 3455 880 3509 Ἐὰν
912 3453 1068 3523 μηδὲ
1103 3453 1331 3506 τούτων
1364 3451 1620 3519 ἀκούσῃ,
1664 3450 1821 3504 ἔστω
1857 3464 1956 3503 σοι

371 3545 457 3610 ὡς
478 3545 515 3596 ὀ
535 3541 772 3607 ἐθνικὸς
793 3540 890 3594 καί
916 3538 1199 3606 τελώνης.
1227 3537 1415 3590 Καίτοι
1434 3554 1497 3604 γε
1509 3535 1750 3614 ,ἀλλαχοῦ
1780 3536 1960 3589 εἰπόν-

372 3651 467 3696 τος
510 3630 604 3683 τοῦ
641 3629 847 3699 Πέτρου
867 3646 881 3661 ο
909 3627 1193 3692 Ποσὰκις,
1224 3627 1334 3680 ἐὰν
1370 3625 1597 3695 ἁμάρτῃ
1631 3629 1663 3680 ό
1695 3625 1961 3693 ἀδελφός

371 3736 497 3790 μου
529 3719 618 3783 εις
642 3715 768 3786 ἐμὲ,
798 3713 1015 3784 ἀφήσω
1050 3712 1240 3778 αὐτῷ;
1275 3713 1368 3766 καὶ
1404 3711 1763 3775 ἀκούσαντος·
1805 3710 1961 3776 ’Ἐως

377 3803 883 3874 ἑϐδομηκοντάκις
903 3800 1079 3854 ἑπτά·
1102 3799 1337 3854 ἐνταῦθα
1354 3800 1411 3853 δὲ
1432 3799 1568 3870 μετά
1587 3799 1678 3851 δύο
1700 3798 1960 3868 παραινέ-

377 3911 499 3958 σεις
522 3892 662 3964 μέγα
678 3890 911 3944 δείκνυσι
930 3890 993 3942 τὸ
1012 3889 1116 3958 πλη
1125 3889 1408 3959 μμέλημα,
1431 3888 1525 3941 καὶ
1544 3888 1643 3940 οὐκ
1662 3888 1962 3954 ἀναγκάζει

379 3982 722 4052 παραμεῖναι
758 3976 940 4031 πάλιν.
963 3976 1028 4028 Τί
1062 3972 1154 4030 οὖν
1174 3993 1189 4041 ;
1211 3975 1426 4029 ἐναντία
1447 3972 1596 4046 [235]
1618 3974 1787 4027 ταῦτα
1820 3974 1963 4027 ἐκεί·

379 4083 526 4130 ww;
553 4068 767 4134 ’Δπαγε
786 4082 799 4094 ·
823 4065 956 4119 ἀλλά
988 4065 1068 4126 τὸ,
1115 4062 1647 4133 Ἐϐδομηκοντάλιις
1679 4063 1847 4128 ἑπτὰ,
1868 4063 1963 4117 ἐὰν

384 4155 646 4226 μετανοῇ,
668 4152 831 4219 λέγει.
857 4152 979 4215 Πῶς
999 4155 1107 4221 γὰρ
1125 4151 1190 4206 ἄν
1209 4168 1291 4215 τις
1311 4151 1510 4223 ἀφήσει
1529 4149 1607 4221 τῷ
1632 4149 1763 4220 μηδὲ
1785 4151 1965 4221 ἡμαρ-

379 4242 611 4312 τηκέναι
645 4238 1012 4311 ὁμολογοῦντι,
1036 4238 1167 4310 μηδέ
1207 4237 1588 4308 μετανοοῦντι;
1617 4236 1727 4289 Καὶ
1746 4236 1853 4307 γὰρ
1873 4235 1963 4289 τὸν

385 4330 574 4401 ἰατρὸν
608 4330 874 4399 φάρμακα
899 4325 1271 4388 ἀπαιτοῦντες,
1296 4326 1388 4378 καὶ
1404 4325 1464 4378 τὸ
1482 4324 1636 4388 ἐλκος
1656 4324 1833 4377 δείκνυ
1843 4341 1960 4392 μεν.

383 4421 486 4483 Τίς
520 4412 615 4471 οὖν
655 4419 802 4469 ἐστιν
820 4418 849 4469 6
869 4413 1204 4487 ἁμαρτωλὸς,
1231 4414 1356 4485 περὶ
1393 4407 1454 4468 οὗ
1492 4430 1654 4484 φησιν
1676 4412 1959 4483 ἐνταῦθαὴ

386 4508 617 4580 Γραφής
664 4504 1006 4574 Ἀκούσωμεν
1045 4502 1182 4574 μετά
1217 4502 1518 4574 ἀκριϐείας.
1543 4502 1653 4555 Καὶ
1689 4501 1796 4571 γὰρ
1831 4502 1963 4554 ὑπο-

384 4595 591 4665 γράφει
628 4592 811 4657 αύτδν,
830 4591 917 4645 διὰ
950 4591 1059 4643 τῶν
1077 4589 1204 4660 ἐξῆς
1222 4589 1363 4642 οὕτω
1381 4588 1553 4657 λέγων
1571 4605 1585 4620 ·
1606 4591 1677 4642 El
1698 4588 1964 4656 ἐθεώρεις

385 4679 679 4746 κλέπτην,
701 4678 1056 4746 συνέτρεχες
1075 4675 1257 4742 αὐτῷ,
1283 4674 1381 4729 καὶ
1413 4673 1564 4744 μετὰ
1592 4674 1823 4744 μοιχῶν
1851 4674 1968 4743 τὴν

383 4754 599 4838 μερίδα
617 4781 735 4819 σου
753 4765 983 4830 ἐτίθεις.
1014 4763 1083 4817 Τὸ
1122 4762 1316 4831 στόμα
1339 4778 1449 4815 σου
1467 4762 1471 4767 ’
1489 4761 1826 4816 ἐπλεόνασε
1864 4777 1968 4814 κα-

388 4856 550 4917 κίαν,
578 4852 678 4906 καὶ
703 4853 742 4919 ἠ
764 4849 1016 4921 γλῶσσά
1053 4863 1170 4904 σου
1212 4846 1563 4915 περιέπλεκε
1593 4847 1962 4915 δολιότητας.

390 4939 739 5010 Καθήμενος
755 4939 904 4992 κατὰ
919 4936 1027 4992 τοῦ
1046 4934 1315 5004 ἀδελφοῦ
1333 4949 1451 4989 σου
1479 4934 1848 5000 κατελάλεις,
1867 4935 1965 4988 καὶ

392 5029 545 5083 κατά
561 5026 672 5095 τοῦ
690 5025 825 5081 υίοῦ
846 5023 955 5094 τῆς
966 5024 1194 5095 μητρός
1220 5038 1338 5077 σου
1358 5022 1573 5088 ἐτίθεις
1593 5020 1963 5076 σκάνδαλον.

397 5112 548 5179 Εἶδες
585 5114 838 5184 καθάπερ
871 5116 929 5167 ἐν
963 5113 1129 5167 εἰκόνι
1147 5113 1247 5182 τῆς
1265 5109 1462 5173 κακίας
1478 5109 1547 5163 τά
1565 5108 1851 5181 χρώματα,
1875 5110 1970 5163 καὶ

398 5201 516 5265 πῶς
552 5201 740 5272 θηρίον
775 5202 804 5253 6
840 5200 1074 5270 πονηρὸς
1111 5198 1300 5268 γέγονε
1318 5200 1384 5270 τῇ
1406 5195 1594 5268 κακίᾳ,
1616 5195 1719 5265 τῆς
1756 5195 1972 5265 φύσεως

396 5289 495 5361 τὴν
533 5289 811 5355 εὐγένειαν
849 5286 1110 5357 προδούς;
1140 5286 1231 5357 Μὴ
1249 5286 1428 5339 τοίνυν
1451 5283 1634 5347 ἁπλῶς
1654 5282 1971 5352 ἐπέλθωμεν

398 5376 498 5448 τὴν
533 5375 738 5439 εἰκόνα,
758 5373 875 5427 ἀλλ’
894 5372 1136 5445 ἀκριϐῶς
1175 5372 1271 5427 καὶ
1308 5369 1428 5426 καθ’
1450 5371 1678 5425 ἕκαστον
1697 5368 1973 5435 ἐξετάζον-

466 5557 492 5585 ⁸ι
514 5556 593 5605 Sic
609 5553 746 5604 Colb.
773 5552 969 5611 melius,
989 5549 1209 5612 repetito
1228 5550 1528 5612 praenomine
1549 5548 1653 5612 τήν.

466 5617 497 5657 ιι
517 5615 641 5673 Ἔτι,
663 5623 713 5664 el
734 5612 854 5663 infra
879 5607 965 5668 ἕως
989 5607 1103 5673 anie
1129 5607 1523 5673 ἑϐδομηκοντάκις
1548 5611 1754 5661 deerant
1772 5611 1823 5660 in
1848 5607 1964 5661 edit.

401 5677 595 5739 Mox-eL,
620 5670 708 5726 εει]
730 5676 971 5725 habemur
989 5672 1040 5722 in
1060 5686 1176 5721 mss.
1201 5670 1253 5722 et
1274 5670 1422 5721 Savil.

1399 286 1764 346 EXPOSITIO
1796 284 1867 341 1N
1901 280 2239 343 PSALMUM
2280 283 2466 340 XLIX.

3495 286 3604 341 ‘253

2022 415 2130 462 τες.
2180 401 2241 453 E2
2261 395 2528 466 ἐθεώρεις
2550 394 2841 460 κλέπτην,
2864 408 2936 461 φη
2947 393 3013 458 σῖ,
3038 394 3394 465 σωοέτρεχες
3418 396 3601 464 αὐτῷ.

2092 478 2263 532 Τοῦτο
2276 478 2494 532 πάντων
2510 477 2680 530 αῐτιον
2697 475 2805 528 τῶν
2825 475 3009 528 κακῶν
3025 493 3038 506 ·
3058 475 3215 530 τοῦτο
3239 477 3470 547 μάλιστά
3488 479 3607 532 ἐστι

2023 562 2082 615 τὸ
2100 561 2233 614 ἀνατ
2242 562 2403 632 ρέπον
2424 558 2645 630 ἀρετὴν,
2665 558 2727 612 τὸ
2744 557 2935 612 ἐκλύον
2953 558 3051 629 τήν
3075 560 3202 629 περὶ
3235 559 3304 613 τὰ
3341 560 3482 614 καλὰ
3498 563 3611 615 τῶν

2024 642 2233 697 πολλῶν
2272 643 2528 713 σπουδὴν,
2550 642 2679 696 ὅταν
2703 641 2777 712 μὴ
2809 640 2968 711 μόνον
3006 641 3082 711 μὴ
3124 643 3418 712 ἐπιτιμῶσι
3440 659 3607 705 τινες,

2026 727 2162 781 ἀλλά
2199 728 2293 780 καὶ
2332 726 2665 796 συνήδωνται
2704 726 2816 787 τοῖς
2868 724 3259 795 ἁμαρτάνουσι.
3306 724 3474 778 Τοῦτο
3510 725 3611 778 τοῦ

2028 810 2361 882 ἁμαρτάνειν
2390 809 2490 862 οὐκ
2509 807 3024 861 ἐλαττον.”Ακουσον
3044 807 3176 874 γοῦν
3197 806 3411 861 Παύλου
3432 808 3610 875 λέγον-

2026 911 2118 956 τος
2135 910 2148 923 ο
2195 895 2276 946 οὐ
2310 893 2503 960 μόνον
2519 891 2674 944 αὐτὰ
2692 889 2991 952 ποιοῦσιν,
3017 889 3179 943 ἀλλά
3201 889 3299 942 καὶ
3319 889 3611 944 συνευδο-

2028 976 2206 1030 κοῦσι
2246 974 2373 1041 τοῖς
2413 974 2820 1042 πράσσουσιν.
2860 970 2935 1023 Οὐ
2996 971 3187 1041 μικρὸν
3223 970 3282 1023 δὲ
3319 972 3413 1024 καὶ
3451 971 3615 1024 τοῦτο

2028 1058 2249 1130 ἀμάρτη
2258 1074 2357 1127 μα,
2376 1055 2480 1109 κᾶν
2502 1054 2576 1125 μὴ
2596 1053 2812 1125 πράττῃ
2829 1070 2909 1116 τις
2931 1051 2999 1106 τά
3018 1053 3183 1116 κακὰ,
3204 1054 3264 1107 τὸ
3292 1053 3614 1124 συνήδεσθαι

2029 1142 2143 1203 τοῖς
2180 1141 2388 1202 κακοῖς.
2408 1137 2470 1193 Ὀ
2491 1137 2587 1207 μὲν
2607 1135 2715 1206 γὰρ
2743 1135 2857 1205 ἔχει
2886 1134 2985 1205 τὴν
3007 1136 3253 1207 ἀνάγκην
3284 1137 3455 1188 εἰπεῖν
3475 1176 3489 1198 ,
3513 1133 3615 1205 τὴν

2031 1221 2219 1274 πενίαν
2239 1218 2590 1274 αἰτιάσασθαι
2612 1229 2658 1281 ε,
2683 1219 2730 1270 εί
2750 1218 2844 1271 καὶ
2868 1218 2945 1289 μὴ
2964 1217 3177 1286 εῦλογοι
3209 1220 3264 1271 al
3289 1219 3608 1290 προφάσεις⁹

2034 1306 2097 1359 σὺ
2118 1305 2174 1358 δὲ
2196 1302 2359 1357 πόθεν
2380 1305 2621 1365 ἐπαινεῖς
2658 1301 2721 1355 τὸ
2757 1301 3142 1371 γεγενημένον,
3164 1302 3285 1356 οὐδὲ
3317 1302 3415 1372 τὴν
3437 1300 3496 1365 ἐξ
3517 1301 3615 1353 αὐ-

2032 1386 2125 1442 τοῦ
2164 1385 2542 1458 καρπούμενος
2579 1385 2772 1455 ήδονήν
2794 1401 2808 1450 ;
2845 1385 3109 1448 Κάκεῖνος
3132 1385 3230 1455 μὲν
3252 1385 3379 1449 ἴσως
3401 1385 3495 1437 καὶ
3518 1399 3615 1453 με-

2032 1468 2365 1538 ταγνῶσεται
2387 1487 2400 1499 ·
2428 1469 2490 1522 σὺ
2531 1468 2587 1522 δὲ
2626 1469 2720 1522 καὶ
2757 1467 2957 1530 ταύτας
2976 1468 3284 1532 ἀποκλείεις
3302 1468 3399 1531 τὰς
3420 1467 3611 1538 θύρας,

2034 1553 2129 1606 καὶ
2145 1552 2207 1604 τὸ
2225 1553 2513 1623 φάρμακον
2532 1551 2794 1620 ἀναιρεῖς,
2816 1551 2910 1603 καὶ
2929 1551 3252 1620 ἀνατρέπεις
3284 1551 3386 1618 τὴν
3417 1548 3616 1602 τοσαύ-

2034 1653 2132 1706 την
2153 1634 2529 1705 παραμυθίαν,
2554 1633 2818 1688 πάντοθεν
2838 1632 3017 1703 ἐαυτῷ
3036 1633 3387 1704 προσχωννὺς
3407 1632 3497 1685 τὸν
3535 1632 3619 1683 λι-

2038 1723 2171 1794 μένα
2206 1722 2305 1792 τῆς
2347 1721 2441 1774 ἐπὶ
2480 1722 2580 1791 τὴν
2627 1718 2906 1791 μετάνοιαν
2940 1720 3394 1773 ἐπανόδου.Ὄταν
3413 1714 3505 1772 οὖν
3531 1719 3619 1791 ἴδῃ

2036 1824 2119 1870 σε,
2138 1806 2229 1860 τὸν
2267 1805 2421 1869 ἐκτὸς
2444 1805 2542 1875 τῆς
2566 1804 2859 1876 ἁμαρτίας,
2883 1805 2975 1857 καὶ
2993 1804 3085 1858 τὸν
3122 1804 3406 1874 ὀφείλοντα
3444 1808 3617 1857 ἐπιτι-

2040 1900 2227 1968 μῆσαι,
2250 1896 2310 1948 οὐ
2354 1895 2512 1966 μόνον
2538 1896 2613 1964 μὴ
2638 1893 2995 1964 ἐπιτιμῶντα,
3018 1894 3153 1948 ἀλλά
3171 1897 3264 1947 καὶ
3303 1893 3620 1957 συσκιάζον-

2037 2001 2125 2047 τα,
2148 1983 2243 2035 καὶ
2268 1981 2341 2053 μὴ
2367 1981 2724 2043 συσκιάζοντα
2757 1983 2937 2051 μόνον,
2961 1980 3095 2035 ἀλλὰ
3131 1983 3225 2035 καὶ
3246 1999 3309 2034 συ
3319 1981 3620 2052 μπράττον-

2037 2089 2124 2135 τα,
2144 2069 2197 2122 τί
2219 2070 2482 2139 ἡγήσεται
2509 2069 2634 2139 περὶ
2657 2068 2882 2134 ἐαυτοῦ;
2906 2068 2957 2120 τί
2979 2067 3033 2119 δέ
3054 2069 3183 2139 περὶ
3205 2068 3296 2121 τοῦ
3322 2068 3620 2138 τολμηθέν-

2037 2175 2160 2223 τος;
2189 2158 2275 2220 Ὠς
2298 2157 2405 2226 γὰρ
2429 2156 2497 2209 τὰ
2521 2155 2689 2209 πολλά
2711 2156 2760 2209 οἱ
2784 2156 2964 2208 πολλοὶ
2981 2157 3089 2209 τῶν
3112 2155 3412 2228 ἀνθρώπων
3434 2158 3533 2209 οὐκ
3555 2156 3620 2209 ἐκ

2039 2244 2277 2309 διανοίας
2325 2244 2484 2314 μόνον
2522 2242 2727 2306 ταύτας
2771 2243 2900 2313 περὶ
2937 2242 3045 2297 τῶν
3085 2242 3373 2315 πρακτέων
3395 2244 3619 2314 φέρουσι

2040 2333 2137 2394 τὰς
2159 2331 2390 2399 ψήφους,
2414 2328 2552 2383 ἀλλά
2574 2330 2668 2382 καὶ
2691 2329 2755 2382 ἐκ
2775 2331 2873 2399 τῆς
2895 2329 3100 2400 ἐτέρων
3124 2328 3494 2401 προαιρέσεως
3513 2330 3621 2383 δια-

2044 2417 2421 2489 φθειρόμενοιο
2453 2413 2554 2468 κᾶν
2599 2414 2698 2483 μὲν
2743 2414 2827 2486 ἴδῃ
2866 2415 3074 2477 πάντας
3112 2414 3622 2485 ἀποστρεφομένους

2045 2504 2207 2559 αὑτὸν
2243 2504 2271 2554 ὁ
2313 2500 2665 2572 ἡμαρτηκὼς,
2689 2500 2829 2570 μέγα
2864 2518 2918 2553 τι
2958 2500 3052 2554 καὶ
3080 2501 3315 2571 πονηρὸν
3358 2503 3621 2570 ἡγήσεται

2046 2591 2331 2662 εἰργάσθαι
2349 2605 2362 2617 °
2405 2591 2532 2643 ὅταν
2552 2588 2607 2641 δὲ
2632 2589 2706 2660 μὴ
2728 2588 2886 2659 μόνον
2911 2587 2985 2659 μὴ
3007 2588 3464 2657 ἀγανακτοῦντας,
3490 2588 3624 2658 μηδὲ

2047 2676 2516 2747 δυσχεραίνοντας,
2538 2674 2674 2728 ἀλλά
2716 2675 2811 2728 καὶ
2852 2676 3042 2744 πράως
3080 2676 3364 2746 φέροντας,
3390 2674 3482 2727 καὶ
3507 2691 3624 2727 συν-

2049 2762 2473 2833 εφαπτομένους,
2494 2760 2554 2813 τὸ
2576 2762 2640 2813 ὲκ
2661 2760 2753 2813 τοῦ
2777 2760 3071 2823 συνειδότος
3104 2760 3418 2831 διαφθείρας
3440 2760 3624 2813 λοιπὸν

2047 2850 2415 2919 δικαστήριον,
2436 2847 2536 2917 τῆς
2574 2845 2682 2899 τῶν
2717 2845 2927 2898 πολλῶν
2944 2845 3124 2916 ψήφου
3167 2845 3625 2917 συμπραττούσης

2048 2936 2213 2991 αὑτοῦ
2239 2938 2304 3006 τῇ
2330 2933 2694 3004 διεφθαρμένη
2715 2932 2926 3005 γνώμῃ,
2949 2933 3003 2986 τί
3023 2933 3082 2985 ού
3106 2931 3364 3004 τολμήσει
3386 2949 3400 2997 ;
3424 2933 3547 2984 πότε
3569 2933 3628 2986 δὲ
3674 2920 3675 2923 η

2050 3022 2460 3090 καταγνώσεται
2498 3019 2713 3083 ἐαυτοῦ,
2737 3021 2830 3072 καὶ
2864 3019 3127 3072 παύσεται
3153 3020 3244 3071 τοῦ
3265 3019 3436 3082 ἀδεῶς
3456 3020 3629 3090 ἁμαρ-

2049 3110 2230 3162 τάνειν
2251 3124 2265 3173 ;
2290 3106 2378 3159 Διὸ
2398 3106 2525 3177 χρὴ,
2550 3104 2651 3159 κᾶν
2676 3105 2890 3176 πράττῃ
2914 3122 2998 3169 τις
3032 3104 3092 3157 τὸ
3127 3105 3380 3175 πονηρὸν,
3403 3122 3630 3173 καταγι-

2052 3196 2282 3252 νώσκειν
2303 3194 2496 3247 ἐαυτοῦ
2521 3211 2535 3224 ’
2558 3194 2674 3257 ὁδὸς
2696 3194 2803 3265 γὰρ
2826 3193 2983 3246 τοῦτο
3008 3195 3100 3246 ἐπὶ
3119 3193 3180 3245 τὸ
3202 3194 3500 3264 ἀποστῆναι
3533 3194 3630 3247 τοῦ

2053 3282 2290 3355 πονηροῦ
2310 3299 2323 3314 ν
2347 3281 2449 3335 κᾶν
2478 3280 2553 3352 μὴ
2575 3281 2788 3355 πράττῃ
2808 3282 2876 3335 τά
2905 3281 3063 3345 καλὰ,
3088 3285 3328 3334 ἐπαινεῖν
3362 3282 3430 3335 τὰ
3468 3282 3627 3335 καλά.

2067 3372 2211 3434 Ὁδὸς
2252 3371 2354 3449 γὰρ
2401 3370 2488 3423 ἐπὶ
2532 3369 2625 3439 τὴν
2663 3369 2922 3439 ἐργασίαν
3042 3368 3335 3441 προθυμία.
3367 3368 3632 3423 Ἐνταῦθα

2058 3457 2259 3528 μέντοι,
2284 3453 2469 3523 ἐπειδὴ
2494 3453 2586 3505 καὶ
2606 3453 3001 3521 συνεφάπτεται
3022 3453 3128 3506 τῶν
3148 3452 3467 3523 γινομένων,
3490 3454 3634 3507 εικό-

2054 3560 2162 3605 τως
2180 3540 2344 3594 αὐτὸν
2369 3540 2488 3608 μεθ’
2512 3537 2663 3610 [256]
2685 3539 2990 3611 ὑπερόολῆς
3012 3539 3181 3605 στίζει
3203 3541 3402 3609 πάσης.
3439 3541 3501 3593 El
3524 3540 3635 3612 γὰρ

2058 3628 2435 3700 ἐπιτιμωμένη
2455 3628 2489 3697 ή
2509 3626 2675 3680 κακία
2693 3627 2944 3681 τοσοῦτον
2964 3628 3135 3693 ἀνθεῖ,
3156 3629 3250 3682 καὶ
3266 3627 3633 3699 ἐπαινουμένη

2058 3719 2092 3789 ἡ
2111 3718 2279 3788 ἀρετὴ
2302 3715 2454 3786 μόλις
2474 3715 2782 3768 ἐκκαλεῖται
2802 3716 2937 3788 πρὸς
2952 3717 3079 3778 τοὺς
3101 3716 3329 3787 ἱδρῶτας
3359 3718 3484 3781 τοὺς
3507 3718 3635 3768 ἐαυ-

2057 3804 2158 3874 τῆς
2173 3821 2187 3834 ·
2209 3804 2263 3856 τί
2282 3803 2431 3856 ἐσται
2454 3803 2505 3854 εί
2529 3801 2603 3873 μὴ
2620 3801 2778 3856 τοῦτο
2795 3803 3029 3870 γένοιτο;
3050 3802 3221 3855 Τοῦτο
3241 3803 3338 3855 ἴδοι
3357 3821 3439 3866 τις
3459 3803 3523 3856 ἂν
3541 3802 3638 3855 καὶ

2059 3891 2118 3942 ἐν
2135 3888 2282 3961 χορῴ
2306 3888 2497 3953 ἱερέων
2518 3886 2777 3950 πολλάκις
2792 3888 3074 3958 γινόμενον
3096 3905 3110 3919 ·
3148 3889 3198 3940 εί
3216 3888 3272 3940 δὲ
3292 3888 3511 3941 ἐπὶτῶν
3534 3905 3629 3958 μα·

2061 3976 2241 4047 θητῶν
2261 3975 2494 4047 χαλεπὸν
2513 3974 2694 4042 τοῦτο,
2715 3974 2896 4047 πολλῷ
2919 3976 3119 4046 μᾶλλον
3141 3975 3361 4029 ἐπὶτῶν
3380 3975 3637 4030 διδασκά-

2061 4063 2190 4116 λων.

2132 4191 2274 4263 η’.Τί
2296 4189 2739 4260 ποιεῖς,ἇνθρωπε
2760 4206 2774 4255 ;
2797 4189 3090 4262 Παρεόἀθη
3108 4190 3137 4241 ό
3156 4188 3339 4259 νόμος,
3361 4207 3631 4261 κατεφρο·

2062 4281 2203 4353 νήθη
2224 4277 2569 4351 σωφροσύνη,
2610 4275 3056 4349 πλημμελήματα
3077 4277 3312 4332 τοσαῦτα
3357 4279 3630 4350 ἐτολμήθη

2064 4372 2216 4442 παρά
2248 4386 2394 4432 τινος
2426 4369 2536 4421 τῶν
2575 4367 2905 4439 ἱερωμένων,
2929 4367 2997 4421 τὰ
3016 4368 3127 4422 ἀνω
3145 4367 3295 4421 κάτω
3311 4368 3521 4438 γέγονε,
3544 4370 3639 4423 καὶ

2062 4460 2123 4512 οὐ
2147 4458 2386 4530 φρίττεις
2408 4455 2595 4531 ;νἈλλ’
2615 4457 2643 4508 ό
2666 4455 2765 4524 μὲν
2786 4456 3069 4526 προφήτης
3089 4455 3181 4509 καῖ
3212 4455 3350 4510 αὐτά
3383 4456 3449 4510 τὰ
3482 4458 3636 4511 ἀναί-

2063 4545 2236 4614 σθητα
2258 4544 2500 4613 στοιχεῖα
2530 4542 2688 4595 καλεῖ
2718 4542 2854 4614 πρὸς
2888 4541 3109 4596 ἔκτασιν
3130 4541 3224 4596 καὶ
3244 4543 3524 4597 κοινωνίαν
3543 4544 3639 4597 τοῦ

2066 4632 2265 4705 θρήνου
2283 4631 2392 4684 τῶν
2413 4633 2567 4701 κοινῇ
2591 4627 3140 4701 πεπλημμελημένων
3168 4630 3369 4696 κακῶν,
3389 4630 3641 4699 Ἐξέστη

2066 4723 2099 4774 ὁ
2117 4718 2394 4788 οὐρανὸς,
2406 4718 2601 4788 λέγων,
2620 4714 2718 4773 καί
2735 4716 2978 4786 ἔφριξεν
2994 4720 3033 4786 ἡ
3052 4717 3130 4786 γῆ
3148 4720 3244 4773 ἐπὶ
3266 4719 3476 4773 πλεῖον
3489 4722 3638 4788 σφό-

2066 4805 2196 4873 δρα.
2235 4806 2346 4859 Καὶ
2378 4806 2572 4859 πάλινο
2597 4805 2956 4871 Πενθήσει-ό
2991 4803 3326 4875 Κάρμηλος,
3353 4806 3643 4872 πενθήσει

2067 4889 2251 4959 οἶνος,
2271 4893 2557 4959 πενθήσει
2579 4892 2866 4961 ἄμπελος.
2887 4891 2999 4944 Καὶ
3016 4892 3084 4944 τὰ
3106 4891 3205 4962 μὲν
3224 4892 3404 4961 ἀψυχα
3438 4892 3641 4955 πενθεῖ,

2069 4980 2163 5033 καὶ
2196 4980 2369 5033 στένει
2400 4979 2451 5043 ά,
2478 4980 2572 5035 καὶ
2603 4980 2998 5048 συναγανακτεῖ
3023 4977 3101 5049 τῷ
3137 4978 3409 5048 Δεσπότῃο
3435 4979 3498 5030 σὺ
3528 4978 3584 5031 δὲ
3614 4980 3645 5032 6

2068 5065 2284 5134 λογικὸς
2313 5067 2413 5121 οὐκ
2444 5066 2660 5136 ἀλγεῖς;
2701 5068 2801 5121 οὐκ
2835 5067 3090 5136 ἐπιτιμᾷς
3110 5104 3126 5128 ,
3168 5065 3230 5116 οὐ
3257 5064 3383 5135 γίνῃ
3412 5063 3646 5134 χαλεπὸς

2068 5152 2307 5225 τιμωρὸς
2329 5153 2440 5207 τῶν
2459 5152 2554 5206 τοῦ
2576 5151 2713 5206 Θεοῦ
2728 5152 2926 5222 νόμων,
2945 5152 3081 5205 ἀλλά
3094 5151 3188 5203 καὶ
3207 5153 3478 5214 κοινωνεῖς
3496 5167 3511 5214 ;
3539 5152 3646 5205 Καὶ

2073 5240 2231 5294 ποίαν
2267 5239 2334 5293 ἂν
2355 5239 2544 5311 σχοίης
2575 5238 2904 5309 συγγνώμην
2925 5254 2940 5304 ;
2961 5237 3054 5308 Μή
3079 5234 3187 5307 γὰρ
3210 5237 3240 5288 6
3270 5236 3401 5301 Θεὸς
3430 5236 3645 5291 ἐκδίκου

2136 5426 2160 5456 c
2187 5424 2272 5473 Sic
2293 5422 2492 5483 Morel”
2537 5423 2682 5485 Regi
2706 5424 2802 5485 όγμ.
2833 5438 2880 5483 γ.
2905 5422 2946 5485 ἐ.
2982 5423 3036 5485 τὸ
3061 5422 3206 5479 πάθος
3235 5425 3392 5473 εἰπεῖν.
3415 5426 3549 5477 Colb.
3594 5435 3649 5480 et

2069 5486 2221 5538 διηγῇ,
2246 5486 2274 5533 ὁ
2294 5501 2345 5546 μ,
2365 5485 2455 5546 γὰρ
2472 5486 2542 5547 τῷ
2561 5485 2646 5541 τήν
2665 5483 2872 5544 ἀνάγκην
2895 5483 3037 5530 εἰπεῖν
3059 5485 3144 5541 τὴν
3161 5487 3323 5536 πενίαν
3346 5487 3648 5541 αἰτιάσασθαι

2073 5549 2280 5677 ἒὶᾝῖζαὶ
2304 5606 2455 5677 στέγῃ
2484 5610 2591 5677 ροξι
2613 5603 2768 5677 πενθεῖ
2802 5615 2861 5677 εξ
2890 5617 3004 5677 πιες.
3027 5606 3338 5671 desumplum
3366 5627 3375 5653 ε
3400 5612 3573 5664 deerat
3596 5614 3646 5663 in

2075 5668 2195 5719 edit.
2224 5669 2396 5719 Morel.
2420 5665 2519 5716 Sed
2547 5667 2731 5729 legitur
2757 5666 2806 5714 in
2830 5665 2978 5716 Savil.
