4114 6278
453 338 560 392 255

452 447 663 509 δεῖται;
703 442 778 514 μή
819 440 924 514 7&9
967 440 1303 513 βοηθούντων
1344 439 1564 512 χρῄζει;
1621 439 1756 493 ἀλλὰ
1788 439 2033 509 βούλεταί

458 548 519 586 σε
568 529 849 601 ὑπηρέτην
885 527 1072 580 τούτου
1122 526 1397 594 γενέσθαι.
1455 527 1541 579 ἵνα
1591 526 1665 597 μὴ
1697 529 1808 589 τοῖς
1853 527 2034 588 αὐτοῖς

456 617 780 688 περιπέσῃς,
808 617 866 671 ἐν
891 618 957 687 τῇ
989 615 1109 669 καθ’
1143 616 1330 686 ἐτέρου
1358 615 1728 684 ἀγανακτήσει
1762 613 2034 685 σωφρονέ-

458 721 647 776 στερος
666 704 969 773 γινόμενος,
998 704 1085 756 ἵνα
1120 702 1412 756 κάντεῦθεν
1434 702 1496 754 τὸ
1523 701 1767 771 φιλόθεόν
1802 717 1900 755 σου
1923 700 2033 754 δεί-

459 790 577 863 ξῃς.
618 790 787 844 Ὅταν
816 789 926 861 γὰρ
947 789 1285 859 ἁμαρτόντος
1311 788 1499 859 ἐτέρου
1523 786 1908 858 παραδράμῃς,
1940 786 2036 839 καὶ

463 879 537 948 μή
573 875 861 945 ἐπεξέλθῃς
879 887 927 939 ⁸,
958 874 1088 946 μηδὲ
1116 875 1379 947 ἀλγήσῃς,
1408 874 1783 945 ῥᾳθυμοτέραν
1820 890 1911 926 σου
1934 873 2034 943 τὴν

458 964 634 1035 ψυχήν
670 966 840 1026 ποιεῖς
864 964 959 1016 καὶ
982 963 1352 1033 εὐέμπτωτον,
1381 962 1476 1015 καὶ
1504 963 1737 1033 μάλιστα
1776 960 2034 1023 πολλάκις

460 1049 900 1121 παρασκευάζεις
920 1049 948 1088 b
971 1051 1082 1111 τοῖς
1108 1049 1292 1112 αὐτοῖς
1318 1051 1638 1119 περιπεσεῖν
1656 1064 1671 1078 ·
1696 1049 1945 1101 κάκεῖνον
1976 1046 2035 1100 δὲ

459 1140 522 1191 ού
545 1138 613 1191 τὰ
641 1138 870 1207 τυχόντα
905 1135 1315 1207 παραϐλάπτεις
1344 1138 1411 1207 τῇ
1439 1136 1652 1208 ἀκαίρῳ
1693 1136 1875 1206 χάριτι
1904 1137 2034 1189 ταύ-

459 1242 550 1298 τῃ,
582 1224 984 1296 αὐστηροτέρας
1011 1223 1161 1294 αὺτῷ
1188 1222 1355 1277 ποιῶν
1381 1223 1479 1287 τὰς
1505 1226 1563 1277 ἐν
1581 1225 1660 1294 τῷ
1687 1223 1926 1293 μέλλοντι
1947 1224 2034 1276 εὐ-

463 1313 647 1376 θύνας,
669 1313 762 1365 καὶ
783 1312 916 1383 πρὸς
938 1310 1005 1363 τὰ
1035 1310 1278 1382 παρόντα
1308 1311 1676 1382 ῥᾳθυμότερον
1700 1311 2036 1363 κατασκευά-

461 1401 590 1464 ζων.
626 1399 811 1452 Ταῦτα
835 1398 891 1450 δὲ
927 1400 987 1451 οὐ
1013 1399 1143 1471 περὶ
1165 1398 1415 1451 κλεπτῶν
1448 1400 1607 1469 μόνον
1634 1398 1867 1469 εἴρηται,
1899 1396 2037 1450 ἀλλά

462 1487 556 1541 καὶ
579 1487 706 1557 περὶ
732 1485 932 1549 παντὸς
959 1486 1374 1554 ἁμαρτήματος·
1404 1484 1465 1536 τὸ
1491 1484 1548 1537 δέ
1574 1484 1798 1553 ἔσχατον
1824 1482 2035 1535 τέθεικε

460 1575 569 1627 τῶν
603 1573 1105 1645 πλημμελημάτων,
1137 1572 1204 1625 ἶν’
1229 1573 1374 1643 εἰδῇς
1410 1572 1493 1624 ὅτι
1525 1573 1553 1624 6
1586 1573 1678 1624 ἐπὶ
1703 1569 1781 1641 τῷ
1814 1568 2037 1637 τοιούτῳ

464 1662 793 1734 συγγνώμην
825 1664 925 1716 οὑκ
949 1662 1108 1732 έχων,
1137 1660 1320 1730 πολλῷ
1348 1659 1547 1731 μᾶλλον
1586 1662 1669 1728 ἐφ’
1703 1658 1889 1730 ἐτέρου
1936 1659 2037 1711 οὐκ

463 1750 828 1805 ἀπολαύσεται
857 1748 1059 1818 ταύτης
1080 1748 1179 1816 τῆς
1208 1747 1581 1816 παραμυθίας.
1615 1747 1881 1800 ’Ἄκουσον
1907 1744 2037 1812 γοῦν

464 1839 559 1890 καὶ
586 1836 711 1906 ἐξῆς
732 1836 783 1888 τί
807 1851 966 1904 φησι’
993 1835 1101 1887 Καὶ
1128 1835 1278 1903 μετὰ
1294 1832 1524 1903 μοιχῶν
1549 1833 1664 1901 τὴν
1681 1832 1891 1902 μερίδα
1920 1848 2037 1885 σου

463 1925 704 1989 ἐτίθεις·
731 1923 823 1975 ἐπὶ
851 1922 913 1974 τὸ
942 1921 1123 1990 μεῖζον
1152 1921 1340 1973 ἐλθὼν.
1371 1918 1555 1989 Πολλῷ
1586 1920 1695 1990 γὰρ
1718 1920 1892 1972 ἐκεῖνο
1913 1918 2037 1971 τού-

463 2027 558 2062 του
583 2008 823 2061 ἐλαττον.
851 2008 959 2061 Καί
989 2024 1071 2069 τις
1104 2006 1212 2059 τῶν
1239 2005 1648 2077 ἁμαρτημάτων
1672 2004 1876 2059 τούτων
1908 2004 2039 2073 σύγ-

466 2112 648 2168 κρισιν
677 2095 996 2165 ποιούμενος
1025 2093 1195 2157 οὕτως
1223 2093 1426 2161 ἔλεγεν·
1459 2095 1540 2146 Οὐ
1561 2090 1906 2161 θαυμαστὸν
1931 2091 2041 2145 ἐὰν

465 2180 594 2247 ἁλῷ
611 2199 699 2248 τις
718 2180 1008 2235 κλέπτων·
1034 2181 1273 2234 κλέπτει
1300 2180 1409 2250 γὰρ
1428 2180 1527 2233 ἵνα
1552 2178 1668 2248 τὴν
1695 2178 1909 2247 ψυχὴν
1930 2181 2038 2233 αὐ-

466 2269 572 2322 τοῦ
590 2266 875 2337 ἐμπλήσῃ
910 2265 1234 2321 πεινῶσαν.
1264 2268 1327 2320 Εἰ
1355 2267 1535 2320 τοίνυν
1565 2265 1722 2319 τοῦτο
1753 2265 2039 2335 ἀσύγγνω-

468 2372 612 2419 στον,
653 2355 832 2425 πολλῷ
883 2355 1081 2426 μᾶλλον
1118 2354 1353 2426 μοιχεία.
1397 2354 1661 2408 Ἐνταῦθα
1695 2354 1754 2407 δὲ
1796 2356 2040 2425 μοιχείαν

464 2445 565 2512 τὴν
608 2443 864 2513 πορνείαν
907 2442 1089 2512 φησίν.
1131 2444 1229 2495 Ἂν
1262 2442 1443 2495 τοίνυν
1473 2442 1588 2513 ῖδῃς
1619 2441 1743 2494 τινὰ
1763 2442 1872 2494 τῶν
1905 2441 2041 2512 μετά

469 2530 565 2583 σοῦ
590 2528 1001 2598 ἀγελαζομένων
1031 2527 1382 2600 πορνεύονται,
1412 2527 1503 2581 καὶ
1528 2529 1843 2599 μυστηρίοις
1872 2545 2042 2599 προσ-

466 2616 781 2688 ερχόμενον,
822 2615 942 2669 εἰπὲ
973 2614 1049 2687 τῷ
1076 2615 1473 2685 διακονουμένῳ
1514 2617 1583 2685 τῇ
1618 2618 1821 2668 τούτων
1849 2615 2043 2668 ίδιανο-

470 2706 545 2775 μῇ
570 2714 593 2743 ο
614 2721 627 2735 ·
659 2702 716 2757 ⁸ο
744 2701 889 2755 δεῖνα
922 2701 1140 2767 ἀνάξιος
1168 2701 1276 2756 τῶν
1312 2701 1643 2774 μυστηρίων,
1676 2700 1918 2755 κώλυσον
1943 2701 2042 2765 τὰς

466 2790 725 2863 βεϐήλους
768 2793 975 2862 χεῖρας.
1012 2791 1075 2842 Εἰ
1096 2788 1203 2860 7&9
1238 2790 1372 2860 μηδέ
1401 2788 1703 2859 διηγεῖσθαι
1728 2788 1797 2842 τὰ
1819 2788 2041 2843 δικαιώ-

470 2897 615 2950 ματα
637 2878 804 2943 ἄξιος,
831 2877 1105 2947 ἐννόησον,
1127 2872 1182 2929 οἷ
1201 2876 1532 2946 προϐήσεται
1559 2877 1628 2929 τὰ
1651 2877 1748 2945 τῆς
1770 2877 2042 2940 κολάσεως

465 2970 635 3040 αὐτῷ,
682 2970 809 3023 ὅταν
857 2968 951 3021 καὶ
1001 2966 1102 3034 τῆς
1147 2967 1298 3036 ἱεράς
1333 2966 1570 3038 ἆπτηται
1601 2966 1898 3035 τραπέζης,
1941 2968 2043 3022 οὐκ

466 3056 615 3128 αὐτῷ
641 3057 696 3110 δὲ
722 3057 901 3127 μόνον,
941 3053 1077 3110 ἀλλὰ
1104 3057 1198 3108 καὶ
1217 3052 1293 3124 τῷ
1325 3054 1690 3118 συσκιάζοντι.
1726 3055 1800 3107 υύ
1826 3055 1934 3129 7&9
1964 3051 2044 3109 εἷ-

468 3164 563 3211 πε,
603 3148 711 3201 Καὶ
734 3147 1034 3219 ἐμοίχευες,
1068 3143 1222 3210 ἀλλὰ,
1250 3143 1411 3198 Μετὰ
1434 3141 1663 3214 μοιχῶν
1686 3143 1801 3211 τὴν
1831 3145 2044 3214 μερίδα

469 3238 623 3311 ἷῖὄη
651 3253 767 3293 σου
795 3239 1026 3304 ἐτίθεις.
1069 3235 1264 3298 Βαϐαῖ,
1296 3234 1481 3306 ἡλίκον
1502 3235 1619 3288 ἐστὶ
1646 3236 1813 3290 κακὸν
1850 3239 1915 3291 ἐκ
1945 3239 2041 3293 τοῦ

467 3329 837 3403 περιστέλλειν
863 3329 971 3381 τῶν
1002 3328 1175 3383 ἄλλων
1208 3325 1304 3389 τὰς
1340 3324 1654 3395 σηπεδόνας,
1687 3326 1820 3379 ὅπου
1858 3343 1921 3395 γε
1951 3329 2044 3382 καὶ

471 3421 724 3475 κοινωνὸν
752 3420 913 3474 αὐτόν
942 3435 1105 3488 φησιν
1128 3416 1265 3470 εἶναι
1284 3416 1380 3485 τῆς
1401 3417 1493 3469 ἐπὶ
1510 3415 1589 3487 τῷ
1614 3415 2043 3488 πλημμελήματι

468 3510 758 3580 τιμωρίας,
788 3508 880 3560 καὶ
899 3508 998 3560 οὐκ
1025 3506 1240 3559 ἔλαττον
1265 3504 1299 3575 ἡ
1326 3507 1549 3568 ἐκεῖνος.
1592 3504 1653 3560 '0
1681 3506 1779 3576 μὲν
1801 3506 1909 3577 γὰρ
1932 3507 2043 3579 ἔχει

471 3597 531 3649 τὸ
565 3596 735 3659 πάθος
777 3596 973 3660 εἰπεῖν,
1021 3596 1071 3646 εἰ
1114 3593 1209 3646 καὶ
1248 3592 1635 3661 ἀσύγγνωστος
1678 3597 1712 3665 ἡ
1749 3596 2041 3666 πρόφασις,

471 3682 613 3736 καθᾶ
640 3683 668 3734 6
698 3681 933 3753 κλέπτης
972 3680 1063 3734 τὸν
1093 3679 1269 3750 λιμόν·
1308 3681 1372 3733 σὺ
1418 3680 1475 3734 δὲ
1517 3681 1637 3735 οὐδὲ
1666 3683 1840 3735 τοῦτο.
1888 3684 2044 3747 Τίνος

458 3766 563 3823 ιοῦν
595 3770 802 3833 ἕνεκεν,
827 3770 924 3840 τῆς
948 3764 1141 3840 ἡδονῆς
1169 3767 1267 3820 οὐκ
1293 3766 1601 3833 ἀπολαύων,
1640 3768 1741 3838 τῆς
1771 3768 2043 3834 κολάσεως

471 3865 744 3926 κοινωνεῖς
796 3863 889 3915 καὶ
947 3860 1209 3931 μεριστής
1249 3858 1402 3930 γίνη;
1454 3857 1554 3911 Διὰ
1586 3858 1835 3931 δήτοῦτο
1862 3862 1955 3914 καὶ
1994 3863 2043 3914 οί

471 3949 669 4014 ἔξωθεν
704 3948 951 4001 δικασταὶ
981 3949 1100 4018 οὐχὶ
1122 3948 1248 4010 τοὺς
1275 3947 1654 4018 τολμήσαντας
1694 3950 1874 4019 μόνον,
1908 3951 2045 4005 ἀλλά

474 4045 566 4095 καὶ
604 4042 710 4095 τῶν
739 4040 966 4095 οἰκετῶν
1002 4040 1069 4094 ἂν
1106 4040 1256 4092 ἴδωσι
1290 4041 1597 4104 συνειδότας
1635 4042 1714 4113 τῷ
1760 4046 2043 4116 πράγματι

475 4132 778 4197 κολάζουσι,
801 4132 894 4186 καὶ
924 4132 973 4185 οί
1001 4130 1383 4204 παραδιδόντες
1409 4131 1665 4186 δεσπόται
1694 4133 1863 4203 ἡδέως
1889 4135 1955 4189 ἂν
1984 4136 2045 4189 τὸ

473 4218 611 4295 αἷμα
638 4223 815 4277 αὐτῶν
843 4221 1105 4285 ἐκπίοιεν,
1131 4222 1224 4278 καὶ
1247 4222 1354 4276 τῶν
1386 4222 1604 4293 σαρκῶν
1628 4223 2040 4293 ἀπογεύσαιντο,

476 4315 571 4367 καὶ
600 4315 780 4378 αὐτοῖς
809 4311 1109 4382 λογίζονται
1142 4313 1240 4385 τήν
1275 4312 1524 4379 ἐξουσίαν
1549 4312 1639 4366 τοῦ
1676 4315 2041 4385 γεγενημένου

475 4404 574 4457 οὐκ
604 4404 843 4467 ἔλαττον,
876 4404 909 4473 ἡ
946 4405 1010 4474 τῇ
1042 4404 1410 4478 μοιχευθείσῃ.
1441 4405 1506 4457 Οἱ
1541 4404 1649 4475 7&9
1693 4405 1763 4457 τὰ
1792 4424 2042 4477 παραπε-

473 4495 725 4563 τάσματα
769 4495 843 4564 μή
878 4493 1311 4558 ἀναστείλαντες,
1358 4495 1509 4547 αὐτοὶ
1558 4495 1779 4550 πλείονα
1821 4496 1919 4561 τὴν
1953 4499 2042 4564 ἐξ·

475 4587 659 4639 ουσίαν
691 4587 801 4647 τοῖς
842 4584 1236 4653 κρυπτομένοις
1280 4583 1593 4637 δεδώκασινο
1634 4581 1777 4641 οὗτοι
1817 4590 1911 4643 καὶ
1945 4588 2043 4661 τήν

476 4675 854 4748 μοιχευθεῖσαν
899 4674 994 4728 καὶ
1034 4674 1125 4727 τὸν
1145 4674 1471 4745 ἠδικημένον
1500 4676 1727 4749 ὕϐρισαν
1752 4678 1918 4751 ἄνδρα
1949 4681 2043 4735 καὶ

472 4769 634 4823 αὐτὸν
660 4767 751 4821 τὸν
782 4765 1165 4838 μοιχεύσαντα.
1201 4766 1263 4820 Et
1303 4765 1411 4837 7&9
1452 4771 1947 4840 προκατήγγειλαν,
1992 4775 2042 4827 εἰ

471 4863 580 4935 γὰρ
602 4862 760 4935 δῆλον
786 4862 1073 4933 ἐποίησαν,
1104 4862 1284 4916 πᾶσαν
1317 4862 1384 4916 ἂν
1413 4863 1511 4934 τὴν
1548 4866 1724 4937 ἄγραν
1753 4868 2040 4939 ἐσόϐησαν.

473 4957 582 5011 Καὶ
620 4955 873 5025 καθάπερ
906 4955 1103 5007 ἐκεῖνοι
1142 4953 1378 5023 μάλιστά
1414 4957 1553 5010 εἰσιν
1599 4960 1648 5010 οί
1685 4958 2042 5028 ἐμϐάλλοντες

464 5052 550 5114 εἰς
583 5049 683 5114 τὰς
724 5047 927 5115 πάγας,
979 5047 1028 5099 οἱ
1075 5044 1173 5109 τάς
1214 5045 1397 5115 πάγας
1452 5048 1908 5119 περιστέλλοντες,
1948 5050 2043 5105 καὶ

466 5140 900 5213 περικαθήμενοι
922 5140 1031 5202 τοῖς
1053 5138 1336 5208 μέλλουσιν
1356 5139 1696 5204 ἁλίσκεσθαι,
1728 5140 1821 5194 καὶ
1842 5140 2041 5195 πάντο·

469 5232 561 5311 θεν
589 5233 805 5287 ἅπαντα
832 5229 1162 5300 κρύπτοντες
1189 5230 1360 5294 δόλον,
1386 5230 1482 5285 καὶ
1518 5232 1655 5301 μήτε
1682 5230 1876 5300 ψόφον,
1902 5233 2041 5303 μήτε

469 5323 597 5377 ἀλλο
631 5340 684 5376 τι
713 5322 1119 5393 συγχωροῦντες
1156 5321 1411 5390 γενέσθαι
1444 5322 1503 5374 τὸ
1542 5321 1839 5393 δυνάμενον
1882 5324 2043 5394 σοϐἦ-

529 5499 558 5563 f
587 5495 672 5563 §ic
691 5509 806 5546 mss.
828 5502 883 5545 et
903 5497 1076 5563 Βοιαὶ,
1093 5499 1249 5563 tecte.
1274 5494 1448 5563 novel.
1462 5496 1670 5563 feLReg,
1695 5500 1959 5563 ὑπεξέλθῃς.

534 5560 561 5597 b
584 5560 740 5619 Deest
777 5572 984 5619 παρασκ.
1010 5556 1069 5605 ἱη
1091 5558 1237 5618 Beg.,
1277 5556 1395 5619 Mor.
1423 5562 1477 5607 et
1510 5556 1674 5609 Monil'.
1709 5562 1837 5611 Illud
1873 5556 2039 5613 εἰιιθπι

468 5618 752 5681 suppletum
770 5618 856 5681 pst
872 5631 902 5665 e
922 5619 1057 5667 Colh.
1093 5627 1148 5681 οι
1168 5620 1317 5668 Savil.
1343 5618 1479 5669 Εοιτ.

536 5679 725 5749 ους,υέ
768 5679 993 5749 [pg-:93?
1030 5679 1639 5749 rqgmv_6w_w09ﬁv._l_nfra
1665 5684 1711 5731 οί
1749 5686 2038 5749 προϐήσεται

470 5756 586 5792 mss.
609 5746 661 5791 el
682 5740 832 5790 Saril.
847 5775 861 5800 ,
887 5747 1040 5789 recte.
1072 5740 1242 5789 Morel.
1273 5740 1698 5806 οίονπροϐἠσεται.

1134 332 1191 387 S.
1230 329 1515 389 JOANNIS
1551 326 2041 386 CHRYSOSTOMI
2083 328 2401 386 ARCIIIEP.
2442 329 2986 388 CONSTANTINOP.

3614 314 3718 372 254

2143 459 2231 494 σαι
2260 442 2359 513 τὴν
2380 441 2571 514 θήραν·
2594 442 2735 495 οὔτω
2754 442 2817 513 δή
2843 443 2937 496 καὶ
2965 439 3218 497 ἐνταῦθα.
3240 438 3305 493 ἂν
3335 436 3711 509 παρακαθίσῃς

2139 531 2204 600 τῇ
2228 529 2455 601 κειμένῃ
2486 530 2636 600 παρά
2661 531 2755 582 του
2782 529 3026 583 διαϐόλου
3058 527 3263 596 παγίδι,
3297 527 3389 579 καὶ
3412 524 3565 589 εἰδὼς
3594 524 3711 595 μέλ-

2139 616 2296 670 λοντα
2345 618 2639 686 ἐμπίπτειν
2686 616 2777 670 τὸν
2830 616 3016 687 μοιχὸν
3069 614 3145 685 μὴ
3198 612 3521 684 θορυϐήσῃς,
3577 610 3711 681 μηδὲ

2140 705 2402 775 πτοήσῃς.
2425 704 2547 757 τότε
2587 702 2823 774 μάλιστα
2846 702 3009 755 αὑτὸν
3032 700 3273 762 ἀπολεῖς.

2207 790 2301 860 Μή
2325 789 2433 857 γάρ
2473 806 2563 859 μοι
2597 792 2775 843 ἐκεῖνο
2802 789 2864 842 τὸ
2901 788 3054 858 ῥῆμα
3082 787 3208 855 λέγε
3231 784 3290 839 τὸ
3324 782 3525 854 πολλῆς
3545 783 3713 854 γέμον

2139 877 2491 947 ἀναλγησίας·
2523 876 2587 929 Τί
2622 877 2680 931 δέ
2719 894 2809 947 μοι
2843 876 3030 946 μέλει;
3067 874 3135 928 τὰ
3174 872 3409 944 ἐμαυτοῦ
3443 869 3709 943 μεριμνῶ·

2138 966 2260 1018 τότε
2296 963 2407 1034 7&9
2444 963 2678 1034 μάλιστα
2730 966 3087 1034 μεριμνήσεις
3131 960 3201 1015 τὰ
3250 958 3338 1015 σὰ.
3378 959 3505 1012 ὃταν
3543 961 3610 1012 τὰ
3648 958 3715 1013 σὰ

2140 1049 2308 1121 ζητῇς
2338 1054 2396 1105 ἐν
2426 1050 2505 1120 τῷ
2532 1048 2628 1103 τοῦ
2658 1048 2882 1120 πλησίον
2913 1047 3260 1118 συμφέροντι.
3286 1045 3377 1098 Διὸ
3400 1047 3493 1099 καὶ
3519 1047 3546 1098 6
3580 1046 3716 1099 Παῦ-

2138 1138 2229 1203 λος
2258 1139 2428 1208 ἐλεγε·
2461 1138 2685 1206 Μηδεὶς
2715 1137 2781 1191 τὸ
2802 1136 3018 1191 ἑαυτοῦ
3045 1135 3300 1203 ζητείτω,
3331 1135 3492 1189 ἀλλὰ
3521 1135 3583 1188 τό
3611 1127 3715 1190 τοῦ

2140 1230 2365 1299 ἐτέρου.
2402 1230 2538 1294 Ἵνα,
2573 1231 2759 1300 φησὶν,
2792 1228 2959 1300 εὕρῃς
2988 1227 3049 1281 τδ
3076 1226 3297 1291 σαυτοῦ,
3329 1224 3478 1297 ζήτει
3519 1227 3580 1280 τὸ
3623 1224 3714 1280 τοῦ

2140 1318 2349 1389 ἐτέρου.
2389 1319 2459 1372 Τὸ
2495 1319 2688 1387 στόμα
2717 1332 2834 1371 σου
2874 1316 3211 1369 ἐπλεόνασε
3258 1316 3496 1375 κακίαν,
3545 1314 3645 1368 καί
3675 1322 3715 1381 η

2142 1404 2392 1473 γλῶσσά
2419 1420 2535 1459 σου
2572 1404 2922 1472 περιέπλεκε
2963 1402 3333 1469 δολιότητας.
3374 1400 3717 1470 Καθήμενος

2142 1496 2290 1550 κατὰ
2313 1496 2419 1549 τοῦ
2440 1495 2708 1564 ἀδελφοῦ
2745 1510 2861 1549 σου
2894 1492 3264 1558 κατελάλεις,
3299 1492 3397 1546 καί
3426 1491 3576 1545 κατὰ
3611 1489 3717 1545 τοῦ

2141 1585 2276 1640 υίοῦ
2308 1585 2417 1653 τῆς
2433 1586 2658 1656 μητρός
2686 1600 2804 1638 σου
2824 1584 3035 1648 ἐτίθεις
3071 1581 3439 1635 σκάνδαλον.
3470 1580 3587 1634 ἰνα
3609 1579 3716 1653 γὰρ

2147 1676 2221 1748 μὴ
2256 1676 2391 1748 λέγῃ
2418 1693 2433 1709 ⁸
2473 1676 2605 1729 Ἀπὸ
2632 1674 3040 1747 φιλανθρωπίας
3086 1671 3259 1727 ταῦτα
3285 1670 3423 1725 ποιῶ
3443 1685 3457 1699 ⁸
3490 1670 3715 1742 μάλιστα

2146 1770 2267 1838 μὲν,
2305 1770 2431 1823 ποία
2472 1768 2539 1822 ἂν
2570 1768 2657 1839 εἴη
2696 1768 2852 1822 τοῦτο
2882 1765 3292 1837 φιλανθρωπία,
3321 1764 3414 1818 τὸν
3460 1763 3715 1835 μέλλοντα

2144 1862 2223 1923 είς
2251 1859 2524 1931 βάραθρον
2560 1858 2855 1930 ἐμπίπτειν
2894 1856 2968 1927 μὴ
3005 1854 3255 1919 κωλύειν,
3295 1854 3428 1926 μηδέ
3457 1852 3719 1907 ἀναστέλ-

2144 1947 2287 2012 λειν;
2318 1948 2379 2001 τὸ
2410 1946 2730 2018 χαρίζεσθαι
2751 1944 2910 2016 ἡδονῇ
2940 1945 3143 2013 ἀδίκῳ;
3174 1942 3234 1995 τὸ
3274 1942 3530 2012 περιορᾷν
3556 1939 3719 2011 δηληο

2142 2036 2331 2104 τήριον
2364 2034 2654 2105 φάρμακον
2684 2032 2905 2084 πίνοντα
2930 2047 2945 2096 ;
2972 2028 3116 2099 Πλὴν
3144 2027 3257 2081 ἀλλ’
3290 2026 3412 2080 οὐδὲ
3438 2025 3596 2078 τοῦτο
3631 2024 3720 2077 δυ-

2145 2125 2285 2198 νήσῃ
2311 2123 2508 2192 λέγειν.
2545 2124 2667 2177 Ὅτι
2705 2123 2814 2195 7&9
2844 2122 2906 2176 οῦ
2947 2121 3355 2195 φιλανθρωπίας
3388 2120 3568 2180 τοῦτο,
3607 2118 3720 2172 ἀλλ’

2147 2213 2315 2265 ῦπνου
2351 2214 2444 2265 καὶ
2471 2210 2697 2274 νωθείας
2723 2211 2816 2264 καὶ
2845 2209 3137 2281 ῥᾳθυμίας,
3169 2208 3284 2273 πῶς
3309 2209 3400 2261 τὸν
3434 2206 3719 2261 ἀδικοῦντα

2145 2302 2304 2369 ἀφεὶς
2343 2299 2435 2352 τὸν
2473 2298 2625 2352 οὐδὲν
2668 2298 2964 2368 ἠδικηκότα
3011 2296 3239 2365 ἀδελφὸν
3278 2294 3465 2359 κακῶς
3501 2294 3717 2361 λέγειςς

2142 2389 2265 2452 πῶς
2294 2388 2657 2451 ἐπιϐουλεύεις
2680 2386 2757 2457 τῷ
2787 2386 2952 2458 μηδὲν
2976 2385 3278 2454 ἠδικηκότι,
3311 2384 3446 2455 μηδὲ
3475 2384 3721 2454 πεπλημ-

2149 2478 2436 2549 μεληκότις
2464 2478 2605 2548 Ὅρα
2631 2475 2830 2530 κακίαν
2872 2476 3212 2546 ἑκατέρωθεν
3237 2477 3317 2538 είς
3349 2476 3520 2544 ἀκρον
3542 2475 3720 2526 ἐκτει-

2146 2566 2397 2636 νομένην.
2431 2564 2536 2618 Τὸν
2584 2564 2680 2633 μὲν
2715 2562 2822 2615 ὑπὸ
2861 2562 2961 2630 τῆς
3005 2560 3300 2631 ἐπιθυμίας
3349 2558 3615 2629 μεθύοντα
3658 2558 3720 2610 ού

2144 2651 2378 2715 κωλύεις
2399 2651 2636 2722 μεθύειν,
2673 2650 2815 2704 ὥστε
2836 2647 3203 2719 σωφρονῆσαι,
3224 2646 3315 2700 τὸν
3346 2645 3403 2698 δὲ
3438 2645 3586 2698 οὐδὲν
3608 2644 3722 2713 ἠδι-

2149 2742 2353 2813 κηκότα
2389 2740 2656 2806 κολάζεις.
2697 2737 3042 2807 Καθήμενος
3080 2735 3189 2806 γὰρ
3229 2734 3382 2789 κατὰ
3412 2733 3517 2788 τοῦ
3545 2732 3721 2787 ἀδελ-

2147 2833 2265 2902 φοῦ
2289 2847 2408 2887 σου
2438 2831 2809 2899 κατελάλεις,
2839 2829 2941 2884 καὶ
2973 2829 3123 2882 κατὰ
3161 2826 3273 2882 τοῦ
3294 2826 3427 2882 υίοῦ
3464 2823 3579 2901 τῆς.
3608 2840 3721 2894 μη-

2147 2922 2285 2989 τρός
2314 2935 2431 2974 σου
2455 2920 2668 2985 ἐτίθεις
2691 2917 3064 2973 σκάνδαλον.

2135 3032 2142 3040 ·
2217 3010 2282 3064 θ’.
2307 3008 2458 3082 1258]
2488 3011 2627 3082 Ὅρα
2657 3009 2776 3073 πῶς
2801 3012 2869 3079 τῇ
2908 3006 3239 3078 ἐπεξηγήσει
3262 3003 3360 3075 τὴν
3384 3002 3716 3074 κατηγορίαν

2146 3098 2322 3164 αὔξει.
2350 3097 2454 3151 Τὸν
2478 3098 2577 3161 τὰς
2600 3096 2768 3161 αὐτὰς
2789 3096 3030 3150 λύσαντά
3048 3112 3152 3157 σοι,
3176 3095 3360 3165 φησὶν,
3381 3091 3595 3156 ὠδῖνας,
3625 3091 3715 3144 τὸν

2146 3186 2243 3256 τῆς
2272 3184 2443 3254 αὐτῆς
2472 3201 2554 3237 σοι
2584 3184 3015 3254 κεκοινωνηκότα
3042 3182 3256 3253 νηδύος,
3292 3179 3383 3233 τὸν
3417 3180 3593 3243 οἰκίας
3624 3178 3716 3232 καὶ

2147 3275 2423 3346 τραπέζης
2447 3275 2541 3328 καὶ
2563 3274 2766 3347 τροφῆς
2797 3274 3133 3345 μετασχόντα
3159 3274 3259 3344 τῆς
3284 3273 3471 3342 αὐτῆς,
3494 3272 3585 3325 τὸν
3612 3269 3720 3326 ἀπὸ

2150 3366 2280 3434 μιᾶς
2314 3364 2688 3435 βλαστήσαντα
2732 3364 2909 3435 ῥίζης,
2936 3365 3028 3417 τὸν
3060 3365 3159 3434 τὴν
3197 3364 3369 3436 αὐτὴν
3394 3363 3587 3434 έχοντα
3621 3362 3720 3431 τῆς

2147 3455 2413 3523 γενέσεως
2434 3455 2631 3527 ἀρχὴν,
2655 3455 2748 3510 τὸν
2769 3457 2836 3510 ἐκ
2857 3455 3080 3529 πρώτης
3104 3456 3318 3526 ἡλικίας
3345 3454 3719 3509 συναναϐάντα

2151 3565 2255 3610 σοι,
2282 3547 2469 3601 τοῦτον
2494 3546 2680 3611 κακῶς
2715 3546 2913 3617 λέγεις,
2945 3550 3040 3601 καὶ
3072 3548 3138 3601 ού
3184 3547 3365 3610 κακῶς
3402 3547 3581 3615 λέγεις
3621 3545 3718 3616 μόο

2148 3657 2257 3700 νον,
2279 3638 2415 3693 ἀλλὰ
2432 3639 2525 3693 καὶ
2547 3641 2626 3702 είς
2654 3638 2813 3708 ἔργον
2834 3639 2935 3710 τήν
2961 3638 3251 3709 ἐπιϐουλὴν
3272 3638 3522 3707 ἐξάγειςς
3552 3637 3720 3691 Τοῦτο

2146 3729 2258 3800 γάρ
2284 3731 2449 3793 ἐστιν,
2485 3730 2732 3797 Ἐτίθεις
2773 3730 3143 3785 σκάνδαλον.
3179 3731 3243 3784 Et
3264 3730 3323 3783 δὲ
3350 3730 3444 3784 τὸν
3472 3728 3717 3800 φυσικῶν

2149 3823 2547 3895 κοινωνήσαντα
2589 3822 2796 3877 ὠδίνων
2844 3823 2905 3875 ού
2958 3822 3040 3875 δεῖ
3080 3822 3257 3890 λέγειν
3301 3823 3506 3887 κακῶς,
3542 3820 3718 3892 πολλῷ

2148 3914 2350 3986 μᾶλλον
2372 3914 2462 3969 τὸν
2487 3914 2891 3985 πνευματικῶν.
2915 3914 3006 3984 Μὴ
3027 3916 3201 3968 τοίνυν
3228 3915 3364 3986 μήτε
3387 3913 3480 3967 τὸν
3503 3913 3719 3985 μέλλον-

2148 4025 2216 4061 τα
2246 4009 2510 4078 ἁμαρτεῖν
2552 4006 2615 4060 ἔα
2653 4007 3035 4069 καταπίπτειν,
3064 4009 3199 4076 μήτε
3231 4008 3321 4060 τὸν
3350 4006 3501 4076 οὐδὲν
3524 4007 3715 4076 ἠδικη-

2151 4099 2281 4151 κότα
2322 4098 2571 4152 διάϐαλλε
2605 4100 2701 4152 καὶ
2740 4097 2986 4168 λοιδόρει.
3014 4097 3092 4150 Τὸ
3122 4097 3222 4168 μὲν
3263 4097 3370 4168 7&9
3402 4096 3617 4167 φθόνου,
3656 4099 3717 4149 τὸ

2133 4190 2205 4248 .δέ
2233 4190 2585 4263 ἀναλγησίας·
2613 4189 2674 4243 τδ
2694 4188 2802 4262 7&9
2831 4190 2905 4260 μὴ
2938 4188 3305 4259 ἀναχαιτίζειν
3337 4190 3428 4243 τὸν
3459 4188 3717 4259 μέλλοντα

2150 4280 2389 4346 πίπτειν,
2414 4279 2745 4351 ἀναλγησίας
2761 4295 2777 4311 ⁸
2807 4280 2998 4349 φθόνου
3020 4280 3096 4343 δὲ,
3119 4280 3181 4334 τὸ
3203 4281 3297 4336 τὸν
3325 4282 3533 4336 ἑστῶτα
3552 4299 3711 4336 κατα-

2151 4373 2386 4426 ϐάλλειν.
2415 4373 2524 4426 Καὶ
2549 4373 2650 4444 ὅρα
2674 4373 2791 4438 πῶς
2822 4374 2920 4444 ούχ
2955 4372 3140 4437 ἁπλῶς
3169 4374 3261 4428 τὸν
3304 4376 3607 4446 κατήγορον
3633 4377 3715 4429 αί-

2149 4466 2399 4528 νίττεται,
2428 4462 2565 4516 ἀλλά
2596 4465 2687 4517 τὸν
2720 4463 2859 4533 μετά
2890 4464 3042 4518 δόλου
3079 4463 3177 4519 καὶ
3209 4465 3443 4535 σπουδῆς
3469 4465 3530 4519 τὸ
3557 4466 3715 4537 ἔργον

2149 4549 2304 4603 τοῦτο
2329 4550 2669 4622 ποιούμενον.
2702 4551 3045 4623 Καθήμενος
3082 4554 3209 4626 γὰρ,
3230 4554 3399 4625 φησὶ,
3433 4560 3584 4609 κατὰ
3610 4555 3717 4610 τοῦ

2147 4641 2410 4710 ἀδελφοῦ
2433 4656 2551 4697 σου
2579 4641 2949 4709 κατελάλεις.
2974 4645 3084 4697 Καὶ
3108 4647 3137 4698 6
3166 4644 3267 4714 μὲν
3292 4645 3432 4700 Κάῖν
3456 4646 3548 4699 τὸν
3574 4645 3719 4700 ἀδελ-

2148 4733 2247 4802 φὸν
2271 4731 2492 4796 ἀνελὼν,
2522 4732 2618 4786 Eva.
2648 4732 2809 4804 μόνον
2830 4733 2928 4805 τῆς
2957 4734 3234 4807 παρούσης
3257 4736 3403 4807 ζωῆς
3432 4736 3713 4807 ἐξὴλασεψ

2146 4818 2291 4878 οὗτοι
2318 4823 2379 4877 δὲ
2414 4824 2657 4895 μυρίους,
2682 4824 2751 4878 δι’
2782 4823 2858 4878 ὧν
2885 4825 3070 4890 κακῶς
3094 4825 3333 4895 λέγουσι,
3348 4828 3717 4884 καταϐάλλω-

2149 4931 2223 4978 σι,
2256 4915 2352 4969 καὶ
2380 4917 2605 4979 ἑαυτοὺς
2632 4914 2901 4987 πρώτους.
2929 4918 3002 4970 Οὑ
3035 4917 3144 4991 γὰρ
3183 4918 3277 4972 τὸν
3312 4920 3718 4992 κατηγορούμε-

2147 5023 2237 5060 νον
2270 5008 2449 5076 μόνον,
2496 5006 2632 5059 ἀλλὰ
2663 5006 2756 5060 καὶ
2801 5007 3022 5077 ἐτέρους
3063 5004 3378 5078 βλάπτουσιο
3412 5010 3613 5079 μᾶλλον
3659 5010 3718 5063 δέ

2149 5098 2386 5161 ἐκείνους
2420 5098 2583 5168 μόνον
2607 5098 2733 5160 τοὺς
2757 5098 3251 5170 παραδεχομένους.
3301 5101 3360 5155 Ὀ
3389 5102 3500 5173 γὰρ
3532 5101 3718 5166 κακῶς

2144 5188 2358 5242 ἀκούων
2378 5189 2607 5260 ψευδῶς,
2628 5192 2690 5243 οὐ
2716 5192 2877 5262 μόνον
2903 5192 3004 5245 οὐκ
3027 5192 3301 5264 ἠδίκηται,
3331 5192 3469 5245 ἀλλά
3496 5193 3593 5247 καὶ
3624 5211 3716 5263 μι-

2148 5279 2273 5334 σθὸν
2317 5281 2430 5352 ἔχει
2456 5283 2738 5351 μέγιστον.
2771 5283 2849 5336 Οὐ
2881 5284 2991 5354 7&9
3025 5285 3056 5337 ὁ
3092 5283 3337 5354 πάσχων,
3371 5284 3487 5337 ἀλλ’
3509 5285 3541 5338 6
3575 5284 3719 5356 δρῶν

2122 5372 2352 5437 κακῶς,
2382 5366 2540 5437 οὗτός
2567 5376 2715 5428 ἐστιν
2740 5376 2768 5428 6
2791 5375 2888 5446 τῆς
2908 5376 3174 5447 τιμωρίας
3198 5375 3366 5440 ἄξιος·
3392 5375 3536 5430 οὕτω
3569 5378 3663 5432 καὶ
3688 5378 3718 5427 ό

2146 5464 2339 5534 λέγων,
2369 5466 2489 5536 οὐχὶ
2517 5467 2546 5518 6
2572 5465 2805 5531 ἀκούων,
2843 5468 3002 5537 μόνον
3044 5467 3112 5522 ἂν
3145 5469 3219 5539 μή
3249 5468 3508 5542 παράσχῃ
3548 5468 3716 5533 λαϐὰς

2145 5558 2246 5629 τῆς
2290 5557 2629 5629 κακηγορίας
2680 5558 2935 5627 εὐλόγους
2971 5562 3195 5624 ἐκεῖνος.
3224 5560 3315 5631 Μή
3347 5560 3411 5631 δὴ
3443 5557 3537 5613 οὖν
3562 5559 3717 5614 τοῦτο

2153 5646 2555 5718 σπουδάζωμεν,
2597 5648 2736 5704 ὥστε
2768 5649 2846 5719 μὴ
2898 5649 3083 5713 κακῶς
3126 5649 3347 5703 ἀκούειν
3379 5647 3559 5719 (τοῦτο
3606 5649 3715 5719 γὰρ

2149 5740 2448 5811 ἀμήχανον·
2479 5740 2571 5794 καὶ
2596 5740 2867 5811 ἀπόφασίς
2911 5744 3025 5796 ἐστι
3069 5741 3161 5794 τοῦ
3188 5739 3423 5807 Χριστοῦ
3461 5740 3715 5807 λέγουσα,
