  <div class='ocr_page' id='page_1' title='image "/cluster/home/n/w/nwhite01/storage/ocr_20150623/55/mdp.39015028539511/246.png"; bbox 0 0 4086 6268; ppageno 0'>
   <div class='ocr_carea' id='block_1_1' title="bbox 399 287 503 342">
    <p class='ocr_par' dir='ltr' id='par_1_1' title="bbox 399 287 503 342">
     <span class='ocr_line' id='line_1_1' title="bbox 399 287 503 342; baseline 0.019 -2"><span class='ocrx_word' id='word_1_1' title='bbox 399 287 503 342; x_wconf 72' lang='grc'><strong>255</strong></span> 
     </span>
    </p>
   </div>
   <div class='ocr_carea' id='block_1_2' title="bbox 401 400 1974 475">
    <p class='ocr_par' dir='ltr' id='par_1_2' title="bbox 401 400 1974 475">
     <span class='ocr_line' id='line_1_2' title="bbox 401 400 1974 475; baseline -0.01 -11"><span class='ocrx_word' id='word_1_2' title='bbox 401 411 736 472; x_wconf 79' lang='lat' dir='ltr'><strong>violatarum,</strong></span> <span class='ocrx_word' id='word_1_3' title='bbox 759 405 852 462; x_wconf 88' lang='lat' dir='ltr'><strong>sed</strong></span> <span class='ocrx_word' id='word_1_4' title='bbox 881 421 940 461; x_wconf 91' lang='lat' dir='ltr'><strong>es</strong></span> <span class='ocrx_word' id='word_1_5' title='bbox 967 405 1124 460; x_wconf 86' lang='lat' dir='ltr'><strong>etiam</strong></span> <span class='ocrx_word' id='word_1_6' title='bbox 1150 413 1487 475; x_wconf 86' lang='lat' dir='ltr'><strong>peccatorum</strong></span> <span class='ocrx_word' id='word_1_7' title='bbox 1515 400 1723 454; x_wconf 85' lang='lat' dir='ltr'><strong>Sucius?</strong></span> <span class='ocrx_word' id='word_1_8' title='bbox 1751 406 1803 451; x_wconf 91' lang='lat' dir='ltr'><strong>et</strong></span> <span class='ocrx_word' id='word_1_9' title='bbox 1829 412 1974 468; x_wconf 67' lang='lat' dir='ltr'><strong>quie-</strong></span> 
     </span>
    </p>
   </div>
   <div class='ocr_carea' id='block_1_3' title="bbox 399 491 1977 567">
    <p class='ocr_par' dir='ltr' id='par_1_3' title="bbox 399 491 1977 567">
     <span class='ocr_line' id='line_1_3' title="bbox 399 491 1977 567; baseline -0.01 -13"><span class='ocrx_word' id='word_1_10' title='bbox 399 516 518 554; x_wconf 85' lang='lat' dir='ltr'><strong>nam</strong></span> <span class='ocrx_word' id='word_1_11' title='bbox 547 499 642 553; x_wconf 89' lang='lat' dir='ltr'><strong>tibi</strong></span> <span class='ocrx_word' id='word_1_12' title='bbox 666 499 833 567; x_wconf 90' lang='lat' dir='ltr'><strong>possit</strong></span> <span class='ocrx_word' id='word_1_13' title='bbox 857 496 970 551; x_wconf 88' lang='lat' dir='ltr'><strong>dari</strong></span> <span class='ocrx_word' id='word_1_14' title='bbox 993 495 1143 550; x_wconf 89' lang='lat' dir='ltr'><strong>venia</strong></span> <span class='ocrx_word' id='word_1_15' title='bbox 1163 494 1186 546; x_wconf 88' lang='lat'><strong>?</strong></span> <span class='ocrx_word' id='word_1_16' title='bbox 1210 492 1474 560; x_wconf 82' lang='lat' dir='ltr'><strong>Numquid</strong></span> <span class='ocrx_word' id='word_1_17' title='bbox 1501 492 1642 546; x_wconf 91' lang='lat' dir='ltr'><strong>enim</strong></span> <span class='ocrx_word' id='word_1_18' title='bbox 1672 491 1812 544; x_wconf 76' lang='lat' dir='ltr'><strong>Deus</strong></span> <span class='ocrx_word' id='word_1_19' title='bbox 1841 502 1977 557; x_wconf 89' lang='lat' dir='ltr'><strong>opus</strong></span> 
     </span>
    </p>
   </div>
   <div class='ocr_carea' id='block_1_4' title="bbox 395 581 1978 658">
    <p class='ocr_par' dir='ltr' id='par_1_4' title="bbox 395 581 1978 658">
     <span class='ocr_line' id='line_1_4' title="bbox 395 581 1978 658; baseline -0.009 -13"><span class='ocrx_word' id='word_1_20' title='bbox 395 592 556 646; x_wconf 93' lang='lat' dir='ltr'><strong>habet</strong></span> <span class='ocrx_word' id='word_1_21' title='bbox 602 590 798 654; x_wconf 85' lang='lat' dir='ltr'><strong>ultore,</strong></span> <span class='ocrx_word' id='word_1_22' title='bbox 836 586 1090 658; x_wconf 90' lang='lat' dir='ltr'><strong>numquid</strong></span> <span class='ocrx_word' id='word_1_23' title='bbox 1121 587 1185 639; x_wconf 89' lang='lat' dir='ltr'><strong>iis</strong></span> <span class='ocrx_word' id='word_1_24' title='bbox 1227 586 1314 652; x_wconf 89' lang='lat' dir='ltr'><strong>qui</strong></span> <span class='ocrx_word' id='word_1_25' title='bbox 1357 598 1512 652; x_wconf 89' lang='lat' dir='ltr'><strong>opem</strong></span> <span class='ocrx_word' id='word_1_26' title='bbox 1563 583 1732 635; x_wconf 85' lang='lat' dir='ltr'><strong>ferant</strong></span> <span class='ocrx_word' id='word_1_27' title='bbox 1781 581 1978 648; x_wconf 79' lang='lat' dir='ltr'><strong>indiget</strong></span> 
     </span>
    </p>
   </div>
   <div class='ocr_carea' id='block_1_5' title="bbox 395 671 1972 752">
    <p class='ocr_par' dir='ltr' id='par_1_5' title="bbox 395 671 1972 752">
     <span class='ocr_line' id='line_1_5' title="bbox 395 671 1972 752; baseline -0.011 -13"><span class='ocrx_word' id='word_1_28' title='bbox 395 685 543 752; x_wconf 83' lang='lat' dir='ltr'><strong>(Isai.</strong></span> <span class='ocrx_word' id='word_1_29' title='bbox 583 682 675 737; x_wconf 73' lang='grc'><strong>40.</strong></span> <span class='ocrx_word' id='word_1_30' title='bbox 709 681 830 749; x_wconf 73' lang='lat'><strong>15)?</strong></span> <span class='ocrx_word' id='word_1_31' title='bbox 865 679 959 734; x_wconf 89' lang='lat' dir='ltr'><strong>sed</strong></span> <span class='ocrx_word' id='word_1_32' title='bbox 996 679 1106 733; x_wconf 81' lang='lat' dir='ltr'><strong>vult</strong></span> <span class='ocrx_word' id='word_1_33' title='bbox 1131 686 1182 732; x_wconf 91' lang='lat' dir='ltr'><strong>te</strong></span> <span class='ocrx_word' id='word_1_34' title='bbox 1221 676 1376 746; x_wconf 84' lang='lat' dir='ltr'><strong>hujus</strong></span> <span class='ocrx_word' id='word_1_35' title='bbox 1403 675 1478 729; x_wconf 85' lang='lat' dir='ltr'><strong>rei</strong></span> <span class='ocrx_word' id='word_1_36' title='bbox 1509 688 1627 728; x_wconf 90' lang='lat' dir='ltr'><strong>esse</strong></span> <span class='ocrx_word' id='word_1_37' title='bbox 1654 671 1972 732; x_wconf 88' lang='lat' dir='ltr'><strong>ministrum,</strong></span> 
     </span>
    </p>
   </div>
   <div class='ocr_carea' id='block_1_6' title="bbox 397 765 1976 836">
    <p class='ocr_par' dir='ltr' id='par_1_6' title="bbox 397 765 1976 836">
     <span class='ocr_line' id='line_1_6' title="bbox 397 765 1976 836; baseline -0.01 -6"><span class='ocrx_word' id='word_1_38' title='bbox 397 793 460 832; x_wconf 89' lang='lat' dir='ltr'><strong>ne</strong></span> <span class='ocrx_word' id='word_1_39' title='bbox 490 778 544 830; x_wconf 91' lang='lat' dir='ltr'><strong>in</strong></span> <span class='ocrx_word' id='word_1_40' title='bbox 573 775 762 830; x_wconf 86' lang='lat' dir='ltr'><strong>eadem</strong></span> <span class='ocrx_word' id='word_1_41' title='bbox 793 772 1015 836; x_wconf 90' lang='lat' dir='ltr'><strong>incidas,</strong></span> <span class='ocrx_word' id='word_1_42' title='bbox 1047 770 1172 824; x_wconf 89' lang='lat' dir='ltr'><strong>dum</strong></span> <span class='ocrx_word' id='word_1_43' title='bbox 1189 769 1274 823; x_wconf 89' lang='lat' dir='ltr'><strong>alii</strong></span> <span class='ocrx_word' id='word_1_44' title='bbox 1301 781 1580 823; x_wconf 81' lang='lat' dir='ltr'><strong>succenses</strong></span> <span class='ocrx_word' id='word_1_45' title='bbox 1607 765 1824 820; x_wconf 80' lang='lat' dir='ltr'><strong>effectus</strong></span> <span class='ocrx_word' id='word_1_46' title='bbox 1843 773 1976 817; x_wconf 84' lang='lat' dir='ltr'><strong>tem-</strong></span> 
     </span>
    </p>
   </div>
   <div class='ocr_carea' id='block_1_7' title="bbox 396 852 1972 935">
    <p class='ocr_par' dir='ltr' id='par_1_7' title="bbox 396 852 1972 935">
     <span class='ocr_line' id='line_1_7' title="bbox 396 852 1972 935; baseline -0.01 -16"><span class='ocrx_word' id='word_1_47' title='bbox 396 865 688 935; x_wconf 82' lang='lat' dir='ltr'><strong>perantior,</strong></span> <span class='ocrx_word' id='word_1_48' title='bbox 721 870 778 916; x_wconf 91' lang='lat' dir='ltr'><strong>ut</strong></span> <span class='ocrx_word' id='word_1_49' title='bbox 801 877 866 920; x_wconf 78' lang='lat' dir='ltr'><strong>ex</strong></span> <span class='ocrx_word' id='word_1_50' title='bbox 895 876 964 915; x_wconf 88' lang='lat' dir='ltr'><strong>eo</strong></span> <span class='ocrx_word' id='word_1_51' title='bbox 990 870 1132 914; x_wconf 85' lang='lat' dir='ltr'><strong>tuam</strong></span> <span class='ocrx_word' id='word_1_52' title='bbox 1163 860 1213 913; x_wconf 92' lang='lat' dir='ltr'><strong>in</strong></span> <span class='ocrx_word' id='word_1_53' title='bbox 1239 860 1406 912; x_wconf 91' lang='lat' dir='ltr'><strong>Deum</strong></span> <span class='ocrx_word' id='word_1_54' title='bbox 1428 857 1677 927; x_wconf 76' lang='lat' dir='ltr'><strong>pietatem</strong></span> <span class='ocrx_word' id='word_1_55' title='bbox 1704 852 1972 908; x_wconf 80' lang='lat' dir='ltr'><strong>ostendas.</strong></span> 
     </span>
    </p>
   </div>
   <div class='ocr_carea' id='block_1_8' title="bbox 391 945 1969 1023">
    <p class='ocr_par' dir='ltr' id='par_1_8' title="bbox 391 945 1969 1023">
     <span class='ocr_line' id='line_1_8' title="bbox 391 945 1969 1023; baseline -0.008 -14"><span class='ocrx_word' id='word_1_56' title='bbox 391 954 616 1023; x_wconf 79' lang='lat' dir='ltr'><strong>Quando</strong></span> <span class='ocrx_word' id='word_1_57' title='bbox 657 954 831 1015; x_wconf 90' lang='lat' dir='ltr'><strong>enim,</strong></span> <span class='ocrx_word' id='word_1_58' title='bbox 871 967 993 1006; x_wconf 91' lang='lat' dir='ltr'><strong>cum</strong></span> <span class='ocrx_word' id='word_1_59' title='bbox 1035 951 1170 1005; x_wconf 89' lang='lat' dir='ltr'><strong>alius</strong></span> <span class='ocrx_word' id='word_1_60' title='bbox 1219 948 1479 1019; x_wconf 85' lang='lat' dir='ltr'><strong>peccarit,</strong></span> <span class='ocrx_word' id='word_1_61' title='bbox 1519 945 1969 1016; x_wconf 65' lang='lat' dir='ltr'><strong>praetercurreris,</strong></span> 
     </span>
    </p>
   </div>
   <div class='ocr_carea' id='block_1_9' title="bbox 393 1036 1970 1113">
    <p class='ocr_par' dir='ltr' id='par_1_9' title="bbox 393 1036 1970 1113">
     <span class='ocr_line' id='line_1_9' title="bbox 393 1036 1970 1113; baseline -0.006 -16"><span class='ocrx_word' id='word_1_62' title='bbox 393 1059 565 1113; x_wconf 88' lang='lat' dir='ltr'><strong>neque</strong></span> <span class='ocrx_word' id='word_1_63' title='bbox 607 1040 1035 1112; x_wconf 86' lang='lat' dir='ltr'><strong>reprehenderis,</strong></span> <span class='ocrx_word' id='word_1_64' title='bbox 1085 1055 1256 1108; x_wconf 88' lang='lat' dir='ltr'><strong>neque</strong></span> <span class='ocrx_word' id='word_1_65' title='bbox 1299 1053 1440 1108; x_wconf 74' lang='lat' dir='ltr'><strong>mgre</strong></span> <span class='ocrx_word' id='word_1_66' title='bbox 1479 1036 1693 1102; x_wconf 89' lang='lat' dir='ltr'><strong>tuleris,</strong></span> <span class='ocrx_word' id='word_1_67' title='bbox 1739 1036 1970 1088; x_wconf 84' lang='lat' dir='ltr'><strong>animum</strong></span> 
     </span>
    </p>
   </div>
   <div class='ocr_carea' id='block_1_10' title="bbox 394 1127 1970 1205">
    <p class='ocr_par' dir='ltr' id='par_1_10' title="bbox 394 1127 1970 1205">
     <span class='ocr_line' id='line_1_10' title="bbox 394 1127 1970 1205; baseline -0.007 -15"><span class='ocrx_word' id='word_1_68' title='bbox 394 1147 538 1190; x_wconf 87' lang='lat' dir='ltr'><strong>tmnn</strong></span> <span class='ocrx_word' id='word_1_69' title='bbox 569 1134 1006 1205; x_wconf 83' lang='lat' dir='ltr'><strong>negligentiorem</strong></span> <span class='ocrx_word' id='word_1_70' title='bbox 1040 1142 1095 1187; x_wconf 88' lang='lat' dir='ltr'><strong>et</strong></span> <span class='ocrx_word' id='word_1_71' title='bbox 1134 1132 1200 1186; x_wconf 85' lang='lat' dir='ltr'><strong>ad</strong></span> <span class='ocrx_word' id='word_1_72' title='bbox 1227 1147 1408 1186; x_wconf 88' lang='lat' dir='ltr'><strong>casum</strong></span> <span class='ocrx_word' id='word_1_73' title='bbox 1441 1131 1741 1200; x_wconf 84' lang='lat' dir='ltr'><strong>proniorem</strong></span> <span class='ocrx_word' id='word_1_74' title='bbox 1780 1127 1970 1192; x_wconf 77' lang='lat' dir='ltr'><strong>efficis,</strong></span> 
     </span>
    </p>
   </div>
   <div class='ocr_carea' id='block_1_11' title="bbox 389 1220 1970 1296">
    <p class='ocr_par' dir='ltr' id='par_1_11' title="bbox 389 1220 1970 1296">
     <span class='ocr_line' id='line_1_11' title="bbox 389 1220 1970 1296; baseline -0.007 -13"><span class='ocrx_word' id='word_1_75' title='bbox 389 1239 442 1284; x_wconf 89' lang='lat' dir='ltr'><strong>et</strong></span> <span class='ocrx_word' id='word_1_76' title='bbox 471 1229 706 1283; x_wconf 81' lang='lat' dir='ltr'><strong>maxime</strong></span> <span class='ocrx_word' id='word_1_77' title='bbox 750 1239 1001 1296; x_wconf 81' lang='lat' dir='ltr'><strong>procuras</strong></span> <span class='ocrx_word' id='word_1_78' title='bbox 1030 1225 1156 1278; x_wconf 91' lang='lat' dir='ltr'><strong>utin</strong></span> <span class='ocrx_word' id='word_1_79' title='bbox 1179 1224 1363 1279; x_wconf 90' lang='lat' dir='ltr'><strong>eadem</strong></span> <span class='ocrx_word' id='word_1_80' title='bbox 1394 1239 1534 1292; x_wconf 74' lang='grc' dir='ltr'>εει·ρο</span> <span class='ocrx_word' id='word_1_81' title='bbox 1563 1221 1757 1277; x_wconf 86' lang='lat' dir='ltr'><strong>incidat</strong></span> <span class='ocrx_word' id='word_1_82' title='bbox 1783 1238 1794 1272; x_wconf 89' lang='lat'><strong><em>:</em></strong></span> <span class='ocrx_word' id='word_1_83' title='bbox 1825 1220 1970 1273; x_wconf 90' lang='lat' dir='ltr'><strong>illum</strong></span> 
     </span>
    </p>
   </div>
   <div class='ocr_carea' id='block_1_12' title="bbox 386 1311 1964 1388">
    <p class='ocr_par' dir='ltr' id='par_1_12' title="bbox 386 1311 1964 1388">
     <span class='ocr_line' id='line_1_12' title="bbox 386 1311 1964 1388; baseline -0.006 -16"><span class='ocrx_word' id='word_1_84' title='bbox 386 1331 564 1374; x_wconf 83' lang='lat' dir='ltr'><strong>autem</strong></span> <span class='ocrx_word' id='word_1_85' title='bbox 597 1319 896 1388; x_wconf 86' lang='lat' dir='ltr'><strong>importuna</strong></span> <span class='ocrx_word' id='word_1_86' title='bbox 929 1315 1027 1370; x_wconf 88' lang='lat' dir='ltr'><strong>hac</strong></span> <span class='ocrx_word' id='word_1_87' title='bbox 1057 1325 1141 1370; x_wconf 87' lang='lat' dir='ltr'><strong>tua</strong></span> <span class='ocrx_word' id='word_1_88' title='bbox 1169 1316 1333 1385; x_wconf 80' lang='lat' dir='ltr'><strong>gratia</strong></span> <span class='ocrx_word' id='word_1_89' title='bbox 1375 1331 1476 1370; x_wconf 91' lang='lat' dir='ltr'><strong>non</strong></span> <span class='ocrx_word' id='word_1_90' title='bbox 1507 1315 1696 1369; x_wconf 91' lang='lat' dir='ltr'><strong>leviter</strong></span> <span class='ocrx_word' id='word_1_91' title='bbox 1721 1311 1964 1375; x_wconf 72' lang='lat' dir='ltr'><strong>offendis,</strong></span> 
     </span>
    </p>
   </div>
   <div class='ocr_carea' id='block_1_13' title="bbox 387 1405 1970 1475">
    <p class='ocr_par' dir='ltr' id='par_1_13' title="bbox 387 1405 1970 1475">
     <span class='ocr_line' id='line_1_13' title="bbox 387 1405 1970 1475; baseline -0.005 -11"><span class='ocrx_word' id='word_1_92' title='bbox 387 1410 630 1464; x_wconf 82' lang='lat' dir='ltr'><strong>efficiens</strong></span> <span class='ocrx_word' id='word_1_93' title='bbox 658 1419 715 1462; x_wconf 88' lang='lat' dir='ltr'><strong>ut</strong></span> <span class='ocrx_word' id='word_1_94' title='bbox 734 1409 784 1462; x_wconf 90' lang='lat' dir='ltr'><strong>in</strong></span> <span class='ocrx_word' id='word_1_95' title='bbox 825 1407 1005 1462; x_wconf 86' lang='lat' dir='ltr'><strong>futuro</strong></span> <span class='ocrx_word' id='word_1_96' title='bbox 1030 1408 1095 1461; x_wconf 90' lang='lat' dir='ltr'><strong>sit</strong></span> <span class='ocrx_word' id='word_1_97' title='bbox 1128 1407 1338 1475; x_wconf 83' lang='lat' dir='ltr'><strong>gravior</strong></span> <span class='ocrx_word' id='word_1_98' title='bbox 1361 1407 1410 1461; x_wconf 91' lang='lat' dir='ltr'><strong>ei</strong></span> <span class='ocrx_word' id='word_1_99' title='bbox 1438 1405 1704 1459; x_wconf 84' lang='lat' dir='ltr'><strong>reddenda</strong></span> <span class='ocrx_word' id='word_1_100' title='bbox 1735 1406 1890 1469; x_wconf 84' lang='lat' dir='ltr'><strong>ratio,</strong></span> <span class='ocrx_word' id='word_1_101' title='bbox 1917 1411 1970 1457; x_wconf 92' lang='lat' dir='ltr'><strong>et</strong></span> 
     </span>
    </p>
   </div>
   <div class='ocr_carea' id='block_1_14' title="bbox 388 1496 1965 1570">
    <p class='ocr_par' dir='ltr' id='par_1_14' title="bbox 388 1496 1965 1570">
     <span class='ocr_line' id='line_1_14' title="bbox 388 1496 1965 1570; baseline -0.004 -17"><span class='ocrx_word' id='word_1_102' title='bbox 388 1501 452 1554; x_wconf 87' lang='lat' dir='ltr'><strong>ad</strong></span> <span class='ocrx_word' id='word_1_103' title='bbox 478 1501 755 1570; x_wconf 71' lang='lat' dir='ltr'><strong>praesentia</strong></span> <span class='ocrx_word' id='word_1_104' title='bbox 776 1515 897 1552; x_wconf 91' lang='lat' dir='ltr'><strong>eum</strong></span> <span class='ocrx_word' id='word_1_105' title='bbox 921 1497 1147 1552; x_wconf 85' lang='lat' dir='ltr'><strong>reddens</strong></span> <span class='ocrx_word' id='word_1_106' title='bbox 1162 1497 1479 1565; x_wconf 76' lang='lat' dir='ltr'><strong>segniorem.</strong></span> <span class='ocrx_word' id='word_1_107' title='bbox 1525 1496 1647 1549; x_wconf 79' lang='lat' dir='ltr'><strong>llaec</strong></span> <span class='ocrx_word' id='word_1_108' title='bbox 1665 1504 1841 1549; x_wconf 89' lang='lat' dir='ltr'><strong>autem</strong></span> <span class='ocrx_word' id='word_1_109' title='bbox 1861 1509 1965 1547; x_wconf 92' lang='lat' dir='ltr'><strong>non</strong></span> 
     </span>
    </p>
   </div>
   <div class='ocr_carea' id='block_1_15' title="bbox 387 1587 1968 1657">
    <p class='ocr_par' dir='ltr' id='par_1_15' title="bbox 387 1587 1968 1657">
     <span class='ocr_line' id='line_1_15' title="bbox 387 1587 1968 1657; baseline -0.004 -10"><span class='ocrx_word' id='word_1_110' title='bbox 387 1593 566 1648; x_wconf 87' lang='lat' dir='ltr'><strong>solum</strong></span> <span class='ocrx_word' id='word_1_111' title='bbox 589 1591 656 1645; x_wconf 91' lang='lat' dir='ltr'><strong>de</strong></span> <span class='ocrx_word' id='word_1_112' title='bbox 682 1590 883 1644; x_wconf 87' lang='lat' dir='ltr'><strong>furibus</strong></span> <span class='ocrx_word' id='word_1_113' title='bbox 915 1589 1053 1643; x_wconf 88' lang='lat' dir='ltr'><strong>dicta</strong></span> <span class='ocrx_word' id='word_1_114' title='bbox 1080 1597 1222 1654; x_wconf 93' lang='lat' dir='ltr'><strong>sunt,</strong></span> <span class='ocrx_word' id='word_1_115' title='bbox 1253 1588 1345 1642; x_wconf 89' lang='lat' dir='ltr'><strong>sed</strong></span> <span class='ocrx_word' id='word_1_116' title='bbox 1375 1589 1534 1642; x_wconf 86' lang='lat' dir='ltr'><strong>etiam</strong></span> <span class='ocrx_word' id='word_1_117' title='bbox 1561 1587 1628 1642; x_wconf 90' lang='lat' dir='ltr'><strong>de</strong></span> <span class='ocrx_word' id='word_1_118' title='bbox 1653 1587 1838 1657; x_wconf 85' lang='lat' dir='ltr'><strong>quovis</strong></span> <span class='ocrx_word' id='word_1_119' title='bbox 1864 1587 1968 1641; x_wconf 90' lang='lat' dir='ltr'><strong>alio</strong></span> 
     </span>
    </p>
   </div>
   <div class='ocr_carea' id='block_1_16' title="bbox 391 1677 1969 1752">
    <p class='ocr_par' dir='ltr' id='par_1_16' title="bbox 391 1677 1969 1752">
     <span class='ocr_line' id='line_1_16' title="bbox 391 1677 1969 1752; baseline -0.004 -13"><span class='ocrx_word' id='word_1_120' title='bbox 391 1693 612 1752; x_wconf 80' lang='lat' dir='ltr'><strong>peccato</strong></span> <span class='ocrx_word' id='word_1_121' title='bbox 649 1682 826 1752; x_wconf 92' lang='lat' dir='ltr'><strong>:quod</strong></span> <span class='ocrx_word' id='word_1_122' title='bbox 875 1691 954 1736; x_wconf 89' lang='lat' dir='ltr'><strong>est</strong></span> <span class='ocrx_word' id='word_1_123' title='bbox 982 1690 1157 1735; x_wconf 89' lang='lat' dir='ltr'><strong>autem</strong></span> <span class='ocrx_word' id='word_1_124' title='bbox 1194 1680 1432 1733; x_wconf 90' lang='lat' dir='ltr'><strong>ultimum</strong></span> <span class='ocrx_word' id='word_1_125' title='bbox 1471 1689 1829 1749; x_wconf 87' lang='lat' dir='ltr'><strong>peccatorum,</strong></span> <span class='ocrx_word' id='word_1_126' title='bbox 1862 1677 1969 1747; x_wconf 91' lang='lat' dir='ltr'><strong>pri-</strong></span> 
     </span>
    </p>
   </div>
   <div class='ocr_carea' id='block_1_17' title="bbox 391 1769 1967 1842">
    <p class='ocr_par' dir='ltr' id='par_1_17' title="bbox 391 1769 1967 1842">
     <span class='ocr_line' id='line_1_17' title="bbox 391 1769 1967 1842; baseline -0.004 -14"><span class='ocrx_word' id='word_1_127' title='bbox 391 1789 539 1828; x_wconf 85' lang='lat' dir='ltr'><strong>mum</strong></span> <span class='ocrx_word' id='word_1_128' title='bbox 571 1775 760 1842; x_wconf 84' lang='lat' dir='ltr'><strong>posuit,</strong></span> <span class='ocrx_word' id='word_1_129' title='bbox 803 1781 860 1826; x_wconf 90' lang='lat' dir='ltr'><strong>ut</strong></span> <span class='ocrx_word' id='word_1_130' title='bbox 902 1772 1039 1825; x_wconf 85' lang='lat' dir='ltr'><strong>scias</strong></span> <span class='ocrx_word' id='word_1_131' title='bbox 1080 1787 1200 1826; x_wconf 91' lang='lat' dir='ltr'><strong>eum</strong></span> <span class='ocrx_word' id='word_1_132' title='bbox 1231 1770 1317 1840; x_wconf 92' lang='lat' dir='ltr'><strong>qui</strong></span> <span class='ocrx_word' id='word_1_133' title='bbox 1357 1779 1574 1839; x_wconf 86' lang='lat' dir='ltr'><strong>propter</strong></span> <span class='ocrx_word' id='word_1_134' title='bbox 1614 1769 1714 1823; x_wconf 90' lang='lat' dir='ltr'><strong>hoc</strong></span> <span class='ocrx_word' id='word_1_135' title='bbox 1759 1770 1967 1822; x_wconf 87' lang='lat' dir='ltr'><strong>veniam</strong></span> 
     </span>
    </p>
   </div>
   <div class='ocr_carea' id='block_1_18' title="bbox 390 1861 1969 1932">
    <p class='ocr_par' dir='ltr' id='par_1_18' title="bbox 390 1861 1969 1932">
     <span class='ocr_line' id='line_1_18' title="bbox 390 1861 1969 1932; baseline -0.004 -13"><span class='ocrx_word' id='word_1_136' title='bbox 390 1878 499 1919; x_wconf 83' lang='lat' dir='ltr'><strong>non</strong></span> <span class='ocrx_word' id='word_1_137' title='bbox 529 1865 843 1932; x_wconf 82' lang='lat' dir='ltr'><strong>assequitur,</strong></span> <span class='ocrx_word' id='word_1_138' title='bbox 875 1864 1042 1917; x_wconf 89' lang='lat' dir='ltr'><strong>multo</strong></span> <span class='ocrx_word' id='word_1_139' title='bbox 1069 1863 1238 1931; x_wconf 80' lang='lat' dir='ltr'><strong>magis</strong></span> <span class='ocrx_word' id='word_1_140' title='bbox 1266 1863 1318 1915; x_wconf 92' lang='lat' dir='ltr'><strong>in</strong></span> <span class='ocrx_word' id='word_1_141' title='bbox 1343 1861 1448 1914; x_wconf 90' lang='lat' dir='ltr'><strong>alio</strong></span> <span class='ocrx_word' id='word_1_142' title='bbox 1476 1877 1580 1914; x_wconf 90' lang='lat' dir='ltr'><strong>non</strong></span> <span class='ocrx_word' id='word_1_143' title='bbox 1610 1869 1969 1929; x_wconf 88' lang='lat' dir='ltr'><strong>consequutu-</strong></span> 
     </span>
    </p>
   </div>
   <div class='ocr_carea' id='block_1_19' title="bbox 385 1951 1970 2026">
    <p class='ocr_par' dir='ltr' id='par_1_19' title="bbox 385 1951 1970 2026">
     <span class='ocr_line' id='line_1_19' title="bbox 385 1951 1970 2026; baseline -0.007 -12"><span class='ocrx_word' id='word_1_144' title='bbox 385 1975 530 2014; x_wconf 83' lang='lat' dir='ltr'><strong>rum.</strong></span> <span class='ocrx_word' id='word_1_145' title='bbox 553 1958 690 2012; x_wconf 83' lang='lat' dir='ltr'><strong>Audi</strong></span> <span class='ocrx_word' id='word_1_146' title='bbox 716 1972 844 2026; x_wconf 85' lang='lat' dir='ltr'><strong>ergo</strong></span> <span class='ocrx_word' id='word_1_147' title='bbox 866 1956 1116 2026; x_wconf 80' lang='lat' dir='ltr'><strong>quidnam</strong></span> <span class='ocrx_word' id='word_1_148' title='bbox 1142 1955 1393 2023; x_wconf 85' lang='lat' dir='ltr'><strong>deinceps</strong></span> <span class='ocrx_word' id='word_1_149' title='bbox 1413 1953 1542 2008; x_wconf 87' lang='lat' dir='ltr'><strong>dicit</strong></span> <span class='ocrx_word' id='word_1_150' title='bbox 1565 1971 1578 2006; x_wconf 90' lang='lat'>:</span> <span class='ocrx_word' id='word_1_151' title='bbox 1601 1951 1668 2005; x_wconf 90' lang='lat' dir='ltr'><strong>Et</strong></span> <span class='ocrx_word' id='word_1_152' title='bbox 1690 1968 1802 2004; x_wconf 89' lang='lat' dir='ltr'><strong>cum</strong></span> <span class='ocrx_word' id='word_1_153' title='bbox 1822 1952 1970 2004; x_wconf 87' lang='lat' dir='ltr'><strong>adul-</strong></span> 
     </span>
    </p>
   </div>
   <div class='ocr_carea' id='block_1_20' title="bbox 387 2043 1971 2122">
    <p class='ocr_par' dir='ltr' id='par_1_20' title="bbox 387 2043 1971 2122">
     <span class='ocr_line' id='line_1_20' title="bbox 387 2043 1971 2122; baseline -0.007 -16"><span class='ocrx_word' id='word_1_154' title='bbox 387 2055 508 2106; x_wconf 79' lang='lat' dir='ltr'><strong>teris</strong></span> <span class='ocrx_word' id='word_1_155' title='bbox 532 2048 808 2122; x_wconf 83' lang='lat' dir='ltr'><strong>portionem</strong></span> <span class='ocrx_word' id='word_1_156' title='bbox 853 2058 991 2102; x_wconf 82' lang='lat' dir='ltr'><strong>tuam</strong></span> <span class='ocrx_word' id='word_1_157' title='bbox 1018 2048 1271 2117; x_wconf 82' lang='lat' dir='ltr'><strong>ponebas;</strong></span> <span class='ocrx_word' id='word_1_158' title='bbox 1298 2047 1515 2100; x_wconf 86' lang='lat' dir='ltr'><strong>veniens</strong></span> <span class='ocrx_word' id='word_1_159' title='bbox 1543 2044 1609 2099; x_wconf 87' lang='lat' dir='ltr'><strong>ad</strong></span> <span class='ocrx_word' id='word_1_160' title='bbox 1641 2044 1690 2098; x_wconf 88' lang='lat' dir='ltr'><strong>id</strong></span> <span class='ocrx_word' id='word_1_161' title='bbox 1720 2043 1860 2113; x_wconf 90' lang='lat' dir='ltr'><strong>quod</strong></span> <span class='ocrx_word' id='word_1_162' title='bbox 1889 2052 1971 2096; x_wconf 90' lang='lat' dir='ltr'><strong>est</strong></span> 
     </span>
    </p>
   </div>
   <div class='ocr_carea' id='block_1_21' title="bbox 382 2135 1970 2212">
    <p class='ocr_par' dir='ltr' id='par_1_21' title="bbox 382 2135 1970 2212">
     <span class='ocr_line' id='line_1_21' title="bbox 382 2135 1970 2212; baseline -0.007 -15"><span class='ocrx_word' id='word_1_163' title='bbox 382 2143 580 2212; x_wconf 78' lang='lat' dir='ltr'><strong>majus.</strong></span> <span class='ocrx_word' id='word_1_164' title='bbox 611 2141 740 2195; x_wconf 80' lang='lat' dir='ltr'><strong>illud</strong></span> <span class='ocrx_word' id='word_1_165' title='bbox 771 2141 917 2194; x_wconf 88' lang='lat' dir='ltr'><strong>enim</strong></span> <span class='ocrx_word' id='word_1_166' title='bbox 949 2140 1051 2193; x_wconf 88' lang='lat' dir='ltr'><strong>hoc</strong></span> <span class='ocrx_word' id='word_1_167' title='bbox 1078 2138 1233 2207; x_wconf 82' lang='lat' dir='ltr'><strong>longe</strong></span> <span class='ocrx_word' id='word_1_168' title='bbox 1262 2138 1435 2190; x_wconf 91' lang='lat' dir='ltr'><strong>minus</strong></span> <span class='ocrx_word' id='word_1_169' title='bbox 1475 2145 1576 2192; x_wconf 91' lang='lat' dir='ltr'><strong>est.</strong></span> <span class='ocrx_word' id='word_1_170' title='bbox 1627 2135 1848 2203; x_wconf 85' lang='lat' dir='ltr'><strong>Quidam</strong></span> <span class='ocrx_word' id='word_1_171' title='bbox 1877 2149 1970 2186; x_wconf 89' lang='lat' dir='ltr'><strong>au-</strong></span> 
     </span>
    </p>
   </div>
   <div class='ocr_carea' id='block_1_22' title="bbox 385 2223 1969 2302">
    <p class='ocr_par' dir='ltr' id='par_1_22' title="bbox 385 2223 1969 2302">
     <span class='ocr_line' id='line_1_22' title="bbox 385 2223 1969 2302; baseline -0.006 -16"><span class='ocrx_word' id='word_1_172' title='bbox 385 2244 495 2288; x_wconf 89' lang='lat' dir='ltr'><strong>tem</strong></span> <span class='ocrx_word' id='word_1_173' title='bbox 528 2232 643 2286; x_wconf 72' lang='lat' dir='ltr'><strong>haec</strong></span> <span class='ocrx_word' id='word_1_174' title='bbox 681 2240 897 2302; x_wconf 86' lang='lat' dir='ltr'><strong>peccata</strong></span> <span class='ocrx_word' id='word_1_175' title='bbox 928 2231 1066 2284; x_wconf 88' lang='lat' dir='ltr'><strong>inter</strong></span> <span class='ocrx_word' id='word_1_176' title='bbox 1095 2243 1153 2284; x_wconf 88' lang='lat' dir='ltr'><strong>se</strong></span> <span class='ocrx_word' id='word_1_177' title='bbox 1190 2228 1487 2287; x_wconf 89' lang='lat' dir='ltr'><strong>conferens,</strong></span> <span class='ocrx_word' id='word_1_178' title='bbox 1517 2225 1594 2280; x_wconf 90' lang='lat' dir='ltr'><strong>sic</strong></span> <span class='ocrx_word' id='word_1_179' title='bbox 1633 2225 1766 2280; x_wconf 72' lang='lat' dir='ltr'><strong>dixit</strong></span> <span class='ocrx_word' id='word_1_180' title='bbox 1796 2243 1809 2278; x_wconf 90' lang='lat'><strong>:</strong></span> <span class='ocrx_word' id='word_1_181' title='bbox 1847 2223 1969 2276; x_wconf 85' lang='lat' dir='ltr'><strong>Non</strong></span> 
     </span>
    </p>
   </div>
   <div class='ocr_carea' id='block_1_23' title="bbox 381 2318 1970 2393">
    <p class='ocr_par' dir='ltr' id='par_1_23' title="bbox 381 2318 1970 2393">
     <span class='ocr_line' id='line_1_23' title="bbox 381 2318 1970 2393; baseline -0.006 -15"><span class='ocrx_word' id='word_1_182' title='bbox 381 2336 460 2380; x_wconf 79' lang='lat' dir='ltr'><strong>est</strong></span> <span class='ocrx_word' id='word_1_183' title='bbox 500 2326 686 2378; x_wconf 79' lang='lat' dir='ltr'><strong>mirum</strong></span> <span class='ocrx_word' id='word_1_184' title='bbox 711 2324 758 2377; x_wconf 85' lang='lat' dir='ltr'><strong>si</strong></span> <span class='ocrx_word' id='word_1_185' title='bbox 793 2324 903 2393; x_wconf 80' lang='lat' dir='ltr'><strong>quis</strong></span> <span class='ocrx_word' id='word_1_186' title='bbox 946 2323 1122 2391; x_wconf 75' lang='lat' dir='ltr'><strong>[uram</strong></span> <span class='ocrx_word' id='word_1_187' title='bbox 1163 2320 1502 2389; x_wconf 78' lang='lat' dir='ltr'><strong>deprehensus</strong></span> <span class='ocrx_word' id='word_1_188' title='bbox 1540 2318 1688 2386; x_wconf 78' lang='lat' dir='ltr'><strong>fuerit</strong></span> <span class='ocrx_word' id='word_1_189' title='bbox 1711 2336 1729 2370; x_wconf 84' lang='lat'><strong><em>:</em></strong></span> <span class='ocrx_word' id='word_1_190' title='bbox 1770 2321 1970 2386; x_wconf 70' lang='lat' dir='ltr'><strong>{uratur</strong></span> 
     </span>
    </p>
   </div>
   <div class='ocr_carea' id='block_1_24' title="bbox 381 2406 1966 2480">
    <p class='ocr_par' dir='ltr' id='par_1_24' title="bbox 381 2406 1966 2480">
     <span class='ocr_line' id='line_1_24' title="bbox 381 2406 1966 2480; baseline -0.008 -11"><span class='ocrx_word' id='word_1_191' title='bbox 381 2418 521 2469; x_wconf 76' lang='lat' dir='ltr'><strong>enim</strong></span> <span class='ocrx_word' id='word_1_192' title='bbox 537 2425 590 2467; x_wconf 89' lang='lat' dir='ltr'><strong>ut</strong></span> <span class='ocrx_word' id='word_1_193' title='bbox 615 2431 763 2468; x_wconf 85' lang='lat' dir='ltr'><strong>suam</strong></span> <span class='ocrx_word' id='word_1_194' title='bbox 777 2413 997 2466; x_wconf 82' lang='lat' dir='ltr'><strong>animant</strong></span> <span class='ocrx_word' id='word_1_195' title='bbox 1018 2411 1224 2480; x_wconf 75' lang='lat' dir='ltr'><strong>impleat</strong></span> <span class='ocrx_word' id='word_1_196' title='bbox 1253 2411 1546 2464; x_wconf 71' lang='lat' dir='ltr'><strong>esurientem</strong></span> <span class='ocrx_word' id='word_1_197' title='bbox 1574 2407 1754 2477; x_wconf 85' lang='lat' dir='ltr'><strong>(Prov.</strong></span> <span class='ocrx_word' id='word_1_198' title='bbox 1779 2409 1830 2460; x_wconf 84' lang='lat'><strong>6.</strong></span> <span class='ocrx_word' id='word_1_199' title='bbox 1856 2406 1966 2475; x_wconf 78' lang='lat'><strong>50).</strong></span> 
     </span>
    </p>
   </div>
   <div class='ocr_carea' id='block_1_25' title="bbox 381 2496 1970 2573">
    <p class='ocr_par' dir='ltr' id='par_1_25' title="bbox 381 2496 1970 2573">
     <span class='ocr_line' id='line_1_25' title="bbox 381 2496 1970 2573; baseline -0.008 -13"><span class='ocrx_word' id='word_1_200' title='bbox 381 2506 444 2560; x_wconf 80' lang='lat' dir='ltr'><strong>Si</strong></span> <span class='ocrx_word' id='word_1_201' title='bbox 473 2505 593 2557; x_wconf 84' lang='lat' dir='ltr'><strong>huic</strong></span> <span class='ocrx_word' id='word_1_202' title='bbox 609 2517 736 2573; x_wconf 87' lang='lat' dir='ltr'><strong>ergo</strong></span> <span class='ocrx_word' id='word_1_203' title='bbox 756 2502 954 2572; x_wconf 75' lang='lat' dir='ltr'><strong>ignosci</strong></span> <span class='ocrx_word' id='word_1_204' title='bbox 977 2517 1079 2554; x_wconf 93' lang='lat' dir='ltr'><strong>non</strong></span> <span class='ocrx_word' id='word_1_205' title='bbox 1109 2508 1302 2570; x_wconf 88' lang='lat' dir='ltr'><strong>potest,</strong></span> <span class='ocrx_word' id='word_1_206' title='bbox 1326 2499 1491 2552; x_wconf 92' lang='lat' dir='ltr'><strong>multo</strong></span> <span class='ocrx_word' id='word_1_207' title='bbox 1513 2498 1679 2567; x_wconf 82' lang='lat' dir='ltr'><strong>magis</strong></span> <span class='ocrx_word' id='word_1_208' title='bbox 1699 2511 1799 2551; x_wconf 90' lang='lat' dir='ltr'><strong>nec</strong></span> <span class='ocrx_word' id='word_1_209' title='bbox 1819 2496 1970 2549; x_wconf 86' lang='lat' dir='ltr'><strong>adul-</strong></span> 
     </span>
    </p>
   </div>
   <div class='ocr_carea' id='block_1_26' title="bbox 383 2586 1969 2650">
    <p class='ocr_par' dir='ltr' id='par_1_26' title="bbox 383 2586 1969 2650">
     <span class='ocr_line' id='line_1_26' title="bbox 383 2586 1969 2650; baseline -0.006 0"><span class='ocrx_word' id='word_1_210' title='bbox 383 2597 546 2650; x_wconf 83' lang='lat' dir='ltr'><strong>terio.</strong></span> <span class='ocrx_word' id='word_1_211' title='bbox 578 2594 904 2649; x_wconf 82' lang='lat' dir='ltr'><strong>Adulterium</strong></span> <span class='ocrx_word' id='word_1_212' title='bbox 931 2601 1106 2646; x_wconf 90' lang='lat' dir='ltr'><strong>autem</strong></span> <span class='ocrx_word' id='word_1_213' title='bbox 1150 2592 1236 2646; x_wconf 89' lang='lat' dir='ltr'><strong>hic</strong></span> <span class='ocrx_word' id='word_1_214' title='bbox 1266 2597 1421 2644; x_wconf 89' lang='lat' dir='ltr'><strong>vocat</strong></span> <span class='ocrx_word' id='word_1_215' title='bbox 1461 2588 1883 2642; x_wconf 90' lang='lat' dir='ltr'><strong>fornicationem.</strong></span> <span class='ocrx_word' id='word_1_216' title='bbox 1913 2586 1969 2640; x_wconf 89' lang='lat' dir='ltr'><strong>Si</strong></span> 
     </span>
    </p>
   </div>
   <div class='ocr_carea' id='block_1_27' title="bbox 379 2681 1971 2754">
    <p class='ocr_par' dir='ltr' id='par_1_27' title="bbox 379 2681 1971 2754">
     <span class='ocr_line' id='line_1_27' title="bbox 379 2681 1971 2754; baseline -0.006 -16"><span class='ocrx_word' id='word_1_217' title='bbox 379 2686 588 2740; x_wconf 72' lang='lat' dir='ltr'><strong>videris</strong></span> <span class='ocrx_word' id='word_1_218' title='bbox 613 2699 741 2754; x_wconf 77' lang='lat' dir='ltr'><strong>ergo</strong></span> <span class='ocrx_word' id='word_1_219' title='bbox 766 2684 993 2753; x_wconf 84' lang='lat' dir='ltr'><strong>aliquem</strong></span> <span class='ocrx_word' id='word_1_220' title='bbox 1029 2697 1211 2736; x_wconf 91' lang='lat' dir='ltr'><strong>eorum</strong></span> <span class='ocrx_word' id='word_1_221' title='bbox 1245 2681 1332 2749; x_wconf 85' lang='lat' dir='ltr'><strong>qui</strong></span> <span class='ocrx_word' id='word_1_222' title='bbox 1375 2689 1546 2734; x_wconf 88' lang='lat' dir='ltr'><strong>tecum</strong></span> <span class='ocrx_word' id='word_1_223' title='bbox 1585 2688 1971 2747; x_wconf 82' lang='lat' dir='ltr'><strong>congregantur</strong></span> 
     </span>
    </p>
   </div>
   <div class='ocr_carea' id='block_1_28' title="bbox 380 2768 1970 2842">
    <p class='ocr_par' dir='ltr' id='par_1_28' title="bbox 380 2768 1970 2842">
     <span class='ocr_line' id='line_1_28' title="bbox 380 2768 1970 2842; baseline -0.006 -10"><span class='ocrx_word' id='word_1_224' title='bbox 380 2780 762 2842; x_wconf 79' lang='lat' dir='ltr'><strong>fornieantem,</strong></span> <span class='ocrx_word' id='word_1_225' title='bbox 791 2777 928 2836; x_wconf 84' lang='lat' dir='ltr'><strong>etad</strong></span> <span class='ocrx_word' id='word_1_226' title='bbox 954 2782 1281 2830; x_wconf 83' lang='lat' dir='ltr'><strong>sacramenta</strong></span> <span class='ocrx_word' id='word_1_227' title='bbox 1311 2772 1670 2837; x_wconf 82' lang='lat' dir='ltr'><strong>accedentem,</strong></span> <span class='ocrx_word' id='word_1_228' title='bbox 1700 2769 1786 2824; x_wconf 89' lang='lat' dir='ltr'><strong>dic</strong></span> <span class='ocrx_word' id='word_1_229' title='bbox 1805 2769 1854 2823; x_wconf 89' lang='lat' dir='ltr'><strong>ei</strong></span> <span class='ocrx_word' id='word_1_230' title='bbox 1881 2768 1970 2838; x_wconf 90' lang='lat' dir='ltr'><strong>qui</strong></span> 
     </span>
    </p>
   </div>
   <div class='ocr_carea' id='block_1_29' title="bbox 379 2861 1971 2931">
    <p class='ocr_par' dir='ltr' id='par_1_29' title="bbox 379 2861 1971 2931">
     <span class='ocr_line' id='line_1_29' title="bbox 379 2861 1971 2931; baseline -0.011 0"><span class='ocrx_word' id='word_1_231' title='bbox 379 2882 473 2931; x_wconf 77' lang='lat' dir='ltr'><strong>est</strong></span> <span class='ocrx_word' id='word_1_232' title='bbox 502 2872 742 2926; x_wconf 80' lang='lat' dir='ltr'><strong>minister</strong></span> <span class='ocrx_word' id='word_1_233' title='bbox 773 2867 1157 2924; x_wconf 80' lang='lat' dir='ltr'><strong>distributionis</strong></span> <span class='ocrx_word' id='word_1_234' title='bbox 1189 2880 1374 2919; x_wconf 88' lang='lat' dir='ltr'><strong>eorum</strong></span> <span class='ocrx_word' id='word_1_235' title='bbox 1410 2880 1424 2916; x_wconf 88' lang='lat'><strong>:</strong></span> <span class='ocrx_word' id='word_1_236' title='bbox 1470 2864 1566 2917; x_wconf 81' lang='lat' dir='ltr'><strong>llic</strong></span> <span class='ocrx_word' id='word_1_237' title='bbox 1608 2871 1690 2916; x_wconf 89' lang='lat' dir='ltr'><strong>est</strong></span> <span class='ocrx_word' id='word_1_238' title='bbox 1726 2861 1971 2930; x_wconf 77' lang='lat' dir='ltr'><strong>indignus</strong></span> 
     </span>
    </p>
   </div>
   <div class='ocr_carea' id='block_1_30' title="bbox 379 2953 1971 3027">
    <p class='ocr_par' dir='ltr' id='par_1_30' title="bbox 379 2953 1971 3027">
     <span class='ocr_line' id='line_1_30' title="bbox 379 2953 1971 3027; baseline -0.008 -7"><span class='ocrx_word' id='word_1_239' title='bbox 379 2963 760 3026; x_wconf 78' lang='lat' dir='ltr'><strong>sacramentis,</strong></span> <span class='ocrx_word' id='word_1_240' title='bbox 783 2976 904 3015; x_wconf 81' lang='lat' dir='ltr'><strong>arce</strong></span> <span class='ocrx_word' id='word_1_241' title='bbox 925 2958 1170 3027; x_wconf 85' lang='lat' dir='ltr'><strong>profanas</strong></span> <span class='ocrx_word' id='word_1_242' title='bbox 1193 2971 1402 3011; x_wconf 86' lang='lat' dir='ltr'><strong>manus.</strong></span> <span class='ocrx_word' id='word_1_243' title='bbox 1420 2955 1475 3010; x_wconf 90' lang='lat' dir='ltr'><strong>Si</strong></span> <span class='ocrx_word' id='word_1_244' title='bbox 1493 2956 1634 3010; x_wconf 92' lang='lat' dir='ltr'><strong>enim</strong></span> <span class='ocrx_word' id='word_1_245' title='bbox 1655 2969 1720 3010; x_wconf 88' lang='lat' dir='ltr'><strong>ne</strong></span> <span class='ocrx_word' id='word_1_246' title='bbox 1741 2953 1971 3024; x_wconf 83' lang='lat' dir='ltr'><strong>jnstitias</strong></span> 
     </span>
    </p>
   </div>
   <div class='ocr_carea' id='block_1_31' title="bbox 381 3047 1974 3124">
    <p class='ocr_par' dir='ltr' id='par_1_31' title="bbox 381 3047 1974 3124">
     <span class='ocr_line' id='line_1_31' title="bbox 381 3047 1974 3124; baseline -0.007 -13"><span class='ocrx_word' id='word_1_247' title='bbox 381 3055 606 3124; x_wconf 79' lang='lat' dir='ltr'><strong>quidem</strong></span> <span class='ocrx_word' id='word_1_248' title='bbox 635 3067 884 3108; x_wconf 75' lang='lat' dir='ltr'><strong>enarrare</strong></span> <span class='ocrx_word' id='word_1_249' title='bbox 907 3051 1098 3120; x_wconf 78' lang='lat' dir='ltr'><strong>dignus</strong></span> <span class='ocrx_word' id='word_1_250' title='bbox 1124 3059 1227 3115; x_wconf 88' lang='lat' dir='ltr'><strong>est,</strong></span> <span class='ocrx_word' id='word_1_251' title='bbox 1260 3047 1536 3103; x_wconf 85' lang='lat' dir='ltr'><strong>considera</strong></span> <span class='ocrx_word' id='word_1_252' title='bbox 1574 3062 1680 3117; x_wconf 91' lang='lat' dir='ltr'><strong>quo</strong></span> <span class='ocrx_word' id='word_1_253' title='bbox 1705 3047 1822 3114; x_wconf 86' lang='lat' dir='ltr'><strong>ejus</strong></span> <span class='ocrx_word' id='word_1_254' title='bbox 1850 3061 1974 3115; x_wconf 87' lang='lat' dir='ltr'><strong>pro-</strong></span> 
     </span>
    </p>
   </div>
   <div class='ocr_carea' id='block_1_32' title="bbox 381 3139 1971 3214">
    <p class='ocr_par' dir='ltr' id='par_1_32' title="bbox 381 3139 1971 3214">
     <span class='ocr_line' id='line_1_32' title="bbox 381 3139 1971 3214; baseline -0.006 -14"><span class='ocrx_word' id='word_1_255' title='bbox 381 3148 549 3200; x_wconf 78' lang='lat' dir='ltr'><strong>cedet</strong></span> <span class='ocrx_word' id='word_1_256' title='bbox 577 3143 779 3214; x_wconf 83' lang='lat' dir='ltr'><strong>punitio</strong></span> <span class='ocrx_word' id='word_1_257' title='bbox 802 3190 814 3210; x_wconf 86' lang='grc'><strong><em>,</em></strong></span> <span class='ocrx_word' id='word_1_258' title='bbox 851 3141 1064 3212; x_wconf 86' lang='lat' dir='ltr'><strong>quando</strong></span> <span class='ocrx_word' id='word_1_259' title='bbox 1103 3154 1307 3194; x_wconf 87' lang='lat' dir='ltr'><strong>sacram</strong></span> <span class='ocrx_word' id='word_1_260' title='bbox 1333 3139 1491 3192; x_wconf 86' lang='lat' dir='ltr'><strong>etiam</strong></span> <span class='ocrx_word' id='word_1_261' title='bbox 1530 3153 1767 3193; x_wconf 85' lang='lat' dir='ltr'><strong>mensam</strong></span> <span class='ocrx_word' id='word_1_262' title='bbox 1811 3151 1971 3190; x_wconf 85' lang='lat' dir='ltr'><strong>ausus</strong></span> 
     </span>
    </p>
   </div>
   <div class='ocr_carea' id='block_1_33' title="bbox 386 3226 1971 3302">
    <p class='ocr_par' dir='ltr' id='par_1_33' title="bbox 386 3226 1971 3302">
     <span class='ocr_line' id='line_1_33' title="bbox 386 3226 1971 3302; baseline -0.008 -11"><span class='ocrx_word' id='word_1_263' title='bbox 386 3240 550 3292; x_wconf 82' lang='lat' dir='ltr'><strong>fuerit</strong></span> <span class='ocrx_word' id='word_1_264' title='bbox 590 3235 879 3302; x_wconf 74' lang='lat' dir='ltr'><strong>attingere,</strong></span> <span class='ocrx_word' id='word_1_265' title='bbox 928 3245 1032 3285; x_wconf 92' lang='lat' dir='ltr'><strong>non</strong></span> <span class='ocrx_word' id='word_1_266' title='bbox 1084 3230 1254 3283; x_wconf 86' lang='lat' dir='ltr'><strong>solum</strong></span> <span class='ocrx_word' id='word_1_267' title='bbox 1299 3237 1472 3282; x_wconf 84' lang='lat' dir='ltr'><strong>autem</strong></span> <span class='ocrx_word' id='word_1_268' title='bbox 1513 3228 1649 3296; x_wconf 82' lang='lat' dir='ltr'><strong>ejus,</strong></span> <span class='ocrx_word' id='word_1_269' title='bbox 1685 3226 1782 3282; x_wconf 91' lang='lat' dir='ltr'><strong>sed</strong></span> <span class='ocrx_word' id='word_1_270' title='bbox 1830 3227 1971 3280; x_wconf 89' lang='lat' dir='ltr'><strong>illius</strong></span> 
     </span>
    </p>
   </div>
   <div class='ocr_carea' id='block_1_34' title="bbox 383 3318 1968 3396">
    <p class='ocr_par' dir='ltr' id='par_1_34' title="bbox 383 3318 1968 3396">
     <span class='ocr_line' id='line_1_34' title="bbox 383 3318 1968 3396; baseline -0.009 -13"><span class='ocrx_word' id='word_1_271' title='bbox 383 3331 552 3383; x_wconf 78' lang='lat' dir='ltr'><strong>etiam</strong></span> <span class='ocrx_word' id='word_1_272' title='bbox 575 3326 671 3396; x_wconf 83' lang='lat' dir='ltr'><strong>qui</strong></span> <span class='ocrx_word' id='word_1_273' title='bbox 695 3325 961 3379; x_wconf 76' lang='lat' dir='ltr'><strong>connivet.</strong></span> <span class='ocrx_word' id='word_1_274' title='bbox 988 3321 1102 3376; x_wconf 84' lang='lat' dir='ltr'><strong>Non</strong></span> <span class='ocrx_word' id='word_1_275' title='bbox 1123 3321 1258 3375; x_wconf 80' lang='lat' dir='ltr'><strong>dixit</strong></span> <span class='ocrx_word' id='word_1_276' title='bbox 1279 3321 1444 3386; x_wconf 80' lang='lat' dir='ltr'><strong>enim,</strong></span> <span class='ocrx_word' id='word_1_277' title='bbox 1471 3319 1542 3373; x_wconf 81' lang='lat' dir='ltr'><strong>Et</strong></span> <span class='ocrx_word' id='word_1_278' title='bbox 1564 3318 1968 3383; x_wconf 86' lang='lat' dir='ltr'><strong>adulterabaris,</strong></span> 
     </span>
    </p>
   </div>
   <div class='ocr_carea' id='block_1_35' title="bbox 384 3408 1968 3486">
    <p class='ocr_par' dir='ltr' id='par_1_35' title="bbox 384 3408 1968 3486">
     <span class='ocr_line' id='line_1_35' title="bbox 384 3408 1968 3486; baseline -0.008 -12"><span class='ocrx_word' id='word_1_279' title='bbox 384 3420 508 3486; x_wconf 79' lang='lat' dir='ltr'><strong>sed,</strong></span> <span class='ocrx_word' id='word_1_280' title='bbox 547 3416 677 3473; x_wconf 86' lang='lat' dir='ltr'><strong>Cum</strong></span> <span class='ocrx_word' id='word_1_281' title='bbox 713 3416 955 3469; x_wconf 80' lang='lat' dir='ltr'><strong>adulteris</strong></span> <span class='ocrx_word' id='word_1_282' title='bbox 996 3414 1276 3484; x_wconf 79' lang='lat' dir='ltr'><strong>portionem</strong></span> <span class='ocrx_word' id='word_1_283' title='bbox 1315 3419 1452 3463; x_wconf 83' lang='lat' dir='ltr'><strong>tuam</strong></span> <span class='ocrx_word' id='word_1_284' title='bbox 1493 3409 1730 3480; x_wconf 80' lang='lat' dir='ltr'><strong>ponebas.</strong></span> <span class='ocrx_word' id='word_1_285' title='bbox 1778 3408 1968 3476; x_wconf 67' lang='lat' dir='ltr'><strong>Pajue,</strong></span> 
     </span>
    </p>
   </div>
   <div class='ocr_carea' id='block_1_36' title="bbox 384 3499 1972 3579">
    <p class='ocr_par' dir='ltr' id='par_1_36' title="bbox 384 3499 1972 3579">
     <span class='ocr_line' id='line_1_36' title="bbox 384 3499 1972 3579; baseline -0.006 -19"><span class='ocrx_word' id='word_1_286' title='bbox 384 3517 648 3579; x_wconf 80' lang='lat' dir='ltr'><strong>quantum</strong></span> <span class='ocrx_word' id='word_1_287' title='bbox 681 3506 881 3560; x_wconf 75' lang='lat' dir='ltr'><strong>malum</strong></span> <span class='ocrx_word' id='word_1_288' title='bbox 921 3519 988 3559; x_wconf 81' lang='lat' dir='ltr'><strong>ex</strong></span> <span class='ocrx_word' id='word_1_289' title='bbox 1021 3517 1086 3557; x_wconf 92' lang='lat' dir='ltr'><strong>eo</strong></span> <span class='ocrx_word' id='word_1_290' title='bbox 1119 3500 1262 3570; x_wconf 86' lang='lat' dir='ltr'><strong>quod</strong></span> <span class='ocrx_word' id='word_1_291' title='bbox 1299 3501 1540 3555; x_wconf 79' lang='lat' dir='ltr'><strong>celentur</strong></span> <span class='ocrx_word' id='word_1_292' title='bbox 1559 3507 1617 3554; x_wconf 89' lang='lat' dir='ltr'><strong>et</strong></span> <span class='ocrx_word' id='word_1_293' title='bbox 1659 3499 1972 3568; x_wconf 84' lang='lat' dir='ltr'><strong>obtegantnr</strong></span> 
     </span>
    </p>
   </div>
   <div class='ocr_carea' id='block_1_37' title="bbox 383 3590 1969 3668">
    <p class='ocr_par' dir='ltr' id='par_1_37' title="bbox 383 3590 1969 3668">
     <span class='ocr_line' id='line_1_37' title="bbox 383 3590 1969 3668; baseline -0.009 -11"><span class='ocrx_word' id='word_1_294' title='bbox 383 3604 621 3658; x_wconf 83' lang='lat' dir='ltr'><strong>aliorum</strong></span> <span class='ocrx_word' id='word_1_295' title='bbox 661 3598 1000 3668; x_wconf 81' lang='lat' dir='ltr'><strong>putredines,</strong></span> <span class='ocrx_word' id='word_1_296' title='bbox 1049 3593 1262 3664; x_wconf 86' lang='lat' dir='ltr'><strong>quando</strong></span> <span class='ocrx_word' id='word_1_297' title='bbox 1293 3592 1429 3646; x_wconf 81' lang='lat' dir='ltr'><strong>dicit</strong></span> <span class='ocrx_word' id='word_1_298' title='bbox 1464 3606 1585 3646; x_wconf 91' lang='lat' dir='ltr'><strong>eum</strong></span> <span class='ocrx_word' id='word_1_299' title='bbox 1619 3605 1740 3645; x_wconf 88' lang='lat' dir='ltr'><strong>esse</strong></span> <span class='ocrx_word' id='word_1_300' title='bbox 1768 3590 1969 3643; x_wconf 90' lang='lat' dir='ltr'><strong>socium</strong></span> 
     </span>
    </p>
   </div>
   <div class='ocr_carea' id='block_1_38' title="bbox 384 3680 1970 3758">
    <p class='ocr_par' dir='ltr' id='par_1_38' title="bbox 384 3680 1970 3758">
     <span class='ocr_line' id='line_1_38' title="bbox 384 3680 1970 3758; baseline -0.011 -9"><span class='ocrx_word' id='word_1_301' title='bbox 384 3689 639 3750; x_wconf 80' lang='lat' dir='ltr'><strong>solvendi</strong></span> <span class='ocrx_word' id='word_1_302' title='bbox 680 3704 776 3758; x_wconf 89' lang='lat' dir='ltr'><strong>pro</strong></span> <span class='ocrx_word' id='word_1_303' title='bbox 799 3696 1020 3758; x_wconf 82' lang='lat' dir='ltr'><strong>peccato</strong></span> <span class='ocrx_word' id='word_1_304' title='bbox 1043 3684 1308 3754; x_wconf 81' lang='lat' dir='ltr'><strong>supplicii,</strong></span> <span class='ocrx_word' id='word_1_305' title='bbox 1347 3697 1446 3737; x_wconf 82' lang='lat' dir='ltr'><strong>nec</strong></span> <span class='ocrx_word' id='word_1_306' title='bbox 1472 3681 1571 3736; x_wconf 83' lang='lat' dir='ltr'><strong>hoc</strong></span> <span class='ocrx_word' id='word_1_307' title='bbox 1601 3681 1692 3734; x_wconf 85' lang='lat' dir='ltr'><strong>illo</strong></span> <span class='ocrx_word' id='word_1_308' title='bbox 1719 3695 1837 3733; x_wconf 88' lang='lat' dir='ltr'><strong>esse</strong></span> <span class='ocrx_word' id='word_1_309' title='bbox 1866 3680 1970 3732; x_wconf 90' lang='lat' dir='ltr'><strong>mi-</strong></span> 
     </span>
    </p>
   </div>
   <div class='ocr_carea' id='block_1_39' title="bbox 388 3768 1969 3847">
    <p class='ocr_par' dir='ltr' id='par_1_39' title="bbox 388 3768 1969 3847">
     <span class='ocr_line' id='line_1_39' title="bbox 388 3768 1969 3847; baseline -0.011 -9"><span class='ocrx_word' id='word_1_310' title='bbox 388 3785 534 3838; x_wconf 78' lang='lat' dir='ltr'><strong>nus!</strong></span> <span class='ocrx_word' id='word_1_311' title='bbox 581 3781 672 3835; x_wconf 87' lang='lat' dir='ltr'><strong>Ille</strong></span> <span class='ocrx_word' id='word_1_312' title='bbox 699 3780 838 3834; x_wconf 89' lang='lat' dir='ltr'><strong>enim</strong></span> <span class='ocrx_word' id='word_1_313' title='bbox 867 3785 1044 3847; x_wconf 88' lang='lat' dir='ltr'><strong>potest</strong></span> <span class='ocrx_word' id='word_1_314' title='bbox 1076 3774 1369 3829; x_wconf 80' lang='lat' dir='ltr'><strong>obtendere</strong></span> <span class='ocrx_word' id='word_1_315' title='bbox 1406 3773 1568 3825; x_wconf 86' lang='lat' dir='ltr'><strong>animi</strong></span> <span class='ocrx_word' id='word_1_316' title='bbox 1615 3768 1969 3839; x_wconf 86' lang='lat' dir='ltr'><strong>perturbatio-</strong></span> 
     </span>
    </p>
   </div>
   <div class='ocr_carea' id='block_1_40' title="bbox 389 3859 1966 3936">
    <p class='ocr_par' dir='ltr' id='par_1_40' title="bbox 389 3859 1966 3936">
     <span class='ocr_line' id='line_1_40' title="bbox 389 3859 1966 3936; baseline -0.01 -9"><span class='ocrx_word' id='word_1_317' title='bbox 389 3888 540 3936; x_wconf 88' lang='lat' dir='ltr'><strong>nem,</strong></span> <span class='ocrx_word' id='word_1_318' title='bbox 572 3871 696 3925; x_wconf 86' lang='lat' dir='ltr'><strong>licet</strong></span> <span class='ocrx_word' id='word_1_319' title='bbox 731 3870 801 3923; x_wconf 88' lang='lat' dir='ltr'><strong>sit</strong></span> <span class='ocrx_word' id='word_1_320' title='bbox 835 3875 1124 3936; x_wconf 67' lang='lat' dir='ltr'><strong>prietextus</strong></span> <span class='ocrx_word' id='word_1_321' title='bbox 1164 3864 1373 3918; x_wconf 77' lang='lat' dir='ltr'><strong>cuinon</strong></span> <span class='ocrx_word' id='word_1_322' title='bbox 1415 3862 1535 3916; x_wconf 77' lang='lat' dir='ltr'><strong>dari</strong></span> <span class='ocrx_word' id='word_1_323' title='bbox 1564 3861 1732 3929; x_wconf 84' lang='lat' dir='ltr'><strong>possit</strong></span> <span class='ocrx_word' id='word_1_324' title='bbox 1768 3859 1920 3914; x_wconf 90' lang='lat' dir='ltr'><strong>venia</strong></span> <span class='ocrx_word' id='word_1_325' title='bbox 1951 3874 1966 3911; x_wconf 91' lang='lat'><strong>:</strong></span> 
     </span>
    </p>
   </div>
   <div class='ocr_carea' id='block_1_41' title="bbox 387 3949 1970 4034">
    <p class='ocr_par' dir='ltr' id='par_1_41' title="bbox 387 3949 1970 4034">
     <span class='ocr_line' id='line_1_41' title="bbox 387 3949 1970 4034; baseline -0.009 -19"><span class='ocrx_word' id='word_1_326' title='bbox 387 3959 838 4034; x_wconf 80' lang='lat' dir='ltr'><strong>quemadmodum</strong></span> <span class='ocrx_word' id='word_1_327' title='bbox 883 3964 939 4011; x_wconf 94' lang='lat' dir='ltr'><strong>et</strong></span> <span class='ocrx_word' id='word_1_328' title='bbox 965 3955 1066 4014; x_wconf 81' lang='lat' dir='ltr'><strong>fur,</strong></span> <span class='ocrx_word' id='word_1_329' title='bbox 1095 3953 1290 4007; x_wconf 70' lang='lat' dir='ltr'><strong>{niuem</strong></span> <span class='ocrx_word' id='word_1_330' title='bbox 1308 3968 1322 4016; x_wconf 87' lang='lat'><strong>;</strong></span> <span class='ocrx_word' id='word_1_331' title='bbox 1343 3961 1400 4005; x_wconf 78' lang='lat' dir='ltr'><strong>tu</strong></span> <span class='ocrx_word' id='word_1_332' title='bbox 1437 3957 1610 4004; x_wconf 69' lang='lat' dir='ltr'><strong>nubem</strong></span> <span class='ocrx_word' id='word_1_333' title='bbox 1638 3965 1705 4002; x_wconf 86' lang='lat' dir='ltr'><strong>ne</strong></span> <span class='ocrx_word' id='word_1_334' title='bbox 1727 3949 1831 4002; x_wconf 78' lang='lat' dir='ltr'><strong>hoc</strong></span> <span class='ocrx_word' id='word_1_335' title='bbox 1853 3950 1970 4017; x_wconf 88' lang='lat' dir='ltr'><strong>qui-</strong></span> 
     </span>
    </p>
   </div>
   <div class='ocr_carea' id='block_1_42' title="bbox 386 4041 1974 4117">
    <p class='ocr_par' dir='ltr' id='par_1_42' title="bbox 386 4041 1974 4117">
     <span class='ocr_line' id='line_1_42' title="bbox 386 4041 1974 4117; baseline -0.009 -9"><span class='ocrx_word' id='word_1_336' title='bbox 386 4050 806 4117; x_wconf 64' lang='lat' dir='ltr'><strong>dem..Quanam</strong></span> <span class='ocrx_word' id='word_1_337' title='bbox 847 4063 976 4114; x_wconf 74' lang='lat' dir='ltr'><strong>ergo</strong></span> <span class='ocrx_word' id='word_1_338' title='bbox 1013 4046 1079 4100; x_wconf 90' lang='lat' dir='ltr'><strong>de</strong></span> <span class='ocrx_word' id='word_1_339' title='bbox 1111 4059 1294 4105; x_wconf 71' lang='lat' dir='ltr'><strong>musa,</strong></span> <span class='ocrx_word' id='word_1_340' title='bbox 1331 4058 1456 4098; x_wconf 83' lang='lat' dir='ltr'><strong>cum</strong></span> <span class='ocrx_word' id='word_1_341' title='bbox 1499 4058 1603 4096; x_wconf 87' lang='lat' dir='ltr'><strong>non</strong></span> <span class='ocrx_word' id='word_1_342' title='bbox 1653 4041 1843 4096; x_wconf 82' lang='lat' dir='ltr'><strong>fruaris</strong></span> <span class='ocrx_word' id='word_1_343' title='bbox 1883 4057 1974 4094; x_wconf 84' lang='lat' dir='ltr'><strong>vo-</strong></span> 
     </span>
    </p>
   </div>
   <div class='ocr_carea' id='block_1_43' title="bbox 390 4121 1972 4214">
    <p class='ocr_par' dir='ltr' id='par_1_43' title="bbox 390 4121 1972 4214">
     <span class='ocr_line' id='line_1_43' title="bbox 390 4121 1972 4214; baseline -0.008 -15"><span class='ocrx_word' id='word_1_344' title='bbox 390 4148 618 4214; x_wconf 82' lang='lat' dir='ltr'><strong>luptate,</strong></span> <span class='ocrx_word' id='word_1_345' title='bbox 649 4140 892 4210; x_wconf 86' lang='lat' dir='ltr'><strong>supplicii</strong></span> <span class='ocrx_word' id='word_1_346' title='bbox 926 4121 1106 4193; x_wconf 85' lang='lat' dir='ltr'><strong>socius</strong></span> <span class='ocrx_word' id='word_1_347' title='bbox 1133 4148 1187 4192; x_wconf 87' lang='lat' dir='ltr'><strong>et</strong></span> <span class='ocrx_word' id='word_1_348' title='bbox 1216 4137 1477 4206; x_wconf 88' lang='lat' dir='ltr'><strong>particeps</strong></span> <span class='ocrx_word' id='word_1_349' title='bbox 1515 4133 1728 4190; x_wconf 83' lang='lat' dir='ltr'><strong>evadis?</strong></span> <span class='ocrx_word' id='word_1_350' title='bbox 1759 4133 1821 4187; x_wconf 91' lang='lat' dir='ltr'><strong>Et</strong></span> <span class='ocrx_word' id='word_1_351' title='bbox 1853 4132 1972 4187; x_wconf 86' lang='lat' dir='ltr'><strong>ideo</strong></span> 
     </span>
    </p>
   </div>
   <div class='ocr_carea' id='block_1_44' title="bbox 388 4225 1975 4303">
    <p class='ocr_par' dir='ltr' id='par_1_44' title="bbox 388 4225 1975 4303">
     <span class='ocr_line' id='line_1_44' title="bbox 388 4225 1975 4303; baseline -0.008 -12"><span class='ocrx_word' id='word_1_352' title='bbox 388 4235 600 4292; x_wconf 76' lang='lat' dir='ltr'><strong>externi</strong></span> <span class='ocrx_word' id='word_1_353' title='bbox 627 4248 836 4303; x_wconf 86' lang='lat' dir='ltr'><strong>quoque</strong></span> <span class='ocrx_word' id='word_1_354' title='bbox 859 4232 1064 4300; x_wconf 82' lang='lat' dir='ltr'><strong>judices</strong></span> <span class='ocrx_word' id='word_1_355' title='bbox 1089 4246 1193 4283; x_wconf 92' lang='lat' dir='ltr'><strong>non</strong></span> <span class='ocrx_word' id='word_1_356' title='bbox 1221 4245 1314 4284; x_wconf 85' lang='lat' dir='ltr'><strong>eos</strong></span> <span class='ocrx_word' id='word_1_357' title='bbox 1339 4229 1511 4282; x_wconf 87' lang='lat' dir='ltr'><strong>solum</strong></span> <span class='ocrx_word' id='word_1_358' title='bbox 1538 4225 1626 4295; x_wconf 89' lang='lat' dir='ltr'><strong>qui</strong></span> <span class='ocrx_word' id='word_1_359' title='bbox 1653 4225 1827 4280; x_wconf 85' lang='lat' dir='ltr'><strong>scelus</strong></span> <span class='ocrx_word' id='word_1_360' title='bbox 1857 4240 1975 4291; x_wconf 85' lang='lat' dir='ltr'><strong>per-</strong></span> 
     </span>
    </p>
   </div>
   <div class='ocr_carea' id='block_1_45' title="bbox 391 4319 1973 4397">
    <p class='ocr_par' dir='ltr' id='par_1_45' title="bbox 391 4319 1973 4397">
     <span class='ocr_line' id='line_1_45' title="bbox 391 4319 1973 4397; baseline -0.006 -17"><span class='ocrx_word' id='word_1_361' title='bbox 391 4335 700 4397; x_wconf 74' lang='lat' dir='ltr'><strong>petrat-unt,</strong></span> <span class='ocrx_word' id='word_1_362' title='bbox 742 4325 834 4378; x_wconf 88' lang='lat' dir='ltr'><strong>scd</strong></span> <span class='ocrx_word' id='word_1_363' title='bbox 873 4337 1058 4379; x_wconf 83' lang='lat' dir='ltr'><strong>servos</strong></span> <span class='ocrx_word' id='word_1_364' title='bbox 1086 4324 1280 4384; x_wconf 86' lang='lat' dir='ltr'><strong>etiam,</strong></span> <span class='ocrx_word' id='word_1_365' title='bbox 1311 4336 1445 4390; x_wconf 87' lang='lat' dir='ltr'><strong>quos</strong></span> <span class='ocrx_word' id='word_1_366' title='bbox 1486 4320 1713 4375; x_wconf 80' lang='lat' dir='ltr'><strong>videri-nt</strong></span> <span class='ocrx_word' id='word_1_367' title='bbox 1755 4319 1973 4374; x_wconf 87' lang='lat' dir='ltr'><strong>sceleris</strong></span> 
     </span>
    </p>
   </div>
   <div class='ocr_carea' id='block_1_46' title="bbox 393 4411 1970 4485">
    <p class='ocr_par' dir='ltr' id='par_1_46' title="bbox 393 4411 1970 4485">
     <span class='ocr_line' id='line_1_46' title="bbox 393 4411 1970 4485; baseline -0.006 -13"><span class='ocrx_word' id='word_1_368' title='bbox 393 4422 562 4473; x_wconf 84' lang='lat' dir='ltr'><strong>fuisse</strong></span> <span class='ocrx_word' id='word_1_369' title='bbox 581 4417 851 4481; x_wconf 80' lang='lat' dir='ltr'><strong>conscios,</strong></span> <span class='ocrx_word' id='word_1_370' title='bbox 878 4417 1101 4485; x_wconf 87' lang='lat' dir='ltr'><strong>puniunt</strong></span> <span class='ocrx_word' id='word_1_371' title='bbox 1138 4431 1151 4466; x_wconf 91' lang='lat'><strong>:</strong></span> <span class='ocrx_word' id='word_1_372' title='bbox 1183 4423 1238 4468; x_wconf 89' lang='lat' dir='ltr'><strong>et</strong></span> <span class='ocrx_word' id='word_1_373' title='bbox 1269 4413 1466 4467; x_wconf 85' lang='lat' dir='ltr'><strong>domini</strong></span> <span class='ocrx_word' id='word_1_374' title='bbox 1499 4413 1588 4482; x_wconf 85' lang='lat' dir='ltr'><strong>qui</strong></span> <span class='ocrx_word' id='word_1_375' title='bbox 1619 4425 1712 4466; x_wconf 87' lang='lat' dir='ltr'><strong>eos</strong></span> <span class='ocrx_word' id='word_1_376' title='bbox 1739 4411 1970 4474; x_wconf 84' lang='lat' dir='ltr'><strong>tradunt,</strong></span> 
     </span>
    </p>
   </div>
   <div class='ocr_carea' id='block_1_47' title="bbox 395 4504 1977 4577">
    <p class='ocr_par' dir='ltr' id='par_1_47' title="bbox 395 4504 1977 4577">
     <span class='ocr_line' id='line_1_47' title="bbox 395 4504 1977 4577; baseline -0.004 -13"><span class='ocrx_word' id='word_1_377' title='bbox 395 4513 644 4566; x_wconf 80' lang='lat' dir='ltr'><strong>lubenter</strong></span> <span class='ocrx_word' id='word_1_378' title='bbox 666 4523 850 4564; x_wconf 90' lang='lat' dir='ltr'><strong>eorum</strong></span> <span class='ocrx_word' id='word_1_379' title='bbox 890 4507 1196 4577; x_wconf 88' lang='lat' dir='ltr'><strong>sanguinem</strong></span> <span class='ocrx_word' id='word_1_380' title='bbox 1225 4506 1495 4569; x_wconf 86' lang='lat' dir='ltr'><strong>biberent,</strong></span> <span class='ocrx_word' id='word_1_381' title='bbox 1528 4513 1584 4560; x_wconf 83' lang='lat' dir='ltr'><strong>et</strong></span> <span class='ocrx_word' id='word_1_382' title='bbox 1607 4504 1861 4558; x_wconf 88' lang='lat' dir='ltr'><strong>carnibus</strong></span> <span class='ocrx_word' id='word_1_383' title='bbox 1886 4517 1977 4557; x_wconf 87' lang='lat' dir='ltr'><strong>ve-</strong></span> 
     </span>
    </p>
   </div>
   <div class='ocr_carea' id='block_1_48' title="bbox 391 4594 1973 4664">
    <p class='ocr_par' dir='ltr' id='par_1_48' title="bbox 391 4594 1973 4664">
     <span class='ocr_line' id='line_1_48' title="bbox 391 4594 1973 4664; baseline -0.006 -8"><span class='ocrx_word' id='word_1_384' title='bbox 391 4608 694 4663; x_wconf 85' lang='lat' dir='ltr'><strong>scerentur,</strong></span> <span class='ocrx_word' id='word_1_385' title='bbox 719 4613 818 4654; x_wconf 87' lang='lat' dir='ltr'><strong>nec</strong></span> <span class='ocrx_word' id='word_1_386' title='bbox 837 4599 1093 4652; x_wconf 88' lang='lat' dir='ltr'><strong>minorem</strong></span> <span class='ocrx_word' id='word_1_387' title='bbox 1111 4596 1245 4664; x_wconf 87' lang='lat' dir='ltr'><strong>ejus,</strong></span> <span class='ocrx_word' id='word_1_388' title='bbox 1268 4595 1406 4664; x_wconf 90' lang='lat' dir='ltr'><strong>quod</strong></span> <span class='ocrx_word' id='word_1_389' title='bbox 1427 4595 1618 4650; x_wconf 87' lang='lat' dir='ltr'><strong>factum</strong></span> <span class='ocrx_word' id='word_1_390' title='bbox 1639 4603 1740 4658; x_wconf 88' lang='lat' dir='ltr'><strong>est,</strong></span> <span class='ocrx_word' id='word_1_391' title='bbox 1762 4594 1973 4663; x_wconf 85' lang='lat' dir='ltr'><strong>culpam</strong></span> 
     </span>
    </p>
   </div>
   <div class='ocr_carea' id='block_1_49' title="bbox 396 4684 1975 4757">
    <p class='ocr_par' dir='ltr' id='par_1_49' title="bbox 396 4684 1975 4757">
     <span class='ocr_line' id='line_1_49' title="bbox 396 4684 1975 4757; baseline -0.004 -11"><span class='ocrx_word' id='word_1_392' title='bbox 396 4695 448 4746; x_wconf 91' lang='lat' dir='ltr'><strong>in</strong></span> <span class='ocrx_word' id='word_1_393' title='bbox 488 4707 585 4746; x_wconf 89' lang='lat' dir='ltr'><strong>eos</strong></span> <span class='ocrx_word' id='word_1_394' title='bbox 609 4688 908 4753; x_wconf 81' lang='lat' dir='ltr'><strong>conferunt,</strong></span> <span class='ocrx_word' id='word_1_395' title='bbox 943 4701 1108 4757; x_wconf 87' lang='lat' dir='ltr'><strong>quam</strong></span> <span class='ocrx_word' id='word_1_396' title='bbox 1149 4686 1200 4739; x_wconf 89' lang='lat' dir='ltr'><strong>in</strong></span> <span class='ocrx_word' id='word_1_397' title='bbox 1231 4701 1348 4740; x_wconf 89' lang='lat' dir='ltr'><strong>eam</strong></span> <span class='ocrx_word' id='word_1_398' title='bbox 1382 4701 1504 4754; x_wconf 72' lang='lat' dir='ltr'><strong>qua:</strong></span> <span class='ocrx_word' id='word_1_399' title='bbox 1543 4694 1626 4739; x_wconf 87' lang='lat' dir='ltr'><strong>est</strong></span> <span class='ocrx_word' id='word_1_400' title='bbox 1656 4684 1975 4740; x_wconf 84' lang='lat' dir='ltr'><strong>adulterata.</strong></span> 
     </span>
    </p>
   </div>
   <div class='ocr_carea' id='block_1_50' title="bbox 397 4775 1974 4849">
    <p class='ocr_par' dir='ltr' id='par_1_50' title="bbox 397 4775 1974 4849">
     <span class='ocr_line' id='line_1_50' title="bbox 397 4775 1974 4849; baseline -0.003 -15"><span class='ocrx_word' id='word_1_401' title='bbox 397 4782 496 4849; x_wconf 78' lang='lat' dir='ltr'><strong>Qni</strong></span> <span class='ocrx_word' id='word_1_402' title='bbox 547 4781 690 4834; x_wconf 89' lang='lat' dir='ltr'><strong>enim</strong></span> <span class='ocrx_word' id='word_1_403' title='bbox 728 4793 958 4847; x_wconf 82' lang='lat' dir='ltr'><strong>expansa</strong></span> <span class='ocrx_word' id='word_1_404' title='bbox 1001 4778 1115 4831; x_wconf 90' lang='lat' dir='ltr'><strong>vela</strong></span> <span class='ocrx_word' id='word_1_405' title='bbox 1163 4790 1268 4829; x_wconf 88' lang='lat' dir='ltr'><strong>non</strong></span> <span class='ocrx_word' id='word_1_406' title='bbox 1296 4783 1692 4836; x_wconf 86' lang='lat' dir='ltr'><strong>contraxerunt,</strong></span> <span class='ocrx_word' id='word_1_407' title='bbox 1737 4775 1820 4839; x_wconf 90' lang='lat' dir='ltr'><strong>iis,</strong></span> <span class='ocrx_word' id='word_1_408' title='bbox 1855 4791 1974 4844; x_wconf 74' lang='lat' dir='ltr'><strong>quae</strong></span> 
     </span>
    </p>
   </div>
   <div class='ocr_carea' id='block_1_51' title="bbox 400 4866 1974 4937">
    <p class='ocr_par' dir='ltr' id='par_1_51' title="bbox 400 4866 1974 4937">
     <span class='ocr_line' id='line_1_51' title="bbox 400 4866 1974 4937; baseline -0.003 -11"><span class='ocrx_word' id='word_1_409' title='bbox 400 4873 611 4926; x_wconf 84' lang='lat' dir='ltr'><strong>occulte</strong></span> <span class='ocrx_word' id='word_1_410' title='bbox 655 4869 869 4935; x_wconf 78' lang='lat' dir='ltr'><strong>fiebant,</strong></span> <span class='ocrx_word' id='word_1_411' title='bbox 897 4869 1158 4923; x_wconf 84' lang='lat' dir='ltr'><strong>dederunt</strong></span> <span class='ocrx_word' id='word_1_412' title='bbox 1197 4867 1452 4937; x_wconf 78' lang='lat' dir='ltr'><strong>majorem</strong></span> <span class='ocrx_word' id='word_1_413' title='bbox 1484 4867 1781 4920; x_wconf 79' lang='lat' dir='ltr'><strong>facultatem</strong></span> <span class='ocrx_word' id='word_1_414' title='bbox 1813 4885 1827 4920; x_wconf 91' lang='lat'>:</span> <span class='ocrx_word' id='word_1_415' title='bbox 1859 4866 1893 4921; x_wconf 91' lang='lat' dir='ltr'><strong>ii</strong></span> <span class='ocrx_word' id='word_1_416' title='bbox 1919 4877 1974 4922; x_wconf 87' lang='lat' dir='ltr'><strong>et</strong></span> 
     </span>
    </p>
   </div>
   <div class='ocr_carea' id='block_1_52' title="bbox 399 4959 1974 5032">
    <p class='ocr_par' dir='ltr' id='par_1_52' title="bbox 399 4959 1974 5032">
     <span class='ocr_line' id='line_1_52' title="bbox 399 4959 1974 5032; baseline -0.003 -15"><span class='ocrx_word' id='word_1_417' title='bbox 399 4964 664 5020; x_wconf 82' lang='lat' dir='ltr'><strong>adulteri-0</strong></span> <span class='ocrx_word' id='word_1_418' title='bbox 686 4963 934 5032; x_wconf 79' lang='lat' dir='ltr'><strong>pollutam</strong></span> <span class='ocrx_word' id='word_1_419' title='bbox 961 4962 1258 5023; x_wconf 77' lang='lat' dir='ltr'><strong>mulierem,</strong></span> <span class='ocrx_word' id='word_1_420' title='bbox 1285 4970 1340 5014; x_wconf 83' lang='lat' dir='ltr'><strong>et</strong></span> <span class='ocrx_word' id='word_1_421' title='bbox 1363 4959 1608 5013; x_wconf 82' lang='lat' dir='ltr'><strong>maritum</strong></span> <span class='ocrx_word' id='word_1_422' title='bbox 1627 4959 1713 5012; x_wconf 89' lang='lat' dir='ltr'><strong>cui</strong></span> <span class='ocrx_word' id='word_1_423' title='bbox 1740 4960 1870 5013; x_wconf 84' lang='lat' dir='ltr'><strong>facta</strong></span> <span class='ocrx_word' id='word_1_424' title='bbox 1892 4968 1974 5013; x_wconf 87' lang='lat' dir='ltr'><strong>est</strong></span> 
     </span>
    </p>
   </div>
   <div class='ocr_carea' id='block_1_53' title="bbox 404 5050 1974 5123">
    <p class='ocr_par' dir='ltr' id='par_1_53' title="bbox 404 5050 1974 5123">
     <span class='ocr_line' id='line_1_53' title="bbox 404 5050 1974 5123; baseline -0.003 -16"><span class='ocrx_word' id='word_1_425' title='bbox 404 5053 614 5123; x_wconf 81' lang='lat' dir='ltr'><strong>injuria,</strong></span> <span class='ocrx_word' id='word_1_426' title='bbox 638 5062 691 5107; x_wconf 85' lang='lat' dir='ltr'><strong>et</strong></span> <span class='ocrx_word' id='word_1_427' title='bbox 720 5067 844 5107; x_wconf 86' lang='lat' dir='ltr'><strong>eum</strong></span> <span class='ocrx_word' id='word_1_428' title='bbox 876 5053 1047 5122; x_wconf 84' lang='lat' dir='ltr'><strong>ipsum</strong></span> <span class='ocrx_word' id='word_1_429' title='bbox 1072 5051 1166 5119; x_wconf 85' lang='lat' dir='ltr'><strong>qui</strong></span> <span class='ocrx_word' id='word_1_430' title='bbox 1190 5050 1506 5104; x_wconf 85' lang='lat' dir='ltr'><strong>adulterium</strong></span> <span class='ocrx_word' id='word_1_431' title='bbox 1535 5050 1818 5114; x_wconf 75' lang='lat' dir='ltr'><strong>commisit,</strong></span> <span class='ocrx_word' id='word_1_432' title='bbox 1846 5065 1974 5104; x_wconf 87' lang='lat' dir='ltr'><strong>cou-</strong></span> 
     </span>
    </p>
   </div>
   <div class='ocr_carea' id='block_1_54' title="bbox 399 5140 1973 5212">
    <p class='ocr_par' dir='ltr' id='par_1_54' title="bbox 399 5140 1973 5212">
     <span class='ocr_line' id='line_1_54' title="bbox 399 5140 1973 5212; baseline -0.003 -14"><span class='ocrx_word' id='word_1_433' title='bbox 399 5145 614 5199; x_wconf 85' lang='lat' dir='ltr'><strong>tnmelia</strong></span> <span class='ocrx_word' id='word_1_434' title='bbox 649 5152 706 5198; x_wconf 88' lang='lat' dir='ltr'><strong>et</strong></span> <span class='ocrx_word' id='word_1_435' title='bbox 743 5144 937 5212; x_wconf 86' lang='lat' dir='ltr'><strong>probro</strong></span> <span class='ocrx_word' id='word_1_436' title='bbox 977 5142 1284 5196; x_wconf 72' lang='lat' dir='ltr'><strong>affecerunt.</strong></span> <span class='ocrx_word' id='word_1_437' title='bbox 1335 5141 1390 5195; x_wconf 91' lang='lat' dir='ltr'><strong>Si</strong></span> <span class='ocrx_word' id='word_1_438' title='bbox 1434 5141 1574 5194; x_wconf 86' lang='lat' dir='ltr'><strong>enim</strong></span> <span class='ocrx_word' id='word_1_439' title='bbox 1617 5140 1973 5210; x_wconf 65' lang='lat' dir='ltr'><strong>prtenuntias-</strong></span> 
     </span>
    </p>
   </div>
   <div class='ocr_carea' id='block_1_55' title="bbox 399 5233 1971 5302">
    <p class='ocr_par' dir='ltr' id='par_1_55' title="bbox 399 5233 1971 5302">
     <span class='ocr_line' id='line_1_55' title="bbox 399 5233 1971 5302; baseline -0.002 -12"><span class='ocrx_word' id='word_1_440' title='bbox 399 5245 540 5297; x_wconf 84' lang='lat' dir='ltr'><strong>sent,</strong></span> <span class='ocrx_word' id='word_1_441' title='bbox 572 5235 616 5289; x_wconf 88' lang='lat' dir='ltr'><strong>si</strong></span> <span class='ocrx_word' id='word_1_442' title='bbox 639 5234 691 5290; x_wconf 91' lang='lat' dir='ltr'><strong>id</strong></span> <span class='ocrx_word' id='word_1_443' title='bbox 717 5233 1119 5302; x_wconf 74' lang='lat' dir='ltr'><strong>signiﬁcassent,</strong></span> <span class='ocrx_word' id='word_1_444' title='bbox 1161 5233 1343 5287; x_wconf 83' lang='lat' dir='ltr'><strong>abacta</strong></span> <span class='ocrx_word' id='word_1_445' title='bbox 1367 5241 1418 5286; x_wconf 86' lang='lat' dir='ltr'><strong>et</strong></span> <span class='ocrx_word' id='word_1_446' title='bbox 1441 5233 1645 5287; x_wconf 87' lang='lat' dir='ltr'><strong>sublata</strong></span> <span class='ocrx_word' id='word_1_447' title='bbox 1679 5239 1823 5288; x_wconf 83' lang='lat' dir='ltr'><strong>esset</strong></span> <span class='ocrx_word' id='word_1_448' title='bbox 1853 5247 1971 5287; x_wconf 90' lang='lat' dir='ltr'><strong>om-</strong></span> 
     </span>
    </p>
   </div>
   <div class='ocr_carea' id='block_1_56' title="bbox 407 5324 1977 5395">
    <p class='ocr_par' dir='ltr' id='par_1_56' title="bbox 407 5324 1977 5395">
     <span class='ocr_line' id='line_1_56' title="bbox 407 5324 1977 5395; baseline -0.002 -14"><span class='ocrx_word' id='word_1_449' title='bbox 407 5332 484 5381; x_wconf 74' lang='lat' dir='ltr'><strong>nis</strong></span> <span class='ocrx_word' id='word_1_450' title='bbox 523 5327 750 5382; x_wconf 85' lang='lat' dir='ltr'><strong>venatio.</strong></span> <span class='ocrx_word' id='word_1_451' title='bbox 785 5326 852 5380; x_wconf 76' lang='lat' dir='ltr'><strong>Et</strong></span> <span class='ocrx_word' id='word_1_452' title='bbox 889 5325 1332 5395; x_wconf 81' lang='lat' dir='ltr'><strong>quemadmodum</strong></span> <span class='ocrx_word' id='word_1_453' title='bbox 1361 5327 1412 5378; x_wconf 93' lang='lat' dir='ltr'><strong>in</strong></span> <span class='ocrx_word' id='word_1_454' title='bbox 1449 5325 1584 5379; x_wconf 82' lang='lat' dir='ltr'><strong>retia</strong></span> <span class='ocrx_word' id='word_1_455' title='bbox 1610 5325 1838 5380; x_wconf 79' lang='lat' dir='ltr'><strong>maxime</strong></span> <span class='ocrx_word' id='word_1_456' title='bbox 1878 5324 1977 5378; x_wconf 84' lang='lat' dir='ltr'><strong>im—</strong></span> 
     </span>
    </p>
   </div>
   <div class='ocr_carea' id='block_1_57' title="bbox 399 5415 1974 5487">
    <p class='ocr_par' dir='ltr' id='par_1_57' title="bbox 399 5415 1974 5487">
     <span class='ocr_line' id='line_1_57' title="bbox 399 5415 1974 5487; baseline -0.002 -16"><span class='ocrx_word' id='word_1_457' title='bbox 399 5419 645 5480; x_wconf 80' lang='lat' dir='ltr'><strong>mittunt,</strong></span> <span class='ocrx_word' id='word_1_458' title='bbox 676 5419 764 5487; x_wconf 89' lang='lat' dir='ltr'><strong>qui</strong></span> <span class='ocrx_word' id='word_1_459' title='bbox 813 5418 946 5472; x_wconf 89' lang='lat' dir='ltr'><strong>retia</strong></span> <span class='ocrx_word' id='word_1_460' title='bbox 990 5417 1309 5480; x_wconf 83' lang='lat' dir='ltr'><strong>extendunt,</strong></span> <span class='ocrx_word' id='word_1_461' title='bbox 1359 5426 1413 5471; x_wconf 87' lang='lat' dir='ltr'><strong>et</strong></span> <span class='ocrx_word' id='word_1_462' title='bbox 1455 5417 1518 5470; x_wconf 89' lang='lat' dir='ltr'><strong>iis</strong></span> <span class='ocrx_word' id='word_1_463' title='bbox 1561 5431 1678 5486; x_wconf 72' lang='lat' dir='ltr'><strong>qua:</strong></span> <span class='ocrx_word' id='word_1_464' title='bbox 1718 5415 1974 5486; x_wconf 87' lang='lat' dir='ltr'><strong>capienda</strong></span> 
     </span>
    </p>
   </div>
   <div class='ocr_carea' id='block_1_58' title="bbox 405 5506 1970 5576">
    <p class='ocr_par' dir='ltr' id='par_1_58' title="bbox 405 5506 1970 5576">
     <span class='ocr_line' id='line_1_58' title="bbox 405 5506 1970 5576; baseline 0 -16"><span class='ocrx_word' id='word_1_465' title='bbox 405 5517 530 5562; x_wconf 81' lang='lat' dir='ltr'><strong>sunt</strong></span> <span class='ocrx_word' id='word_1_466' title='bbox 547 5506 801 5573; x_wconf 88' lang='lat' dir='ltr'><strong>assident,</strong></span> <span class='ocrx_word' id='word_1_467' title='bbox 824 5521 1140 5576; x_wconf 84' lang='lat' dir='ltr'><strong>omnemque</strong></span> <span class='ocrx_word' id='word_1_468' title='bbox 1158 5506 1336 5561; x_wconf 87' lang='lat' dir='ltr'><strong>dolum</strong></span> <span class='ocrx_word' id='word_1_469' title='bbox 1359 5507 1502 5561; x_wconf 65' lang='lat' dir='ltr'><strong>extrui</strong></span> <span class='ocrx_word' id='word_1_470' title='bbox 1523 5522 1586 5562; x_wconf 84' lang='lat' dir='ltr'><strong>ex</strong></span> <span class='ocrx_word' id='word_1_471' title='bbox 1610 5515 1758 5576; x_wconf 89' lang='lat' dir='ltr'><strong>parte</strong></span> <span class='ocrx_word' id='word_1_472' title='bbox 1777 5507 1970 5568; x_wconf 85' lang='lat' dir='ltr'><strong>celant,</strong></span> 
     </span>
    </p>
   </div>
   <div class='ocr_carea' id='block_1_59' title="bbox 412 5597 1972 5667">
    <p class='ocr_par' dir='ltr' id='par_1_59' title="bbox 412 5597 1972 5667">
     <span class='ocr_line' id='line_1_59' title="bbox 412 5597 1972 5667; baseline 0.001 -18"><span class='ocrx_word' id='word_1_473' title='bbox 412 5612 508 5653; x_wconf 83' lang='lat' dir='ltr'><strong>nec</strong></span> <span class='ocrx_word' id='word_1_474' title='bbox 525 5598 823 5666; x_wconf 79' lang='lat' dir='ltr'><strong>strepitum,</strong></span> <span class='ocrx_word' id='word_1_475' title='bbox 846 5613 946 5653; x_wconf 89' lang='lat' dir='ltr'><strong>nec</strong></span> <span class='ocrx_word' id='word_1_476' title='bbox 963 5598 1156 5667; x_wconf 86' lang='lat' dir='ltr'><strong>aliquid</strong></span> <span class='ocrx_word' id='word_1_477' title='bbox 1177 5597 1318 5656; x_wconf 82' lang='lat' dir='ltr'><strong>aliud</strong></span> <span class='ocrx_word' id='word_1_478' title='bbox 1343 5597 1452 5652; x_wconf 83' lang='lat' dir='ltr'><strong>fieri</strong></span> <span class='ocrx_word' id='word_1_479' title='bbox 1483 5600 1808 5666; x_wconf 89' lang='lat' dir='ltr'><strong>permittunt,</strong></span> <span class='ocrx_word' id='word_1_480' title='bbox 1835 5597 1972 5667; x_wconf 89' lang='lat' dir='ltr'><strong>quod</strong></span> 
     </span>
    </p>
   </div>
   <div class='ocr_carea' id='block_1_60' title="bbox 412 5688 1970 5759">
    <p class='ocr_par' dir='ltr' id='par_1_60' title="bbox 412 5688 1970 5759">
     <span class='ocr_line' id='line_1_60' title="bbox 412 5688 1970 5759; baseline 0.001 -17"><span class='ocrx_word' id='word_1_481' title='bbox 412 5699 588 5757; x_wconf 82' lang='lat' dir='ltr'><strong>posset</strong></span> <span class='ocrx_word' id='word_1_482' title='bbox 628 5688 791 5745; x_wconf 84' lang='lat' dir='ltr'><strong>feram</strong></span> <span class='ocrx_word' id='word_1_483' title='bbox 821 5690 1031 5759; x_wconf 79' lang='lat' dir='ltr'><strong>abigere</strong></span> <span class='ocrx_word' id='word_1_484' title='bbox 1064 5707 1075 5742; x_wconf 91' lang='lat'><strong>:</strong></span> <span class='ocrx_word' id='word_1_485' title='bbox 1105 5689 1172 5744; x_wconf 85' lang='lat' dir='ltr'><strong>ita</strong></span> <span class='ocrx_word' id='word_1_486' title='bbox 1202 5689 1285 5745; x_wconf 84' lang='lat' dir='ltr'><strong>hic</strong></span> <span class='ocrx_word' id='word_1_487' title='bbox 1314 5691 1493 5758; x_wconf 87' lang='lat' dir='ltr'><strong>etiam,</strong></span> <span class='ocrx_word' id='word_1_488' title='bbox 1523 5692 1567 5746; x_wconf 88' lang='lat' dir='ltr'><strong>si</strong></span> <span class='ocrx_word' id='word_1_489' title='bbox 1607 5689 1867 5747; x_wconf 82' lang='lat' dir='ltr'><strong>asscderis</strong></span> <span class='ocrx_word' id='word_1_490' title='bbox 1900 5690 1970 5743; x_wconf 85' lang='lat' dir='ltr'><strong>la-</strong></span> 
     </span>
    </p>
   </div>
   <div class='ocr_carea' id='block_1_61' title="bbox 1509 279 2559 339">
    <p class='ocr_par' dir='ltr' id='par_1_61' title="bbox 1509 279 2559 339">
     <span class='ocr_line' id='line_1_61' title="bbox 1509 279 2559 339; baseline -0.002 -1"><span class='ocrx_word' id='word_1_491' title='bbox 1509 280 1865 338; x_wconf 80' lang='lat' dir='ltr'><strong>EXPOSITIO</strong></span> <span class='ocrx_word' id='word_1_492' title='bbox 1905 279 1968 334; x_wconf 81' lang='lat' dir='ltr'><strong>IN</strong></span> <span class='ocrx_word' id='word_1_493' title='bbox 2008 280 2328 336; x_wconf 74' lang='lat' dir='ltr'><strong>PSALMUM</strong></span> <span class='ocrx_word' id='word_1_494' title='bbox 2372 283 2559 339; x_wconf 72' lang='lat' dir='ltr'><strong>XLIX.</strong></span> 
     </span>
    </p>
   </div>
   <div class='ocr_carea' id='block_1_62' title="bbox 3564 292 3670 350">
    <p class='ocr_par' dir='ltr' id='par_1_62' title="bbox 3564 292 3670 350">
     <span class='ocr_line' id='line_1_62' title="bbox 3564 292 3670 350; baseline 0.038 -4"><span class='ocrx_word' id='word_1_495' title='bbox 3564 292 3670 350; x_wconf 60' lang='lat'><strong>254</strong></span> 
     </span>
    </p>
   </div>
   <div class='ocr_carea' id='block_1_63' title="bbox 2085 395 3666 465">
    <p class='ocr_par' dir='ltr' id='par_1_63' title="bbox 2085 395 3666 465">
     <span class='ocr_line' id='line_1_63' title="bbox 2085 395 3666 465; baseline 0.012 -20"><span class='ocrx_word' id='word_1_496' title='bbox 2085 409 2242 463; x_wconf 88' lang='lat' dir='ltr'><strong>queo,</strong></span> <span class='ocrx_word' id='word_1_497' title='bbox 2269 395 2358 464; x_wconf 90' lang='lat' dir='ltr'><strong>qui</strong></span> <span class='ocrx_word' id='word_1_498' title='bbox 2379 401 2459 450; x_wconf 89' lang='lat' dir='ltr'><strong>est</strong></span> <span class='ocrx_word' id='word_1_499' title='bbox 2480 396 2681 464; x_wconf 90' lang='lat' dir='ltr'><strong>positus</strong></span> <span class='ocrx_word' id='word_1_500' title='bbox 2701 411 2728 448; x_wconf 90' lang='lat' dir='ltr'><strong>a</strong></span> <span class='ocrx_word' id='word_1_501' title='bbox 2754 397 2986 465; x_wconf 88' lang='lat' dir='ltr'><strong>diabolo,</strong></span> <span class='ocrx_word' id='word_1_502' title='bbox 3019 409 3209 456; x_wconf 86' lang='lat' dir='ltr'><strong>etcum</strong></span> <span class='ocrx_word' id='word_1_503' title='bbox 3233 405 3369 459; x_wconf 90' lang='lat' dir='ltr'><strong>scias</strong></span> <span class='ocrx_word' id='word_1_504' title='bbox 3395 405 3508 462; x_wconf 89' lang='lat' dir='ltr'><strong>fore</strong></span> <span class='ocrx_word' id='word_1_505' title='bbox 3531 421 3586 462; x_wconf 92' lang='lat' dir='ltr'><strong>ut</strong></span> <span class='ocrx_word' id='word_1_506' title='bbox 3615 412 3666 464; x_wconf 90' lang='lat' dir='ltr'><strong>in</strong></span> 
     </span>
    </p>
   </div>
   <div class='ocr_carea' id='block_1_64' title="bbox 2081 485 3662 565">
    <p class='ocr_par' dir='ltr' id='par_1_64' title="bbox 2081 485 3662 565">
     <span class='ocr_line' id='line_1_64' title="bbox 2081 485 3662 565; baseline 0.014 -29"><span class='ocrx_word' id='word_1_507' title='bbox 2081 499 2200 538; x_wconf 90' lang='lat' dir='ltr'><strong>eum</strong></span> <span class='ocrx_word' id='word_1_508' title='bbox 2231 485 2438 540; x_wconf 88' lang='lat' dir='ltr'><strong>adulter</strong></span> <span class='ocrx_word' id='word_1_509' title='bbox 2480 488 2695 555; x_wconf 84' lang='lat' dir='ltr'><strong>incidat,</strong></span> <span class='ocrx_word' id='word_1_510' title='bbox 2739 507 2911 560; x_wconf 91' lang='lat' dir='ltr'><strong>neque</strong></span> <span class='ocrx_word' id='word_1_511' title='bbox 2954 495 3237 562; x_wconf 87' lang='lat' dir='ltr'><strong>strepitum</strong></span> <span class='ocrx_word' id='word_1_512' title='bbox 3269 497 3416 565; x_wconf 87' lang='lat' dir='ltr'><strong>edas,</strong></span> <span class='ocrx_word' id='word_1_513' title='bbox 3449 517 3547 558; x_wconf 90' lang='lat' dir='ltr'><strong>nec</strong></span> <span class='ocrx_word' id='word_1_514' title='bbox 3577 515 3662 558; x_wconf 83' lang='lat' dir='ltr'><strong>tu-</strong></span> 
     </span>
    </p>
   </div>
   <div class='ocr_carea' id='block_1_65' title="bbox 2083 577 3706 658">
    <p class='ocr_par' dir='ltr' id='par_1_65' title="bbox 2083 577 3706 658">
     <span class='ocr_line' id='line_1_65' title="bbox 2083 577 3706 658; baseline 0.013 -32"><span class='ocrx_word' id='word_1_515' title='bbox 2083 577 2303 628; x_wconf 87' lang='lat' dir='ltr'><strong>multum</strong></span> <span class='ocrx_word' id='word_1_516' title='bbox 2339 578 2559 644; x_wconf 82' lang='lat' dir='ltr'><strong>excites,</strong></span> <span class='ocrx_word' id='word_1_517' title='bbox 2595 587 2719 633; x_wconf 94' lang='lat' dir='ltr'><strong>tunc</strong></span> <span class='ocrx_word' id='word_1_518' title='bbox 2747 586 3127 658; x_wconf 83' lang='lat' dir='ltr'><strong>cummaxime</strong></span> <span class='ocrx_word' id='word_1_519' title='bbox 3156 589 3354 655; x_wconf 89' lang='lat' dir='ltr'><strong>perdis.</strong></span> <span class='ocrx_word' id='word_1_520' title='bbox 3701 583 3706 639; x_wconf 71' lang='grc' dir='ltr'><strong>ἶ</strong></span> 
     </span>
    </p>
   </div>
   <div class='ocr_carea' id='block_1_66' title="bbox 2151 665 3665 741">
    <p class='ocr_par' dir='ltr' id='par_1_66' title="bbox 2151 665 3665 741">
     <span class='ocr_line' id='line_1_66' title="bbox 2151 665 3665 741; baseline 0.015 -22"><span class='ocrx_word' id='word_1_521' title='bbox 2151 665 2384 721; x_wconf 74' lang='lat' dir='ltr'><strong>Proximi</strong></span> <span class='ocrx_word' id='word_1_522' title='bbox 2412 686 2533 722; x_wconf 86' lang='lat' dir='ltr'><strong>cura</strong></span> <span class='ocrx_word' id='word_1_523' title='bbox 2560 671 2803 726; x_wconf 82' lang='lat' dir='ltr'><strong>habenda.</strong></span> <span class='ocrx_word' id='word_1_524' title='bbox 2823 704 2895 714; x_wconf 78' lang='lat'><strong>-</strong></span> <span class='ocrx_word' id='word_1_525' title='bbox 2915 674 2992 730; x_wconf 87' lang='lat' dir='ltr'><strong>Ne</strong></span> <span class='ocrx_word' id='word_1_526' title='bbox 3011 679 3152 732; x_wconf 92' lang='lat' dir='ltr'><strong>enim</strong></span> <span class='ocrx_word' id='word_1_527' title='bbox 3180 679 3376 738; x_wconf 73' lang='lat' dir='ltr'><strong>dixeris</strong></span> <span class='ocrx_word' id='word_1_528' title='bbox 3403 683 3529 740; x_wconf 90' lang='lat' dir='ltr'><strong>illud</strong></span> <span class='ocrx_word' id='word_1_529' title='bbox 3549 703 3665 741; x_wconf 76' lang='lat' dir='ltr'><strong>ver-</strong></span> 
     </span>
    </p>
   </div>
   <div class='ocr_carea' id='block_1_67' title="bbox 2084 755 3663 842">
    <p class='ocr_par' dir='ltr' id='par_1_67' title="bbox 2084 755 3663 842">
     <span class='ocr_line' id='line_1_67' title="bbox 2084 755 3663 842; baseline 0.016 -35"><span class='ocrx_word' id='word_1_530' title='bbox 2084 755 2228 819; x_wconf 90' lang='lat' dir='ltr'><strong>lnnn,</strong></span> <span class='ocrx_word' id='word_1_531' title='bbox 2255 759 2393 826; x_wconf 90' lang='lat' dir='ltr'><strong>quod</strong></span> <span class='ocrx_word' id='word_1_532' title='bbox 2425 775 2611 829; x_wconf 80' lang='lat' dir='ltr'><strong>magna</strong></span> <span class='ocrx_word' id='word_1_533' title='bbox 2645 761 2931 818; x_wconf 87' lang='lat' dir='ltr'><strong>indolentia</strong></span> <span class='ocrx_word' id='word_1_534' title='bbox 2965 768 3175 836; x_wconf 90' lang='lat' dir='ltr'><strong>plenum</strong></span> <span class='ocrx_word' id='word_1_535' title='bbox 3213 781 3294 825; x_wconf 90' lang='lat' dir='ltr'><strong>est</strong></span> <span class='ocrx_word' id='word_1_536' title='bbox 3325 790 3338 825; x_wconf 88' lang='lat'><strong>:</strong></span> <span class='ocrx_word' id='word_1_537' title='bbox 3367 771 3504 842; x_wconf 85' lang='lat' dir='ltr'><strong>Quid</strong></span> <span class='ocrx_word' id='word_1_538' title='bbox 3535 777 3663 834; x_wconf 89' lang='lat' dir='ltr'><strong>mihi</strong></span> 
     </span>
    </p>
   </div>
   <div class='ocr_carea' id='block_1_68' title="bbox 2079 850 3665 924">
    <p class='ocr_par' dir='ltr' id='par_1_68' title="bbox 2079 850 3665 924">
     <span class='ocr_line' id='line_1_68' title="bbox 2079 850 3665 924; baseline 0.015 -23"><span class='ocrx_word' id='word_1_539' title='bbox 2079 864 2219 902; x_wconf 75' lang='lat' dir='ltr'><strong>curm</strong></span> <span class='ocrx_word' id='word_1_540' title='bbox 2243 850 2362 903; x_wconf 90' lang='lat' dir='ltr'><strong>est?</strong></span> <span class='ocrx_word' id='word_1_541' title='bbox 2401 866 2529 906; x_wconf 91' lang='lat' dir='ltr'><strong>curo</strong></span> <span class='ocrx_word' id='word_1_542' title='bbox 2561 869 2658 922; x_wconf 82' lang='lat' dir='ltr'><strong>ego</strong></span> <span class='ocrx_word' id='word_1_543' title='bbox 2690 871 2806 910; x_wconf 90' lang='lat' dir='ltr'><strong>mea</strong></span> <span class='ocrx_word' id='word_1_544' title='bbox 2833 874 2846 909; x_wconf 87' lang='lat'><strong>:</strong></span> <span class='ocrx_word' id='word_1_545' title='bbox 2889 869 3015 913; x_wconf 90' lang='lat' dir='ltr'><strong>tunc</strong></span> <span class='ocrx_word' id='word_1_546' title='bbox 3043 862 3182 916; x_wconf 88' lang='lat' dir='ltr'><strong>enim</strong></span> <span class='ocrx_word' id='word_1_547' title='bbox 3211 872 3294 917; x_wconf 90' lang='lat' dir='ltr'><strong>tua</strong></span> <span class='ocrx_word' id='word_1_548' title='bbox 3319 869 3546 923; x_wconf 87' lang='lat' dir='ltr'><strong>maxime</strong></span> <span class='ocrx_word' id='word_1_549' title='bbox 3572 884 3665 924; x_wconf 90' lang='lat' dir='ltr'><strong>cu-</strong></span> 
     </span>
    </p>
   </div>
   <div class='ocr_carea' id='block_1_69' title="bbox 2079 941 3659 1028">
    <p class='ocr_par' dir='ltr' id='par_1_69' title="bbox 2079 941 3659 1028">
     <span class='ocr_line' id='line_1_69' title="bbox 2079 941 3659 1028; baseline 0.014 -36"><span class='ocrx_word' id='word_1_550' title='bbox 2079 941 2240 1006; x_wconf 80' lang='lat' dir='ltr'><strong>rabis,</strong></span> <span class='ocrx_word' id='word_1_551' title='bbox 2275 943 2485 1011; x_wconf 90' lang='lat' dir='ltr'><strong>quando</strong></span> <span class='ocrx_word' id='word_1_552' title='bbox 2528 955 2610 998; x_wconf 89' lang='lat' dir='ltr'><strong>tua</strong></span> <span class='ocrx_word' id='word_1_553' title='bbox 2639 963 2846 1016; x_wconf 75' lang='lat' dir='ltr'><strong>quaeres</strong></span> <span class='ocrx_word' id='word_1_554' title='bbox 2875 949 2926 1003; x_wconf 93' lang='lat' dir='ltr'><strong>in</strong></span> <span class='ocrx_word' id='word_1_555' title='bbox 2959 967 3024 1004; x_wconf 92' lang='lat' dir='ltr'><strong>eo</strong></span> <span class='ocrx_word' id='word_1_556' title='bbox 3047 955 3186 1022; x_wconf 88' lang='lat' dir='ltr'><strong>quod</strong></span> <span class='ocrx_word' id='word_1_557' title='bbox 3215 965 3295 1010; x_wconf 90' lang='lat' dir='ltr'><strong>est</strong></span> <span class='ocrx_word' id='word_1_558' title='bbox 3325 957 3450 1013; x_wconf 90' lang='lat' dir='ltr'><strong>utile</strong></span> <span class='ocrx_word' id='word_1_559' title='bbox 3478 963 3659 1028; x_wconf 85' lang='lat' dir='ltr'><strong>proxi-</strong></span> 
     </span>
    </p>
   </div>
   <div class='ocr_carea' id='block_1_70' title="bbox 2078 1033 3662 1121">
    <p class='ocr_par' dir='ltr' id='par_1_70' title="bbox 2078 1033 3662 1121">
     <span class='ocr_line' id='line_1_70' title="bbox 2078 1033 3662 1121; baseline 0.016 -38"><span class='ocrx_word' id='word_1_560' title='bbox 2078 1047 2184 1085; x_wconf 88' lang='lat' dir='ltr'><strong>mo.</strong></span> <span class='ocrx_word' id='word_1_561' title='bbox 2216 1033 2416 1088; x_wconf 88' lang='lat' dir='ltr'><strong>Etideo</strong></span> <span class='ocrx_word' id='word_1_562' title='bbox 2444 1035 2649 1090; x_wconf 89' lang='lat' dir='ltr'><strong>dicebat</strong></span> <span class='ocrx_word' id='word_1_563' title='bbox 2671 1037 2864 1096; x_wconf 81' lang='lat' dir='ltr'><strong>Paulus</strong></span> <span class='ocrx_word' id='word_1_564' title='bbox 2889 1059 2902 1094; x_wconf 89' lang='lat'><strong>:</strong></span> <span class='ocrx_word' id='word_1_565' title='bbox 2935 1040 3099 1096; x_wconf 84' lang='lat' dir='ltr'><strong>Nemo</strong></span> <span class='ocrx_word' id='word_1_566' title='bbox 3119 1048 3251 1114; x_wconf 80' lang='lat' dir='ltr'><strong>quod</strong></span> <span class='ocrx_word' id='word_1_567' title='bbox 3271 1066 3417 1101; x_wconf 84' lang='lat' dir='ltr'><strong>suum</strong></span> <span class='ocrx_word' id='word_1_568' title='bbox 3437 1062 3509 1106; x_wconf 81' lang='lat' dir='ltr'><strong>est</strong></span> <span class='ocrx_word' id='word_1_569' title='bbox 3530 1071 3662 1121; x_wconf 70' lang='lat' dir='ltr'><strong>quie-</strong></span> 
     </span>
    </p>
   </div>
   <div class='ocr_carea' id='block_1_71' title="bbox 2077 1127 3658 1211">
    <p class='ocr_par' dir='ltr' id='par_1_71' title="bbox 2077 1127 3658 1211">
     <span class='ocr_line' id='line_1_71' title="bbox 2077 1127 3658 1211; baseline 0.016 -36"><span class='ocrx_word' id='word_1_570' title='bbox 2077 1134 2175 1190; x_wconf 91' lang='lat' dir='ltr'><strong>rat,</strong></span> <span class='ocrx_word' id='word_1_571' title='bbox 2205 1127 2294 1180; x_wconf 83' lang='lat' dir='ltr'><strong>sed</strong></span> <span class='ocrx_word' id='word_1_572' title='bbox 2327 1130 2461 1197; x_wconf 85' lang='lat' dir='ltr'><strong>quod</strong></span> <span class='ocrx_word' id='word_1_573' title='bbox 2501 1129 2706 1184; x_wconf 85' lang='lat' dir='ltr'><strong>alterius</strong></span> <span class='ocrx_word' id='word_1_574' title='bbox 2737 1131 2813 1200; x_wconf 85' lang='lat' dir='ltr'><strong>(l.</strong></span> <span class='ocrx_word' id='word_1_575' title='bbox 2857 1132 2973 1188; x_wconf 83' lang='lat' dir='ltr'><strong>Cor.</strong></span> <span class='ocrx_word' id='word_1_576' title='bbox 3010 1135 3093 1191; x_wconf 85' lang='lat' dir='ltr'><strong>lO.</strong></span> <span class='ocrx_word' id='word_1_577' title='bbox 3127 1136 3240 1209; x_wconf 73' lang='grc'><strong>24).</strong></span> <span class='ocrx_word' id='word_1_578' title='bbox 3284 1139 3355 1197; x_wconf 89' lang='lat' dir='ltr'><strong>Ut</strong></span> <span class='ocrx_word' id='word_1_579' title='bbox 3397 1143 3658 1211; x_wconf 82' lang='lat' dir='ltr'><strong>invenias,</strong></span> 
     </span>
    </p>
   </div>
   <div class='ocr_carea' id='block_1_72' title="bbox 2077 1219 3652 1299">
    <p class='ocr_par' dir='ltr' id='par_1_72' title="bbox 2077 1219 3652 1299">
     <span class='ocr_line' id='line_1_72' title="bbox 2077 1219 3652 1299; baseline 0.012 -28"><span class='ocrx_word' id='word_1_580' title='bbox 2077 1219 2265 1288; x_wconf 89' lang='lat' dir='ltr'><strong>inquit,</strong></span> <span class='ocrx_word' id='word_1_581' title='bbox 2293 1221 2432 1289; x_wconf 90' lang='lat' dir='ltr'><strong>quod</strong></span> <span class='ocrx_word' id='word_1_582' title='bbox 2467 1231 2608 1276; x_wconf 91' lang='lat' dir='ltr'><strong>tuum</strong></span> <span class='ocrx_word' id='word_1_583' title='bbox 2653 1233 2753 1289; x_wconf 87' lang='lat' dir='ltr'><strong>est,</strong></span> <span class='ocrx_word' id='word_1_584' title='bbox 2781 1242 2959 1294; x_wconf 79' lang='lat' dir='ltr'><strong>quzere</strong></span> <span class='ocrx_word' id='word_1_585' title='bbox 2999 1230 3138 1299; x_wconf 86' lang='lat' dir='ltr'><strong>quod</strong></span> <span class='ocrx_word' id='word_1_586' title='bbox 3174 1241 3257 1287; x_wconf 89' lang='lat' dir='ltr'><strong>est</strong></span> <span class='ocrx_word' id='word_1_587' title='bbox 3290 1235 3531 1291; x_wconf 89' lang='lat' dir='ltr'><strong>alterius.</strong></span> <span class='ocrx_word' id='word_1_588' title='bbox 3580 1236 3652 1292; x_wconf 77' lang='lat' dir='ltr'><strong>Os</strong></span> 
     </span>
    </p>
   </div>
   <div class='ocr_carea' id='block_1_73' title="bbox 2075 1301 3660 1389">
    <p class='ocr_par' dir='ltr' id='par_1_73' title="bbox 2075 1301 3660 1389">
     <span class='ocr_line' id='line_1_73' title="bbox 2075 1301 3660 1389; baseline 0.012 -27"><span class='ocrx_word' id='word_1_589' title='bbox 2075 1319 2214 1362; x_wconf 82' lang='lat' dir='ltr'><strong>tuum</strong></span> <span class='ocrx_word' id='word_1_590' title='bbox 2256 1312 2524 1366; x_wconf 80' lang='lat' dir='ltr'><strong>abundavit</strong></span> <span class='ocrx_word' id='word_1_591' title='bbox 2555 1301 2768 1381; x_wconf 70' lang='lat' dir='ltr'><strong>malitia,</strong></span> <span class='ocrx_word' id='word_1_592' title='bbox 2810 1329 2856 1370; x_wconf 89' lang='lat' dir='ltr'><strong>et</strong></span> <span class='ocrx_word' id='word_1_593' title='bbox 2882 1321 3053 1389; x_wconf 82' lang='lat' dir='ltr'><strong>lingua</strong></span> <span class='ocrx_word' id='word_1_594' title='bbox 3090 1334 3176 1376; x_wconf 87' lang='lat' dir='ltr'><strong>tua</strong></span> <span class='ocrx_word' id='word_1_595' title='bbox 3213 1329 3538 1382; x_wconf 81' lang='lat' dir='ltr'><strong>concinnabat</strong></span> <span class='ocrx_word' id='word_1_596' title='bbox 3565 1331 3660 1381; x_wconf 80' lang='lat' dir='ltr'><strong>dn-</strong></span> 
     </span>
    </p>
   </div>
   <div class='ocr_carea' id='block_1_74' title="bbox 2077 1402 3656 1486">
    <p class='ocr_par' dir='ltr' id='par_1_74' title="bbox 2077 1402 3656 1486">
     <span class='ocr_line' id='line_1_74' title="bbox 2077 1402 3656 1486; baseline 0.013 -31"><span class='ocrx_word' id='word_1_597' title='bbox 2077 1402 2172 1457; x_wconf 82' lang='lat' dir='ltr'><strong>los.</strong></span> <span class='ocrx_word' id='word_1_598' title='bbox 2215 1403 2409 1458; x_wconf 83' lang='lat' dir='ltr'><strong>Sedens</strong></span> <span class='ocrx_word' id='word_1_599' title='bbox 2451 1406 2690 1461; x_wconf 81' lang='lat' dir='ltr'><strong>adversus</strong></span> <span class='ocrx_word' id='word_1_600' title='bbox 2720 1412 2927 1480; x_wconf 76' lang='lat' dir='ltr'><strong>fratrem</strong></span> <span class='ocrx_word' id='word_1_601' title='bbox 2973 1423 3112 1466; x_wconf 85' lang='lat' dir='ltr'><strong>tuum</strong></span> <span class='ocrx_word' id='word_1_602' title='bbox 3139 1417 3438 1486; x_wconf 81' lang='lat' dir='ltr'><strong>loquebaris,</strong></span> <span class='ocrx_word' id='word_1_603' title='bbox 3468 1409 3656 1475; x_wconf 50' lang='lat' dir='ltr'><strong>et‘ad-</strong></span> 
     </span>
    </p>
   </div>
   <div class='ocr_carea' id='block_1_75' title="bbox 2077 1498 3654 1569">
    <p class='ocr_par' dir='ltr' id='par_1_75' title="bbox 2077 1498 3654 1569">
     <span class='ocr_line' id='line_1_75' title="bbox 2077 1498 3654 1569; baseline 0.013 -22"><span class='ocrx_word' id='word_1_604' title='bbox 2077 1510 2246 1550; x_wconf 81' lang='lat' dir='ltr'><strong>versus</strong></span> <span class='ocrx_word' id='word_1_605' title='bbox 2271 1498 2434 1564; x_wconf 83' lang='lat' dir='ltr'><strong>ﬁliam</strong></span> <span class='ocrx_word' id='word_1_606' title='bbox 2461 1501 2634 1552; x_wconf 82' lang='lat' dir='ltr'><strong>matris</strong></span> <span class='ocrx_word' id='word_1_607' title='bbox 2672 1511 2769 1555; x_wconf 75' lang='lat' dir='ltr'><strong>tute</strong></span> <span class='ocrx_word' id='word_1_608' title='bbox 2806 1506 3022 1566; x_wconf 83' lang='lat' dir='ltr'><strong>ponebas</strong></span> <span class='ocrx_word' id='word_1_609' title='bbox 3059 1510 3377 1568; x_wconf 84' lang='lat' dir='ltr'><strong>scandalum.</strong></span> <span class='ocrx_word' id='word_1_610' title='bbox 3405 1513 3480 1568; x_wconf 85' lang='lat' dir='ltr'><strong>Ne</strong></span> <span class='ocrx_word' id='word_1_611' title='bbox 3513 1517 3654 1569; x_wconf 88' lang='lat' dir='ltr'><strong>enim</strong></span> 
     </span>
    </p>
   </div>
   <div class='ocr_carea' id='block_1_76' title="bbox 2075 1586 3653 1672">
    <p class='ocr_par' dir='ltr' id='par_1_76' title="bbox 2075 1586 3653 1672">
     <span class='ocr_line' id='line_1_76' title="bbox 2075 1586 3653 1672; baseline 0.015 -33"><span class='ocrx_word' id='word_1_612' title='bbox 2075 1586 2311 1642; x_wconf 86' lang='lat' dir='ltr'><strong>diceret:</strong></span> <span class='ocrx_word' id='word_1_613' title='bbox 2345 1589 2456 1645; x_wconf 89' lang='lat' dir='ltr'><strong>lloc</strong></span> <span class='ocrx_word' id='word_1_614' title='bbox 2486 1590 2619 1646; x_wconf 90' lang='lat' dir='ltr'><strong>facio</strong></span> <span class='ocrx_word' id='word_1_615' title='bbox 2645 1609 2709 1647; x_wconf 83' lang='lat' dir='ltr'><strong>ex</strong></span> <span class='ocrx_word' id='word_1_616' title='bbox 2740 1594 3070 1653; x_wconf 86' lang='lat' dir='ltr'><strong>humanitate</strong></span> <span class='ocrx_word' id='word_1_617' title='bbox 3101 1618 3114 1649; x_wconf 91' lang='lat'>:</span> <span class='ocrx_word' id='word_1_618' title='bbox 3163 1616 3326 1672; x_wconf 89' lang='lat' dir='ltr'><strong>ecqua</strong></span> <span class='ocrx_word' id='word_1_619' title='bbox 3369 1615 3511 1660; x_wconf 87' lang='lat' dir='ltr'><strong>certe</strong></span> <span class='ocrx_word' id='word_1_620' title='bbox 3539 1604 3653 1662; x_wconf 80' lang='lat' dir='ltr'><strong>fue-</strong></span> 
     </span>
    </p>
   </div>
   <div class='ocr_carea' id='block_1_77' title="bbox 2073 1677 3653 1752">
    <p class='ocr_par' dir='ltr' id='par_1_77' title="bbox 2073 1677 3653 1752">
     <span class='ocr_line' id='line_1_77' title="bbox 2073 1677 3653 1752; baseline 0.013 -22"><span class='ocrx_word' id='word_1_621' title='bbox 2073 1677 2138 1730; x_wconf 89' lang='lat' dir='ltr'><strong>rit</strong></span> <span class='ocrx_word' id='word_1_622' title='bbox 2168 1679 2486 1746; x_wconf 89' lang='lat' dir='ltr'><strong>humanitas,</strong></span> <span class='ocrx_word' id='word_1_623' title='bbox 2511 1697 2631 1736; x_wconf 90' lang='lat' dir='ltr'><strong>eum</strong></span> <span class='ocrx_word' id='word_1_624' title='bbox 2659 1685 2745 1752; x_wconf 91' lang='lat' dir='ltr'><strong>qui</strong></span> <span class='ocrx_word' id='word_1_625' title='bbox 2768 1699 2990 1740; x_wconf 90' lang='lat' dir='ltr'><strong>casurus</strong></span> <span class='ocrx_word' id='word_1_626' title='bbox 3015 1697 3094 1742; x_wconf 88' lang='lat' dir='ltr'><strong>est</strong></span> <span class='ocrx_word' id='word_1_627' title='bbox 3120 1689 3171 1744; x_wconf 91' lang='lat' dir='ltr'><strong>in</strong></span> <span class='ocrx_word' id='word_1_628' title='bbox 3206 1691 3514 1749; x_wconf 85' lang='lat' dir='ltr'><strong>barathrum</strong></span> <span class='ocrx_word' id='word_1_629' title='bbox 3547 1712 3653 1751; x_wconf 89' lang='lat' dir='ltr'><strong>non</strong></span> 
     </span>
    </p>
   </div>
   <div class='ocr_carea' id='block_1_78' title="bbox 2075 1767 3656 1851">
    <p class='ocr_par' dir='ltr' id='par_1_78' title="bbox 2075 1767 3656 1851">
     <span class='ocr_line' id='line_1_78' title="bbox 2075 1767 3656 1851; baseline 0.013 -33"><span class='ocrx_word' id='word_1_630' title='bbox 2075 1767 2355 1835; x_wconf 86' lang='lat' dir='ltr'><strong>prohibere</strong></span> <span class='ocrx_word' id='word_1_631' title='bbox 2395 1785 2492 1825; x_wconf 90' lang='lat' dir='ltr'><strong>nec</strong></span> <span class='ocrx_word' id='word_1_632' title='bbox 2517 1772 2792 1827; x_wconf 86' lang='lat' dir='ltr'><strong>retinere?</strong></span> <span class='ocrx_word' id='word_1_633' title='bbox 2824 1775 3015 1844; x_wconf 65' lang='lat' dir='ltr'><strong>iniqum</strong></span> <span class='ocrx_word' id='word_1_634' title='bbox 3056 1779 3306 1848; x_wconf 86' lang='lat' dir='ltr'><strong>voluptati</strong></span> <span class='ocrx_word' id='word_1_635' title='bbox 3333 1785 3656 1851; x_wconf 75' lang='lat' dir='ltr'><strong>gratiﬁcari?</strong></span> 
     </span>
    </p>
   </div>
   <div class='ocr_carea' id='block_1_79' title="bbox 2071 1861 3653 1941">
    <p class='ocr_par' dir='ltr' id='par_1_79' title="bbox 2071 1861 3653 1941">
     <span class='ocr_line' id='line_1_79' title="bbox 2071 1861 3653 1941; baseline 0.012 -29"><span class='ocrx_word' id='word_1_636' title='bbox 2071 1873 2193 1912; x_wconf 90' lang='lat' dir='ltr'><strong>eum</strong></span> <span class='ocrx_word' id='word_1_637' title='bbox 2223 1861 2309 1928; x_wconf 89' lang='lat' dir='ltr'><strong>qui</strong></span> <span class='ocrx_word' id='word_1_638' title='bbox 2339 1861 2669 1917; x_wconf 90' lang='lat' dir='ltr'><strong>mortiferum</strong></span> <span class='ocrx_word' id='word_1_639' title='bbox 2697 1864 2827 1920; x_wconf 88' lang='lat' dir='ltr'><strong>bibit</strong></span> <span class='ocrx_word' id='word_1_640' title='bbox 2847 1882 3108 1922; x_wconf 84' lang='lat' dir='ltr'><strong>venenum</strong></span> <span class='ocrx_word' id='word_1_641' title='bbox 3132 1873 3435 1941; x_wconf 76' lang='lat' dir='ltr'><strong>negligere?</strong></span> <span class='ocrx_word' id='word_1_642' title='bbox 3460 1875 3653 1931; x_wconf 76' lang='lat' dir='ltr'><strong>Verum</strong></span> 
     </span>
    </p>
   </div>
   <div class='ocr_carea' id='block_1_80' title="bbox 2072 1953 3656 2028">
    <p class='ocr_par' dir='ltr' id='par_1_80' title="bbox 2072 1953 3656 2028">
     <span class='ocr_line' id='line_1_80' title="bbox 2072 1953 3656 2028; baseline 0.013 -23"><span class='ocrx_word' id='word_1_643' title='bbox 2072 1968 2141 2007; x_wconf 90' lang='lat' dir='ltr'><strong>ne</strong></span> <span class='ocrx_word' id='word_1_644' title='bbox 2165 1953 2264 2008; x_wconf 91' lang='lat' dir='ltr'><strong>hoc</strong></span> <span class='ocrx_word' id='word_1_645' title='bbox 2285 1956 2498 2024; x_wconf 90' lang='lat' dir='ltr'><strong>quidem</strong></span> <span class='ocrx_word' id='word_1_646' title='bbox 2528 1959 2728 2027; x_wconf 87' lang='lat' dir='ltr'><strong>poteris</strong></span> <span class='ocrx_word' id='word_1_647' title='bbox 2755 1960 2952 2014; x_wconf 89' lang='lat' dir='ltr'><strong>dicere.</strong></span> <span class='ocrx_word' id='word_1_648' title='bbox 2979 1961 3128 2028; x_wconf 87' lang='lat' dir='ltr'><strong>Quod</strong></span> <span class='ocrx_word' id='word_1_649' title='bbox 3155 1967 3296 2018; x_wconf 89' lang='lat' dir='ltr'><strong>enim</strong></span> <span class='ocrx_word' id='word_1_650' title='bbox 3329 1983 3431 2020; x_wconf 92' lang='lat' dir='ltr'><strong>non</strong></span> <span class='ocrx_word' id='word_1_651' title='bbox 3462 1969 3522 2022; x_wconf 90' lang='lat' dir='ltr'><strong>sit</strong></span> <span class='ocrx_word' id='word_1_652' title='bbox 3556 1969 3656 2025; x_wconf 87' lang='lat' dir='ltr'><strong>hoc</strong></span> 
     </span>
    </p>
   </div>
   <div class='ocr_carea' id='block_1_81' title="bbox 2073 2041 3648 2121">
    <p class='ocr_par' dir='ltr' id='par_1_81' title="bbox 2073 2041 3648 2121">
     <span class='ocr_line' id='line_1_81' title="bbox 2073 2041 3648 2121; baseline 0.01 -26"><span class='ocrx_word' id='word_1_653' title='bbox 2073 2041 2434 2105; x_wconf 83' lang='lat' dir='ltr'><strong>humanitatis.</strong></span> <span class='ocrx_word' id='word_1_654' title='bbox 2463 2047 2556 2101; x_wconf 90' lang='lat' dir='ltr'><strong>sed</strong></span> <span class='ocrx_word' id='word_1_655' title='bbox 2611 2051 2998 2114; x_wconf 75' lang='lat' dir='ltr'><strong>soninolentim,</strong></span> <span class='ocrx_word' id='word_1_656' title='bbox 3029 2054 3268 2120; x_wconf 81' lang='lat' dir='ltr'><strong>scgnitiei</strong></span> <span class='ocrx_word' id='word_1_657' title='bbox 3296 2066 3348 2109; x_wconf 91' lang='lat' dir='ltr'><strong>et</strong></span> <span class='ocrx_word' id='word_1_658' title='bbox 3375 2057 3648 2121; x_wconf 74' lang='lat' dir='ltr'><strong>socordim,</strong></span> 
     </span>
    </p>
   </div>
   <div class='ocr_carea' id='block_1_82' title="bbox 2073 2130 3649 2215">
    <p class='ocr_par' dir='ltr' id='par_1_82' title="bbox 2073 2130 3649 2215">
     <span class='ocr_line' id='line_1_82' title="bbox 2073 2130 3649 2215; baseline 0.013 -32"><span class='ocrx_word' id='word_1_659' title='bbox 2073 2130 2196 2186; x_wconf 90' lang='lat' dir='ltr'><strong>hinc</strong></span> <span class='ocrx_word' id='word_1_660' title='bbox 2219 2148 2407 2188; x_wconf 87' lang='lat' dir='ltr'><strong>cernas</strong></span> <span class='ocrx_word' id='word_1_661' title='bbox 2436 2152 2448 2188; x_wconf 89' lang='lat'><strong>:</strong></span> <span class='ocrx_word' id='word_1_662' title='bbox 2480 2139 2748 2204; x_wconf 89' lang='lat' dir='ltr'><strong>quomodo</strong></span> <span class='ocrx_word' id='word_1_663' title='bbox 2777 2154 2843 2193; x_wconf 89' lang='lat' dir='ltr'><strong>eo</strong></span> <span class='ocrx_word' id='word_1_664' title='bbox 2868 2140 3088 2195; x_wconf 86' lang='lat' dir='ltr'><strong>dimisso</strong></span> <span class='ocrx_word' id='word_1_665' title='bbox 3114 2144 3203 2211; x_wconf 92' lang='lat' dir='ltr'><strong>qui</strong></span> <span class='ocrx_word' id='word_1_666' title='bbox 3235 2143 3360 2199; x_wconf 88' lang='lat' dir='ltr'><strong>facit</strong></span> <span class='ocrx_word' id='word_1_667' title='bbox 3383 2147 3649 2215; x_wconf 86' lang='lat' dir='ltr'><strong>injuriam,</strong></span> 
     </span>
    </p>
   </div>
   <div class='ocr_carea' id='block_1_83' title="bbox 2071 2221 3656 2305">
    <p class='ocr_par' dir='ltr' id='par_1_83' title="bbox 2071 2221 3656 2305">
     <span class='ocr_line' id='line_1_83' title="bbox 2071 2221 3656 2305; baseline 0.011 -29"><span class='ocrx_word' id='word_1_668' title='bbox 2071 2221 2288 2285; x_wconf 76' lang='lat' dir='ltr'><strong>fratrem</strong></span> <span class='ocrx_word' id='word_1_669' title='bbox 2333 2225 2614 2282; x_wconf 86' lang='lat' dir='ltr'><strong>maledicto</strong></span> <span class='ocrx_word' id='word_1_670' title='bbox 2643 2229 2809 2283; x_wconf 78' lang='lat' dir='ltr'><strong>officis</strong></span> <span class='ocrx_word' id='word_1_671' title='bbox 2838 2230 2924 2298; x_wconf 91' lang='lat' dir='ltr'><strong>qui</strong></span> <span class='ocrx_word' id='word_1_672' title='bbox 2965 2231 3159 2285; x_wconf 87' lang='lat' dir='ltr'><strong>nullam</strong></span> <span class='ocrx_word' id='word_1_673' title='bbox 3199 2234 3328 2289; x_wconf 89' lang='lat' dir='ltr'><strong>fecit</strong></span> <span class='ocrx_word' id='word_1_674' title='bbox 3365 2236 3606 2305; x_wconf 79' lang='lat' dir='ltr'><strong>injurizun</strong></span> <span class='ocrx_word' id='word_1_675' title='bbox 3630 2241 3656 2293; x_wconf 69' lang='grc' dir='ltr'><strong>’ἒ</strong></span> 
     </span>
    </p>
   </div>
   <div class='ocr_carea' id='block_1_84' title="bbox 2071 2317 3654 2399">
    <p class='ocr_par' dir='ltr' id='par_1_84' title="bbox 2071 2317 3654 2399">
     <span class='ocr_line' id='line_1_84' title="bbox 2071 2317 3654 2399; baseline 0.011 -33"><span class='ocrx_word' id='word_1_676' title='bbox 2071 2317 2334 2383; x_wconf 87' lang='lat' dir='ltr'><strong>quomodo</strong></span> <span class='ocrx_word' id='word_1_677' title='bbox 2353 2317 2618 2373; x_wconf 86' lang='lat' dir='ltr'><strong>insidia-ris</strong></span> <span class='ocrx_word' id='word_1_678' title='bbox 2635 2321 2681 2374; x_wconf 92' lang='lat' dir='ltr'><strong>ei</strong></span> <span class='ocrx_word' id='word_1_679' title='bbox 2703 2322 2790 2390; x_wconf 92' lang='lat' dir='ltr'><strong>qui</strong></span> <span class='ocrx_word' id='word_1_680' title='bbox 2812 2321 2940 2375; x_wconf 86' lang='lat' dir='ltr'><strong>nihil</strong></span> <span class='ocrx_word' id='word_1_681' title='bbox 2959 2323 3197 2390; x_wconf 75' lang='lat' dir='ltr'><strong>offendit,</strong></span> <span class='ocrx_word' id='word_1_682' title='bbox 3222 2326 3354 2381; x_wconf 89' lang='lat' dir='ltr'><strong>nihil</strong></span> <span class='ocrx_word' id='word_1_683' title='bbox 3395 2328 3615 2399; x_wconf 78' lang='lat' dir='ltr'><strong>deliquit</strong></span> <span class='ocrx_word' id='word_1_684' title='bbox 3630 2335 3654 2384; x_wconf 69' lang='grc' dir='ltr'><strong>’ξ</strong></span> 
     </span>
    </p>
   </div>
   <div class='ocr_carea' id='block_1_85' title="bbox 2072 2405 3652 2487">
    <p class='ocr_par' dir='ltr' id='par_1_85' title="bbox 2072 2405 3652 2487">
     <span class='ocr_line' id='line_1_85' title="bbox 2072 2405 3652 2487; baseline 0.009 -28"><span class='ocrx_word' id='word_1_685' title='bbox 2072 2405 2206 2460; x_wconf 90' lang='lat' dir='ltr'><strong>Vide</strong></span> <span class='ocrx_word' id='word_1_686' title='bbox 2231 2421 2493 2462; x_wconf 90' lang='lat' dir='ltr'><strong>summam</strong></span> <span class='ocrx_word' id='word_1_687' title='bbox 2519 2409 2799 2480; x_wconf 85' lang='lat' dir='ltr'><strong>utrobique</strong></span> <span class='ocrx_word' id='word_1_688' title='bbox 2827 2413 3132 2481; x_wconf 86' lang='lat' dir='ltr'><strong>nequitiam.</strong></span> <span class='ocrx_word' id='word_1_689' title='bbox 3164 2415 3298 2470; x_wconf 88' lang='lat' dir='ltr'><strong>Eum</strong></span> <span class='ocrx_word' id='word_1_690' title='bbox 3324 2418 3536 2485; x_wconf 89' lang='lat' dir='ltr'><strong>quidem</strong></span> <span class='ocrx_word' id='word_1_691' title='bbox 3562 2421 3652 2487; x_wconf 86' lang='lat' dir='ltr'><strong>qui</strong></span> 
     </span>
    </p>
   </div>
   <div class='ocr_carea' id='block_1_86' title="bbox 2071 2499 3650 2577">
    <p class='ocr_par' dir='ltr' id='par_1_86' title="bbox 2071 2499 3650 2577">
     <span class='ocr_line' id='line_1_86' title="bbox 2071 2499 3650 2577; baseline 0.009 -25"><span class='ocrx_word' id='word_1_692' title='bbox 2071 2505 2153 2552; x_wconf 90' lang='lat' dir='ltr'><strong>est</strong></span> <span class='ocrx_word' id='word_1_693' title='bbox 2171 2499 2348 2553; x_wconf 90' lang='lat' dir='ltr'><strong>ebrius</strong></span> <span class='ocrx_word' id='word_1_694' title='bbox 2375 2501 2682 2569; x_wconf 89' lang='lat' dir='ltr'><strong>cupiditate,</strong></span> <span class='ocrx_word' id='word_1_695' title='bbox 2707 2518 2810 2556; x_wconf 91' lang='lat' dir='ltr'><strong>non</strong></span> <span class='ocrx_word' id='word_1_696' title='bbox 2839 2505 3088 2573; x_wconf 88' lang='lat' dir='ltr'><strong>prohibes</strong></span> <span class='ocrx_word' id='word_1_697' title='bbox 3111 2509 3394 2577; x_wconf 89' lang='lat' dir='ltr'><strong>quominus</strong></span> <span class='ocrx_word' id='word_1_698' title='bbox 3422 2510 3650 2566; x_wconf 87' lang='lat' dir='ltr'><strong>inebrie-</strong></span> 
     </span>
    </p>
   </div>
   <div class='ocr_carea' id='block_1_87' title="bbox 2074 2592 3654 2670">
    <p class='ocr_par' dir='ltr' id='par_1_87' title="bbox 2074 2592 3654 2670">
     <span class='ocr_line' id='line_1_87' title="bbox 2074 2592 3654 2670; baseline 0.009 -28"><span class='ocrx_word' id='word_1_699' title='bbox 2074 2599 2176 2653; x_wconf 90' lang='lat' dir='ltr'><strong>tur,</strong></span> <span class='ocrx_word' id='word_1_700' title='bbox 2209 2599 2268 2644; x_wconf 86' lang='lat' dir='ltr'><strong>ut</strong></span> <span class='ocrx_word' id='word_1_701' title='bbox 2291 2592 2360 2646; x_wconf 91' lang='lat' dir='ltr'><strong>sit</strong></span> <span class='ocrx_word' id='word_1_702' title='bbox 2388 2599 2712 2662; x_wconf 86' lang='lat' dir='ltr'><strong>temperatus</strong></span> <span class='ocrx_word' id='word_1_703' title='bbox 2740 2613 2752 2648; x_wconf 88' lang='lat'><strong>:</strong></span> <span class='ocrx_word' id='word_1_704' title='bbox 2786 2611 2907 2650; x_wconf 89' lang='lat' dir='ltr'><strong>eum</strong></span> <span class='ocrx_word' id='word_1_705' title='bbox 2935 2605 3109 2652; x_wconf 90' lang='lat' dir='ltr'><strong>autem</strong></span> <span class='ocrx_word' id='word_1_706' title='bbox 3153 2601 3242 2670; x_wconf 91' lang='lat' dir='ltr'><strong>qui</strong></span> <span class='ocrx_word' id='word_1_707' title='bbox 3285 2603 3481 2655; x_wconf 87' lang='lat' dir='ltr'><strong>nullam</strong></span> <span class='ocrx_word' id='word_1_708' title='bbox 3531 2604 3654 2658; x_wconf 86' lang='lat' dir='ltr'><strong>fecit</strong></span> 
     </span>
    </p>
   </div>
   <div class='ocr_carea' id='block_1_88' title="bbox 2073 2677 3652 2758">
    <p class='ocr_par' dir='ltr' id='par_1_88' title="bbox 2073 2677 3652 2758">
     <span class='ocr_line' id='line_1_88' title="bbox 2073 2677 3652 2758; baseline 0.009 -26"><span class='ocrx_word' id='word_1_709' title='bbox 2073 2677 2341 2747; x_wconf 86' lang='lat' dir='ltr'><strong>injuriam,</strong></span> <span class='ocrx_word' id='word_1_710' title='bbox 2374 2683 2560 2750; x_wconf 87' lang='lat' dir='ltr'><strong>punis.</strong></span> <span class='ocrx_word' id='word_1_711' title='bbox 2597 2683 2790 2737; x_wconf 81' lang='lat' dir='ltr'><strong>Sedens</strong></span> <span class='ocrx_word' id='word_1_712' title='bbox 2817 2686 2958 2738; x_wconf 88' lang='lat' dir='ltr'><strong>enim</strong></span> <span class='ocrx_word' id='word_1_713' title='bbox 2988 2687 3225 2741; x_wconf 80' lang='lat' dir='ltr'><strong>adversus</strong></span> <span class='ocrx_word' id='word_1_714' title='bbox 3262 2691 3473 2758; x_wconf 80' lang='lat' dir='ltr'><strong>fratrem</strong></span> <span class='ocrx_word' id='word_1_715' title='bbox 3510 2702 3652 2747; x_wconf 83' lang='lat' dir='ltr'><strong>tuum</strong></span> 
     </span>
    </p>
   </div>
   <div class='ocr_carea' id='block_1_89' title="bbox 2073 2769 3651 2847">
    <p class='ocr_par' dir='ltr' id='par_1_89' title="bbox 2073 2769 3651 2847">
     <span class='ocr_line' id='line_1_89' title="bbox 2073 2769 3651 2847; baseline 0.009 -26"><span class='ocrx_word' id='word_1_716' title='bbox 2073 2769 2369 2838; x_wconf 79' lang='lat' dir='ltr'><strong>loquebaris,</strong></span> <span class='ocrx_word' id='word_1_717' title='bbox 2402 2780 2449 2825; x_wconf 90' lang='lat' dir='ltr'><strong>et</strong></span> <span class='ocrx_word' id='word_1_718' title='bbox 2480 2772 2718 2828; x_wconf 79' lang='lat' dir='ltr'><strong>adversus</strong></span> <span class='ocrx_word' id='word_1_719' title='bbox 2749 2774 2914 2841; x_wconf 80' lang='lat' dir='ltr'><strong>ﬁlium</strong></span> <span class='ocrx_word' id='word_1_720' title='bbox 2938 2777 3113 2830; x_wconf 87' lang='lat' dir='ltr'><strong>matris</strong></span> <span class='ocrx_word' id='word_1_721' title='bbox 3140 2787 3239 2831; x_wconf 73' lang='lat' dir='ltr'><strong>tute</strong></span> <span class='ocrx_word' id='word_1_722' title='bbox 3263 2781 3480 2847; x_wconf 81' lang='lat' dir='ltr'><strong>ponebas</strong></span> <span class='ocrx_word' id='word_1_723' title='bbox 3500 2798 3651 2835; x_wconf 80' lang='lat' dir='ltr'><strong>scan-</strong></span> 
     </span>
    </p>
   </div>
   <div class='ocr_carea' id='block_1_90' title="bbox 2073 2861 2277 2916">
    <p class='ocr_par' dir='ltr' id='par_1_90' title="bbox 2073 2861 2277 2916">
     <span class='ocr_line' id='line_1_90' title="bbox 2073 2861 2277 2916; baseline 0.02 -4"><span class='ocrx_word' id='word_1_724' title='bbox 2073 2861 2277 2916; x_wconf 75' lang='lat' dir='ltr'><strong>datum.</strong></span> 
     </span>
    </p>
   </div>
   <div class='ocr_carea' id='block_1_91' title="bbox 2142 2952 3633 3032">
    <p class='ocr_par' dir='ltr' id='par_1_91' title="bbox 2142 2952 3633 3032">
     <span class='ocr_line' id='line_1_91' title="bbox 2142 2952 3633 3032; baseline 0.005 -24"><span class='ocrx_word' id='word_1_725' title='bbox 2142 2952 2195 3008; x_wconf 89' lang='lat'><strong>9.</strong></span> <span class='ocrx_word' id='word_1_726' title='bbox 2230 2953 2360 3007; x_wconf 84' lang='lat' dir='ltr'><strong>Vide</strong></span> <span class='ocrx_word' id='word_1_727' title='bbox 2384 2954 2650 3022; x_wconf 90' lang='lat' dir='ltr'><strong>quomodo</strong></span> <span class='ocrx_word' id='word_1_728' title='bbox 2678 2955 2729 3008; x_wconf 91' lang='lat' dir='ltr'><strong>in</strong></span> <span class='ocrx_word' id='word_1_729' title='bbox 2759 2957 3074 3013; x_wconf 88' lang='lat' dir='ltr'><strong>narrationis</strong></span> <span class='ocrx_word' id='word_1_730' title='bbox 3101 2958 3328 3014; x_wconf 88' lang='lat' dir='ltr'><strong>decursu</strong></span> <span class='ocrx_word' id='word_1_731' title='bbox 3354 2972 3513 3032; x_wconf 83' lang='lat' dir='ltr'><strong>auget</strong></span> <span class='ocrx_word' id='word_1_732' title='bbox 3538 2978 3633 3016; x_wconf 82' lang='lat' dir='ltr'><strong>ac-</strong></span> 
     </span>
    </p>
   </div>
   <div class='ocr_carea' id='block_1_92' title="bbox 2072 3046 3650 3122">
    <p class='ocr_par' dir='ltr' id='par_1_92' title="bbox 2072 3046 3650 3122">
     <span class='ocr_line' id='line_1_92' title="bbox 2072 3046 3650 3122; baseline 0.005 -22"><span class='ocrx_word' id='word_1_733' title='bbox 2072 3046 2423 3100; x_wconf 83' lang='lat' dir='ltr'><strong>cusationem.</strong></span> <span class='ocrx_word' id='word_1_734' title='bbox 2478 3046 2637 3112; x_wconf 82' lang='lat' dir='ltr'><strong>Eum,</strong></span> <span class='ocrx_word' id='word_1_735' title='bbox 2686 3047 2876 3117; x_wconf 85' lang='lat' dir='ltr'><strong>inquit,</strong></span> <span class='ocrx_word' id='word_1_736' title='bbox 2923 3050 3010 3119; x_wconf 90' lang='lat' dir='ltr'><strong>qui</strong></span> <span class='ocrx_word' id='word_1_737' title='bbox 3063 3051 3216 3103; x_wconf 88' lang='lat' dir='ltr'><strong>matri</strong></span> <span class='ocrx_word' id='word_1_738' title='bbox 3261 3049 3358 3104; x_wconf 87' lang='lat' dir='ltr'><strong>fuit</strong></span> <span class='ocrx_word' id='word_1_739' title='bbox 3403 3052 3458 3106; x_wconf 87' lang='lat' dir='ltr'><strong>in</strong></span> <span class='ocrx_word' id='word_1_740' title='bbox 3497 3064 3650 3122; x_wconf 86' lang='lat' dir='ltr'><strong>partu</strong></span> 
     </span>
    </p>
   </div>
   <div class='ocr_carea' id='block_1_93' title="bbox 2071 3137 3650 3210">
    <p class='ocr_par' dir='ltr' id='par_1_93' title="bbox 2071 3137 3650 3210">
     <span class='ocr_line' id='line_1_93' title="bbox 2071 3137 3650 3210; baseline 0.005 -20"><span class='ocrx_word' id='word_1_741' title='bbox 2071 3151 2230 3191; x_wconf 86' lang='lat' dir='ltr'><strong>causa</strong></span> <span class='ocrx_word' id='word_1_742' title='bbox 2281 3137 2593 3191; x_wconf 83' lang='lat' dir='ltr'><strong>earumdem</strong></span> <span class='ocrx_word' id='word_1_743' title='bbox 2643 3137 3046 3208; x_wconf 88' lang='lat' dir='ltr'><strong>dolorum,qui</strong></span> <span class='ocrx_word' id='word_1_744' title='bbox 3078 3139 3171 3194; x_wconf 92' lang='lat' dir='ltr'><strong>fuit</strong></span> <span class='ocrx_word' id='word_1_745' title='bbox 3227 3140 3462 3210; x_wconf 85' lang='lat' dir='ltr'><strong>ejusdem</strong></span> <span class='ocrx_word' id='word_1_746' title='bbox 3518 3148 3650 3200; x_wconf 89' lang='lat' dir='ltr'><strong>uteri</strong></span> 
     </span>
    </p>
   </div>
   <div class='ocr_carea' id='block_1_94' title="bbox 2074 3229 3642 3298">
    <p class='ocr_par' dir='ltr' id='par_1_94' title="bbox 2074 3229 3642 3298">
     <span class='ocr_line' id='line_1_94' title="bbox 2074 3229 3642 3298; baseline 0.005 -16"><span class='ocrx_word' id='word_1_747' title='bbox 2074 3229 2356 3297; x_wconf 83' lang='lat' dir='ltr'><strong>particeps,</strong></span> <span class='ocrx_word' id='word_1_748' title='bbox 2386 3229 2474 3298; x_wconf 83' lang='lat' dir='ltr'><strong>qui</strong></span> <span class='ocrx_word' id='word_1_749' title='bbox 2505 3231 2555 3282; x_wconf 90' lang='lat' dir='ltr'><strong>in</strong></span> <span class='ocrx_word' id='word_1_750' title='bbox 2583 3231 2770 3285; x_wconf 89' lang='lat' dir='ltr'><strong>eadem</strong></span> <span class='ocrx_word' id='word_1_751' title='bbox 2796 3231 2955 3284; x_wconf 91' lang='lat' dir='ltr'><strong>domo</strong></span> <span class='ocrx_word' id='word_1_752' title='bbox 2981 3239 3036 3286; x_wconf 92' lang='lat' dir='ltr'><strong>et</strong></span> <span class='ocrx_word' id='word_1_753' title='bbox 3063 3248 3127 3286; x_wconf 87' lang='lat' dir='ltr'><strong>ex</strong></span> <span class='ocrx_word' id='word_1_754' title='bbox 3150 3234 3336 3288; x_wconf 79' lang='lat' dir='ltr'><strong>eadem</strong></span> <span class='ocrx_word' id='word_1_755' title='bbox 3361 3251 3542 3289; x_wconf 88' lang='lat' dir='ltr'><strong>mensa</strong></span> <span class='ocrx_word' id='word_1_756' title='bbox 3566 3237 3642 3290; x_wconf 82' lang='lat' dir='ltr'><strong>ci-</strong></span> 
     </span>
    </p>
   </div>
   <div class='ocr_carea' id='block_1_95' title="bbox 2072 3317 3651 3397">
    <p class='ocr_par' dir='ltr' id='par_1_95' title="bbox 2072 3317 3651 3397">
     <span class='ocr_line' id='line_1_95' title="bbox 2072 3317 3651 3397; baseline 0.005 -25"><span class='ocrx_word' id='word_1_757' title='bbox 2072 3317 2199 3372; x_wconf 85' lang='lat' dir='ltr'><strong>bum</strong></span> <span class='ocrx_word' id='word_1_758' title='bbox 2247 3320 2494 3387; x_wconf 88' lang='lat' dir='ltr'><strong>sumpsit,</strong></span> <span class='ocrx_word' id='word_1_759' title='bbox 2520 3320 2614 3388; x_wconf 87' lang='lat' dir='ltr'><strong>qui</strong></span> <span class='ocrx_word' id='word_1_760' title='bbox 2645 3335 2710 3375; x_wconf 83' lang='lat' dir='ltr'><strong>ex</strong></span> <span class='ocrx_word' id='word_1_761' title='bbox 2749 3320 2933 3375; x_wconf 85' lang='lat' dir='ltr'><strong>eadem</strong></span> <span class='ocrx_word' id='word_1_762' title='bbox 2963 3321 3141 3377; x_wconf 89' lang='lat' dir='ltr'><strong>radice</strong></span> <span class='ocrx_word' id='word_1_763' title='bbox 3185 3326 3518 3394; x_wconf 76' lang='lat' dir='ltr'><strong>germinavit,</strong></span> <span class='ocrx_word' id='word_1_764' title='bbox 3561 3328 3651 3397; x_wconf 87' lang='lat' dir='ltr'><strong>qui</strong></span> 
     </span>
    </p>
   </div>
   <div class='ocr_carea' id='block_1_96' title="bbox 2072 3408 3652 3482">
    <p class='ocr_par' dir='ltr' id='par_1_96' title="bbox 2072 3408 3652 3482">
     <span class='ocr_line' id='line_1_96' title="bbox 2072 3408 3652 3482; baseline 0.004 -18"><span class='ocrx_word' id='word_1_765' title='bbox 2072 3408 2212 3464; x_wconf 75' lang='lat' dir='ltr'><strong>idolii</strong></span> <span class='ocrx_word' id='word_1_766' title='bbox 2253 3408 2412 3464; x_wconf 85' lang='lat' dir='ltr'><strong>habet</strong></span> <span class='ocrx_word' id='word_1_767' title='bbox 2455 3419 2604 3464; x_wconf 81' lang='lat' dir='ltr'><strong>ortus</strong></span> <span class='ocrx_word' id='word_1_768' title='bbox 2652 3411 2993 3481; x_wconf 88' lang='lat' dir='ltr'><strong>principium,</strong></span> <span class='ocrx_word' id='word_1_769' title='bbox 3022 3413 3111 3482; x_wconf 87' lang='lat' dir='ltr'><strong>qui</strong></span> <span class='ocrx_word' id='word_1_770' title='bbox 3159 3415 3224 3468; x_wconf 88' lang='lat' dir='ltr'><strong>ab</strong></span> <span class='ocrx_word' id='word_1_771' title='bbox 3255 3415 3467 3471; x_wconf 87' lang='lat' dir='ltr'><strong>ineunte</strong></span> <span class='ocrx_word' id='word_1_772' title='bbox 3495 3427 3652 3471; x_wconf 71' lang='lat' dir='ltr'><strong>tetate</strong></span> 
     </span>
    </p>
   </div>
   <div class='ocr_carea' id='block_1_97' title="bbox 2074 3500 3648 3561">
    <p class='ocr_par' dir='ltr' id='par_1_97' title="bbox 2074 3500 3648 3561">
     <span class='ocr_line' id='line_1_97' title="bbox 2074 3500 3648 3561; baseline 0.004 -7"><span class='ocrx_word' id='word_1_773' title='bbox 2074 3509 2248 3554; x_wconf 84' lang='lat' dir='ltr'><strong>tecum</strong></span> <span class='ocrx_word' id='word_1_774' title='bbox 2293 3500 2478 3561; x_wconf 87' lang='lat' dir='ltr'><strong>crevit.</strong></span> <span class='ocrx_word' id='word_1_775' title='bbox 2509 3515 2631 3554; x_wconf 87' lang='lat' dir='ltr'><strong>eum</strong></span> <span class='ocrx_word' id='word_1_776' title='bbox 2664 3501 2961 3557; x_wconf 89' lang='lat' dir='ltr'><strong>maledictis</strong></span> <span class='ocrx_word' id='word_1_777' title='bbox 2987 3503 3265 3558; x_wconf 85' lang='lat' dir='ltr'><strong>insectaris</strong></span> <span class='ocrx_word' id='word_1_778' title='bbox 3294 3523 3307 3559; x_wconf 90' lang='lat'><strong>:</strong></span> <span class='ocrx_word' id='word_1_779' title='bbox 3335 3514 3390 3559; x_wconf 91' lang='lat' dir='ltr'><strong>et</strong></span> <span class='ocrx_word' id='word_1_780' title='bbox 3423 3521 3526 3559; x_wconf 91' lang='lat' dir='ltr'><strong>non</strong></span> <span class='ocrx_word' id='word_1_781' title='bbox 3559 3522 3648 3560; x_wconf 88' lang='lat' dir='ltr'><strong>so-</strong></span> 
     </span>
    </p>
   </div>
   <div class='ocr_carea' id='block_1_98' title="bbox 2073 3591 3654 3665">
    <p class='ocr_par' dir='ltr' id='par_1_98' title="bbox 2073 3591 3654 3665">
     <span class='ocr_line' id='line_1_98' title="bbox 2073 3591 3654 3665; baseline 0.006 -21"><span class='ocrx_word' id='word_1_782' title='bbox 2073 3591 2180 3644; x_wconf 86' lang='lat' dir='ltr'><strong>lum</strong></span> <span class='ocrx_word' id='word_1_783' title='bbox 2224 3592 2520 3653; x_wconf 83' lang='lat' dir='ltr'><strong>insoctaris,</strong></span> <span class='ocrx_word' id='word_1_784' title='bbox 2541 3593 2634 3646; x_wconf 87' lang='lat' dir='ltr'><strong>sed</strong></span> <span class='ocrx_word' id='word_1_785' title='bbox 2664 3594 2824 3648; x_wconf 90' lang='lat' dir='ltr'><strong>etiam</strong></span> <span class='ocrx_word' id='word_1_786' title='bbox 2871 3594 2924 3648; x_wconf 90' lang='lat' dir='ltr'><strong>in</strong></span> <span class='ocrx_word' id='word_1_787' title='bbox 2970 3609 3103 3665; x_wconf 89' lang='lat' dir='ltr'><strong>opus</strong></span> <span class='ocrx_word' id='word_1_788' title='bbox 3146 3595 3364 3653; x_wconf 88' lang='lat' dir='ltr'><strong>deducis</strong></span> <span class='ocrx_word' id='word_1_789' title='bbox 3403 3598 3654 3653; x_wconf 79' lang='lat' dir='ltr'><strong>insidias?</strong></span> 
     </span>
    </p>
   </div>
   <div class='ocr_carea' id='block_1_99' title="bbox 2072 3679 3646 3749">
    <p class='ocr_par' dir='ltr' id='par_1_99' title="bbox 2072 3679 3646 3749">
     <span class='ocr_line' id='line_1_99' title="bbox 2072 3679 3646 3749; baseline 0.004 -15"><span class='ocrx_word' id='word_1_790' title='bbox 2072 3679 2185 3735; x_wconf 81' lang='lat' dir='ltr'><strong>Hoc</strong></span> <span class='ocrx_word' id='word_1_791' title='bbox 2222 3682 2364 3736; x_wconf 87' lang='lat' dir='ltr'><strong>enim</strong></span> <span class='ocrx_word' id='word_1_792' title='bbox 2405 3682 2505 3736; x_wconf 85' lang='lat' dir='ltr'><strong>sibi</strong></span> <span class='ocrx_word' id='word_1_793' title='bbox 2540 3683 2674 3749; x_wconf 81' lang='lat' dir='ltr'><strong>vult,</strong></span> <span class='ocrx_word' id='word_1_794' title='bbox 2731 3682 2964 3739; x_wconf 85' lang='lat' dir='ltr'><strong>Ponebas</strong></span> <span class='ocrx_word' id='word_1_795' title='bbox 3010 3686 3325 3740; x_wconf 85' lang='lat' dir='ltr'><strong>scandalum.</strong></span> <span class='ocrx_word' id='word_1_796' title='bbox 3371 3687 3424 3740; x_wconf 92' lang='lat' dir='ltr'><strong>Si</strong></span> <span class='ocrx_word' id='word_1_797' title='bbox 3470 3697 3646 3742; x_wconf 87' lang='lat' dir='ltr'><strong>autem</strong></span> 
     </span>
    </p>
   </div>
   <div class='ocr_carea' id='block_1_100' title="bbox 2073 3772 3652 3846">
    <p class='ocr_par' dir='ltr' id='par_1_100' title="bbox 2073 3772 3652 3846">
     <span class='ocr_line' id='line_1_100' title="bbox 2073 3772 3652 3846; baseline 0.005 -22"><span class='ocrx_word' id='word_1_798' title='bbox 2073 3786 2179 3825; x_wconf 84' lang='lat' dir='ltr'><strong>non</strong></span> <span class='ocrx_word' id='word_1_799' title='bbox 2193 3783 2274 3826; x_wconf 90' lang='lat' dir='ltr'><strong>est</strong></span> <span class='ocrx_word' id='word_1_800' title='bbox 2295 3772 2626 3840; x_wconf 85' lang='lat' dir='ltr'><strong>impetendus</strong></span> <span class='ocrx_word' id='word_1_801' title='bbox 2644 3773 2957 3839; x_wconf 85' lang='lat' dir='ltr'><strong>maledictis,</strong></span> <span class='ocrx_word' id='word_1_802' title='bbox 2982 3775 3070 3844; x_wconf 90' lang='lat' dir='ltr'><strong>qui</strong></span> <span class='ocrx_word' id='word_1_803' title='bbox 3086 3777 3396 3830; x_wconf 85' lang='lat' dir='ltr'><strong>naturalium</strong></span> <span class='ocrx_word' id='word_1_804' title='bbox 3415 3779 3652 3846; x_wconf 88' lang='lat' dir='ltr'><strong>pariendi</strong></span> 
     </span>
    </p>
   </div>
   <div class='ocr_carea' id='block_1_101' title="bbox 2073 3862 3650 3938">
    <p class='ocr_par' dir='ltr' id='par_1_101' title="bbox 2073 3862 3650 3938">
     <span class='ocr_line' id='line_1_101' title="bbox 2073 3862 3650 3938; baseline 0.004 -22"><span class='ocrx_word' id='word_1_805' title='bbox 2073 3862 2317 3916; x_wconf 88' lang='lat' dir='ltr'><strong>dolorum</strong></span> <span class='ocrx_word' id='word_1_806' title='bbox 2346 3863 2399 3916; x_wconf 90' lang='lat' dir='ltr'><strong>in</strong></span> <span class='ocrx_word' id='word_1_807' title='bbox 2433 3865 2621 3919; x_wconf 91' lang='lat' dir='ltr'><strong>eodem</strong></span> <span class='ocrx_word' id='word_1_808' title='bbox 2650 3864 2748 3919; x_wconf 90' lang='lat' dir='ltr'><strong>fuit</strong></span> <span class='ocrx_word' id='word_1_809' title='bbox 2775 3877 2925 3919; x_wconf 90' lang='lat' dir='ltr'><strong>utero</strong></span> <span class='ocrx_word' id='word_1_810' title='bbox 2952 3867 3216 3934; x_wconf 86' lang='lat' dir='ltr'><strong>particeps</strong></span> <span class='ocrx_word' id='word_1_811' title='bbox 3247 3885 3258 3920; x_wconf 93' lang='lat'>:</span> <span class='ocrx_word' id='word_1_812' title='bbox 3293 3867 3460 3921; x_wconf 89' lang='lat' dir='ltr'><strong>multo</strong></span> <span class='ocrx_word' id='word_1_813' title='bbox 3482 3869 3650 3938; x_wconf 85' lang='lat' dir='ltr'><strong>magis</strong></span> 
     </span>
    </p>
   </div>
   <div class='ocr_carea' id='block_1_102' title="bbox 2073 3953 3647 4029">
    <p class='ocr_par' dir='ltr' id='par_1_102' title="bbox 2073 3953 3647 4029">
     <span class='ocr_line' id='line_1_102' title="bbox 2073 3953 3647 4029; baseline 0.004 -23"><span class='ocrx_word' id='word_1_814' title='bbox 2073 3953 2165 4023; x_wconf 93' lang='lat' dir='ltr'><strong>qui</strong></span> <span class='ocrx_word' id='word_1_815' title='bbox 2192 3954 2564 4022; x_wconf 82' lang='lat' dir='ltr'><strong>spiritualium.</strong></span> <span class='ocrx_word' id='word_1_816' title='bbox 2588 3955 2700 4009; x_wconf 89' lang='lat' dir='ltr'><strong>Nec</strong></span> <span class='ocrx_word' id='word_1_817' title='bbox 2727 3970 2856 4025; x_wconf 86' lang='lat' dir='ltr'><strong>ergo</strong></span> <span class='ocrx_word' id='word_1_818' title='bbox 2881 3957 3150 4025; x_wconf 89' lang='lat' dir='ltr'><strong>permitte,</strong></span> <span class='ocrx_word' id='word_1_819' title='bbox 3200 3965 3259 4011; x_wconf 90' lang='lat' dir='ltr'><strong>ut</strong></span> <span class='ocrx_word' id='word_1_820' title='bbox 3284 3958 3328 4010; x_wconf 85' lang='lat' dir='ltr'><strong>is</strong></span> <span class='ocrx_word' id='word_1_821' title='bbox 3367 3957 3520 4012; x_wconf 88' lang='lat' dir='ltr'><strong>cadat</strong></span> <span class='ocrx_word' id='word_1_822' title='bbox 3556 3961 3647 4029; x_wconf 90' lang='lat' dir='ltr'><strong>qui</strong></span> 
     </span>
    </p>
   </div>
   <div class='ocr_carea' id='block_1_103' title="bbox 2075 4049 3652 4118">
    <p class='ocr_par' dir='ltr' id='par_1_103' title="bbox 2075 4049 3652 4118">
     <span class='ocr_line' id='line_1_103' title="bbox 2075 4049 3652 4118; baseline 0.003 -18"><span class='ocrx_word' id='word_1_823' title='bbox 2075 4055 2158 4101; x_wconf 89' lang='lat' dir='ltr'><strong>est</strong></span> <span class='ocrx_word' id='word_1_824' title='bbox 2183 4058 2495 4116; x_wconf 89' lang='lat' dir='ltr'><strong>peccaturus</strong></span> <span class='ocrx_word' id='word_1_825' title='bbox 2524 4065 2536 4100; x_wconf 90' lang='lat'>:</span> <span class='ocrx_word' id='word_1_826' title='bbox 2566 4063 2666 4101; x_wconf 89' lang='lat' dir='ltr'><strong>nec</strong></span> <span class='ocrx_word' id='word_1_827' title='bbox 2691 4063 2812 4102; x_wconf 89' lang='lat' dir='ltr'><strong>eum</strong></span> <span class='ocrx_word' id='word_1_828' title='bbox 2862 4049 2948 4118; x_wconf 90' lang='lat' dir='ltr'><strong>qui</strong></span> <span class='ocrx_word' id='word_1_829' title='bbox 2985 4049 3186 4102; x_wconf 85' lang='lat' dir='ltr'><strong>nullam</strong></span> <span class='ocrx_word' id='word_1_830' title='bbox 3227 4049 3355 4102; x_wconf 88' lang='lat' dir='ltr'><strong>fecit</strong></span> <span class='ocrx_word' id='word_1_831' title='bbox 3403 4049 3652 4118; x_wconf 82' lang='lat' dir='ltr'><strong>injuriaui</strong></span> 
     </span>
    </p>
   </div>
   <div class='ocr_carea' id='block_1_104' title="bbox 2073 4136 3650 4202">
    <p class='ocr_par' dir='ltr' id='par_1_104' title="bbox 2073 4136 3650 4202">
     <span class='ocr_line' id='line_1_104' title="bbox 2073 4136 3650 4202; baseline 0.003 -12"><span class='ocrx_word' id='word_1_832' title='bbox 2073 4136 2401 4190; x_wconf 87' lang='lat' dir='ltr'><strong>calumniare</strong></span> <span class='ocrx_word' id='word_1_833' title='bbox 2431 4179 2446 4202; x_wconf 93' lang='lat'><strong>,</strong></span> <span class='ocrx_word' id='word_1_834' title='bbox 2480 4145 2534 4191; x_wconf 90' lang='lat' dir='ltr'><strong>et</strong></span> <span class='ocrx_word' id='word_1_835' title='bbox 2559 4138 2812 4191; x_wconf 75' lang='lat' dir='ltr'><strong>conviciis</strong></span> <span class='ocrx_word' id='word_1_836' title='bbox 2844 4138 3070 4191; x_wconf 85' lang='lat' dir='ltr'><strong>incesse.</strong></span> <span class='ocrx_word' id='word_1_837' title='bbox 3103 4137 3214 4191; x_wconf 84' lang='lat' dir='ltr'><strong>Hoc</strong></span> <span class='ocrx_word' id='word_1_838' title='bbox 3239 4149 3320 4192; x_wconf 90' lang='lat' dir='ltr'><strong>est</strong></span> <span class='ocrx_word' id='word_1_839' title='bbox 3337 4140 3487 4193; x_wconf 87' lang='lat' dir='ltr'><strong>enim</strong></span> <span class='ocrx_word' id='word_1_840' title='bbox 3513 4141 3650 4194; x_wconf 81' lang='lat' dir='ltr'><strong>invi-</strong></span> 
     </span>
    </p>
   </div>
   <div class='ocr_carea' id='block_1_105' title="bbox 2075 4227 3650 4294">
    <p class='ocr_par' dir='ltr' id='par_1_105' title="bbox 2075 4227 3650 4294">
     <span class='ocr_line' id='line_1_105' title="bbox 2075 4227 3650 4294; baseline 0.005 -13"><span class='ocrx_word' id='word_1_841' title='bbox 2075 4227 2198 4294; x_wconf 71' lang='lat' dir='ltr'><strong>dite,</strong></span> <span class='ocrx_word' id='word_1_842' title='bbox 2228 4228 2358 4282; x_wconf 90' lang='lat' dir='ltr'><strong>illud</strong></span> <span class='ocrx_word' id='word_1_843' title='bbox 2383 4243 2513 4282; x_wconf 85' lang='lat' dir='ltr'><strong>vero</strong></span> <span class='ocrx_word' id='word_1_844' title='bbox 2542 4228 2848 4284; x_wconf 73' lang='lat' dir='ltr'><strong>indolentia:</strong></span> <span class='ocrx_word' id='word_1_845' title='bbox 2892 4246 2906 4282; x_wconf 88' lang='lat'><strong>:</strong></span> <span class='ocrx_word' id='word_1_846' title='bbox 2953 4243 3056 4284; x_wconf 91' lang='lat' dir='ltr'><strong>non</strong></span> <span class='ocrx_word' id='word_1_847' title='bbox 3087 4231 3320 4286; x_wconf 90' lang='lat' dir='ltr'><strong>retinere</strong></span> <span class='ocrx_word' id='word_1_848' title='bbox 3361 4233 3502 4286; x_wconf 90' lang='lat' dir='ltr'><strong>enim</strong></span> <span class='ocrx_word' id='word_1_849' title='bbox 3529 4248 3650 4289; x_wconf 89' lang='lat' dir='ltr'><strong>eum</strong></span> 
     </span>
    </p>
   </div>
   <div class='ocr_carea' id='block_1_106' title="bbox 2075 4318 3648 4388">
    <p class='ocr_par' dir='ltr' id='par_1_106' title="bbox 2075 4318 3648 4388">
     <span class='ocr_line' id='line_1_106' title="bbox 2075 4318 3648 4388; baseline 0.004 -17"><span class='ocrx_word' id='word_1_850' title='bbox 2075 4318 2165 4388; x_wconf 91' lang='lat' dir='ltr'><strong>qui</strong></span> <span class='ocrx_word' id='word_1_851' title='bbox 2189 4327 2278 4372; x_wconf 85' lang='lat' dir='ltr'><strong>est</strong></span> <span class='ocrx_word' id='word_1_852' title='bbox 2305 4333 2546 4383; x_wconf 85' lang='lat' dir='ltr'><strong>casurus,</strong></span> <span class='ocrx_word' id='word_1_853' title='bbox 2574 4327 2660 4372; x_wconf 83' lang='lat' dir='ltr'><strong>est</strong></span> <span class='ocrx_word' id='word_1_854' title='bbox 2689 4319 2994 4374; x_wconf 68' lang='lat' dir='ltr'><strong>indolentia:</strong></span> <span class='ocrx_word' id='word_1_855' title='bbox 3023 4337 3038 4372; x_wconf 89' lang='lat'>:</span> <span class='ocrx_word' id='word_1_856' title='bbox 3065 4319 3276 4374; x_wconf 53' lang='lat' dir='ltr'><strong>insidia:</strong></span> <span class='ocrx_word' id='word_1_857' title='bbox 3298 4329 3497 4388; x_wconf 85' lang='lat' dir='ltr'><strong>autem,</strong></span> <span class='ocrx_word' id='word_1_858' title='bbox 3526 4337 3648 4378; x_wconf 85' lang='lat' dir='ltr'><strong>eum</strong></span> 
     </span>
    </p>
   </div>
   <div class='ocr_carea' id='block_1_107' title="bbox 2073 4410 3652 4482">
    <p class='ocr_par' dir='ltr' id='par_1_107' title="bbox 2073 4410 3652 4482">
     <span class='ocr_line' id='line_1_107' title="bbox 2073 4410 3652 4482; baseline 0.004 -19"><span class='ocrx_word' id='word_1_859' title='bbox 2073 4411 2164 4480; x_wconf 74' lang='lat' dir='ltr'><strong>qui</strong></span> <span class='ocrx_word' id='word_1_860' title='bbox 2179 4420 2284 4465; x_wconf 88' lang='lat' dir='ltr'><strong>stat</strong></span> <span class='ocrx_word' id='word_1_861' title='bbox 2303 4411 2557 4480; x_wconf 84' lang='lat' dir='ltr'><strong>dejicere.</strong></span> <span class='ocrx_word' id='word_1_862' title='bbox 2587 4410 2716 4466; x_wconf 83' lang='lat' dir='ltr'><strong>Vide</strong></span> <span class='ocrx_word' id='word_1_863' title='bbox 2744 4423 2920 4466; x_wconf 82' lang='lat' dir='ltr'><strong>autem</strong></span> <span class='ocrx_word' id='word_1_864' title='bbox 2943 4412 3209 4482; x_wconf 87' lang='lat' dir='ltr'><strong>quomodo</strong></span> <span class='ocrx_word' id='word_1_865' title='bbox 3239 4428 3342 4468; x_wconf 91' lang='lat' dir='ltr'><strong>non</strong></span> <span class='ocrx_word' id='word_1_866' title='bbox 3374 4429 3494 4469; x_wconf 90' lang='lat' dir='ltr'><strong>eum</strong></span> <span class='ocrx_word' id='word_1_867' title='bbox 3525 4417 3652 4470; x_wconf 86' lang='lat' dir='ltr'><strong>sub-</strong></span> 
     </span>
    </p>
   </div>
   <div class='ocr_carea' id='block_1_108' title="bbox 2076 4501 3647 4572">
    <p class='ocr_par' dir='ltr' id='par_1_108' title="bbox 2076 4501 3647 4572">
     <span class='ocr_line' id='line_1_108' title="bbox 2076 4501 3647 4572; baseline 0.003 -16"><span class='ocrx_word' id='word_1_868' title='bbox 2076 4502 2273 4557; x_wconf 88' lang='lat' dir='ltr'><strong>indicat</strong></span> <span class='ocrx_word' id='word_1_869' title='bbox 2297 4503 2384 4572; x_wconf 85' lang='lat' dir='ltr'><strong>qui</strong></span> <span class='ocrx_word' id='word_1_870' title='bbox 2431 4502 2746 4570; x_wconf 85' lang='lat' dir='ltr'><strong>simpliciter</strong></span> <span class='ocrx_word' id='word_1_871' title='bbox 2775 4512 2828 4556; x_wconf 88' lang='lat' dir='ltr'><strong>et</strong></span> <span class='ocrx_word' id='word_1_872' title='bbox 2855 4501 3096 4558; x_wconf 82' lang='lat' dir='ltr'><strong>absolute</strong></span> <span class='ocrx_word' id='word_1_873' title='bbox 3139 4513 3372 4570; x_wconf 85' lang='lat' dir='ltr'><strong>accusat,</strong></span> <span class='ocrx_word' id='word_1_874' title='bbox 3403 4505 3496 4560; x_wconf 82' lang='lat' dir='ltr'><strong>sed</strong></span> <span class='ocrx_word' id='word_1_875' title='bbox 3527 4521 3647 4560; x_wconf 90' lang='lat' dir='ltr'><strong>eum</strong></span> 
     </span>
    </p>
   </div>
   <div class='ocr_carea' id='block_1_109' title="bbox 2075 4591 3648 4661">
    <p class='ocr_par' dir='ltr' id='par_1_109' title="bbox 2075 4591 3648 4661">
     <span class='ocr_line' id='line_1_109' title="bbox 2075 4591 3648 4661; baseline 0.001 -15"><span class='ocrx_word' id='word_1_876' title='bbox 2075 4593 2163 4661; x_wconf 87' lang='lat' dir='ltr'><strong>qui</strong></span> <span class='ocrx_word' id='word_1_877' title='bbox 2195 4607 2317 4646; x_wconf 87' lang='lat' dir='ltr'><strong>eum</strong></span> <span class='ocrx_word' id='word_1_878' title='bbox 2343 4591 2491 4655; x_wconf 82' lang='lat' dir='ltr'><strong>dolo,</strong></span> <span class='ocrx_word' id='word_1_879' title='bbox 2537 4601 2592 4647; x_wconf 91' lang='lat' dir='ltr'><strong>et</strong></span> <span class='ocrx_word' id='word_1_880' title='bbox 2617 4591 2794 4646; x_wconf 86' lang='lat' dir='ltr'><strong>dedita</strong></span> <span class='ocrx_word' id='word_1_881' title='bbox 2819 4607 2979 4660; x_wconf 87' lang='lat' dir='ltr'><strong>opera</strong></span> <span class='ocrx_word' id='word_1_882' title='bbox 3007 4591 3059 4646; x_wconf 91' lang='lat' dir='ltr'><strong>id</strong></span> <span class='ocrx_word' id='word_1_883' title='bbox 3085 4593 3231 4647; x_wconf 89' lang='lat' dir='ltr'><strong>facit.</strong></span> <span class='ocrx_word' id='word_1_884' title='bbox 3262 4593 3455 4648; x_wconf 79' lang='lat' dir='ltr'><strong>Sedens</strong></span> <span class='ocrx_word' id='word_1_885' title='bbox 3485 4597 3648 4661; x_wconf 86' lang='lat' dir='ltr'><strong>enim,</strong></span> 
     </span>
    </p>
   </div>
   <div class='ocr_carea' id='block_1_110' title="bbox 2075 4682 3652 4755">
    <p class='ocr_par' dir='ltr' id='par_1_110' title="bbox 2075 4682 3652 4755">
     <span class='ocr_line' id='line_1_110' title="bbox 2075 4682 3652 4755; baseline 0.003 -17"><span class='ocrx_word' id='word_1_886' title='bbox 2075 4683 2279 4752; x_wconf 80' lang='lat' dir='ltr'><strong>inquit,</strong></span> <span class='ocrx_word' id='word_1_887' title='bbox 2322 4682 2569 4737; x_wconf 79' lang='lat' dir='ltr'><strong>adversus</strong></span> <span class='ocrx_word' id='word_1_888' title='bbox 2614 4687 2824 4753; x_wconf 78' lang='lat' dir='ltr'><strong>fratrem</strong></span> <span class='ocrx_word' id='word_1_889' title='bbox 2866 4693 3008 4736; x_wconf 85' lang='lat' dir='ltr'><strong>tuum</strong></span> <span class='ocrx_word' id='word_1_890' title='bbox 3058 4684 3337 4755; x_wconf 84' lang='lat' dir='ltr'><strong>loquebaris</strong></span> <span class='ocrx_word' id='word_1_891' title='bbox 3368 4725 3382 4739; x_wconf 92' lang='lat'><strong>.</strong></span> <span class='ocrx_word' id='word_1_892' title='bbox 3416 4687 3481 4741; x_wconf 85' lang='lat' dir='ltr'><strong>Et</strong></span> <span class='ocrx_word' id='word_1_893' title='bbox 3523 4687 3652 4742; x_wconf 84' lang='lat' dir='ltr'><strong>Cain</strong></span> 
     </span>
    </p>
   </div>
   <div class='ocr_carea' id='block_1_111' title="bbox 2075 4762 3650 4847">
    <p class='ocr_par' dir='ltr' id='par_1_111' title="bbox 2075 4762 3650 4847">
     <span class='ocr_line' id='line_1_111' title="bbox 2075 4762 3650 4847; baseline 0.001 -18"><span class='ocrx_word' id='word_1_894' title='bbox 2075 4775 2292 4843; x_wconf 85' lang='lat' dir='ltr'><strong>quidem</strong></span> <span class='ocrx_word' id='word_1_895' title='bbox 2324 4790 2491 4829; x_wconf 92' lang='lat' dir='ltr'><strong>unum</strong></span> <span class='ocrx_word' id='word_1_896' title='bbox 2533 4774 2750 4829; x_wconf 89' lang='lat' dir='ltr'><strong>fratrem</strong></span> <span class='ocrx_word' id='word_1_897' title='bbox 2776 4762 3039 4830; x_wconf 82' lang='lat' dir='ltr'><strong>sublatum</strong></span> <span class='ocrx_word' id='word_1_898' title='bbox 3062 4779 3314 4844; x_wconf 56' lang='lat' dir='ltr'><strong>praesenti</strong></span> <span class='ocrx_word' id='word_1_899' title='bbox 3349 4778 3452 4832; x_wconf 89' lang='lat' dir='ltr'><strong>vita</strong></span> <span class='ocrx_word' id='word_1_900' title='bbox 3477 4794 3650 4847; x_wconf 85' lang='lat' dir='ltr'><strong>expu-</strong></span> 
     </span>
    </p>
   </div>
   <div class='ocr_carea' id='block_1_112' title="bbox 2075 4865 3650 4937">
    <p class='ocr_par' dir='ltr' id='par_1_112' title="bbox 2075 4865 3650 4937">
     <span class='ocr_line' id='line_1_112' title="bbox 2075 4865 3650 4937; baseline 0.001 -18"><span class='ocrx_word' id='word_1_901' title='bbox 2075 4867 2138 4919; x_wconf 89' lang='lat' dir='ltr'><strong>lit</strong></span> <span class='ocrx_word' id='word_1_902' title='bbox 2161 4884 2174 4920; x_wconf 87' lang='lat'><strong>:</strong></span> <span class='ocrx_word' id='word_1_903' title='bbox 2205 4865 2256 4918; x_wconf 89' lang='lat' dir='ltr'><strong>hi</strong></span> <span class='ocrx_word' id='word_1_904' title='bbox 2282 4874 2459 4920; x_wconf 87' lang='lat' dir='ltr'><strong>autem</strong></span> <span class='ocrx_word' id='word_1_905' title='bbox 2477 4866 2911 4933; x_wconf 80' lang='lat' dir='ltr'><strong>innumerabiles,</strong></span> <span class='ocrx_word' id='word_1_906' title='bbox 2943 4882 3038 4936; x_wconf 85' lang='lat' dir='ltr'><strong>per</strong></span> <span class='ocrx_word' id='word_1_907' title='bbox 3063 4883 3123 4922; x_wconf 90' lang='lat' dir='ltr'><strong>ea</strong></span> <span class='ocrx_word' id='word_1_908' title='bbox 3145 4883 3263 4937; x_wconf 70' lang='lat' dir='ltr'><strong>quae</strong></span> <span class='ocrx_word' id='word_1_909' title='bbox 3288 4868 3425 4922; x_wconf 87' lang='lat' dir='ltr'><strong>male</strong></span> <span class='ocrx_word' id='word_1_910' title='bbox 3445 4868 3650 4934; x_wconf 87' lang='lat' dir='ltr'><strong>dicunt,</strong></span> 
     </span>
    </p>
   </div>
   <div class='ocr_carea' id='block_1_113' title="bbox 2070 4957 3652 5027">
    <p class='ocr_par' dir='ltr' id='par_1_113' title="bbox 2070 4957 3652 5027">
     <span class='ocr_line' id='line_1_113' title="bbox 2070 4957 3652 5027; baseline 0.001 -16"><span class='ocrx_word' id='word_1_911' title='bbox 2070 4957 2347 5025; x_wconf 84' lang='lat' dir='ltr'><strong>dejieiunt,</strong></span> <span class='ocrx_word' id='word_1_912' title='bbox 2393 4966 2449 5012; x_wconf 89' lang='lat' dir='ltr'><strong>et</strong></span> <span class='ocrx_word' id='word_1_913' title='bbox 2481 4957 2685 5027; x_wconf 87' lang='lat' dir='ltr'><strong>seipsos</strong></span> <span class='ocrx_word' id='word_1_914' title='bbox 2728 4959 2949 5026; x_wconf 87' lang='lat' dir='ltr'><strong>primos.</strong></span> <span class='ocrx_word' id='word_1_915' title='bbox 2996 4959 3113 5013; x_wconf 87' lang='lat' dir='ltr'><strong>Non</strong></span> <span class='ocrx_word' id='word_1_916' title='bbox 3149 4974 3269 5013; x_wconf 82' lang='lat' dir='ltr'><strong>eum</strong></span> <span class='ocrx_word' id='word_1_917' title='bbox 3309 4959 3449 5012; x_wconf 88' lang='lat' dir='ltr'><strong>enim</strong></span> <span class='ocrx_word' id='word_1_918' title='bbox 3479 4960 3652 5014; x_wconf 88' lang='lat' dir='ltr'><strong>solum</strong></span> 
     </span>
    </p>
   </div>
   <div class='ocr_carea' id='block_1_114' title="bbox 2071 5047 3653 5116">
    <p class='ocr_par' dir='ltr' id='par_1_114' title="bbox 2071 5047 3653 5116">
     <span class='ocr_line' id='line_1_114' title="bbox 2071 5047 3653 5116; baseline 0.001 -15"><span class='ocrx_word' id='word_1_919' title='bbox 2071 5048 2167 5116; x_wconf 86' lang='lat' dir='ltr'><strong>qui</strong></span> <span class='ocrx_word' id='word_1_920' title='bbox 2189 5057 2486 5112; x_wconf 88' lang='lat' dir='ltr'><strong>accusatur,</strong></span> <span class='ocrx_word' id='word_1_921' title='bbox 2513 5047 2609 5102; x_wconf 81' lang='lat' dir='ltr'><strong>sed</strong></span> <span class='ocrx_word' id='word_1_922' title='bbox 2636 5049 2770 5104; x_wconf 84' lang='lat' dir='ltr'><strong>alios</strong></span> <span class='ocrx_word' id='word_1_923' title='bbox 2797 5049 2961 5104; x_wconf 84' lang='lat' dir='ltr'><strong>etiam</strong></span> <span class='ocrx_word' id='word_1_924' title='bbox 2992 5050 3211 5113; x_wconf 66' lang='lat' dir='ltr'><strong>laaduut,</strong></span> <span class='ocrx_word' id='word_1_925' title='bbox 3255 5049 3364 5102; x_wconf 88' lang='lat' dir='ltr'><strong>imo</strong></span> <span class='ocrx_word' id='word_1_926' title='bbox 3390 5064 3516 5102; x_wconf 77' lang='lat' dir='ltr'><strong>vero</strong></span> <span class='ocrx_word' id='word_1_927' title='bbox 3536 5065 3653 5103; x_wconf 83' lang='lat' dir='ltr'><strong>ma-</strong></span> 
     </span>
    </p>
   </div>
   <div class='ocr_carea' id='block_1_115' title="bbox 2071 5139 3653 5209">
    <p class='ocr_par' dir='ltr' id='par_1_115' title="bbox 2071 5139 3653 5209">
     <span class='ocr_line' id='line_1_115' title="bbox 2071 5139 3653 5209; baseline 0.002 -16"><span class='ocrx_word' id='word_1_928' title='bbox 2071 5145 2155 5209; x_wconf 79' lang='lat' dir='ltr'><strong>gis</strong></span> <span class='ocrx_word' id='word_1_929' title='bbox 2179 5155 2275 5195; x_wconf 92' lang='lat' dir='ltr'><strong>eos</strong></span> <span class='ocrx_word' id='word_1_930' title='bbox 2301 5141 2473 5195; x_wconf 86' lang='lat' dir='ltr'><strong>solum</strong></span> <span class='ocrx_word' id='word_1_931' title='bbox 2493 5141 2584 5209; x_wconf 85' lang='lat' dir='ltr'><strong>qui</strong></span> <span class='ocrx_word' id='word_1_932' title='bbox 2619 5155 2682 5195; x_wconf 85' lang='lat' dir='ltr'><strong>ea</strong></span> <span class='ocrx_word' id='word_1_933' title='bbox 2710 5141 3014 5194; x_wconf 85' lang='lat' dir='ltr'><strong>admittunt.</strong></span> <span class='ocrx_word' id='word_1_934' title='bbox 3041 5139 3140 5204; x_wconf 85' lang='lat' dir='ltr'><strong>Qui</strong></span> <span class='ocrx_word' id='word_1_935' title='bbox 3169 5141 3310 5192; x_wconf 84' lang='lat' dir='ltr'><strong>enim</strong></span> <span class='ocrx_word' id='word_1_936' title='bbox 3340 5140 3472 5193; x_wconf 85' lang='lat' dir='ltr'><strong>falso</strong></span> <span class='ocrx_word' id='word_1_937' title='bbox 3515 5141 3653 5196; x_wconf 87' lang='lat' dir='ltr'><strong>male</strong></span> 
     </span>
    </p>
   </div>
   <div class='ocr_carea' id='block_1_116' title="bbox 2077 5228 3653 5298">
    <p class='ocr_par' dir='ltr' id='par_1_116' title="bbox 2077 5228 3653 5298">
     <span class='ocr_line' id='line_1_116' title="bbox 2077 5228 3653 5298; baseline -0.001 -12"><span class='ocrx_word' id='word_1_938' title='bbox 2077 5231 2245 5296; x_wconf 84' lang='lat' dir='ltr'><strong>audit,</strong></span> <span class='ocrx_word' id='word_1_939' title='bbox 2273 5247 2376 5285; x_wconf 88' lang='lat' dir='ltr'><strong>non</strong></span> <span class='ocrx_word' id='word_1_940' title='bbox 2409 5231 2570 5285; x_wconf 88' lang='lat' dir='ltr'><strong>modo</strong></span> <span class='ocrx_word' id='word_1_941' title='bbox 2599 5231 2740 5285; x_wconf 86' lang='lat' dir='ltr'><strong>nulla</strong></span> <span class='ocrx_word' id='word_1_942' title='bbox 2782 5231 2974 5298; x_wconf 82' lang='lat' dir='ltr'><strong>injuria</strong></span> <span class='ocrx_word' id='word_1_943' title='bbox 2993 5230 3211 5284; x_wconf 74' lang='lat' dir='ltr'><strong>affectus</strong></span> <span class='ocrx_word' id='word_1_944' title='bbox 3231 5239 3332 5294; x_wconf 75' lang='lat' dir='ltr'><strong>e51,</strong></span> <span class='ocrx_word' id='word_1_945' title='bbox 3366 5228 3458 5284; x_wconf 85' lang='lat' dir='ltr'><strong>sed</strong></span> <span class='ocrx_word' id='word_1_946' title='bbox 3482 5231 3653 5284; x_wconf 86' lang='lat' dir='ltr'><strong>maxi-</strong></span> 
     </span>
    </p>
   </div>
   <div class='ocr_carea' id='block_1_117' title="bbox 2079 5319 3650 5390">
    <p class='ocr_par' dir='ltr' id='par_1_117' title="bbox 2079 5319 3650 5390">
     <span class='ocr_line' id='line_1_117' title="bbox 2079 5319 3650 5390; baseline -0.001 -14"><span class='ocrx_word' id='word_1_947' title='bbox 2079 5337 2218 5376; x_wconf 87' lang='lat' dir='ltr'><strong>mam</strong></span> <span class='ocrx_word' id='word_1_948' title='bbox 2246 5323 2408 5376; x_wconf 88' lang='lat' dir='ltr'><strong>etiam</strong></span> <span class='ocrx_word' id='word_1_949' title='bbox 2435 5321 2594 5375; x_wconf 81' lang='lat' dir='ltr'><strong>habet</strong></span> <span class='ocrx_word' id='word_1_950' title='bbox 2623 5321 2946 5376; x_wconf 85' lang='lat' dir='ltr'><strong>mercedem.</strong></span> <span class='ocrx_word' id='word_1_951' title='bbox 2990 5319 3104 5374; x_wconf 88' lang='lat' dir='ltr'><strong>Non</strong></span> <span class='ocrx_word' id='word_1_952' title='bbox 3130 5320 3270 5373; x_wconf 90' lang='lat' dir='ltr'><strong>enim</strong></span> <span class='ocrx_word' id='word_1_953' title='bbox 3301 5323 3390 5390; x_wconf 88' lang='lat' dir='ltr'><strong>qui</strong></span> <span class='ocrx_word' id='word_1_954' title='bbox 3433 5320 3650 5389; x_wconf 86' lang='lat' dir='ltr'><strong>patitur,</strong></span> 
     </span>
    </p>
   </div>
   <div class='ocr_carea' id='block_1_118' title="bbox 2079 5413 3651 5483">
    <p class='ocr_par' dir='ltr' id='par_1_118' title="bbox 2079 5413 3651 5483">
     <span class='ocr_line' id='line_1_118' title="bbox 2079 5413 3651 5483; baseline 0.001 -15"><span class='ocrx_word' id='word_1_955' title='bbox 2079 5415 2172 5468; x_wconf 74' lang='lat' dir='ltr'><strong>sed</strong></span> <span class='ocrx_word' id='word_1_956' title='bbox 2215 5414 2304 5482; x_wconf 89' lang='lat' dir='ltr'><strong>qui</strong></span> <span class='ocrx_word' id='word_1_957' title='bbox 2331 5413 2470 5468; x_wconf 87' lang='lat' dir='ltr'><strong>male</strong></span> <span class='ocrx_word' id='word_1_958' title='bbox 2505 5414 2655 5483; x_wconf 83' lang='lat' dir='ltr'><strong>agit,</strong></span> <span class='ocrx_word' id='word_1_959' title='bbox 2683 5421 2766 5468; x_wconf 85' lang='lat' dir='ltr'><strong>est</strong></span> <span class='ocrx_word' id='word_1_960' title='bbox 2805 5413 2996 5482; x_wconf 82' lang='lat' dir='ltr'><strong>dignus</strong></span> <span class='ocrx_word' id='word_1_961' title='bbox 3024 5413 3286 5482; x_wconf 89' lang='lat' dir='ltr'><strong>supplicio</strong></span> <span class='ocrx_word' id='word_1_962' title='bbox 3329 5431 3342 5466; x_wconf 93' lang='lat'>:</span> <span class='ocrx_word' id='word_1_963' title='bbox 3375 5414 3446 5469; x_wconf 88' lang='lat' dir='ltr'><strong>ita</strong></span> <span class='ocrx_word' id='word_1_964' title='bbox 3490 5415 3651 5470; x_wconf 88' lang='lat' dir='ltr'><strong>etiam</strong></span> 
     </span>
    </p>
   </div>
   <div class='ocr_carea' id='block_1_119' title="bbox 2083 5505 3648 5577">
    <p class='ocr_par' dir='ltr' id='par_1_119' title="bbox 2083 5505 3648 5577">
     <span class='ocr_line' id='line_1_119' title="bbox 2083 5505 3648 5577; baseline 0.001 -17"><span class='ocrx_word' id='word_1_965' title='bbox 2083 5506 2172 5576; x_wconf 88' lang='lat' dir='ltr'><strong>qui</strong></span> <span class='ocrx_word' id='word_1_966' title='bbox 2199 5505 2346 5573; x_wconf 90' lang='lat' dir='ltr'><strong>dicit,</strong></span> <span class='ocrx_word' id='word_1_967' title='bbox 2375 5521 2480 5560; x_wconf 90' lang='lat' dir='ltr'><strong>non</strong></span> <span class='ocrx_word' id='word_1_968' title='bbox 2510 5506 2600 5574; x_wconf 90' lang='lat' dir='ltr'><strong>qui</strong></span> <span class='ocrx_word' id='word_1_969' title='bbox 2622 5506 2788 5570; x_wconf 89' lang='lat' dir='ltr'><strong>audit,</strong></span> <span class='ocrx_word' id='word_1_970' title='bbox 2817 5505 3061 5560; x_wconf 90' lang='lat' dir='ltr'><strong>modone</strong></span> <span class='ocrx_word' id='word_1_971' title='bbox 3088 5506 3176 5562; x_wconf 90' lang='lat' dir='ltr'><strong>ille</strong></span> <span class='ocrx_word' id='word_1_972' title='bbox 3204 5507 3436 5576; x_wconf 70' lang='lat' dir='ltr'><strong>praebeat</strong></span> <span class='ocrx_word' id='word_1_973' title='bbox 3449 5507 3648 5577; x_wconf 85' lang='lat' dir='ltr'><strong>justam</strong></span> 
     </span>
    </p>
   </div>
   <div class='ocr_carea' id='block_1_120' title="bbox 2081 5595 3656 5666">
    <p class='ocr_par' dir='ltr' id='par_1_120' title="bbox 2081 5595 3656 5666">
     <span class='ocr_line' id='line_1_120' title="bbox 2081 5595 3656 5666; baseline 0.003 -16"><span class='ocrx_word' id='word_1_974' title='bbox 2081 5595 2433 5650; x_wconf 88' lang='lat' dir='ltr'><strong>maledicendi</strong></span> <span class='ocrx_word' id='word_1_975' title='bbox 2476 5595 2835 5650; x_wconf 87' lang='lat' dir='ltr'><strong>occasionem.</strong></span> <span class='ocrx_word' id='word_1_976' title='bbox 2889 5595 3004 5650; x_wconf 82' lang='lat' dir='ltr'><strong>Non</strong></span> <span class='ocrx_word' id='word_1_977' title='bbox 3058 5597 3160 5653; x_wconf 83' lang='lat' dir='ltr'><strong>hoc</strong></span> <span class='ocrx_word' id='word_1_978' title='bbox 3205 5613 3332 5666; x_wconf 81' lang='lat' dir='ltr'><strong>ergo</strong></span> <span class='ocrx_word' id='word_1_979' title='bbox 3362 5601 3656 5655; x_wconf 80' lang='lat' dir='ltr'><strong>contenda-</strong></span> 
     </span>
    </p>
   </div>
   <div class='ocr_carea' id='block_1_121' title="bbox 2085 5685 3651 5762">
    <p class='ocr_par' dir='ltr' id='par_1_121' title="bbox 2085 5685 3651 5762">
     <span class='ocr_line' id='line_1_121' title="bbox 2085 5685 3651 5762; baseline 0.002 -21"><span class='ocrx_word' id='word_1_980' title='bbox 2085 5703 2201 5742; x_wconf 90' lang='lat' dir='ltr'><strong>mus</strong></span> <span class='ocrx_word' id='word_1_981' title='bbox 2224 5730 2238 5756; x_wconf 91' lang='lat'><strong>,</strong></span> <span class='ocrx_word' id='word_1_982' title='bbox 2265 5704 2329 5745; x_wconf 88' lang='lat' dir='ltr'><strong>ne</strong></span> <span class='ocrx_word' id='word_1_983' title='bbox 2357 5688 2494 5742; x_wconf 86' lang='lat' dir='ltr'><strong>male</strong></span> <span class='ocrx_word' id='word_1_984' title='bbox 2524 5686 2799 5744; x_wconf 84' lang='lat' dir='ltr'><strong>audiamus</strong></span> <span class='ocrx_word' id='word_1_985' title='bbox 2829 5685 2968 5762; x_wconf 86' lang='lat' dir='ltr'><strong>(hoc</strong></span> <span class='ocrx_word' id='word_1_986' title='bbox 2996 5688 3136 5745; x_wconf 78' lang='lat' dir='ltr'><strong>ettim</strong></span> <span class='ocrx_word' id='word_1_987' title='bbox 3170 5689 3282 5744; x_wconf 81' lang='lat' dir='ltr'><strong>fieri</strong></span> <span class='ocrx_word' id='word_1_988' title='bbox 3306 5698 3614 5759; x_wconf 82' lang='lat' dir='ltr'><strong>non-potest</strong></span> <span class='ocrx_word' id='word_1_989' title='bbox 3641 5708 3651 5718; x_wconf 94' lang='grc'><strong>·</strong></span> 
     </span>
    </p>
   </div>
  </div>
