  <div class='ocr_page' id='page_1' title='image "/cluster/home/n/w/nwhite01/storage/ocr_20150623/55/mdp.39015028539511/247.png"; bbox 0 0 4114 6278; ppageno 0'>
   <div class='ocr_carea' id='block_1_1' title="bbox 399 381 505 436">
    <p class='ocr_par' dir='ltr' id='par_1_1' title="bbox 399 381 505 436">
     <span class='ocr_line' id='line_1_1' title="bbox 399 381 505 436; baseline 0.009 -1"><span class='ocrx_word' id='word_1_1' title='bbox 399 381 505 436; x_wconf 76' lang='grc'><strong>255</strong></span> 
     </span>
    </p>
   </div>
   <div class='ocr_carea' id='block_1_2' title="bbox 402 489 1976 565">
    <p class='ocr_par' dir='ltr' id='par_1_2' title="bbox 402 489 1976 565">
     <span class='ocr_line' id='line_1_2' title="bbox 402 489 1976 565; baseline -0.008 -8"><span class='ocrx_word' id='word_1_2' title='bbox 402 512 459 557; x_wconf 84' lang='lat' dir='ltr'><strong>et</strong></span> <span class='ocrx_word' id='word_1_3' title='bbox 487 509 568 555; x_wconf 90' lang='lat' dir='ltr'><strong>est</strong></span> <span class='ocrx_word' id='word_1_4' title='bbox 592 497 785 554; x_wconf 75' lang='lat' dir='ltr'><strong>Christi</strong></span> <span class='ocrx_word' id='word_1_5' title='bbox 829 496 1114 561; x_wconf 74' lang='lat' dir='ltr'><strong>sententia,</strong></span> <span class='ocrx_word' id='word_1_6' title='bbox 1145 510 1262 565; x_wconf 71' lang='lat' dir='ltr'><strong>quae</strong></span> <span class='ocrx_word' id='word_1_7' title='bbox 1292 494 1421 549; x_wconf 92' lang='lat' dir='ltr'><strong>dicit</strong></span> <span class='ocrx_word' id='word_1_8' title='bbox 1446 512 1458 547; x_wconf 89' lang='lat'><strong>:</strong></span> <span class='ocrx_word' id='word_1_9' title='bbox 1498 492 1585 547; x_wconf 74' lang='lat' dir='ltr'><strong>l’te</strong></span> <span class='ocrx_word' id='word_1_10' title='bbox 1608 489 1744 546; x_wconf 83' lang='lat' dir='ltr'><strong>vobis</strong></span> <span class='ocrx_word' id='word_1_11' title='bbox 1772 493 1976 564; x_wconf 82' lang='lat' dir='ltr'><strong>quando</strong></span> 
     </span>
    </p>
   </div>
   <div class='ocr_carea' id='block_1_3' title="bbox 403 580 1978 655">
    <p class='ocr_par' dir='ltr' id='par_1_3' title="bbox 403 580 1978 655">
     <span class='ocr_line' id='line_1_3' title="bbox 403 580 1978 655; baseline -0.005 -12"><span class='ocrx_word' id='word_1_12' title='bbox 403 589 744 643; x_wconf 75' lang='lat' dir='ltr'><strong>benedixerint</strong></span> <span class='ocrx_word' id='word_1_13' title='bbox 788 586 924 640; x_wconf 73' lang='lat' dir='ltr'><strong>vobis</strong></span> <span class='ocrx_word' id='word_1_14' title='bbox 959 602 1128 639; x_wconf 88' lang='lat' dir='ltr'><strong>omnes</strong></span> <span class='ocrx_word' id='word_1_15' title='bbox 1177 585 1399 637; x_wconf 76' lang='lat' dir='ltr'><strong>homines</strong></span> <span class='ocrx_word' id='word_1_16' title='bbox 1430 581 1580 655; x_wconf 86' lang='lat' dir='ltr'><strong>[Luc.</strong></span> <span class='ocrx_word' id='word_1_17' title='bbox 1617 583 1670 637; x_wconf 88' lang='lat'><strong>6.</strong></span> <span class='ocrx_word' id='word_1_18' title='bbox 1700 580 1853 654; x_wconf 68' lang='grc'>26]),</span> <span class='ocrx_word' id='word_1_19' title='bbox 1886 581 1978 636; x_wconf 85' lang='lat' dir='ltr'><strong>sed</strong></span> 
     </span>
    </p>
   </div>
   <div class='ocr_carea' id='block_1_4' title="bbox 405 675 1980 748">
    <p class='ocr_par' dir='ltr' id='par_1_4' title="bbox 405 675 1980 748">
     <span class='ocr_line' id='line_1_4' title="bbox 405 675 1980 748; baseline -0.004 -12"><span class='ocrx_word' id='word_1_20' title='bbox 405 699 473 736; x_wconf 89' lang='lat' dir='ltr'><strong>ne</strong></span> <span class='ocrx_word' id='word_1_21' title='bbox 505 696 603 735; x_wconf 90' lang='lat' dir='ltr'><strong>nos</strong></span> <span class='ocrx_word' id='word_1_22' title='bbox 640 679 976 748; x_wconf 66' lang='lat' dir='ltr'><strong>praebeamus</strong></span> <span class='ocrx_word' id='word_1_23' title='bbox 1018 677 1345 731; x_wconf 79' lang='lat' dir='ltr'><strong>occasiones.</strong></span> <span class='ocrx_word' id='word_1_24' title='bbox 1393 675 1492 741; x_wconf 87' lang='lat' dir='ltr'><strong>Qui</strong></span> <span class='ocrx_word' id='word_1_25' title='bbox 1532 675 1672 729; x_wconf 91' lang='lat' dir='ltr'><strong>enim</strong></span> <span class='ocrx_word' id='word_1_26' title='bbox 1707 675 1818 728; x_wconf 84' lang='lat' dir='ltr'><strong>vult</strong></span> <span class='ocrx_word' id='word_1_27' title='bbox 1845 675 1980 729; x_wconf 87' lang='lat' dir='ltr'><strong>bene</strong></span> 
     </span>
    </p>
   </div>
   <div class='ocr_carea' id='block_1_5' title="bbox 404 764 1979 834">
    <p class='ocr_par' dir='ltr' id='par_1_5' title="bbox 404 764 1979 834">
     <span class='ocr_line' id='line_1_5' title="bbox 404 764 1979 834; baseline -0.005 -8"><span class='ocrx_word' id='word_1_28' title='bbox 404 771 590 826; x_wconf 89' lang='lat' dir='ltr'><strong>audire</strong></span> <span class='ocrx_word' id='word_1_29' title='bbox 643 771 711 823; x_wconf 92' lang='lat' dir='ltr'><strong>ab</strong></span> <span class='ocrx_word' id='word_1_30' title='bbox 763 769 1044 832; x_wconf 90' lang='lat' dir='ltr'><strong>omnibus,</strong></span> <span class='ocrx_word' id='word_1_31' title='bbox 1098 783 1247 821; x_wconf 91' lang='lat' dir='ltr'><strong>suam</strong></span> <span class='ocrx_word' id='word_1_32' title='bbox 1298 767 1529 820; x_wconf 80' lang='lat' dir='ltr'><strong>animum</strong></span> <span class='ocrx_word' id='word_1_33' title='bbox 1583 780 1732 833; x_wconf 60' lang='lat' dir='ltr'><strong>saepe</strong></span> <span class='ocrx_word' id='word_1_34' title='bbox 1782 764 1979 834; x_wconf 91' lang='lat' dir='ltr'><strong>perdit,</strong></span> 
     </span>
    </p>
   </div>
   <div class='ocr_carea' id='block_1_6' title="bbox 405 856 1977 929">
    <p class='ocr_par' dir='ltr' id='par_1_6' title="bbox 405 856 1977 929">
     <span class='ocr_line' id='line_1_6' title="bbox 405 856 1977 929; baseline -0.005 -13"><span class='ocrx_word' id='word_1_35' title='bbox 405 877 590 916; x_wconf 86' lang='lat' dir='ltr'><strong>amans</strong></span> <span class='ocrx_word' id='word_1_36' title='bbox 629 861 911 915; x_wconf 81' lang='lat' dir='ltr'><strong>humanam</strong></span> <span class='ocrx_word' id='word_1_37' title='bbox 938 858 1184 929; x_wconf 84' lang='lat' dir='ltr'><strong>gloriam,</strong></span> <span class='ocrx_word' id='word_1_38' title='bbox 1232 857 1529 912; x_wconf 83' lang='lat' dir='ltr'><strong>inserviens</strong></span> <span class='ocrx_word' id='word_1_39' title='bbox 1556 856 1610 910; x_wconf 90' lang='lat' dir='ltr'><strong>in</strong></span> <span class='ocrx_word' id='word_1_40' title='bbox 1639 856 1704 909; x_wconf 92' lang='lat' dir='ltr'><strong>iis</strong></span> <span class='ocrx_word' id='word_1_41' title='bbox 1724 871 1842 925; x_wconf 84' lang='lat' dir='ltr'><strong>quae</strong></span> <span class='ocrx_word' id='word_1_42' title='bbox 1869 870 1977 908; x_wconf 89' lang='lat' dir='ltr'><strong>non</strong></span> 
     </span>
    </p>
   </div>
   <div class='ocr_carea' id='block_1_7' title="bbox 405 946 1979 1021">
    <p class='ocr_par' dir='ltr' id='par_1_7' title="bbox 405 946 1979 1021">
     <span class='ocr_line' id='line_1_7' title="bbox 405 946 1979 1021; baseline -0.006 -14"><span class='ocrx_word' id='word_1_43' title='bbox 405 953 578 1018; x_wconf 88' lang='lat' dir='ltr'><strong>decet,</strong></span> <span class='ocrx_word' id='word_1_44' title='bbox 612 952 824 1021; x_wconf 81' lang='lat' dir='ltr'><strong>placens</strong></span> <span class='ocrx_word' id='word_1_45' title='bbox 850 951 900 1004; x_wconf 93' lang='lat' dir='ltr'><strong>in</strong></span> <span class='ocrx_word' id='word_1_46' title='bbox 928 951 992 1004; x_wconf 91' lang='lat' dir='ltr'><strong>iis</strong></span> <span class='ocrx_word' id='word_1_47' title='bbox 1016 964 1134 1018; x_wconf 67' lang='lat' dir='ltr'><strong>qua:</strong></span> <span class='ocrx_word' id='word_1_48' title='bbox 1165 964 1270 1002; x_wconf 91' lang='lat' dir='ltr'><strong>non</strong></span> <span class='ocrx_word' id='word_1_49' title='bbox 1297 957 1528 1017; x_wconf 86' lang='lat' dir='ltr'><strong>oportet,</strong></span> <span class='ocrx_word' id='word_1_50' title='bbox 1554 955 1613 1000; x_wconf 94' lang='lat' dir='ltr'><strong>ut</strong></span> <span class='ocrx_word' id='word_1_51' title='bbox 1641 946 1709 999; x_wconf 92' lang='lat' dir='ltr'><strong>ab</strong></span> <span class='ocrx_word' id='word_1_52' title='bbox 1737 947 1816 1001; x_wconf 92' lang='lat' dir='ltr'><strong>eis</strong></span> <span class='ocrx_word' id='word_1_53' title='bbox 1838 953 1979 1000; x_wconf 92' lang='lat' dir='ltr'><strong>emat</strong></span> 
     </span>
    </p>
   </div>
   <div class='ocr_carea' id='block_1_8' title="bbox 405 1035 1981 1116">
    <p class='ocr_par' dir='ltr' id='par_1_8' title="bbox 405 1035 1981 1116">
     <span class='ocr_line' id='line_1_8' title="bbox 405 1035 1981 1116; baseline -0.006 -18"><span class='ocrx_word' id='word_1_54' title='bbox 405 1045 649 1116; x_wconf 74' lang='lat' dir='ltr'><strong>gratiam.</strong></span> <span class='ocrx_word' id='word_1_55' title='bbox 673 1043 881 1098; x_wconf 81' lang='lat' dir='ltr'><strong>Rursus</strong></span> <span class='ocrx_word' id='word_1_56' title='bbox 907 1041 997 1112; x_wconf 90' lang='lat' dir='ltr'><strong>qui</strong></span> <span class='ocrx_word' id='word_1_57' title='bbox 1023 1035 1318 1095; x_wconf 75' lang='lat' dir='ltr'><strong>contemnit</strong></span> <span class='ocrx_word' id='word_1_58' title='bbox 1343 1039 1479 1092; x_wconf 89' lang='lat' dir='ltr'><strong>male</strong></span> <span class='ocrx_word' id='word_1_59' title='bbox 1505 1037 1688 1092; x_wconf 89' lang='lat' dir='ltr'><strong>audire</strong></span> <span class='ocrx_word' id='word_1_60' title='bbox 1718 1038 1785 1090; x_wconf 89' lang='lat' dir='ltr'><strong>ab</strong></span> <span class='ocrx_word' id='word_1_61' title='bbox 1807 1036 1981 1089; x_wconf 89' lang='lat' dir='ltr'><strong>omni-</strong></span> 
     </span>
    </p>
   </div>
   <div class='ocr_carea' id='block_1_9' title="bbox 409 1125 1978 1203">
    <p class='ocr_par' dir='ltr' id='par_1_9' title="bbox 409 1125 1978 1203">
     <span class='ocr_line' id='line_1_9' title="bbox 409 1125 1978 1203; baseline -0.009 -10"><span class='ocrx_word' id='word_1_62' title='bbox 409 1139 527 1202; x_wconf 93' lang='lat' dir='ltr'><strong>bus,</strong></span> <span class='ocrx_word' id='word_1_63' title='bbox 551 1136 710 1190; x_wconf 89' lang='lat' dir='ltr'><strong>etiam</strong></span> <span class='ocrx_word' id='word_1_64' title='bbox 738 1135 970 1203; x_wconf 90' lang='lat' dir='ltr'><strong>seipsum</strong></span> <span class='ocrx_word' id='word_1_65' title='bbox 1003 1131 1193 1202; x_wconf 88' lang='lat' dir='ltr'><strong>perdit.</strong></span> <span class='ocrx_word' id='word_1_66' title='bbox 1221 1127 1678 1197; x_wconf 84' lang='lat' dir='ltr'><strong>Quemadmodum</strong></span> <span class='ocrx_word' id='word_1_67' title='bbox 1701 1128 1842 1181; x_wconf 89' lang='lat' dir='ltr'><strong>enim</strong></span> <span class='ocrx_word' id='word_1_68' title='bbox 1866 1125 1978 1179; x_wconf 82' lang='lat' dir='ltr'><strong>fieri</strong></span> 
     </span>
    </p>
   </div>
   <div class='ocr_carea' id='block_1_10' title="bbox 408 1216 1980 1296">
    <p class='ocr_par' dir='ltr' id='par_1_10' title="bbox 408 1216 1980 1296">
     <span class='ocr_line' id='line_1_10' title="bbox 408 1216 1980 1296; baseline -0.008 -15"><span class='ocrx_word' id='word_1_69' title='bbox 408 1241 514 1281; x_wconf 91' lang='lat' dir='ltr'><strong>non</strong></span> <span class='ocrx_word' id='word_1_70' title='bbox 539 1234 715 1296; x_wconf 90' lang='lat' dir='ltr'><strong>potest</strong></span> <span class='ocrx_word' id='word_1_71' title='bbox 739 1233 796 1278; x_wconf 93' lang='lat' dir='ltr'><strong>ut</strong></span> <span class='ocrx_word' id='word_1_72' title='bbox 825 1224 906 1278; x_wconf 78' lang='lat' dir='ltr'><strong>vir</strong></span> <span class='ocrx_word' id='word_1_73' title='bbox 943 1222 1114 1276; x_wconf 91' lang='lat' dir='ltr'><strong>bonus</strong></span> <span class='ocrx_word' id='word_1_74' title='bbox 1144 1221 1278 1275; x_wconf 90' lang='lat' dir='ltr'><strong>bene</strong></span> <span class='ocrx_word' id='word_1_75' title='bbox 1302 1218 1481 1273; x_wconf 90' lang='lat' dir='ltr'><strong>audiat</strong></span> <span class='ocrx_word' id='word_1_76' title='bbox 1509 1219 1575 1272; x_wconf 88' lang='lat' dir='ltr'><strong>ab</strong></span> <span class='ocrx_word' id='word_1_77' title='bbox 1599 1216 1866 1282; x_wconf 91' lang='lat' dir='ltr'><strong>omnibus,</strong></span> <span class='ocrx_word' id='word_1_78' title='bbox 1909 1217 1980 1270; x_wconf 89' lang='lat' dir='ltr'><strong>ita</strong></span> 
     </span>
    </p>
   </div>
   <div class='ocr_carea' id='block_1_11' title="bbox 408 1308 1978 1385">
    <p class='ocr_par' dir='ltr' id='par_1_11' title="bbox 408 1308 1978 1385">
     <span class='ocr_line' id='line_1_11' title="bbox 408 1308 1978 1385; baseline -0.008 -12"><span class='ocrx_word' id='word_1_79' title='bbox 408 1320 568 1374; x_wconf 88' lang='lat' dir='ltr'><strong>etiam</strong></span> <span class='ocrx_word' id='word_1_80' title='bbox 597 1317 708 1371; x_wconf 85' lang='lat' dir='ltr'><strong>fieri</strong></span> <span class='ocrx_word' id='word_1_81' title='bbox 737 1331 844 1370; x_wconf 87' lang='lat' dir='ltr'><strong>non</strong></span> <span class='ocrx_word' id='word_1_82' title='bbox 888 1322 1085 1385; x_wconf 87' lang='lat' dir='ltr'><strong>potest,</strong></span> <span class='ocrx_word' id='word_1_83' title='bbox 1111 1322 1170 1367; x_wconf 91' lang='lat' dir='ltr'><strong>ut</strong></span> <span class='ocrx_word' id='word_1_84' title='bbox 1207 1313 1275 1368; x_wconf 89' lang='lat' dir='ltr'><strong>ab</strong></span> <span class='ocrx_word' id='word_1_85' title='bbox 1303 1311 1552 1366; x_wconf 90' lang='lat' dir='ltr'><strong>omnibus</strong></span> <span class='ocrx_word' id='word_1_86' title='bbox 1591 1310 1729 1364; x_wconf 87' lang='lat' dir='ltr'><strong>male</strong></span> <span class='ocrx_word' id='word_1_87' title='bbox 1778 1308 1978 1374; x_wconf 85' lang='lat' dir='ltr'><strong>audiat,</strong></span> 
     </span>
    </p>
   </div>
   <div class='ocr_carea' id='block_1_12' title="bbox 408 1399 1981 1476">
    <p class='ocr_par' dir='ltr' id='par_1_12' title="bbox 408 1399 1981 1476">
     <span class='ocr_line' id='line_1_12' title="bbox 408 1399 1981 1476; baseline -0.006 -15"><span class='ocrx_word' id='word_1_88' title='bbox 408 1409 498 1476; x_wconf 89' lang='lat' dir='ltr'><strong>qui</strong></span> <span class='ocrx_word' id='word_1_89' title='bbox 546 1409 737 1462; x_wconf 93' lang='lat' dir='ltr'><strong>multas</strong></span> <span class='ocrx_word' id='word_1_90' title='bbox 763 1405 942 1460; x_wconf 91' lang='lat' dir='ltr'><strong>multis</strong></span> <span class='ocrx_word' id='word_1_91' title='bbox 968 1405 1036 1459; x_wconf 93' lang='lat' dir='ltr'><strong>de</strong></span> <span class='ocrx_word' id='word_1_92' title='bbox 1080 1403 1254 1458; x_wconf 88' lang='lat' dir='ltr'><strong>causis</strong></span> <span class='ocrx_word' id='word_1_93' title='bbox 1282 1402 1504 1472; x_wconf 73' lang='lat' dir='ltr'><strong>praebuit</strong></span> <span class='ocrx_word' id='word_1_94' title='bbox 1549 1400 1688 1454; x_wconf 90' lang='lat' dir='ltr'><strong>male</strong></span> <span class='ocrx_word' id='word_1_95' title='bbox 1732 1399 1981 1454; x_wconf 85' lang='lat' dir='ltr'><strong>audiendi</strong></span> 
     </span>
    </p>
   </div>
   <div class='ocr_carea' id='block_1_13' title="bbox 406 1489 1983 1560">
    <p class='ocr_par' dir='ltr' id='par_1_13' title="bbox 406 1489 1983 1560">
     <span class='ocr_line' id='line_1_13' title="bbox 406 1489 1983 1560; baseline -0.007 -8"><span class='ocrx_word' id='word_1_96' title='bbox 406 1499 736 1553; x_wconf 81' lang='lat' dir='ltr'><strong>occasiones.</strong></span> <span class='ocrx_word' id='word_1_97' title='bbox 765 1496 822 1552; x_wconf 92' lang='lat' dir='ltr'><strong>Si</strong></span> <span class='ocrx_word' id='word_1_98' title='bbox 861 1503 1038 1550; x_wconf 90' lang='lat' dir='ltr'><strong>autem</strong></span> <span class='ocrx_word' id='word_1_99' title='bbox 1069 1494 1195 1548; x_wconf 91' lang='lat' dir='ltr'><strong>dum</strong></span> <span class='ocrx_word' id='word_1_100' title='bbox 1228 1503 1283 1547; x_wconf 92' lang='lat' dir='ltr'><strong>tu</strong></span> <span class='ocrx_word' id='word_1_101' title='bbox 1327 1491 1460 1546; x_wconf 80' lang='lat' dir='ltr'><strong>nihil</strong></span> <span class='ocrx_word' id='word_1_102' title='bbox 1492 1491 1697 1560; x_wconf 78' lang='lat' dir='ltr'><strong>praebes</strong></span> <span class='ocrx_word' id='word_1_103' title='bbox 1732 1489 1983 1543; x_wconf 84' lang='lat' dir='ltr'><strong>oll&#39;ensio-</strong></span> 
     </span>
    </p>
   </div>
   <div class='ocr_carea' id='block_1_14' title="bbox 409 1581 1983 1660">
    <p class='ocr_par' dir='ltr' id='par_1_14' title="bbox 409 1581 1983 1660">
     <span class='ocr_line' id='line_1_14' title="bbox 409 1581 1983 1660; baseline -0.008 -16"><span class='ocrx_word' id='word_1_104' title='bbox 409 1593 511 1658; x_wconf 91' lang='lat' dir='ltr'><strong>uis,</strong></span> <span class='ocrx_word' id='word_1_105' title='bbox 533 1601 658 1646; x_wconf 88' lang='lat' dir='ltr'><strong>sunt</strong></span> <span class='ocrx_word' id='word_1_106' title='bbox 682 1591 769 1660; x_wconf 91' lang='lat' dir='ltr'><strong>qui</strong></span> <span class='ocrx_word' id='word_1_107' title='bbox 796 1589 886 1643; x_wconf 88' lang='lat' dir='ltr'><strong>tibi</strong></span> <span class='ocrx_word' id='word_1_108' title='bbox 919 1587 1253 1651; x_wconf 90' lang='lat' dir='ltr'><strong>maledicant,</strong></span> <span class='ocrx_word' id='word_1_109' title='bbox 1279 1594 1403 1638; x_wconf 92' lang='lat' dir='ltr'><strong>tunc</strong></span> <span class='ocrx_word' id='word_1_110' title='bbox 1427 1591 1508 1637; x_wconf 90' lang='lat' dir='ltr'><strong>est</strong></span> <span class='ocrx_word' id='word_1_111' title='bbox 1535 1582 1626 1637; x_wconf 88' lang='lat' dir='ltr'><strong>tibi</strong></span> <span class='ocrx_word' id='word_1_112' title='bbox 1649 1581 1817 1649; x_wconf 86' lang='lat' dir='ltr'><strong>major</strong></span> <span class='ocrx_word' id='word_1_113' title='bbox 1842 1595 1983 1633; x_wconf 86' lang='lat' dir='ltr'><strong>mer-</strong></span> 
     </span>
    </p>
   </div>
   <div class='ocr_carea' id='block_1_15' title="bbox 406 1670 1982 1749">
    <p class='ocr_par' dir='ltr' id='par_1_15' title="bbox 406 1670 1982 1749">
     <span class='ocr_line' id='line_1_15' title="bbox 406 1670 1982 1749; baseline -0.008 -13"><span class='ocrx_word' id='word_1_114' title='bbox 406 1699 516 1749; x_wconf 88' lang='lat' dir='ltr'><strong>ces,</strong></span> <span class='ocrx_word' id='word_1_115' title='bbox 547 1683 686 1737; x_wconf 88' lang='lat' dir='ltr'><strong>sicut</strong></span> <span class='ocrx_word' id='word_1_116' title='bbox 728 1695 826 1735; x_wconf 91' lang='lat' dir='ltr'><strong>usu</strong></span> <span class='ocrx_word' id='word_1_117' title='bbox 869 1679 1114 1734; x_wconf 83' lang='lat' dir='ltr'><strong>veniebat</strong></span> <span class='ocrx_word' id='word_1_118' title='bbox 1141 1675 1415 1746; x_wconf 86' lang='lat' dir='ltr'><strong>apostolis,</strong></span> <span class='ocrx_word' id='word_1_119' title='bbox 1459 1683 1514 1728; x_wconf 91' lang='lat' dir='ltr'><strong>et</strong></span> <span class='ocrx_word' id='word_1_120' title='bbox 1561 1672 1832 1742; x_wconf 68' lang='lat' dir='ltr'><strong>prteclaris</strong></span> <span class='ocrx_word' id='word_1_121' title='bbox 1877 1670 1982 1724; x_wconf 92' lang='lat' dir='ltr'><strong>illis</strong></span> 
     </span>
    </p>
   </div>
   <div class='ocr_carea' id='block_1_16' title="bbox 405 1762 1979 1839">
    <p class='ocr_par' dir='ltr' id='par_1_16' title="bbox 405 1762 1979 1839">
     <span class='ocr_line' id='line_1_16' title="bbox 405 1762 1979 1839; baseline -0.009 -11"><span class='ocrx_word' id='word_1_122' title='bbox 405 1776 552 1828; x_wconf 92' lang='lat' dir='ltr'><strong>viris.</strong></span> <span class='ocrx_word' id='word_1_123' title='bbox 606 1774 773 1828; x_wconf 85' lang='lat' dir='ltr'><strong>Porro</strong></span> <span class='ocrx_word' id='word_1_124' title='bbox 805 1771 932 1826; x_wconf 92' lang='lat' dir='ltr'><strong>illud</strong></span> <span class='ocrx_word' id='word_1_125' title='bbox 984 1783 1196 1839; x_wconf 89' lang='lat' dir='ltr'><strong>quoque</strong></span> <span class='ocrx_word' id='word_1_126' title='bbox 1244 1765 1539 1831; x_wconf 90' lang='lat' dir='ltr'><strong>sciendum,</strong></span> <span class='ocrx_word' id='word_1_127' title='bbox 1583 1763 1724 1833; x_wconf 91' lang='lat' dir='ltr'><strong>quod</strong></span> <span class='ocrx_word' id='word_1_128' title='bbox 1771 1762 1979 1816; x_wconf 91' lang='lat' dir='ltr'><strong>etiamsi</strong></span> 
     </span>
    </p>
   </div>
   <div class='ocr_carea' id='block_1_17' title="bbox 407 1853 1982 1934">
    <p class='ocr_par' dir='ltr' id='par_1_17' title="bbox 407 1853 1982 1934">
     <span class='ocr_line' id='line_1_17' title="bbox 407 1853 1982 1934; baseline -0.008 -18"><span class='ocrx_word' id='word_1_129' title='bbox 407 1865 523 1934; x_wconf 89' lang='lat' dir='ltr'><strong>quis</strong></span> <span class='ocrx_word' id='word_1_130' title='bbox 553 1861 834 1914; x_wconf 89' lang='lat' dir='ltr'><strong>maledicat</strong></span> <span class='ocrx_word' id='word_1_131' title='bbox 855 1861 905 1912; x_wconf 91' lang='lat' dir='ltr'><strong>in</strong></span> <span class='ocrx_word' id='word_1_132' title='bbox 933 1874 1015 1921; x_wconf 90' lang='lat' dir='ltr'><strong>re,</strong></span> <span class='ocrx_word' id='word_1_133' title='bbox 1037 1857 1189 1925; x_wconf 88' lang='lat' dir='ltr'><strong>cujus</strong></span> <span class='ocrx_word' id='word_1_134' title='bbox 1213 1870 1310 1909; x_wconf 90' lang='lat' dir='ltr'><strong>nos</strong></span> <span class='ocrx_word' id='word_1_135' title='bbox 1332 1869 1438 1908; x_wconf 91' lang='lat' dir='ltr'><strong>non</strong></span> <span class='ocrx_word' id='word_1_136' title='bbox 1462 1853 1677 1906; x_wconf 87' lang='lat' dir='ltr'><strong>damnat</strong></span> <span class='ocrx_word' id='word_1_137' title='bbox 1714 1853 1982 1906; x_wconf 88' lang='lat' dir='ltr'><strong>conscien-</strong></span> 
     </span>
    </p>
   </div>
   <div class='ocr_carea' id='block_1_18' title="bbox 403 1942 1984 2018">
    <p class='ocr_par' dir='ltr' id='par_1_18' title="bbox 403 1942 1984 2018">
     <span class='ocr_line' id='line_1_18' title="bbox 403 1942 1984 2018; baseline -0.008 -11"><span class='ocrx_word' id='word_1_138' title='bbox 403 1954 497 2018; x_wconf 88' lang='lat' dir='ltr'><strong>tia,</strong></span> <span class='ocrx_word' id='word_1_139' title='bbox 525 1968 628 2006; x_wconf 87' lang='lat' dir='ltr'><strong>non</strong></span> <span class='ocrx_word' id='word_1_140' title='bbox 659 1958 741 2004; x_wconf 91' lang='lat' dir='ltr'><strong>est</strong></span> <span class='ocrx_word' id='word_1_141' title='bbox 784 1956 1066 2018; x_wconf 89' lang='lat' dir='ltr'><strong>propterea</strong></span> <span class='ocrx_word' id='word_1_142' title='bbox 1095 1942 1521 1999; x_wconf 89' lang='lat' dir='ltr'><strong>contemnendus</strong></span> <span class='ocrx_word' id='word_1_143' title='bbox 1551 1952 1832 1996; x_wconf 87' lang='lat' dir='ltr'><strong>accusator</strong></span> <span class='ocrx_word' id='word_1_144' title='bbox 1868 1955 1984 2010; x_wconf 92' lang='lat' dir='ltr'><strong>pro-</strong></span> 
     </span>
    </p>
   </div>
   <div class='ocr_carea' id='block_1_19' title="bbox 406 2031 1982 2110">
    <p class='ocr_par' dir='ltr' id='par_1_19' title="bbox 406 2031 1982 2110">
     <span class='ocr_line' id='line_1_19' title="bbox 406 2031 1982 2110; baseline -0.007 -14"><span class='ocrx_word' id='word_1_145' title='bbox 406 2053 521 2110; x_wconf 88' lang='lat' dir='ltr'><strong>pter</strong></span> <span class='ocrx_word' id='word_1_146' title='bbox 546 2041 795 2094; x_wconf 88' lang='lat' dir='ltr'><strong>damnum</strong></span> <span class='ocrx_word' id='word_1_147' title='bbox 819 2054 923 2108; x_wconf 91' lang='lat' dir='ltr'><strong>quo</strong></span> <span class='ocrx_word' id='word_1_148' title='bbox 952 2048 1003 2091; x_wconf 92' lang='lat' dir='ltr'><strong>te</strong></span> <span class='ocrx_word' id='word_1_149' title='bbox 1029 2037 1214 2099; x_wconf 85' lang='lat' dir='ltr'><strong>allicit,</strong></span> <span class='ocrx_word' id='word_1_150' title='bbox 1247 2034 1340 2088; x_wconf 91' lang='lat' dir='ltr'><strong>sed</strong></span> <span class='ocrx_word' id='word_1_151' title='bbox 1370 2033 1544 2087; x_wconf 85' lang='lat' dir='ltr'><strong>omnia</strong></span> <span class='ocrx_word' id='word_1_152' title='bbox 1579 2031 1818 2086; x_wconf 86' lang='lat' dir='ltr'><strong>facienda</strong></span> <span class='ocrx_word' id='word_1_153' title='bbox 1857 2039 1982 2085; x_wconf 90' lang='lat' dir='ltr'><strong>sunt</strong></span> 
     </span>
    </p>
   </div>
   <div class='ocr_carea' id='block_1_20' title="bbox 403 2123 1982 2200">
    <p class='ocr_par' dir='ltr' id='par_1_20' title="bbox 403 2123 1982 2200">
     <span class='ocr_line' id='line_1_20' title="bbox 403 2123 1982 2200; baseline -0.008 -14"><span class='ocrx_word' id='word_1_154' title='bbox 403 2147 522 2186; x_wconf 88' lang='lat' dir='ltr'><strong>cum</strong></span> <span class='ocrx_word' id='word_1_155' title='bbox 544 2147 604 2186; x_wconf 91' lang='lat' dir='ltr'><strong>ea</strong></span> <span class='ocrx_word' id='word_1_156' title='bbox 631 2145 732 2200; x_wconf 91' lang='lat' dir='ltr'><strong>qua</strong></span> <span class='ocrx_word' id='word_1_157' title='bbox 759 2145 852 2199; x_wconf 93' lang='lat' dir='ltr'><strong>par</strong></span> <span class='ocrx_word' id='word_1_158' title='bbox 871 2137 952 2183; x_wconf 90' lang='lat' dir='ltr'><strong>est</strong></span> <span class='ocrx_word' id='word_1_159' title='bbox 975 2127 1240 2190; x_wconf 86' lang='lat' dir='ltr'><strong>cautione,</strong></span> <span class='ocrx_word' id='word_1_160' title='bbox 1284 2131 1346 2178; x_wconf 91' lang='lat' dir='ltr'><strong>ut</strong></span> <span class='ocrx_word' id='word_1_161' title='bbox 1372 2124 1524 2179; x_wconf 91' lang='lat' dir='ltr'><strong>tollas</strong></span> <span class='ocrx_word' id='word_1_162' title='bbox 1554 2123 1801 2191; x_wconf 90' lang='lat' dir='ltr'><strong>injustam</strong></span> <span class='ocrx_word' id='word_1_163' title='bbox 1826 2135 1982 2175; x_wconf 82' lang='lat' dir='ltr'><strong>ocea-</strong></span> 
     </span>
    </p>
   </div>
   <div class='ocr_carea' id='block_1_21' title="bbox 405 2212 1980 2289">
    <p class='ocr_par' dir='ltr' id='par_1_21' title="bbox 405 2212 1980 2289">
     <span class='ocr_line' id='line_1_21' title="bbox 405 2212 1980 2289; baseline -0.008 -13"><span class='ocrx_word' id='word_1_164' title='bbox 405 2225 632 2276; x_wconf 86' lang='lat' dir='ltr'><strong>sionem.</strong></span> <span class='ocrx_word' id='word_1_165' title='bbox 654 2221 917 2289; x_wconf 85' lang='lat' dir='ltr'><strong>Quocirca</strong></span> <span class='ocrx_word' id='word_1_166' title='bbox 945 2219 1135 2273; x_wconf 89' lang='lat' dir='ltr'><strong>Paulus</strong></span> <span class='ocrx_word' id='word_1_167' title='bbox 1155 2217 1314 2272; x_wconf 90' lang='lat' dir='ltr'><strong>‘etiam</strong></span> <span class='ocrx_word' id='word_1_168' title='bbox 1341 2214 1587 2270; x_wconf 89' lang='lat' dir='ltr'><strong>mittebat</strong></span> <span class='ocrx_word' id='word_1_169' title='bbox 1615 2214 1812 2268; x_wconf 89' lang='lat' dir='ltr'><strong>multos</strong></span> <span class='ocrx_word' id='word_1_170' title='bbox 1842 2212 1980 2266; x_wconf 91' lang='lat' dir='ltr'><strong>datis</strong></span> 
     </span>
    </p>
   </div>
   <div class='ocr_carea' id='block_1_22' title="bbox 406 2302 1976 2383">
    <p class='ocr_par' dir='ltr' id='par_1_22' title="bbox 406 2302 1976 2383">
     <span class='ocr_line' id='line_1_22' title="bbox 406 2302 1976 2383; baseline -0.008 -15"><span class='ocrx_word' id='word_1_171' title='bbox 406 2313 669 2383; x_wconf 86' lang='lat' dir='ltr'><strong>pecuniis,</strong></span> <span class='ocrx_word' id='word_1_172' title='bbox 699 2313 785 2382; x_wconf 92' lang='lat' dir='ltr'><strong>qui</strong></span> <span class='ocrx_word' id='word_1_173' title='bbox 813 2311 1062 2366; x_wconf 83' lang='lat' dir='ltr'><strong>afferrent</strong></span> <span class='ocrx_word' id='word_1_174' title='bbox 1101 2310 1350 2364; x_wconf 90' lang='lat' dir='ltr'><strong>alimenta</strong></span> <span class='ocrx_word' id='word_1_175' title='bbox 1381 2305 1697 2376; x_wconf 88' lang='lat' dir='ltr'><strong>pauperibus</strong></span> <span class='ocrx_word' id='word_1_176' title='bbox 1737 2305 1824 2373; x_wconf 93' lang='grc'><strong>(1.</strong></span> <span class='ocrx_word' id='word_1_177' title='bbox 1857 2302 1976 2357; x_wconf 81' lang='lat' dir='ltr'><strong>Cor.</strong></span> 
     </span>
    </p>
   </div>
   <div class='ocr_carea' id='block_1_23' title="bbox 403 2394 1983 2470">
    <p class='ocr_par' dir='ltr' id='par_1_23' title="bbox 403 2394 1983 2470">
     <span class='ocr_line' id='line_1_23' title="bbox 403 2394 1983 2470; baseline -0.008 -12"><span class='ocrx_word' id='word_1_178' title='bbox 403 2405 490 2458; x_wconf 87' lang='grc'><strong>16.</strong></span> <span class='ocrx_word' id='word_1_179' title='bbox 509 2405 565 2470; x_wconf 76' lang='lat'><strong>3)</strong></span> <span class='ocrx_word' id='word_1_180' title='bbox 589 2421 601 2457; x_wconf 90' lang='lat'><strong>:</strong></span> <span class='ocrx_word' id='word_1_181' title='bbox 628 2417 839 2458; x_wconf 88' lang='lat' dir='ltr'><strong>causam</strong></span> <span class='ocrx_word' id='word_1_182' title='bbox 866 2409 1039 2455; x_wconf 91' lang='lat' dir='ltr'><strong>autem</strong></span> <span class='ocrx_word' id='word_1_183' title='bbox 1065 2399 1234 2464; x_wconf 78' lang='lat' dir='ltr'><strong>all‘ert,</strong></span> <span class='ocrx_word' id='word_1_184' title='bbox 1263 2398 1446 2452; x_wconf 88' lang='lat' dir='ltr'><strong>dicens</strong></span> <span class='ocrx_word' id='word_1_185' title='bbox 1470 2414 1482 2448; x_wconf 91' lang='lat'>:</span> <span class='ocrx_word' id='word_1_186' title='bbox 1509 2394 1591 2448; x_wconf 83' lang='lat' dir='ltr'><strong>Ne</strong></span> <span class='ocrx_word' id='word_1_187' title='bbox 1613 2395 1720 2464; x_wconf 84' lang='lat' dir='ltr'><strong>quis</strong></span> <span class='ocrx_word' id='word_1_188' title='bbox 1741 2410 1831 2447; x_wconf 86' lang='lat' dir='ltr'><strong>nos</strong></span> <span class='ocrx_word' id='word_1_189' title='bbox 1852 2394 1983 2446; x_wconf 81' lang='lat' dir='ltr'><strong>vitu-</strong></span> 
     </span>
    </p>
   </div>
   <div class='ocr_carea' id='block_1_24' title="bbox 403 2486 1978 2567">
    <p class='ocr_par' dir='ltr' id='par_1_24' title="bbox 403 2486 1978 2567">
     <span class='ocr_line' id='line_1_24' title="bbox 403 2486 1978 2567; baseline -0.007 -17"><span class='ocrx_word' id='word_1_190' title='bbox 403 2506 542 2567; x_wconf 88' lang='lat' dir='ltr'><strong>peret</strong></span> <span class='ocrx_word' id='word_1_191' title='bbox 558 2497 609 2549; x_wconf 88' lang='lat' dir='ltr'><strong>in</strong></span> <span class='ocrx_word' id='word_1_192' title='bbox 633 2497 726 2548; x_wconf 91' lang='lat' dir='ltr'><strong>hac</strong></span> <span class='ocrx_word' id='word_1_193' title='bbox 755 2494 1065 2548; x_wconf 79' lang='lat' dir='ltr'><strong>abundantia</strong></span> <span class='ocrx_word' id='word_1_194' title='bbox 1085 2507 1198 2561; x_wconf 67' lang='lat' dir='ltr'><strong>quae</strong></span> <span class='ocrx_word' id='word_1_195' title='bbox 1221 2491 1534 2544; x_wconf 77' lang='lat' dir='ltr'><strong>ministratur</strong></span> <span class='ocrx_word' id='word_1_196' title='bbox 1554 2505 1584 2540; x_wconf 92' lang='lat' dir='ltr'><strong>a</strong></span> <span class='ocrx_word' id='word_1_197' title='bbox 1607 2488 1746 2542; x_wconf 88' lang='lat' dir='ltr'><strong>nobis</strong></span> <span class='ocrx_word' id='word_1_198' title='bbox 1764 2487 1842 2554; x_wconf 77' lang='lat'><strong>(2.</strong></span> <span class='ocrx_word' id='word_1_199' title='bbox 1861 2486 1978 2540; x_wconf 90' lang='lat' dir='ltr'><strong>Cor.</strong></span> 
     </span>
    </p>
   </div>
   <div class='ocr_carea' id='block_1_25' title="bbox 405 2577 1982 2656">
    <p class='ocr_par' dir='ltr' id='par_1_25' title="bbox 405 2577 1982 2656">
     <span class='ocr_line' id='line_1_25' title="bbox 405 2577 1982 2656; baseline -0.008 -15"><span class='ocrx_word' id='word_1_200' title='bbox 405 2587 460 2641; x_wconf 88' lang='lat'><strong>8.</strong></span> <span class='ocrx_word' id='word_1_201' title='bbox 485 2585 617 2656; x_wconf 75' lang='lat'><strong>20).</strong></span> <span class='ocrx_word' id='word_1_202' title='bbox 649 2584 830 2653; x_wconf 88' lang='lat' dir='ltr'><strong>Neque</strong></span> <span class='ocrx_word' id='word_1_203' title='bbox 846 2585 1010 2649; x_wconf 91' lang='lat' dir='ltr'><strong>enim,</strong></span> <span class='ocrx_word' id='word_1_204' title='bbox 1037 2597 1157 2636; x_wconf 92' lang='lat' dir='ltr'><strong>cum</strong></span> <span class='ocrx_word' id='word_1_205' title='bbox 1192 2579 1396 2634; x_wconf 81' lang='lat' dir='ltr'><strong>videret</strong></span> <span class='ocrx_word' id='word_1_206' title='bbox 1436 2578 1667 2632; x_wconf 90' lang='lat' dir='ltr'><strong>futurum</strong></span> <span class='ocrx_word' id='word_1_207' title='bbox 1691 2587 1747 2629; x_wconf 91' lang='lat' dir='ltr'><strong>ut</strong></span> <span class='ocrx_word' id='word_1_208' title='bbox 1794 2577 1982 2629; x_wconf 89' lang='lat' dir='ltr'><strong>imme-</strong></span> 
     </span>
    </p>
   </div>
   <div class='ocr_carea' id='block_1_26' title="bbox 407 2664 1978 2740">
    <p class='ocr_par' dir='ltr' id='par_1_26' title="bbox 407 2664 1978 2740">
     <span class='ocr_line' id='line_1_26' title="bbox 407 2664 1978 2740; baseline -0.009 -8"><span class='ocrx_word' id='word_1_209' title='bbox 407 2679 512 2732; x_wconf 91' lang='lat' dir='ltr'><strong>rito</strong></span> <span class='ocrx_word' id='word_1_210' title='bbox 561 2673 977 2737; x_wconf 83' lang='lat' dir='ltr'><strong>offenderentur,</strong></span> <span class='ocrx_word' id='word_1_211' title='bbox 1027 2671 1128 2725; x_wconf 90' lang='lat' dir='ltr'><strong>hoc</strong></span> <span class='ocrx_word' id='word_1_212' title='bbox 1155 2669 1397 2740; x_wconf 78' lang='lat' dir='ltr'><strong>despexit</strong></span> <span class='ocrx_word' id='word_1_213' title='bbox 1435 2675 1490 2722; x_wconf 91' lang='lat' dir='ltr'><strong>et</strong></span> <span class='ocrx_word' id='word_1_214' title='bbox 1533 2666 1768 2736; x_wconf 81' lang='lat' dir='ltr'><strong>neglexit</strong></span> <span class='ocrx_word' id='word_1_215' title='bbox 1817 2682 1833 2718; x_wconf 90' lang='lat'><strong>:</strong></span> <span class='ocrx_word' id='word_1_216' title='bbox 1882 2664 1978 2718; x_wconf 89' lang='lat' dir='ltr'><strong>sed</strong></span> 
     </span>
    </p>
   </div>
   <div class='ocr_carea' id='block_1_27' title="bbox 401 2757 1975 2839">
    <p class='ocr_par' dir='ltr' id='par_1_27' title="bbox 401 2757 1975 2839">
     <span class='ocr_line' id='line_1_27' title="bbox 401 2757 1975 2839; baseline -0.009 -17"><span class='ocrx_word' id='word_1_217' title='bbox 401 2768 651 2839; x_wconf 85' lang='lat' dir='ltr'><strong>quoniam</strong></span> <span class='ocrx_word' id='word_1_218' title='bbox 698 2774 814 2820; x_wconf 90' lang='lat' dir='ltr'><strong>erat</strong></span> <span class='ocrx_word' id='word_1_219' title='bbox 843 2766 894 2818; x_wconf 91' lang='lat' dir='ltr'><strong>in</strong></span> <span class='ocrx_word' id='word_1_220' title='bbox 923 2766 1037 2833; x_wconf 88' lang='lat' dir='ltr'><strong>ejus</strong></span> <span class='ocrx_word' id='word_1_221' title='bbox 1075 2771 1335 2833; x_wconf 88' lang='lat' dir='ltr'><strong>potestate</strong></span> <span class='ocrx_word' id='word_1_222' title='bbox 1379 2769 1438 2814; x_wconf 90' lang='lat' dir='ltr'><strong>ut</strong></span> <span class='ocrx_word' id='word_1_223' title='bbox 1494 2759 1702 2814; x_wconf 90' lang='lat' dir='ltr'><strong>tolleret</strong></span> <span class='ocrx_word' id='word_1_224' title='bbox 1753 2757 1975 2812; x_wconf 89' lang='lat' dir='ltr'><strong>oll&#39;endi-</strong></span> 
     </span>
    </p>
   </div>
   <div class='ocr_carea' id='block_1_28' title="bbox 399 2848 1972 2926">
    <p class='ocr_par' dir='ltr' id='par_1_28' title="bbox 399 2848 1972 2926">
     <span class='ocr_line' id='line_1_28' title="bbox 399 2848 1972 2926; baseline -0.008 -12"><span class='ocrx_word' id='word_1_225' title='bbox 399 2860 596 2924; x_wconf 90' lang='lat' dir='ltr'><strong>culum,</strong></span> <span class='ocrx_word' id='word_1_226' title='bbox 639 2859 716 2913; x_wconf 90' lang='lat' dir='ltr'><strong>cis</strong></span> <span class='ocrx_word' id='word_1_227' title='bbox 758 2871 966 2926; x_wconf 79' lang='lat' dir='ltr'><strong>quoque</strong></span> <span class='ocrx_word' id='word_1_228' title='bbox 992 2857 1080 2925; x_wconf 91' lang='lat' dir='ltr'><strong>qui</strong></span> <span class='ocrx_word' id='word_1_229' title='bbox 1131 2852 1536 2908; x_wconf 71' lang='lat' dir='ltr'><strong>oll‘endebantur</strong></span> <span class='ocrx_word' id='word_1_230' title='bbox 1564 2848 1853 2920; x_wconf 79' lang='lat' dir='ltr'><strong>prospexit.</strong></span> <span class='ocrx_word' id='word_1_231' title='bbox 1904 2848 1972 2902; x_wconf 86' lang='lat' dir='ltr'><strong>Et</strong></span> 
     </span>
    </p>
   </div>
   <div class='ocr_carea' id='block_1_29' title="bbox 399 2941 1976 3013">
    <p class='ocr_par' dir='ltr' id='par_1_29' title="bbox 399 2941 1976 3013">
     <span class='ocr_line' id='line_1_29' title="bbox 399 2941 1976 3013; baseline -0.01 -8"><span class='ocrx_word' id='word_1_232' title='bbox 399 2965 584 3005; x_wconf 90' lang='lat' dir='ltr'><strong>rursus</strong></span> <span class='ocrx_word' id='word_1_233' title='bbox 604 2949 728 3002; x_wconf 91' lang='lat' dir='ltr'><strong>alibi</strong></span> <span class='ocrx_word' id='word_1_234' title='bbox 754 2947 882 3002; x_wconf 90' lang='lat' dir='ltr'><strong>dicit</strong></span> <span class='ocrx_word' id='word_1_235' title='bbox 911 2963 928 3000; x_wconf 95' lang='lat'><em>:</em></span> <span class='ocrx_word' id='word_1_236' title='bbox 955 2945 1015 3000; x_wconf 89' lang='lat' dir='ltr'><strong>Si</strong></span> <span class='ocrx_word' id='word_1_237' title='bbox 1041 2945 1179 2998; x_wconf 86' lang='lat' dir='ltr'><strong>cibus</strong></span> <span class='ocrx_word' id='word_1_238' title='bbox 1205 2941 1414 3008; x_wconf 76' lang='lat' dir='ltr'><strong>offendit</strong></span> <span class='ocrx_word' id='word_1_239' title='bbox 1440 2944 1646 3013; x_wconf 76' lang='lat' dir='ltr'><strong>fratrem</strong></span> <span class='ocrx_word' id='word_1_240' title='bbox 1669 2955 1852 3002; x_wconf 89' lang='lat' dir='ltr'><strong>meum,</strong></span> <span class='ocrx_word' id='word_1_241' title='bbox 1875 2953 1976 2990; x_wconf 88' lang='lat' dir='ltr'><strong>non</strong></span> 
     </span>
    </p>
   </div>
   <div class='ocr_carea' id='block_1_30' title="bbox 399 3027 1976 3103">
    <p class='ocr_par' dir='ltr' id='par_1_30' title="bbox 399 3027 1976 3103">
     <span class='ocr_line' id='line_1_30' title="bbox 399 3027 1976 3103; baseline -0.01 -8"><span class='ocrx_word' id='word_1_242' title='bbox 399 3041 657 3096; x_wconf 86' lang='lat' dir='ltr'><strong>comedam</strong></span> <span class='ocrx_word' id='word_1_243' title='bbox 680 3054 854 3092; x_wconf 87' lang='lat' dir='ltr'><strong>carnes</strong></span> <span class='ocrx_word' id='word_1_244' title='bbox 875 3038 926 3090; x_wconf 88' lang='lat' dir='ltr'><strong>in</strong></span> <span class='ocrx_word' id='word_1_245' title='bbox 946 3045 1206 3097; x_wconf 79' lang='lat' dir='ltr'><strong>teternum,</strong></span> <span class='ocrx_word' id='word_1_246' title='bbox 1231 3049 1293 3086; x_wconf 86' lang='lat' dir='ltr'><strong>ne</strong></span> <span class='ocrx_word' id='word_1_247' title='bbox 1309 3036 1516 3103; x_wconf 76' lang='lat' dir='ltr'><strong>fratrem</strong></span> <span class='ocrx_word' id='word_1_248' title='bbox 1535 3046 1698 3083; x_wconf 87' lang='lat' dir='ltr'><strong>meum</strong></span> <span class='ocrx_word' id='word_1_249' title='bbox 1721 3027 1976 3095; x_wconf 66' lang='lat' dir='ltr'><strong>oﬂ‘endam</strong></span> 
     </span>
    </p>
   </div>
   <div class='ocr_carea' id='block_1_31' title="bbox 401 3121 1974 3204">
    <p class='ocr_par' dir='ltr' id='par_1_31' title="bbox 401 3121 1974 3204">
     <span class='ocr_line' id='line_1_31' title="bbox 401 3121 1974 3204; baseline -0.011 -15"><span class='ocrx_word' id='word_1_250' title='bbox 401 3135 481 3204; x_wconf 90' lang='grc'><strong>(1.</strong></span> <span class='ocrx_word' id='word_1_251' title='bbox 506 3133 625 3188; x_wconf 77' lang='lat' dir='ltr'><strong>Cor.</strong></span> <span class='ocrx_word' id='word_1_252' title='bbox 649 3132 701 3186; x_wconf 91' lang='lat'><strong>8.</strong></span> <span class='ocrx_word' id='word_1_253' title='bbox 735 3132 858 3200; x_wconf 84' lang='grc'><strong>15).</strong></span> <span class='ocrx_word' id='word_1_254' title='bbox 890 3129 1046 3197; x_wconf 78' lang='lat' dir='ltr'><strong>Atqui</strong></span> <span class='ocrx_word' id='word_1_255' title='bbox 1076 3126 1190 3180; x_wconf 74' lang='lat' dir='ltr'><strong>hmc</strong></span> <span class='ocrx_word' id='word_1_256' title='bbox 1219 3134 1371 3180; x_wconf 83' lang='lat' dir='ltr'><strong>erant</strong></span> <span class='ocrx_word' id='word_1_257' title='bbox 1396 3121 1775 3184; x_wconf 82' lang='lat' dir='ltr'><strong>indill‘erentia,</strong></span> <span class='ocrx_word' id='word_1_258' title='bbox 1807 3129 1861 3174; x_wconf 91' lang='lat' dir='ltr'><strong>et</strong></span> <span class='ocrx_word' id='word_1_259' title='bbox 1893 3131 1974 3172; x_wconf 84' lang='lat' dir='ltr'><strong>ta-</strong></span> 
     </span>
    </p>
   </div>
   <div class='ocr_carea' id='block_1_32' title="bbox 403 3210 1978 3290">
    <p class='ocr_par' dir='ltr' id='par_1_32' title="bbox 403 3210 1978 3290">
     <span class='ocr_line' id='line_1_32' title="bbox 403 3210 1978 3290; baseline -0.01 -12"><span class='ocrx_word' id='word_1_260' title='bbox 403 3239 546 3288; x_wconf 89' lang='lat' dir='ltr'><strong>men,</strong></span> <span class='ocrx_word' id='word_1_261' title='bbox 585 3221 662 3287; x_wconf 90' lang='lat' dir='ltr'><strong>Si,</strong></span> <span class='ocrx_word' id='word_1_262' title='bbox 689 3221 878 3290; x_wconf 90' lang='lat' dir='ltr'><strong>inquit,</strong></span> <span class='ocrx_word' id='word_1_263' title='bbox 928 3217 1274 3273; x_wconf 81' lang='lat' dir='ltr'><strong>offensionem</strong></span> <span class='ocrx_word' id='word_1_264' title='bbox 1314 3214 1561 3277; x_wconf 85' lang='lat' dir='ltr'><strong>all&#39;erunt,</strong></span> <span class='ocrx_word' id='word_1_265' title='bbox 1608 3210 1846 3280; x_wconf 77' lang='lat' dir='ltr'><strong>quamvis</strong></span> <span class='ocrx_word' id='word_1_266' title='bbox 1891 3224 1978 3264; x_wconf 90' lang='lat' dir='ltr'><strong>me</strong></span> 
     </span>
    </p>
   </div>
   <div class='ocr_carea' id='block_1_33' title="bbox 401 3299 1972 3378">
    <p class='ocr_par' dir='ltr' id='par_1_33' title="bbox 401 3299 1972 3378">
     <span class='ocr_line' id='line_1_33' title="bbox 401 3299 1972 3378; baseline -0.01 -11"><span class='ocrx_word' id='word_1_267' title='bbox 401 3328 504 3368; x_wconf 90' lang='lat' dir='ltr'><strong>non</strong></span> <span class='ocrx_word' id='word_1_268' title='bbox 529 3313 741 3372; x_wconf 76' lang='lat' dir='ltr'><strong>laedant,</strong></span> <span class='ocrx_word' id='word_1_269' title='bbox 770 3327 872 3364; x_wconf 91' lang='lat' dir='ltr'><strong>non</strong></span> <span class='ocrx_word' id='word_1_270' title='bbox 897 3308 1103 3378; x_wconf 77' lang='lat' dir='ltr'><strong>negligo</strong></span> <span class='ocrx_word' id='word_1_271' title='bbox 1131 3307 1352 3360; x_wconf 87' lang='lat' dir='ltr'><strong>salutem</strong></span> <span class='ocrx_word' id='word_1_272' title='bbox 1375 3318 1560 3358; x_wconf 90' lang='lat' dir='ltr'><strong>eorum</strong></span> <span class='ocrx_word' id='word_1_273' title='bbox 1576 3300 1665 3370; x_wconf 91' lang='lat' dir='ltr'><strong>qui</strong></span> <span class='ocrx_word' id='word_1_274' title='bbox 1693 3299 1972 3356; x_wconf 72' lang='lat' dir='ltr'><strong>offendun-</strong></span> 
     </span>
    </p>
   </div>
   <div class='ocr_carea' id='block_1_34' title="bbox 402 3393 1975 3463">
    <p class='ocr_par' dir='ltr' id='par_1_34' title="bbox 402 3393 1975 3463">
     <span class='ocr_line' id='line_1_34' title="bbox 402 3393 1975 3463; baseline -0.009 -6"><span class='ocrx_word' id='word_1_275' title='bbox 402 3413 507 3458; x_wconf 90' lang='lat' dir='ltr'><strong>tur.</strong></span> <span class='ocrx_word' id='word_1_276' title='bbox 534 3402 590 3458; x_wconf 91' lang='lat' dir='ltr'><strong>Si</strong></span> <span class='ocrx_word' id='word_1_277' title='bbox 635 3400 794 3456; x_wconf 86' lang='lat' dir='ltr'><strong>fuerit</strong></span> <span class='ocrx_word' id='word_1_278' title='bbox 826 3400 967 3453; x_wconf 88' lang='lat' dir='ltr'><strong>enim</strong></span> <span class='ocrx_word' id='word_1_279' title='bbox 992 3397 1240 3452; x_wconf 90' lang='lat' dir='ltr'><strong>damnum</strong></span> <span class='ocrx_word' id='word_1_280' title='bbox 1268 3394 1439 3463; x_wconf 86' lang='lat' dir='ltr'><strong>majus</strong></span> <span class='ocrx_word' id='word_1_281' title='bbox 1465 3393 1654 3457; x_wconf 88' lang='lat' dir='ltr'><strong>salute,</strong></span> <span class='ocrx_word' id='word_1_282' title='bbox 1695 3399 1975 3446; x_wconf 91' lang='lat' dir='ltr'><strong>contemne</strong></span> 
     </span>
    </p>
   </div>
   <div class='ocr_carea' id='block_1_35' title="bbox 400 3482 1974 3562">
    <p class='ocr_par' dir='ltr' id='par_1_35' title="bbox 400 3482 1974 3562">
     <span class='ocr_line' id='line_1_35' title="bbox 400 3482 1974 3562; baseline -0.006 -15"><span class='ocrx_word' id='word_1_283' title='bbox 400 3510 521 3548; x_wconf 88' lang='lat' dir='ltr'><strong>eum</strong></span> <span class='ocrx_word' id='word_1_284' title='bbox 552 3493 640 3562; x_wconf 89' lang='lat' dir='ltr'><strong>qui</strong></span> <span class='ocrx_word' id='word_1_285' title='bbox 667 3490 989 3545; x_wconf 80' lang='lat' dir='ltr'><strong>offenditur:</strong></span> <span class='ocrx_word' id='word_1_286' title='bbox 1017 3489 1096 3542; x_wconf 92' lang='lat' dir='ltr'><strong>sin</strong></span> <span class='ocrx_word' id='word_1_287' title='bbox 1119 3488 1314 3552; x_wconf 92' lang='lat' dir='ltr'><strong>minus,</strong></span> <span class='ocrx_word' id='word_1_288' title='bbox 1339 3501 1406 3540; x_wconf 91' lang='lat' dir='ltr'><strong>ne</strong></span> <span class='ocrx_word' id='word_1_289' title='bbox 1431 3485 1832 3553; x_wconf 88' lang='lat' dir='ltr'><strong>contempseris.</strong></span> <span class='ocrx_word' id='word_1_290' title='bbox 1865 3482 1974 3538; x_wconf 83' lang='lat' dir='ltr'><strong>Hoc</strong></span> 
     </span>
    </p>
   </div>
   <div class='ocr_carea' id='block_1_36' title="bbox 400 3573 1970 3651">
    <p class='ocr_par' dir='ltr' id='par_1_36' title="bbox 400 3573 1970 3651">
     <span class='ocr_line' id='line_1_36' title="bbox 400 3573 1970 3651; baseline -0.007 -13"><span class='ocrx_word' id='word_1_291' title='bbox 400 3585 542 3638; x_wconf 90' lang='lat' dir='ltr'><strong>enim</strong></span> <span class='ocrx_word' id='word_1_292' title='bbox 570 3583 639 3637; x_wconf 90' lang='lat' dir='ltr'><strong>sit</strong></span> <span class='ocrx_word' id='word_1_293' title='bbox 659 3580 906 3651; x_wconf 82' lang='lat' dir='ltr'><strong>generale</strong></span> <span class='ocrx_word' id='word_1_294' title='bbox 925 3577 1196 3632; x_wconf 81' lang='lat' dir='ltr'><strong>decretum</strong></span> <span class='ocrx_word' id='word_1_295' title='bbox 1218 3585 1274 3631; x_wconf 92' lang='lat' dir='ltr'><strong>et</strong></span> <span class='ocrx_word' id='word_1_296' title='bbox 1300 3575 1503 3645; x_wconf 80' lang='lat' dir='ltr'><strong>regula,</strong></span> <span class='ocrx_word' id='word_1_297' title='bbox 1536 3574 1738 3629; x_wconf 91' lang='lat' dir='ltr'><strong>docens</strong></span> <span class='ocrx_word' id='word_1_298' title='bbox 1758 3573 1970 3642; x_wconf 89' lang='lat' dir='ltr'><strong>quando</strong></span> 
     </span>
    </p>
   </div>
   <div class='ocr_carea' id='block_1_37' title="bbox 398 3663 1972 3746">
    <p class='ocr_par' dir='ltr' id='par_1_37' title="bbox 398 3663 1972 3746">
     <span class='ocr_line' id='line_1_37' title="bbox 398 3663 1972 3746; baseline -0.008 -15"><span class='ocrx_word' id='word_1_299' title='bbox 398 3682 641 3746; x_wconf 82' lang='lat' dir='ltr'><strong>oporteat</strong></span> <span class='ocrx_word' id='word_1_300' title='bbox 667 3681 1008 3728; x_wconf 88' lang='lat' dir='ltr'><strong>contemnere</strong></span> <span class='ocrx_word' id='word_1_301' title='bbox 1034 3683 1127 3724; x_wconf 90' lang='lat' dir='ltr'><strong>eos</strong></span> <span class='ocrx_word' id='word_1_302' title='bbox 1151 3667 1238 3737; x_wconf 92' lang='lat' dir='ltr'><strong>qui</strong></span> <span class='ocrx_word' id='word_1_303' title='bbox 1269 3665 1609 3721; x_wconf 86' lang='lat' dir='ltr'><strong>offenduntur</strong></span> <span class='ocrx_word' id='word_1_304' title='bbox 1635 3706 1651 3732; x_wconf 94' lang='lat'><strong>,</strong></span> <span class='ocrx_word' id='word_1_305' title='bbox 1681 3663 1972 3744; x_wconf 14' lang='lat' dir='ltr'><strong>etﬁquando</strong></span> 
     </span>
    </p>
   </div>
   <div class='ocr_carea' id='block_1_38' title="bbox 400 3742 1976 3834">
    <p class='ocr_par' dir='ltr' id='par_1_38' title="bbox 400 3742 1976 3834">
     <span class='ocr_line' id='line_1_38' title="bbox 400 3742 1976 3834; baseline -0.008 -13"><span class='ocrx_word' id='word_1_306' title='bbox 400 3742 506 3822; x_wconf 84' lang='lat' dir='ltr'><strong>non</strong></span> <span class='ocrx_word' id='word_1_307' title='bbox 535 3784 547 3820; x_wconf 90' lang='lat'>:</span> <span class='ocrx_word' id='word_1_308' title='bbox 580 3761 1046 3834; x_wconf 89' lang='lat' dir='ltr'><strong>quemadmodum,</strong></span> <span class='ocrx_word' id='word_1_309' title='bbox 1071 3760 1217 3814; x_wconf 84' lang='lat' dir='ltr'><strong>verbi</strong></span> <span class='ocrx_word' id='word_1_310' title='bbox 1242 3759 1428 3828; x_wconf 79' lang='lat' dir='ltr'><strong>gratia,</strong></span> <span class='ocrx_word' id='word_1_311' title='bbox 1457 3742 1860 3811; x_wconf 78' lang='lat' dir='ltr'><strong>ollendebahtur</strong></span> <span class='ocrx_word' id='word_1_312' title='bbox 1879 3754 1976 3809; x_wconf 83' lang='lat' dir='ltr'><strong>Ju-</strong></span> 
     </span>
    </p>
   </div>
   <div class='ocr_carea' id='block_1_39' title="bbox 398 3853 1970 3926">
    <p class='ocr_par' dir='ltr' id='par_1_39' title="bbox 398 3853 1970 3926">
     <span class='ocr_line' id='line_1_39' title="bbox 398 3853 1970 3926; baseline -0.008 -14"><span class='ocrx_word' id='word_1_313' title='bbox 398 3857 498 3912; x_wconf 82' lang='lat' dir='ltr'><strong>daei</strong></span> <span class='ocrx_word' id='word_1_314' title='bbox 529 3855 669 3926; x_wconf 90' lang='lat' dir='ltr'><strong>quod</strong></span> <span class='ocrx_word' id='word_1_315' title='bbox 713 3853 905 3908; x_wconf 88' lang='lat' dir='ltr'><strong>Paulus</strong></span> <span class='ocrx_word' id='word_1_316' title='bbox 941 3853 1110 3922; x_wconf 83' lang='lat' dir='ltr'><strong>legem</strong></span> <span class='ocrx_word' id='word_1_317' title='bbox 1155 3866 1261 3904; x_wconf 92' lang='lat' dir='ltr'><strong>non</strong></span> <span class='ocrx_word' id='word_1_318' title='bbox 1290 3857 1564 3903; x_wconf 86' lang='lat' dir='ltr'><strong>servaret:</strong></span> <span class='ocrx_word' id='word_1_319' title='bbox 1597 3857 1650 3902; x_wconf 94' lang='lat' dir='ltr'><strong>et</strong></span> <span class='ocrx_word' id='word_1_320' title='bbox 1694 3857 1970 3917; x_wconf 88' lang='lat' dir='ltr'><strong>propterea</strong></span> 
     </span>
    </p>
   </div>
   <div class='ocr_carea' id='block_1_40' title="bbox 400 3935 1968 4008">
    <p class='ocr_par' dir='ltr' id='par_1_40' title="bbox 400 3935 1968 4008">
     <span class='ocr_line' id='line_1_40' title="bbox 400 3935 1968 4008; baseline -0.008 -6"><span class='ocrx_word' id='word_1_321' title='bbox 400 3949 563 4003; x_wconf 88' lang='lat' dir='ltr'><strong>multa</strong></span> <span class='ocrx_word' id='word_1_322' title='bbox 588 3947 749 4000; x_wconf 91' lang='lat' dir='ltr'><strong>millia</strong></span> <span class='ocrx_word' id='word_1_323' title='bbox 776 3943 1102 4008; x_wconf 88' lang='lat' dir='ltr'><strong>resiliebant,</strong></span> <span class='ocrx_word' id='word_1_324' title='bbox 1131 3950 1185 3995; x_wconf 91' lang='lat' dir='ltr'><strong>ct</strong></span> <span class='ocrx_word' id='word_1_325' title='bbox 1212 3943 1262 3994; x_wconf 91' lang='lat' dir='ltr'><strong>in</strong></span> <span class='ocrx_word' id='word_1_326' title='bbox 1295 3940 1396 3994; x_wconf 90' lang='lat' dir='ltr'><strong>lide</strong></span> <span class='ocrx_word' id='word_1_327' title='bbox 1427 3937 1814 3993; x_wconf 90' lang='lat' dir='ltr'><strong>claudicabant.</strong></span> <span class='ocrx_word' id='word_1_328' title='bbox 1836 3935 1968 4004; x_wconf 85' lang='lat' dir='ltr'><strong>Quid</strong></span> 
     </span>
    </p>
   </div>
   <div class='ocr_carea' id='block_1_41' title="bbox 400 4025 1970 4108">
    <p class='ocr_par' dir='ltr' id='par_1_41' title="bbox 400 4025 1970 4108">
     <span class='ocr_line' id='line_1_41' title="bbox 400 4025 1970 4108; baseline -0.008 -16"><span class='ocrx_word' id='word_1_329' title='bbox 400 4052 527 4108; x_wconf 81' lang='lat' dir='ltr'><strong>ergo</strong></span> <span class='ocrx_word' id='word_1_330' title='bbox 569 4034 726 4089; x_wconf 83' lang='lat' dir='ltr'><strong>facit?</strong></span> <span class='ocrx_word' id='word_1_331' title='bbox 775 4033 973 4087; x_wconf 87' lang='lat' dir='ltr'><strong>Volens</strong></span> <span class='ocrx_word' id='word_1_332' title='bbox 1009 4029 1208 4084; x_wconf 89' lang='lat' dir='ltr'><strong>mederi</strong></span> <span class='ocrx_word' id='word_1_333' title='bbox 1243 4027 1521 4083; x_wconf 70' lang='lat' dir='ltr'><strong>offensioni</strong></span> <span class='ocrx_word' id='word_1_334' title='bbox 1571 4026 1778 4095; x_wconf 86' lang='lat' dir='ltr'><strong>(major</strong></span> <span class='ocrx_word' id='word_1_335' title='bbox 1829 4025 1970 4080; x_wconf 90' lang='lat' dir='ltr'><strong>enim</strong></span> 
     </span>
    </p>
   </div>
   <div class='ocr_carea' id='block_1_42' title="bbox 399 4117 1970 4192">
    <p class='ocr_par' dir='ltr' id='par_1_42' title="bbox 399 4117 1970 4192">
     <span class='ocr_line' id='line_1_42' title="bbox 399 4117 1970 4192; baseline -0.008 -10"><span class='ocrx_word' id='word_1_336' title='bbox 399 4136 513 4182; x_wconf 89' lang='lat' dir='ltr'><strong>erat</strong></span> <span class='ocrx_word' id='word_1_337' title='bbox 537 4127 678 4180; x_wconf 88' lang='lat' dir='ltr'><strong>salus</strong></span> <span class='ocrx_word' id='word_1_338' title='bbox 709 4132 786 4177; x_wconf 92' lang='lat' dir='ltr'><strong>tot</strong></span> <span class='ocrx_word' id='word_1_339' title='bbox 811 4119 1107 4192; x_wconf 89' lang='lat' dir='ltr'><strong>millium),</strong></span> <span class='ocrx_word' id='word_1_340' title='bbox 1151 4129 1204 4173; x_wconf 82' lang='lat' dir='ltr'><strong>et</strong></span> <span class='ocrx_word' id='word_1_341' title='bbox 1231 4118 1600 4174; x_wconf 90' lang='lat' dir='ltr'><strong>claudicationi</strong></span> <span class='ocrx_word' id='word_1_342' title='bbox 1646 4117 1836 4171; x_wconf 73' lang='lat' dir='ltr'><strong>afferre</strong></span> <span class='ocrx_word' id='word_1_343' title='bbox 1881 4132 1970 4170; x_wconf 90' lang='lat' dir='ltr'><strong>re-</strong></span> 
     </span>
    </p>
   </div>
   <div class='ocr_carea' id='block_1_43' title="bbox 400 4207 1973 4281">
    <p class='ocr_par' dir='ltr' id='par_1_43' title="bbox 400 4207 1973 4281">
     <span class='ocr_line' id='line_1_43' title="bbox 400 4207 1973 4281; baseline -0.008 -9"><span class='ocrx_word' id='word_1_344' title='bbox 400 4217 652 4280; x_wconf 89' lang='lat' dir='ltr'><strong>medium,</strong></span> <span class='ocrx_word' id='word_1_345' title='bbox 700 4214 912 4269; x_wconf 90' lang='lat' dir='ltr'><strong>interim</strong></span> <span class='ocrx_word' id='word_1_346' title='bbox 959 4211 1232 4281; x_wconf 89' lang='lat' dir='ltr'><strong>impedivit</strong></span> <span class='ocrx_word' id='word_1_347' title='bbox 1277 4209 1561 4278; x_wconf 88' lang='lat' dir='ltr'><strong>quominus</strong></span> <span class='ocrx_word' id='word_1_348' title='bbox 1603 4207 1973 4262; x_wconf 86' lang='lat' dir='ltr'><strong>ostenderetur</strong></span> 
     </span>
    </p>
   </div>
   <div class='ocr_carea' id='block_1_44' title="bbox 397 4299 1969 4377">
    <p class='ocr_par' dir='ltr' id='par_1_44' title="bbox 397 4299 1969 4377">
     <span class='ocr_line' id='line_1_44' title="bbox 397 4299 1969 4377; baseline -0.007 -13"><span class='ocrx_word' id='word_1_349' title='bbox 397 4325 456 4365; x_wconf 88' lang='lat' dir='ltr'><strong>se</strong></span> <span class='ocrx_word' id='word_1_350' title='bbox 493 4311 661 4377; x_wconf 80' lang='lat' dir='ltr'><strong>legem</strong></span> <span class='ocrx_word' id='word_1_351' title='bbox 690 4322 793 4360; x_wconf 92' lang='lat' dir='ltr'><strong>non</strong></span> <span class='ocrx_word' id='word_1_352' title='bbox 835 4320 1070 4371; x_wconf 89' lang='lat' dir='ltr'><strong>servare,</strong></span> <span class='ocrx_word' id='word_1_353' title='bbox 1101 4301 1240 4373; x_wconf 92' lang='lat' dir='ltr'><strong>quod</strong></span> <span class='ocrx_word' id='word_1_354' title='bbox 1273 4301 1441 4370; x_wconf 87' lang='lat' dir='ltr'><strong>majus</strong></span> <span class='ocrx_word' id='word_1_355' title='bbox 1487 4310 1622 4355; x_wconf 88' lang='lat' dir='ltr'><strong>erat.</strong></span> <span class='ocrx_word' id='word_1_356' title='bbox 1656 4299 1860 4353; x_wconf 84' lang='lat' dir='ltr'><strong>Rursus</strong></span> <span class='ocrx_word' id='word_1_357' title='bbox 1887 4299 1969 4353; x_wconf 82' lang='lat' dir='ltr'><strong>of-</strong></span> 
     </span>
    </p>
   </div>
   <div class='ocr_carea' id='block_1_45' title="bbox 399 4388 1965 4464">
    <p class='ocr_par' dir='ltr' id='par_1_45' title="bbox 399 4388 1965 4464">
     <span class='ocr_line' id='line_1_45' title="bbox 399 4388 1965 4464; baseline -0.008 -12"><span class='ocrx_word' id='word_1_358' title='bbox 399 4399 746 4454; x_wconf 86' lang='lat' dir='ltr'><strong>fendebantur</strong></span> <span class='ocrx_word' id='word_1_359' title='bbox 786 4396 924 4464; x_wconf 93' lang='lat' dir='ltr'><strong>quod</strong></span> <span class='ocrx_word' id='word_1_360' title='bbox 954 4394 1263 4448; x_wconf 82' lang='lat' dir='ltr'><strong>cruciﬁxum</strong></span> <span class='ocrx_word' id='word_1_361' title='bbox 1295 4391 1608 4460; x_wconf 70' lang='lat' dir='ltr'><strong>prcedicaret</strong></span> <span class='ocrx_word' id='word_1_362' title='bbox 1635 4389 1712 4459; x_wconf 63' lang='grc' dir='ltr'><strong>(Δ.</strong></span> <span class='ocrx_word' id='word_1_363' title='bbox 1762 4388 1880 4443; x_wconf 90' lang='lat' dir='ltr'><strong>Cor.</strong></span> <span class='ocrx_word' id='word_1_364' title='bbox 1914 4389 1965 4442; x_wconf 91' lang='grc'><strong>1.</strong></span> 
     </span>
    </p>
   </div>
   <div class='ocr_carea' id='block_1_46' title="bbox 396 4477 1970 4557">
    <p class='ocr_par' dir='ltr' id='par_1_46' title="bbox 396 4477 1970 4557">
     <span class='ocr_line' id='line_1_46' title="bbox 396 4477 1970 4557; baseline -0.008 -14"><span class='ocrx_word' id='word_1_365' title='bbox 396 4488 501 4557; x_wconf 76' lang='lat'><strong>‘25)</strong></span> <span class='ocrx_word' id='word_1_366' title='bbox 527 4504 540 4540; x_wconf 91' lang='lat'>:</span> <span class='ocrx_word' id='word_1_367' title='bbox 571 4487 657 4540; x_wconf 91' lang='lat' dir='ltr'><strong>hic</strong></span> <span class='ocrx_word' id='word_1_368' title='bbox 699 4484 1016 4553; x_wconf 84' lang='lat' dir='ltr'><strong>contempsit</strong></span> <span class='ocrx_word' id='word_1_369' title='bbox 1067 4497 1159 4536; x_wconf 83' lang='lat' dir='ltr'><strong>eos</strong></span> <span class='ocrx_word' id='word_1_370' title='bbox 1204 4481 1293 4550; x_wconf 93' lang='lat' dir='ltr'><strong>qui</strong></span> <span class='ocrx_word' id='word_1_371' title='bbox 1341 4479 1762 4542; x_wconf 82' lang='lat' dir='ltr'><strong>oﬂ&#39;endebantur,</strong></span> <span class='ocrx_word' id='word_1_372' title='bbox 1799 4477 1970 4546; x_wconf 88' lang='lat' dir='ltr'><strong>majus</strong></span> 
     </span>
    </p>
   </div>
   <div class='ocr_carea' id='block_1_47' title="bbox 398 4568 1970 4642">
    <p class='ocr_par' dir='ltr' id='par_1_47' title="bbox 398 4568 1970 4642">
     <span class='ocr_line' id='line_1_47' title="bbox 398 4568 1970 4642; baseline -0.006 -9"><span class='ocrx_word' id='word_1_373' title='bbox 398 4579 540 4633; x_wconf 81' lang='lat' dir='ltr'><strong>enim</strong></span> <span class='ocrx_word' id='word_1_374' title='bbox 593 4583 707 4630; x_wconf 89' lang='lat' dir='ltr'><strong>erat</strong></span> <span class='ocrx_word' id='word_1_375' title='bbox 759 4575 961 4628; x_wconf 90' lang='lat' dir='ltr'><strong>lucrum</strong></span> <span class='ocrx_word' id='word_1_376' title='bbox 1008 4572 1418 4642; x_wconf 77' lang='lat' dir='ltr'><strong>przedicationis.</strong></span> <span class='ocrx_word' id='word_1_377' title='bbox 1469 4571 1584 4625; x_wconf 83' lang='lat' dir='ltr'><strong>Hoc</strong></span> <span class='ocrx_word' id='word_1_378' title='bbox 1635 4570 1792 4624; x_wconf 90' lang='lat' dir='ltr'><strong>etiam</strong></span> <span class='ocrx_word' id='word_1_379' title='bbox 1845 4568 1970 4623; x_wconf 82' lang='lat' dir='ltr'><strong>fecit</strong></span> 
     </span>
    </p>
   </div>
   <div class='ocr_carea' id='block_1_48' title="bbox 395 4660 1970 4724">
    <p class='ocr_par' dir='ltr' id='par_1_48' title="bbox 395 4660 1970 4724">
     <span class='ocr_line' id='line_1_48' title="bbox 395 4660 1970 4724; baseline -0.004 -4"><span class='ocrx_word' id='word_1_380' title='bbox 395 4666 660 4720; x_wconf 89' lang='lat' dir='ltr'><strong>Christus.</strong></span> <span class='ocrx_word' id='word_1_381' title='bbox 699 4663 830 4717; x_wconf 90' lang='lat' dir='ltr'><strong>Dum</strong></span> <span class='ocrx_word' id='word_1_382' title='bbox 871 4663 1012 4717; x_wconf 90' lang='lat' dir='ltr'><strong>enim</strong></span> <span class='ocrx_word' id='word_1_383' title='bbox 1038 4677 1157 4716; x_wconf 92' lang='lat' dir='ltr'><strong>cum</strong></span> <span class='ocrx_word' id='word_1_384' title='bbox 1188 4663 1265 4715; x_wconf 88' lang='lat' dir='ltr'><strong>eis</strong></span> <span class='ocrx_word' id='word_1_385' title='bbox 1292 4661 1357 4715; x_wconf 91' lang='lat' dir='ltr'><strong>de</strong></span> <span class='ocrx_word' id='word_1_386' title='bbox 1395 4661 1527 4715; x_wconf 91' lang='lat' dir='ltr'><strong>cibis</strong></span> <span class='ocrx_word' id='word_1_387' title='bbox 1558 4660 1868 4724; x_wconf 86' lang='lat' dir='ltr'><strong>dissereret,</strong></span> <span class='ocrx_word' id='word_1_388' title='bbox 1916 4668 1970 4713; x_wconf 91' lang='lat' dir='ltr'><strong>et</strong></span> 
     </span>
    </p>
   </div>
   <div class='ocr_carea' id='block_1_49' title="bbox 396 4749 1968 4819">
    <p class='ocr_par' dir='ltr' id='par_1_49' title="bbox 396 4749 1968 4819">
     <span class='ocr_line' id='line_1_49' title="bbox 396 4749 1968 4819; baseline -0.008 -6"><span class='ocrx_word' id='word_1_389' title='bbox 396 4755 809 4819; x_wconf 82' lang='lat' dir='ltr'><strong>offenderentur,</strong></span> <span class='ocrx_word' id='word_1_390' title='bbox 859 4767 922 4808; x_wconf 92' lang='lat' dir='ltr'><strong>eo</strong></span> <span class='ocrx_word' id='word_1_391' title='bbox 966 4752 1196 4814; x_wconf 90' lang='lat' dir='ltr'><strong>dicente,</strong></span> <span class='ocrx_word' id='word_1_392' title='bbox 1252 4749 1399 4814; x_wconf 82' lang='lat' dir='ltr'><strong>Quod</strong></span> <span class='ocrx_word' id='word_1_393' title='bbox 1444 4751 1596 4803; x_wconf 88' lang='lat' dir='ltr'><strong>intrat</strong></span> <span class='ocrx_word' id='word_1_394' title='bbox 1630 4766 1718 4818; x_wconf 84' lang='lat' dir='ltr'><strong>per</strong></span> <span class='ocrx_word' id='word_1_395' title='bbox 1759 4766 1836 4812; x_wconf 91' lang='lat' dir='ltr'><strong>os,</strong></span> <span class='ocrx_word' id='word_1_396' title='bbox 1865 4765 1968 4802; x_wconf 86' lang='lat' dir='ltr'><strong>non</strong></span> 
     </span>
    </p>
   </div>
   <div class='ocr_carea' id='block_1_50' title="bbox 396 4838 1968 4916">
    <p class='ocr_par' dir='ltr' id='par_1_50' title="bbox 396 4838 1968 4916">
     <span class='ocr_line' id='line_1_50' title="bbox 396 4838 1968 4916; baseline -0.005 -16"><span class='ocrx_word' id='word_1_397' title='bbox 396 4845 686 4916; x_wconf 80' lang='lat' dir='ltr'><strong>coinquinat</strong></span> <span class='ocrx_word' id='word_1_398' title='bbox 704 4843 974 4906; x_wconf 82' lang='lat' dir='ltr'><strong>hominem,</strong></span> <span class='ocrx_word' id='word_1_399' title='bbox 1003 4841 1091 4896; x_wconf 86' lang='lat' dir='ltr'><strong>sed</strong></span> <span class='ocrx_word' id='word_1_400' title='bbox 1115 4841 1249 4911; x_wconf 87' lang='lat' dir='ltr'><strong>quod</strong></span> <span class='ocrx_word' id='word_1_401' title='bbox 1275 4840 1532 4911; x_wconf 85' lang='lat' dir='ltr'><strong>egreditur</strong></span> <span class='ocrx_word' id='word_1_402' title='bbox 1559 4855 1576 4893; x_wconf 91' lang='lat'><strong><em>:</em></strong></span> <span class='ocrx_word' id='word_1_403' title='bbox 1604 4839 1735 4893; x_wconf 90' lang='lat' dir='ltr'><strong>dicit</strong></span> <span class='ocrx_word' id='word_1_404' title='bbox 1763 4856 1777 4892; x_wconf 91' lang='lat'><strong>:</strong></span> <span class='ocrx_word' id='word_1_405' title='bbox 1804 4838 1968 4894; x_wconf 86' lang='lat' dir='ltr'><strong>Sinite</strong></span> 
     </span>
    </p>
   </div>
   <div class='ocr_carea' id='block_1_51' title="bbox 395 4930 1965 5005">
    <p class='ocr_par' dir='ltr' id='par_1_51' title="bbox 395 4930 1965 5005">
     <span class='ocr_line' id='line_1_51' title="bbox 395 4930 1965 5005; baseline -0.006 -11"><span class='ocrx_word' id='word_1_406' title='bbox 395 4955 499 4994; x_wconf 86' lang='lat' dir='ltr'><strong>eos.</strong></span> <span class='ocrx_word' id='word_1_407' title='bbox 543 4936 720 4990; x_wconf 85' lang='lat' dir='ltr'><strong>Omnis</strong></span> <span class='ocrx_word' id='word_1_408' title='bbox 763 4934 1008 5005; x_wconf 81' lang='lat' dir='ltr'><strong>plantatto</strong></span> <span class='ocrx_word' id='word_1_409' title='bbox 1046 4948 1196 5002; x_wconf 87' lang='lat' dir='ltr'><strong>quam</strong></span> <span class='ocrx_word' id='word_1_410' title='bbox 1220 4948 1320 4985; x_wconf 88' lang='lat' dir='ltr'><strong>non</strong></span> <span class='ocrx_word' id='word_1_411' title='bbox 1350 4931 1592 5001; x_wconf 81' lang='lat' dir='ltr'><strong>plantavit</strong></span> <span class='ocrx_word' id='word_1_412' title='bbox 1616 4930 1768 4984; x_wconf 84' lang='lat' dir='ltr'><strong>Pater</strong></span> <span class='ocrx_word' id='word_1_413' title='bbox 1807 4947 1965 4995; x_wconf 87' lang='lat' dir='ltr'><strong>meus,</strong></span> 
     </span>
    </p>
   </div>
   <div class='ocr_carea' id='block_1_52' title="bbox 395 5020 1968 5095">
    <p class='ocr_par' dir='ltr' id='par_1_52' title="bbox 395 5020 1968 5095">
     <span class='ocr_line' id='line_1_52' title="bbox 395 5020 1968 5095; baseline -0.005 -13"><span class='ocrx_word' id='word_1_414' title='bbox 395 5027 731 5082; x_wconf 84' lang='lat' dir='ltr'><strong>eradicabitur</strong></span> <span class='ocrx_word' id='word_1_415' title='bbox 785 5024 998 5095; x_wconf 81' lang='lat' dir='ltr'><strong>(Matth.</strong></span> <span class='ocrx_word' id='word_1_416' title='bbox 1049 5024 1136 5080; x_wconf 79' lang='grc'><strong>15.</strong></span> <span class='ocrx_word' id='word_1_417' title='bbox 1188 5023 1274 5076; x_wconf 88' lang='grc'><strong>11.</strong></span> <span class='ocrx_word' id='word_1_418' title='bbox 1307 5030 1352 5074; x_wconf 85' lang='lat' dir='ltr'><strong>et</strong></span> <span class='ocrx_word' id='word_1_419' title='bbox 1389 5039 1438 5075; x_wconf 85' lang='grc' dir='ltr'><strong>υ.</strong></span> <span class='ocrx_word' id='word_1_420' title='bbox 1472 5021 1559 5074; x_wconf 72' lang='grc'><strong>14.</strong></span> <span class='ocrx_word' id='word_1_421' title='bbox 1592 5021 1714 5089; x_wconf 78' lang='grc'><strong>15).</strong></span> <span class='ocrx_word' id='word_1_422' title='bbox 1746 5020 1968 5088; x_wconf 88' lang='lat' dir='ltr'><strong>Quando</strong></span> 
     </span>
    </p>
   </div>
   <div class='ocr_carea' id='block_1_53' title="bbox 395 5111 1965 5183">
    <p class='ocr_par' dir='ltr' id='par_1_53' title="bbox 395 5111 1965 5183">
     <span class='ocr_line' id='line_1_53' title="bbox 395 5111 1965 5183; baseline -0.005 -9"><span class='ocrx_word' id='word_1_423' title='bbox 395 5129 573 5174; x_wconf 90' lang='lat' dir='ltr'><strong>autem</strong></span> <span class='ocrx_word' id='word_1_424' title='bbox 600 5118 667 5172; x_wconf 93' lang='lat' dir='ltr'><strong>ab</strong></span> <span class='ocrx_word' id='word_1_425' title='bbox 709 5131 774 5171; x_wconf 89' lang='lat' dir='ltr'><strong>eo</strong></span> <span class='ocrx_word' id='word_1_426' title='bbox 805 5115 997 5170; x_wconf 89' lang='lat' dir='ltr'><strong>tributa</strong></span> <span class='ocrx_word' id='word_1_427' title='bbox 1028 5113 1330 5183; x_wconf 82' lang='lat' dir='ltr'><strong>exigebant,</strong></span> <span class='ocrx_word' id='word_1_428' title='bbox 1363 5111 1462 5167; x_wconf 89' lang='lat' dir='ltr'><strong>etsi</strong></span> <span class='ocrx_word' id='word_1_429' title='bbox 1507 5111 1708 5165; x_wconf 90' lang='lat' dir='ltr'><strong>sciebat</strong></span> <span class='ocrx_word' id='word_1_430' title='bbox 1755 5125 1814 5166; x_wconf 92' lang='lat' dir='ltr'><strong>se</strong></span> <span class='ocrx_word' id='word_1_431' title='bbox 1859 5127 1965 5166; x_wconf 91' lang='lat' dir='ltr'><strong>non</strong></span> 
     </span>
    </p>
   </div>
   <div class='ocr_carea' id='block_1_54' title="bbox 395 5204 1964 5275">
    <p class='ocr_par' dir='ltr' id='par_1_54' title="bbox 395 5204 1964 5275">
     <span class='ocr_line' id='line_1_54' title="bbox 395 5204 1964 5275; baseline -0.004 -11"><span class='ocrx_word' id='word_1_432' title='bbox 395 5211 591 5265; x_wconf 88' lang='lat' dir='ltr'><strong>debere</strong></span> <span class='ocrx_word' id='word_1_433' title='bbox 627 5225 687 5264; x_wconf 90' lang='lat' dir='ltr'><strong>ea</strong></span> <span class='ocrx_word' id='word_1_434' title='bbox 718 5209 946 5271; x_wconf 88' lang='lat' dir='ltr'><strong>solvere,</strong></span> <span class='ocrx_word' id='word_1_435' title='bbox 997 5216 1172 5260; x_wconf 90' lang='lat' dir='ltr'><strong>tamen</strong></span> <span class='ocrx_word' id='word_1_436' title='bbox 1215 5204 1464 5275; x_wconf 90' lang='lat' dir='ltr'><strong>quoniam</strong></span> <span class='ocrx_word' id='word_1_437' title='bbox 1497 5212 1702 5274; x_wconf 86' lang='lat' dir='ltr'><strong>tempus</strong></span> <span class='ocrx_word' id='word_1_438' title='bbox 1733 5204 1964 5258; x_wconf 90' lang='lat' dir='ltr'><strong>nondum</strong></span> 
     </span>
    </p>
   </div>
   <div class='ocr_carea' id='block_1_55' title="bbox 331 5296 1970 5372">
    <p class='ocr_par' dir='ltr' id='par_1_55' title="bbox 331 5296 1970 5372">
     <span class='ocr_line' id='line_1_55' title="bbox 331 5296 1970 5372; baseline -0.003 -15"><span class='ocrx_word' id='word_1_439' title='bbox 331 5361 342 5370; x_wconf 67' lang='grc'><strong>,</strong></span> <span class='ocrx_word' id='word_1_440' title='bbox 397 5301 711 5372; x_wconf 84' lang='lat' dir='ltr'><strong>postulabat,</strong></span> <span class='ocrx_word' id='word_1_441' title='bbox 745 5309 801 5354; x_wconf 94' lang='lat' dir='ltr'><strong>ut</strong></span> <span class='ocrx_word' id='word_1_442' title='bbox 849 5299 1171 5354; x_wconf 89' lang='lat' dir='ltr'><strong>revelaretur</strong></span> <span class='ocrx_word' id='word_1_443' title='bbox 1194 5298 1309 5368; x_wconf 90' lang='lat' dir='ltr'><strong>ejus</strong></span> <span class='ocrx_word' id='word_1_444' title='bbox 1349 5299 1653 5361; x_wconf 88' lang='lat' dir='ltr'><strong>auctoritas,</strong></span> <span class='ocrx_word' id='word_1_445' title='bbox 1683 5297 1808 5352; x_wconf 83' lang='lat' dir='ltr'><strong>dicit</strong></span> <span class='ocrx_word' id='word_1_446' title='bbox 1838 5315 1853 5351; x_wconf 92' lang='lat'><strong>:</strong></span> <span class='ocrx_word' id='word_1_447' title='bbox 1888 5296 1970 5352; x_wconf 85' lang='lat' dir='ltr'><strong>Ne</strong></span> 
     </span>
    </p>
   </div>
   <div class='ocr_carea' id='block_1_56' title="bbox 396 5386 1965 5457">
    <p class='ocr_par' dir='ltr' id='par_1_56' title="bbox 396 5386 1965 5457">
     <span class='ocr_line' id='line_1_56' title="bbox 396 5386 1965 5457; baseline -0.005 -11"><span class='ocrx_word' id='word_1_448' title='bbox 396 5401 562 5446; x_wconf 87' lang='lat' dir='ltr'><strong>autem</strong></span> <span class='ocrx_word' id='word_1_449' title='bbox 589 5406 670 5444; x_wconf 87' lang='lat' dir='ltr'><strong>eos</strong></span> <span class='ocrx_word' id='word_1_450' title='bbox 689 5388 1002 5457; x_wconf 76' lang='lat' dir='ltr'><strong>offendamus</strong></span> <span class='ocrx_word' id='word_1_451' title='bbox 1029 5430 1044 5454; x_wconf 92' lang='lat'><strong>,</strong></span> <span class='ocrx_word' id='word_1_452' title='bbox 1079 5388 1205 5442; x_wconf 72' lang='lat' dir='ltr'><strong>uade</strong></span> <span class='ocrx_word' id='word_1_453' title='bbox 1234 5387 1302 5440; x_wconf 90' lang='lat' dir='ltr'><strong>ad</strong></span> <span class='ocrx_word' id='word_1_454' title='bbox 1326 5403 1482 5453; x_wconf 88' lang='lat' dir='ltr'><strong>mare,</strong></span> <span class='ocrx_word' id='word_1_455' title='bbox 1508 5397 1553 5440; x_wconf 91' lang='lat' dir='ltr'><strong>et</strong></span> <span class='ocrx_word' id='word_1_456' title='bbox 1581 5388 1718 5440; x_wconf 85' lang='lat' dir='ltr'><strong>mitte</strong></span> <span class='ocrx_word' id='word_1_457' title='bbox 1741 5386 1965 5454; x_wconf 82' lang='lat' dir='ltr'><strong>hamum,</strong></span> 
     </span>
    </p>
   </div>
   <div class='ocr_carea' id='block_1_57' title="bbox 399 5478 1969 5551">
    <p class='ocr_par' dir='ltr' id='par_1_57' title="bbox 399 5478 1969 5551">
     <span class='ocr_line' id='line_1_57' title="bbox 399 5478 1969 5551; baseline -0.004 -14"><span class='ocrx_word' id='word_1_458' title='bbox 399 5493 444 5538; x_wconf 88' lang='lat' dir='ltr'><strong>et</strong></span> <span class='ocrx_word' id='word_1_459' title='bbox 473 5499 586 5536; x_wconf 88' lang='lat' dir='ltr'><strong>eum</strong></span> <span class='ocrx_word' id='word_1_460' title='bbox 617 5483 797 5551; x_wconf 82' lang='lat' dir='ltr'><strong>piscem</strong></span> <span class='ocrx_word' id='word_1_461' title='bbox 818 5481 902 5550; x_wconf 85' lang='lat' dir='ltr'><strong>qui</strong></span> <span class='ocrx_word' id='word_1_462' title='bbox 925 5481 1113 5551; x_wconf 83' lang='lat' dir='ltr'><strong>primus</strong></span> <span class='ocrx_word' id='word_1_463' title='bbox 1139 5479 1436 5544; x_wconf 86' lang='lat' dir='ltr'><strong>ascenderit,</strong></span> <span class='ocrx_word' id='word_1_464' title='bbox 1457 5478 1592 5542; x_wconf 80' lang='lat' dir='ltr'><strong>tolle,</strong></span> <span class='ocrx_word' id='word_1_465' title='bbox 1616 5489 1660 5532; x_wconf 87' lang='lat' dir='ltr'><strong>et</strong></span> <span class='ocrx_word' id='word_1_466' title='bbox 1681 5480 1732 5531; x_wconf 75' lang='lat' dir='ltr'><strong>in</strong></span> <span class='ocrx_word' id='word_1_467' title='bbox 1752 5495 1808 5532; x_wconf 91' lang='lat' dir='ltr'><strong>eo</strong></span> <span class='ocrx_word' id='word_1_468' title='bbox 1833 5479 1969 5532; x_wconf 77' lang='lat' dir='ltr'><strong>inve-</strong></span> 
     </span>
    </p>
   </div>
   <div class='ocr_carea' id='block_1_58' title="bbox 398 5569 1962 5641">
    <p class='ocr_par' dir='ltr' id='par_1_58' title="bbox 398 5569 1962 5641">
     <span class='ocr_line' id='line_1_58' title="bbox 398 5569 1962 5641; baseline -0.002 -15"><span class='ocrx_word' id='word_1_469' title='bbox 398 5574 510 5626; x_wconf 86' lang='lat' dir='ltr'><strong>nies</strong></span> <span class='ocrx_word' id='word_1_470' title='bbox 533 5582 764 5626; x_wconf 75' lang='lat' dir='ltr'><strong>ueterem</strong></span> <span class='ocrx_word' id='word_1_471' title='bbox 780 5589 799 5637; x_wconf 84' lang='lat'><strong><em>;</em></strong></span> <span class='ocrx_word' id='word_1_472' title='bbox 827 5575 894 5625; x_wconf 88' lang='lat' dir='ltr'><strong>da</strong></span> <span class='ocrx_word' id='word_1_473' title='bbox 917 5588 1029 5626; x_wconf 86' lang='lat' dir='ltr'><strong>eum</strong></span> <span class='ocrx_word' id='word_1_474' title='bbox 1049 5573 1120 5624; x_wconf 84' lang='lat' dir='ltr'><strong>eis</strong></span> <span class='ocrx_word' id='word_1_475' title='bbox 1137 5587 1228 5641; x_wconf 86' lang='lat' dir='ltr'><strong>pro</strong></span> <span class='ocrx_word' id='word_1_476' title='bbox 1257 5581 1302 5624; x_wconf 86' lang='lat' dir='ltr'><strong>te</strong></span> <span class='ocrx_word' id='word_1_477' title='bbox 1325 5581 1372 5624; x_wconf 90' lang='lat' dir='ltr'><strong>et</strong></span> <span class='ocrx_word' id='word_1_478' title='bbox 1402 5587 1493 5639; x_wconf 89' lang='lat' dir='ltr'><strong>pro</strong></span> <span class='ocrx_word' id='word_1_479' title='bbox 1517 5587 1596 5623; x_wconf 85' lang='lat' dir='ltr'><strong>me</strong></span> <span class='ocrx_word' id='word_1_480' title='bbox 1625 5569 1838 5640; x_wconf 74' lang='lat' dir='ltr'><strong>(Matth.</strong></span> <span class='ocrx_word' id='word_1_481' title='bbox 1876 5572 1962 5624; x_wconf 82' lang='grc' dir='ltr'><strong>Π.</strong></span> 
     </span>
    </p>
   </div>
   <div class='ocr_carea' id='block_1_59' title="bbox 400 5659 1968 5730">
    <p class='ocr_par' dir='ltr' id='par_1_59' title="bbox 400 5659 1968 5730">
     <span class='ocr_line' id='line_1_59' title="bbox 400 5659 1968 5730; baseline -0.002 -13"><span class='ocrx_word' id='word_1_482' title='bbox 400 5663 473 5717; x_wconf 73' lang='grc'><strong>26</strong></span> <span class='ocrx_word' id='word_1_483' title='bbox 496 5660 535 5730; x_wconf 93' lang='grc'><strong>).</strong></span> <span class='ocrx_word' id='word_1_484' title='bbox 563 5660 784 5726; x_wconf 85' lang='lat' dir='ltr'><strong>Quando</strong></span> <span class='ocrx_word' id='word_1_485' title='bbox 817 5663 956 5714; x_wconf 88' lang='lat' dir='ltr'><strong>enim</strong></span> <span class='ocrx_word' id='word_1_486' title='bbox 984 5660 1152 5729; x_wconf 74' lang='lat' dir='ltr'><strong>legem</strong></span> <span class='ocrx_word' id='word_1_487' title='bbox 1182 5660 1346 5714; x_wconf 89' lang='lat' dir='ltr'><strong>multa</strong></span> <span class='ocrx_word' id='word_1_488' title='bbox 1376 5659 1629 5728; x_wconf 78' lang='lat' dir='ltr'><strong>sapientia</strong></span> <span class='ocrx_word' id='word_1_489' title='bbox 1661 5659 1867 5729; x_wconf 89' lang='lat' dir='ltr'><strong>plenam</strong></span> <span class='ocrx_word' id='word_1_490' title='bbox 1889 5659 1968 5714; x_wconf 90' lang='lat' dir='ltr'><strong>eis</strong></span> 
     </span>
    </p>
   </div>
   <div class='ocr_carea' id='block_1_60' title="bbox 405 5750 1966 5821">
    <p class='ocr_par' dir='ltr' id='par_1_60' title="bbox 405 5750 1966 5821">
     <span class='ocr_line' id='line_1_60' title="bbox 405 5750 1966 5821; baseline 0 -15"><span class='ocrx_word' id='word_1_491' title='bbox 405 5751 630 5817; x_wconf 77' lang='lat' dir='ltr'><strong>ferebat,</strong></span> <span class='ocrx_word' id='word_1_492' title='bbox 681 5750 885 5821; x_wconf 87' lang='lat' dir='ltr'><strong>ipsique</strong></span> <span class='ocrx_word' id='word_1_493' title='bbox 927 5751 1243 5806; x_wconf 87' lang='lat' dir='ltr'><strong>insanabiles</strong></span> <span class='ocrx_word' id='word_1_494' title='bbox 1283 5762 1448 5814; x_wconf 85' lang='lat' dir='ltr'><strong>erant,</strong></span> <span class='ocrx_word' id='word_1_495' title='bbox 1495 5753 1681 5806; x_wconf 86' lang='lat' dir='ltr'><strong>merito</strong></span> <span class='ocrx_word' id='word_1_496' title='bbox 1710 5767 1803 5808; x_wconf 88' lang='lat' dir='ltr'><strong>eos</strong></span> <span class='ocrx_word' id='word_1_497' title='bbox 1841 5767 1966 5807; x_wconf 87' lang='lat' dir='ltr'><strong>con-</strong></span> 
     </span>
    </p>
   </div>
   <div class='ocr_carea' id='block_1_61' title="bbox 1126 377 2926 452">
    <p class='ocr_par' dir='ltr' id='par_1_61' title="bbox 1126 377 2926 452">
     <span class='ocr_line' id='line_1_61' title="bbox 1126 377 2926 452; baseline -0.001 -15"><span class='ocrx_word' id='word_1_498' title='bbox 1126 381 1182 437; x_wconf 91' lang='lat' dir='ltr'><strong>S.</strong></span> <span class='ocrx_word' id='word_1_499' title='bbox 1223 379 1498 437; x_wconf 67' lang='lat' dir='ltr'><strong>JOANNIS</strong></span> <span class='ocrx_word' id='word_1_500' title='bbox 1534 377 2002 434; x_wconf 80' lang='lat' dir='ltr'><strong>CIIRYSOSTOMI</strong></span> <span class='ocrx_word' id='word_1_501' title='bbox 2039 377 2358 452; x_wconf 60' lang='lat' dir='ltr'><strong>ARClllEP.</strong></span> <span class='ocrx_word' id='word_1_502' title='bbox 2397 381 2926 438; x_wconf 77' lang='lat' dir='ltr'><strong>CONSTANI‘INOP.</strong></span> 
     </span>
    </p>
   </div>
   <div class='ocr_carea' id='block_1_62' title="bbox 3555 388 3662 443">
    <p class='ocr_par' dir='ltr' id='par_1_62' title="bbox 3555 388 3662 443">
     <span class='ocr_line' id='line_1_62' title="bbox 3555 388 3662 443; baseline 0.019 -2"><span class='ocrx_word' id='word_1_503' title='bbox 3555 388 3662 443; x_wconf 67' lang='lat'><strong>956</strong></span> 
     </span>
    </p>
   </div>
   <div class='ocr_carea' id='block_1_63' title="bbox 2091 495 3660 566">
    <p class='ocr_par' dir='ltr' id='par_1_63' title="bbox 2091 495 3660 566">
     <span class='ocr_line' id='line_1_63' title="bbox 2091 495 3660 566; baseline 0.003 -18"><span class='ocrx_word' id='word_1_504' title='bbox 2091 495 2324 562; x_wconf 87' lang='lat' dir='ltr'><strong>tempsit,</strong></span> <span class='ocrx_word' id='word_1_505' title='bbox 2377 504 2433 549; x_wconf 90' lang='lat' dir='ltr'><strong>et</strong></span> <span class='ocrx_word' id='word_1_506' title='bbox 2475 496 2643 565; x_wconf 80' lang='lat' dir='ltr'><strong>legem</strong></span> <span class='ocrx_word' id='word_1_507' title='bbox 2693 495 2851 548; x_wconf 82' lang='lat' dir='ltr'><strong>solvit</strong></span> <span class='ocrx_word' id='word_1_508' title='bbox 2882 511 2896 548; x_wconf 88' lang='lat'>:</span> <span class='ocrx_word' id='word_1_509' title='bbox 2926 509 3043 548; x_wconf 79' lang='lat' dir='ltr'><strong>eum</strong></span> <span class='ocrx_word' id='word_1_510' title='bbox 3075 505 3248 549; x_wconf 76' lang='lat' dir='ltr'><strong>autem</strong></span> <span class='ocrx_word' id='word_1_511' title='bbox 3292 510 3395 549; x_wconf 88' lang='lat' dir='ltr'><strong>non</strong></span> <span class='ocrx_word' id='word_1_512' title='bbox 3446 513 3660 566; x_wconf 81' lang='lat' dir='ltr'><strong>possent</strong></span> 
     </span>
    </p>
   </div>
   <div class='ocr_carea' id='block_1_64' title="bbox 2084 587 3654 654">
    <p class='ocr_par' dir='ltr' id='par_1_64' title="bbox 2084 587 3654 654">
     <span class='ocr_line' id='line_1_64' title="bbox 2084 587 3654 654; baseline 0.004 -16"><span class='ocrx_word' id='word_1_513' title='bbox 2084 587 2199 653; x_wconf 91' lang='lat' dir='ltr'><strong>ejus</strong></span> <span class='ocrx_word' id='word_1_514' title='bbox 2227 587 2517 641; x_wconf 66' lang='lat' dir='ltr'><strong>divinitatis</strong></span> <span class='ocrx_word' id='word_1_515' title='bbox 2569 588 2828 640; x_wconf 89' lang='lat' dir='ltr'><strong>rationem</strong></span> <span class='ocrx_word' id='word_1_516' title='bbox 2875 588 3162 654; x_wconf 89' lang='lat' dir='ltr'><strong>suscipere,</strong></span> <span class='ocrx_word' id='word_1_517' title='bbox 3215 587 3336 652; x_wconf 87' lang='lat' dir='ltr'><strong>jure</strong></span> <span class='ocrx_word' id='word_1_518' title='bbox 3381 602 3567 643; x_wconf 80' lang='lat' dir='ltr'><strong>rursus</strong></span> <span class='ocrx_word' id='word_1_519' title='bbox 3595 606 3654 645; x_wconf 91' lang='lat' dir='ltr'><strong>se</strong></span> 
     </span>
    </p>
   </div>
   <div class='ocr_carea' id='block_1_65' title="bbox 2083 676 3660 743">
    <p class='ocr_par' dir='ltr' id='par_1_65' title="bbox 2083 676 3660 743">
     <span class='ocr_line' id='line_1_65' title="bbox 2083 676 3660 743; baseline 0.004 -14"><span class='ocrx_word' id='word_1_520' title='bbox 2083 676 2323 743; x_wconf 86' lang='lat' dir='ltr'><strong>dimittit,</strong></span> <span class='ocrx_word' id='word_1_521' title='bbox 2386 686 2438 731; x_wconf 92' lang='lat' dir='ltr'><strong>et</strong></span> <span class='ocrx_word' id='word_1_522' title='bbox 2480 691 2590 731; x_wconf 81' lang='lat' dir='ltr'><strong>sua:</strong></span> <span class='ocrx_word' id='word_1_523' title='bbox 2631 677 2922 731; x_wconf 82' lang='lat' dir='ltr'><strong>divinitatis</strong></span> <span class='ocrx_word' id='word_1_524' title='bbox 2962 678 3219 732; x_wconf 88' lang='lat' dir='ltr'><strong>rationem</strong></span> <span class='ocrx_word' id='word_1_525' title='bbox 3259 680 3512 733; x_wconf 89' lang='lat' dir='ltr'><strong>tributum</strong></span> <span class='ocrx_word' id='word_1_526' title='bbox 3555 684 3660 735; x_wconf 77' lang='lat' dir='ltr'><strong>sol-</strong></span> 
     </span>
    </p>
   </div>
   <div class='ocr_carea' id='block_1_66' title="bbox 2085 767 3658 842">
    <p class='ocr_par' dir='ltr' id='par_1_66' title="bbox 2085 767 3658 842">
     <span class='ocr_line' id='line_1_66' title="bbox 2085 767 3658 842; baseline 0.004 -22"><span class='ocrx_word' id='word_1_527' title='bbox 2085 767 2258 822; x_wconf 86' lang='lat' dir='ltr'><strong>vendo</strong></span> <span class='ocrx_word' id='word_1_528' title='bbox 2287 767 2566 822; x_wconf 87' lang='lat' dir='ltr'><strong>adumbrat</strong></span> <span class='ocrx_word' id='word_1_529' title='bbox 2591 777 2646 822; x_wconf 89' lang='lat' dir='ltr'><strong>et</strong></span> <span class='ocrx_word' id='word_1_530' title='bbox 2683 768 2900 838; x_wconf 80' lang='lat' dir='ltr'><strong>obtegit.</strong></span> <span class='ocrx_word' id='word_1_531' title='bbox 2948 769 3144 824; x_wconf 86' lang='lat' dir='ltr'><strong>Sedens</strong></span> <span class='ocrx_word' id='word_1_532' title='bbox 3190 774 3426 826; x_wconf 83' lang='lat' dir='ltr'><strong>adversus</strong></span> <span class='ocrx_word' id='word_1_533' title='bbox 3451 773 3658 842; x_wconf 78' lang='lat' dir='ltr'><strong>fratrem</strong></span> 
     </span>
    </p>
   </div>
   <div class='ocr_carea' id='block_1_67' title="bbox 2085 860 3657 932">
    <p class='ocr_par' dir='ltr' id='par_1_67' title="bbox 2085 860 3657 932">
     <span class='ocr_line' id='line_1_67' title="bbox 2085 860 3657 932; baseline 0.005 -20"><span class='ocrx_word' id='word_1_534' title='bbox 2085 870 2222 913; x_wconf 83' lang='lat' dir='ltr'><strong>tuum</strong></span> <span class='ocrx_word' id='word_1_535' title='bbox 2249 861 2551 928; x_wconf 79' lang='lat' dir='ltr'><strong>loquebaris.</strong></span> <span class='ocrx_word' id='word_1_536' title='bbox 2581 861 2651 915; x_wconf 89' lang='lat' dir='ltr'><strong>At</strong></span> <span class='ocrx_word' id='word_1_537' title='bbox 2683 860 2756 928; x_wconf 92' lang='lat' dir='ltr'><strong>id,</strong></span> <span class='ocrx_word' id='word_1_538' title='bbox 2787 862 2974 932; x_wconf 90' lang='lat' dir='ltr'><strong>inquit,</strong></span> <span class='ocrx_word' id='word_1_539' title='bbox 3007 861 3262 917; x_wconf 80' lang='lat' dir='ltr'><strong>faciebam</strong></span> <span class='ocrx_word' id='word_1_540' title='bbox 3291 872 3348 918; x_wconf 88' lang='lat' dir='ltr'><strong>ut</strong></span> <span class='ocrx_word' id='word_1_541' title='bbox 3383 880 3504 919; x_wconf 90' lang='lat' dir='ltr'><strong>eum</strong></span> <span class='ocrx_word' id='word_1_542' title='bbox 3535 881 3657 920; x_wconf 88' lang='lat' dir='ltr'><strong>cor-</strong></span> 
     </span>
    </p>
   </div>
   <div class='ocr_carea' id='block_1_68' title="bbox 2083 950 2333 1019">
    <p class='ocr_par' dir='ltr' id='par_1_68' title="bbox 2083 950 2333 1019">
     <span class='ocr_line' id='line_1_68' title="bbox 2083 950 2333 1019; baseline 0 -15"><span class='ocrx_word' id='word_1_543' title='bbox 2083 950 2333 1019; x_wconf 82' lang='lat' dir='ltr'><strong>rigerem.</strong></span> 
     </span>
    </p>
   </div>
   <div class='ocr_carea' id='block_1_69' title="bbox 2155 1040 3659 1112">
    <p class='ocr_par' dir='ltr' id='par_1_69' title="bbox 2155 1040 3659 1112">
     <span class='ocr_line' id='line_1_69' title="bbox 2155 1040 3659 1112; baseline 0.003 -18"><span class='ocrx_word' id='word_1_544' title='bbox 2155 1040 2240 1094; x_wconf 89' lang='grc'><strong>10.</strong></span> <span class='ocrx_word' id='word_1_545' title='bbox 2316 1040 2740 1110; x_wconf 84' lang='lat' dir='ltr'><strong>Reprehensiones</strong></span> <span class='ocrx_word' id='word_1_546' title='bbox 2801 1043 3051 1108; x_wconf 86' lang='lat' dir='ltr'><strong>quomodo</strong></span> <span class='ocrx_word' id='word_1_547' title='bbox 3105 1043 3368 1112; x_wconf 64' lang='lat' dir='ltr'><strong>faciendae.</strong></span> <span class='ocrx_word' id='word_1_548' title='bbox 3416 1073 3489 1084; x_wconf 89' lang='lat'><strong>—-</strong></span> <span class='ocrx_word' id='word_1_549' title='bbox 3539 1045 3659 1099; x_wconf 80' lang='lat' dir='ltr'><strong>Non</strong></span> 
     </span>
    </p>
   </div>
   <div class='ocr_carea' id='block_1_70' title="bbox 2083 1131 3654 1201">
    <p class='ocr_par' dir='ltr' id='par_1_70' title="bbox 2083 1131 3654 1201">
     <span class='ocr_line' id='line_1_70' title="bbox 2083 1131 3654 1201; baseline 0.004 -17"><span class='ocrx_word' id='word_1_550' title='bbox 2083 1133 2360 1198; x_wconf 88' lang='lat' dir='ltr'><strong>oportebat</strong></span> <span class='ocrx_word' id='word_1_551' title='bbox 2381 1146 2508 1200; x_wconf 82' lang='lat' dir='ltr'><strong>ergo</strong></span> <span class='ocrx_word' id='word_1_552' title='bbox 2527 1131 2821 1186; x_wconf 90' lang='lat' dir='ltr'><strong>clanculum</strong></span> <span class='ocrx_word' id='word_1_553' title='bbox 2841 1132 3159 1186; x_wconf 88' lang='lat' dir='ltr'><strong>calumniari</strong></span> <span class='ocrx_word' id='word_1_554' title='bbox 3180 1134 3217 1197; x_wconf 87' lang='lat'><strong>&#39;,</strong></span> <span class='ocrx_word' id='word_1_555' title='bbox 3239 1133 3356 1194; x_wconf 87' lang='lat' dir='ltr'><strong>sed,</strong></span> <span class='ocrx_word' id='word_1_556' title='bbox 3371 1134 3438 1187; x_wconf 85' lang='lat' dir='ltr'><strong>ita</strong></span> <span class='ocrx_word' id='word_1_557' title='bbox 3459 1144 3515 1190; x_wconf 91' lang='lat' dir='ltr'><strong>ut</strong></span> <span class='ocrx_word' id='word_1_558' title='bbox 3539 1137 3654 1201; x_wconf 82' lang='lat' dir='ltr'><strong>jus-</strong></span> 
     </span>
    </p>
   </div>
   <div class='ocr_carea' id='block_1_71' title="bbox 2082 1221 3652 1296">
    <p class='ocr_par' dir='ltr' id='par_1_71' title="bbox 2082 1221 3652 1296">
     <span class='ocr_line' id='line_1_71' title="bbox 2082 1221 3652 1296; baseline 0.003 -22"><span class='ocrx_word' id='word_1_559' title='bbox 2082 1222 2150 1274; x_wconf 89' lang='lat' dir='ltr'><strong>sit</strong></span> <span class='ocrx_word' id='word_1_560' title='bbox 2173 1221 2437 1284; x_wconf 81' lang='lat' dir='ltr'><strong>Christus,</strong></span> <span class='ocrx_word' id='word_1_561' title='bbox 2467 1235 2708 1276; x_wconf 89' lang='lat' dir='ltr'><strong>seorsum</strong></span> <span class='ocrx_word' id='word_1_562' title='bbox 2759 1236 3031 1276; x_wconf 88' lang='lat' dir='ltr'><strong>assumere</strong></span> <span class='ocrx_word' id='word_1_563' title='bbox 3058 1231 3110 1277; x_wconf 92' lang='lat' dir='ltr'><strong>et</strong></span> <span class='ocrx_word' id='word_1_564' title='bbox 3135 1227 3404 1292; x_wconf 81' lang='lat' dir='ltr'><strong>corrigere</strong></span> <span class='ocrx_word' id='word_1_565' title='bbox 3441 1225 3652 1296; x_wconf 81' lang='lat' dir='ltr'><strong>(Matth.</strong></span> 
     </span>
    </p>
   </div>
   <div class='ocr_carea' id='block_1_72' title="bbox 2085 1311 3656 1383">
    <p class='ocr_par' dir='ltr' id='par_1_72' title="bbox 2085 1311 3656 1383">
     <span class='ocr_line' id='line_1_72' title="bbox 2085 1311 3656 1383; baseline 0.005 -19"><span class='ocrx_word' id='word_1_566' title='bbox 2085 1311 2171 1364; x_wconf 91' lang='grc'><strong>18.</strong></span> <span class='ocrx_word' id='word_1_567' title='bbox 2221 1311 2349 1380; x_wconf 83' lang='grc'><strong>15).</strong></span> <span class='ocrx_word' id='word_1_568' title='bbox 2395 1312 2523 1377; x_wconf 70' lang='lat' dir='ltr'><strong>Quae</strong></span> <span class='ocrx_word' id='word_1_569' title='bbox 2565 1311 2706 1364; x_wconf 92' lang='lat' dir='ltr'><strong>enim</strong></span> <span class='ocrx_word' id='word_1_570' title='bbox 2759 1311 2972 1381; x_wconf 92' lang='lat' dir='ltr'><strong>publice</strong></span> <span class='ocrx_word' id='word_1_571' title='bbox 3012 1312 3142 1366; x_wconf 82' lang='lat' dir='ltr'><strong>fiunt</strong></span> <span class='ocrx_word' id='word_1_572' title='bbox 3178 1314 3656 1383; x_wconf 83' lang='lat' dir='ltr'><strong>reprehensiones,</strong></span> 
     </span>
    </p>
   </div>
   <div class='ocr_carea' id='block_1_73' title="bbox 2083 1401 3654 1476">
    <p class='ocr_par' dir='ltr' id='par_1_73' title="bbox 2083 1401 3654 1476">
     <span class='ocr_line' id='line_1_73' title="bbox 2083 1401 3654 1476; baseline 0.005 -21"><span class='ocrx_word' id='word_1_573' title='bbox 2083 1415 2224 1469; x_wconf 69' lang='lat' dir='ltr'><strong>saepe</strong></span> <span class='ocrx_word' id='word_1_574' title='bbox 2272 1403 2428 1455; x_wconf 88' lang='lat' dir='ltr'><strong>etiam</strong></span> <span class='ocrx_word' id='word_1_575' title='bbox 2470 1401 2696 1457; x_wconf 89' lang='lat' dir='ltr'><strong>reddunt</strong></span> <span class='ocrx_word' id='word_1_576' title='bbox 2751 1403 3169 1472; x_wconf 88' lang='lat' dir='ltr'><strong>impudentiores</strong></span> <span class='ocrx_word' id='word_1_577' title='bbox 3220 1421 3233 1458; x_wconf 93' lang='lat'><strong>:</strong></span> <span class='ocrx_word' id='word_1_578' title='bbox 3275 1415 3326 1458; x_wconf 87' lang='lat' dir='ltr'><strong>et</strong></span> <span class='ocrx_word' id='word_1_579' title='bbox 3352 1409 3654 1476; x_wconf 85' lang='lat' dir='ltr'><strong>complures</strong></span> 
     </span>
    </p>
   </div>
   <div class='ocr_carea' id='block_1_74' title="bbox 2081 1493 3652 1567">
    <p class='ocr_par' dir='ltr' id='par_1_74' title="bbox 2081 1493 3652 1567">
     <span class='ocr_line' id='line_1_74' title="bbox 2081 1493 3652 1567; baseline 0.006 -22"><span class='ocrx_word' id='word_1_580' title='bbox 2081 1494 2294 1563; x_wconf 90' lang='lat' dir='ltr'><strong>quidem</strong></span> <span class='ocrx_word' id='word_1_581' title='bbox 2340 1503 2663 1561; x_wconf 86' lang='lat' dir='ltr'><strong>peccatores,</strong></span> <span class='ocrx_word' id='word_1_582' title='bbox 2710 1493 2880 1549; x_wconf 91' lang='lat' dir='ltr'><strong>donec</strong></span> <span class='ocrx_word' id='word_1_583' title='bbox 2907 1495 3133 1549; x_wconf 88' lang='lat' dir='ltr'><strong>viderint</strong></span> <span class='ocrx_word' id='word_1_584' title='bbox 3159 1498 3272 1551; x_wconf 82' lang='lat' dir='ltr'><strong>ﬁeri</strong></span> <span class='ocrx_word' id='word_1_585' title='bbox 3304 1514 3460 1567; x_wconf 86' lang='lat' dir='ltr'><strong>posse</strong></span> <span class='ocrx_word' id='word_1_586' title='bbox 3489 1511 3546 1554; x_wconf 81' lang='lat' dir='ltr'><strong>ut</strong></span> <span class='ocrx_word' id='word_1_587' title='bbox 3575 1502 3652 1554; x_wconf 79' lang='lat' dir='ltr'><strong>la-</strong></span> 
     </span>
    </p>
   </div>
   <div class='ocr_carea' id='block_1_75' title="bbox 2086 1584 3654 1657">
    <p class='ocr_par' dir='ltr' id='par_1_75' title="bbox 2086 1584 3654 1657">
     <span class='ocr_line' id='line_1_75' title="bbox 2086 1584 3654 1657; baseline 0.006 -20"><span class='ocrx_word' id='word_1_588' title='bbox 2086 1593 2247 1648; x_wconf 85' lang='lat' dir='ltr'><strong>teant,</strong></span> <span class='ocrx_word' id='word_1_589' title='bbox 2273 1584 2421 1639; x_wconf 82' lang='lat' dir='ltr'><strong>facile</strong></span> <span class='ocrx_word' id='word_1_590' title='bbox 2440 1586 2488 1637; x_wconf 95' lang='lat' dir='ltr'><strong>in</strong></span> <span class='ocrx_word' id='word_1_591' title='bbox 2517 1587 2747 1638; x_wconf 91' lang='lat' dir='ltr'><strong>animum</strong></span> <span class='ocrx_word' id='word_1_592' title='bbox 2771 1585 3043 1652; x_wconf 90' lang='lat' dir='ltr'><strong>inducunt,</strong></span> <span class='ocrx_word' id='word_1_593' title='bbox 3067 1589 3201 1642; x_wconf 88' lang='lat' dir='ltr'><strong>utin</strong></span> <span class='ocrx_word' id='word_1_594' title='bbox 3231 1591 3367 1642; x_wconf 87' lang='lat' dir='ltr'><strong>viam</strong></span> <span class='ocrx_word' id='word_1_595' title='bbox 3400 1591 3654 1657; x_wconf 86' lang='lat' dir='ltr'><strong>redeant;</strong></span> 
     </span>
    </p>
   </div>
   <div class='ocr_carea' id='block_1_76' title="bbox 2083 1673 3655 1744">
    <p class='ocr_par' dir='ltr' id='par_1_76' title="bbox 2083 1673 3655 1744">
     <span class='ocr_line' id='line_1_76' title="bbox 2083 1673 3655 1744; baseline 0.006 -19"><span class='ocrx_word' id='word_1_596' title='bbox 2083 1673 2292 1742; x_wconf 87' lang='lat' dir='ltr'><strong>quando</strong></span> <span class='ocrx_word' id='word_1_597' title='bbox 2331 1684 2508 1728; x_wconf 87' lang='lat' dir='ltr'><strong>autem</strong></span> <span class='ocrx_word' id='word_1_598' title='bbox 2555 1674 2744 1728; x_wconf 88' lang='lat' dir='ltr'><strong>bonam</strong></span> <span class='ocrx_word' id='word_1_599' title='bbox 2773 1675 2911 1744; x_wconf 88' lang='lat' dir='ltr'><strong>apud</strong></span> <span class='ocrx_word' id='word_1_600' title='bbox 2956 1677 3153 1730; x_wconf 91' lang='lat' dir='ltr'><strong>multos</strong></span> <span class='ocrx_word' id='word_1_601' title='bbox 3203 1678 3655 1735; x_wconf 82' lang='lat' dir='ltr'><strong>existimationem</strong></span> 
     </span>
    </p>
   </div>
   <div class='ocr_carea' id='block_1_77' title="bbox 2084 1764 3652 1842">
    <p class='ocr_par' dir='ltr' id='par_1_77' title="bbox 2084 1764 3652 1842">
     <span class='ocr_line' id='line_1_77' title="bbox 2084 1764 3652 1842; baseline 0.006 -25"><span class='ocrx_word' id='word_1_602' title='bbox 2084 1764 2432 1834; x_wconf 85' lang='lat' dir='ltr'><strong>perdiderint,</strong></span> <span class='ocrx_word' id='word_1_603' title='bbox 2465 1766 2699 1819; x_wconf 90' lang='lat' dir='ltr'><strong>incidunt</strong></span> <span class='ocrx_word' id='word_1_604' title='bbox 2736 1769 2972 1821; x_wconf 88' lang='lat' dir='ltr'><strong>nonnulli</strong></span> <span class='ocrx_word' id='word_1_605' title='bbox 3014 1769 3268 1839; x_wconf 90' lang='lat' dir='ltr'><strong>deinceps</strong></span> <span class='ocrx_word' id='word_1_606' title='bbox 3297 1771 3349 1824; x_wconf 90' lang='lat' dir='ltr'><strong>in</strong></span> <span class='ocrx_word' id='word_1_607' title='bbox 3397 1771 3652 1842; x_wconf 86' lang='lat' dir='ltr'><strong>despera-</strong></span> 
     </span>
    </p>
   </div>
   <div class='ocr_carea' id='block_1_78' title="bbox 2089 1856 3658 1932">
    <p class='ocr_par' dir='ltr' id='par_1_78' title="bbox 2089 1856 3658 1932">
     <span class='ocr_line' id='line_1_78' title="bbox 2089 1856 3658 1932; baseline 0.005 -24"><span class='ocrx_word' id='word_1_608' title='bbox 2089 1856 2328 1918; x_wconf 89' lang='lat' dir='ltr'><strong>tionem,</strong></span> <span class='ocrx_word' id='word_1_609' title='bbox 2375 1865 2430 1909; x_wconf 90' lang='lat' dir='ltr'><strong>et</strong></span> <span class='ocrx_word' id='word_1_610' title='bbox 2478 1857 2724 1909; x_wconf 89' lang='lat' dir='ltr'><strong>labuntur</strong></span> <span class='ocrx_word' id='word_1_611' title='bbox 2756 1857 2809 1910; x_wconf 89' lang='lat' dir='ltr'><strong>in</strong></span> <span class='ocrx_word' id='word_1_612' title='bbox 2865 1856 3265 1926; x_wconf 88' lang='lat' dir='ltr'><strong>impudentiam.</strong></span> <span class='ocrx_word' id='word_1_613' title='bbox 3322 1861 3392 1914; x_wconf 83' lang='lat' dir='ltr'><strong>At</strong></span> <span class='ocrx_word' id='word_1_614' title='bbox 3425 1862 3658 1932; x_wconf 85' lang='lat' dir='ltr'><strong>aliquam</strong></span> 
     </span>
    </p>
   </div>
   <div class='ocr_carea' id='block_1_79' title="bbox 2085 1945 3656 2023">
    <p class='ocr_par' dir='ltr' id='par_1_79' title="bbox 2085 1945 3656 2023">
     <span class='ocr_line' id='line_1_79' title="bbox 2085 1945 3656 2023; baseline 0.004 -24"><span class='ocrx_word' id='word_1_615' title='bbox 2085 1947 2176 2000; x_wconf 93' lang='lat' dir='ltr'><strong>tibi</strong></span> <span class='ocrx_word' id='word_1_616' title='bbox 2207 1945 2327 2000; x_wconf 86' lang='lat' dir='ltr'><strong>fecit</strong></span> <span class='ocrx_word' id='word_1_617' title='bbox 2355 1947 2622 2016; x_wconf 89' lang='lat' dir='ltr'><strong>injuriam.</strong></span> <span class='ocrx_word' id='word_1_618' title='bbox 2660 1948 2768 2001; x_wconf 87' lang='lat' dir='ltr'><strong>Cur</strong></span> <span class='ocrx_word' id='word_1_619' title='bbox 2791 1963 2916 2017; x_wconf 80' lang='lat' dir='ltr'><strong>ergo</strong></span> <span class='ocrx_word' id='word_1_620' title='bbox 2947 1949 3178 2018; x_wconf 87' lang='lat' dir='ltr'><strong>teipsum</strong></span> <span class='ocrx_word' id='word_1_621' title='bbox 3201 1965 3414 2019; x_wconf 86' lang='lat' dir='ltr'><strong>quoque</strong></span> <span class='ocrx_word' id='word_1_622' title='bbox 3461 1953 3656 2023; x_wconf 81' lang='lat' dir='ltr'><strong>injuria</strong></span> 
     </span>
    </p>
   </div>
   <div class='ocr_carea' id='block_1_80' title="bbox 2083 2037 3652 2109">
    <p class='ocr_par' dir='ltr' id='par_1_80' title="bbox 2083 2037 3652 2109">
     <span class='ocr_line' id='line_1_80' title="bbox 2083 2037 3652 2109; baseline 0.004 -19"><span class='ocrx_word' id='word_1_623' title='bbox 2083 2038 2288 2092; x_wconf 83' lang='lat' dir='ltr'><strong>allicis?</strong></span> <span class='ocrx_word' id='word_1_624' title='bbox 2316 2037 2412 2104; x_wconf 90' lang='lat' dir='ltr'><strong>Qui</strong></span> <span class='ocrx_word' id='word_1_625' title='bbox 2456 2037 2596 2091; x_wconf 90' lang='lat' dir='ltr'><strong>enim</strong></span> <span class='ocrx_word' id='word_1_626' title='bbox 2623 2051 2680 2091; x_wconf 87' lang='lat' dir='ltr'><strong>se</strong></span> <span class='ocrx_word' id='word_1_627' title='bbox 2711 2038 2960 2101; x_wconf 89' lang='lat' dir='ltr'><strong>vindicat,</strong></span> <span class='ocrx_word' id='word_1_628' title='bbox 2991 2039 3223 2108; x_wconf 90' lang='lat' dir='ltr'><strong>seipsum</strong></span> <span class='ocrx_word' id='word_1_629' title='bbox 3267 2055 3394 2093; x_wconf 84' lang='lat' dir='ltr'><strong>ense</strong></span> <span class='ocrx_word' id='word_1_630' title='bbox 3419 2041 3562 2109; x_wconf 89' lang='lat' dir='ltr'><strong>petit.</strong></span> <span class='ocrx_word' id='word_1_631' title='bbox 3599 2042 3652 2096; x_wconf 92' lang='lat' dir='ltr'><strong>Si</strong></span> 
     </span>
    </p>
   </div>
   <div class='ocr_carea' id='block_1_81' title="bbox 2084 2129 3655 2201">
    <p class='ocr_par' dir='ltr' id='par_1_81' title="bbox 2084 2129 3655 2201">
     <span class='ocr_line' id='line_1_81' title="bbox 2084 2129 3655 2201; baseline 0.003 -18"><span class='ocrx_word' id='word_1_632' title='bbox 2084 2131 2222 2183; x_wconf 92' lang='lat' dir='ltr'><strong>enim</strong></span> <span class='ocrx_word' id='word_1_633' title='bbox 2250 2130 2330 2184; x_wconf 88' lang='lat' dir='ltr'><strong>vis</strong></span> <span class='ocrx_word' id='word_1_634' title='bbox 2356 2138 2409 2184; x_wconf 91' lang='lat' dir='ltr'><strong>et</strong></span> <span class='ocrx_word' id='word_1_635' title='bbox 2441 2131 2667 2196; x_wconf 89' lang='lat' dir='ltr'><strong>teipsum</strong></span> <span class='ocrx_word' id='word_1_636' title='bbox 2691 2129 2949 2184; x_wconf 83' lang='lat' dir='ltr'><strong>beneﬁcio</strong></span> <span class='ocrx_word' id='word_1_637' title='bbox 2976 2130 3212 2195; x_wconf 82' lang='lat' dir='ltr'><strong>allicere,</strong></span> <span class='ocrx_word' id='word_1_638' title='bbox 3237 2142 3288 2184; x_wconf 90' lang='lat' dir='ltr'><strong>et</strong></span> <span class='ocrx_word' id='word_1_639' title='bbox 3318 2131 3465 2185; x_wconf 93' lang='lat' dir='ltr'><strong>illum</strong></span> <span class='ocrx_word' id='word_1_640' title='bbox 3490 2133 3655 2201; x_wconf 91' lang='lat' dir='ltr'><strong>probe</strong></span> 
     </span>
    </p>
   </div>
   <div class='ocr_carea' id='block_1_82' title="bbox 2085 2220 3654 2291">
    <p class='ocr_par' dir='ltr' id='par_1_82' title="bbox 2085 2220 3654 2291">
     <span class='ocr_line' id='line_1_82' title="bbox 2085 2220 3654 2291; baseline 0.003 -19"><span class='ocrx_word' id='word_1_641' title='bbox 2085 2221 2286 2286; x_wconf 88' lang='lat' dir='ltr'><strong>ulcisci,</strong></span> <span class='ocrx_word' id='word_1_642' title='bbox 2331 2221 2467 2275; x_wconf 90' lang='lat' dir='ltr'><strong>bene</strong></span> <span class='ocrx_word' id='word_1_643' title='bbox 2492 2220 2636 2275; x_wconf 89' lang='lat' dir='ltr'><strong>dicas</strong></span> <span class='ocrx_word' id='word_1_644' title='bbox 2670 2221 2736 2274; x_wconf 90' lang='lat' dir='ltr'><strong>de</strong></span> <span class='ocrx_word' id='word_1_645' title='bbox 2764 2236 2830 2274; x_wconf 91' lang='lat' dir='ltr'><strong>eo</strong></span> <span class='ocrx_word' id='word_1_646' title='bbox 2854 2221 2942 2289; x_wconf 92' lang='lat' dir='ltr'><strong>qui</strong></span> <span class='ocrx_word' id='word_1_647' title='bbox 2987 2221 3078 2275; x_wconf 91' lang='lat' dir='ltr'><strong>tibi</strong></span> <span class='ocrx_word' id='word_1_648' title='bbox 3110 2221 3233 2275; x_wconf 88' lang='lat' dir='ltr'><strong>fecit</strong></span> <span class='ocrx_word' id='word_1_649' title='bbox 3257 2222 3500 2291; x_wconf 91' lang='lat' dir='ltr'><strong>injuriam</strong></span> <span class='ocrx_word' id='word_1_650' title='bbox 3537 2239 3552 2275; x_wconf 91' lang='lat'><strong>:</strong></span> <span class='ocrx_word' id='word_1_651' title='bbox 3583 2225 3654 2276; x_wconf 85' lang='lat' dir='ltr'><strong>ita</strong></span> 
     </span>
    </p>
   </div>
   <div class='ocr_carea' id='block_1_83' title="bbox 2086 2311 3656 2384">
    <p class='ocr_par' dir='ltr' id='par_1_83' title="bbox 2086 2311 3656 2384">
     <span class='ocr_line' id='line_1_83' title="bbox 2086 2311 3656 2384; baseline 0.001 -18"><span class='ocrx_word' id='word_1_652' title='bbox 2086 2311 2247 2368; x_wconf 86' lang='lat' dir='ltr'><strong>facies</strong></span> <span class='ocrx_word' id='word_1_653' title='bbox 2290 2322 2348 2368; x_wconf 92' lang='lat' dir='ltr'><strong>ut</strong></span> <span class='ocrx_word' id='word_1_654' title='bbox 2375 2313 2525 2367; x_wconf 91' lang='lat' dir='ltr'><strong>multi</strong></span> <span class='ocrx_word' id='word_1_655' title='bbox 2556 2313 2662 2366; x_wconf 84' lang='lat' dir='ltr'><strong>sint</strong></span> <span class='ocrx_word' id='word_1_656' title='bbox 2689 2313 2804 2382; x_wconf 90' lang='lat' dir='ltr'><strong>ejus</strong></span> <span class='ocrx_word' id='word_1_657' title='bbox 2833 2328 2930 2382; x_wconf 91' lang='lat' dir='ltr'><strong>pro</strong></span> <span class='ocrx_word' id='word_1_658' title='bbox 2959 2324 3009 2369; x_wconf 88' lang='lat' dir='ltr'><strong>te</strong></span> <span class='ocrx_word' id='word_1_659' title='bbox 3047 2325 3386 2368; x_wconf 87' lang='lat' dir='ltr'><strong>accusatores</strong></span> <span class='ocrx_word' id='word_1_660' title='bbox 3406 2356 3419 2377; x_wconf 90' lang='lat'><strong>,</strong></span> <span class='ocrx_word' id='word_1_661' title='bbox 3446 2323 3501 2369; x_wconf 90' lang='lat' dir='ltr'><strong>et</strong></span> <span class='ocrx_word' id='word_1_662' title='bbox 3542 2316 3656 2384; x_wconf 84' lang='lat' dir='ltr'><strong>ipse</strong></span> 
     </span>
    </p>
   </div>
   <div class='ocr_carea' id='block_1_84' title="bbox 2084 2403 3650 2471">
    <p class='ocr_par' dir='ltr' id='par_1_84' title="bbox 2084 2403 3650 2471">
     <span class='ocr_line' id='line_1_84' title="bbox 2084 2403 3650 2471; baseline 0.004 -17"><span class='ocrx_word' id='word_1_663' title='bbox 2084 2417 2327 2471; x_wconf 75' lang='lat' dir='ltr'><strong>magnam</strong></span> <span class='ocrx_word' id='word_1_664' title='bbox 2363 2403 2661 2457; x_wconf 84' lang='lat' dir='ltr'><strong>mercedem</strong></span> <span class='ocrx_word' id='word_1_665' title='bbox 2700 2403 2960 2470; x_wconf 90' lang='lat' dir='ltr'><strong>accipies;</strong></span> <span class='ocrx_word' id='word_1_666' title='bbox 3001 2403 3083 2456; x_wconf 90' lang='lat' dir='ltr'><strong>sin</strong></span> <span class='ocrx_word' id='word_1_667' title='bbox 3126 2413 3300 2459; x_wconf 91' lang='lat' dir='ltr'><strong>autem</strong></span> <span class='ocrx_word' id='word_1_668' title='bbox 3349 2404 3650 2466; x_wconf 84' lang='lat' dir='ltr'><strong>maledicas.</strong></span> 
     </span>
    </p>
   </div>
   <div class='ocr_carea' id='block_1_85' title="bbox 2083 2493 3653 2562">
    <p class='ocr_par' dir='ltr' id='par_1_85' title="bbox 2083 2493 3653 2562">
     <span class='ocr_line' id='line_1_85' title="bbox 2083 2493 3653 2562; baseline 0.001 -16"><span class='ocrx_word' id='word_1_669' title='bbox 2083 2509 2152 2547; x_wconf 90' lang='lat' dir='ltr'><strong>ne</strong></span> <span class='ocrx_word' id='word_1_670' title='bbox 2182 2493 2312 2547; x_wconf 87' lang='lat' dir='ltr'><strong>lides</strong></span> <span class='ocrx_word' id='word_1_671' title='bbox 2338 2493 2548 2562; x_wconf 89' lang='lat' dir='ltr'><strong>quidem</strong></span> <span class='ocrx_word' id='word_1_672' title='bbox 2579 2493 2668 2546; x_wconf 92' lang='lat' dir='ltr'><strong>tibi</strong></span> <span class='ocrx_word' id='word_1_673' title='bbox 2702 2493 2998 2558; x_wconf 89' lang='lat' dir='ltr'><strong>habebitur,</strong></span> <span class='ocrx_word' id='word_1_674' title='bbox 3053 2502 3109 2546; x_wconf 94' lang='lat' dir='ltr'><strong>ut</strong></span> <span class='ocrx_word' id='word_1_675' title='bbox 3133 2494 3221 2562; x_wconf 91' lang='lat' dir='ltr'><strong>qui</strong></span> <span class='ocrx_word' id='word_1_676' title='bbox 3262 2493 3653 2548; x_wconf 86' lang='lat' dir='ltr'><strong>inimicitiarum</strong></span> 
     </span>
    </p>
   </div>
   <div class='ocr_carea' id='block_1_86' title="bbox 2083 2580 3652 2650">
    <p class='ocr_par' dir='ltr' id='par_1_86' title="bbox 2083 2580 3652 2650">
     <span class='ocr_line' id='line_1_86' title="bbox 2083 2580 3652 2650; baseline 0.001 -15"><span class='ocrx_word' id='word_1_677' title='bbox 2083 2580 2386 2650; x_wconf 88' lang='lat' dir='ltr'><strong>suspicione</strong></span> <span class='ocrx_word' id='word_1_678' title='bbox 2417 2581 2644 2635; x_wconf 88' lang='lat' dir='ltr'><strong>labores.</strong></span> <span class='ocrx_word' id='word_1_679' title='bbox 2676 2580 2850 2647; x_wconf 90' lang='lat' dir='ltr'><strong>Quare</strong></span> <span class='ocrx_word' id='word_1_680' title='bbox 2877 2589 3021 2633; x_wconf 91' lang='lat' dir='ltr'><strong>tuum</strong></span> <span class='ocrx_word' id='word_1_681' title='bbox 3043 2581 3274 2635; x_wconf 89' lang='lat' dir='ltr'><strong>studium</strong></span> <span class='ocrx_word' id='word_1_682' title='bbox 3303 2581 3395 2635; x_wconf 90' lang='lat' dir='ltr'><strong>tibi</strong></span> <span class='ocrx_word' id='word_1_683' title='bbox 3428 2584 3652 2636; x_wconf 82' lang='lat' dir='ltr'><strong>vertitur</strong></span> 
     </span>
    </p>
   </div>
   <div class='ocr_carea' id='block_1_87' title="bbox 2083 2670 3650 2740">
    <p class='ocr_par' dir='ltr' id='par_1_87' title="bbox 2083 2670 3650 2740">
     <span class='ocr_line' id='line_1_87' title="bbox 2083 2670 3650 2740; baseline 0.001 -15"><span class='ocrx_word' id='word_1_684' title='bbox 2083 2674 2135 2725; x_wconf 90' lang='lat' dir='ltr'><strong>in</strong></span> <span class='ocrx_word' id='word_1_685' title='bbox 2157 2671 2505 2725; x_wconf 90' lang='lat' dir='ltr'><strong>contrarium.</strong></span> <span class='ocrx_word' id='word_1_686' title='bbox 2537 2670 2615 2724; x_wconf 84' lang='lat' dir='ltr'><strong>Tu</strong></span> <span class='ocrx_word' id='word_1_687' title='bbox 2641 2670 2780 2724; x_wconf 90' lang='lat' dir='ltr'><strong>enim</strong></span> <span class='ocrx_word' id='word_1_688' title='bbox 2812 2671 2892 2724; x_wconf 88' lang='lat' dir='ltr'><strong>vis</strong></span> <span class='ocrx_word' id='word_1_689' title='bbox 2923 2671 3114 2724; x_wconf 90' lang='lat' dir='ltr'><strong>bonam</strong></span> <span class='ocrx_word' id='word_1_690' title='bbox 3139 2671 3254 2740; x_wconf 90' lang='lat' dir='ltr'><strong>ejus</strong></span> <span class='ocrx_word' id='word_1_691' title='bbox 3273 2670 3467 2725; x_wconf 87' lang='lat' dir='ltr'><strong>famam</strong></span> <span class='ocrx_word' id='word_1_692' title='bbox 3496 2689 3650 2726; x_wconf 90' lang='lat' dir='ltr'><strong>ever-</strong></span> 
     </span>
    </p>
   </div>
   <div class='ocr_carea' id='block_1_88' title="bbox 2084 2761 3659 2832">
    <p class='ocr_par' dir='ltr' id='par_1_88' title="bbox 2084 2761 3659 2832">
     <span class='ocr_line' id='line_1_88' title="bbox 2084 2761 3659 2832; baseline 0.001 -15"><span class='ocrx_word' id='word_1_693' title='bbox 2084 2771 2215 2826; x_wconf 86' lang='lat' dir='ltr'><strong>tere,</strong></span> <span class='ocrx_word' id='word_1_694' title='bbox 2236 2773 2419 2817; x_wconf 89' lang='lat' dir='ltr'><strong>conlra</strong></span> <span class='ocrx_word' id='word_1_695' title='bbox 2449 2771 2625 2816; x_wconf 88' lang='lat' dir='ltr'><strong>autem</strong></span> <span class='ocrx_word' id='word_1_696' title='bbox 2647 2761 2872 2818; x_wconf 79' lang='lat' dir='ltr'><strong>accidit:</strong></span> <span class='ocrx_word' id='word_1_697' title='bbox 2903 2779 2996 2832; x_wconf 87' lang='lat' dir='ltr'><strong>per</strong></span> <span class='ocrx_word' id='word_1_698' title='bbox 3019 2763 3226 2816; x_wconf 82' lang='lat' dir='ltr'><strong>laudem</strong></span> <span class='ocrx_word' id='word_1_699' title='bbox 3249 2764 3411 2827; x_wconf 84' lang='lat' dir='ltr'><strong>enim,</strong></span> <span class='ocrx_word' id='word_1_700' title='bbox 3431 2780 3543 2817; x_wconf 79' lang='lat' dir='ltr'><strong>non</strong></span> <span class='ocrx_word' id='word_1_701' title='bbox 3562 2779 3659 2832; x_wconf 85' lang='lat' dir='ltr'><strong>per</strong></span> 
     </span>
    </p>
   </div>
   <div class='ocr_carea' id='block_1_89' title="bbox 2073 2854 3657 2925">
    <p class='ocr_par' dir='ltr' id='par_1_89' title="bbox 2073 2854 3657 2925">
     <span class='ocr_line' id='line_1_89' title="bbox 2073 2854 3657 2925; baseline 0.001 -16"><span class='ocrx_word' id='word_1_702' title='bbox 2073 2857 2468 2925; x_wconf 71' lang='lat' dir='ltr'><strong>accusationem</strong></span> <span class='ocrx_word' id='word_1_703' title='bbox 2509 2854 2612 2909; x_wconf 90' lang='lat' dir='ltr'><strong>hoc</strong></span> <span class='ocrx_word' id='word_1_704' title='bbox 2663 2856 2879 2918; x_wconf 88' lang='lat' dir='ltr'><strong>evenit;</strong></span> <span class='ocrx_word' id='word_1_705' title='bbox 2923 2855 3016 2910; x_wconf 89' lang='lat' dir='ltr'><strong>sed</strong></span> <span class='ocrx_word' id='word_1_706' title='bbox 3075 2866 3258 2910; x_wconf 88' lang='lat' dir='ltr'><strong>contra</strong></span> <span class='ocrx_word' id='word_1_707' title='bbox 3298 2857 3514 2909; x_wconf 90' lang='lat' dir='ltr'><strong>omnino</strong></span> <span class='ocrx_word' id='word_1_708' title='bbox 3557 2865 3657 2910; x_wconf 73' lang='grc' dir='ltr'><strong>τοι</strong></span> 
     </span>
    </p>
   </div>
   <div class='ocr_carea' id='block_1_90' title="bbox 2081 2945 3657 3014">
    <p class='ocr_par' dir='ltr' id='par_1_90' title="bbox 2081 2945 3657 3014">
     <span class='ocr_line' id='line_1_90' title="bbox 2081 2945 3657 3014; baseline 0.001 -16"><span class='ocrx_word' id='word_1_709' title='bbox 2081 2947 2306 3014; x_wconf 88' lang='lat' dir='ltr'><strong>teipsum</strong></span> <span class='ocrx_word' id='word_1_710' title='bbox 2360 2945 2571 3014; x_wconf 91' lang='lat' dir='ltr'><strong>quidem</strong></span> <span class='ocrx_word' id='word_1_711' title='bbox 2619 2945 2806 3013; x_wconf 88' lang='lat' dir='ltr'><strong>majori</strong></span> <span class='ocrx_word' id='word_1_712' title='bbox 2842 2945 3124 3014; x_wconf 81' lang='lat' dir='ltr'><strong>ignominia</strong></span> <span class='ocrx_word' id='word_1_713' title='bbox 3163 2945 3350 3011; x_wconf 75' lang='lat' dir='ltr'><strong>afﬁcis,</strong></span> <span class='ocrx_word' id='word_1_714' title='bbox 3383 2946 3526 2999; x_wconf 88' lang='lat' dir='ltr'><strong>illum</strong></span> <span class='ocrx_word' id='word_1_715' title='bbox 3557 2961 3657 3000; x_wconf 80' lang='lat' dir='ltr'><strong>au-</strong></span> 
     </span>
    </p>
   </div>
   <div class='ocr_carea' id='block_1_91' title="bbox 2081 3035 3658 3107">
    <p class='ocr_par' dir='ltr' id='par_1_91' title="bbox 2081 3035 3658 3107">
     <span class='ocr_line' id='line_1_91' title="bbox 2081 3035 3658 3107; baseline 0.001 -17"><span class='ocrx_word' id='word_1_716' title='bbox 2081 3045 2186 3091; x_wconf 91' lang='lat' dir='ltr'><strong>tem</strong></span> <span class='ocrx_word' id='word_1_717' title='bbox 2215 3047 2302 3091; x_wconf 89' lang='lat' dir='ltr'><strong>tua</strong></span> <span class='ocrx_word' id='word_1_718' title='bbox 2349 3037 2450 3091; x_wconf 90' lang='lat' dir='ltr'><strong>tela</strong></span> <span class='ocrx_word' id='word_1_719' title='bbox 2499 3051 2603 3090; x_wconf 87' lang='lat' dir='ltr'><strong>non</strong></span> <span class='ocrx_word' id='word_1_720' title='bbox 2646 3046 2879 3106; x_wconf 74' lang='lat' dir='ltr'><strong>tangent.</strong></span> <span class='ocrx_word' id='word_1_721' title='bbox 2907 3035 3199 3091; x_wconf 58' lang='lat' dir='ltr'><strong>Inimicitiae</strong></span> <span class='ocrx_word' id='word_1_722' title='bbox 3239 3037 3402 3102; x_wconf 89' lang='lat' dir='ltr'><strong>enim,</strong></span> <span class='ocrx_word' id='word_1_723' title='bbox 3447 3053 3565 3107; x_wconf 74' lang='lat' dir='ltr'><strong>qua:</strong></span> <span class='ocrx_word' id='word_1_724' title='bbox 3593 3054 3658 3093; x_wconf 83' lang='lat' dir='ltr'><strong>se</strong></span> 
     </span>
    </p>
   </div>
   <div class='ocr_carea' id='block_1_92' title="bbox 2079 3127 3652 3197">
    <p class='ocr_par' dir='ltr' id='par_1_92' title="bbox 2079 3127 3652 3197">
     <span class='ocr_line' id='line_1_92' title="bbox 2079 3127 3652 3197; baseline 0 -15"><span class='ocrx_word' id='word_1_725' title='bbox 2079 3127 2307 3182; x_wconf 83' lang='lat' dir='ltr'><strong>oﬂ&#39;erunt</strong></span> <span class='ocrx_word' id='word_1_726' title='bbox 2345 3128 2535 3180; x_wconf 91' lang='lat' dir='ltr'><strong>animis</strong></span> <span class='ocrx_word' id='word_1_727' title='bbox 2575 3127 2918 3194; x_wconf 88' lang='lat' dir='ltr'><strong>audientium,</strong></span> <span class='ocrx_word' id='word_1_728' title='bbox 2949 3142 3053 3181; x_wconf 90' lang='lat' dir='ltr'><strong>non</strong></span> <span class='ocrx_word' id='word_1_729' title='bbox 3101 3127 3296 3191; x_wconf 88' lang='lat' dir='ltr'><strong>sinunt,</strong></span> <span class='ocrx_word' id='word_1_730' title='bbox 3348 3137 3545 3197; x_wconf 77' lang='lat' dir='ltr'><strong>utqum</strong></span> <span class='ocrx_word' id='word_1_731' title='bbox 3566 3128 3652 3182; x_wconf 79' lang='lat' dir='ltr'><strong>di-</strong></span> 
     </span>
    </p>
   </div>
   <div class='ocr_carea' id='block_1_93' title="bbox 2079 3215 3651 3286">
    <p class='ocr_par' dir='ltr' id='par_1_93' title="bbox 2079 3215 3651 3286">
     <span class='ocr_line' id='line_1_93' title="bbox 2079 3215 3651 3286; baseline 0.001 -17"><span class='ocrx_word' id='word_1_732' title='bbox 2079 3228 2291 3283; x_wconf 83' lang='lat' dir='ltr'><strong>cuntur,</strong></span> <span class='ocrx_word' id='word_1_733' title='bbox 2340 3217 2390 3270; x_wconf 92' lang='lat' dir='ltr'><strong>in</strong></span> <span class='ocrx_word' id='word_1_734' title='bbox 2434 3216 2648 3269; x_wconf 88' lang='lat' dir='ltr'><strong>auribus</strong></span> <span class='ocrx_word' id='word_1_735' title='bbox 2692 3231 2874 3270; x_wconf 91' lang='lat' dir='ltr'><strong>eorum</strong></span> <span class='ocrx_word' id='word_1_736' title='bbox 2921 3215 3285 3281; x_wconf 88' lang='lat' dir='ltr'><strong>admittantur,</strong></span> <span class='ocrx_word' id='word_1_737' title='bbox 3318 3225 3372 3270; x_wconf 89' lang='lat' dir='ltr'><strong>et</strong></span> <span class='ocrx_word' id='word_1_738' title='bbox 3402 3216 3452 3269; x_wconf 93' lang='lat' dir='ltr'><strong>id</strong></span> <span class='ocrx_word' id='word_1_739' title='bbox 3480 3217 3651 3286; x_wconf 87' lang='lat' dir='ltr'><strong>ipsum</strong></span> 
     </span>
    </p>
   </div>
   <div class='ocr_carea' id='block_1_94' title="bbox 2079 3304 3654 3375">
    <p class='ocr_par' dir='ltr' id='par_1_94' title="bbox 2079 3304 3654 3375">
     <span class='ocr_line' id='line_1_94' title="bbox 2079 3304 3654 3375; baseline 0 -15"><span class='ocrx_word' id='word_1_740' title='bbox 2079 3305 2269 3360; x_wconf 89' lang='lat' dir='ltr'><strong>accidit</strong></span> <span class='ocrx_word' id='word_1_741' title='bbox 2293 3304 2434 3375; x_wconf 91' lang='lat' dir='ltr'><strong>quod</strong></span> <span class='ocrx_word' id='word_1_742' title='bbox 2464 3305 2515 3358; x_wconf 92' lang='lat' dir='ltr'><strong>in</strong></span> <span class='ocrx_word' id='word_1_743' title='bbox 2554 3305 3056 3374; x_wconf 68' lang='lat' dir='ltr'><strong>praescriptionibus.</strong></span> <span class='ocrx_word' id='word_1_744' title='bbox 3097 3306 3318 3372; x_wconf 90' lang='lat' dir='ltr'><strong>Quando</strong></span> <span class='ocrx_word' id='word_1_745' title='bbox 3345 3305 3484 3360; x_wconf 90' lang='lat' dir='ltr'><strong>enim</strong></span> <span class='ocrx_word' id='word_1_746' title='bbox 3509 3307 3654 3375; x_wconf 87' lang='lat' dir='ltr'><strong>quis-</strong></span> 
     </span>
    </p>
   </div>
   <div class='ocr_carea' id='block_1_95' title="bbox 2082 3394 3649 3466">
    <p class='ocr_par' dir='ltr' id='par_1_95' title="bbox 2082 3394 3649 3466">
     <span class='ocr_line' id='line_1_95' title="bbox 2082 3394 3649 3466; baseline 0.001 -18"><span class='ocrx_word' id='word_1_747' title='bbox 2082 3397 2221 3466; x_wconf 90' lang='lat' dir='ltr'><strong>piam</strong></span> <span class='ocrx_word' id='word_1_748' title='bbox 2275 3396 2325 3448; x_wconf 88' lang='lat' dir='ltr'><strong>in</strong></span> <span class='ocrx_word' id='word_1_749' title='bbox 2351 3394 2552 3464; x_wconf 88' lang='lat' dir='ltr'><strong>judicio</strong></span> <span class='ocrx_word' id='word_1_750' title='bbox 2576 3394 2771 3464; x_wconf 90' lang='lat' dir='ltr'><strong>aliquid</strong></span> <span class='ocrx_word' id='word_1_751' title='bbox 2799 3394 3073 3463; x_wconf 89' lang='lat' dir='ltr'><strong>objecerit,</strong></span> <span class='ocrx_word' id='word_1_752' title='bbox 3120 3396 3421 3450; x_wconf 88' lang='lat' dir='ltr'><strong>universum</strong></span> <span class='ocrx_word' id='word_1_753' title='bbox 3450 3397 3649 3450; x_wconf 88' lang='lat' dir='ltr'><strong>interea</strong></span> 
     </span>
    </p>
   </div>
   <div class='ocr_carea' id='block_1_96' title="bbox 2079 3485 3650 3556">
    <p class='ocr_par' dir='ltr' id='par_1_96' title="bbox 2079 3485 3650 3556">
     <span class='ocr_line' id='line_1_96' title="bbox 2079 3485 3650 3556; baseline 0.001 -15"><span class='ocrx_word' id='word_1_754' title='bbox 2079 3486 2384 3541; x_wconf 85' lang='lat' dir='ltr'><strong>dissolvitur</strong></span> <span class='ocrx_word' id='word_1_755' title='bbox 2416 3504 2431 3541; x_wconf 89' lang='lat'><strong>:</strong></span> <span class='ocrx_word' id='word_1_756' title='bbox 2460 3487 2531 3539; x_wconf 91' lang='lat' dir='ltr'><strong>ita</strong></span> <span class='ocrx_word' id='word_1_757' title='bbox 2552 3485 2638 3540; x_wconf 92' lang='lat' dir='ltr'><strong>hic</strong></span> <span class='ocrx_word' id='word_1_758' title='bbox 2667 3485 2826 3540; x_wconf 87' lang='lat' dir='ltr'><strong>etiam</strong></span> <span class='ocrx_word' id='word_1_759' title='bbox 2862 3501 2965 3540; x_wconf 89' lang='lat' dir='ltr'><strong>non</strong></span> <span class='ocrx_word' id='word_1_760' title='bbox 3006 3488 3264 3556; x_wconf 92' lang='lat' dir='ltr'><strong>permittit</strong></span> <span class='ocrx_word' id='word_1_761' title='bbox 3299 3489 3529 3556; x_wconf 85' lang='lat' dir='ltr'><strong>suspicio</strong></span> <span class='ocrx_word' id='word_1_762' title='bbox 3551 3488 3650 3542; x_wconf 91' lang='lat' dir='ltr'><strong>ini-</strong></span> 
     </span>
    </p>
   </div>
   <div class='ocr_carea' id='block_1_97' title="bbox 2078 3576 3649 3648">
    <p class='ocr_par' dir='ltr' id='par_1_97' title="bbox 2078 3576 3649 3648">
     <span class='ocr_line' id='line_1_97' title="bbox 2078 3576 3649 3648; baseline -0.001 -16"><span class='ocrx_word' id='word_1_763' title='bbox 2078 3579 2413 3645; x_wconf 87' lang='lat' dir='ltr'><strong>micitiarum,</strong></span> <span class='ocrx_word' id='word_1_764' title='bbox 2447 3588 2503 3632; x_wconf 90' lang='lat' dir='ltr'><strong>ut</strong></span> <span class='ocrx_word' id='word_1_765' title='bbox 2537 3577 2847 3632; x_wconf 68' lang='lat' dir='ltr'><strong>admittatur</strong></span> <span class='ocrx_word' id='word_1_766' title='bbox 2867 3577 3146 3646; x_wconf 87' lang='lat' dir='ltr'><strong>judicium.</strong></span> <span class='ocrx_word' id='word_1_767' title='bbox 3171 3576 3246 3632; x_wconf 84' lang='lat' dir='ltr'><strong>Ne</strong></span> <span class='ocrx_word' id='word_1_768' title='bbox 3272 3593 3398 3648; x_wconf 70' lang='lat' dir='ltr'><strong>ergo</strong></span> <span class='ocrx_word' id='word_1_769' title='bbox 3423 3577 3649 3633; x_wconf 79' lang='lat' dir='ltr'><strong>maledi-</strong></span> 
     </span>
    </p>
   </div>
   <div class='ocr_carea' id='block_1_98' title="bbox 2077 3666 3646 3736">
    <p class='ocr_par' dir='ltr' id='par_1_98' title="bbox 2077 3666 3646 3736">
     <span class='ocr_line' id='line_1_98' title="bbox 2077 3666 3646 3736; baseline -0.001 -13"><span class='ocrx_word' id='word_1_770' title='bbox 2077 3683 2188 3733; x_wconf 89' lang='lat' dir='ltr'><strong>cas,</strong></span> <span class='ocrx_word' id='word_1_771' title='bbox 2239 3683 2306 3723; x_wconf 91' lang='lat' dir='ltr'><strong>ne</strong></span> <span class='ocrx_word' id='word_1_772' title='bbox 2349 3668 2574 3736; x_wconf 90' lang='lat' dir='ltr'><strong>teipsum</strong></span> <span class='ocrx_word' id='word_1_773' title='bbox 2620 3667 2871 3736; x_wconf 89' lang='lat' dir='ltr'><strong>polluas:</strong></span> <span class='ocrx_word' id='word_1_774' title='bbox 2904 3681 3002 3721; x_wconf 89' lang='lat' dir='ltr'><strong>nec</strong></span> <span class='ocrx_word' id='word_1_775' title='bbox 3045 3666 3212 3721; x_wconf 91' lang='lat' dir='ltr'><strong>lutum</strong></span> <span class='ocrx_word' id='word_1_776' title='bbox 3251 3676 3500 3722; x_wconf 79' lang='lat' dir='ltr'><strong>conlcan</strong></span> <span class='ocrx_word' id='word_1_777' title='bbox 3528 3683 3646 3722; x_wconf 88' lang='lat' dir='ltr'><strong>cum</strong></span> 
     </span>
    </p>
   </div>
   <div class='ocr_carea' id='block_1_99' title="bbox 2077 3757 3649 3824">
    <p class='ocr_par' dir='ltr' id='par_1_99' title="bbox 2077 3757 3649 3824">
     <span class='ocr_line' id='line_1_99' title="bbox 2077 3757 3649 3824; baseline -0.001 -11"><span class='ocrx_word' id='word_1_778' title='bbox 2077 3759 2187 3813; x_wconf 90' lang='lat' dir='ltr'><strong>luto</strong></span> <span class='ocrx_word' id='word_1_779' title='bbox 2217 3769 2272 3814; x_wconf 90' lang='lat' dir='ltr'><strong>et</strong></span> <span class='ocrx_word' id='word_1_780' title='bbox 2316 3757 2602 3824; x_wconf 86' lang='lat' dir='ltr'><strong>lateribus,</strong></span> <span class='ocrx_word' id='word_1_781' title='bbox 2633 3757 2726 3811; x_wconf 91' lang='lat' dir='ltr'><strong>sed</strong></span> <span class='ocrx_word' id='word_1_782' title='bbox 2767 3771 2992 3811; x_wconf 87' lang='lat' dir='ltr'><strong>coronas</strong></span> <span class='ocrx_word' id='word_1_783' title='bbox 3019 3772 3084 3810; x_wconf 79' lang='lat' dir='ltr'><strong>ex</strong></span> <span class='ocrx_word' id='word_1_784' title='bbox 3127 3759 3288 3822; x_wconf 91' lang='lat' dir='ltr'><strong>rosis,</strong></span> <span class='ocrx_word' id='word_1_785' title='bbox 3325 3773 3387 3812; x_wconf 81' lang='lat' dir='ltr'><strong>ex</strong></span> <span class='ocrx_word' id='word_1_786' title='bbox 3419 3757 3569 3812; x_wconf 84' lang='lat' dir='ltr'><strong>violis</strong></span> <span class='ocrx_word' id='word_1_787' title='bbox 3595 3767 3649 3812; x_wconf 90' lang='lat' dir='ltr'><strong>et</strong></span> 
     </span>
    </p>
   </div>
   <div class='ocr_carea' id='block_1_100' title="bbox 2077 3847 3648 3918">
    <p class='ocr_par' dir='ltr' id='par_1_100' title="bbox 2077 3847 3648 3918">
     <span class='ocr_line' id='line_1_100' title="bbox 2077 3847 3648 3918; baseline -0.002 -15"><span class='ocrx_word' id='word_1_788' title='bbox 2077 3849 2292 3918; x_wconf 90' lang='lat' dir='ltr'><strong>reliquis</strong></span> <span class='ocrx_word' id='word_1_789' title='bbox 2344 3847 2565 3902; x_wconf 84' lang='lat' dir='ltr'><strong>floribus</strong></span> <span class='ocrx_word' id='word_1_790' title='bbox 2614 3857 2870 3902; x_wconf 88' lang='lat' dir='ltr'><strong>connecte</strong></span> <span class='ocrx_word' id='word_1_791' title='bbox 2915 3861 3062 3901; x_wconf 90' lang='lat' dir='ltr'><strong>:nec</strong></span> <span class='ocrx_word' id='word_1_792' title='bbox 3090 3856 3296 3902; x_wconf 87' lang='lat' dir='ltr'><strong>stercus</strong></span> <span class='ocrx_word' id='word_1_793' title='bbox 3339 3862 3432 3901; x_wconf 88' lang='lat' dir='ltr'><strong>ore</strong></span> <span class='ocrx_word' id='word_1_794' title='bbox 3483 3847 3648 3913; x_wconf 87' lang='lat' dir='ltr'><strong>feras,</strong></span> 
     </span>
    </p>
   </div>
   <div class='ocr_carea' id='block_1_101' title="bbox 2076 3935 3642 4008">
    <p class='ocr_par' dir='ltr' id='par_1_101' title="bbox 2076 3935 3642 4008">
     <span class='ocr_line' id='line_1_101' title="bbox 2076 3935 3642 4008; baseline -0.002 -15"><span class='ocrx_word' id='word_1_795' title='bbox 2076 3937 2524 4008; x_wconf 87' lang='lat' dir='ltr'><strong>quemadmodum</strong></span> <span class='ocrx_word' id='word_1_796' title='bbox 2553 3937 2803 3992; x_wconf 61' lang='lat' dir='ltr'><strong>scarabaei</strong></span> <span class='ocrx_word' id='word_1_797' title='bbox 2830 3937 2904 4006; x_wconf 81' lang='lat' dir='ltr'><strong>(id</strong></span> <span class='ocrx_word' id='word_1_798' title='bbox 2929 3938 3069 3990; x_wconf 88' lang='lat' dir='ltr'><strong>enim</strong></span> <span class='ocrx_word' id='word_1_799' title='bbox 3091 3935 3289 3990; x_wconf 88' lang='lat' dir='ltr'><strong>faciunt</strong></span> <span class='ocrx_word' id='word_1_800' title='bbox 3309 3937 3399 4006; x_wconf 91' lang='lat' dir='ltr'><strong>qui</strong></span> <span class='ocrx_word' id='word_1_801' title='bbox 3421 3937 3642 3990; x_wconf 83' lang='lat' dir='ltr'><strong>maledi-</strong></span> 
     </span>
    </p>
   </div>
   <div class='ocr_carea' id='block_1_102' title="bbox 2076 4027 3641 4100">
    <p class='ocr_par' dir='ltr' id='par_1_102' title="bbox 2076 4027 3641 4100">
     <span class='ocr_line' id='line_1_102' title="bbox 2076 4027 3641 4100; baseline -0.004 -15"><span class='ocrx_word' id='word_1_802' title='bbox 2076 4040 2204 4086; x_wconf 90' lang='lat' dir='ltr'><strong>cunt</strong></span> <span class='ocrx_word' id='word_1_803' title='bbox 2235 4048 2250 4085; x_wconf 90' lang='lat'><strong>:</strong></span> <span class='ocrx_word' id='word_1_804' title='bbox 2291 4031 2461 4100; x_wconf 92' lang='lat' dir='ltr'><strong>utqui</strong></span> <span class='ocrx_word' id='word_1_805' title='bbox 2490 4030 2589 4098; x_wconf 89' lang='lat' dir='ltr'><strong>ipsi</strong></span> <span class='ocrx_word' id='word_1_806' title='bbox 2621 4028 2865 4085; x_wconf 71' lang='lat' dir='ltr'><strong>lectorem</strong></span> <span class='ocrx_word' id='word_1_807' title='bbox 2906 4029 3060 4097; x_wconf 89' lang='lat' dir='ltr'><strong>primi</strong></span> <span class='ocrx_word' id='word_1_808' title='bbox 3090 4027 3390 4097; x_wconf 89' lang='lat' dir='ltr'><strong>sentiant),</strong></span> <span class='ocrx_word' id='word_1_809' title='bbox 3422 4029 3514 4082; x_wconf 87' lang='lat' dir='ltr'><strong>sed</strong></span> <span class='ocrx_word' id='word_1_810' title='bbox 3545 4028 3641 4080; x_wconf 81' lang='lat' dir='ltr'><strong>llo-</strong></span> 
     </span>
    </p>
   </div>
   <div class='ocr_carea' id='block_1_103' title="bbox 2075 4120 3644 4191">
    <p class='ocr_par' dir='ltr' id='par_1_103' title="bbox 2075 4120 3644 4191">
     <span class='ocr_line' id='line_1_103' title="bbox 2075 4120 3644 4191; baseline -0.001 -14"><span class='ocrx_word' id='word_1_811' title='bbox 2075 4137 2184 4185; x_wconf 88' lang='lat' dir='ltr'><strong>res,</strong></span> <span class='ocrx_word' id='word_1_812' title='bbox 2223 4122 2360 4176; x_wconf 92' lang='lat' dir='ltr'><strong>sicut</strong></span> <span class='ocrx_word' id='word_1_813' title='bbox 2407 4137 2554 4191; x_wconf 89' lang='lat' dir='ltr'><strong>apes,</strong></span> <span class='ocrx_word' id='word_1_814' title='bbox 2582 4120 2838 4190; x_wconf 89' lang='lat' dir='ltr'><strong>favosque</strong></span> <span class='ocrx_word' id='word_1_815' title='bbox 2891 4131 2948 4174; x_wconf 92' lang='lat' dir='ltr'><strong>ut</strong></span> <span class='ocrx_word' id='word_1_816' title='bbox 2984 4121 3088 4174; x_wconf 68' lang='lat' dir='ltr'><strong>illa:</strong></span> <span class='ocrx_word' id='word_1_817' title='bbox 3138 4135 3417 4189; x_wconf 91' lang='lat' dir='ltr'><strong>compone,</strong></span> <span class='ocrx_word' id='word_1_818' title='bbox 3466 4122 3644 4189; x_wconf 86' lang='lat' dir='ltr'><strong>sisque</strong></span> 
     </span>
    </p>
   </div>
   <div class='ocr_carea' id='block_1_104' title="bbox 2074 4213 3642 4270">
    <p class='ocr_par' dir='ltr' id='par_1_104' title="bbox 2074 4213 3642 4270">
     <span class='ocr_line' id='line_1_104' title="bbox 2074 4213 3642 4270; baseline -0.003 -1"><span class='ocrx_word' id='word_1_819' title='bbox 2074 4215 2320 4270; x_wconf 85' lang='lat' dir='ltr'><strong>omnibus</strong></span> <span class='ocrx_word' id='word_1_820' title='bbox 2347 4215 2514 4268; x_wconf 90' lang='lat' dir='ltr'><strong>comis</strong></span> <span class='ocrx_word' id='word_1_821' title='bbox 2542 4221 2594 4268; x_wconf 87' lang='lat' dir='ltr'><strong>et</strong></span> <span class='ocrx_word' id='word_1_822' title='bbox 2632 4221 2956 4266; x_wconf 88' lang='lat' dir='ltr'><strong>mansuetus.</strong></span> <span class='ocrx_word' id='word_1_823' title='bbox 2988 4213 3185 4266; x_wconf 89' lang='lat' dir='ltr'><strong>Omnes</strong></span> <span class='ocrx_word' id='word_1_824' title='bbox 3211 4213 3350 4266; x_wconf 91' lang='lat' dir='ltr'><strong>enim</strong></span> <span class='ocrx_word' id='word_1_825' title='bbox 3392 4227 3642 4266; x_wconf 88' lang='lat' dir='ltr'><strong>aversan-</strong></span> 
     </span>
    </p>
   </div>
   <div class='ocr_carea' id='block_1_105' title="bbox 2077 4301 3640 4373">
    <p class='ocr_par' dir='ltr' id='par_1_105' title="bbox 2077 4301 3640 4373">
     <span class='ocr_line' id='line_1_105' title="bbox 2077 4301 3640 4373; baseline -0.003 -14"><span class='ocrx_word' id='word_1_826' title='bbox 2077 4313 2163 4359; x_wconf 91' lang='lat' dir='ltr'><strong>tur</strong></span> <span class='ocrx_word' id='word_1_827' title='bbox 2191 4305 2526 4372; x_wconf 80' lang='lat' dir='ltr'><strong>maledicum,</strong></span> <span class='ocrx_word' id='word_1_828' title='bbox 2555 4313 2611 4357; x_wconf 93' lang='lat' dir='ltr'><strong>ut</strong></span> <span class='ocrx_word' id='word_1_829' title='bbox 2639 4303 2726 4373; x_wconf 91' lang='lat' dir='ltr'><strong>qui</strong></span> <span class='ocrx_word' id='word_1_830' title='bbox 2768 4312 2959 4357; x_wconf 90' lang='lat' dir='ltr'><strong>tetrum</strong></span> <span class='ocrx_word' id='word_1_831' title='bbox 2989 4301 3227 4357; x_wconf 90' lang='lat' dir='ltr'><strong>redoleat</strong></span> <span class='ocrx_word' id='word_1_832' title='bbox 3250 4311 3304 4356; x_wconf 90' lang='lat' dir='ltr'><strong>et</strong></span> <span class='ocrx_word' id='word_1_833' title='bbox 3327 4303 3414 4372; x_wconf 91' lang='lat' dir='ltr'><strong>qui</strong></span> <span class='ocrx_word' id='word_1_834' title='bbox 3442 4313 3496 4356; x_wconf 89' lang='lat' dir='ltr'><strong>ut</strong></span> <span class='ocrx_word' id='word_1_835' title='bbox 3522 4317 3640 4355; x_wconf 86' lang='lat' dir='ltr'><strong>san-</strong></span> 
     </span>
    </p>
   </div>
   <div class='ocr_carea' id='block_1_106' title="bbox 2074 4395 3640 4467">
    <p class='ocr_par' dir='ltr' id='par_1_106' title="bbox 2074 4395 3640 4467">
     <span class='ocr_line' id='line_1_106' title="bbox 2074 4395 3640 4467; baseline -0.001 -17"><span class='ocrx_word' id='word_1_836' title='bbox 2074 4398 2292 4467; x_wconf 79' lang='lat' dir='ltr'><strong>guisuga</strong></span> <span class='ocrx_word' id='word_1_837' title='bbox 2321 4397 2593 4465; x_wconf 81' lang='lat' dir='ltr'><strong>sanguine,</strong></span> <span class='ocrx_word' id='word_1_838' title='bbox 2621 4405 2676 4450; x_wconf 92' lang='lat' dir='ltr'><strong>et</strong></span> <span class='ocrx_word' id='word_1_839' title='bbox 2701 4395 2998 4449; x_wconf 72' lang='lat' dir='ltr'><strong>scarabteus</strong></span> <span class='ocrx_word' id='word_1_840' title='bbox 3023 4404 3283 4458; x_wconf 87' lang='lat' dir='ltr'><strong>stercore,</strong></span> <span class='ocrx_word' id='word_1_841' title='bbox 3311 4395 3502 4448; x_wconf 89' lang='lat' dir='ltr'><strong>alienis</strong></span> <span class='ocrx_word' id='word_1_842' title='bbox 3531 4409 3640 4448; x_wconf 84' lang='lat' dir='ltr'><strong>ma-</strong></span> 
     </span>
    </p>
   </div>
   <div class='ocr_carea' id='block_1_107' title="bbox 2075 4483 3641 4554">
    <p class='ocr_par' dir='ltr' id='par_1_107' title="bbox 2075 4483 3641 4554">
     <span class='ocr_line' id='line_1_107' title="bbox 2075 4483 3641 4554; baseline -0.003 -14"><span class='ocrx_word' id='word_1_843' title='bbox 2075 4487 2140 4540; x_wconf 89' lang='lat' dir='ltr'><strong>lis</strong></span> <span class='ocrx_word' id='word_1_844' title='bbox 2185 4486 2442 4538; x_wconf 91' lang='lat' dir='ltr'><strong>aluntur:</strong></span> <span class='ocrx_word' id='word_1_845' title='bbox 2477 4499 2538 4539; x_wconf 88' lang='lat' dir='ltr'><strong>os</strong></span> <span class='ocrx_word' id='word_1_846' title='bbox 2581 4495 2759 4539; x_wconf 91' lang='lat' dir='ltr'><strong>autem</strong></span> <span class='ocrx_word' id='word_1_847' title='bbox 2807 4483 2946 4554; x_wconf 90' lang='lat' dir='ltr'><strong>quod</strong></span> <span class='ocrx_word' id='word_1_848' title='bbox 2985 4483 3224 4538; x_wconf 89' lang='lat' dir='ltr'><strong>lubenter</strong></span> <span class='ocrx_word' id='word_1_849' title='bbox 3267 4483 3462 4544; x_wconf 89' lang='lat' dir='ltr'><strong>laudat,</strong></span> <span class='ocrx_word' id='word_1_850' title='bbox 3510 4491 3641 4536; x_wconf 88' lang='lat' dir='ltr'><strong>tam-</strong></span> 
     </span>
    </p>
   </div>
   <div class='ocr_carea' id='block_1_108' title="bbox 2073 4576 3640 4646">
    <p class='ocr_par' dir='ltr' id='par_1_108' title="bbox 2073 4576 3640 4646">
     <span class='ocr_line' id='line_1_108' title="bbox 2073 4576 3640 4646; baseline -0.003 -18"><span class='ocrx_word' id='word_1_851' title='bbox 2073 4591 2228 4646; x_wconf 88' lang='lat' dir='ltr'><strong>quam</strong></span> <span class='ocrx_word' id='word_1_852' title='bbox 2268 4576 2562 4629; x_wconf 88' lang='lat' dir='ltr'><strong>membrum</strong></span> <span class='ocrx_word' id='word_1_853' title='bbox 2587 4591 2867 4630; x_wconf 88' lang='lat' dir='ltr'><strong>commune</strong></span> <span class='ocrx_word' id='word_1_854' title='bbox 2893 4576 3206 4645; x_wconf 81' lang='lat' dir='ltr'><strong>suscipiuut,</strong></span> <span class='ocrx_word' id='word_1_855' title='bbox 3249 4583 3515 4644; x_wconf 87' lang='lat' dir='ltr'><strong>tamquam</strong></span> <span class='ocrx_word' id='word_1_856' title='bbox 3547 4576 3640 4627; x_wconf 84' lang='lat' dir='ltr'><strong>fra-</strong></span> 
     </span>
    </p>
   </div>
   <div class='ocr_carea' id='block_1_109' title="bbox 2075 4667 3641 4735">
    <p class='ocr_par' dir='ltr' id='par_1_109' title="bbox 2075 4667 3641 4735">
     <span class='ocr_line' id='line_1_109' title="bbox 2075 4667 3641 4735; baseline -0.003 -14"><span class='ocrx_word' id='word_1_857' title='bbox 2075 4677 2207 4721; x_wconf 92' lang='lat' dir='ltr'><strong>trem</strong></span> <span class='ocrx_word' id='word_1_858' title='bbox 2253 4682 2602 4735; x_wconf 80' lang='lat' dir='ltr'><strong>germanum,</strong></span> <span class='ocrx_word' id='word_1_859' title='bbox 2669 4675 2936 4735; x_wconf 86' lang='lat' dir='ltr'><strong>tamquam</strong></span> <span class='ocrx_word' id='word_1_860' title='bbox 2985 4667 3186 4726; x_wconf 83' lang='lat' dir='ltr'><strong>filium,</strong></span> <span class='ocrx_word' id='word_1_861' title='bbox 3243 4673 3512 4733; x_wconf 76' lang='lat' dir='ltr'><strong>tamquam</strong></span> <span class='ocrx_word' id='word_1_862' title='bbox 3551 4678 3641 4731; x_wconf 84' lang='lat' dir='ltr'><strong>pa-</strong></span> 
     </span>
    </p>
   </div>
   <div class='ocr_carea' id='block_1_110' title="bbox 2075 4753 3638 4825">
    <p class='ocr_par' dir='ltr' id='par_1_110' title="bbox 2075 4753 3638 4825">
     <span class='ocr_line' id='line_1_110' title="bbox 2075 4753 3638 4825; baseline -0.003 -14"><span class='ocrx_word' id='word_1_863' title='bbox 2075 4767 2227 4811; x_wconf 90' lang='lat' dir='ltr'><strong>trem.</strong></span> <span class='ocrx_word' id='word_1_864' title='bbox 2257 4757 2323 4810; x_wconf 86' lang='lat' dir='ltr'><strong>Et</strong></span> <span class='ocrx_word' id='word_1_865' title='bbox 2351 4756 2473 4825; x_wconf 90' lang='lat' dir='ltr'><strong>quid</strong></span> <span class='ocrx_word' id='word_1_866' title='bbox 2502 4757 2622 4811; x_wconf 90' lang='lat' dir='ltr'><strong>dico</strong></span> <span class='ocrx_word' id='word_1_867' title='bbox 2651 4757 2718 4812; x_wconf 91' lang='lat' dir='ltr'><strong>de</strong></span> <span class='ocrx_word' id='word_1_868' title='bbox 2748 4757 3120 4825; x_wconf 65' lang='lat' dir='ltr'><strong>praesentibus,</strong></span> <span class='ocrx_word' id='word_1_869' title='bbox 3169 4765 3224 4809; x_wconf 91' lang='lat' dir='ltr'><strong>et</strong></span> <span class='ocrx_word' id='word_1_870' title='bbox 3268 4753 3338 4808; x_wconf 89' lang='lat' dir='ltr'><strong>de</strong></span> <span class='ocrx_word' id='word_1_871' title='bbox 3369 4754 3638 4807; x_wconf 90' lang='lat' dir='ltr'><strong>hominum</strong></span> 
     </span>
    </p>
   </div>
   <div class='ocr_carea' id='block_1_111' title="bbox 2072 4842 3640 4904">
    <p class='ocr_par' dir='ltr' id='par_1_111' title="bbox 2072 4842 3640 4904">
     <span class='ocr_line' id='line_1_111' title="bbox 2072 4842 3640 4904; baseline -0.006 -1"><span class='ocrx_word' id='word_1_872' title='bbox 2072 4847 2588 4904; x_wconf 81' lang='lat' dir='ltr'><strong>existimationibus?</strong></span> <span class='ocrx_word' id='word_1_873' title='bbox 2617 4846 2903 4901; x_wconf 89' lang='lat' dir='ltr'><strong>Considera</strong></span> <span class='ocrx_word' id='word_1_874' title='bbox 2938 4846 3066 4898; x_wconf 89' lang='lat' dir='ltr'><strong>mihi</strong></span> <span class='ocrx_word' id='word_1_875' title='bbox 3092 4844 3231 4898; x_wconf 90' lang='lat' dir='ltr'><strong>diem</strong></span> <span class='ocrx_word' id='word_1_876' title='bbox 3255 4844 3402 4896; x_wconf 91' lang='lat' dir='ltr'><strong>illum</strong></span> <span class='ocrx_word' id='word_1_877' title='bbox 3435 4842 3640 4896; x_wconf 83' lang='lat' dir='ltr'><strong>terribi-</strong></span> 
     </span>
    </p>
   </div>
   <div class='ocr_carea' id='block_1_112' title="bbox 2073 4933 3637 5008">
    <p class='ocr_par' dir='ltr' id='par_1_112' title="bbox 2073 4933 3637 5008">
     <span class='ocr_line' id='line_1_112' title="bbox 2073 4933 3637 5008; baseline -0.005 -14"><span class='ocrx_word' id='word_1_878' title='bbox 2073 4941 2198 5005; x_wconf 87' lang='lat' dir='ltr'><strong>lem,</strong></span> <span class='ocrx_word' id='word_1_879' title='bbox 2225 4938 2625 5008; x_wconf 90' lang='lat' dir='ltr'><strong>illudjudicium</strong></span> <span class='ocrx_word' id='word_1_880' title='bbox 2645 4937 2785 5006; x_wconf 91' lang='lat' dir='ltr'><strong>quod</strong></span> <span class='ocrx_word' id='word_1_881' title='bbox 2813 4936 3081 5004; x_wconf 91' lang='lat' dir='ltr'><strong>corrumpi</strong></span> <span class='ocrx_word' id='word_1_882' title='bbox 3113 4951 3218 4988; x_wconf 89' lang='lat' dir='ltr'><strong>non</strong></span> <span class='ocrx_word' id='word_1_883' title='bbox 3249 4943 3419 5004; x_wconf 88' lang='lat' dir='ltr'><strong>potest</strong></span> <span class='ocrx_word' id='word_1_884' title='bbox 3447 4951 3460 4986; x_wconf 89' lang='lat'>:</span> <span class='ocrx_word' id='word_1_885' title='bbox 3495 4933 3637 5001; x_wconf 88' lang='lat' dir='ltr'><strong>quod</strong></span> 
     </span>
    </p>
   </div>
   <div class='ocr_carea' id='block_1_113' title="bbox 2072 5023 3636 5098">
    <p class='ocr_par' dir='ltr' id='par_1_113' title="bbox 2072 5023 3636 5098">
     <span class='ocr_line' id='line_1_113' title="bbox 2072 5023 3636 5098; baseline -0.005 -14"><span class='ocrx_word' id='word_1_886' title='bbox 2072 5033 2116 5084; x_wconf 92' lang='lat' dir='ltr'><strong>si</strong></span> <span class='ocrx_word' id='word_1_887' title='bbox 2149 5031 2273 5086; x_wconf 86' lang='lat' dir='ltr'><strong>falsa</strong></span> <span class='ocrx_word' id='word_1_888' title='bbox 2327 5030 2494 5091; x_wconf 87' lang='lat' dir='ltr'><strong>dicas,</strong></span> <span class='ocrx_word' id='word_1_889' title='bbox 2543 5028 2775 5098; x_wconf 90' lang='lat' dir='ltr'><strong>peccatis</strong></span> <span class='ocrx_word' id='word_1_890' title='bbox 2833 5027 2941 5081; x_wconf 90' lang='lat' dir='ltr'><strong>tuis</strong></span> <span class='ocrx_word' id='word_1_891' title='bbox 2991 5027 3093 5080; x_wconf 86' lang='lat' dir='ltr'><strong>alia</strong></span> <span class='ocrx_word' id='word_1_892' title='bbox 3143 5026 3357 5094; x_wconf 90' lang='lat' dir='ltr'><strong>insuper</strong></span> <span class='ocrx_word' id='word_1_893' title='bbox 3401 5023 3636 5092; x_wconf 86' lang='lat' dir='ltr'><strong>adjicies.</strong></span> 
     </span>
    </p>
   </div>
   <div class='ocr_carea' id='block_1_114' title="bbox 2072 5113 3641 5190">
    <p class='ocr_par' dir='ltr' id='par_1_114' title="bbox 2072 5113 3641 5190">
     <span class='ocr_line' id='line_1_114' title="bbox 2072 5113 3641 5190; baseline -0.005 -16"><span class='ocrx_word' id='word_1_894' title='bbox 2072 5119 2202 5175; x_wconf 89' lang='lat' dir='ltr'><strong>Dico</strong></span> <span class='ocrx_word' id='word_1_895' title='bbox 2251 5121 2382 5174; x_wconf 88' lang='lat' dir='ltr'><strong>enim</strong></span> <span class='ocrx_word' id='word_1_896' title='bbox 2427 5119 2579 5183; x_wconf 78' lang='lat' dir='ltr'><strong>vobis,</strong></span> <span class='ocrx_word' id='word_1_897' title='bbox 2627 5119 2762 5190; x_wconf 84' lang='lat' dir='ltr'><strong>quod</strong></span> <span class='ocrx_word' id='word_1_898' title='bbox 2787 5133 2933 5171; x_wconf 88' lang='lat' dir='ltr'><strong>onme</strong></span> <span class='ocrx_word' id='word_1_899' title='bbox 2951 5117 3151 5170; x_wconf 84' lang='lat' dir='ltr'><strong>verbum</strong></span> <span class='ocrx_word' id='word_1_900' title='bbox 3179 5117 3391 5169; x_wconf 85' lang='lat' dir='ltr'><strong>otiosum</strong></span> <span class='ocrx_word' id='word_1_901' title='bbox 3415 5113 3548 5184; x_wconf 84' lang='lat' dir='ltr'><strong>quod</strong></span> <span class='ocrx_word' id='word_1_902' title='bbox 3571 5114 3641 5166; x_wconf 87' lang='lat' dir='ltr'><strong>lo-</strong></span> 
     </span>
    </p>
   </div>
   <div class='ocr_carea' id='block_1_115' title="bbox 2071 5203 3640 5283">
    <p class='ocr_par' dir='ltr' id='par_1_115' title="bbox 2071 5203 3640 5283">
     <span class='ocr_line' id='line_1_115' title="bbox 2071 5203 3640 5283; baseline -0.005 -19"><span class='ocrx_word' id='word_1_903' title='bbox 2071 5212 2212 5282; x_wconf 86' lang='lat' dir='ltr'><strong>quuti</strong></span> <span class='ocrx_word' id='word_1_904' title='bbox 2236 5212 2422 5283; x_wconf 80' lang='lat' dir='ltr'><strong>fuerint</strong></span> <span class='ocrx_word' id='word_1_905' title='bbox 2448 5210 2695 5274; x_wconf 80' lang='lat' dir='ltr'><strong>homines,</strong></span> <span class='ocrx_word' id='word_1_906' title='bbox 2726 5208 2915 5261; x_wconf 85' lang='lat' dir='ltr'><strong>dabunt</strong></span> <span class='ocrx_word' id='word_1_907' title='bbox 2943 5223 3034 5277; x_wconf 84' lang='lat' dir='ltr'><strong>pro</strong></span> <span class='ocrx_word' id='word_1_908' title='bbox 3055 5207 3167 5276; x_wconf 88' lang='lat' dir='ltr'><strong>ipso</strong></span> <span class='ocrx_word' id='word_1_909' title='bbox 3191 5203 3302 5258; x_wconf 88' lang='lat' dir='ltr'><strong>Deo</strong></span> <span class='ocrx_word' id='word_1_910' title='bbox 3324 5205 3565 5258; x_wconf 86' lang='lat' dir='ltr'><strong>rationem</strong></span> <span class='ocrx_word' id='word_1_911' title='bbox 3587 5204 3640 5256; x_wconf 79' lang='lat' dir='ltr'><strong>iu</strong></span> 
     </span>
    </p>
   </div>
   <div class='ocr_carea' id='block_1_116' title="bbox 2072 5297 3637 5375">
    <p class='ocr_par' dir='ltr' id='par_1_116' title="bbox 2072 5297 3637 5375">
     <span class='ocr_line' id='line_1_116' title="bbox 2072 5297 3637 5375; baseline -0.007 -17"><span class='ocrx_word' id='word_1_912' title='bbox 2072 5305 2154 5358; x_wconf 86' lang='lat' dir='ltr'><strong>die</strong></span> <span class='ocrx_word' id='word_1_913' title='bbox 2163 5304 2347 5375; x_wconf 83' lang='lat' dir='ltr'><strong>judicii</strong></span> <span class='ocrx_word' id='word_1_914' title='bbox 2375 5301 2585 5371; x_wconf 80' lang='lat' dir='ltr'><strong>(Matth.</strong></span> <span class='ocrx_word' id='word_1_915' title='bbox 2611 5300 2698 5355; x_wconf 75' lang='grc'><strong>19..</strong></span> <span class='ocrx_word' id='word_1_916' title='bbox 2725 5300 2839 5368; x_wconf 78' lang='grc'>56).</span> <span class='ocrx_word' id='word_1_917' title='bbox 2871 5299 3088 5354; x_wconf 87' lang='lat' dir='ltr'><strong>Etiamsi</strong></span> <span class='ocrx_word' id='word_1_918' title='bbox 3118 5297 3242 5362; x_wconf 87' lang='lat' dir='ltr'><strong>sint,</strong></span> <span class='ocrx_word' id='word_1_919' title='bbox 3273 5297 3460 5366; x_wconf 86' lang='lat' dir='ltr'><strong>inquit,</strong></span> <span class='ocrx_word' id='word_1_920' title='bbox 3490 5311 3637 5359; x_wconf 85' lang='lat' dir='ltr'><strong>vera,</strong></span> 
     </span>
    </p>
   </div>
   <div class='ocr_carea' id='block_1_117' title="bbox 2073 5386 3642 5464">
    <p class='ocr_par' dir='ltr' id='par_1_117' title="bbox 2073 5386 3642 5464">
     <span class='ocr_line' id='line_1_117' title="bbox 2073 5386 3642 5464; baseline -0.008 -14"><span class='ocrx_word' id='word_1_921' title='bbox 2073 5411 2141 5450; x_wconf 90' lang='lat' dir='ltr'><strong>ne</strong></span> <span class='ocrx_word' id='word_1_922' title='bbox 2169 5395 2246 5449; x_wconf 92' lang='lat' dir='ltr'><strong>sic</strong></span> <span class='ocrx_word' id='word_1_923' title='bbox 2274 5393 2488 5464; x_wconf 90' lang='lat' dir='ltr'><strong>quidem</strong></span> <span class='ocrx_word' id='word_1_924' title='bbox 2540 5390 2760 5460; x_wconf 82' lang='lat' dir='ltr'><strong>etl‘ugies</strong></span> <span class='ocrx_word' id='word_1_925' title='bbox 2789 5431 2806 5456; x_wconf 89' lang='lat'><strong>,</strong></span> <span class='ocrx_word' id='word_1_926' title='bbox 2834 5389 3120 5460; x_wconf 87' lang='lat' dir='ltr'><strong>quominus</strong></span> <span class='ocrx_word' id='word_1_927' title='bbox 3147 5386 3534 5446; x_wconf 87' lang='lat' dir='ltr'><strong>condemneris.</strong></span> <span class='ocrx_word' id='word_1_928' title='bbox 3558 5394 3642 5439; x_wconf 55' lang='lat' dir='ltr'><strong>ut.</strong></span> 
     </span>
    </p>
   </div>
   <div class='ocr_carea' id='block_1_118' title="bbox 2076 5475 3636 5555">
    <p class='ocr_par' dir='ltr' id='par_1_118' title="bbox 2076 5475 3636 5555">
     <span class='ocr_line' id='line_1_118' title="bbox 2076 5475 3636 5555; baseline -0.004 -20"><span class='ocrx_word' id='word_1_929' title='bbox 2076 5494 2199 5555; x_wconf 87' lang='lat' dir='ltr'><strong>pote</strong></span> <span class='ocrx_word' id='word_1_930' title='bbox 2219 5485 2308 5554; x_wconf 92' lang='lat' dir='ltr'><strong>qui</strong></span> <span class='ocrx_word' id='word_1_931' title='bbox 2339 5483 2565 5552; x_wconf 79' lang='lat' dir='ltr'><strong>proximi</strong></span> <span class='ocrx_word' id='word_1_932' title='bbox 2595 5482 2667 5535; x_wconf 89' lang='lat' dir='ltr'><strong>tui</strong></span> <span class='ocrx_word' id='word_1_933' title='bbox 2708 5480 3036 5535; x_wconf 84' lang='lat' dir='ltr'><strong>calamitates</strong></span> <span class='ocrx_word' id='word_1_934' title='bbox 3074 5488 3126 5533; x_wconf 88' lang='lat' dir='ltr'><strong>et</strong></span> <span class='ocrx_word' id='word_1_935' title='bbox 3156 5478 3343 5546; x_wconf 87' lang='lat' dir='ltr'><strong>probra</strong></span> <span class='ocrx_word' id='word_1_936' title='bbox 3375 5475 3636 5530; x_wconf 88' lang='lat' dir='ltr'><strong>traducas.</strong></span> 
     </span>
    </p>
   </div>
   <div class='ocr_carea' id='block_1_119' title="bbox 2073 5567 3633 5644">
    <p class='ocr_par' dir='ltr' id='par_1_119' title="bbox 2073 5567 3633 5644">
     <span class='ocr_line' id='line_1_119' title="bbox 2073 5567 3633 5644; baseline -0.008 -14"><span class='ocrx_word' id='word_1_937' title='bbox 2073 5575 2180 5630; x_wconf 85' lang='lat' dir='ltr'><strong>Fac</strong></span> <span class='ocrx_word' id='word_1_938' title='bbox 2201 5575 2339 5644; x_wconf 90' lang='lat' dir='ltr'><strong>apud</strong></span> <span class='ocrx_word' id='word_1_939' title='bbox 2371 5582 2422 5627; x_wconf 92' lang='lat' dir='ltr'><strong>te</strong></span> <span class='ocrx_word' id='word_1_940' title='bbox 2440 5573 2642 5642; x_wconf 79' lang='lat' dir='ltr'><strong>cogites</strong></span> <span class='ocrx_word' id='word_1_941' title='bbox 2673 5571 3016 5624; x_wconf 74' lang='lat' dir='ltr'><strong>Pbarisamm.</strong></span> <span class='ocrx_word' id='word_1_942' title='bbox 3035 5568 3148 5622; x_wconf 87' lang='lat' dir='ltr'><strong>Non</strong></span> <span class='ocrx_word' id='word_1_943' title='bbox 3172 5577 3286 5622; x_wconf 91' lang='lat' dir='ltr'><strong>erat</strong></span> <span class='ocrx_word' id='word_1_944' title='bbox 3307 5567 3633 5636; x_wconf 86' lang='lat' dir='ltr'><strong>publicanus,</strong></span> 
     </span>
    </p>
   </div>
   <div class='ocr_carea' id='block_1_120' title="bbox 2073 5656 3644 5734">
    <p class='ocr_par' dir='ltr' id='par_1_120' title="bbox 2073 5656 3644 5734">
     <span class='ocr_line' id='line_1_120' title="bbox 2073 5656 3644 5734; baseline -0.008 -13"><span class='ocrx_word' id='word_1_945' title='bbox 2073 5667 2166 5722; x_wconf 90' lang='lat' dir='ltr'><strong>sed</strong></span> <span class='ocrx_word' id='word_1_946' title='bbox 2195 5666 2286 5720; x_wconf 88' lang='lat' dir='ltr'><strong>fuit</strong></span> <span class='ocrx_word' id='word_1_947' title='bbox 2305 5664 2584 5734; x_wconf 89' lang='lat' dir='ltr'><strong>publicano</strong></span> <span class='ocrx_word' id='word_1_948' title='bbox 2623 5661 2948 5723; x_wconf 88' lang='lat' dir='ltr'><strong>sceleratior,</strong></span> <span class='ocrx_word' id='word_1_949' title='bbox 2973 5660 3220 5729; x_wconf 87' lang='lat' dir='ltr'><strong>quoniam</strong></span> <span class='ocrx_word' id='word_1_950' title='bbox 3251 5656 3319 5711; x_wconf 87' lang='lat' dir='ltr'><strong>de</strong></span> <span class='ocrx_word' id='word_1_951' title='bbox 3361 5657 3644 5726; x_wconf 90' lang='lat' dir='ltr'><strong>publicano</strong></span> 
     </span>
    </p>
   </div>
   <div class='ocr_carea' id='block_1_121' title="bbox 2137 5768 3438 5841">
    <p class='ocr_par' dir='ltr' id='par_1_121' title="bbox 2137 5768 3438 5841">
     <span class='ocr_line' id='line_1_121' title="bbox 2137 5768 3438 5841; baseline -0.01 -12"><span class='ocrx_word' id='word_1_952' title='bbox 2137 5782 2152 5812; x_wconf 83' lang='grc' dir='ltr'>ι</span> <span class='ocrx_word' id='word_1_953' title='bbox 2190 5779 2290 5840; x_wconf 77' lang='lat' dir='ltr'><strong>Alii,</strong></span> <span class='ocrx_word' id='word_1_954' title='bbox 2313 5787 2408 5828; x_wconf 66' lang='lat' dir='ltr'><strong>Non</strong></span> <span class='ocrx_word' id='word_1_955' title='bbox 2439 5773 2677 5841; x_wconf 81' lang='lat' dir='ltr'><strong>oportebat</strong></span> <span class='ocrx_word' id='word_1_956' title='bbox 2700 5785 2813 5835; x_wconf 84' lang='lat' dir='ltr'><strong>ergo</strong></span> <span class='ocrx_word' id='word_1_957' title='bbox 2830 5768 3101 5823; x_wconf 79' lang='lat' dir='ltr'><strong>clanculum</strong></span> <span class='ocrx_word' id='word_1_958' title='bbox 3121 5779 3438 5821; x_wconf 80' lang='lat' dir='ltr'><strong>murmurare.</strong></span> 
     </span>
    </p>
   </div>
  </div>
