4114 6278
392 355 506 413 255

388 469 540 526 Οὐαὶ
566 467 733 539 ὑμῖν.
766 466 914 524 ὅταν
946 467 1145 537 καλῶς
1175 468 1331 540 ὑμᾶς
1361 470 1572 525 εἴπωσι
1612 469 1834 534 πάντες
1861 464 1962 518 ἇν-

361 555 651 622 .θρωποι),
690 552 805 605 ἀλλ’
832 552 979 616 ὅπως
1028 555 1190 625 ήμεῑς
1237 553 1732 627 μὴγπαράσχοιμεν
1774 549 1964 612 λαϐάς.

392 636 508 691 Καὶ
535 636 642 707 γὰρ
670 637 697 688 6
726 633 1047 705 βουλόμενος
1075 635 1225 706 παρά
1264 636 1480 691 πάντων
1506 634 1723 690 ἀκούειν
1762 633 1966 700 καλῶς,

399 715 663 787 πολλαχοῦ
690 717 787 786 τὴν
810 716 1002 770 ἑαυτοῦ
1023 717 1202 789 ψυχὴν
1222 718 1502 779 ἀπόλλυσι,
1526 717 1683 788 δόξης
1712 716 1851 787 ἐρῶν
1880 718 1968 771 ἀν-

396 799 693 870 θρωπίνης,
723 798 1136 869 διακονούμενος
1163 810 1183 830 ⁸
1210 803 1266 854 ἐν
1299 796 1380 864 οἷς
1402 799 1462 854 οὐ
1494 801 1593 863 δεῖ,
1626 802 1875 872 ἀρέσκων
1908 801 1966 852 ἐν

393 880 475 945 οἷς
510 882 573 935 ού
599 881 725 953 χρὴ,
750 882 893 936 ῶστε
923 883 1233 953 ὠνήσασθαι
1274 886 1375 956 τὴν
1413 884 1543 954 παρ’
1569 883 1748 937 αὐτῶν
1782 883 1962 953 χάριν.

395 966 563 1020 Πάλιν
597 969 626 1020 6
654 966 1008 1038 καταφρονῶν
1042 966 1137 1020 τοῦ
1174 966 1321 1037 παρά
1358 969 1575 1021 πάντων
1613 966 1830 1021 ἀκούειν
1868 983 1967 1021 και

390 1049 522 1113 κῶς,
559 1052 652 1104 καὶ
672 1050 863 1103 ἑαυτὸν
892 1049 1345 1121 προσαπόλλυσιν.
1371 1052 1582 1123 Ὥσπερ
1606 1052 1714 1122 γὰρ
1748 1053 1964 1123 ἀμήχα·

388 1148 478 1184 νον
512 1134 667 1203 παρά
696 1133 914 1186 πάντων
936 1131 1155 1185 ἀκούειν
1177 1132 1357 1197 καλῶς
1383 1132 1474 1187 τδν
1498 1134 1767 1205 ἐνάρετον,
1793 1132 1964 1198 οὕτως

387 1215 670 1285 ἀμήχανον
712 1214 787 1286 μὴ
809 1214 958 1286 παρά
980 1215 1198 1269 πάντων
1232 1215 1448 1270 ἀκούειν
1474 1217 1677 1281 κακῶς,
1708 1215 1800 1270 τὸν
1833 1216 1963 1269 πολ-

383 1298 482 1360 λάς
511 1297 839 1367 πολλαχόθεν
879 1299 1228 1374 παρασχόντα
1262 1298 1357 1352 τοῦ
1399 1298 1585 1362 κακῶς
1622 1299 1839 1354 ἀκούειν
1867 1302 1962 1353 λα‹⁵

386 1382 506 1445 σάς.
542 1383 639 1436 Ἂν
666 1382 725 1435 δὲ
761 1381 824 1434 τὸ
864 1381 1215 1452 ἀπρόσκοπόν
1247 1399 1339 1435 σου
1384 1385 1712 1456 παρέχοντος
1744 1378 1876 1439 ὦσιν
1909 1386 1961 1438 οί

383 1465 835 1535 κατηγοροῦντες,
862 1466 984 1519 τότε
1015 1482 1098 1518 σοι
1136 1466 1230 1519 καὶ
1266 1466 1465 1520 πλείων
1501 1469 1528 1521 6
1556 1468 1762 1538 μισθὸς.
1788 1469 1960 1525 καθά-

384 1562 490 1618 περ
513 1548 606 1600 καὶ
626 1548 717 1600 ἐπὶ
738 1547 845 1600 τῶν
867 1546 1181 1601 ἀποστόλων
1203 1548 1432 1617 ἐγίνετο,
1456 1551 1549 1603 καὶ
1571 1550 1677 1603 τῶν
1699 1552 1959 1619 γενναίων

383 1629 609 1684 ἐκείνων
638 1630 864 1700 ἀνδρῶν.
901 1628 1021 1702 Χρὴ
1055 1629 1110 1682 δὲ
1142 1633 1360 1684 κάκεῖνο
1386 1632 1602 1694 εἰδέναι,
1632 1634 1713 1686 ὅτι
1744 1635 1845 1687 κᾶν
1874 1624 1960 1688 λέὲ

384 1727 459 1784 τῃ
482 1728 569 1774 τις
596 1712 783 1775 κακῶς
807 1712 900 1765 ἐπὶ
928 1713 1234 1783 πράγματι,
1263 1707 1322 1767 οὗ
1349 1714 1408 1767 τὸ
1448 1715 1684 1779 συνειδὸς
1714 1717 1869 1787 ἡμῶν
1897 1716 1958 1770 οὐ

388 1795 805 1863 καταγινώσκει,
832 1795 890 1848 οὐ
909 1794 996 1849 διὰ
1016 1795 1173 1848 τοῦτο
1202 1795 1284 1848 δεῖ
1317 1800 1674 1870 καταφρονεῖν
1707 1799 1802 1852 τού
1828 1817 1960 1852 κατ-

387 1876 590 1947 ηγόρου
633 1876 722 1930 διὰ
758 1876 857 1947 τὴν
886 1877 1094 1931 ἐκείνου
1140 1876 1362 1947 βλάϐην,
1393 1879 1526 1933 ἀλλά
1566 1881 1744 1935 πάντα
1786 1885 1959 1935 ποιεῖν

389 1960 529 2028 μετὰ
566 1962 665 2029 τῆς
706 1960 1021 2031 πρεπούσης
1062 1962 1385 2031 ἀσφαλείας,
1427 1961 1568 2016 ὥστε
1620 1964 1827 2017 ἀνελεῖν
1865 1965 1958 2018 καὶ

378 2042 482 2113 τὴν
520 2042 711 2111 ἄλογον
758 2043 1051 2113 πρόφασιν.
1092 2045 1191 2098 Διά
1220 2044 1379 2098 τοῦτο
1408 2046 1501 2099 καὶ
1542 2047 1570 2098 6
1609 2046 1820 2110 Παῦλος
1866 2048 1959 2101 ἐπὶ

378 2125 489 2178 τῶν
511 2126 810 2197 χρημάτων
849 2126 1077 2190 πολλοὺς
1115 2127 1331 2197 ἔπεμπε
1370 2130 1498 2193 τοὺς
1539 2129 1957 2200 διακομίζοντας

377 2207 488 2261 τῶν
516 2210 763 2279 πενήτων
807 2209 907 2272 τὰς
953 2210 1269 2281 διατροφάςο
1304 2212 1399 2265 καὶ
1429 2212 1529 2282 τὴν
1560 2213 1738 2265 αἰτίαν
1776 2212 1957 2284 τίθησι

377 2289 574 2360 λέγων’
604 2294 731 2348 Ἵνα
748 2291 834 2361 μή
875 2311 964 2358 τις
1002 2293 1159 2363 ἡμᾶς
1179 2293 1538 2362 μωμήσηται
1572 2295 1643 2348 ἐν
1671 2294 1748 2363 τῇ
1780 2295 1956 2364 ἁδρός

376 2390 506 2440 τητι
534 2375 721 2441 ταύτῃ
756 2373 911 2446 [259]
937 2373 1012 2443 τῇ
1056 2374 1491 2445 διακονουμένῃ
1534 2380 1636 2446 ὑφ’
1656 2375 1844 2446 ἡμῶν.
1876 2379 1954 2434 Οὐ

377 2456 487 2526 γάρ
516 2456 580 2528 δὴ
618 2458 777 2510 τοῦτο
824 2456 967 2517 ἰδὼν,
1005 2459 1087 2511 ὅτι
1123 2458 1356 2530 ήμελλον
1388 2460 1573 2523 κακῶς
1608 2459 1958 2524 σκανδαλίζει-

380 2538 523 2601 σθαι,
561 2540 781 2609 παρεῖδε
824 2541 920 2595 καὶ
946 2542 1369 2613 κατεφρόνησενο
1396 2542 1512 2595 ἀλλ’
1545 2542 1731 2614 ἐπειδὴ
1769 2542 1957 2615 κύριος

374 2617 445 2692 ἦν
468 2622 559 2674 τού
583 2622 742 2675 λῦσαι
767 2623 830 2675 τὸ
860 2625 1174 2689 σκάνδαλον,
1202 2626 1297 2678 καὶ
1323 2624 1503 2678 αὐτῶν
1531 2625 1638 2678 τῶν
1674 2626 1957 2680 σκανδαλιο

376 2704 617 2774 ζομένων
646 2707 969 2777 προενόησε.
1004 2708 1116 2760 Καὶ
1168 2706 1331 2760 πάλιν
1381 2706 1612 2777 ἀλλαχοῦ
1649 2725 1812 2778 φησιν
1834 2725 1850 2740 ο
1888 2711 1931 2760 Ε
1937 2712 1957 2763 ί

372 2787 585 2856 ,βρῶμα
606 2788 989 2849 σκανδαλίζει
1025 2790 1132 2844 τὸν
1163 2789 1430 2858 ἀδελφόν
1451 2808 1592 2859 μου,
1633 2793 1705 2844 οὐ
1733 2791 1818 2861 μὴ
1847 2791 1956 2861 φά-

377 2886 461 2937 τω
491 2870 634 2938 κρέα
668 2873 756 2936 εις
788 2871 895 2925 τὸν
920 2872 1125 2935 αἰῶνα,
1166 2874 1267 2926 ἵνα
1299 2872 1383 2941 μὴ
1411 2873 1518 2926 τὸν
1540 2873 1813 2942 ἀδελφόν
1835 2894 1955 2943 μου

380 2953 786 3008 σκανδαλίσω.
821 2955 1013 3009 Καίτοι
1039 2954 1216 3009 ταῦτα
1243 2956 1509 3027 ἀδιάφορα
1528 2951 1617 3025 ἦν’
1648 2956 1761 3010 ἀλλ’
1783 2958 1950 3027 ὅμως,

383 3036 434 3087 ει
458 3036 744 3091 σκάνδαλον
777 3037 952 3109 φέρει,
1000 3041 1152 3109 φησὶ,
1191 3039 1294 3093 κᾶν
1321 3040 1422 3110 ἐμὲ
1459 3040 1520 3092 οὐ
1562 3041 1950 3113 παραὸλάπτῃ,

381 3119 445 3172 οὐ
488 3120 810 3191 καταφρονῶ
855 3124 955 3193 τῆς
994 3122 1265 3194 σωτηρίας
1291 3122 1400 3176 τῶν
1434 3122 1948 3191 σκανδαλιζομένων.

379 3204 444 3256 El
467 3203 565 3272 μὲν
590 3204 696 3274 γὰρ
719 3197 920 3273 γίνοιτο
943 3205 1113 3275 βλάϐη
1138 3205 1338 3276 μείζων
1359 3206 1454 3275 τῆς
1480 3207 1771 3276 σωτηρίας,
1787 3224 1955 3260 κατα-ο

375 3286 564 3356 φρόνει
586 3287 678 3340 τού
704 3288 1211 3358 σκανδαλιξομένου·
1237 3287 1359 3340 εἰδὲ
1382 3288 1455 3360 μὴ
1476 3288 1704 3356 γένοιτο.
1733 3290 1950 3361 μηκέτι.

376 3369 543 3444 Ὄρος
574 3370 683 3441 γὰρ
727 3364 882 3435 οὗτος
915 3372 982 3425 ἂν
1011 3372 1094 3444 εῐη
1139 3370 1367 3425 καθόλου
1398 3371 1428 3410 δ
1460 3373 1556 3424 καὶ
1592 3371 1794 3431 κανὼν,
1825 3389 1953 3426 παι-

372 3443 542 3504 δεύων
577 3454 708 3507 πότε
749 3453 829 3506 δεῖ
875 3443 1234 3526 καταφρονεῖν
1279 3454 1388 3507 τῶν
1428 3452 1950 3525 σκανδαλιζομένων,

375 3536 508 3588 πότε
533 3534 588 3588 δὲ
624 3537 721 3608 μή·
753 3533 864 3589 οἷόν
893 3554 946 3589 τι
979 3536 1123 3604 λέγω
1142 3553 1156 3567 ’
1190 3536 1664 3609 Ἑσκανδαλίζοντο
1690 3538 1950 3601 Ἰουδαῖοι,

370 3618 456 3672 ὅτι
484 3617 696 3682 Παῦλος
736 3620 835 3673 οὐκ
867 3621 1050 3691 ἐτήρει
1077 3620 1166 3673 τὸν
1200 3621 1383 3690 νόμον,
1417 3619 1513 3673 καὶ
1540 3619 1629 3673 διὰ
1660 3620 1814 3675 τοῦτο
1854 3639 1953 3692 μυ-

379 3699 558 3770 ριάδες
597 3702 892 3772 ἀπεπήδων
932 3701 1145 3767 πολλαὶ,
1182 3704 1429 3775 καὶπερὶ
1465 3702 1563 3775 τὴν
1596 3702 1777 3756 πίστιν
1817 3703 1953 3774 ἐχώ-

373 3782 549 3835 λευον.
589 3783 655 3836 Τί
686 3779 780 3836 οὖν
810 3788 984 3852 ποιεῖ;
1019 3786 1365 3857 Θεραπεῦσαι
1402 3786 1463 3838 τὸ
1501 3785 1793 3839 σκάνδαλον
1832 3785 1952 3855 βου-

372 3864 600 3933 λόμενος
639 3864 864 3936 (μείζων
906 3867 1016 3937 γὰρ
1058 3862 1126 3938 ἦν
1172 3869 1207 3938 ή
1249 3868 1493 3937 σωτηρία
1543 3867 1651 3922 τῶν
1684 3868 1952 3922 τοσούτων

378 3949 696 4021 μυριάδων),
725 3950 821 4003 καὶ
868 3948 1158 4021 διορθῶσαι
1204 3951 1302 4021 τὴν
1347 3950 1597 4020 χωλείαν.
1639 3949 1718 4020 τῷ
1750 3950 1887 4014 τέως
1924 3961 1947 3988 α

373 4031 763 4098 ἐπιδείξασθαι,
794 4034 877 4088 ὅτι
904 4033 965 4086 ού
986 4036 1142 4104 τηρεῖ
1159 4032 1249 4088 τὸν
1275 4033 1459 4103 νόμον,
1489 4032 1780 4096 ἐκώλυσεν,
1817 4034 1951 4105 ὅπερ

376 4112 564 4184 μεῖζον
587 4111 674 4186 ἦν.
714 4115 1195 4180 Ἐσκανδαλίξοντο
1223 4116 1407 4181 πάλιν,
1433 4116 1515 4169 δτι
1542 4116 1951 4185 ἐσταυρωμένον

372 4197 697 4266 ἑκήρυσσεψ
726 4197 958 4253 ἐνταῦθα
984 4198 1359 4269 κατεφρόνησε
1391 4198 1499 4251 τῶν
1535 4195 1953 4267 σκανδαλιζομέ-

371 4297 500 4333 νων·
530 4281 714 4350 μεῖζον
737 4280 845 4352 γάρ
871 4277 938 4352 ἦν
966 4281 1058 4336 τοῦ
1088 4281 1442 4353 κηρύγματος
1468 4281 1529 4334 τὸ
1557 4280 1764 4353 κέρδος.
1796 4279 1951 4334 Οὕτω

372 4363 470 4417 καὶ
507 4367 535 4416 ό
572 4365 806 4434 Χριστὸς
841 4366 1000 4418 ποιεῖ.
1038 4366 1164 4418 Ὅτε
1212 4365 1309 4435 μὲν
1346 4365 1451 4435 7&9
1485 4365 1613 4435 περὶ
1647 4364 1950 4435 βρωμάτων

371 4446 558 4510 αὐτοῖς
601 4445 893 4515 διελέγετο,
930 4447 1025 4500 καὶ
1051 4446 1544 4517 ἐσκανδαλίσθησαν
1582 4446 1829 4512 λέγοντος
1854 4447 1950 4499 αὐ-

370 4529 490 4595 τοῦ,
518 4532 603 4584 ὃτι
635 4533 717 4585 Οὐ
742 4532 807 4584 τὸ
833 4532 1337 4599 εἰσπορευόμενον
1364 4533 1557 4585 κοινοῖ
1590 4530 1700 4584 τὸν
1725 4529 1949 4598 ἀνθρω-

373 4631 513 4677 sror,
555 4614 716 4669 ἀλλά
746 4615 812 4668 τὸ
844 4614 1337 4684 ἐκπορευόμενον,
1382 4613 1528 4681 λέγει
1547 4627 1561 4642 ·
1593 4614 1807 4681 ’Ἄφετε
1845 4612 1951 4666 αὐ-

371 4693 535 4759 τούς.
575 4692 751 4748 Πᾶσα
779 4693 1013 4762 φυτεία,
1052 4692 1134 4760 ἢν
1172 4695 1284 4747 οὐκ
1310 4693 1645 4761 ἐφύτευσεν
1676 4694 1709 4745 ὀ
1748 4689 1950 4758 Πατήρ

369 4793 511 4845 μου.
537 4776 1007 4844 ἐκριζωθήσεται.
1031 4777 1159 4829 Ὅτε
1179 4775 1235 4828 δὲ
1263 4776 1461 4846 φόρους
1494 4773 1656 4829 αὐτὸν
1685 4773 1946 4843 ἀπῄτουν,

374 4857 580 4928 καίπερ
603 4859 758 4926 εἰδὼς
788 4860 923 4915 ὃτιά
952 4859 1126 4914 τελεῖν
1157 4859 1216 4912 οὐ
1242 4858 1342 4922 δεῖ,
1375 4859 1525 4927 ὅμως
1553 4854 1737 4926 ἐπειδὴ
1768 4857 1797 4908 6
1829 4872 1949 4909 και-

375 4941 471 5012 ρὸς
495 4942 708 4997 οὐδέπω
734 4940 930 5013 ἀπῄτει
952 4943 1012 4996 τὸ
1033 4940 1442 5010 ὲκκαλυφθῆναι
1466 4936 1630 4993 αὐτοῦ
1650 4938 1749 5009 τὴν
1770 4936 1945 5002 ἀξίαν,

371 5024 541 5093 λέγει·
576 5026 700 5080 Ἵνα
730 5025 799 5079 δὲ
825 5027 912 5095 μὴ
939 5024 1444 5092 σκανδαλίσωμεν
1465 5020 1707 5086 αὐτοὺς,
1739 5033 1950 5088 πορευ-

371 5109 501 5176 θεὶς
527 5109 690 5175 ,βάλε
724 5110 1048 5181 ἄγκιστρον
1081 5110 1169 5176 είς
1193 5108 1310 5177 τὴν
1334 5104 1674 5163 θάλασσαν.
1713 5102 1809 5157 καὶ
1842 5101 1951 5156 τὸν

438 5349 465 5377 ⁸
488 5347 584 5397 Hic
603 5348 824 5410 quaedam
843 5347 1053 5398 deerant
1072 5349 1124 5397 in
1142 5345 1315 5396 Morel.
1342 5349 1388 5394 el
1413 5343 1585 5403 Savil.,
1612 5353 1723 5404 qua:
1745 5351 1806 5389 ex
1832 5351 1944 5387 mae.

373 5411 749 5459 mslilulasunl.

436 5469 468 5508 δ
489 5470 642 5521 Savil.
666 5478 720 5520 el.
737 5471 819 5521 alii
842 5470 979 5526 οὗτος
997 5469 1122 5519 ἔστω
1143 5468 1362 5517 καθόλου.

439 5536 464 5564 ο
491 5532 575 5581 Sic
597 5532 746 5594 Sarvil.
773 5538 829 5581 et
849 5522 997 5594 Βεεξ,
1019 5532 1170 5581 edilio
1187 5536 1353 5580 autem
1372 5523 1563 5594 Morelii
1582 5525 1690 5574 τότε
1713 5526 1795 5594 ᾡςἶ
1808 5522 1946 5574 Colb.

375 5595 589 5649 τὸτέως.
627 5593 769 5643 Hunc
806 5586 1215 5643 Iocuﬁa'vitialum
1251 5604 1364 5639 esse
1408 5589 1683 5651 suspicatur
1714 5586 1947 5651 ΫᾼΙιοηιιε,

376 5663 433 5705 ει
483 5648 745 5705 resiituere
805 5662 1009 5704 conatur
1072 5655 1261 5702 Boisius
1311 5653 1361 5702 in
1400 5648 1529 5700 nolis
1593 5649 1798 5709 Savilh,
1859 5648 1949 5696 sed

375 5719 613 5767 existimo
635 5719 763 5765 bene
786 5715 969 5764 habere.
991 5720 1045 5763 ut
1064 5717 1212 5771 jacet.

438 5785 464 5818 α
486 5778 635 5830 Savil.
657 5783 712 5829 et
730 5778 816 5827 alii
842 5776 1012 5840 καίπερ
1038 5778 1181 5825 εἰπὼν
1204 5778 1295 5825 ὅτι.

1489 349 1853 411 EXPOSITIO
1892 348 1961 405 IN
2000 347 2332 408 PSALMUM
2371 352 2559 410 XLIX.

3510 353 3513 356 ⁴
3541 349 3653 411 256

2077 464 2379 520 ἀναϐάντα
2408 467 2582 535 ἰχθὺν
2607 460 2774 534 ἆρον,
2805 465 2899 520 καὶ
2924 465 2993 519 ἐν
3020 465 3180 532 αὐτῷ
3208 464 3485 534 εὑρήσεις
3508 486 3654 524 στα-

2075 546 2246 617 τῆρα·
2287 549 2502 604 τοῦτον
2527 550 2632 615 δὸς
2659 548 2863 615 αὐτοῖς
2886 548 3021 603 ἀντὶ
3056 549 3201 617 ἐμοῦ
3230 548 3325 602 καὶ
3353 551 3487 604 σοῦ.
3522 553 3652 607 Ὅτε

2077 630 2178 699 μὲν
2218 629 2327 702 γὰρ
2375 630 2536 702 νόμον
2588 629 2754 684 ἐτίθει
2794 630 2995 701 πολλῆς
3027 631 3264 702 γέμοντα
3311 631 3649 703 φιλοσοφίας,

2074 720 2167 773 καλ⁸
2188 721 2424 785 ἀνιάτως
2457 718 2598 793 εἶχον
2626 723 2845 785 ἐκεῖνοι,
2874 722 3097 787 εἰκότως
3119 722 3297 776 αὐτῶν
3324 723 3424 776 οὐκ
3458 725 3521 790 ὲφ
3532 726 3651 795 ρόν-

2071 818 2209 866 τισε,
2246 804 2341 857 καὶ
2381 804 2471 858 τὸν
2515 805 2678 876 νόμον
2720 804 2906 858 ἔλυσεν
2934 822 2949 836 ο
2985 806 3073 858 ὅτε
3118 805 3177 858 δὲ
3213 806 3422 860 οὐδέπω
3457 802 3558 860 οἷοί
3587 825 3646 861 τε

2069 881 2208 956 ἦσαν
2238 887 2329 941 τὸν
2350 888 2479 959 περὶ
2509 888 2607 957 τῆς
2634 887 2791 953 ἀξίας
2818 887 2981 941 αὐτοῦ
3007 887 3258 952 δέξασθαι
3290 889 3468 958 λόγον,
3497 891 3647 944 εἰκός-

2070 984 2178 1030 τως
2207 970 2626 1038 συγκαταϐαίνει
2650 972 2832 1034 πάλιν,
2858 972 2949 1025 καὶ
2976 972 3253 1036 συσκιάζει
3271 976 3337 1044 τῇ
3361 973 3454 1027 τοῦ
3479 974 3643 1044 φόρου

2068 1048 2212 1103 δόσει
2233 1052 2324 1104 τὸν
2352 1052 2481 1123 περὶ
2504 1053 2603 1122 τῆς
2631 1054 2881 1124 θεότητος
2912 1055 3077 1107 αὐτοῦ
3099 1054 3275 1123 λόγον.
3303 1055 3646 1125 Καθήμενος

2068 1136 2218 1189 κατά
2246 1136 2353 1190 τοῦ
2382 1136 2651 1205 ἀδελφοῦ
2695 1154 2811 1192 σου
2849 1138 3217 1204 κατελάιεις.
3268 1138 3405 1192 Ἀλλ’
3441 1140 3528 1194 ἵνα
3557 1140 3643 1193 δι·-

2067 1217 2416 1288 ορθώσωμαι,
2453 1218 2636 1289 φησίν.

2142 1300 2194 1354 ι’.
2239 1301 2448 1355 Οὐκοῦν
2473 1304 2537 1355 οὐ
2566 1301 2740 1372 λάθρα
2786 1301 3087 1358 διαϐάλλειν
3128 1304 3294 1375 ἐχρῆν
3323 1315 3368 1369 ο,
3399 1304 3535 1370 ἀλλ’,
3565 1305 3642 1368 ὡς

2067 1382 2350 1437 ἐκέλευσεν
2378 1386 2407 1436 6
2439 1384 2691 1456 Χριστὸς,
2728 1386 2845 1439 κατ’
2880 1385 3014 1440 ἰδίαν
3043 1385 3271 1440 λαϐόντα
3290 1386 3550 1457 διορθοῦν.
3572 1389 3639 1441 Δί

2066 1466 2173 1537 γὰρ
2212 1466 2446 1539 δημοσίᾳ
2502 1467 2782 1539 γινόμεναι
2812 1469 3188 1540 κατηγορίαι,
3235 1470 3495 1534 πολλάκις
3545 1473 3639 1524 καὶ

2066 1549 2580 1621 ἀναισχυντοτέρους
2609 1549 2841 1603 ποιοῦσυ
2876 1551 2970 1603 καὶ
2999 1552 3104 1615 ἕως
3147 1552 3244 1621 μὲν
3275 1552 3341 1605 ἂν
3379 1552 3559 1606 ἴδωσιν
3586 1555 3636 1606 οἱ

2073 1631 2250 1685 πολλοὶ⁵
2275 1633 2386 1685 τῶν
2408 1633 2848 1705 ἁμαρτανόντων,
2871 1634 2952 1687 ὄτί
2973 1634 3193 1687 δυνατὸν
3217 1635 3412 1697 αὐτοὺς
3436 1635 3637 1704 λαθεῖν,

2066 1715 2159 1767 καὶ
2190 1714 2500 1769 ἐπανελθεῖν
2541 1715 2741 1786 ῥαδίως
2776 1715 3075 1785 αἱροῦνται·
3108 1718 3235 1770 ὅταν
3273 1717 3329 1770 δὲ
3357 1717 3455 1788 τὴν
3487 1720 3637 1790 παρὰ

2064 1796 2174 1850 τῶν
2212 1797 2420 1851 πολλῶν
2464 1798 2768 1851 ἀπολέσωσι
2813 1798 2988 1864 δόξαν,
3028 1801 3107 1861 είς
3148 1800 3457 1867 ἀπόγνωσίν
3493 1819 3638 1867 τινες

2063 1879 2248 1934 λοιπὸν
2279 1880 2631 1951 ἐμπίπτουσι,
2667 1880 2763 1933 καὶ
2809 1882 2888 1943 εἰς
2929 1881 3308 1950 ἀναισχυντίαν
3343 1882 3638 1947 ἐξολισθαί-

2064 1978 2264 2016 νουσιν.
2313 1962 2452 2016 Ἀλλ’
2481 1962 2747 2033 ἠδικήθης
2784 1979 2837 2014 τι
2876 1963 3004 2032 παρ’
3026 1963 3211 2016 αὐτοῦ.
3245 1963 3309 2016 Τί
3332 1962 3509 2017 τοίνυν
3545 1966 3637 2020 καὶ

2066 2047 2258 2100 σαυτὸν
2289 2046 2529 2110 ἀδικεῖς;
2561 2046 2621 2098 '0
2656 2045 2763 2115 7&9
2792 2046 3144 2115 ἀμυνόμενος,
3187 2046 3308 2098 καθ’
3336 2045 3527 2100 ἑαυτοῦ
3577 2047 3637 2101 τὸ

2065 2128 2216 2197 ξίφος
2256 2128 2407 2182 ὠθεῖ.
2448 2129 2513 2182 El
2551 2128 2660 2199 γάρ
2694 2127 2870 2197 βούλει
2910 2128 3006 2181 καλ⁸
3028 2128 3222 2180 σαυτὸν
3256 2128 3636 2199 εὐεργετῆσαι,

2065 2210 2216 2282 [240]
2243 2211 2492 2264 κάκεῖνον
2514 2209 2845 2280 ἀμύνασθαι,
2868 2211 2989 2264 εἰπὲ
3009 2210 3186 2272 καλῶς
3205 2210 3297 2263 τὸν
3315 2211 3632 2282 ἠδικηκότα·

2061 2293 2203 2347 οὕτω
2246 2293 2473 2356 πολλοὺς
2496 2292 2658 2347 αὐτοῦ
2695 2293 2939 2364 ποιήσεις
2974 2294 3096 2346 ἀντὶ
3129 2292 3221 2345 σοῦ
3252 2293 3378 2356 τοὺς
3402 2294 3636 2365 κατηγό-

2066 2393 2210 2447 ρους,
2236 2376 2329 2429 καὶ
2357 2376 2518 2439 αὐτὸς
2545 2375 2710 2429 πολὺν
2734 2375 2880 2447 λήψῃ
2914 2374 3123 2446 μισθὸν,
3156 2376 3221 2429 ἂν
3253 2376 3311 2429 δὲ
3344 2378 3527 2441 κακῶς
3553 2377 3636 2430 λέ-

2061 2473 2184 2531 γῃς,
2233 2458 2352 2511 οὐδὲ
2411 2456 2768 2529 πιστευθήσῃ,
2816 2456 3014 2529 ἔχθρας
3059 2457 3290 2527 ὑποψίαν
3328 2459 3632 2530 δεχόμενος.

2065 2541 2226 2593 Ὥστε
2253 2542 2334 2603 είς
2357 2540 2661 2593 τούναντίον
2695 2556 2783 2597 σοι
2805 2540 3195 2610 περιτρέπεται
3230 2540 3299 2593 τά
3325 2542 3425 2612 τῆς
3464 2558 3631 2595 σπου-

2061 2622 2181 2693 δῆς.
2212 2624 2287 2677 Σὺ
2316 2624 2412 2694 μὲν
2441 2623 2549 2694 γὰρ
2583 2622 2791 2693 τρῶσαι
2819 2622 2983 2676 αὐτοῦ
3008 2622 3105 2694 τὴν
3137 2623 3292 2688 δόξαν
3324 2624 3519 2694 βούλει,
3548 2626 3634 2694 γί-

2060 2722 2208 2760 νεται
2229 2706 2286 2759 δὲ
2306 2704 2609 2759 τούναντίον
2629 2721 2643 2736 ·
2668 2704 2755 2759 διὰ
2777 2706 2885 2776 7&9
2901 2706 3194 2776 εὐφημίας,
3211 2708 3272 2760 οὐ
3291 2708 3378 2761 διὰ
3400 2726 3636 2780 κατηγο-

2064 2790 2186 2861 ρίας
2203 2789 2359 2842 τοῦτο
2384 2806 2447 2841 συ
2455 2788 2665 2860 μῦαίνει
2682 2804 2694 2817 ·
2714 2790 2851 2843 ἀλλά
2871 2791 3175 2844 τούναντίον
3203 2793 3348 2845 ἆπαν
3364 2809 3379 2823 ο
3397 2793 3491 2846 καὶ
3513 2811 3635 2846 σαυ-

2060 2872 2152 2924 τὸν
2183 2871 2280 2943 μὲν
2306 2870 2566 2942 μειζόνως
2587 2871 2990 2941 καταισχύνεις,
3012 2872 3218 2925 ἐκείνου
3240 2872 3297 2925 δὲ
3318 2872 3414 2943 οὐχ
3439 2874 3635 2943 ἅψεται

2063 2973 2157 3008 σου
2206 2955 2275 3008 τά
2343 2954 2493 3025 βέλη.
2539 2953 2600 3007 ἸΙ
2645 2952 2752 3022 γάρ
2807 2954 2975 3025 ἔχθρα
3032 2956 3472 3027 προσαπαντῶσα
3513 2961 3635 3021 ταῖς

2059 3037 2168 3091 τῶν
2196 3037 2504 3091 ἀκουόντων
2530 3035 2807 3102 διανοίαις,
2835 3037 2936 3090 οὐκ
2958 3037 3182 3107 ἀφίησιν
3205 3038 3385 3091 αὐτῶν
3412 3040 3631 3110 ἐντεθῆ-

2060 3137 2149 3174 ναι
2171 3124 2291 3184 ταῖς
2314 3121 2500 3183 ἀκοαῖς
2534 3117 2602 3172 τὰ
2640 3118 2926 3188 λεγόμενα,
2958 3120 3052 3173 καὶ
3076 3119 3268 3174 ταύτὸν
3290 3121 3499 3189 γίνεται
3522 3120 3634 3178 οἷον

2060 3204 2154 3256 ἐπὶ
2184 3204 2291 3257 τῶν
2317 3201 2715 3273 παραγραφιῖΝ.
2750 3200 2917 3256 Ὅταν
2945 3201 3054 3273 γὰρ
3085 3203 3411 3273 ἀντικρούσῃ
3445 3222 3528 3269 τις
3553 3207 3633 3270 είς
3700 3226 3703 3229 ·

2058 3285 2426 3358 δικαστήριον,
2461 3285 2520 3338 τὸ
2542 3285 2652 3337 πᾶν
2677 3283 2953 3338 διαλύεται
2977 3285 3131 3348 τέως
3163 3285 3305 3340 οὕτω
3337 3287 3400 3357 δὴ
3433 3291 3524 3341 καὶ
3552 3291 3633 3342 ὲν-

2058 3369 2231 3423 ταῦθα
2254 3370 2353 3422 οὐκ
2383 3367 2604 3436 ἀφίησιν
2653 3368 3019 3438 είσαγώγιμον
3054 3367 3305 3435 γενέσθαι
3341 3369 3439 3440 τὴν
3476 3369 3631 3441 δίκην

2059 3454 2093 3523 ἡ
2127 3452 2226 3522 τῆς
2248 3451 2447 3523 ἔχθρας
2475 3453 2716 3507 ὑπόνοια.
2741 3452 2832 3522 Μὴ
2856 3452 3034 3503 τοίνυν
3056 3450 3181 3519 λέγε
3208 3451 3411 3516 κακῶς,
3441 3452 3527 3506 ἵνα
3556 3454 3631 3525 μὴ

2059 3536 2154 3589 καὶ
2177 3535 2372 3588 σαυτὸν
2400 3535 2654 3611 μολύνῃς,
2685 3534 2817 3606 μηδὲ
2854 3534 3111 3606 βόρϐορον
3132 3533 3323 3603 ὕφαινε
3358 3535 3496 3606 μετά
3520 3555 3629 3607 πη-

2058 3617 2277 3671 λοῦκαὶ
2296 3618 2606 3689 πλινθείας,
2627 3617 2763 3671 ἀλλά
2783 3617 3082 3686 στεφάνους
3115 3617 3224 3671 ἀπὸ
3247 3618 3415 3688 ῥόδων
3441 3618 3627 3679 πλέκε,

2058 3701 2154 3753 καὶ
2193 3701 2309 3765 των,
2345 3699 2595 3755 καὶτῶν
2635 3699 2836 3754 λοιπῶν
2874 3699 3096 3753 ἀνθέων·
3132 3699 3266 3770 μηδὲ
3304 3700 3506 3770 κόπρον
3537 3701 3630 3756 ἐπὶ

2057 3781 2152 3837 τοῦ
2189 3786 2453 3854 στόματος
2479 3785 2631 3855 φέρε,
2673 3782 2922 3853 καθάπερ
2950 3785 2999 3835 οἱ
3034 3783 3292 3853 κάνθαροι
3322 3783 3502 3851 (τοῦτο
3521 3785 3630 3860 γὰρ

2057 3867 2108 3919 οἱ
2144 3866 2577 3937 κακηγορούντες
2606 3864 2663 3904 τ’
2690 3865 2844 3919 αὐτοὶ
2878 3864 2980 3935 τῆς
3008 3864 3269 3928 δυσωδίας
3301 3866 3629 3921 ἀπολαύουσι

2058 3948 2307 4020 πρῶτοι),
2331 3947 2443 4000 ἀλλ’
2469 3948 2626 4015 ἄνθη,
2656 3946 2906 4017 καθάπερ
2935 3948 2992 3999 αἱ
3015 3946 3276 4015 μέλιτται,
3312 3949 3407 4000 καὶ
3438 3949 3629 4017 ὕφαινε

2058 4030 2225 4102 κηρία
2267 4030 2387 4084 κατ’
2416 4029 2649 4092 ὲκείνας,
2682 4029 2777 4083 καὶ
2813 4028 2964 4097 γίνου
3008 4030 3144 4081 πᾶσι
3190 4032 3489 4101 προσηνής.
3524 4031 3629 4086 Τὸν

2060 4113 2161 4183 μὲν
2184 4110 2304 4184 7&9
2338 4112 2648 4181 κακήγορον
2679 4111 2914 4172 ἀπαντες
2947 4110 3399 4180 ἀποστρέφονται,
3430 4113 3507 4173 ὡς
3532 4131 3627 4167 σα-

2059 4195 2196 4268 πρὸν
2225 4195 2436 4260 ὄζοντα,
2464 4194 2714 4266 καθάπερ
2735 4199 2856 4247 τινα
2895 4192 3111 4262 βδέλλαν
3143 4194 3354 4263 αἵματι,
3389 4195 3480 4247 καὶ
3508 4194 3632 4248 κάν-

2058 4276 2222 4350 θαρον
2254 4278 2444 4349 κόπρῳ
2472 4275 2804 4348 τρεφόμενον
2831 4276 2943 4337 τοῖς
2974 4274 3174 4344 ἑτέρων
3213 4277 3427 4338 κακοῖς·
3456 4274 3547 4330 τὸν
3572 4277 3629 4331 δὲ

2057 4359 2300 4431 εὔφημον
2330 4359 2523 4430 ἔχοντα
2552 4358 2744 4429 στόμα,
2781 4358 2856 4420 ὡς
2888 4355 3063 4410 κοινὸν
3090 4356 3401 4427 προσίενται
3445 4358 3625 4427 μέλος,

2056 4444 2131 4507 ὡς
2173 4443 2398 4513 ἀδελφὺν
2428 4442 2669 4512 γνήσιον,
2709 4439 2784 4504 ὡς
2825 4439 3012 4503 παῖδα,
3050 4438 3125 4502 ὡς
3153 4438 3382 4510 πατέρα.
3428 4441 3538 4493 Καὶ
3573 4441 3628 4494 τί

2055 4525 2198 4594 λέγω
2223 4524 2293 4578 τά
2313 4524 2556 4596 παρόντα
2581 4524 2677 4578 καὶ
2705 4524 2804 4587 τάς
2832 4522 2941 4576 τῶν
2958 4520 3260 4592 ἀνθρώπων
3290 4521 3479 4590 δόξαςς
3515 4524 3629 4579 Ἐν-

2055 4609 2246 4680 νόησόν
2287 4625 2376 4677 μοι
2414 4608 2513 4679 τὴν
2550 4607 2786 4679 φοϐερὰν
2825 4606 3041 4676 ἐκείνην
3079 4605 3314 4676 ἡμέραν,
3342 4605 3403 4659 τὸ
3434 4608 3630 4679 κριτή-

2060 4708 2172 4764 ριον
2194 4691 2256 4744 τὸ
2278 4690 2592 4754 ἀδέκαστον,
2616 4691 2719 4754 ὄτι,
2753 4689 2820 4744 ἂν
2847 4689 2946 4759 μὲν
2968 4687 3136 4758 ψευδῆ
3162 4687 3348 4761 λέγῃς,
3386 4690 3628 4762 προσθή-

2056 4792 2158 4847 κην
2197 4774 2606 4846 ἁμαρτημάτων
2635 4772 2905 4844 περιττῶν
2948 4771 3294 4843 προσθήσεις.
3327 4772 3490 4843 Λέγω
3517 4773 3629 4844 γὰρ

2054 4859 2219 4929 ὑμῖν,
2266 4859 2353 4914 ὅτι
2399 4859 2523 4914 πᾶν
2548 4856 2736 4926 ἀργὸν
2759 4855 2946 4925 ῥῆμα,
2975 4855 3009 4910 6
3034 4853 3143 4909 ἐὰν
3183 4854 3543 4921 λαλήσωσιν
3572 4860 3629 4910 οἱ

2055 4944 2370 5011 ἄνθρωποι,
2408 4941 2713 4997 δώσουσιν
2743 4940 2898 5010 ὑπὲρ
2937 4939 3123 4994 αὐτοῦ
3157 4940 3343 5007 λόγον
3387 4937 3465 5002 τῷ
3505 4940 3629 5004 Θεῷ

2053 5026 2123 5079 ἐν
2157 5026 2349 5096 ἡμέρᾳ
2394 5027 2664 5094 κρίσεως.
2695 5024 2812 5078 Κᾶν
2842 5023 3036 5094 ἀληθῆ,
3067 5021 3250 5091 φησὶν,
3284 5015 3339 5091 ᾖ,
3373 5019 3494 5072 οὐδὲ
3536 5019 3628 5073 οὖ-

2053 5125 2163 5172 τως
2187 5109 2549 5181 ἀπαλλαγήσῃ
2581 5104 2994 5176 καταγνώσεως,
3027 5101 3389 5173 ὲκπομπεύων
3415 5101 3515 5165 τὰς
3531 5103 3626 5157 τοῦ

2055 5191 2282 5262 πλησίον
2298 5192 2598 5263 κσυμφοράς
2635 5190 2728 5244 καὶ
2750 5187 2819 5241 τὰ
2837 5186 3032 5257 ὀνείδη.
3071 5185 3354 5254 Ἐννόησον
3383 5184 3512 5252 γοῦν
3534 5185 3627 5263 τὸν

2053 5275 2362 5344 Φαρισαῖον.
2415 5275 2528 5327 Οὐκ
2565 5266 2634 5343 ἦν
2670 5269 2923 5339 τελώνης,
2961 5266 3097 5320 ἀλλά
3130 5265 3358 5319 τελώνου
3408 5267 3629 5335 γέγονεν

2056 5356 2522 5430 ἀμαρτωλότερος,
2544 5352 2729 5423 ἐπειδὴ
2751 5351 2842 5405 τὸν
2864 5349 3101 5419 τελώνην
3128 5349 3400 5402 ἐκάκισεν.
3425 5351 3538 5403 Οὐκ
3558 5344 3630 5421 ἦν
3740 5366 3749 5377 ·

2123 5578 2266 5641 um
2297 5574 2447 5641 λάινα
2464 5570 2880 5641 χογγύξεινέγρῆν·
2969 5627 3069 5641 -.
3174 5630 3205 5641 ..
3545 5623 3575 5639 -

2123 5640 2144 5679 t
2170 5627 2264 5689 Alii
2289 5639 2341 5685 οἳ
2365 5627 2515 5683 ςονὶἶ.
2536 5627 2920 5694 κἀτηγοροῦντες.
2969 5627 3069 5678 Sed
3092 5630 3268 5678 melius
3303 5627 3631 5740 κακηγοςῶ

2123 5721 2131 5730 -
2184 5700 2304 5740 Infra
2326 5709 2415 5740 oro
2437 5698 2500 5740 ὡς
2516 5694 2714 5740 σαπρόν.
2740 5700 2794 5740 ιιι
2812 5691 2996 5740 habent
3036 5703 3149 5740 mss.
3176 5696 3334 5740 recte.
3361 5688 3480 5740 edil.
3552 5702 3626 5739 οε.

2055 5721 2149 5759 τες.
2171 5688 2304 5749 ίΙηίι-ιι
2326 5709 2415 5758 pro
2437 5698 2500 5759 ᾡς
2516 5688 2794 5759 σαπρόν,ἰιῑ
2812 5691 2996 5742 habent
3036 5703 3149 5741 mss.
3176 5696 3334 5753 recte,
3361 5688 3626 5743 ediljlor.

2056 5756 2173 5812 ὡσεὶ
2195 5756 2425 5825 βορϐόρου
2448 5756 2699 5810 ἀπόζοντα.
