4114 6278
485 377 592 434 257

485 494 775 563 Φαρισαῖος
804 493 833 543 ὁ
860 492 1115 556 τελώνης,
1138 494 1274 555 ἀλλά
1307 492 1399 546 τοῦ
1431 490 1723 563 Φαρισαίου
1759 488 1945 558 γέγονε
1975 485 2053 538 δι·-

486 576 787 646 καιότερος,
834 577 1018 645 ἐπειδὴ
1058 577 1245 629 ἑαυτὸν
1287 574 1585 629 ἐταλάνισε.
1630 573 1822 625 Ταῦτα
1861 569 2062 636 ἐποίη-

482 674 621 724 σας,
657 658 757 712 καί.
792 659 1069 729 ὲσίγησα.
1115 659 1444 723 ’Υπέλαϐες
1477 658 1751 727 ἀνομίαν,
1792 655 1880 708 ὅτι
1923 653 2061 706 ἔσο-

482 742 589 811 μαί
616 757 714 796 σοι
742 740 960 810 ὅμοιος.
991 742 1241 812 Ἐλέγξω
1260 758 1354 804 σε,
1380 741 1479 795 καὶ
1513 739 1883 810 παραστήσω
1910 735 2062 791 κατὰ

482 825 803 890 πρόσωπόν
848 840 967 878 σου
1004 824 1109 891 τὰς
1139 825 1429 895 ἁμαρτίας
1459 841 1592 878 σου.

557 966 645 1012 ια’.
670 955 825 1023 Εἶδες
852 959 1259 1030 φιλανθρωπίαν
1280 960 1519 1028 άφατον;
1551 954 1686 1021 είδες
1723 956 2056 1026 ἁγαθότητος

478 1040 817 1112 ὑπερϐολήν;
846 1038 983 1104 εἶδες
1019 1043 1395 1114 μακροθυμίας
1422 1040 1654 1093 πλοῦτον
1682 1041 1937 1110 ἄπειρον;
1969 1039 2057 1091 Σι-

480 1125 586 1194 γὴν
628 1124 738 1195 γάρ
779 1123 1010 1178 ἐνταῦθα
1052 1123 1149 1195 τὴν
1186 1124 1563 1197 μακροθυμίαν
1601 1122 1767 1191 λέγει.
1806 1121 2056 1176 Τοσαῦτα

480 1203 804 1277 ἐτόλμησας,
835 1206 988 1275 φησὶ,
1026 1207 1119 1259 καὶ
1150 1208 1252 1260 ούκ
1281 1205 1549 1278 ἐπεξῄειν,
1586 1206 1698 1260 ἀλλ’
1733 1204 2051 1273 ἠνειχόμην,

481 1290 576 1342 καὶ
606 1289 821 1358 ἕφεροι,
845 1289 1027 1361 χώραν
1054 1307 1135 1343 σοι
1159 1291 1333 1354 διδοὺς
1360 1292 1439 1354 είς
1471 1290 1775 1360 μετάνοιαν.
1801 1288 1874 1341 Σὺ
1902 1288 1958 1341 δέ
1991 1288 2052 1340 ού

482 1372 643 1440 μόνον
669 1371 818 1425 οὐδὲν
848 1372 1139 1443 ἐκέρδανας
1179 1372 1445 1435 ἐντεῦθεν,
1482 1372 1618 1425 ἀλλὰ
1642 1371 1736 1425 καὶ
1772 1370 1904 1442 πρὸς
1939 1368 2053 1439 μείο

479 1457 609 1520 ζονα
633 1454 922 1520 ἐξώκειλας
941 1456 1138 1510 κακίαν
1161 1468 1209 1511 ι.
1243 1458 1317 1511 Οὐ
1337 1456 1447 1527 γὰρ
1468 1456 1532 1525 δὴ
1562 1456 1721 1524 μόνον
1742 1455 1804 1506 ού
1828 1453 2057 1524 μετεϐά-

479 1537 593 1600 λου,
628 1539 747 1591 οὐδὲ
780 1538 938 1607 μόνον
972 1539 1031 1592 ού
1066 1539 1460 1612 κατῃσχύνθης,
1494 1538 1615 1591 οὐδὲ
1644 1537 1920 1605 κατέγνως
1963 1536 2055 1589 ἐπὶ

476 1624 592 1682 τοῖς
614 1618 762 1691 [ΞΗ]
786 1621 1168 1692 γεγενημένοις
1195 1622 1410 1674 σαυτοῦ·
1439 1621 1553 1675 ἀλλ’
1578 1621 1676 1691 ήδη
1704 1620 1798 1673 καὶ
1836 1620 1934 1688 ἐμὲ
1964 1618 2054 1672 τὸν

480 1704 978 1776 μακροθυμήσαντά
999 1722 1102 1767 σοι,
1118 1706 1209 1757 τὸν
1223 1706 1606 1775 ἀνασχόμενον,
1622 1704 1714 1757 τὸν
1732 1706 2051 1773 σιγήσαντα,

476 1787 569 1839 τὸν
599 1786 834 1839 τοσαῦτα
862 1787 1171 1855 ἐνεγκόντα,
1203 1789 1458 1856 ἐνόμισας
1480 1788 1544 1839 ού
1566 1786 1652 1840 διὰ
1677 1785 2053 1856 μακροθυμίαν

477 1870 574 1922 καὶ
607 1869 1012 1939 φιλανθρωπίαν
1046 1869 1254 1938 φέρειν,
1295 1869 1429 1922 ἀλλὰ
1461 1868 1551 1922 διὰ
1586 1868 1646 1920 τὸ
1675 1868 1749 1938 μὴ
1773 1867 2052 1936 βούλεσθαι

478 1950 651 2005 ταῦτα
680 1950 1052 2021 σωφρονίζειν,
1081 1951 1214 2020 μηδέ
1244 1951 1569 2018 ἀγανακτεῖν
1590 1950 1683 2003 ἐπὶ
1705 1952 1818 2011 τοῖς
1836 1948 2055 2017 γινομέ-

476 2051 608 2096 νοις.
660 2036 882 2088 Σύνετε
920 2033 997 2101 δὴ
1035 2033 1241 2095 ταῦτα,
1286 2038 1340 2088 οἱ
1373 2034 1904 2101 ἐπιλανθανόμενοι
1945 2031 2050 2085 τοῦ

477 2116 648 2170 Θεοῦ.
689 2118 851 2181 Ποίας
891 2116 970 2169 Τὰ
1007 2117 1289 2187 εἰρημένα,
1326 2116 1479 2187 φησί.
1525 2116 1589 2168 Τί
1622 2116 1757 2176 ἐστι,
1798 2115 2050 2175 Σύνετεξ

476 2197 723 2270 Νοήσατε
745 2240 758 2253 .
788 2198 853 2250 Τί
881 2200 990 2269 γάρ
1019 2198 1472 2268 συνεσκιασμένον
1495 2198 1740 2268 είρηται;
1768 2197 1820 2249 τί
1846 2195 1903 2248 δὲ
1924 2195 2051 2247 πολ-

474 2280 576 2351 λῆς
625 2281 825 2354 χρῇζον
855 2281 1113 2352 ἐρεύνης;
1142 2282 1390 2336 Μάλιστα
1440 2281 1536 2351 μὲν
1575 2280 1667 2332 καὶ
1696 2279 1857 2341 αὐτὸς
1891 2280 1921 2332 ό
1951 2278 2051 2346 τῆς

473 2359 819 2422 διδασκαλίας
856 2359 1055 2429 τρόπος
1088 2359 1491 2430 ἐνηλλαγμένην
1530 2358 1855 2429 παρεισάγει
1901 2355 2050 2409 πολι⁵

473 2444 643 2497 τείαν.
667 2442 777 2496 Καὶ
797 2442 903 2512 γὰρ
923 2442 1028 2495 τῶν
1049 2441 1247 2495 θυσιῶν
1262 2443 1323 2494 ού
1352 2441 1513 2496 πολὺν
1532 2442 1852 2511 ποιούμενος
1871 2439 2047 2507 λόγον,

473 2527 573 2595 τὴν
600 2520 959 2595 εὐαγγελικὴν
987 2527 1193 2592 είσάγει
1218 2524 1557 2594 νομοθεσίαν·
1580 2523 1753 2586 άλλως
1776 2522 1834 2576 δὲ
1862 2522 2046 2593 ἐπειδὴ

475 2606 657 2678 πολλῷ
683 2606 761 2677 τῷ
792 2606 1008 2678 φορυτῷ
1044 2605 1152 2658 τῶν
1177 2606 1586 2678 ἁμαρτημάτων
1626 2602 1767 2676 ἦσαν
1800 2621 2047 2674 καταχωο

478 2690 716 2753 σθέντες,
754 2689 1002 2759 καθάπερ
1041 2689 1150 2743 άπὸ
1191 2689 1475 2760 τελμάτων
1517 2688 1680 2743 τινῶν
1715 2688 1813 2757 τῆς
1853 2689 2049 2750 κακίας

474 2773 784 2827 ἀνασπάσαι
828 2770 1166 2841 βουλόμενος,
1220 2773 1315 2826 καὶ
1365 2771 1555 2843 ὥσπερ
1602 2771 1713 2824 τῶν
1754 2769 2048 2839 ὀφθαλμῶν

473 2855 654 2926 λήμην
698 2854 1044 2925 άποκαθᾶραι
1100 2854 1198 2925 τὴν
1243 2854 1614 2926 προλαϐοῦσαν
1657 2848 1758 2921 τῆς
1808 2854 2050 2923 πονηρᾶς

475 2937 762 3007 συνηθείας
799 2936 938 2998 ὁδὸν,
965 2936 1221 3007 διεγείρει
1248 2939 1328 2999 εἰς
1360 2938 1579 3007 μνήμην
1613 2935 1786 2989 ἐλθεῖν
1818 2935 1925 2986 τῶν
1952 2950 2049 3001 γε-

472 3018 808 3089 γενημένων,
846 3018 934 3071 ἴνα
971 3019 1043 3088 μὴ
1070 3019 1210 3091 λήθῃ
1237 3019 1568 3090 παραδόντες
1602 3018 1764 3081 αὐτὰ,
1799 3017 2048 3087 ἀκερδεῖς

472 3103 925 3172 άναχωρήσωσιν.
960 3100 1168 3171 Πολλὴν
1200 3100 1309 3172 γὰρ
1352 3103 1385 3171 ή
1420 3103 1481 3154 ἐν
1512 3102 1870 3171 ἁμαρτήμασι
1919 3116 2046 3152 συνο

471 3185 632 3256 ήθεια
676 3184 929 3257 πώρωσιν
962 3184 1062 3254 τῆς
1099 3184 1279 3253 ψυχῆς
1311 3184 1622 3255 ἐργάζεται,
1658 3184 1753 3237 καὶ
1788 3184 2048 3254 ἀνοήτους

474 3269 635 3329 ποιεῖ,
665 3268 759 3319 καὶ
795 3266 986 3336 τυφλοῖ
1024 3267 1086 3319 τὸ
1118 3265 1402 3338 ὀξυδερκὲς
1448 3267 1546 3336 τῆς
1588 3265 1825 3330 διανοίας
1870 3266 2043 3336 ὄμμα.

474 3347 720 3412 Μήποτε
746 3348 1011 3416 ἁρπάσῃ,
1041 3350 1138 3404 καὶ
1165 3352 1238 3403 οὐ
1264 3348 1350 3418 μὴ
1378 3344 1419 3419 ἦ
1455 3352 1488 3403 ό
1507 3349 1828 3417 ῥυόμενος.
1863 3349 1926 3402 Ὢ
1959 3365 2047 3416 φι-

470 3429 820 3500 λανθρωπίας
834 3432 1071 3499 άφάτουί
1096 3432 1318 3501 Μητρὸς
1338 3430 1689 3502 φιλοστόργου
1708 3431 1777 3484 τά
1805 3433 2042 3503 ῥήματα,

476 3511 675 3582 μᾶλλον
709 3513 768 3564 δὲ
808 3513 1049 3583 ἀπείρως
1086 3514 1186 3581 τὴν
1220 3513 1605 3583 φιλοστοργίαν
1636 3513 1854 3583 ἐκείνην
1883 3511 2045 3565 νικώ-

473 3612 573 3663 σης
604 3593 957 3663 ἀγαθότητος.
994 3594 1056 3649 Ὀ
1093 3595 1203 3667 γὰρ
1226 3596 1495 3667 τοσαύτην
1526 3598 1778 3667 ἐμφήνας
1808 3611 2044 3663 κατηγο-

474 3677 617 3747 ρίαν,
658 3680 686 3731 ὁ
714 3676 980 3747 τοσαύτην
1002 3678 1030 3717 ι’
1059 3678 1229 3749 ὀργὴν
1269 3679 1676 3749 ἐπιδειξάμενος
1704 3678 2041 3749 προασφαλί-

469 3758 641 3824 ζεται.
692 3758 755 3815 Ὀ
817 3759 1006 3826 είπὼν,
1067 3762 1320 3831 Ἐλέγξω
1377 3777 1472 3826 σε,
1537 3763 1633 3816 καὶ
1673 3761 2043 3830 παραστήσω

469 3846 623 3899 κατὰ
653 3846 978 3913 πρόσωπόν
1014 3860 1131 3900 σου
1167 3847 1275 3913 τὰς
1304 3848 1591 3916 ἁμαρτίας
1625 3863 1763 3911 σου,
1791 3846 1887 3900 καὶ
1908 3846 2043 3900 ἀπό-

469 3943 634 3996 φασιν
672 3926 920 3980 ἐκϐαλὼν
963 3929 1454 3994 καταδικάζουσαν,
1501 3928 1724 3983 ἀναλύει
1762 3929 1861 4000 τὴν
1912 3928 2043 3983 ἀπό-

469 4027 635 4077 φασιν
665 4010 848 4073 πάλιν,
891 4012 989 4080 οὺχ
1022 4012 1099 4075 ὡς
1132 4012 1460 4077 καταδίκους
1505 4015 1571 4084 τῇ
1603 4012 1842 4084 τιμωρίᾳ
1866 4029 2043 4082 παρα-

466 4091 660 4157 διδοὺς,
684 4094 797 4146 ἀλλ’
818 4093 894 4156 ὼς
915 4095 1227 4163 ὀφείλοντας
1251 4095 1617 4167 διορθωθῆναι
1631 4098 1697 4166 τῇ
1717 4097 2039 4166 παραινέσει

465 4177 562 4228 καὶ
580 4179 645 4247 τῇ
671 4176 947 4248 συμϐουλῇ
990 4178 1333 4250 ἐγχειρίζων,
1364 4178 1440 4249 τῷ
1475 4180 1627 4250 φόϐῳ
1668 4177 2035 4249 σωφρονίζων,

466 4259 559 4310 καὶ
590 4259 784 4328 λέγων,
833 4260 1077 4327 Μήποτε
1099 4261 1341 4330 ἁρπάσῃ
1370 4262 1451 4328 ὡς
1478 4262 1633 4316 λέων
1649 4273 1698 4327 ε,
1727 4262 1825 4316 καί
1854 4264 1927 4315 οὐ
1948 4260 2036 4329 μὴ

463 4337 504 4412 ᾗ
531 4347 563 4395 ό
593 4345 904 4411 ῥυόμενος.
952 4346 1142 4400 Οὑσία
1189 4345 1476 4412 αἰνέσεως
1509 4345 1755 4410 δοξάσει
1794 4361 1890 4413 με.
1939 4344 2040 4398 καὶ

462 4424 588 4477 ἐκεῖ
615 4425 773 4491 ὁδὸς,
805 4427 885 4492 ἦν
903 4426 1079 4492 δείξω
1107 4428 1285 4499 αὐτῷ,
1321 4430 1387 4481 τὸ
1410 4430 1709 4497 σωτήριον
1735 4429 1841 4482 τοῦ
1865 4426 2029 4482 Θεοῦ.

462 4506 653 4572 Δείξας
674 4509 736 4561 τὸ
768 4510 1167 4580 φιλάνθρωπον,
1204 4512 1561 4581 παραινέσας,
1603 4509 2034 4582 συμϐουλεύσας,

462 4588 788 4660 ἀπειλήσας,
819 4592 1086 4662 φοϐήσας,
1112 4595 1411 4665 ἐπιστήσας
1433 4596 1533 4665 τὴν
1552 4595 1823 4666 τιμωρίαν
1863 4595 2036 4663 ἄκρα-

461 4688 575 4740 τρν,
608 4672 704 4725 καὶ
744 4672 1054 4744 συμϐουλὴν
1097 4676 1442 4745 εἰσενεγκὼν,
1482 4678 1627 4747 λέγει
1657 4679 1753 4731 καὶ
1788 4677 1881 4730 τὸν
1911 4677 2035 4748 τρό-

462 4770 587 4816 πον,
624 4754 693 4807 δι’
734 4748 796 4808 οὗ
832 4756 1057 4810 δυνατὸν
1105 4756 1503 4830 διορθώσασθαι
1556 4760 1625 4813 τά
1669 4761 2031 4831 γεγενημένα,

461 4837 632 4891 είπών
650 4853 664 4867 ⁸
708 4839 900 4893 Θυσία
945 4839 1230 4906 αίνέσεως·
1277 4842 1523 4907 δοξάσει
1562 4841 1737 4912 με.’0
1779 4843 1836 4897 δὲ
1886 4843 2032 4910 λέγει

458 4919 620 4978 τοῦτό
650 4922 818 4976 ἐστιν·
856 4923 930 4976 Ού
963 4923 1123 4994 μόνον
1163 4927 1360 4979 παύσει
1404 4942 1505 4995 μου
1545 4928 1645 4994 τὴν
1687 4925 1876 4997 ὀργὴν,
1911 4926 2031 4979 οὐδὲ

460 5003 613 5057 λύσει
660 5006 764 5076 τὴν
813 5006 1132 5077 καταδίκην,
1174 5009 1308 5062 ἀλλὰ
1344 5011 1440 5062 καὶ
1481 5009 1694 5074 δοξάσει
1744 5025 1834 5078 με.
1886 5008 2032 5079 Ὅρα

455 5086 553 5140 τοῦ
588 5088 1012 5160 κατορθώματος
1033 5090 1095 5142 τὸ
1117 5090 1366 5159 μέγεθος,
1396 5092 1524 5145 ὅταν
1548 5094 1578 5146 ό
1609 5092 1741 5154 θεὸς
1769 5091 1836 5144 δι’
1867 5091 2030 5144 αὑτὸν

455 5170 761 5244 δοξάζηται.
789 5173 898 5228 Καὶ
932 5172 1062 5227 ἐκεῖ
1094 5173 1252 5241 ὁδὸς,
1290 5173 1367 5243 ἣν
1385 5174 1563 5240 δείξω
1597 5174 1776 5240 αὐτῷ,
1816 5174 1883 5227 τὸ
1914 5189 2033 5228 σω-

454 5255 662 5322 τήριον
687 5256 795 5311 τοῦ
823 5258 992 5313 Θεοῦ.
1031 5254 1183 5323 Εἶδες
1224 5258 1411 5329 μισθὸν
1446 5260 1684 5328 άφατον;
1718 5254 1856 5323 εἶδες
1906 5258 2029 5327 φιλ-

455 5340 769 5411 ανθρωπίας
829 5342 1173 5415 ύπερϐολήνς
1232 5344 1343 5414 Τὴν
1403 5343 1497 5398 τοῦ
1556 5344 1691 5398 Θεοῦ
1752 5346 1861 5413 γὰρ
1913 5345 2030 5399 ὁδὸν

419 5521 432 5555 i
516 5532 544 5590 ο
571 5521 706 5590 gnos
730 5524 975 5590 ἐξώκειλας
1002 5529 1197 5590 βλάϐην-

516 5584 547 5623 ὶι
568 5583 700 5644 Hac,
956 5583 1259 5654 κατηγορίαν,
1276 5592 1302 5639 ό
1323 5590 1578 5648 τοσαύτην,
1606 5590 1951 5663 desjderantur
1976 5594 2026 5641 in

516 5646 577 5693 In.
605 5645 739 5694 “ore
765 5685 777 5694 .
803 5648 902 5694 Sed
930 5651 979 5694 in
1003 5652 1109 5694 allis
1130 5653 1498 5694 exemnlallhns
1520 5659 1573 5694 et
1596 5650 1745 5694 Savnl-
1772 5654 2006 5694 leanmnr

454 5645 777 5720 φθίμηὶίοζεί.
930 5651 979 5697 in
1003 5645 1109 5720 οιιίῥ
1130 5645 1498 5720 éxeg'npl‘atibus
1520 5645 1575 5700 ει
1596 5650 1745 5702 Savil.
1772 5654 2025 5720 leguntur,

454 5713 559 5774 et}
571 5706 1213 5774 ροοηιίεηο-Ηετνειοιεειλ
1238 5706 1505 5774 ιέιὶιιειιυε
1525 5725 1758 5763 conversa
1779 5706 1910 5763 su'nl.

517 5766 544 5797 ⁸
568 5766 717 5817 Savil.
744 5768 928 5818 οωὶιιίι
946 5772 1010 5827 ὡς
1030 5772 1167 5832 λέων,
1191 5774 1278 5822 sed
1300 5766 1448 5822 habei
1471 5773 1592 5837 Reg.

1167 377 1231 433 S.
1271 375 1555 432 JOANNIS
1591 365 2082 431 CHRYSOSTOMI
2123 363 2440 423 ARCHIEP.
2484 368 3027 425 CONSTANTINOP.

3630 362 3735 423 258

2164 479 2359 544 δείξειν
2411 483 2825 551 ἐπαγγέλλεται,
2871 483 2967 536 καὶ
3007 482 3070 535 τὸ
3112 480 3280 543 ὅντως
3332 481 3596 551 σωτήριον
3639 481 3736 535 τοῦ

2162 562 2299 615 Θεοῦ
2330 567 2441 628 τοῖς
2467 565 2818 638 κατορθοῦσι.
2856 562 3183 634 Πειθώμεθα
3216 563 3398 616 τοίνυν
3444 562 3523 632 τῷ
3575 563 3738 632 ἐπαγ.

2160 646 2498 720 γελλομένῳ,
2554 652 2649 702 καὶ
2706 648 2795 702 διὰ
2850 648 2966 718 βίου
3029 645 3189 718 ὀρθοῦ
3250 646 3347 700 καὶ
3412 643 3603 709 θυσίας
3654 649 3739 702 αί-

2161 732 2360 793 νέσεως
2382 733 2572 785 τοῦτον
2600 731 2931 802 δοξάζωμεν.
2957 730 3103 800 Ᾱῦτη
3131 729 3239 802 γάρ
3257 731 3291 800 ή
3313 729 3429 793 ὁδὸς
3450 731 3542 783 ἐπὶ
3571 748 3735 802 σωτη-

2161 815 2285 885 ρίαν
2325 816 2503 887 φέρει,
2532 817 2620 869 διὰ
2654 816 2754 887 τῆς
2788 815 2977 882 θυσίας
3004 814 3209 885 ταύτης
3229 831 3243 845 ⁸
3266 811 3335 888 ἦς
3362 815 3572 884 γένοιτο
3601 818 3733 870 πάν-

2157 921 2258 968 τας
2301 906 2449 975 ἡμᾶς
2493 908 2793 976 ἐπιτυχεῖν,
2838 906 3020 978 χάριτι
3064 906 3159 959 καὶ
3207 905 3588 977 φιλανθρωπίᾳ
3639 906 3735 961 τοῦ

2156 986 2364 1051 Κυρίου
2393 988 2553 1057 ἡμῶν
2614 988 2791 1059 Ἰησοῦ
2832 988 3096 1060 Χριστοῦ,
3132 990 3214 1043 ὅτι
3244 988 3448 1061 αὐτῷή
3492 987 3617 1054 δόξα
3639 991 3735 1044 καὶ

2156 1069 2217 1123 τὸ
2245 1071 2465 1141 κράτος,
2496 1070 2593 1125 νῦν
2640 1071 2736 1126 καὶ
2765 1072 2872 1138 ἀεὶ,
2928 1073 3024 1126 καὶ
3076 1075 3155 1137 είς
3201 1073 3328 1137 τοὺς
3371 1073 3573 1138 αίῶνας
3625 1072 3735 1128 τῶν

2156 1155 2385 1207 αἰώνων.
2439 1155 2632 1225 Ἀμήν.

2457 1384 2610 1459 [ειε]
2648 1387 2759 1442 ΕιΣ
2796 1388 2933 1442 TON
2970 1390 3078 1443 PH'
3116 1391 3435 1447 ΨΑΑΜοΝ.

2164 1602 2227 1654 '0
2280 1605 2448 1667 Θεὸς,
2496 1603 2613 1671 τὴν
2646 1604 2888 1658 αἷνεσίν
2919 1621 3038 1672 μου
3081 1603 3164 1673 μὴ
3211 1605 3725 1676 παρασιωπήσῃς·

2223 1684 2313 1738 ὅτι
2352 1688 2547 1755 στόμα
2586 1686 2960 1756 ἁμαρτωλοῦ,
3004 1689 3102 1742 καί
3145 1691 3338 1759 στόμα
3381 1689 3591 1745 δόλιον
3631 1689 3725 1744 ἐπ’

2221 1768 2328 1835 ἐμὲ
2370 1768 2652 1836 ἠνοίχθη.
2721 1769 3069 1836 Ἐλάλησαν
3112 1771 3239 1826 κατ’
3281 1771 3428 1841 ἐμοῦ
3477 1771 3724 1842 γλώσσῃ

2222 1850 2414 1915 δολία,
2462 1852 2559 1905 καὶ
2599 1853 2803 1920 λόγοις
2833 1854 3057 1920 μίσους
3097 1854 3456 1909 ἐκύκλωσαν
3486 1873 3585 1924 με,
3627 1856 3726 1910 καὶ

2221 1933 2615 2001 ἐπολέμησαν
2639 1952 2718 2003 με
2751 1934 2995 2002 δωρεάν.
3038 1936 3193 1992 Ἀντί
3224 1938 3330 1992 τοῦ
3363 1935 3605 2007 ἀγαπᾷν
3625 1955 3721 2008 με,

2219 2015 2613 2070 ἐνδιέϐαλλόν
2663 2033 2740 2085 με
2765 2055 2780 2079 ,
2833 2017 2949 2086 ἐγὼ
2998 2016 3068 2070 δὲ
3117 2022 3571 2089 προσηυχόμην.
3615 2021 3725 2075 Καὶ

2225 2097 2431 2152 ἔθεντο
2452 2098 2578 2151 κατ’
2598 2098 2744 2168 ἐμοῦ
2767 2103 2923 2154 κακὰ
2952 2100 3087 2155 ἀντὶ
3120 2100 3375 2171 ἀγαθῶν,
3412 2102 3508 2156 καὶ
3544 2102 3728 2172 μῖσος

2223 2184 2357 2240 ἀντὶ
2427 2184 2532 2253 τῆς
2589 2185 2949 2255 ἁγαπήσεώς
2988 2204 3130 2256 μου.
3190 2187 3591 2255 Κατάστησον
3630 2189 3725 2242 ἐπ’

2220 2269 2412 2324 αὐτὸν
2469 2271 2855 2338 ἁμαρτωλὸν,
2910 2271 3009 2326 καὶ
3071 2272 3351 2339 διάϐολος
3409 2274 3608 2341 στήτω
3653 2273 3724 2327 ἐκ

2219 2350 2434 2415 δεξιῶν
2462 2352 2667 2406 αὐτοῦ.
2733 2353 2835 2406 Ἐν
2864 2352 2945 2417 τῷ
2975 2354 3284 2421 κρίνεσθαι
3322 2357 3528 2419 αὐτὸν,
3557 2356 3727 2419 ἐξέλ-

2220 2438 2309 2489 θοι
2342 2435 2946 2505 καταδεδικασμένος,
2980 2438 3078 2491 κιιί
3111 2439 3151 2505 ἡ
3190 2439 3504 2509 προσευχὴ
3536 2439 3724 2494 αὑτοῦ

2219 2518 2480 2586 γενέσθω
2512 2522 2599 2584 εὶς
2621 2519 2930 2587 ἁμαρτίαν.
2966 2520 3486 2589 Γενηθήτωσανάί
3512 2522 3722 2591 ἡμέραι

2217 2600 2405 2655 αὐτοῦ
2443 2602 2658 2670 ὀλίγαι,
2707 2603 2797 2656 καὶ
2825 2602 2940 2670 τὴν
2968 2603 3310 2670 ἐπισκοπὴν
3341 2603 3525 2658 αὑτοῦ
3551 2604 3723 2659 λάϐοι

2218 2685 2441 2753 ἔτερος.
2484 2685 2929 2754 Γενηθήτωσαν
2975 2689 3030 2741 οι
3072 2687 3187 2742 υίοί
3227 2687 3412 2742 αὐτοῦ
3451 2688 3718 2757 ὀρφανοί,

2219 2769 2316 2821 καί
2353 2769 2393 2835 ἡ
2440 2767 2596 2838 γυνὴ
2634 2768 2823 2823 αὐτοῦ
2870 2769 3062 2837 χήρα’
3110 2771 3507 2839 σαλευόμενοι
3541 2787 3722 2839 μετα-

2221 2851 2622 2917 ναστήτωσαν
2659 2855 2715 2905 οὶ
2756 2853 2871 2906 vlo!
2910 2853 3099 2908 αὐτοῦ
3115 2894 3133 2917 ,
3180 2854 3278 2908 καί
3318 2854 3722 2923 ἐπαιτησὰτω-

2218 2951 2361 2997 σαν,
2387 2935 2861 3002 ἐκϐληθήτωσαν
2886 2937 2957 2991 ἐκ
2998 2936 3121 2992 τῶν
3147 2937 3473 2992 οἰκοπέδων
3498 2937 3719 2994 αὐτῶν.

2232 3018 2713 3085 Ἐξερευνησάτω
2737 3019 3060 3086 δανειστὴς
3089 3020 3286 3074 πάντα
3323 3020 3442 3074 ὅσα
3468 3021 3720 3089 ὑπάρχει

2215 3099 2377 3164 αὐτῷ
2397 3141 2412 3165 ,
2471 3100 2570 3152 καί
2653 3100 3161 3170 διαρπασὰτωσαν
3206 3103 3511 3172 ἀλλότριοι
3575 3103 3720 3169 τοὺς

2216 3183 2442 3248 πόνους
2473 3183 2678 3237 αὐτοῦ.

2216 3360 2288 3415 α’.
2324 3359 2530 3430 Πολλῆς
2558 3359 2793 3414 ἐνταῦθα
2838 3360 3104 3426 συνέσεως
3133 3364 3266 3433 ήμῖν
3293 3364 3470 3434 χρεία.
3503 3363 3586 3417 Τά
3609 3363 3717 3436 γὰρ

2149 3445 2372 3515 ῥήματα
2390 3442 2533 3496 κατὰ
2559 3443 2661 3513 τὴν
2687 3442 2849 3514 ψιλὴν
2879 3444 3179 3516 προφορὰν,
3206 3446 3298 3499 καὶ
3317 3448 3415 3515 τὴν
3429 3446 3716 3516 πρόχειρον

2143 3528 2438 3596 ἀκρόασιν,
2497 3525 2728 3590 πολλοὺς
2769 3525 2879 3580 τῶν
2927 3526 3000 3597 μὴ
3054 3529 3426 3603 προσεχόντων
3477 3529 3714 3600 θορυϐεῖ.

2144 3609 2253 3662 Καὶ
2274 3608 2383 3679 γὰρ
2415 3609 2554 3679 ἀρᾶς
2580 3607 2726 3671 ἄπας
2755 3612 2784 3662 ὁ
2819 3608 3035 3679 ψαλμδς
3066 3611 3467 3682 ἐμπέπλησται,
3501 3612 3596 3665 καὶ
3625 3612 3715 3667 διὰ

2142 3691 2397 3744 τοιούτων
2423 3690 2571 3754 ἄπας
2593 3690 2869 3762 διεξῆλθεν
2897 3694 3028 3763 ημῖν
3053 3694 3082 3746 ό
3119 3692 3305 3760 λόγος,
3331 3695 3427 3747 καὶ
3464 3695 3714 3765 ἐμφαίνει

2144 3777 2267 3831 τινὰ
2305 3777 2477 3847 θυμὸν
2522 3778 2711 3842 ζέοντα
2748 3780 2843 3831 καὶ
2873 3779 3073 3850 διακαῆ
3104 3778 3196 3833 τοῦ
3229 3780 3497 3848 λέγοντος,
3531 3783 3625 3834 καὶ
3650 3782 3713 3840 ού

2147 3860 2309 3933 μέχρι
2339 3859 2433 3913 τοῦ
2461 3861 2772 3927 ἀδικοῦντος
2810 3864 3115 3933 ίστάμενον,
3159 3862 3296 3918 άλλά
3336 3864 3429 3917 καὶ
3468 3866 3563 3918 ἐπὶ
3590 3867 3715 3918 παῖ·

2142 3944 2259 4007 δας,
2291 3944 2384 3997 καὶ
2414 3946 2649 4016 πατέρα,
2686 3947 2779 4000 καὶ
2816 3947 3027 4017 μητέρα
3073 3948 3379 4019 προάγοντα
3409 3948 3511 4018 τήν
3543 3966 3715 4019 τιμω-

2145 4026 2287 4097 ρίαν,
2312 4029 2407 4081 καὶ
2432 4028 2554 4081 οὐδὲ
2600 4030 2700 4100 μιᾷ
2735 4027 3072 4100 ἀρκούμενον
3116 4033 3390 4102 συμφορᾷ,
3435 4031 3573 4086 ἀλλά
3618 4033 3711 4086 καὶ

2141 4110 2286 4163 κακὰ
2324 4112 2418 4164 ἐπὶ
2448 4114 2640 4174 κακοῖς
2668 4113 3025 4166 συνάπτοντα.
3060 4114 3200 4183 Ὅρα
3231 4114 3338 4185 γὰρ
3382 4115 3481 4171 ὅσα
3517 4114 3712 4169 κατεύ-

2139 4209 2311 4263 χεται.
2375 4195 2772 4263 Κατάστησον
2817 4196 2912 4249 ἐπ’
2961 4196 3143 4252 αὐτὸν
3201 4197 3570 4266 ἁμαρτωλὸν,
3609 4201 3709 4254 καί

2138 4276 2416 4343 διάϐολος
2438 4276 2638 4343 στήτω
2677 4278 2748 4332 ἐκ
2780 4277 2995 4343 δεξιῶν
3031 4280 3238 4334 αὐτοῦ.
3268 4281 3574 4346 Τουτέστιν,
3607 4284 3711 4336 ὑπὸ

2139 4359 2464 4429 κατηγόροις
2516 4361 2726 4428 γένοιτο
2783 4363 3038 4433 πονηροῖς
3092 4362 3401 4433 ἀνθρώποις
3444 4366 3539 4420 καὶ
3586 4368 3707 4418 ἐπι-

2138 4441 2371 4505 ϐούλοις,
2398 4442 2491 4495 καὶ
2518 4443 2592 4513 μὴ
2615 4444 2959 4515 περιγένοιτο
2978 4445 3175 4500 αὐτῶν.
3201 4444 3370 4501 Τοῦτο
3398 4448 3504 4519 γάρ
3538 4452 3703 4511 ἐστιν,

2150 4525 2254 4579 Ἐν
2275 4524 2357 4589 τῷ
2391 4526 2699 4593 κρίνεσθαι
2728 4528 2915 4581 αὐτὸν
2944 4527 3179 4590 ἐξέλθοι
3211 4529 3706 4600 καταδεδικασμέ.

2136 4625 2261 4673 νος.
2296 4605 2400 4659 Καὶ
2428 4608 2529 4660 ούκ
2552 4608 2795 4680 ἠρκέσθη
2824 4609 2996 4680 ταύτῃ
3024 4613 3091 4680 τῇ
3122 4612 3379 4680 τιμωρίᾳ,
3411 4612 3544 4665 ἀλλὰ
3571 4613 3708 4684 μετὰ

2135 4691 2233 4760 τῆς
2257 4691 2557 4761 καταδίκης
2580 4690 2783 4763 ταύτης
2813 4691 3033 4762 εύχεταί
3060 4709 3181 4746 τινα
3211 4693 3397 4766 ἕτερον
3428 4696 3544 4764 μετ’
3574 4698 3707 4749 ἐκεῖ·

2135 4791 2224 4829 νον
2251 4773 2348 4845 τὴν
2400 4775 2610 4828 ἐκείνου
2644 4775 2826 4830 λαϐεῖν
2851 4776 3035 4847 τιμὴν,
3081 4776 3277 4845 λέγων,
3314 4778 3435 4845 Τὴν
3460 4779 3704 4833 ἐπισκο-

2134 4856 2261 4923 πὴν
2281 4857 2469 4912 αὐτοῦ
2490 4857 2663 4912 λάϐοι
2689 4858 2908 4927 ἕτερος.
2934 4860 3042 4913 Καὶ
3063 4861 3184 4914 ούδέ
3209 4861 3441 4915 ἐνταῦθα
3468 4862 3703 4925 ίσταται,

2133 4938 2270 4992 ἀλλὰ
2286 4939 2382 4993 καὶ
2405 4940 2495 4993 τὸν
2514 4940 2671 5011 μόνον
2697 4941 3192 5013 καταλελειμμένον
3209 4942 3403 5013 λιμένα
3424 4944 3704 5015 προσχώνο

2133 5038 2274 5087 νυσι,
2306 5024 2438 5094 μηδὲ
2470 5023 2575 5076 ὑπὸ
2602 5024 2697 5076 τοῦ
2722 5024 2859 5077 Θεοῦ
2897 5025 3042 5087 τινὸς
3080 5024 3486 5096 φιλανθρωπίας
3519 5029 3704 5097 τυχεῖν

2134 5102 2300 5167 άξιῶν
2319 5106 2414 5157 καὶ
2445 5104 2647 5171 λέγων’
2672 5107 2783 5159 Καὶ
2818 5107 2857 5174 ή
2888 5107 3199 5177 προσευχὴ
3226 5108 3414 5163 αὐτοῦ
3442 5109 3704 5178 γενέσθω

2132 5189 2219 5253 είς
2255 5189 2564 5256 ἁμαρτίαν.
2606 5188 2715 5241 Καί
2747 5188 2928 5257 μέντοι
2973 5190 3066 5243 καὶ
3099 5190 3327 5245 θάνατον
3365 5191 3541 5263 ἄωρον
3571 5193 3703 5245 ύπο-

2136 5274 2316 5341 μεῖναι
2348 5270 2505 5333 ἀξιοῖ.
2535 5271 2976 5336 Γενηθήτωσαν
3009 5272 3137 5342 γὰρ,
3172 5274 3357 5342 φησὶν,
3387 5276 3446 5328 al
3490 5273 3700 5344 ἡμέραι

2131 5353 2316 5407 αὐτοῦ
2362 5354 2577 5421 ὀλίγαι.
2626 5353 2736 5407 Καὶ
2786 5354 2907 5406 οὐδὲ
2959 5355 3191 5409 ἐνταῦθα
3232 5357 3474 5418 ἵσταται,
3524 5357 3699 5410 καίτοι

2132 5436 2227 5489 καὶ
2252 5436 2311 5488 τὸ
2331 5436 2503 5488 ταῦτα
2532 5436 2668 5504 μόνα
2691 5438 2863 5490 εἰπεῖν
2899 5437 3079 5508 ήρκει,
3106 5441 3135 5492 ό
3165 5438 3222 5492 δὲ
3254 5441 3347 5497 καὶ
3374 5439 3695 5511 ἐπιτίθησιν,

2128 5518 2266 5587 ὅπερ
2294 5518 2498 5588 σφόδρα
2535 5518 2684 5570 ἐστὶν
2719 5520 3134 5591 ἐκκεκαυμένης
3154 5521 3353 5594 ψυχῆς,
3386 5522 3447 5576 τὸ
3489 5522 3564 5595 μὴ
3601 5523 3700 5592 μιᾷ

2133 5601 2267 5672 μηδὲ
2303 5600 2534 5674 δευτέρᾳ
2569 5601 2905 5672 άρκεσθῆναι
2950 5606 3208 5676 τιμωρίᾳ,
3257 5606 3391 5659 ἀλλὰ
3431 5605 3697 5668 τοσαύτας

2129 5683 2433 5753 ἐπαχθῆναι
2462 5686 2650 5740 αἰτεῖν.
2682 5685 2762 5738 Τά
2804 5686 2861 5739 δέ
2889 5687 3139 5743 ἐντεῦθεν
3171 5690 3252 5743 ἐτι
3288 5690 3467 5756 πολλῷ
3493 5688 3699 5744 τούτων

2129 5767 2504 5839 χαλεπώτερα.
2556 5770 2667 5822 Καὶ
2716 5768 2826 5841 γὰρ
2868 5771 3153 5843 ὀρφανίαν,
3197 5775 3293 5829 καὶ
3337 5776 3562 5847 χηρείαν
3587 5775 3699 5828 τῶν
