4114 6278
384 338 490 395 ‘13"

385 450 676 507 maledixit.
727 449 1043 503 Publicanus
1090 464 1193 502 non
1238 457 1349 502 erat
1398 448 1717 510 l’harisa-us,
1749 449 1842 504 sed
1873 448 1963 503 fuit

388 543 657 598 Pharisteo
669 541 880 610 iustior,
900 540 1148 609 quoniam
1164 540 1236 592 sei
1245 555 1394 607 psum
1413 540 1664 593 misermn
1679 555 1800 594 esse
1820 540 1968 596 duxit

388 634 552 705 (Luc.
584 632 670 687 i8.
719 631 804 684 10.
833 647 938 699 sqq.
965 630 1006 701 ).
1038 628 1161 684 Hice
1188 630 1367 700 fecisti,
1399 641 1443 684 et
1465 631 1619 682 tacui.
1651 629 1968 684 Existimasti

389 728 714 792 iniquitatem,
755 723 886 789 quod
937 738 1021 775 ero
1064 722 1150 774 tibi
1191 723 1388 775 similis.
1417 723 1644 792 Arguam
1678 732 1756 786 te,
1790 733 1837 777 et
1865 723 1970 778 ita-

386 827 527 869 tuam
575 825 747 867 contra
785 814 966 884 facient
1007 823 1148 866 tuam
1184 822 1387 881 peccata
1435 823 1540 867 tua.

457 909 540 960 Η.
571 906 841 960 Silentium
870 905 986 967 Dei,
1015 895 1128 974 ejus
1161 906 1420 974 patientia.
1467 903 1786 962 Consuetudo
1820 909 1964 962 uitio-

382 1015 492 1050 rum
517 998 638 1067 quid
658 1000 847 1066 pariat.
891 997 1024 1050 Deus
1044 1005 1175 1049 recte
1207 997 1354 1065 factis
1376 997 1558 1050 nostris
1578 998 1868 1051 honoratur.
1896 1029 1964 1038 —

383 1089 573 1142 Vidisti
625 1089 1005 1141 humanitatem
1059 1087 1416 1141 ineffabilem?
1461 1087 1650 1143 Vidisti
1699 1106 1961 1145 summam

379 1176 705 1232 bonitatem?
732 1178 907 1231 vidisti
933 1177 1170 1230 inﬁnitas
1191 1192 1320 1246 opes
1347 1178 1651 1246 patientia?
1684 1179 1960 1234 Silentium

382 1270 525 1324 enim
555 1272 639 1323 hic
666 1269 794 1324 dicit
824 1269 1149 1338 patientiam.
1179 1269 1300 1329 Tot,
1333 1269 1521 1338 inquit,
1549 1277 1603 1324 et
1637 1281 1777 1325 tanta
1800 1287 1961 1328 ausos

374 1375 436 1415 es
463 1379 474 1413 :
507 1375 604 1414 nec
631 1360 698 1414 de
725 1369 777 1413 te
801 1370 978 1414 tamen
1010 1373 1198 1428 poenas
1219 1360 1441 1426 sumpsi,
1483 1361 1576 1414 sed
1607 1375 1792 1428 passus
1817 1378 1954 1428 sum,

374 1462 431 1504 ct
459 1451 702 1518 toleravi,
731 1451 864 1505 dans
893 1451 1067 1505 locum
1100 1449 1427 1519 paenitentiae
1457 1450 1474 1520 (
1509 1448 1656 1504 Rom.
1680 1451 1734 1503 2.
1757 1453 1791 1505 4
1811 1452 1851 1521 ).
1883 1453 1958 1507 Tu

373 1552 552 1596 autem
580 1556 644 1593 ex
671 1559 734 1595 eo
765 1555 870 1595 non
917 1539 1074 1594 modo
1101 1540 1229 1593 nihil
1262 1538 1592 1604 Iucrifecisti,
1623 1541 1717 1595 sed
1761 1541 1812 1595 in
1842 1559 1957 1596 ma-

371 1632 462 1700 jus
504 1634 664 1687 etiam
707 1633 892 1685 vitium
939 1630 1231 1700 impcgisti.
1278 1631 1394 1684 Non
1439 1631 1610 1684 solum
1658 1633 1798 1686 enim
1852 1650 1956 1688 non

374 1733 610 1778 mutatus
633 1739 712 1789 es,
749 1739 846 1776 nec
874 1723 1043 1776 solum
1074 1738 1178 1775 non
1209 1736 1266 1775 es
1313 1721 1514 1791 pudore
1553 1723 1807 1789 suﬁ'usus,
1859 1741 1956 1781 nec

376 1825 595 1883 prapter
618 1829 701 1877 ea,
731 1829 848 1881 qua:
883 1828 916 1868 a
941 1823 990 1867 te
1018 1811 1155 1866 facta
1185 1820 1343 1876 sunt,
1379 1813 1603 1881 teipsum
1637 1815 1957 1870 condemna-

371 1906 442 1958 sti
477 1921 490 1956 :
524 1903 616 1957 sed
649 1921 732 1956 me
759 1904 919 1956 etiam
939 1904 1026 1971 qui
1052 1904 1203 1972 longa
1231 1903 1282 1956 in
1306 1913 1356 1956 te
1380 1904 1626 1972 patientia
1661 1919 1787 1960 usus
1813 1922 1951 1974 sum,

370 1994 460 2059 qui
493 1993 710 2048 toleravi
738 2034 753 2054 ,
801 1993 893 2061 qui
938 1993 1095 2054 tacui,
1128 1992 1216 2061 qui
1247 2002 1323 2047 tot
1352 2003 1406 2046 et
1445 2002 1583 2046 tanta
1616 1995 1732 2060 tuli,
1773 1997 1954 2050 existi-

371 2084 525 2135 masti
548 2097 652 2136 noo
669 2083 783 2136 hate
797 2082 938 2136 ferre
959 2090 1172 2150 propter
1193 2082 1496 2151 patientiam
1519 2092 1573 2136 et
1591 2084 1949 2149 clementiam,

367 2172 462 2225 sed
493 2182 771 2241 propterea
807 2172 950 2240 quod
1009 2171 1207 2226 nollem
1257 2171 1371 2225 base
1409 2173 1696 2241 castigari,
1729 2183 1782 2227 et
1811 2177 1950 2244 quod

367 2279 426 2315 ea
450 2279 566 2330 quze
589 2281 616 2314 a
641 2273 690 2317 te
714 2263 930 2329 ﬁebant,
964 2277 1070 2316 non
1099 2278 1240 2332 (egre
1271 2263 1491 2317 ferrem.
1533 2264 1624 2317 2‘2.
1651 2264 1945 2337 Intelligite,

367 2353 592 2415 obsecro,
626 2352 758 2415 Ita'c,
797 2355 883 2423 qui
935 2353 1284 2406 obliviscimiui
1323 2351 1510 2406 Deum.
1543 2349 1837 2420 Qumnam?
1876 2357 1948 2412 Ea

364 2458 484 2510 qua:
509 2441 648 2496 dicta
688 2454 833 2507 sunt,
883 2444 1072 2513 inquit.
1125 2443 1260 2508 Quid
1289 2453 1391 2510 est,
1417 2442 1734 2515 Iutelligite?
1757 2447 1947 2502 Consi-

362 2533 568 2588 derate.
616 2533 752 2600 Quid
797 2544 976 2588 autem
1016 2534 1216 2588 dictum
1262 2543 1344 2587 est
1389 2533 1781 2600 obscurum,et
1805 2538 1946 2607 quod

362 2640 550 2693 magna
579 2633 732 2692 egeat
759 2625 1219 2692 perscrutatione?
1246 2624 1471 2679 Maxime
1497 2625 1711 2694 quidem
1752 2635 1806 2680 et
1833 2628 1946 2696 ipse

361 2716 556 2769 modus
580 2714 804 2769 docendi
850 2715 1046 2769 inducit
1073 2721 1330 2768 mutatam
1374 2713 1598 2768 formam
1645 2715 1938 2786 religionis.

359 2806 493 2859 Cum
525 2808 666 2858 enim
709 2804 1095 2859 sacriﬁciorum
1127 2820 1234 2858 non
1263 2819 1507 2873 magnam
1537 2804 1727 2860 habeat
1771 2807 1938 2862 ratio-

364 2909 509 2958 nem,
553 2893 834 2948 introducit
877 2893 1023 2962 leges
1065 2894 1402 2963 evangelicas
1445 2902 1544 2948 :et
1586 2894 1781 2964 alioqui
1811 2913 1942 2966 quo—

366 2985 508 3039 niam
537 2995 684 3039 erant
709 2993 1045 3053 peccatorum
1087 2983 1352 3054 profundo
1377 2999 1532 3040 caeno
1559 2985 1756 3053 obruti,
1808 2997 1942 3042 tam-

361 3093 520 3146 quam
549 3092 577 3130 a
621 3077 929 3146 quibusdam
973 3077 1187 3130 malitia:
1236 3078 1576 3147 voraginibus
1614 3079 1798 3132 volens
1844 3094 1939 3135 eos

359 3167 664 3234 extrahere,
689 3176 744 3222 et
771 3167 932 3222 veluti
966 3166 1157 3222 lernam
1189 3168 1482 3231 oculorum,
1516 3183 1810 3238 expurgare
1847 3185 1939 3225 vo-

353 3261 471 3314 lens
501 3261 633 3313 viam
666 3260 859 3328 prioris
887 3259 1036 3312 mala:
1076 3258 1495 3324 consuetudinis,
1541 3274 1634 3313 eos
1663 3261 1860 3314 excitat
1880 3271 1938 3316 ut

351 3368 412 3406 ea
442 3368 560 3421 qua:
606 3335 744 3405 facta
789 3361 912 3405 sunt
959 3353 1010 3403 in
1057 3351 1368 3404 memoriam
1421 3360 1693 3416 revocent,
1739 3367 1805 3406 ne
1855 3353 1936 3407 his

350 3441 608 3496 oblivioni
641 3442 863 3506 traditis,
889 3441 1088 3511 absque
1116 3440 1265 3494 lucro
1289 3439 1558 3494 recedant.
1591 3439 1769 3510 Longa
1791 3443 1932 3496 enim

349 3534 600 3588 vitiorum
621 3533 951 3588 consuetudo
975 3548 1217 3602 magnam
1237 3531 1390 3586 aliert
1410 3533 1700 3587 carcitatem
1718 3536 1929 3601 aninne,

348 3636 406 3678 et
431 3635 670 3679 amentes
692 3624 875 3690 el‘ﬁeit,
905 3632 959 3678 et
999 3624 1331 3693 perspicaces
1362 3624 1544 3678 oculos
1571 3625 1932 3694 intelligentize

347 3719 508 3771 eruit.
541 3715 828 3786 Nequaudo
858 3716 1047 3784 rapiat,
1077 3724 1120 3768 et
1143 3731 1243 3768 non
1269 3715 1332 3768 sit
1375 3716 1462 3784 qui
1495 3716 1694 3784 eripiat.
1725 3716 1769 3769 Ο
1800 3716 1932 3770 inef-

346 3809 563 3862 fabilem
594 3808 968 3862 clementiam!
1002 3806 1108 3860 Pite
1140 3807 1324 3859 matris
1352 3805 1465 3860 hinc
1483 3809 1643 3860 verba
1671 3817 1814 3870 sunt,
1846 3809 1929 3862 vel

345 3901 493 3953 illam
539 3899 714 3968 potius
753 3899 999 3966 pietatem
1042 3897 1276 3951 bonitate
1315 3896 1470 3965 longe
1507 3908 1775 3966 superant.
1827 3899 1925 3966 Qui

343 3992 490 4044 enim
514 4002 615 4044 tam
644 3989 790 4059 gravi
819 3989 1158 4043 accusatione
1186 4002 1312 4040 usus
1340 3997 1440 4051 est,
1470 3988 1557 4054 qui
1591 3997 1786 4040 tantam
1816 4004 1926 4057 prre

341 4099 407 4136 se
437 4081 1006 4151 tulitindignationem,
1031 4080 1143 4147 ipse
1170 4093 1264 4132 eos
1284 4077 1566 4147 przemunit
1589 4078 1740 4144 '.Qui
1773 4078 1922 4143 dixit,

343 4175 571 4244 Arguam
629 4183 696 4239 te,
740 4182 786 4225 et
841 4180 1057 4225 statuant
1109 4181 1224 4223 ante
1280 4170 1462 4241 faciem
1527 4180 1664 4222 tuam
1726 4181 1927 4238 peccata

343 4277 457 4331 tua,
485 4277 539 4318 et
562 4263 1021 4318 condemnationis
1047 4263 1224 4327 emisit
1273 4263 1613 4326 sententiam,
1659 4277 1776 4316 eam
1807 4279 1925 4316 rur-

341 4373 438 4412 sus
465 4357 738 4423 rescindit,
769 4372 872 4409 non
925 4365 1192 4424 tamquam
1237 4369 1357 4409 reos
1385 4353 1599 4409 tradens
1627 4355 1922 4422 supplicio,

342 4450 436 4504 sed
471 4459 736 4517 tamquam
763 4449 850 4518 qui
894 4448 1140 4502 suasione
1170 4457 1224 4501 et
1267 4447 1626 4501 admonitione
1667 4447 1925 4503 deberent

341 4541 558 4609 corrigi,
588 4550 730 4594 metu
751 4553 1028 4604 coercens,
1056 4541 1334 4594 continens
1359 4554 1422 4593 ac
1450 4539 1652 4604 dicens,
1687 4539 1770 4594 Ne
1794 4546 1924 4611 forte

339 4635 511 4702 rapiat
538 4643 594 4686 ut
621 4633 705 4687 leo
743 4635 782 4697 ²,
811 4641 857 4687 et
901 4649 1002 4685 non
1027 4632 1088 4685 sit
1115 4633 1201 4701 qui
1242 4633 1442 4701 eripiat.
1479 4632 1567 4686 25.
1601 4634 1922 4701 Sacriﬁcium

341 4723 510 4776 laudis
538 4723 890 4790 houoriﬁcabit
911 4739 1012 4785 me,
1041 4732 1086 4775 et
1106 4723 1210 4774 illic
1235 4722 1348 4784 iter,
1374 4723 1509 4791 quod
1537 4724 1795 4777 ostendam
1821 4726 1919 4790 illi,

339 4812 565 4864 salutare
623 4811 733 4865 Dei.
793 4812 1075 4880 Postquam
1119 4810 1350 4864 ostendit
1405 4812 1740 4866 clementiam
1794 4831 1918 4867 sua-

340 4900 538 4967 dendo,
561 4901 910 4967 consulendo,
941 4901 1192 4955 minando
1215 4916 1277 4954 ae
1304 4901 1578 4966 terrendo,
1609 4917 1796 4970 purum
1836 4904 1918 4956 af—

341 4991 567 5047 ferendo
638 4993 989 5062 supplicium,
1042 5001 1096 5047 et
1169 4991 1553 5046 introducendo
1618 4995 1915 5061 consilium,

343 5082 582 5138 ostendit
630 5085 790 5138 etiam
821 5083 1036 5138 modum
1067 5099 1163 5152 per
1206 5099 1362 5152 quem
1399 5085 1606 5148 possint
1650 5086 1919 5154 corrigere

336 5190 458 5243 qua:
515 5172 650 5227 facta
701 5181 844 5236 sunt,
899 5174 1126 5228 dicens:
1168 5175 1491 5240 Sacriﬁcium
1546 5174 1712 5228 laudis
1759 5177 1919 5229 Itono-

334 5263 553 5332 riﬁcabit
600 5281 699 5319 me.
755 5263 807 5318 Id
842 5273 927 5318 est
975 5274 1150 5318 autem
1199 5265 1336 5334 quod
1365 5263 1535 5318 dicit:
1586 5264 1702 5318 Non
1745 5267 1916 5320 solum

336 5355 474 5408 iram
514 5367 688 5408 meam
715 5353 953 5420 sedabit,
985 5364 1075 5407 aut
1100 5354 1366 5409 rescindet
1392 5353 1912 5420 condemnationem,

402 5497 420 5528 ¹
453 5497 526 5546 Sic
544 5497 836 5547 in‘omnibus
854 5494 962 5545 fere
983 5494 1346 5556 exeamlaribus
1370 5502 1422 5544 et
1443 5496 1493 5544 in
1514 5496 1620 5557 ipso
1641 5493 1814 5544 Savilio
1837 5493 1913 5544 le-

332 5559 487 5666 gitur:
511 5559 601 5626 sed
618 5560 668 5606 in
686 5558 857 5627 alorci.
881 5557 998 5628 ﬁdit.
1023 5560 1095 5606 sic
1136 5557 1342 5606 habe-ur
1366 5570 1379 5605 :
1406 5557 1494 5630 Qui
1532 5563 1712 5628 tantum
1735 5569 1840 5619 prae
1862 5571 1912 5606 se

357 5617 444 5666 ulu
460 5619 850 5666 mdmnatsanem.
875 5631 977 5666 sese
995 5631 1073 5666 eos
1094 5624 1368 5666 premunt.
1387 5631 1564 5666 omnsso
1587 5631 1749 5666 onore
1774 5619 1912 5666 intra-

357 5617 444 5686 ulit
460 5617 850 5730 indigputionem,
875 5619 977 5680 ipse
995 5631 1073 5668 eos
1094 5624 1368 5680 premunt,
1387 5623 1564 5667 omisso
1587 5617 1749 5681 priore
1774 5619 1913 5680 phra-

357 5693 404 5726 is
431 5693 560 5728 mem
621 5693 669 5729 ο.

329 5691 404 5726 sus
431 5691 669 5730 membro.

401 5741 422 5772 ³
455 5748 565 5791 Haec
589 5743 756 5804 verba,
780 5747 830 5791 ut
854 5739 945 5802 leo,
959 5741 1134 5790 omittit
1156 5739 1370 5789 savilius.

1485 335 1838 391 EXPOSITIO
1878 334 1941 389 IN
1984 335 2303 394 PSALMUM
2345 342 2522 400 CVIII.

3544 357 3652 413 258

2079 455 2170 508 sed
2201 472 2284 510 me
2309 459 2466 512 etiam
2495 461 2694 516 honore
2714 463 2926 520 afﬁciet.
2955 466 3084 521 Vide
3115 468 3350 536 prmelart
3383 467 3504 523 facti
3531 487 3643 524 ma-

2073 545 2423 612 gnitudinem,
2454 553 2665 618 quando
2695 554 2830 608 Deus
2874 571 2969 624 per
3012 558 3182 625 ipsum
3233 557 3433 611 honore
3480 560 3647 612 afﬁci-

2077 643 2180 688 tur.
2211 634 2278 689 Ει
2305 639 2410 692 illic
2439 642 2547 705 iter,
2576 646 2710 711 quod
2751 647 3006 701 ostendam
3037 648 3130 710 illi,
3161 649 3381 702 salutare
3410 647 3646 704 Dei.’Viv

2072 726 2193 781 disti
2223 731 2522 786 mercedem
2545 733 2897 790 iucﬂhhilem?
2925 738 3100 792 vidisti
3127 753 3386 792 summam
3410 741 3647 794 clemen-

2073 819 2241 872 tiam?
2269 822 2360 874 Dei
2411 825 2550 877 enim
2597 825 2734 878 viam
2776 835 3109 881 ostensurum
3155 828 3451 897 pollicetur,
3499 839 3552 882 ct
3594 828 3640 881 id

2071 911 2209 978 quod
2236 921 2317 965 est
2344 929 2468 968 vere
2498 915 2592 969 Dei
2622 917 2852 971 salutare
2895 917 2958 972 iis
3012 918 3102 987 qui
3153 929 3296 974 recte
3342 934 3400 973 se
3429 928 3635 990 gerunt.

2072 1005 2131 1057 Ei
2159 1021 2287 1074 ergo
2309 1010 2636 1076 promittenti
2667 1026 2965 1079 pareamus,
2997 1023 3052 1067 et
3088 1023 3231 1068 recta
3258 1014 3362 1068 vita
3390 1023 3444 1067 et
3471 1016 3638 1066 sacri-

2070 1095 2190 1148 ﬁcio
2219 1096 2388 1151 laudis
2414 1113 2536 1152 eum
2565 1099 2904 1156 bonorcmus.
2939 1102 3064 1158 Ilzcc
3101 1105 3241 1156 enim
3269 1105 3353 1156 via
3399 1104 3539 1158 ducit
3572 1104 3640 1158 ad

2069 1189 2290 1242 salutem
2341 1206 2433 1258 per
2477 1191 2583 1246 hoc
2621 1194 2936 1248 sacriﬁcium
2970 1214 2983 1248 :
3014 1211 3172 1264 quam
3199 1195 3353 1250 detur
3391 1196 3638 1250 omnibus

2069 1281 2221 1333 nobis
2244 1283 2455 1348 assequi
2499 1284 2668 1350 gratia
2698 1294 2752 1337 et
2777 1284 3058 1339 clementia
3087 1285 3290 1338 Domini
3321 1288 3486 1338 nostri
3511 1284 3637 1339 Jesu

2063 1368 2282 1430 Christi,
2312 1372 2558 1439 quoniam
2583 1373 2629 1426 ei
2656 1373 2821 1442 gloria
2848 1384 2900 1429 et
2927 1376 3224 1443 imperium,
3257 1390 3394 1430 nunc
3416 1384 3472 1428 et
3494 1391 3636 1430 sem-

2065 1473 2181 1527 per,
2209 1468 2262 1513 et
2287 1461 2337 1512 in
2362 1463 2554 1515 sazcula
2581 1465 2917 1518 smeulorum.
2950 1467 3140 1520 Amen.

2478 1571 2543 1626 IN
2583 1572 2899 1630 PSALMUM
2937 1575 3090 1630 cvm
3129 1575 3230 1647 (a).

2060 1680 2113 1734 2.
2159 1680 2330 1746 Deus,
2371 1683 2574 1736 laudem
2619 1702 2780 1738 meam
2822 1703 2884 1740 ue
2918 1690 3132 1742 tacueris
3157 1705 3176 1742 :
3204 1691 3321 1759 quia
3367 1707 3423 1744 os
3464 1708 3639 1758 pecca-

2133 1773 2254 1825 toris
2283 1781 2330 1825 et
2356 1789 2411 1826 os
2436 1774 2597 1827 dolosi
2624 1791 2776 1844 super
2808 1793 2887 1829 me
2919 1789 3149 1843 apertum
3185 1790 3279 1832 est.
3327 1780 3380 1834 5.
3422 1781 3637 1850 Loquuti

2129 1874 2244 1918 sunt
2271 1866 2534 1919 adversum
2556 1884 2635 1920 me
2665 1868 2837 1938 lingua
2862 1869 3058 1932 dolosa,
3081 1871 3388 1926 sermonibus
3412 1874 3514 1926 odii
3539 1875 3636 1926 cir-

2129 1957 2486 2010 cumdederunt
2502 1975 2597 2023 me,
2621 1969 2666 2012 et
2685 1970 3093 2030 expugnaverunt
3109 1979 3185 2015 me
3201 1965 3376 2032 gratis.
3391 1965 3446 2020 4.
3461 1963 3565 2017 Pro
3580 1982 3636 2017 eo

2128 2057 2183 2100 ut
2202 2065 2278 2100 me
2295 2049 2574 2118 diligerent,
2597 2050 2921 2104 detrahebant
2940 2053 3064 2104 mihi
3083 2069 3100 2105 :
3117 2069 3208 2122 ego
3223 2063 3387 2106 autem
3407 2053 3628 2107 orabam.

2205 2137 2270 2190 Et
2288 2151 2556 2208 posuerunt
2572 2140 2832 2193 adversum
2851 2157 2928 2204 me
2949 2141 3081 2194 mala
3101 2159 3192 2210 pro
3216 2143 3377 2206 bouis,
3398 2154 3444 2196 et
3463 2144 3634 2196 odium

2125 2246 2216 2299 pro
2232 2230 2496 2283 dilectione
2516 2247 2644 2283 mea.
2665 2231 2716 2284 6.
2738 2229 2996 2285 Constitue
3011 2248 3162 2302 super
3173 2249 3287 2286 eum
3305 2243 3630 2300 peccatorem,

2125 2331 2172 2374 et
2199 2321 2428 2375 diabolus
2453 2332 2543 2376 stet
2568 2339 2600 2375 a
2623 2323 2815 2376 dextris
2843 2324 3030 2390 ejus.7.
3054 2323 3178 2378 Cum
3190 2325 3472 2393 judicatur,
3491 2336 3632 2378 exciit

2121 2413 2495 2479 condemnatus,
2524 2424 2569 2467 et
2591 2414 2749 2467 oratio
2769 2416 2876 2484 ejus
2900 2416 2989 2483 ﬁat
3009 2416 3060 2468 in
3089 2426 3361 2484 peccatum.
3399 2420 3448 2474 8.
3479 2416 3632 2470 Fiam

2121 2505 2227 2557 dies
2248 2506 2354 2574 ejus
2375 2507 2542 2574 pauci,
2575 2515 2621 2559 et
2645 2506 2984 2576 episcopatum
3009 2508 3117 2577 ejus
3145 2507 3358 2576 accipiat
3395 2509 3539 2560 alter.
3573 2511 3625 2564 9.

2121 2593 2276 2649 Fiant
2306 2597 2399 2664 ﬁlii
2426 2600 2535 2666 ejus
2566 2598 2783 2667 orpltaui
2804 2639 2816 2661 ,
2841 2608 2886 2650 et
2913 2614 3039 2650 ua'or
3067 2599 3176 2667 ejus
3195 2600 3364 2653 vidua.
3399 2600 3483 2654 10.
3516 2599 3628 2653 Nn-

2119 2695 2278 2741 tantes
2308 2687 2676 2754 transferantur
2695 2688 2790 2755 lilii
2811 2689 2921 2757 ejus
2938 2729 2952 2752 ,
2973 2697 3021 2742 et
3039 2679 3339 2754 mendiceut,
3363 2691 3628 2760 ejiciantur

2116 2779 2178 2831 de
2198 2778 2582 2843 habitationibus
2594 2780 2716 2834 suis.
2743 2781 2828 2834 II.
2853 2779 3119 2834 Scrutatur
3137 2786 3405 2854 [tenes-ator
3431 2800 3627 2837 onmem

2116 2871 2440 2924 substantiam
2464 2872 2591 2941 ejus,
2621 2881 2669 2925 et
2693 2872 2934 2942 diripiant
2959 2873 3110 2928 alieni
3145 2873 3337 2928 labores
3363 2875 3492 2944 ejus.

2117 2984 2168 3038 I.
2198 2983 2380 3053 Magna
2403 2984 2490 3039 hic
2510 2985 2662 3040 nobis
2684 2985 2960 3054 prudentia
2983 3002 3114 3058 opus
3133 2996 3233 3042 est.
3252 2987 3425 3044 Verba
3455 2989 3638 3053 enim,

2041 3075 2084 3129 si
2112 3075 2517 3131 considerentur
2548 3086 2749 3132 tantum
2780 3088 2835 3132 ttt
2859 3089 2983 3133 sunt
3012 3079 3212 3147 prolata
3235 3121 3251 3146 ,
3278 3089 3332 3135 et
3358 3089 3414 3135 ut
3439 3081 3620 3138 auditu

2041 3167 2218 3220 statim
2248 3168 2611 3238 percipiuntur
2640 3208 2657 3234 ,
2695 3163 3006 3239 perturbant
3032 3172 3228 3226 multos
3268 3187 3451 3226 eormn
3477 3215 3494 3239 ,
3530 3176 3617 3244 qui

2039 3273 2145 3311 non
2173 3258 2471 3312 attendunt.
2506 3259 2669 3314 Totus
2696 3260 2838 3315 enim
2871 3254 3114 3316 Psalmus
3139 3262 3328 3331 plenus
3352 3273 3434 3318 est
3462 3279 3621 3319 exse-

2041 3352 2282 3406 cratione
2303 3393 2317 3416 ,
2350 3351 2761 3424 hujusmodique
2789 3362 2894 3407 tota
2922 3356 3186 3423 percurrit
3212 3356 3382 3411 oratio
3402 3397 3416 3420 ,
3444 3371 3506 3411 ac
3536 3358 3617 3411 Io-

2037 3449 2246 3517 qucntis
2269 3438 2556 3503 ferventem
2579 3458 2632 3502 et
2650 3447 2923 3503 ardentem
2945 3449 3224 3518 quamdam
3248 3449 3377 3503 iram
3399 3450 3610 3514 indicat,

2036 3554 2156 3607 qure
2203 3554 2306 3592 non
2352 3550 2600 3594 contenta
2645 3555 2768 3594 eum
2811 3541 2989 3594 ulcisci
3017 3582 3030 3606 ,
3059 3542 3146 3610 qni
3178 3540 3301 3595 facit
3331 3542 3572 3610 injuriam
3597 3586 3613 3606 ,

2035 3633 2192 3683 etiam
2216 3630 2267 3682 in
2291 3630 2448 3692 ﬁlios,
2472 3644 2674 3700 patrem
2697 3640 2749 3684 et
2770 3641 2988 3686 matrem
3011 3634 3246 3688 extendit
3270 3636 3611 3704 supplicium:

2033 3728 2087 3772 et
2113 3735 2216 3772 non
2247 3735 2349 3774 una
2378 3721 2424 3774 ei
2453 3719 2646 3774 suflicit
2672 3723 2964 3787 calamitas,
2993 3723 3084 3776 sed
3113 3724 3268 3776 etiam
3296 3725 3432 3778 mala
3461 3726 3612 3778 malis

2033 3809 2322 3879 conjungit.
2358 3811 2484 3866 Vide
2506 3813 2650 3866 enim
2678 3823 2806 3882 quot
2835 3823 2886 3866 et
2910 3823 3105 3882 quanta
3133 3814 3452 3884 imprecetur
3474 3859 3488 3881 ,
3531 3817 3611 3869 di-

2033 3917 2159 3955 cens
2191 3920 2200 3953 :
2232 3901 2488 3956 Conslitue
2509 3920 2658 3972 super
2683 3921 2794 3956 eum
2821 3916 3123 3972 peccatorem
3146 3921 3164 3958 :
3187 3917 3230 3958 et
3256 3907 3483 3960 diabolus
3519 3917 3624 3960 stet.

2031 4012 2061 4046 ιι
2091 3993 2278 4046 dextris
2307 3995 2432 4062 ejus.
2470 3994 2579 4047 Hoc
2603 4003 2714 4059 est,
2761 3996 2839 4050 Sit
2875 3995 3133 4050 obnoxius
3173 3997 3568 4051 accusatoribus
3590 4039 3607 4062 ,

2032 4084 2284 4152 improbis
2311 4083 2611 4137 hominibus
2640 4093 2694 4138 et
2721 4084 3117 4139 insidiatoribus
3137 4126 3150 4151 ,
3187 4101 3283 4140 nec
3317 4101 3411 4140 eos
3438 4089 3606 4156 possit

2029 4189 2298 4244 Superare.
2333 4175 2445 4228 Hoc
2487 4175 2628 4228 enim
2675 4175 2773 4229 sibi
2814 4177 2926 4229 vult
2957 4176 3101 4237 illud,
3145 4177 3270 4230 Cum
3305 4179 3604 4248 judicatur,

2030 4275 2171 4319 exeat
2223 4265 2600 4319 condemnatus.
2660 4265 2769 4319 Nec
2808 4267 2936 4319 satis
2982 4265 3083 4320 hoc
3112 4266 3262 4320 duxit
3311 4284 3431 4322 esse
3482 4284 3607 4339 sup-

2030 4359 2167 4426 plicii
2220 4357 2292 4429 (b)
2325 4398 2338 4420 ,
2381 4357 2473 4412 sed
2531 4372 2652 4410 cum
2701 4357 2800 4410 hac
2855 4340 3300 4413 coirdemnatione
3344 4370 3460 4414 orat
3493 4401 3506 4423 .
3551 4370 3609 4416 ut

2026 4450 2184 4503 etiam
2206 4450 2394 4518 aliqu’s
2418 4449 2550 4501 :tlitts
2582 4456 2698 4517 post
2726 4448 2870 4502 illum
2897 4449 3010 4517 ejus
3035 4448 3287 4504 honorem
3318 4451 3603 4520 suscipiat,

2027 4540 2252 4594 dicens:
2287 4539 2647 4607 Episcopatth
2685 4541 2800 4608 ejus
2841 4540 3057 4610 accipiat
3102 4542 3246 4594 alter.
3297 4540 3365 4596 Et
3410 4559 3476 4596 nc
3518 4544 3603 4599 hic

2025 4633 2240 4702 quidem
2287 4633 2464 4695 sistit,
2495 4632 2586 4685 sed
2615 4631 2775 4685 etiam
2822 4633 2992 4685 solum
3037 4634 3124 4702 qui
3167 4645 3282 4689 erat
3309 4637 3355 4691 ei
3387 4639 3603 4694 relictus

2025 4735 2234 4792 portum
2261 4721 2504 4788 obstruit,
2538 4739 2728 4791 rogans
2759 4733 2814 4777 ut
2841 4740 2908 4778 ne
2937 4725 3025 4778 Dei
3057 4727 3268 4794 quidem
3292 4741 3603 4799 asscquatur

2025 4816 2398 4881 clementiam,
2439 4815 2562 4869 dum
2595 4815 2721 4869 dicit
2751 4834 2762 4868 :
2795 4815 2858 4869 Et
2887 4818 3048 4871 oratio
3077 4822 3183 4884 ejus
3220 4823 3310 4888 ﬁat
3339 4822 3392 4874 in
3426 4839 3601 4890 pecca-

2025 4917 2151 4958 tum.
2174 4906 2306 4972 Quiu
2338 4907 2496 4960 etiam
2520 4916 2669 4976 rogat
2692 4917 2749 4961 ut
2773 4919 2998 4962 mortem
3023 4910 3210 4963 subeat
3239 4912 3596 4965 immaturam.

2029 4996 2177 5050 Fiant
2203 4998 2364 5060 enim,
2395 4998 2584 5067 inquit,
2612 5000 2717 5052 dies
2744 4999 2853 5069 ejus
2879 5000 3046 5068 pauci.
3077 5004 3248 5068 Atque
3279 5015 3344 5054 ne
3375 5001 3458 5054 hic
3479 5003 3596 5071 qui-

2022 5089 2142 5143 dem
2173 5089 2330 5154 sistit,
2357 5090 2479 5143 licet
2507 5089 2620 5143 haec
2645 5090 2756 5143 sola
2785 5090 2983 5144 dixisse
3011 5090 3325 5144 sufﬁciebat.
3357 5089 3449 5144 Ille
3470 5107 3597 5146 vero

2022 5183 2180 5236 etiam
2218 5181 2457 5251 adiungit
2477 5223 2490 5245 ,
2521 5181 2660 5251 quod
2688 5182 2898 5250 quidem
2923 5191 3003 5234 est
3027 5181 3188 5235 animi
3217 5181 3367 5234 valde
3394 5181 3594 5238 incensi

2022 5289 2084 5328 ac
2114 5274 2415 5327 inﬂammati
2440 5273 2534 5344 (c),
2563 5290 2665 5327 non
2697 5288 2804 5326 uno
2830 5282 2920 5326 aut
2944 5273 3110 5326 altero
3141 5281 3447 5326 contentum
3477 5288 3595 5330 esse

2021 5365 2276 5432 supplicio
2295 5405 2309 5431 ,
2341 5363 2434 5417 sed
2459 5372 2639 5431 petere
2661 5373 2716 5416 ut
2741 5363 2844 5416 alia
2879 5363 3234 5430 imponantur.
3260 5362 3389 5428 Quae
3413 5375 3591 5420 autem

2021 5455 2270 5524 deinceps
2310 5464 2620 5521 sequuntur,
2649 5465 2770 5507 sunt
2803 5453 2885 5506 his
2915 5454 3082 5506 multo
3105 5453 3365 5523 graviora.
3397 5456 3592 5512 Eorum

2020 5549 2159 5604 enim
2187 5561 2317 5616 quos
2340 5544 2604 5614 relinquit,
2629 5545 2906 5600 orbitatem
2929 5554 2980 5600 et
3002 5545 3305 5601 viduitatem
3328 5559 3589 5616 precatur.

2081 5638 2152 5700 (ra)
2185 5633 2478 5700 contulimus
2500 5648 2610 5684 cum
2625 5635 2794 5700 codice
2814 5637 2956 5698 regio
2978 5636 3118 5700 2529,
3138 5637 3283 5688 hodie
3302 5639 3412 5690 655.

2108 5695 2155 5762 ι»)
2189 5699 2279 5762 Hie
2295 5695 2439 5745 multa
2462 5695 2962 5762 praetermittuutuﬂiu
2987 5699 3094 5748 Cod.
3115 5706 3229 5762 Reg.

2108 5699 2141 5748 b
2189 5699 2273 5746 Hic
2295 5699 2439 5745 multa
2462 5699 2893 5758 praetermittuutur
2917 5700 2962 5747 in
2987 5699 3094 5748 Cod.
3115 5706 3229 5762 Reg.

2084 5699 2155 5823 is;
2191 5758 2329 5807 Multa
2355 5761 2529 5820 passim
2555 5759 3126 5826 przeternnttitlieg.,qui
3148 5761 3336 5812 mendis
3356 5771 3534 5814 scatet.
