4086 6268
495 381 598 436 Ἆῖθ

491 499 655 571 Atqui
681 514 901 556 necesse
943 508 1058 563 est,
1090 508 1147 552 ut
1177 499 1292 553 ha'c
1317 498 1600 560 eveniant,
1633 503 1913 565 postquam
1959 491 2072 561 ipse

492 591 787 647 excesserit
817 608 833 655 ;
863 600 918 644 et
944 586 1121 645 tamen
1155 590 1292 643 inter
1317 599 1510 642 cartera
1539 585 1822 640 maledicta
1851 599 1911 638 ea
1940 596 2072 636 enn-

493 689 784 750 sequenter
807 680 1009 743 statuit,
1041 681 1116 734 ira
1145 679 1372 735 fervens.
1401 679 1467 732 Et
1488 691 1588 732 nec
1613 679 1665 730 iu
1691 675 1918 730 orbitate
1955 672 2077 742 qui-

496 772 619 826 dem
651 772 828 836 sistit,
865 771 958 826 sed
989 771 1146 825 etiam
1185 778 1304 839 post
1333 769 1466 823 tales
1493 766 1820 822 calamitates
1859 761 2079 818 ulterius

503 862 842 932 progreditur
863 903 880 928 ,
914 862 1050 915 mala
1081 861 1197 931 ejus
1220 860 1575 929 amplificans,
1606 871 1798 927 rogans
1821 866 1876 910 ut
1900 855 1988 924 qui
2013 862 2091 908 ει·

495 968 563 1007 eo
593 952 700 1006 nati
728 963 851 1006 sunt
878 951 1094 1006 incertis
1115 960 1373 1020 vagentur
1391 949 1627 1004 sedibus.
1665 946 1950 1009 Nutantes,
1994 945 2076 998 in-

495 1043 646 1111 quit,
679 1044 1049 1111 transferantur
1077 1042 1172 1111 ﬁlii
1217 1042 1361 1112 ejus,
1389 1049 1435 1094 et
1468 1039 1771 1094 mendicent.
1816 1037 1928 1092 lloc
1953 1046 2076 1100 εει,

496 1135 750 1188 Errantes
771 1143 825 1188 et
843 1132 1135 1202 vagabnndi
1159 1149 1228 1188 ne
1247 1131 1606 1187 necessarium
1626 1129 1837 1200 quidem
1862 1127 2083 1182 alimen-

499 1235 610 1279 tum
639 1226 888 1287 habeant,
913 1239 1010 1280 nec
1026 1235 1235 1280 cessent
1253 1223 1465 1282 assidue
1495 1223 1668 1278 locum
1695 1222 1814 1275 loco
1832 1229 2040 1274 mutare
2062 1261 2078 1282 ,

496 1315 678 1383 agitati
703 1356 717 1380 ,
752 1315 884 1384 pulsi
915 1330 1012 1384 per
1037 1329 1252 1370 omnem
1281 1322 1476 1368 terram
1498 1353 1512 1379 ,
1537 1321 1596 1366 et
1625 1325 1883 1380 nusquam
1929 1310 2080 1363 inve-

499 1409 704 1461 nientes
728 1407 923 1470 locum,
957 1405 1012 1460 in
1039 1421 1142 1476 quo
1170 1406 1486 1461 consistant.
1518 1403 1648 1458 Cum
1683 1403 1767 1455 his
1795 1411 1971 1454 autem
1997 1401 2078 1453 eis

496 1499 657 1550 etiam
689 1497 1009 1566 imprecatur
1037 1497 1304 1565 inopiam,
1336 1510 1559 1565 eamque
1600 1502 1892 1547 extremam
1917 1500 1973 1544 et
1999 1491 2083 1544 in-

499 1587 868 1652 tolerabilem,
901 1597 960 1642 ut
996 1603 1097 1643 nec
1121 1587 1375 1641 auxilium
1403 1586 1617 1656 quidem
1657 1593 2011 1652 assequantur
2049 1597 2079 1635 a

497 1679 737 1747 cognatis
760 1719 776 1744 ,
809 1677 902 1731 sed
943 1678 1315 1740 circumeant,
1343 1677 1410 1729 ab
1450 1673 1687 1729 externis
1725 1683 1781 1726 et
1807 1672 2000 1741 ignotis
2029 1670 2080 1725 id

498 1777 756 1836 petentes.
786 1767 922 1821 Audi
943 1777 1120 1821 autem
1142 1765 1410 1834 quomodo
1431 1765 1531 1820 hoc
1555 1764 1858 1834 significans
1880 1762 2084 1831 adjicit.

498 1860 782 1927 Postquam
803 1860 944 1912 enim
969 1859 1104 1912 dixit
1131 1875 1144 1911 :
1176 1858 1567 1926 Transferantur
1593 1857 1688 1926 ﬁlii
1715 1858 1842 1927 ejus,
1869 1867 1915 1910 et
1944 1873 2085 1910 men-

499 1951 701 2014 dicent,
753 1948 1061 2018 subjuugit:
1111 1947 1400 2018 Ejiciantur
1439 1949 1502 2001 de
1539 1948 1924 2001 habitationibus
1957 1947 2081 2000 suis.

497 2041 764 2094 Scrutetur
790 2043 1058 2110 fanerator
1075 2056 1272 2093 onmem
1291 2039 1618 2093 substantiam
1637 2040 1764 2108 ejus,
1782 2047 1828 2091 et
1843 2038 2085 2107 diripiunt

498 2131 653 2183 alieni
690 2131 882 2183 labores
913 2130 1043 2200 ejus.
1075 2129 1184 2182 Hoc
1213 2137 1296 2184 est
1337 2129 1478 2182 aliud
1519 2143 1689 2198 genus
1725 2127 2041 2181 calamitatis
2065 2167 2081 2190 ,

499 2222 733 2290 ipsorum
765 2223 898 2274 bona
925 2219 1226 2290 diripienda
1255 2219 1387 2274 tradi
1413 2261 1427 2286 ,
1457 2227 1512 2274 et
1537 2206 1918 2274 fteneiiatorum
1951 2218 2080 2270 insi-

495 2313 610 2364 dias
639 2311 840 2380 perpeti
864 2351 880 2375 ,
912 2320 1070 2380 atque
1100 2311 1346 2364 omnibus
1374 2309 1546 2363 modis
1577 2308 1783 2378 probris
1812 2318 1866 2363 et
1889 2317 2082 2362 contu-

495 2401 668 2454 meliis
689 2399 848 2466 affici,
871 2415 934 2455 ac
958 2400 1096 2470 quod
1127 2411 1210 2455 est
1232 2402 1385 2468 longe
1409 2402 1641 2469 gravius,
1670 2399 1720 2452 in
1747 2399 1903 2452 tantis
1929 2397 2083 2451 malis

492 2507 676 2545 carere
703 2491 1007 2546 defensore.
1049 2491 1104 2546 Id
1136 2501 1312 2545 autem
1354 2492 1675 2560 imprecatur
1695 2533 1709 2557 ,
1738 2491 1920 2546 dicens
1945 2509 1957 2544 :
1986 2491 2071 2545 12.

497 2579 618 2632 Non
656 2581 717 2632 sit
743 2581 821 2633 illi
859 2580 1084 2652 adjutor.
1117 2580 1250 2634 Mala
1296 2582 1436 2634 enim
1477 2580 1561 2633 vel
1593 2581 1703 2650 ipsa
1735 2595 1830 2650 per
1872 2595 1931 2636 se
1956 2589 2081 2635 sunt

495 2671 844 2724 intolerabilia
869 2688 880 2723 :
901 2671 1113 2740 quando
1129 2680 1306 2726 autem
1331 2686 1396 2726 ne
1415 2671 1662 2726 defensor
1678 2669 1890 2740 quidem
1907 2671 2079 2735 adest,

472 2769 618 2818 -snnt
639 2761 794 2832 longe
811 2763 1071 2832 graviora.
1093 2760 1203 2815 Nec
1223 2763 1285 2816 sit
1306 2763 1390 2831 qui
1415 2762 1707 2815 misereatur
1726 2763 1935 2832 pupillis
1953 2763 2080 2832 ejus.

497 2854 676 2923 Papar,
694 2862 888 2923 quanta
914 2853 1010 2908 irae
1030 2853 1356 2923 magnitudo,
1375 2853 1588 2923 quando
1613 2868 1677 2907 ne
1699 2853 1943 2907 orbitatis
1964 2853 2081 2923 qui—

495 2946 618 3000 dem
660 2946 1010 2999 immaturitas
1058 2945 1475 2999 misericordiam
1522 2942 1861 3013 assequitur,
1911 2957 2082 3012 neq-ie

501 3039 604 3093 hoc
631 3039 837 3105 solum,
867 3037 973 3092 imo
998 3037 1047 3092 ei
1074 3037 1232 3091 etiam
1264 3046 1559 3091 extremum
1583 3036 1804 3089 exitium
1832 3033 2080 3090 aﬂertur!

495 3130 627 3184 Nam
657 3129 772 3183 ait:
806 3129 891 3182 15.
935 3125 1089 3182 Fiant
1114 3127 1219 3180 nati
1246 3128 1354 3198 ejus
1377 3127 1430 3180 in
1470 3126 1742 3179 interitum.
1774 3123 1842 3178 In
1876 3141 2084 3196 genera-

499 3224 632 3276 tione
660 3237 761 3276 una
801 3222 1028 3275 deleatur
1071 3236 1253 3274 nomen
1299 3221 1427 3290 ejus.
1465 3219 1651 3274 Vidisti
1678 3221 1975 3275 orationem
2007 3220 2083 3274 ira

503 3312 737 3380 plenam,
764 3321 818 3367 et
844 3328 963 3382 qua:
989 3327 1050 3366 se
1079 3327 1185 3366 nou
1209 3311 1486 3380 reprimit?
1514 3309 1672 3381 Optat
1697 3320 1756 3365 ut
1779 3310 1878 3380 ipsi
1903 3309 2086 3363 vivant

499 3404 550 3458 in
581 3404 723 3457 varia
746 3410 800 3456 et
825 3402 1103 3472 multiplici
1129 3412 1288 3472 atque
1311 3402 1488 3457 omnis
1514 3401 1723 3471 generis
1743 3401 1957 3460 miseria
1979 3442 1994 3468 ,
2027 3409 2082 3454 ει

497 3496 698 3563 absque
725 3493 828 3546 ulla
873 3493 1102 3547 nominis
1145 3492 1226 3547 sui
1268 3492 1402 3547 fama
1443 3492 1676 3547 funditus
1705 3493 1988 3547 intereant.
2021 3492 2088 3546 Et

499 3584 720 3656 perinde
743 3599 806 3639 ac
833 3584 877 3639 si
906 3599 1012 3639 non
1037 3583 1266 3639 sufficiat
1288 3585 1517 3639 filiorum
1538 3585 1830 3651 calamitas,
1859 3584 2083 3653 subjun-

500 3677 577 3746 git
604 3690 787 3729 rursus
822 3693 836 3726 :
867 3674 954 3729 ﬂ.
987 3673 1054 3727 In
1083 3675 1374 3728 memoriam
1404 3677 1575 3728 redeat
1613 3675 1849 3746 iniquitas
1887 3685 2088 3745 patrum

499 3770 628 3837 ejus,
652 3775 699 3819 et
723 3775 984 3836 peccatum
1005 3767 1178 3818 matris
1199 3766 1308 3836 ejus
1330 3781 1431 3819 non
1451 3765 1696 3818 deleatur.
1722 3766 1808 3819 15.
1833 3767 1912 3835 (a)
1933 3763 2087 3819 Fiant

497 3867 674 3912 contra
699 3856 974 3910 Dominum
1001 3873 1198 3925 semper
1215 3897 1231 3923 ,
1256 3866 1302 3910 et
1329 3857 1580 3926 dispereat
1601 3857 1664 3910 de
1694 3867 1827 3909 terra
1849 3859 2089 3910 memoria

494 3966 688 4004 eorum.
723 3948 817 4004 Est
845 3949 986 4003 enim
1019 3947 1264 4002 maximae
1308 3947 1599 4002 iracundiae
1623 3989 1640 4014 ,
1669 3948 1741 4002 ita
1782 3948 2084 4001 minutatim

497 4040 847 4106 distribuere,
871 4054 1004 4111 quas
1028 4039 1346 4109 generaliter
1371 4039 1504 4092 dixit
1531 4038 1856 4093 calamitates
1875 4077 1892 4105 ,
1918 4049 2088 4099 etea-

495 4131 616 4185 dem
647 4129 860 4183 assidue
887 4144 1123 4184 versare.
1150 4129 1439 4200 Postquam
1465 4130 1608 4183 enim
1634 4127 1789 4195 dixit,
1820 4128 1886 4182 In
1903 4144 2090 4181 memo-

494 4222 624 4274 riam
647 4221 815 4273 redeat
831 4221 1066 4290 iniquitas
1080 4231 1281 4291 patrum
1301 4222 1433 4289 ejus,
1462 4221 1767 4290 subjunxit:
1793 4218 1860 4273 Et
1879 4237 1977 4274 non
2000 4223 2091 4274 de-

497 4313 677 4365 leatur.
706 4312 862 4382 Atqui
893 4313 1033 4368 idem
1057 4321 1173 4379 est;
1199 4313 1273 4367 ira
1308 4321 1486 4367 tamen
1509 4322 1564 4367 ut
1585 4323 1865 4383 utrumque
1891 4313 2094 4368 diceret

500 4402 747 4474 impulit;
793 4404 936 4472 quod
968 4415 1152 4458 autem
1181 4405 1292 4458 vult
1320 4405 1499 4459 dicere
1517 4446 1533 4470 ,
1566 4404 1668 4459 hoc
1697 4416 1779 4460 est
1806 4422 1820 4459 :
1851 4405 2094 4461 lnlerfice

500 4494 706 4562 ipsum,
731 4494 937 4557 occide,
980 4495 1046 4550 de
1075 4496 1251 4550 medio
1279 4496 1428 4551 tolle.
1463 4495 1657 4550 Vidisti
1688 4505 1819 4566 quot
1859 4497 1967 4551 sint
1992 4497 2094 4551 im-

500 4585 868 4655 precationes?
896 4586 1000 4640 Sed
1024 4627 1038 4651 ,
1067 4587 1110 4641 si
1137 4588 1216 4641 vis
1241 4628 1256 4650 ,
1284 4603 1383 4657 ego
1408 4603 1504 4642 eas
1533 4604 1715 4643 rursus
1739 4588 2004 4658 colligam.
2037 4590 2093 4645 ln

501 4677 695 4740 malos,
717 4677 905 4746 inquit,
923 4677 1166 4731 homines
1184 4679 1394 4741 incidat,
1421 4691 1719 4746 accusetur,
1742 4681 1810 4734 sit
1832 4682 1882 4734 in
1908 4696 2094 4735 eorum

504 4779 790 4840 poteSIate,
819 4769 1226 4836 condemnetur,
1258 4779 1486 4825 mortem
1518 4772 1705 4827 subeat
1733 4772 2092 4842 immaturam,

502 4861 705 4914 honore
732 4859 982 4928 privetur,
1018 4871 1069 4913 et
1095 4875 1163 4913 ne
1193 4861 1246 4913 in
1273 4875 1399 4916 suos
1425 4860 1659 4930 quidem,
1691 4863 1782 4916 sed
1809 4864 1860 4916 in
1891 4865 2096 4920 alienos

500 4969 622 5008 eum
656 4953 970 5007 translatum
1001 4951 1177 5006 videat
1207 4967 1220 5004 :
1253 4967 1390 5006 uxor
1417 4952 1532 5021 ejus
1552 4961 1753 5022 pereat,
1785 4964 1837 5007 et
1869 4955 1958 5008 lilii
1981 4955 2098 5024 ejus

501 5052 864 5114 paupertatem
895 5085 910 5110 ,
938 5043 1218 5097 orbitatem
1239 5083 1254 5108 ,
1283 5052 1339 5097 et
1363 5041 1522 5096 vitam
1550 5043 1911 5099 mendicorum
1937 5045 2098 5099 susti-

500 5144 696 5199 neant,
735 5133 1187 5200 condemnentur,
1218 5134 1556 5205 expellantur
1581 5133 1812 5204 undique
1836 5176 1852 5199 ,
1894 5137 2094 5191 nullum

501 5226 724 5280 habeant
743 5224 1063 5292 adjutorem,
1085 5240 1114 5278 a
1142 5224 1232 5278 Dei
1253 5223 1614 5279 benevolentia
1633 5225 1896 5291 excidant,
1921 5229 2096 5283 nullus

501 5328 568 5370 sit
609 5317 688 5372 eis
719 5327 903 5386 portus
943 5332 1039 5370 nec
1069 5315 1330 5386 refugium
1359 5332 1372 5368 :
1403 5314 1645 5370 deleatur
1690 5330 1881 5371 nomen
1921 5318 2038 5387 ejus
2065 5334 2097 5374 e

501 5417 662 5474 terra,
699 5417 880 5478 pereat
908 5408 1187 5478 inglorius,
1217 5416 1270 5462 et
1299 5417 1449 5477 pater
1475 5419 1527 5462 et
1549 5419 1718 5462 mater
1744 5408 1890 5463 luant
1913 5424 2096 5478 pinnas

503 5514 719 5554 suerum
749 5513 1108 5570 peccatorum,
1143 5501 1433 5570 pet-dantur
1459 5510 1514 5554 et
1544 5499 1780 5555 funditus
1808 5503 2088 5558 intereant.

570 5592 626 5645 2.
667 5591 857 5646 Annon
890 5608 952 5648 ea
989 5610 1107 5664 qua:
1136 5593 1276 5648 dicta
1307 5604 1431 5647 sunt
1458 5593 1754 5648 auditorem
1799 5596 2097 5666 percellunt

571 5745 641 5809 (a)
674 5738 857 5812 Versus
880 5745 1097 5812 decimus
1139 5750 1338 5812 quintus
1361 5750 1407 5796 in
1444 5751 1618 5812 aratris
1660 5754 2015 5812 praetermissus
2046 5756 2095 5804 in

490 5804 633 5858 Iidit.’
650 5804 812 5856 Nerei.
835 5814 886 5856 et
907 5806 1045 5856 Savil.
1075 5821 1140 5858 ex
1159 5804 1267 5857 aliis
1294 5823 1457 5872 exemj
1476 5804 1747 5861 larlhus'hic
1772 5817 2059 5867 restituitur.

1201 374 1259 434 S.
1298 376 1574 432 JOANNIS
1611 329 2086 432 CHRYSOSTOMI
2128 369 2441 426 ARCHIEP.
2485 369 3016 437 CONSTANTINOP.

3631 355 3763 431 ἐδει

2183 499 2236 545 ει
2278 489 2754 559 obstupelhciunt?
2801 494 2992 547 Annon
3027 490 3166 547 scire
3207 491 3478 546 desideras
3527 493 3770 562 quisnam

2182 589 2300 647 est,
2327 583 2418 651 qui
2441 583 2519 638 sic
2546 593 2630 638 est
2649 583 3032 639 condemnatus
3051 583 3074 635 ?
3093 583 3148 638 Si
3177 583 3318 637 enim
3340 624 3356 649 ,
3383 598 3505 637 cum
3529 583 3775 637 audimus

2191 670 2462 727 hominem
2488 673 2698 743 probris
2718 684 2772 728 et
2790 673 3088 728 maledictis
3106 672 3266 739 affici,
3291 687 3537 743 rogamus
3561 673 3777 728 adstan-

2187 771 2271 818 tes
2290 803 2308 830 ,
2334 771 2395 818 ut
2420 763 2599 819 dicant
2622 765 2741 835 quis
2779 765 2852 822 sit
2877 765 2968 836 qui
3007 765 3123 819 hmo
3149 763 3330 819 audiat
3359 782 3374 818 :
3406 764 3579 818 multo
3608 768 3780 836 magis

2184 871 2303 908 cum
2332 856 2646 925 prophetam
2677 856 2790 913 lure
2818 858 3198 927 imprecantem
3227 857 3475 912 audimus
3496 898 3512 924 ,
3556 872 3780 914 necesse

2183 956 2265 999 est
2293 946 2519 1013 discere,
2553 945 2709 1016 idque
2729 962 2849 1001 cum
2879 948 3070 1002 timore
3096 961 3160 1001 ac
3187 959 3352 1011 metu,
3379 947 3499 1016 quis
3526 947 3592 1001 sit
3615 964 3776 1017 quem

2186 1046 2292 1090 tam
2321 1038 2606 1094 vehemens
2622 1039 2815 1093 invasit
2844 1039 3134 1105 iracundia,
3163 1040 3282 1110 quis
3305 1041 3374 1093 sit
3400 1041 3489 1109 qui
3516 1039 3775 1108 Spiritum

2183 1137 2423 1182 sanctum
2451 1137 2595 1182 tanta
2620 1128 2798 1183 affecit
2837 1129 3072 1197 tristitia,
3097 1139 3156 1184 ut
3184 1137 3262 1184 tot
3289 1144 3486 1199 genera
3514 1132 3778 1185 malorum

2185 1217 2414 1272 audiret.
2441 1217 2712 1273 Psalmum
2740 1235 2888 1291 ergo,
2913 1221 2955 1273 si
2982 1220 3242 1279 videatur,
3271 1220 3512 1274 dicamus
3539 1221 3606 1273 ab
3629 1218 3777 1275 initio

2185 1321 2306 1360 cum
2330 1322 2516 1376 magna
2537 1310 2850 1364 attentione.
2873 1309 3040 1364 Nemo
3062 1320 3238 1364 autem
3261 1309 3619 1379 perturbetur.
3644 1311 3778 1366 Nar—
3812 1307 3822 1312 ’

2191 1400 2321 1454 rabo
2361 1401 2503 1454 enim
2547 1417 2705 1471 quam
2750 1413 2938 1472 potero
2979 1405 3380 1460 accuratissime
3405 1415 3458 1458 et
3483 1405 3778 1475 diligentis-

2186 1492 2343 1545 sime.
2393 1490 2508 1545 Νυη
2553 1501 2636 1546 εει
2678 1493 2818 1547 enim
2867 1509 3084 1563 parvum
3131 1495 3274 1565 quod
3326 1497 3583 1565 quarritur
3625 1514 3639 1550 :
3679 1498 3775 1552 sed

2187 1597 2350 1635 unum
2381 1582 2593 1652 quidem
2621 1591 2676 1637 et
2701 1585 2958 1653 primum,
2990 1601 3218 1654 quanam
3246 1586 3312 1641 de
3337 1601 3498 1641 causa
3525 1628 3538 1651 ,
3568 1603 3688 1643 cum
3733 1590 3777 1641 is

2187 1683 2499 1744 peccasset,
2526 1674 2614 1744 qui
2645 1675 2853 1744 probris
2897 1677 3164 1745 appetitur
3185 1718 3200 1743 ,
3236 1677 3327 1731 filii
3358 1678 3474 1747 ejus
3515 1695 3634 1734 cum
3661 1679 3778 1749 ipso

2192 1765 2518 1833 puniuntur,
2558 1773 2613 1818 et
2653 1779 2787 1819 uxor
2814 1774 2868 1820 et
2910 1777 3176 1835 parentes.
3210 1767 3512 1823 Secundum
3554 1781 3768 1837 autem,

2188 1855 2305 1923 quis
2333 1863 2414 1908 est
2443 1855 2485 1908 is
2509 1856 2597 1924 qui
2627 1857 2977 1912 maledicitur.
3007 1858 3244 1914 Tertium
3274 1869 3480 1928 autem,
3509 1863 3776 1932 quomoda

2188 1945 2434 2014 princeps
2463 1945 2824 2013 apostolorum
2861 1948 3093 2003 ostendit
3116 1948 3256 2002 hunc
3282 1951 3550 2006 Psalmum
3579 1953 3776 2006 dictum

2188 2049 2307 2089 esse
2337 2035 2404 2089 de
2428 2033 2562 2089 Juda
2591 2077 2605 2098 ,
2637 2037 2718 2090 vel
2765 2039 2939 2106 potius
2978 2055 3083 2092 non
3129 2047 3296 2094 totum
3326 2041 3594 2096 Psalmum
3618 2084 3632 2108 ,
3678 2045 3774 2097 sed

2189 2135 2394 2195 partem
2428 2126 2643 2181 Psalmi.
2693 2126 2952 2197 Scriptum
2991 2140 3063 2184 est
3105 2132 3277 2198 enim,
3321 2131 3528 2201 inquit,
3557 2135 3609 2186 in
3653 2133 3780 2188 libro

2190 2216 2514 2271 Paulinorum
2539 2234 2557 2271 :
2584 2218 2704 2272 Fiat
2732 2220 2973 2274 habitatio
2998 2225 3105 2292 ejus
3142 2224 3357 2289 deserta,
3396 2235 3440 2277 et
3467 2225 3518 2278 in
3547 2226 3780 2279 taberna-

2187 2309 2314 2362 culis
2336 2313 2447 2380 ejus
2481 2327 2583 2364 non
2611 2313 2674 2364 sit
2699 2312 2784 2380 qui
2804 2313 3042 2368 inhabitet
3069 2312 3202 2385 (Act.
3228 2315 3276 2368 1.
3301 2315 3415 2387 20).
3441 2313 3514 2388 (a)
3546 2317 3650 2372 Sed
3680 2320 3782 2372 hoc

2188 2399 2344 2455 nobis
2386 2401 2542 2455 aliam
2585 2417 2771 2456 rursus
2805 2405 3006 2474 przebet
3045 2405 3394 2474 quaistionem
3431 2425 3444 2460 :
3475 2423 3580 2462 non
3635 2407 3784 2462 enim

2189 2491 2388 2560 scripta
2410 2502 2533 2546 sunt
2555 2501 2776 2563 utraque
2804 2495 2854 2547 in
2882 2493 2982 2549 hoc
3005 2495 3215 2550 Psalmo
3249 2512 3262 2550 :
3293 2504 3347 2551 et
3374 2497 3494 2553 ideo
3515 2513 3620 2553 non
3641 2499 3782 2554 dixit

2189 2581 2328 2637 hunc
2358 2583 2625 2638 Psalmum
2649 2627 2663 2649 ,
2692 2585 2786 2640 sed
2817 2594 2982 2640 totum
3015 2586 3208 2642 librum
3249 2588 3602 2644 Psalmorum.
3647 2589 3778 2643 Illud

2187 2678 2329 2732 enim
2359 2695 2374 2732 :
2405 2677 2523 2732 Fiat
2553 2679 2793 2734 habitatio
2819 2681 2926 2752 ejus
2954 2682 3149 2736 deserta
3176 2683 3194 2752 (
3226 2681 3373 2736 Psal.
3407 2682 3496 2738 68.
3525 2682 3594 2738 26
3614 2683 3634 2754 )
3658 2724 3670 2744 .
3699 2695 3785 2737 est

2189 2771 2240 2825 in
2270 2771 2375 2826 alio
2402 2772 2614 2827 Psalmo
2632 2791 2644 2826 :
2665 2773 2766 2828 hoc
2791 2790 2945 2830 vero:
2967 2774 3034 2828 Et
3065 2775 3405 2846 episcopatum
3431 2778 3540 2846 ejus
3564 2778 3781 2846 accipiat

2188 2862 2338 2928 alter,
2360 2865 2412 2917 in
2441 2864 2766 2920 hoc.Petrus
2798 2874 2970 2918 tamen
3002 2875 3285 2936 utrumque
3319 2867 3490 2936 coegit
3525 2868 3575 2920 in
3617 2884 3779 2921 unum

2187 2955 2565 3010 testimonium.
2581 2956 2732 3023 Quod
2748 2957 2906 3012 etiam
2925 2958 3116 3026 ubique
3132 2958 3474 3023 facitPaulus,
3494 2967 3553 3015 ut
3571 2959 3781 3029 quando

2187 3046 2314 3102 dicit
2351 3049 2606 3116 propheta
2640 3066 2653 3104 :
2701 3049 2868 3104 Veniet
2898 3067 2960 3105 ea:
2993 3051 3120 3106 Sion
3146 3052 3230 3121 qui
3266 3052 3472 3121 eripiet,
3527 3063 3572 3105 et
3596 3067 3783 3106 avertet

2187 3141 2471 3210 lmpietates
2496 3158 2558 3195 ea;
2591 3141 2750 3196 Jacob
2781 3146 2800 3212 (
2827 3143 2979 3197 Rom.
3011 3145 3098 3199 11.
3126 3143 3196 3198 26
3227 3161 3242 3210 ;
3267 3143 3398 3198 Isai.
3424 3144 3513 3198 59.
3544 3144 3615 3200 20
3641 3147 3678 3214 ).
3718 3143 3785 3197 Et

2187 3231 2282 3284 hoc
2305 3231 2376 3284 eis
2409 3247 2471 3284 ex
2509 3248 2586 3285 me
2613 3242 2992 3301 testamentum,
3031 3235 3236 3299 quando
3277 3234 3529 3289 abstulero
3573 3246 3785 3304 peccata

2183 3318 2362 3376 'eorum
2393 3321 2411 3393 (
2436 3322 2562 3377 Isai.
2591 3323 2681 3377 9.7.
2714 3324 2810 3395 9).
2850 3323 2988 3391 Quid
3018 3335 3194 3381 autem
3217 3365 3233 3392 ,
3261 3325 3453 3379 dixerit
3481 3325 3743 3395 quiSpiain
3766 3367 3782 3386 ,

2189 3428 2256 3468 an
2280 3413 2329 3468 id
2357 3415 2498 3483 quod
2525 3414 2722 3470 dictum
2753 3424 2853 3481 est,
2881 3416 3180 3485 prophetia,
3213 3431 3277 3469 an
3306 3417 3617 3485 imprecalio
3647 3427 3726 3470 est
3754 3418 3779 3468 ἲ

2191 3505 2477 3574 Pr0phetia
2510 3507 2610 3560 sub
2639 3506 2817 3575 specie
2845 3506 3258 3575 imprecationis.
3288 3506 3421 3560 Nam
3447 3507 3604 3561 etiam
3647 3506 3770 3559 alihi

2192 3598 2293 3653 tale
2313 3599 2435 3669 quid
2460 3599 2791 3654 inveniemus
2817 3617 2830 3653 :
2861 3599 2911 3654 id
2937 3598 3102 3655 Jacob
3127 3615 3337 3669 quoque
3359 3599 3497 3654 fecit.
3522 3599 3784 3666 Quoniam

2189 3692 2332 3746 enim
2359 3693 2645 3761 oportebat
2670 3691 2941 3747 auditores
2961 3693 3132 3760 juvari
3163 3707 3226 3746 ex
3260 3693 3325 3747 iis
3353 3707 3472 3762 qua:
3500 3693 3620 3746 aliis
3656 3707 3783 3746 cve-

2191 3783 2404 3838 niebant
2425 3824 2441 3850 ,
2473 3783 2780 3854 prophetias
2805 3785 3000 3839 multas
3021 3783 3123 3839 hoc
3150 3783 3309 3838 modo
3332 3784 3583 3848 efferunt,
3613 3794 3669 3837 ιιι
3697 3786 3781 3838 vel

2192 3877 2308 3946 ipso
2350 3878 2510 3932 modo
2562 3877 2866 3948 proferendi
2907 3887 3165 3948 augeatur
3201 3887 3376 3932 metus
3407 3877 3457 3930 in
3489 3878 3782 3946 republica.

2191 3971 2375 4042 Neque
2404 3972 2545 4026 enim
2587 3972 2806 4042 perinde
2845 3973 2999 4028 estsi
3033 3971 3179 4028 dicas
3211 3991 3225 4028 :
3255 3973 3351 4028 llic
3381 3972 3483 4028 hoc
3527 3972 3610 4026 vel
3656 3971 3786 4026 illud

2193 4063 2441 4131 patietur,
2471 4078 2532 4116 ac
2558 4067 2602 4118 si
2633 4063 2684 4117 id
2715 4073 2773 4118 ut
2797 4063 2963 4117 iratus
2990 4074 3042 4119 et
3069 4064 3372 4134 indignatus
3394 4063 3685 4118 induxeris.
3721 4063 3788 4117 Et

2193 4153 2333 4221 quod
2358 4152 2471 4212 lucc
2501 4169 2605 4206 non
2636 4163 2835 4208 temere
2856 4153 3194 4224 pronuntiem
3216 4197 3230 4219 ,
3259 4170 3326 4209 ex
3353 4155 3529 4209 verbis
3561 4154 3790 4225 prophe-

2202 4245 2322 4298 ticis
2350 4245 2452 4299 hoc
2479 4244 2629 4300 vobis
2654 4243 2990 4300 manifestum
3013 4245 3251 4300 reddam.
3277 4245 3441 4300 Jacob
3469 4247 3634 4312 enim,
3665 4261 3787 4300 cum

2195 4344 2339 4389 esset
2382 4335 2672 4390 moriturus
2697 4376 2712 4400 ,
2746 4333 2923 4389 Venite
2943 4377 2958 4400 ,
2991 4335 3162 4404 inquit
3204 4336 3324 4389 filiis
3357 4339 3466 4390 suis
3490 4378 3504 4401 ,
3549 4346 3596 4390 et
3621 4337 3790 4390 dicam

2195 4426 2331 4496 quod
2360 4437 2647 4479 eventurum
2664 4427 2729 4480 sit
2755 4427 2891 4480 vobis
2908 4427 2960 4479 in
2992 4427 3163 4481 diebus
3192 4427 3472 4481 novissimis
3493 4427 3512 4499 (
3537 4426 3662 4480 Gen.
3697 4428 3785 4481 b9.

2199 4519 2222 4571 1
2256 4519 2273 4586 )
2306 4527 2398 4571 :et
2425 4532 2544 4572 cum
2585 4529 2730 4573 esset
2770 4518 3212 4588 prophetaturus,
3262 4521 3438 4573 statim
3467 4536 3496 4574 a
3524 4521 3790 4590 principio

2199 4617 2466 4678 tamquam
2491 4609 2567 4662 ira
2595 4611 2844 4678 percitus,
2871 4611 3055 4680 incipit
3076 4611 3406 4680 prOphetiam
3434 4611 3502 4666 ab
3529 4614 3788 4680 impreca-

2201 4704 2362 4768 tione,
2395 4703 2473 4757 sic
2495 4703 2679 4758 dicens
2709 4720 2723 4757 :
2750 4703 2929 4758 Ruben
2957 4705 3318 4774 primogenitus
3347 4721 3506 4767 meus,
3536 4705 3694 4758 durus
3723 4707 3792 4757 ad

2199 4793 2461 4862 ferendum
2483 4833 2498 4858 ,
2534 4792 2692 4847 durus
2720 4803 2766 4847 et
2793 4803 3095 4860 contumax,
3124 4794 3288 4864 fecisti
3324 4795 3705 4854 contumeliam,
3738 4805 3790 4848 ut

2199 4900 2332 4954 aqua
2357 4901 2456 4937 non
2484 4900 2679 4938 crescas
2715 4883 2734 4953 (
2756 4883 2894 4938 Ibid.
2920 4901 2968 4938 υ.
2992 4885 3063 4954 5)
3098 4901 3112 4937 :
3141 4883 3374 4939 futurum
3419 4885 3536 4955 ejus
3571 4886 3788 4940 exitium

2201 4974 2493 5046 przedicens
2512 4975 2611 5030 sub
2631 4975 2808 5044 specie
2827 4974 3238 5044 imprecationis.
3259 4974 3330 5029 Ita
3355 4990 3559 5035 rursus.
3578 4978 3792 5047 quando

2201 5068 2336 5122 bona
2366 5067 2511 5132 dicit,
2547 5078 2726 5122 narrat
2748 5068 2845 5122 sub
2870 5068 3047 5136 Specie
3071 5069 3408 5138 precationis,
3437 5069 3620 5124 dicens
3651 5085 3669 5124 ε
3700 5069 3792 5124 Det

2200 5161 2286 5213 tibi
2317 5160 2455 5214 Deus
2489 5160 2552 5213 de
2586 5176 2699 5213 rore
2719 5161 2830 5214 (ιιιιὶ
2861 5169 2906 5214 et
2933 5159 2996 5213 de
3027 5161 3328 5232 pinguedine
3349 5172 3494 5215 terra:
3515 5161 3674 5233 (Ibid.
3699 5163 3789 5218 ‘27.

2199 5251 2270 5307 28
2293 5251 2336 5323 ).
2361 5251 2594 5307 Tametsi
2625 5252 2724 5305 hoc
2752 5267 2964 5322 quoque
2993 5262 3075 5307 est
3105 5253 3400 5323 prophetia.
3431 5253 3586 5322 Quod
3613 5265 3786 5309 autem

2202 5344 2303 5399 hoc
2329 5359 2437 5398 non
2464 5345 2532 5398 sit
2553 5343 2767 5398 humani
2793 5344 3036 5411 all'ectus,
3064 5345 3265 5399 clarum
3288 5353 3389 5399 est.
3417 5344 3549 5400 Nam
3579 5345 3630 5400 in
3652 5345 3787 5399 Cha-

2203 5453 2338 5492 naan
2367 5452 2578 5507 quoque
2609 5446 2758 5506 pater
2780 5438 2896 5503 ejus
2926 5437 3026 5491 hoc
3056 5435 3214 5502 facit,
3241 5435 3428 5492 dicens
3463 5456 3476 5492 :
3509 5437 3619 5491 Erit
3653 5437 3786 5493 Cha-

2201 5547 2335 5583 naan
2365 5545 2535 5583 servus
2576 5529 2685 5599 ejus
2711 5531 2728 5599 (
2756 5528 2892 5582 Ibid.
2932 5529 2986 5584 9.
3017 5528 3088 5583 25
3114 5530 3161 5597 );
3192 5538 3248 5583 ιιι
3284 5530 3440 5596 scias,
3476 5529 3661 5593 Deum,
3702 5530 3785 5596 qui

2203 5620 2458 5691 praevenit
2485 5635 2580 5675 eos
2605 5620 2694 5696 qui
2727 5619 2916 5690 injuria
2935 5619 3255 5687 adiciuntur,
3285 5635 3398 5686 eos,
3428 5623 3518 5692 qui
3545 5619 3787 5690 injuriam

2262 5753 2335 5815 (a)
2361 5761 2467 5820 Haec
2489 5751 2740 5820 verba,jEt
2777 5747 3102 5820 episcopatum
3118 5754 3222 5819 ejus
3240 5754 3446 5820 accipiat
3478 5755 3621 5815 alter,
3658 5756 3785 5804 exci-

2201 5816 2332 5866 disse
2362 5818 2531 5879 probat
2553 5817 2678 5879 quod
2699 5818 2936 5879 sequitur.
