4086 6268
267 359 373 416 εει

277 472 551 533 inierunt,
585 465 861 539 persequi.
886 464 1193 532 Quinetiam
1237 462 1484 519 Christus
1523 477 1736 532 quoque
1780 462 1870 516 tali

278 565 444 633 ﬁgura
467 575 596 614 usus
615 569 718 623 est,
749 557 850 610 sub
877 556 1055 634 specie
1077 553 1370 624 prephetia:
1398 551 1567 624 magis
1592 566 1871 616 revocans,

277 664 328 708 et
359 651 592 721 lugentis
619 663 769 702 more
797 647 984 701 dicens
1015 664 1029 701 :
1068 643 1157 699 Vte
1189 645 1301 709 tibi,
1324 643 1608 698 Cltorozain
1628 683 1642 707 ,
1666 658 1740 696 me
1763 641 1871 706 tibi,

281 742 556 799 Bethsaida
587 740 750 812 (Luc.
775 740 859 794 l0.
888 738 1010 809 l5).
1043 739 1109 792 Et
1140 752 1349 802 rursus,
1385 746 1443 791 ut
1471 735 1685 806 quando
1704 735 1832 789 dicit
1859 751 1875 787 :

281 834 591 896 Jerusalem,
623 830 930 892 Jerusalem,
957 845 1070 900 qua:
1096 829 1281 882 occidis
1313 827 1582 897 prophetas
1612 826 1629 895 (
1656 824 1742 878 Id.
1788 826 1875 879 l5.

283 925 352 979 54
373 925 414 994 ).
447 925 521 977 De
543 937 780 992 quonam
807 935 936 989 ergo
963 920 1161 973 dictum
1188 927 1270 973 est
1299 917 1584 972 Psalmus?
1612 916 1875 970 Nonnulla

290 1019 353 1072 de
369 1017 526 1082 Juda,
550 1014 750 1084 Spiritu
771 1028 862 1082 per
886 1012 1044 1066 David
1069 1010 1422 1080 prophetante
1445 1029 1462 1064 :
1482 1010 1680 1078 reliqua
1701 1017 1878 1061 autem

287 1108 354 1163 de
375 1108 514 1161 aliis.
548 1105 646 1160 llic
675 1105 818 1158 enim
851 1117 1033 1156 rursus
1059 1109 1140 1156 est
1167 1101 1463 1171 pr0pheti:u
1493 1099 1698 1154 modus.
1727 1098 1881 1168 Smpe

283 1208 462 1254 autem
486 1196 828 1252 inveniemus
849 1209 970 1248 eum
990 1193 1058 1246 ita
1082 1207 1203 1246 esse
1227 1191 1600 1261 compositum,
1629 1200 1686 1244 ut
1707 1205 1882 1258 prooe-

287 1295 389 1348 mia
407 1293 624 1362 quidem
648 1291 700 1344 in
731 1289 915 1351 alium,
936 1286 1139 1355 reliqua
1158 1293 1336 1339 autem
1357 1284 1602 1338 dicantur
1625 1284 1676 1336 in
1699 1283 1880 1337 alium.

287 1384 561 1439 Utautem
602 1381 707 1435 hoc
753 1379 926 1449 ipsum
965 1378 1124 1431 etiam
1167 1375 1383 1430 aliunde
1423 1374 1602 1428 videas
1627 1415 1643 1442 ,
1674 1373 1884 1443 quando

283 1474 459 1529 Judaei
489 1472 716 1543 ingressi
738 1480 862 1524 sunt
891 1469 941 1522 in
973 1478 1169 1522 terram
1200 1466 1572 1536 promissionis
1594 1507 1606 1528 ,
1643 1464 1884 1518 dividens

287 1565 572 1619 duodecim
615 1563 785 1617 tribus
813 1562 867 1614 in
895 1558 1177 1613 duodecim
1226 1566 1438 1627 partes,
1476 1556 1694 1625 jubetur
1717 1571 1747 1609 a
1777 1556 1885 1610 Deo

291 1659 448 1714 Nave
475 1658 615 1711 ﬁlius
641 1656 736 1709 has
768 1653 988 1723 quidem
1040 1651 1384 1713 benedicere,
1411 1649 1529 1702 illas
1557 1663 1686 1703 vero
1716 1649 1883 1701 male-

282 1751 497 1805 dicere.
527 1746 828 1802 Benedictio
856 1759 980 1812 ergo
1011 1753 1060 1796 et
1090 1741 1394 1795 maledictio
1415 1748 1567 1794 erant
1593 1739 1886 1808 pr0phetitc

290 1842 622 1897 futurorum.
674 1838 890 1892 Dicebat
929 1837 1072 1890 enim
1109 1853 1120 1888 :
1151 1833 1448 1887 Maledictus
1498 1831 1631 1884 tuin
1669 1831 1882 1895 civitate,

290 1934 596 1988 maledictus
621 1933 673 1984 in
700 1946 821 2001 agro
863 1929 889 1999 ι(
912 1927 1062 1981 Deut.
1089 1926 1180 1980 28.
1209 1925 1274 1978 16
1294 1923 1350 1995 );
1388 1933 1442 1978 et
1472 1922 1886 1978 innumerabiles

284 2024 562 2096 ejusmodi
589 2022 995 2093 imprecationes
1023 2019 1191 2074 tribus
1216 2018 1316 2071 illa:
1337 2025 1739 2086 componentes,
1768 2015 1888 2069 lon-

284 2133 419 2187 gam
446 2125 726 2172 texuerunt
751 2113 1068 2168 oratitmem.

373 2209 439 2264 In
475 2210 776 2264 sacerdotes
806 2205 902 2259 Dei
938 2221 1037 2260 non
1074 2203 1455 2274 insnrgendum.
1483 2202 1604 2256 Filii
1640 2203 1694 2256 in
1730 2203 1889 2256 sacris

289 2302 459 2355 literis
501 2299 591 2369 qui
640 2299 893 2351 dicantur.
920 2325 980 2338 —-
1026 2294 1128 2348 llic
1165 2295 1326 2349 etiam
1381 2293 1484 2348 dici
1538 2301 1741 2362 potest,
1791 2291 1891 2349 sub

293 2391 481 2462 specie
501 2388 888 2444 exsecrationis
908 2386 1104 2441 editam
1131 2386 1291 2440 fuisse
1313 2385 1669 2455 prophetiam,
1700 2393 1755 2440 et
1773 2401 1892 2455 quae

292 2481 454 2537 Judrc
475 2488 636 2535 erant
659 2487 912 2534 eventura
936 2477 1364 2540 annuntiantem,
1398 2491 1460 2529 ac
1489 2475 1889 2546 pratdicentem,

296 2582 352 2627 et
374 2579 556 2642 postea
584 2569 744 2625 etiam
769 2567 910 2622 aliud
935 2575 1246 2624 tractantem
1275 2576 1666 2636 argumentum,
1700 2580 1894 2636 nempe

297 2665 563 2718 adversus
597 2661 856 2732 quosdam
899 2659 989 2729 qui
1039 2659 1446 2713 insurrexerunt
1484 2669 1670 2713 contra
1715 2672 1893 2714 sacer-

299 2757 508 2812 dotium
538 2772 554 2809 :
587 2762 647 2808 ut
685 2754 918 2807 sciamus
942 2763 1196 2822 quantum
1235 2752 1306 2806 sit
1335 2752 1532 2804 malum
1581 2752 1632 2804 in
1680 2751 1774 2806 Dei
1803 2767 1894 2807 sa-

297 2849 552 2905 cerdotes
602 2839 900 2914 insurgere,
947 2844 1178 2913 doloque
1221 2851 1278 2897 et
1321 2843 1599 2912 iniquitate
1635 2842 1894 2898 adversus

309 2953 406 2993 eos
429 2937 529 2991 uti.
567 2937 697 3002 Qme
721 2935 866 2990 enim
906 2933 1049 2988 dicta
1088 2941 1230 2996 sunt,
1283 2948 1388 2986 non
1417 2932 1557 2986 aliud
1583 2941 1708 2986 sunt
1735 2947 1894 3002 quam

308 3029 555 3084 doctrina
587 3041 772 3080 eorum
802 3041 921 3094 qua:
951 3032 1075 3078 sunt
1117 3032 1374 3078 eventura
1418 3023 1482 3076 iis
1508 3025 1595 3092 qui
1623 3023 1895 3092 proximos

303 3119 503 3190 injuria
528 3118 782 3182 afﬁciunt,
813 3117 902 3187 qui
927 3116 1206 3185 insurgunt
1228 3130 1349 3169 cum
1377 3114 1504 3169 dolo
1530 3123 1584 3169 et
1609 3115 1896 3185 depravato

307 3210 493 3264 animo
518 3209 572 3264 in
611 3224 706 3264 eos
736 3208 827 3278 qui
867 3207 1066 3262 nullam
1093 3206 1333 3260 fecerunt
1368 3203 1636 3275 lnjuriam.
1669 3206 1820 3272 Quod
1849 3208 1892 3261 si

299 3309 482 3371 rogat,
517 3308 574 3352 ut
603 3298 764 3353 etiam
798 3296 892 3351 lilii
920 3297 1230 3367 puniantur,
1266 3294 1318 3349 id
1349 3311 1419 3349 ne
1451 3306 1502 3349 te
1535 3295 1832 3359 conturbet,
1863 3310 1896 3349 ο

294 3388 504 3444 dilecte
535 3407 549 3443 :
580 3388 668 3443 hic
697 3387 840 3442 enim
881 3386 1012 3444 dicit
1055 3386 1192 3440 ﬁlios
1231 3401 1326 3442 eos
1361 3387 1450 3455 qui
1503 3385 1716 3440 fuerunt
1766 3387 1896 3440 socii

300 3495 499 3534 eorum
538 3478 912 3548 improbitatis.
942 3477 1090 3534 Solet
1124 3477 1266 3532 enim
1311 3477 1585 3546 Scriptura
1627 3477 1897 3547 appellare

302 3569 468 3636 ﬁlios,
498 3578 555 3625 et
579 3584 674 3623 eos
699 3569 786 3638 qui
814 3577 939 3622 sunt
964 3569 1283 3638 cognatione
1310 3568 1428 3633 ﬁlii,
1457 3578 1511 3623 et
1538 3583 1631 3622 eos
1658 3569 1747 3637 qui
1778 3567 1895 3623 fue-

299 3671 433 3716 runt
461 3661 593 3714 socii
621 3661 920 3728 aliquorum
965 3657 1358 3727 improbitatis,
1396 3657 1606 3712 etiamsi
1639 3673 1746 3711 non
1789 3658 1898 3712 sint

297 3764 502 3806 natura
548 3750 661 3816 lilii,
704 3758 763 3803 ut
800 3748 1013 3818 quando
1058 3747 1234 3802 dicit:
1270 3746 1372 3802 Vos
1413 3749 1512 3820 ﬁlii
1555 3749 1743 3803 diaboli
1780 3750 1898 3803 estis

293 3841 492 3910 (Joan.
524 3840 578 3896 8.
611 3839 726 3910 44).
759 3839 917 3909 Atqui
957 3854 1062 3893 non
1089 3849 1245 3893 erant
1272 3839 1444 3894 Judaei
1473 3848 1660 3895 natura
1697 3840 1897 3894 diaboli

293 3932 430 3986 lilii.
462 3930 742 3999 Quomodo
775 3930 918 3984 enim
944 3938 1125 3984 essent
1153 3929 1249 3982 ﬁlii
1290 3931 1441 3998 ejus,
1473 3931 1563 3999 qui
1592 3939 1676 3984 est
1717 3931 1898 3984 incor~

293 4036 532 4095 porcus,
556 4036 678 4075 cum
702 4020 803 4090 ipsi
827 4020 935 4074 sint
954 4035 1116 4075 carne
1135 4020 1486 4074 circumdati?
1514 4019 1620 4074 Sed
1643 4022 1900 4076 societate

296 4117 382 4169 im
393 4113 674 4182 probitatis
703 4111 1116 4166 attraxeruntad
1143 4126 1202 4165 se
1223 4112 1618 4180 cognationem.
1643 4111 1719 4164 Ita
1741 4112 1898 4165 etiam

292 4219 409 4261 eos
430 4203 576 4273 ejicit
603 4218 633 4256 a
678 4217 878 4273 genere
925 4202 1156 4257 Abraha:
1176 4241 1193 4268 ,
1221 4202 1408 4258 dicens
1439 4221 1452 4256 :
1485 4204 1548 4258 Si
1588 4205 1757 4258 essetis
1805 4205 1902 4272 ﬁlii

297 4299 562 4361 Abraltte,
591 4312 750 4366 opera
779 4295 998 4349 Abralur
1039 4296 1266 4364 faceretis
1293 4295 1474 4366 (Joan.
1515 4295 1570 4350 8.
1598 4296 1716 4366 39).
1746 4295 1900 4362 Quod

299 4387 457 4444 enim
507 4387 646 4440 ﬁlius
675 4400 781 4441 non
826 4386 1073 4455 puniatur
1117 4401 1214 4455 pro
1259 4393 1432 4455 patre,
1463 4401 1562 4441 nec
1610 4397 1762 4455 pater
1802 4401 1900 4456 pro

303 4482 444 4544 tilio,
472 4480 642 4534 cuivis
666 4489 748 4533 est
774 4476 1135 4532 manifestum.
1169 4478 1283 4532 Hoc
1311 4479 1475 4532 etiam
1517 4478 1818 4534 ostenditur
1845 4481 1900 4534 in

307 4572 435 4641 lege
463 4570 664 4624 dictum
694 4583 816 4624 esse
834 4608 851 4632 ,
880 4568 982 4622 nisi
1029 4576 1211 4623 tamen
1240 4571 1410 4637 ipsum
1440 4569 1579 4624 male
1626 4571 1896 4635 instituat;

305 4672 367 4718 et
403 4671 531 4720 tunc
556 4678 662 4721 non
691 4677 789 4732 pro
817 4663 958 4730 ﬁlio,
988 4662 1084 4719 sed
1117 4677 1212 4732 pro
1241 4676 1336 4718 sua
1378 4662 1594 4733 punitur
1631 4664 1896 4733 socordia,

304 4755 453 4808 sicut
477 4753 595 4808 lleli
626 4755 706 4822 (1.
734 4753 862 4823 Reg.
892 4753 944 4807 5.
971 4752 1086 4822 13).

382 4844 437 4898 5.
477 4842 538 4898 Si
583 4849 760 4897 autem
808 4844 1047 4910 videtur,
1093 4844 1361 4899 Psalmum
1407 4858 1798 4914 prosequamur
1831 4846 1900 4901 ab

304 4933 488 4989 initio.
507 4934 666 5001 Deus,
688 4934 889 4988 laudem
919 4952 1083 4989 meam
1101 4951 1164 4989 ne
1180 4937 1412 4989 tacueris.
1441 4935 1594 4990 Alius
1618 4945 1793 4991 autem
1819 4937 1900 4993 in-

306 5035 524 5094 terpres
542 5025 675 5079 dicit
701 5041 732 5100 ε.
767 5023 923 5090 Deus,
969 5025 1252 5080 laudationi
1292 5041 1417 5080 mea:
1457 5043 1519 5080 ne
1557 5026 1897 5082 obsurdueris.

300 5116 503 5183 Alius,
536 5115 620 5170 Ne
643 5116 880 5182 silueris;
911 5117 1012 5172 hoc
1050 5125 1163 5182 est,
1194 5116 1274 5173 Ne
1303 5117 1712 5188 praetermiseris
1747 5121 1901 5188 puni-

302 5211 540 5276 tionem,
569 5208 666 5264 sed
691 5223 880 5280 ptenas
907 5223 1059 5264 sume
1082 5209 1152 5264 de
1177 5209 1242 5264 iis
1267 5225 1384 5280 quas
1409 5210 1546 5266 facta
1567 5219 1711 5265 sunt.
1739 5211 1820 5266 Tu
1839 5227 1900 5268 es

302 5301 456 5357 enim
479 5299 766 5371 gloriosus,
790 5314 1031 5370 magnus,
1053 5309 1103 5354 et
1125 5308 1274 5369 potes
1304 5301 1420 5356 haec
1434 5302 1722 5371 corrigere.
1754 5301 1898 5368 Quo-

301 5393 452 5446 niam
482 5407 539 5446 os
567 5391 868 5461 peccatoris,
897 5400 944 5445 et
967 5407 1022 5446 os
1051 5389 1214 5444 dolosi
1258 5407 1408 5462 super
1434 5407 1513 5445 me
1533 5401 1767 5461 apertum
1804 5403 1897 5448 est.

233 5483 236 5485 ’
303 5480 538 5551 Loquati
563 5489 682 5535 sunt
706 5480 972 5535 adversum
999 5496 1078 5535 me
1098 5480 1272 5550 lingua
1300 5479 1495 5546 dolosa,
1521 5491 1567 5535 et
1583 5482 1901 5539 sermonibus

303 5577 417 5630 odii
430 5576 872 5631 circumdederunt
887 5593 984 5643 me,
1005 5587 1053 5630 et
1073 5589 1480 5648 expugnaverunt
1500 5596 1578 5634 me
1591 5581 1771 5651 gratis.
1791 5579 1900 5636 Pro

303 5681 373 5723 eo
387 5675 440 5720 ut
463 5683 544 5719 me
559 5666 844 5736 diligerent,
864 5668 1184 5721 detrahebant
1205 5669 1326 5721 milti
1342 5684 1359 5722 :
1376 5686 1464 5740 ego
1481 5679 1650 5724 autem
1669 5671 1896 5726 orabam.

389 5754 611 5811 I’eccata
640 5757 811 5810 dedita
836 5774 985 5827 opera
1005 5760 1288 5825 commissa,
1322 5762 1553 5831 graviora
1574 5771 1785 5818 sunt.—.
1805 5764 1893 5820 Vi—

1399 344 1763 404 EXPOSITIO
1803 343 1868 402 IN
1909 345 2231 404 PSALMUM
2269 347 2445 403 CVI".

3448 352 3561 409 26‘)

1982 460 2104 515 disti
2138 461 2398 532 insignem
2429 463 2862 532 improbitatem?
2892 464 3067 520 vidisti
3098 465 3406 522 insidiarum
3436 482 3564 522 con-

1981 552 2374 620 spiratiouem?
2423 554 2600 608 vidisti
2649 555 2880 610 studium
2937 559 3399 626 praemeditatum?
3454 561 3566 616 Hoc

1983 647 2124 699 enim
2155 647 2317 702 Deum
2349 649 2578 701 maxime
2607 649 2800 714 irritat,
2831 652 3046 721 quando
3079 652 3349 718 consulto,
3387 652 3563 709 dedita

1984 752 2144 807 opera
2167 753 2232 793 ac
2262 741 2428 795 multa
2463 740 2656 794 techna
2682 743 2750 795 ab
2776 743 3030 810 improbis
3057 745 3194 798 mala
3230 745 3381 801 fiunt.
3411 749 3567 802 Aliud

1981 829 2248 893 estenim,
2266 844 2391 884 cum
2408 831 2528 900 quis
2548 831 2802 900 deceptus
2824 841 2878 887 et
2894 833 3146 889 seductus
3168 836 3396 902 labitur;
3422 839 3568 893 aliud

1985 933 2105 972 cum
2135 919 2253 990 quis
2282 921 2464 975 vitium
2507 932 2564 976 et
2608 923 3002 992 improbitatem
3041 937 3288 991 exercet;
3332 937 3388 983 et
3426 930 3570 984 aliud

1986 1025 2190 1075 rursus,
2212 1012 2354 1081 quod
2370 1021 2452 1066 est
2466 1013 2667 1068 crimen
2686 1013 2998 1078 maximum,
3019 1018 3234 1086 quando
3254 1033 3313 1072 se
3330 1018 3572 1089 improbe

1987 1112 2177 1170 gerunt
2217 1103 2270 1156 in
2304 1118 2425 1158 eum
2457 1104 2545 1174 qui
2578 1115 2788 1159 nonest
2816 1106 3108 1175 improbus.
3142 1109 3376 1164 Dicendo
3403 1113 3565 1174 enim,

1991 1191 2098 1246 Pro
2121 1210 2180 1247 eo
2209 1203 2264 1246 ut
2290 1211 2367 1248 me
2387 1194 2650 1266 diligerent
2673 1237 2688 1262 ,
2717 1196 3045 1252 detrahebant
3079 1201 3225 1266 mihi,
3267 1201 3399 1256 nihil
3425 1204 3571 1258 aliud

1988 1283 2272 1353 signiﬁcat,
2303 1299 2460 1354 quam
2485 1301 2581 1340 eos
2611 1287 2937 1342 benefactori
2958 1329 2974 1352 ,
3001 1300 3057 1344 et
3081 1292 3133 1344 ei
3159 1292 3249 1361 qui
3274 1291 3466 1362 dignus
3491 1303 3577 1348 est

1987 1376 2174 1437 amari,
2202 1383 2258 1430 et
2282 1375 2475 1430 bonam
2495 1380 2982 1434 remunerationem
3001 1385 3279 1452 consequi,
3303 1387 3573 1440 contraria

1990 1465 2303 1533 rependere.
2339 1468 2446 1537 Ego
2475 1476 2641 1521 autent
2670 1470 2896 1522 orabam.
2922 1471 3114 1526 Vidisti
3143 1473 3575 1544 philosophiam?

1991 1557 2169 1611 vidisti
2220 1559 2682 1614 moderationem?
2731 1561 2908 1616 vidisti
2955 1566 3454 1621 mansuetudinem?
3501 1569 3580 1623 vi-

1990 1648 2117 1702 disti
2161 1649 2354 1704 animae
2405 1653 2690 1720 pietatem?
2737 1653 2852 1707 Non
2904 1657 3174 1723 armabar,
3230 1658 3428 1728 inquit,
3477 1677 3580 1715 nec

1990 1747 2175 1794 contra
2197 1756 2317 1795 eum
2337 1743 2502 1797 aciem
2527 1743 2850 1798 instruebam
2871 1761 2886 1808 ;
2913 1745 3008 1799 sed
3029 1748 3094 1800 ad
3118 1756 3171 1802 te
3186 1751 3577 1820 confugiebant,

1992 1838 2138 1884 tuum
2180 1832 2532 1900 implorabam
2579 1835 2871 1898 auxilium,
2903 1845 3046 1890 tuam
3084 1853 3272 1908 opem,
3313 1857 3458 1895 arma
3491 1851 3577 1896 tua

1996 1923 2389 1989 potentissima,
2414 1932 2564 1978 tuum
2593 1925 3006 1996 inexpugnabile
3027 1929 3354 1997 prmsidium.
3383 1933 3580 1990 Deinde

1995 2025 2114 2064 cum
2142 2012 2209 2066 de
2238 2013 2373 2067 Juda
2405 2013 2645 2080 dixisset,
2676 2017 2945 2084 quomodo
2975 2021 3210 2089 seipsum
3242 2033 3421 2080 morte
3449 2041 3582 2080 eon-

1996 2103 2304 2171 demnavit,
2357 2107 2629 2175 quomodo
2672 2108 2930 2163 adversus
2978 2113 3214 2180 seipsum
3259 2118 3576 2170 sententiam

1997 2195 2136 2258 tulit,
2167 2196 2439 2264 quomodo
2483 2213 2542 2252 se
2589 2201 2967 2268 strangulavit,
2995 2204 3263 2272 quomodo
3299 2206 3416 2276 ejus
3457 2224 3583 2277 apo-

1996 2285 2223 2341 stolatus
2252 2287 2534 2342 translatus
2577 2296 2660 2344 est
2699 2290 2751 2343 in
2797 2291 2979 2358 alium,
3020 2309 3202 2349 rursus
3233 2297 3380 2366 prius
3424 2313 3584 2368 argu-

1996 2385 2233 2429 mentum
2266 2379 2618 2447 persequitur.
2649 2379 2780 2434 Nam
2805 2381 2920 2436 haec
2945 2399 3156 2454 quoque
3177 2397 3260 2441 est
3286 2389 3584 2460 praphetia:

1995 2466 2223 2536 species,
2255 2482 2556 2524 sermonem
2593 2471 3008 2542 interrumpere,
3055 2484 3110 2530 et
3145 2476 3376 2547 aliquam
3420 2479 3584 2534 histo-

1997 2558 2130 2611 riam
2173 2558 2414 2627 iujicere,
2442 2575 2612 2630 caque
2653 2563 2916 2617 recensita
2957 2580 3140 2621 rursus
3185 2568 3251 2622 ad
3283 2570 3458 2638 priora
3501 2588 3585 2640 re-

1997 2649 2151 2704 verti.
2181 2648 2418 2705 Obscura
2453 2661 2532 2706 cst
2558 2651 2702 2706 enim
2736 2653 3012 2721 prophetia
3057 2667 3272 2725 propter
3323 2659 3586 2729 ingratum

1996 2739 2303 2795 Judacorum
2349 2741 2607 2796 animum.
2659 2742 2973 2798 Subindicat
3005 2761 3154 2816 ergo,
3188 2757 3244 2801 ut
3290 2749 3398 2817 jam
3444 2751 3584 2817 dixi,

1993 2831 2228 2901 aliquem
2285 2831 2375 2902 qui
2423 2833 2475 2886 in
2528 2833 2884 2888 sacerdotium
2940 2838 3142 2904 paravit
3196 2839 3414 2894 insidias
3462 2854 3584 2910 post

2001 2930 2210 2991 tempus
2256 2923 2578 2978 reversionis
2623 2940 2652 2977 a
2681 2925 2951 2996 Babylone
2994 2927 3094 2997 (a).
3131 2928 3185 2983 ld
3240 2941 3435 2986 norunt
3471 2930 3586 2988 stu—

1999 3013 2174 3080 diosi,
2214 3013 2304 3082 qui
2336 3013 2612 3070 historiam
2661 3015 2923 3086 legerunt.
2951 3018 3020 3073 Et
3043 3035 3171 3089 ergo
3211 3037 3400 3091 magna
3448 3026 3588 3080 mala

2002 3104 2258 3172 praedicit,
2290 3121 2481 3174 nempe
2507 3105 2740 3161 futurum
2772 3117 2827 3162 ut
2857 3109 2925 3163 sit
2949 3112 3196 3167 omnibus
3218 3114 3588 3172 defensoribus

1999 3194 2282 3249 destitutus
2315 3213 2328 3248 :
2353 3203 2410 3248 et
2435 3205 2586 3265 rogat
2609 3207 2668 3274 ut
2693 3199 2867 3253 omnis
2891 3200 2940 3254 ei
2970 3210 3156 3272 portus
3182 3204 3505 3272 obstruatur,
3534 3217 3590 3264 et

2002 3285 2200 3338 nullam
2242 3295 2561 3355 assequatur
2612 3286 3023 3354 humanitatem,
3074 3293 3454 3363 clementiam,
3497 3311 3590 3352 aut

2001 3377 2229 3430 veniam.
2271 3377 2396 3431 llarc
2426 3386 2625 3442 autem,
2660 3387 2717 3433 ut
2765 3391 2890 3435 ante
2917 3382 3026 3437 dixi
3071 3393 3122 3438 et
3153 3386 3368 3442 assidue
3406 3389 3589 3444 dicere

2000 3486 2104 3524 non
2131 3471 2356 3525 cessabo
2377 3513 2390 3534 ,
2420 3471 2667 3527 videntur
2691 3474 2906 3543 quidem
2937 3491 3055 3531 esse
3082 3477 3423 3547 imprecatio,
3458 3492 3584 3536 sunt

1999 3572 2178 3616 autem
2222 3562 2522 3631 prophetia,
2554 3579 2672 3633 quae
2706 3565 2941 3621 ostendit
2981 3571 3252 3637 quomodo
3286 3571 3421 3626 Deus
3465 3574 3590 3628 irri-

2002 3663 2164 3720 tatur,
2217 3655 2431 3724 quando
2477 3655 2684 3710 iusidian
2735 3668 2990 3727 parantur
3033 3661 3352 3716 sacerdotio.
3389 3665 3590 3718 Deinde

2001 3745 2275 3813 sigillatim
2319 3747 2656 3816 persequitur
2684 3748 3044 3814 calamitates,
3076 3761 3131 3805 et
3165 3753 3290 3806 dicit
3324 3771 3337 3806 :
3371 3755 3452 3812 lli.
3481 3755 3590 3818 Pro

2001 3851 2060 3888 eo
2089 3837 2224 3904 quod
2253 3852 2356 3891 non
2398 3846 2469 3892 est
2497 3839 2788 3892 recordatus
2827 3844 2994 3910 facere
3037 3844 3452 3899 miscricordiam.
3499 3848 3586 3900 l7.

2005 3925 2071 3978 Et
2115 3936 2442 3995 persequutus
2468 3937 2541 3980 est
2575 3927 2828 3982 hominem
2861 3929 3062 4000 inopem
3100 3941 3146 3985 et
3187 3933 3502 3997 mendicum,
3544 3954 3582 3990 et

2003 4027 2353 4086 compunctum
2380 4017 2531 4071 corde
2555 4019 2882 4086 morti/icore.
2916 4021 3026 4076 lloc
3057 4031 3140 4077 est
3167 4033 3420 4078 extrema:
3465 4041 3582 4080 cru-

2003 4110 2258 4176 delitatis,
2309 4110 2412 4164 hoc
2461 4125 2685 4165 summa:
2734 4111 3168 4180 inhumanitatis,
3223 4116 3436 4183 quando
3480 4134 3584 4171 non

2005 4200 2180 4255 solum
2214 4199 2495 4254 insidiatur
2516 4200 2804 4269 quispiam,
2836 4201 2932 4256 sed
2958 4204 3007 4257 ei
3040 4205 3340 4271 insidiatur,
3367 4207 3455 4276 qui
3491 4223 3585 4276 po-

2005 4300 2110 4346 test
2145 4305 2368 4345 movere
2393 4289 2460 4343 ad
2483 4291 2844 4357 clementiam,
2892 4301 2947 4347 et
2972 4294 3190 4349 ﬂectere
3217 4296 3281 4350 ad
3303 4300 3585 4354 commise-

2002 4382 2287 4437 rationem.
2305 4380 2405 4449 Qui
2430 4391 2514 4436 est
2529 4382 2668 4436 enim
2689 4381 2974 4451 ejusmodi,
2998 4384 3062 4439 ad
3081 4384 3308 4440 ferarum
3331 4389 3586 4445 sazvitiam

2003 4474 2294 4540 deductus,
2341 4475 2448 4528 imo
2475 4489 2602 4528 vero
2652 4474 2758 4529 illis
2800 4477 2994 4532 saevior
3032 4477 3250 4534 eﬁectus
3287 4491 3389 4535 est.
3441 4483 3586 4540 Fert!

2003 4566 2150 4622 enim
2175 4565 2358 4620 feritas
2382 4574 2573 4620 natura
2601 4566 2758 4620 insita
2785 4575 2868 4621 est
2900 4584 2913 4621 :
2945 4567 3030 4623 hic
3059 4579 3236 4624 autem
3267 4572 3474 4628 ratione
3498 4589 3586 4632 or.-

2004 4666 2182 4724 natus,
2214 4672 2366 4712 suam
2396 4656 2726 4713 nobilitatem
2760 4660 3082 4728 improbitati
3103 4662 3355 4732 prodidit.
3389 4667 3454 4722 Et
3484 4667 3584 4721 illa:

2003 4746 2219 4819 q'uidem
2248 4762 2370 4802 cum
2397 4747 2464 4804 iis
2485 4763 2605 4818 qua:
2635 4759 2756 4803 sunt
2784 4750 3020 4820 ejusdem
3045 4755 3279 4823 generis,
3301 4758 3585 4826 quamdam

2003 4839 2292 4894 amicitiam
2321 4847 2540 4894 servant
2580 4848 2635 4894 et
2674 4843 3181 4899 mansuetudinem:
3213 4847 3265 4900 hi
3305 4858 3486 4902 autent
3521 4865 3586 4905 nc

2003 4944 2343 4987 communem
2369 4931 2586 5000 quidem
2617 4941 2860 4987 naturam
2891 4943 3022 4991 sunt
3049 4938 3282 5004 reveriti,
3315 4939 3408 4993 sed
3435 4940 3588 5007 cujus

2004 5021 2286 5091 oportebat
2314 5021 2581 5087 misereri,
2612 5037 2774 5093 quem
2817 5024 2956 5079 l'erre
2981 5033 3038 5079 et
3067 5027 3274 5096 erigere
3293 5067 3310 5094 ,
3341 5042 3464 5083 eum
3490 5029 3587 5085 de-

2005 5111 2292 5167 turbabant
2316 5121 2373 5169 et
2395 5113 2727 5169 evertebant.
2757 5114 2844 5170 l8.
2875 5113 2941 5168 Et
2967 5117 3143 5170 dilexit
3162 5119 3588 5182 maledictionem.‘

2005 5212 2052 5256 et
2076 5205 2262 5258 eveniet
2286 5205 2331 5259 ei
2357 5219 2378 5259 :
2403 5215 2448 5258 et
2477 5206 2639 5260 noluit
2664 5206 3079 5272 benedictionem,
3111 5217 3159 5261 et
3183 5209 3501 5279 elongabitur
3515 5210 3582 5265 ab

2004 5311 2082 5350 eo.
2111 5295 2398 5366 Postquam
2438 5298 2634 5353 multas
2660 5297 2990 5354 calamitates
3026 5299 3074 5352 ei
3119 5299 3441 5370 imprecatus
3472 5310 3586 5369 est,

2067 5472 2141 5534 (a)
2174 5478 2292 5542 Reg.
2316 5484 2370 5541 tu
2388 5479 2628 5542 margtne,
2672 5477 2892 5542 Fortasse
2920 5473 3076 5542 innuit
3115 5475 3396 5542 Pompeium
3419 5487 3582 5534 Rotun-

2003 5533 2138 5604 num,
2163 5533 2260 5596 qui
2286 5533 2606 5604 Aristobulum
2641 5547 2675 5604 ᾳ
2709 5534 2979 5604 sacerdotio
3013 5533 3244 5604 removit,
3264 5539 3465 5604 ejusque
3487 5533 3591 5596 loco

2006 5593 2510 5666 utlrcanum_[ratrem
2531 5593 2638 5666 eius
2655 5594 2942 5666 induxit._td
2965 5593 3458 5666 vet-orontigit'paulo
3479 5593 3589 5658 ante

2003 5646 2264 5727 dirutum.
2291 5646 2720 5727 t'tistoriatn'habes
2756 5657 2881 5720 apud
2915 5646 3589 5727 7:tosephuni'i'n'tiﬁirlih;

2003 5717 2118 5830 got.
2145 5724 2244 5765 Non
2265 5730 2425 5780 usque
2448 5717 2571 5768 adeo
2593 5717 2882 5772 certum'est
2927 5721 3020 5771 hoc
3043 5717 3369 5779 'subindicar'e
3390 5717 3588 5800 chryso;

2085 5793 2236 5829 mum.

2085 5793 2236 5829 mum.
