4114 6278
528 346 632 406 263

527 456 764 516 ostendit
789 457 1042 527 deinceps
1073 471 1176 511 non
1203 458 1396 526 ipsmn,
1427 456 1518 511 sed
1552 457 1701 511 illum
1727 457 1916 512 horum
1946 456 2108 513 fuisse

527 551 848 624 principium
878 559 933 606 et
955 564 1194 615 causam,
1224 559 1282 604 ut
1308 550 1398 619 qui
1420 550 1573 606 factis
1601 552 1712 605 suis
1742 551 1832 606 Dei
1856 550 2112 606 auxilium

524 644 803 714 t'epttleril,
833 641 1178 712 divinumque
1203 641 1488 697 vindictam
1521 647 1820 698 attraxerit.
1850 642 1918 697 Et
1946 644 2112 697 induit

524 733 925 790 tnaledictionem
953 733 1085 789 sicut
1107 734 1483 799 vestimentum,
1514 743 1561 788 et
1590 734 1793 787 intrauit
1821 736 1949 788 sicut
1977 749 2113 804 aqua

523 833 575 885 in
602 829 842 884 interiora
870 829 1002 900 ejus,
1033 838 1080 884 et
1107 829 1239 882 sicut
1274 828 1441 883 oleum
1469 829 1523 883 in
1548 828 1741 884 ossibus
1764 831 1893 901 ejus.
1937 830 2033 885 llic
2056 837 2113 884 et

522 922 695 993 plaga:
723 921 1118 977 vehementiam
1136 963 1152 986 ,
1200 929 1255 976 et
1279 922 1526 992 supplicii
1555 923 1894 977 stabilitatem
1925 934 2109 979 osten~

517 1010 636 1081 dit,
677 1012 984 1084 signiﬁcans
1022 1014 1162 1069 mala
1206 1014 1453 1068 omnibus
1497 1012 1804 1069 hominibus
1847 1029 1914 1069 ex
1959 1030 2018 1070 se
2057 1023 2113 1069 et

518 1107 684 1160 animi
722 1107 805 1161 sui
845 1106 1107 1162 sententia
1149 1107 1434 1176 proficisci,
1465 1107 1554 1178 qui
1606 1108 1756 1162 factis
1804 1108 2017 1177 quidem
2056 1119 2111 1164 et

520 1198 828 1254 actionibus
871 1198 1012 1253 bona
1036 1198 1324 1268 repellunt,
1356 1199 1409 1253 in
1432 1199 1688 1268 supplicia
1713 1207 1889 1254 autem
1905 1200 2111 1270 seipsos

500 1288 786 1359 ,injieiunt.
820 1286 910 1346 19.
940 1287 1097 1343 Fiant
1123 1289 1168 1343 ei
1189 1288 1320 1343 sicut
1340 1289 1708 1355 uestimentum,
1739 1304 1837 1360 quo
1863 1290 2106 1360 operitur,

515 1389 565 1434 et
585 1379 714 1434 sicut
741 1395 892 1448 sana,
912 1395 1010 1445 qua
1033 1396 1231 1450 semper
1252 1380 1598 1450 pracingitur.
1617 1380 1732 1435 lloc
1758 1390 1935 1436 autem
1956 1380 2105 1449 dicit,

518 1473 812 1527 ostendens
850 1472 983 1527 iram
1015 1472 1104 1526 Dei
1147 1471 1504 1534 ineffabilem,
1546 1487 1668 1542 qua:
1695 1472 1826 1526 tales
1863 1472 2109 1527 homines

517 1573 893 1634 persequetur.
926 1562 1078 1632 Quod
1108 1573 1286 1618 autem
1326 1560 1477 1629 dicit,
1506 1572 1590 1618 est
1634 1563 1898 1632 ejusmodi
1931 1582 1943 1617 :
1973 1562 2105 1618 Mala

512 1672 609 1713 eos
646 1658 720 1713 ita
764 1657 1051 1720 tenebunt,
1078 1665 1137 1712 ut
1175 1672 1245 1712 ne
1287 1657 1450 1712 ullam
1497 1655 1710 1727 quidem
1759 1656 2104 1711 mutationem

500 1748 750 1804 .habeaut
793 1766 809 1803 :
863 1748 959 1803 sed
1017 1748 1071 1802 in
1122 1749 1201 1802 eis
1249 1748 1398 1801 firma
1444 1748 1734 1802 manebunt
1769 1756 1824 1801 et
1873 1747 2104 1803 stabilia.

515 1838 719 1894 Deinde
744 1839 1035 1893 ostendens
1057 1853 1178 1892 eum
1211 1839 1471 1908 castigare
1493 1838 1903 1908 improbitatem,
1934 1851 1986 1894 et
2007 1855 2105 1895 ne-

510 1930 734 2000 quitiam
758 1929 1064 2000 corrigere,
1097 1938 1151 1984 et
1184 1945 1289 1984 non
1318 1930 1370 1984 in
1412 1929 1559 1984 illum
1586 1930 1788 1996 solum,
1822 1931 1916 1985 sed
1940 1932 2103 1986 etiam

512 2020 569 2075 in
594 2032 785 2075 omnes
807 2019 899 2089 qui
937 2027 1062 2074 sunt
1102 2018 1168 2074 iis
1204 2034 1324 2089 qua:
1369 2018 1625 2074 dicuntur
1668 2019 1916 2084 obnoxii,
1968 2020 2106 2076 hanc

509 2111 851 2168 statuendam
877 2125 1000 2167 esse
1023 2112 1364 2175 sententiam,
1391 2108 1662 2180 suhjnnxit
1687 2128 1700 2167 :
1723 2111 1812 2168 20.
1841 2112 1955 2167 Hoc
1977 2129 2106 2184 opus

506 2220 681 2259 eorum
710 2203 798 2275 qui
818 2202 1092 2258 detrahunt
1121 2201 1248 2256 mihi
1269 2201 1411 2272 apud
1440 2201 1734 2256 Dominum.
1768 2201 1820 2257 Id
1845 2213 1947 2269 est,
1980 2204 2104 2261 llmc

505 2306 589 2353 est
616 2310 775 2368 pmna
796 2337 814 2363 ,
843 2297 946 2350 hoe
989 2304 1074 2351 est
1099 2295 1417 2365 supplicium
1463 2310 1647 2349 eorum
1669 2336 1684 2362 ,
1717 2296 1806 2365 qui
1847 2296 1972 2350 mihi
2009 2296 2105 2351 ad-

505 2397 809 2454 versantur,
840 2387 930 2457 qui
957 2385 1296 2451 insidiantur,
1324 2384 1412 2455 qui
1443 2385 1640 2440 bellum
1665 2394 1879 2455 gerunt,
1915 2384 1984 2439 Et
2016 2387 2103 2456 qui

492 2481 780 2549 iaquuntur
825 2476 968 2532 mala
991 2477 1233 2532 adversus
1271 2477 1496 2530 animam
1535 2492 1719 2530 meum.
1772 2476 1914 2548 Ergo
1938 2480 2100 2537 etiam

505 2585 605 2642 pro
628 2569 809 2626 verbis
837 2568 1123 2639 exiguntur
1150 2581 1345 2638 ponat,
1376 2577 1429 2622 et
1457 2581 1628 2637 paenae
1647 2569 2027 2624 acerbissima.

572 2665 630 2720 4.
658 2661 918 2719 Absoluta
944 2660 1124 2732 itaque
1142 2658 1313 2715 dehis
1338 2661 1602 2725 oratione,
1631 2660 1695 2714 ad
1721 2659 1884 2715 Deum
1912 2675 2098 2717 rursus

500 2755 746 2827 confugit
784 2767 884 2825 pro
924 2752 1040 2824 ejus
1068 2750 1405 2822 impetrando
1453 2751 1675 2806 auxilio.
1722 2750 1907 2821 Neque
1954 2752 2096 2806 enim

500 2847 645 2904 sistit
670 2847 722 2902 in
750 2858 909 2915 pmna
936 2857 1123 2900 eorum
1165 2842 1254 2913 qui
1282 2850 1472 2911 parant
1508 2841 1728 2895 insidias
1746 2882 1762 2906 ,
1793 2850 1887 2895 sed
1913 2856 2097 2896 osten-

499 2937 637 2994 deus
659 2951 754 2993 eos
773 2935 864 3006 qui
890 2933 1050 2990 malis
1074 2931 1383 2988 afficiuntur
1408 2931 1609 2987 habere
1631 2933 1790 2986 etiam
1823 2932 1986 2986 Deum
2011 2941 2096 2986 ut-

492 3039 674 3085 »torem
698 3041 795 3099 pro
818 3027 906 3089 iis,
938 3039 1072 3097 quas
1100 3023 1391 3095 accipiunt,
1419 3023 1649 3092 injuriis,
1679 3037 1741 3075 ac
1767 3022 1973 3075 firmam
2004 3036 2096 3074 va-

500 3118 776 3191 lidamque
816 3116 1030 3190 assequi
1071 3115 1461 3180 defensionem,
1511 3114 1814 3184 subjungit,
1857 3113 2088 3169 dicens:

495 3213 593 3268 2|.
629 3210 700 3267 Et
729 3221 804 3277 tu,
846 3209 1086 3276 Domine,
1115 3208 1198 3280 fac
1238 3223 1434 3262 mecum
1469 3217 1673 3277 prapter
1709 3223 1889 3261 nomen
1929 3217 2091 3262 tuum.

507 3306 639 3362 Vide
675 3313 884 3376 gratum
931 3311 988 3359 et
1031 3301 1177 3373 pium
1229 3300 1502 3365 animum,
1550 3298 1673 3353 vide
1718 3298 2092 3354 humilitatem.

500 3396 759 3464 Quamvis
786 3394 929 3450 enim
957 3393 1088 3449 satis
1119 3392 1316 3463 justam
1359 3405 1571 3445 causam
1616 3389 1839 3445 haberet
1879 3390 2091 3460 petendi

501 3486 707 3548 auxilii,
733 3483 877 3555 quod
906 3482 1046 3538 mala
1085 3490 1355 3551 pateretur
1383 3480 1510 3552 (hoc
1535 3481 1677 3535 enim
1707 3489 1881 3548 potest
1918 3480 2086 3535 videri

498 3576 558 3633 in
584 3575 766 3631 multis
796 3573 928 3630 locis
952 3571 1278 3643 Scripturae,
1308 3586 1403 3627 eos
1443 3572 1531 3641 qui
1569 3570 1639 3625 ab
1678 3569 1981 3626 hominibus
2007 3573 2091 3626 in-

496 3670 643 3743 juste
671 3667 829 3723 malis
849 3665 1154 3721 afficiuntur
1179 3664 1346 3720 libere
1373 3664 1688 3733 impetrandi
1718 3678 1748 3717 a
1771 3664 1882 3719 Deo
1908 3664 2090 3720 auxilii

492 3764 694 3835 justam
719 3767 775 3814 et
806 3758 1083 3812 honestam
1124 3755 1323 3812 habere
1346 3754 1710 3826 occasionem)
1739 3771 1752 3809 :
1778 3754 1867 3810 ille
1911 3763 2089 3811 tamen

496 3849 918 3926 prmtermittens
947 3846 1049 3903 hoc
1076 3846 1278 3913 dicere,
1308 3847 1547 3916 confugit
1575 3845 1642 3900 ad
1664 3844 1834 3900 solam
1861 3844 1957 3899 Dei
1981 3846 2091 3900 cle-

497 3942 771 4005 mentiam,
802 3950 859 3996 et
890 3938 1055 3995 dicit:
1085 3937 1196 3991 Fac
1224 3953 1418 3993 mecum
1456 3945 1660 4005 propter
1689 3952 1870 3990 nomen
1912 3945 2091 3991 tuum:

496 4031 882 4107 propemodum
908 4029 1012 4085 hoc
1038 4028 1224 4084 dicens
1255 4044 1269 4081 :
1300 4027 1415 4082 Non
1445 4027 1694 4101 quoniam
1725 4041 1842 4081 sum
1873 4025 2084 4097 dignus,

493 4124 592 4182 sed
636 4130 856 4195 propter
901 4122 1165 4191 teipsum,
1216 4118 1467 4189 quoniam
1519 4130 1580 4171 es
1596 4117 1853 4173 ‘clemens
1893 4125 1949 4173 et
1989 4117 2089 4171 mi-

495 4216 751 4274 sericors.
799 4213 869 4269 Et
912 4212 1034 4268 ideo
1075 4209 1381 4281 subiungit,
1437 4208 1570 4275 Quia
1615 4209 1783 4264 suavis
1813 4217 1888 4262 est
1935 4207 2088 4263 mise-

494 4307 722 4362 ricordia
735 4315 842 4360 tua.
864 4304 933 4360 Et
949 4313 1097 4359 recte
1118 4302 1272 4368 dixit,
1302 4300 1438 4366 Quia
1457 4300 1627 4355 suavis
1651 4310 1724 4354 est
1745 4300 2089 4355 misericordia

501 4410 611 4454 tua.
643 4396 903 4453 Homines
927 4395 1071 4451 enim
1098 4408 1243 4463 saepe
1262 4407 1370 4446 non
1396 4399 1521 4446 sunt
1547 4389 1807 4461 ejusmodi
1834 4406 1848 4444 :
1876 4404 1999 4445 nam
2023 4402 2088 4445 ea

496 4502 647 4560 sape
684 4494 907 4543 utuntur
928 4484 996 4540 ad
1036 4484 1412 4540 detrimentum
1457 4492 1512 4537 et
1533 4481 1752 4536 exitium
1782 4498 1797 4535 :
1824 4480 1918 4535 sed
1947 4480 2089 4537 Deus

500 4592 716 4649 semper
737 4574 809 4630 ad
845 4574 1150 4630 utilitatem.
1179 4572 1270 4627 εξ.
1315 4570 1498 4626 Libera
1525 4587 1637 4638 me,
1677 4571 1796 4641 quia
1821 4587 2006 4643 egenus
2042 4580 2088 4626 et

502 4686 701 4744 pauper
722 4684 835 4725 sum
853 4682 967 4740 ego.
990 4664 1058 4720 Et
1079 4681 1169 4721 cor
1186 4680 1352 4719 meum
1379 4663 1728 4717 conturbatum
1737 4673 1810 4717 est
1834 4663 1967 4717 intra
1986 4677 2085 4718 me.

506 4762 674 4821 Vides
696 4775 819 4817 eum
861 4771 1048 4815 rursus
1076 4770 1234 4814 orare
1259 4765 1317 4811 ut
1358 4761 1629 4821 servetur,
1662 4768 1766 4808 non
1798 4762 1857 4808 ut
1891 4753 1980 4824 qui
2017 4754 2089 4808 sit

500 4854 719 4928 dignus,
750 4865 853 4908 nec
873 4850 1068 4922 justus,
1096 4848 1189 4904 sed
1236 4857 1295 4901 ut
1317 4847 1405 4918 qui
1435 4846 1504 4900 sit
1540 4845 1760 4900 omnino
1784 4859 2006 4900 eversus
2031 4853 2088 4901 et

498 4947 777 5007 confectus
797 4985 815 5015 ,
842 4953 902 5000 ut
934 4943 1025 5015 qui
1053 4941 1192 4997 maia
1226 4954 1415 5011 passus
1452 4939 1523 4993 sit
1548 4936 1990 5003 innumerabilia?
2020 4937 2087 4992 Et

498 5056 590 5098 cor
616 5055 786 5095 meum
805 5034 1160 5093 conturbatum
1179 5042 1253 5089 est
1275 5031 1411 5085 intra
1438 5045 1537 5084 me.
1565 5028 1710 5082 Talis
1732 5027 1875 5091 enim
1901 5036 1982 5083 est
2005 5027 2085 5082 vis

502 5131 867 5188 calamitatum
899 5144 914 5182 :
945 5142 1051 5182 non
1080 5135 1278 5194 corpus
1305 5121 1476 5177 solum
1499 5127 1693 5186 vexat,
1717 5132 1903 5173 verum
1924 5117 2087 5173 etiam

494 5221 792 5280 mutarint
830 5218 1088 5275 animum.
1137 5215 1230 5269 25.
1277 5211 1421 5269 Sicut
1459 5209 1639 5264 umbra
1679 5225 1794 5263 cum
1830 5209 2084 5276 declinat,

490 5314 707 5371 ablatus
729 5328 875 5378 sum,
902 5324 1145 5365 «aa/russus
1173 5321 1288 5359 sunt
1326 5305 1456 5360 sicut
1490 5304 1711 5357 locustis.
1754 5302 1891 5357 Dicit
1927 5302 2090 5357 vehe-

504 5414 715 5463 mentes
756 5402 974 5459 insidias
1015 5412 1200 5455 eorum
1228 5394 1320 5465 qui
1349 5394 1496 5449 illum
1541 5392 1733 5462 injuria
1770 5391 2083 5459 affecerunt,

498 5508 718 5556 necnon
753 5495 1137 5566 malignitatem
1183 5487 1502 5545 ineffabilem
1525 5527 1538 5552 ,
1565 5493 1622 5541 et
1647 5498 1833 5540 rursus
1859 5483 2087 5554 diligen-

488 5574 639 5651 tiam
664 5602 830 5659 quam
870 5587 986 5657 ipse
1025 5584 1083 5640 in
1107 5582 1189 5638 eis
1231 5577 1492 5636 adhibuit.
1527 5577 1617 5633 24.
1656 5574 1834 5632 Genua
1873 5591 1983 5630 mea
2008 5574 2089 5628 in—

388 5670 391 5671 i
492 5686 849 5743 ‘lirmatasunt
872 5694 902 5732 a
917 5677 1138 5751 jejunio,
1162 5685 1209 5731 et
1231 5691 1351 5729 caro
1372 5682 1486 5728 “mea
1503 5672 1768 5726 immutata
1788 5677 1860 5724 est
1885 5677 2089 5740 propter

508 5776 705 5835 oleum.
727 5770 886 5829 Vides
919 5785 1164 5842 quamam
1190 5785 1338 5825 arma
1359 5774 1634 5838 comparat
1677 5762 1935 5820 adversus
1960 5762 2089 5819 insi-

1267 343 1321 400 S.
1364 343 1640 400 JOARNIS
1677 342 2151 400 CliRYSOS'I‘Olll
2182 344 2497 402 ARCIIIEP.
2529 346 3065 407 CONSTANTINOP.

3703 356 3812 417 36L

2231 459 2345 515 dias
2364 501 2378 517 .
2401 469 2455 517 et
2481 477 2599 518 eam
2619 503 2635 529 ,
2661 480 2764 535 qua
2790 467 3050 537 et.ipsum
3087 466 3384 538 vexabant,
3429 471 3813 532 afflictionemt

2220 551 2310 606 25.
2346 550 2413 603 Et
2440 567 2528 621 ego
2557 556 2721 626 factus
2746 571 2858 609 sum
2898 560 3224 629 opprobrium
3263 563 3367 617 illis
3390 579 3409 617 :
3438 566 3670 621 viderunt
3708 584 3808 637 nte,

2220 652 2479 697 moverunt
2514 646 2682 716 capita
2711 664 2822 701 sua.
2863 648 3020 705 Tales
3046 661 3171 707 sunt
3196 653 3557 723 improborum
3595 659 3756 714 animi
3788 678 3803 715 :

2220 751 2325 790 non
2347 738 2507 793 modo
2535 754 2641 794 non
2660 740 2858 797 cedunt
2886 744 3098 811 quando
3118 746 3346 802 viderint
3371 749 3574 817 justum
3604 752 3683 807 eis
3706 768 3805 822 op-

2218 839 2504 897 ponentem
2533 832 2786 901 pietatem
2812 848 2876 890 ac
2904 835 3239 906 religionem,
3267 839 3363 894 sed
3390 841 3470 895 eis
3488 842 3650 896 etiam
3679 859 3804 913 pro-

2217 920 2313 975 bra
2343 922 2610 993 ingerunt,
2637 938 2838 996 eosque
2869 927 3093 982 irrident
3120 938 3174 983 et
3200 930 3530 1000 impugnant.
3558 932 3695 999 Quid
3717 935 3804 990 hic

2214 1013 2436 1068 autem?
2462 1014 2542 1069 Ad
2588 1015 2845 1071 auxilium
2890 1019 3332 1090 inexpugnabile,
3361 1021 3428 1077 ad
3469 1039 3627 1093 opem
3669 1040 3800 1080 con-

2217 1102 2350 1173 fugit
2379 1103 2812 1174 iusuperabilem,
2842 1108 3028 1165 dicens
3055 1128 3070 1166 :
3098 1111 3188 1166 26.
3219 1112 3421 1184 Adjuva
3439 1131 3536 1184 me,
3564 1115 3799 1184 Domine,

2193 1193 2358 1249 Deus
2386 1212 2526 1251 meus
2543 1238 2558 1262 ,
2587 1209 2633 1252 et
2658 1200 2850 1254 salvum
2883 1217 2963 1254 me
2987 1201 3072 1272 fac
3097 1207 3373 1259 secundum
3406 1207 3800 1263 misericardiam

2216 1297 2378 1342 tuam.
2409 1288 2500 1343 27.
2536 1288 2601 1344 Et
2629 1292 2825 1354 sciant,
2860 1292 2982 1362 quia
3011 1309 3193 1347 manus
3218 1303 3306 1348 tua
3344 1297 3481 1363 Iure,
3510 1308 3558 1351 et
3584 1307 3657 1364 tu,
3690 1297 3795 1353 Do-

2193 1379 2382 1443 ~mine,
2425 1381 2587 1450 fecisti
2614 1397 2745 1437 eam.
2784 1382 2920 1450 Quid
2948 1393 3063 1449 est,
3096 1383 3284 1439 Manus
3324 1396 3412 1440 tua
3440 1389 3586 1442 hinc?
3623 1389 3794 1444 Tuum

2212 1470 2489 1526 auxilium.
2514 1471 2706 1537 Tuum,
2736 1473 2923 1544 inquit,
2951 1475 3273 1545 prasidium.
3304 1477 3438 1532 Nolo
3464 1481 3606 1534 enim
3627 1482 3795 1536 solum

2213 1562 2412 1616 servari
2445 1580 2457 1614 :
2487 1562 2581 1617 sed
2621 1563 2739 1618 illos
2768 1566 2927 1619 etiam
2972 1567 3111 1621 scire
3157 1582 3189 1622 a
3228 1585 3332 1638 quo
3372 1579 3616 1626 servatus
3655 1586 3793 1638 sum,

2192 1662 2273 1707 ‘ut
2299 1655 2369 1709 sit
2407 1656 2534 1709 mihi
2565 1655 2758 1726 duplex
2806 1666 3061 1727 tropteum
3083 1699 3098 1724 ,
3126 1659 3323 1730 duplex
3352 1677 3582 1729 corona,
3614 1664 3794 1733 ingens

2210 1744 2400 1811 gloria.
2428 1745 2521 1801 28.
2552 1745 2861 1801 Maledicent
2888 1748 2988 1814 illi,
3020 1758 3068 1803 et
3091 1759 3145 1803 tu
3178 1751 3454 1806 benedices.
3490 1750 3592 1818 Qui
3619 1753 3791 1808 insur-

2211 1847 2334 1908 gunt
2362 1839 2414 1891 in
2441 1854 2539 1904 me,
2569 1839 2968 1910 confundantur,
2995 1857 3166 1896 servus
3193 1851 3361 1896 autent
3383 1852 3500 1897 tuus
3521 1843 3790 1898 laetabitur.

2215 1928 2378 1983 Docet
2402 1928 2492 1983 hic
2519 1928 2815 1984 auditorem
2843 1931 3125 2001 quamdam
3156 1931 3566 2001 philosOphiam.
3598 1933 3791 1989 Osten-

2210 2019 2288 2074 dit
2315 2020 2458 2076 cnim
2485 2019 2627 2090 quod
2656 2021 2864 2077 etiamsi
2896 2021 3027 2076 diris
3068 2023 3361 2078 innumeris
3387 2023 3716 2091 devoveant,
3745 2027 3790 2079 si

2211 2113 2350 2167 Deus
2380 2113 2679 2179 benedicat,
2711 2114 2842 2168 nihil
2871 2113 3176 2170 detrimenti
3206 2129 3274 2170 ex
3303 2116 3382 2171 eis
3410 2116 3664 2186 accipiet,
3695 2117 3791 2173 sed

2208 2205 2261 2260 in
2285 2208 2429 2276 ipsos
2456 2213 2732 2261 vertentur
2757 2206 2950 2276 probra
2974 2215 3030 2261 et
3055 2206 3379 2276 ignominiae.
3409 2207 3599 2262 Seruus
3625 2219 3793 2262 autem

2208 2307 2324 2354 tuus
2346 2299 2601 2354 laetabitur
2628 2300 2679 2352 in
2703 2309 2767 2353 te.
2793 2299 2959 2354 Recte
2977 2298 3130 2365 dixit,
3146 2297 3215 2354 In
3236 2309 3301 2366 te,
3321 2300 3627 2370 significans
3648 2300 3792 2355 illinc

2209 2390 2471 2461 proficisci
2503 2391 2769 2456 la'titiam,
2801 2390 2944 2446 unde
2982 2391 3121 2445 bona
3150 2391 3575 2462 suppeditantur.
3607 2393 3793 2448 Restat

2190 2490 2267 2536 ut
2295 2480 2438 2535 lllllia
2466 2496 2552 2536 me
2580 2481 2743 2551 possit
2774 2481 3083 2551 perturbare
3109 2481 3374 2547 molestia,
3401 2497 3521 2538 cum
3545 2491 3633 2538 tua
3660 2484 3786 2538 mihi

2207 2584 2419 2628 tnaneat
2453 2574 2656 2643 integra
2701 2572 2902 2627 lmtitia.
2947 2572 3038 2628 29.
3073 2570 3368 2627 Induantur
3390 2572 3475 2643 qui
3517 2575 3789 2629 detrahunt

2204 2665 2330 2718 milii
2353 2663 2564 2733 pudore,
2593 2672 2643 2717 et
2658 2666 2952 2734 operiuntur
2970 2664 3099 2717 sicut
3117 2663 3343 2735 diplaide
3362 2665 3659 2734 confusione
3672 2680 3784 2719 sua.

2204 2755 2339 2811 Vide
2362 2755 2632 2826 quomodo
2662 2769 2844 2809 rursus
2876 2763 3028 2825 rugat
3046 2795 3061 2819 ,
3088 2765 3147 2808 ut
3175 2770 3281 2809 non
3311 2755 3482 2810 solum
3516 2755 3789 2811 tradantur

2201 2847 2484 2917 supplicio,
2508 2846 2600 2901 sed
2629 2846 2788 2901 etiam
2813 2845 3000 2915 pudori
3030 2855 3084 2899 et
3108 2846 3430 2915 ignominiaa,
3455 2857 3513 2900 ut
3541 2848 3591 2910 id
3613 2847 3683 2901 sit
3709 2849 3790 2902 eis

2197 2936 2452 2993 doctrina
2486 2938 2872 3004 correctionis,
2898 2945 2956 2992 et
2990 2941 3203 2992 occasio
3246 2937 3558 2992 mutationis
3580 2937 3635 2992 in
3678 2953 3793 2994 me-

2203 3030 2356 3084 liora.
2387 3029 2474 3084 50.
2517 3028 2805 3098 Conﬁtebor
2824 3026 3047 3083 Domino
3086 3028 3238 3082 nimis
3274 3028 3329 3081 in
3356 3043 3445 3082 ore
3485 3044 3625 3093 meo,
3648 3037 3695 3081 ct
3731 3030 3787 3083 in

2200 3120 2364 3173 medio
2390 3119 2665 3172 multorum
2695 3119 2917 3172 laudabo
2944 3134 3080 3171 eum.
3111 3117 3200 3172 5|.
3236 3117 3370 3183 Quia
3389 3118 3584 3172 adstitit
3610 3135 3642 3169 a
3662 3117 3790 3173 dea:-

2199 3210 2291 3263 tris
2320 3209 2591 3278 pauperis,
2623 3218 2682 3262 ut
2721 3209 2915 3263 salvam
2941 3210 3128 3281 faceret
3159 3224 3192 3260 a
3224 3207 3630 3277 persequentibus
3669 3209 3789 3261 ani-

2198 3318 2334 3354 mam
2377 3316 2561 3353 meam.
2608 3298 2712 3354 Pro
2762 3300 2846 3354 his
2896 3296 3146 3354 omnibus
3192 3298 3359 3353 Deum
3417 3308 3791 3353 remuneratur

2200 3389 2448 3461 hymnis,
2496 3388 2688 3455 laude,
2737 3390 3026 3459 gratiarum
3079 3389 3329 3453 actione;
3377 3391 3630 3458 prteclara
3667 3389 3787 3458 ejus

2197 3481 2333 3537 facta
2354 3479 2493 3552 apud
2516 3494 2704 3536 omnes
2723 3479 3106 3546 annuntiando,
3133 3482 3185 3534 in
3217 3479 3393 3534 medio
3414 3480 3623 3535 theatro
3648 3495 3789 3549 prae.

2195 3574 2425 3629 dicando
2462 3588 2525 3628 ea
2571 3588 2690 3643 qua:
2718 3572 2786 3626 ab
2830 3573 2919 3627 illo
2961 3573 3153 3628 collata
3183 3583 3327 3628 sunt.
3372 3573 3484 3628 [loc
3515 3572 3656 3628 enim
3699 3583 3787 3631 est

2194 3666 2536 3730 sacrificium,
2581 3666 2683 3721 hoc
2707 3663 2942 3732 oblatio,
2988 3665 3079 3720 Dei
3125 3664 3378 3719 beneﬁcia
3428 3664 3626 3720 habere
3652 3679 3784 3734 per-

2196 3766 2355 3829 petuo
2384 3757 2435 3810 in
2465 3755 2745 3821 memoria,
2780 3768 2950 3824 caque
2978 3754 3142 3809 menti
3173 3768 3285 3808 suae
3313 3754 3652 3823 imprimere,
3685 3767 3788 3809 ore

2196 3845 2521 3918 pra-dicare.
2561 3852 2617 3900 et
2657 3843 2835 3899 facere
2864 3852 2922 3898 ut
2950 3844 3066 3913 ejus
3114 3843 3368 3898 beneficia
3407 3858 3437 3896 a
3468 3843 3647 3897 multis
3683 3858 3787 3897 un-

2193 3941 2428 3996 diantur.
2471 3936 2603 3992 Nam
2649 3938 2728 3992 sic
2766 3945 2822 3991 et
2857 3937 2948 4006 qni
2988 3934 3304 3990 beneficium
3346 3935 3639 4005 acceperit,
3680 3949 3785 4004 pro

2191 4040 2345 4102 grato
2372 4030 2552 4083 animo
2592 4027 2892 4083 mercedem
2919 4027 3173 4098 accipiet,
3204 4034 3259 4081 et
3299 4026 3474 4095 majus
3512 4026 3605 4080 Dei
3629 4027 3683 4080 in
3719 4041 3787 4082 se

2193 4119 2448 4176 auxilium
2485 4118 2722 4173 attrabet
2748 4134 2762 4171 :
2790 4126 2845 4172 et
2864 4117 2952 4187 qui
3002 4116 3252 4181 audiunt,
3282 4131 3347 4171 ex
3389 4115 3455 4171 iis
3494 4130 3615 4186 qua:
3655 4115 3787 4170 aliis

2192 4214 2330 4270 facta
2357 4220 2504 4278 sunt,
2551 4210 2783 4266 evadent
2808 4209 3090 4275 meliores,
3118 4218 3175 4263 et
3198 4207 3266 4262 ad
3301 4206 3549 4262 virtutem
3590 4221 3788 4276 perse-

2191 4305 2459 4377 quendam
2486 4302 2746 4372 accipient
2773 4300 3062 4355 maximum
3090 4299 3489 4355 incitamentum
3518 4313 3585 4356 ex
3609 4298 3786 4354 bene-

2196 4400 2331 4453 ficiis
2355 4411 2475 4469 qua:
2505 4395 2572 4450 ab
2599 4394 2719 4450 aliis
2745 4402 2964 4463 accepta
2991 4401 3133 4448 sunt.

2618 4552 2683 4609 IN
2723 4548 3048 4608 psitqu
3086 4547 3198 4605 CIX
3245 4548 3347 4620 (α).

2182 4698 2248 4753 ’1.
2289 4694 2431 4750 Dixit
2456 4691 2708 4747 Dominus
2733 4688 2953 4745 Domino
2984 4704 3095 4743 meo
3117 4703 3137 4743 :
3162 4686 3298 4744 Sede
3328 4702 3361 4741 a
3401 4686 3591 4741 dextris
3627 4686 3780 4741 meis.

2265 4852 2320 4908 1.
2347 4850 2706 4919 Exsurgamus
2735 4883 2752 4910 ,
2793 4856 2996 4915 quasso,
3043 4849 3099 4896 et
3137 4840 3372 4895 animum
3412 4838 3781 4895 intendamus.

2194 4942 2438 4999 Psalmus
2473 4939 2614 4994 enim
2648 4936 2718 4991 de
2759 4932 3077 4990 sublimibus
3105 4930 3391 4986 admodum
3426 4929 3586 4985 rebus
3620 4929 3784 4998 agit,

2194 5048 2300 5089 non
2332 5033 2424 5087 uni
2454 5030 2553 5086 soli
2583 5025 2773 5083 haeresi
2802 5067 2817 5090 ,
2849 5023 2945 5080 sed
2970 5024 3134 5078 variis
3152 5031 3207 5078 et
3226 5021 3455 5077 diversis
3478 5020 3778 5077 obsistens.

2180 5129 2327 5184 Nam
2355 5124 2611 5180 adversus
2633 5119 2851 5176 Iudaeos
2880 5158 2895 5182 ,
2928 5116 3185 5171 adversus
3215 5114 3437 5169 Pauhmt
3463 5113 3786 5169 Samosate-

2192 5235 2322 5277 num
2354 5259 2370 5285 ,
2404 5216 2660 5272 adversus
2685 5210 2932 5275 Ariauos,
2961 5208 3217 5262 adversus
3243 5204 3614 5260 Marcionistas
3636 5244 3656 5273 ,
3676 5202 3786 5258 ad—

2184 5395 2444 5512 ’ςιὲ-ίῖὲιιῗιξῗ
2470 5390 2899 5505 Samiam
2914 5386 3130 5512 335333.
3146 5381 3791 5512 Ῡίῖἕιξῗᾷξτέεέοὲιέἷῖιῗέξ

2231 5505 2451 5569 [Radix-it
2469 5515 2632 5579 Filium
2657 5522 2772 5579 ante
2796 5508 3225 5579 Luciferum_,_.§ive
3247 5509 3310 5556 ab
3332 5514 3532 5579 aeterno
3552 5505 3789 5568 genitum

2246 5585 2346 5631 isse
2370 5594 2384 5629 :
2408 5586 2577 5629 contra
2594 5577 2778 5633 Arium,
2801 5574 2917 5635 quia
2935 5572 3053 5621 dicit
3072 5568 3239 5635 Filium
3262 5580 3379 5619 esse
3399 5569 3621 5635 genitum
3637 5603 3653 5629 ,
3678 5579 3790 5635 non

2193 5627 2383 5695 factum
2397 5627 2602 5702 {contra
2624 5627 2910 5702 Marcion'ern
2934 5641 2987 5702 et
3001 5631 3336 5702 atanichzeum,
3358 5627 3472 5694 quia
3492 5629 3578 5702 illo
3600 5627 3787 5702 proba:

2193 5694 2273 5756 tur
2295 5715 2443 5752 unum
2468 5700 2622 5751 solum
2660 5710 2772 5747 esse
2810 5694 3096 5756 principium
3122 5699 3328 5756 :ieoutra
3361 5704 3450 5742 eos
3478 5694 3564 5756 qui
3592 5696 3794 5755 negant.

2195 5714 2273 5756 tur
2295 5715 2443 5752 unum
2468 5709 2622 5751 solum
2660 5710 2772 5747 esse
2828 5709 3096 5756 )l'lﬂClplum
3122 5709 3137 5741 Ξ
3161 5709 3328 5743 contra
3361 5709 3450 5742 605

2195 5767 2606 5819 resurrectionem
2622 5795 2637 5823 ,
2661 5761 2774 5824 quia
2795 5709 2880 5810 1110
2899 5755 3199 5808 resurrectio
3221 5755 3466 5818 probatur.
