  <div class='ocr_page' id='page_1' title='image "/cluster/home/n/w/nwhite01/storage/ocr_20150623/55/mdp.39015028539511/257.png"; bbox 0 0 4086 6268; ppageno 0'>
   <div class='ocr_carea' id='block_1_1' title="bbox 503 466 2071 541">
    <p class='ocr_par' dir='ltr' id='par_1_1' title="bbox 503 466 2071 541">
     <span class='ocr_line' id='line_1_1' title="bbox 503 466 2071 541; baseline -0.007 -12"><span class='ocrx_word' id='word_1_1' title='bbox 503 472 750 541; x_wconf 75' lang='grc' dir='ltr'>καὶπρὸς</span> <span class='ocrx_word' id='word_1_2' title='bbox 772 473 899 533; x_wconf 60' lang='grc' dir='ltr'>τοὺς</span> <span class='ocrx_word' id='word_1_3' title='bbox 921 475 989 522; x_wconf 76' lang='grc' dir='ltr'>τά</span> <span class='ocrx_word' id='word_1_4' title='bbox 1006 508 1011 513; x_wconf 66' lang='lat'><strong><em>.</em></strong></span> <span class='ocrx_word' id='word_1_5' title='bbox 1029 470 1237 540; x_wconf 78' lang='grc' dir='ltr'>Ἀρείου</span> <span class='ocrx_word' id='word_1_6' title='bbox 1265 468 1617 541; x_wconf 74' lang='grc' dir='ltr'>φρονοῦντας,</span> <span class='ocrx_word' id='word_1_7' title='bbox 1649 468 1744 521; x_wconf 64' lang='grc' dir='ltr'>καὶ</span> <span class='ocrx_word' id='word_1_8' title='bbox 1783 467 1920 538; x_wconf 80' lang='grc' dir='ltr'>πρὸς</span> <span class='ocrx_word' id='word_1_9' title='bbox 1943 466 2071 529; x_wconf 84' lang='grc' dir='ltr'>τοὺς</span> 
     </span>
    </p>
   </div>
   <div class='ocr_carea' id='block_1_2' title="bbox 502 551 2076 626">
    <p class='ocr_par' dir='ltr' id='par_1_2' title="bbox 502 551 2076 626">
     <span class='ocr_line' id='line_1_2' title="bbox 502 551 2076 626; baseline -0.006 -13"><span class='ocrx_word' id='word_1_10' title='bbox 502 557 573 613; x_wconf 68' lang='grc' dir='ltr'>τὰ</span> <span class='ocrx_word' id='word_1_11' title='bbox 596 555 940 626; x_wconf 81' lang='grc' dir='ltr'>Μαρκίωνος,</span> <span class='ocrx_word' id='word_1_12' title='bbox 975 554 1068 607; x_wconf 76' lang='grc' dir='ltr'>καὶ</span> <span class='ocrx_word' id='word_1_13' title='bbox 1104 553 1240 623; x_wconf 82' lang='grc' dir='ltr'>πρὸς</span> <span class='ocrx_word' id='word_1_14' title='bbox 1264 554 1390 616; x_wconf 79' lang='grc' dir='ltr'>τοὺς</span> <span class='ocrx_word' id='word_1_15' title='bbox 1423 551 1778 622; x_wconf 87' lang='grc' dir='ltr'>Μανιχαὶους,</span> <span class='ocrx_word' id='word_1_16' title='bbox 1804 552 1900 605; x_wconf 73' lang='grc' dir='ltr'>καὶ</span> <span class='ocrx_word' id='word_1_17' title='bbox 1939 552 2076 622; x_wconf 81' lang='grc' dir='ltr'>πρὸς</span> 
     </span>
    </p>
   </div>
   <div class='ocr_carea' id='block_1_3' title="bbox 505 638 2076 711">
    <p class='ocr_par' dir='ltr' id='par_1_3' title="bbox 505 638 2076 711">
     <span class='ocr_line' id='line_1_3' title="bbox 505 638 2076 711; baseline -0.004 -12"><span class='ocrx_word' id='word_1_18' title='bbox 505 644 750 705; x_wconf 74' lang='grc' dir='ltr'>ἅπαντας</span> <span class='ocrx_word' id='word_1_19' title='bbox 771 641 899 704; x_wconf 79' lang='grc' dir='ltr'>τοὺς</span> <span class='ocrx_word' id='word_1_20' title='bbox 927 642 993 709; x_wconf 81' lang='grc' dir='ltr'>τῇ</span> <span class='ocrx_word' id='word_1_21' title='bbox 1029 638 1321 694; x_wconf 79' lang='grc' dir='ltr'>ἀναστάσει</span> <span class='ocrx_word' id='word_1_22' title='bbox 1353 638 1770 702; x_wconf 86' lang='grc' dir='ltr'>διαπιστοῦντας</span> <span class='ocrx_word' id='word_1_23' title='bbox 1795 640 2076 711; x_wconf 88' lang='grc' dir='ltr'>παρατάτ-</span> 
     </span>
    </p>
   </div>
   <div class='ocr_carea' id='block_1_4' title="bbox 503 721 2078 795">
    <p class='ocr_par' dir='ltr' id='par_1_4' title="bbox 503 721 2078 795">
     <span class='ocr_line' id='line_1_4' title="bbox 503 721 2078 795; baseline -0.002 -14"><span class='ocrx_word' id='word_1_24' title='bbox 503 744 675 782; x_wconf 87' lang='grc' dir='ltr'>τεται.</span> <span class='ocrx_word' id='word_1_25' title='bbox 718 726 870 779; x_wconf 65' lang='grc' dir='ltr'>Ἑτιιεί⁸</span> <span class='ocrx_word' id='word_1_26' title='bbox 907 721 999 778; x_wconf 84' lang='grc' dir='ltr'>οῦν</span> <span class='ocrx_word' id='word_1_27' title='bbox 1028 724 1164 795; x_wconf 79' lang='grc' dir='ltr'>πρὸς</span> <span class='ocrx_word' id='word_1_28' title='bbox 1187 723 1475 787; x_wconf 82' lang='grc' dir='ltr'>τοσούτους</span> <span class='ocrx_word' id='word_1_29' title='bbox 1515 726 1549 795; x_wconf 81' lang='grc' dir='ltr'>ἡ</span> <span class='ocrx_word' id='word_1_30' title='bbox 1587 724 1911 795; x_wconf 80' lang='grc' dir='ltr'>παράταξις,</span> <span class='ocrx_word' id='word_1_31' title='bbox 1948 726 2078 778; x_wconf 88' lang='grc' dir='ltr'>πολ-</span> 
     </span>
    </p>
   </div>
   <div class='ocr_carea' id='block_1_5' title="bbox 502 805 2078 879">
    <p class='ocr_par' dir='ltr' id='par_1_5' title="bbox 502 805 2078 879">
     <span class='ocr_line' id='line_1_5' title="bbox 502 805 2078 879; baseline -0.003 -16"><span class='ocrx_word' id='word_1_32' title='bbox 502 809 612 865; x_wconf 83' lang='grc' dir='ltr'>λῶν</span> <span class='ocrx_word' id='word_1_33' title='bbox 635 809 730 863; x_wconf 75' lang='grc' dir='ltr'>καὶ</span> <span class='ocrx_word' id='word_1_34' title='bbox 771 808 902 879; x_wconf 82' lang='grc' dir='ltr'>ἡμῖν</span> <span class='ocrx_word' id='word_1_35' title='bbox 939 805 1230 877; x_wconf 80' lang='grc' dir='ltr'>ὀφθαλμῶν</span> <span class='ocrx_word' id='word_1_36' title='bbox 1275 806 1373 869; x_wconf 91' lang='grc' dir='ltr'>δεῖ,</span> <span class='ocrx_word' id='word_1_37' title='bbox 1415 805 1555 860; x_wconf 81' lang='grc' dir='ltr'>ὥστε</span> <span class='ocrx_word' id='word_1_38' title='bbox 1610 807 1746 877; x_wconf 84' lang='grc' dir='ltr'>μετὰ</span> <span class='ocrx_word' id='word_1_39' title='bbox 1792 807 2078 878; x_wconf 81' lang='grc' dir='ltr'>ἀκριϐείας</span> 
     </span>
    </p>
   </div>
   <div class='ocr_carea' id='block_1_6' title="bbox 506 889 2078 964">
    <p class='ocr_par' dir='ltr' id='par_1_6' title="bbox 506 889 2078 964">
     <span class='ocr_line' id='line_1_6' title="bbox 506 889 2078 964; baseline -0.003 -16"><span class='ocrx_word' id='word_1_40' title='bbox 506 890 779 964; x_wconf 84' lang='grc' dir='ltr'>θεωρῆσαι</span> <span class='ocrx_word' id='word_1_41' title='bbox 808 890 878 945; x_wconf 82' lang='grc' dir='ltr'>τά</span> <span class='ocrx_word' id='word_1_42' title='bbox 911 890 1291 960; x_wconf 86' lang='grc' dir='ltr'>παλαίσματα.</span> <span class='ocrx_word' id='word_1_43' title='bbox 1327 889 1417 942; x_wconf 87' lang='grc' dir='ltr'>Ἐν</span> <span class='ocrx_word' id='word_1_44' title='bbox 1464 891 1565 960; x_wconf 81' lang='grc' dir='ltr'>μὲν</span> <span class='ocrx_word' id='word_1_45' title='bbox 1605 890 1714 961; x_wconf 85' lang='grc' dir='ltr'>γὰρ</span> <span class='ocrx_word' id='word_1_46' title='bbox 1739 893 1850 954; x_wconf 88' lang='grc' dir='ltr'>τοῖς</span> <span class='ocrx_word' id='word_1_47' title='bbox 1879 890 2078 955; x_wconf 76' lang='grc' dir='ltr'>ἔξωθεν</span> 
     </span>
    </p>
   </div>
   <div class='ocr_carea' id='block_1_7' title="bbox 504 971 2079 1044">
    <p class='ocr_par' dir='ltr' id='par_1_7' title="bbox 504 971 2079 1044">
     <span class='ocr_line' id='line_1_7' title="bbox 504 971 2079 1044; baseline -0.002 -14"><span class='ocrx_word' id='word_1_48' title='bbox 504 976 679 1044; x_wconf 87' lang='grc' dir='ltr'>ἀγῶσι</span> <span class='ocrx_word' id='word_1_49' title='bbox 703 972 804 1028; x_wconf 73' lang='grc' dir='ltr'>κᾶν</span> <span class='ocrx_word' id='word_1_50' title='bbox 836 972 1086 1044; x_wconf 77' lang='grc' dir='ltr'>παροφθῇ</span> <span class='ocrx_word' id='word_1_51' title='bbox 1112 989 1165 1024; x_wconf 88' lang='grc' dir='ltr'>τι</span> <span class='ocrx_word' id='word_1_52' title='bbox 1204 971 1313 1026; x_wconf 92' lang='grc' dir='ltr'>τῶν</span> <span class='ocrx_word' id='word_1_53' title='bbox 1339 972 1733 1043; x_wconf 74' lang='grc' dir='ltr'>παλαισμάτων</span> <span class='ocrx_word' id='word_1_54' title='bbox 1765 974 1874 1029; x_wconf 91' lang='grc' dir='ltr'>τῶν</span> <span class='ocrx_word' id='word_1_55' title='bbox 1896 975 1954 1028; x_wconf 78' lang='grc' dir='ltr'>ἐν</span> <span class='ocrx_word' id='word_1_56' title='bbox 1983 974 2079 1028; x_wconf 82' lang='grc' dir='ltr'>αὐ·</span> 
     </span>
    </p>
   </div>
   <div class='ocr_carea' id='block_1_8' title="bbox 502 1054 2080 1128">
    <p class='ocr_par' dir='ltr' id='par_1_8' title="bbox 502 1054 2080 1128">
     <span class='ocr_line' id='line_1_8' title="bbox 502 1054 2080 1128; baseline -0.002 -16"><span class='ocrx_word' id='word_1_57' title='bbox 502 1062 635 1123; x_wconf 84' lang='grc' dir='ltr'>τοῖς,</span> <span class='ocrx_word' id='word_1_58' title='bbox 683 1057 835 1111; x_wconf 80' lang='grc' dir='ltr'>οὐδὲν</span> <span class='ocrx_word' id='word_1_59' title='bbox 865 1056 1061 1125; x_wconf 71' lang='grc' dir='ltr'>ἔϐλαψε</span> <span class='ocrx_word' id='word_1_60' title='bbox 1094 1055 1184 1108; x_wconf 87' lang='grc' dir='ltr'>τὸν</span> <span class='ocrx_word' id='word_1_61' title='bbox 1227 1054 1444 1127; x_wconf 84' lang='grc' dir='ltr'>θεατήν·</span> <span class='ocrx_word' id='word_1_62' title='bbox 1481 1057 1541 1108; x_wconf 91' lang='lat'>06</span> <span class='ocrx_word' id='word_1_63' title='bbox 1583 1055 1691 1128; x_wconf 76' lang='grc' dir='ltr'>γὰρ</span> <span class='ocrx_word' id='word_1_64' title='bbox 1733 1054 2080 1119; x_wconf 86' lang='grc' dir='ltr'>διδασκαλίας</span> 
     </span>
    </p>
   </div>
   <div class='ocr_carea' id='block_1_9' title="bbox 504 1137 2075 1211">
    <p class='ocr_par' dir='ltr' id='par_1_9' title="bbox 504 1137 2075 1211">
     <span class='ocr_line' id='line_1_9' title="bbox 504 1137 2075 1211; baseline -0.002 -15"><span class='ocrx_word' id='word_1_65' title='bbox 504 1140 711 1206; x_wconf 77' lang='grc' dir='ltr'>ἕνεκεν,</span> <span class='ocrx_word' id='word_1_66' title='bbox 738 1140 873 1193; x_wconf 83' lang='grc' dir='ltr'>ἀλλά</span> <span class='ocrx_word' id='word_1_67' title='bbox 901 1139 1145 1211; x_wconf 71' lang='grc' dir='ltr'>τέρψεως</span> <span class='ocrx_word' id='word_1_68' title='bbox 1174 1139 1350 1192; x_wconf 83' lang='grc' dir='ltr'>ἐκεῖνο</span> <span class='ocrx_word' id='word_1_69' title='bbox 1373 1138 1433 1190; x_wconf 90' lang='lat'>:6</span> <span class='ocrx_word' id='word_1_70' title='bbox 1465 1138 1688 1208; x_wconf 87' lang='grc' dir='ltr'>θέατρον</span> <span class='ocrx_word' id='word_1_71' title='bbox 1720 1137 2075 1193; x_wconf 69' lang='grc' dir='ltr'>συνείλεκταιζ</span> 
     </span>
    </p>
   </div>
   <div class='ocr_carea' id='block_1_10' title="bbox 483 1220 2081 1293">
    <p class='ocr_par' dir='ltr' id='par_1_10' title="bbox 483 1220 2081 1293">
     <span class='ocr_line' id='line_1_10' title="bbox 483 1220 2081 1293; baseline -0.001 -15"><span class='ocrx_word' id='word_1_72' title='bbox 483 1262 491 1269; x_wconf 87' lang='grc'><strong><em>-</em></strong></span> <span class='ocrx_word' id='word_1_73' title='bbox 518 1223 781 1278; x_wconf 84' lang='grc' dir='ltr'>Ἐνταῦθα</span> <span class='ocrx_word' id='word_1_74' title='bbox 802 1222 859 1275; x_wconf 79' lang='lat'>66</span> <span class='ocrx_word' id='word_1_75' title='bbox 892 1223 987 1275; x_wconf 79' lang='grc' dir='ltr'>ἐὰν</span> <span class='ocrx_word' id='word_1_76' title='bbox 1016 1221 1089 1291; x_wconf 85' lang='grc' dir='ltr'>μὴ</span> <span class='ocrx_word' id='word_1_77' title='bbox 1124 1221 1262 1290; x_wconf 72' lang='grc' dir='ltr'>μετὰ</span> <span class='ocrx_word' id='word_1_78' title='bbox 1289 1220 1575 1293; x_wconf 84' lang='grc' dir='ltr'>ἀκριϐείας</span> <span class='ocrx_word' id='word_1_79' title='bbox 1609 1222 1776 1293; x_wconf 81' lang='grc' dir='ltr'>εἰδῇς,</span> <span class='ocrx_word' id='word_1_80' title='bbox 1800 1222 1961 1275; x_wconf 86' lang='grc' dir='ltr'>πόθεν</span> <span class='ocrx_word' id='word_1_81' title='bbox 1982 1222 2081 1292; x_wconf 85' lang='grc' dir='ltr'>μὲν</span> 
     </span>
    </p>
   </div>
   <div class='ocr_carea' id='block_1_11' title="bbox 507 1303 2084 1377">
    <p class='ocr_par' dir='ltr' id='par_1_11' title="bbox 507 1303 2084 1377">
     <span class='ocr_line' id='line_1_11' title="bbox 507 1303 2084 1377; baseline -0.003 -14"><span class='ocrx_word' id='word_1_82' title='bbox 507 1311 713 1372; x_wconf 79' lang='grc' dir='ltr'>ἐκεῖνος</span> <span class='ocrx_word' id='word_1_83' title='bbox 745 1305 1164 1377; x_wconf 78' lang='grc' dir='ltr'>παρατάττεται,</span> <span class='ocrx_word' id='word_1_84' title='bbox 1200 1303 1365 1357; x_wconf 86' lang='grc' dir='ltr'>πόθεν</span> <span class='ocrx_word' id='word_1_85' title='bbox 1401 1305 1459 1358; x_wconf 82' lang='grc' dir='ltr'>δὲ</span> <span class='ocrx_word' id='word_1_86' title='bbox 1494 1307 1654 1377; x_wconf 84' lang='grc' dir='ltr'>ἡμεῖς</span> <span class='ocrx_word' id='word_1_87' title='bbox 1692 1305 1854 1359; x_wconf 79' lang='grc' dir='ltr'>αὑτὸν</span> <span class='ocrx_word' id='word_1_88' title='bbox 1892 1307 2084 1377; x_wconf 82' lang='grc' dir='ltr'>βάλλο-</span> 
     </span>
    </p>
   </div>
   <div class='ocr_carea' id='block_1_12' title="bbox 510 1385 2080 1466">
    <p class='ocr_par' dir='ltr' id='par_1_12' title="bbox 510 1385 2080 1466">
     <span class='ocr_line' id='line_1_12' title="bbox 510 1385 2080 1466; baseline -0.002 -20"><span class='ocrx_word' id='word_1_89' title='bbox 510 1411 630 1466; x_wconf 86' lang='grc' dir='ltr'>μεν,</span> <span class='ocrx_word' id='word_1_90' title='bbox 670 1392 729 1444; x_wconf 86' lang='lat'>06</span> <span class='ocrx_word' id='word_1_91' title='bbox 762 1391 861 1460; x_wconf 78' lang='grc' dir='ltr'>τὴν</span> <span class='ocrx_word' id='word_1_92' title='bbox 906 1387 1171 1459; x_wconf 86' lang='grc' dir='ltr'>τυχοῦσαν</span> <span class='ocrx_word' id='word_1_93' title='bbox 1195 1388 1474 1459; x_wconf 81' lang='grc' dir='ltr'>ὐποστήσῃ</span> <span class='ocrx_word' id='word_1_94' title='bbox 1506 1388 1730 1459; x_wconf 78' lang='grc' dir='ltr'>ζημίαν.</span> <span class='ocrx_word' id='word_1_95' title='bbox 1759 1389 1854 1442; x_wconf 75' lang='lat' dir='ltr'>&#39;Iv‘</span> <span class='ocrx_word' id='word_1_96' title='bbox 1879 1385 1973 1444; x_wconf 86' lang='grc' dir='ltr'>υῦν</span> <span class='ocrx_word' id='word_1_97' title='bbox 2004 1391 2080 1463; x_wconf 86' lang='grc' dir='ltr'>μὴ</span> 
     </span>
    </p>
   </div>
   <div class='ocr_carea' id='block_1_13' title="bbox 505 1472 2083 1545">
    <p class='ocr_par' dir='ltr' id='par_1_13' title="bbox 505 1472 2083 1545">
     <span class='ocr_line' id='line_1_13' title="bbox 505 1472 2083 1545; baseline -0.003 -13"><span class='ocrx_word' id='word_1_98' title='bbox 505 1477 664 1532; x_wconf 85' lang='grc' dir='ltr'>τοῦτο</span> <span class='ocrx_word' id='word_1_99' title='bbox 690 1474 888 1544; x_wconf 80' lang='grc' dir='ltr'>πάθῃς,</span> <span class='ocrx_word' id='word_1_100' title='bbox 919 1472 1273 1544; x_wconf 85' lang='grc' dir='ltr'>διανάστησόν</span> <span class='ocrx_word' id='word_1_101' title='bbox 1305 1489 1396 1525; x_wconf 87' lang='grc' dir='ltr'>σου</span> <span class='ocrx_word' id='word_1_102' title='bbox 1442 1473 1538 1543; x_wconf 84' lang='grc' dir='ltr'>τὴν</span> <span class='ocrx_word' id='word_1_103' title='bbox 1568 1473 1826 1539; x_wconf 81' lang='grc' dir='ltr'>διάνοιαν,</span> <span class='ocrx_word' id='word_1_104' title='bbox 1879 1473 2083 1545; x_wconf 87' lang='grc' dir='ltr'>μετέω-</span> 
     </span>
    </p>
   </div>
   <div class='ocr_carea' id='block_1_14' title="bbox 509 1554 2079 1634">
    <p class='ocr_par' dir='ltr' id='par_1_14' title="bbox 509 1554 2079 1634">
     <span class='ocr_line' id='line_1_14' title="bbox 509 1554 2079 1634; baseline -0.003 -19"><span class='ocrx_word' id='word_1_105' title='bbox 509 1578 603 1634; x_wconf 90' lang='grc' dir='ltr'>ρον</span> <span class='ocrx_word' id='word_1_106' title='bbox 627 1559 849 1628; x_wconf 84' lang='grc' dir='ltr'>ποίησον</span> <span class='ocrx_word' id='word_1_107' title='bbox 870 1557 969 1628; x_wconf 76' lang='grc' dir='ltr'>τὴν</span> <span class='ocrx_word' id='word_1_108' title='bbox 994 1556 1183 1626; x_wconf 86' lang='grc' dir='ltr'>ἀκοήν.</span> <span class='ocrx_word' id='word_1_109' title='bbox 1218 1554 1501 1619; x_wconf 74' lang='grc' dir='ltr'>Ἰουδαίους</span> <span class='ocrx_word' id='word_1_110' title='bbox 1527 1554 1789 1627; x_wconf 80' lang='grc' dir='ltr'>βάλλομεν</span> <span class='ocrx_word' id='word_1_111' title='bbox 1809 1556 2079 1628; x_wconf 84' lang='grc' dir='ltr'>πρώτους,</span> 
     </span>
    </p>
   </div>
   <div class='ocr_carea' id='block_1_15' title="bbox 506 1640 2082 1716">
    <p class='ocr_par' dir='ltr' id='par_1_15' title="bbox 506 1640 2082 1716">
     <span class='ocr_line' id='line_1_15' title="bbox 506 1640 2082 1716; baseline -0.004 -14"><span class='ocrx_word' id='word_1_112' title='bbox 506 1648 602 1702; x_wconf 70' lang='grc' dir='ltr'>καὶ</span> <span class='ocrx_word' id='word_1_113' title='bbox 648 1643 785 1716; x_wconf 84' lang='lat'><strong><em>1:96;</em></strong></span> <span class='ocrx_word' id='word_1_114' title='bbox 827 1641 1067 1703; x_wconf 76' lang='grc' dir='ltr'>ἐκείνους</span> <span class='ocrx_word' id='word_1_115' title='bbox 1117 1640 1606 1711; x_wconf 88' lang='grc' dir='ltr'>παραταττόμεθα,</span> <span class='ocrx_word' id='word_1_116' title='bbox 1654 1642 1746 1694; x_wconf 84' lang='grc' dir='ltr'>τὸν</span> <span class='ocrx_word' id='word_1_117' title='bbox 1794 1644 2082 1714; x_wconf 82' lang='grc' dir='ltr'>Προφήτην</span> 
     </span>
    </p>
   </div>
   <div class='ocr_carea' id='block_1_16' title="bbox 505 1722 2083 1796">
    <p class='ocr_par' dir='ltr' id='par_1_16' title="bbox 505 1722 2083 1796">
     <span class='ocr_line' id='line_1_16' title="bbox 505 1722 2083 1796; baseline -0.002 -13"><span class='ocrx_word' id='word_1_118' title='bbox 505 1729 618 1783; x_wconf 71' lang='grc' dir='ltr'>ἀπὸ</span> <span class='ocrx_word' id='word_1_119' title='bbox 642 1728 747 1780; x_wconf 90' lang='grc' dir='ltr'>τῶν</span> <span class='ocrx_word' id='word_1_120' title='bbox 777 1725 1037 1796; x_wconf 71' lang='grc' dir='ltr'>ῥημάτων</span> <span class='ocrx_word' id='word_1_121' title='bbox 1072 1722 1332 1785; x_wconf 88' lang='grc' dir='ltr'>λαϐόντες</span> <span class='ocrx_word' id='word_1_122' title='bbox 1373 1723 1661 1794; x_wconf 87' lang='grc' dir='ltr'>σύμμαχον</span> <span class='ocrx_word' id='word_1_123' title='bbox 1698 1723 1927 1782; x_wconf 87' lang='grc' dir='ltr'>τούτων.</span> <span class='ocrx_word' id='word_1_124' title='bbox 1973 1727 2083 1780; x_wconf 78' lang='grc' dir='ltr'>Καὶ</span> 
     </span>
    </p>
   </div>
   <div class='ocr_carea' id='block_1_17' title="bbox 502 1805 2077 1882">
    <p class='ocr_par' dir='ltr' id='par_1_17' title="bbox 502 1805 2077 1882">
     <span class='ocr_line' id='line_1_17' title="bbox 502 1805 2077 1882; baseline 0.008 -31"><span class='ocrx_word' id='word_1_125' title='bbox 502 1811 619 1882; x_wconf 66' lang='grc' dir='ltr'>γὰρ</span> <span class='ocrx_word' id='word_1_126' title='bbox 652 1809 919 1878; x_wconf 78' lang='grc' dir='ltr'>λεγόντων</span> <span class='ocrx_word' id='word_1_127' title='bbox 961 1806 1138 1878; x_wconf 80' lang='grc' dir='ltr'>ἡμῶν,</span> <span class='ocrx_word' id='word_1_128' title='bbox 1182 1809 1265 1862; x_wconf 84' lang='grc' dir='ltr'>ὅτι</span> <span class='ocrx_word' id='word_1_129' title='bbox 1310 1806 1496 1875; x_wconf 75' lang='grc' dir='ltr'>σαφῶς</span> <span class='ocrx_word' id='word_1_130' title='bbox 1525 1806 1654 1877; x_wconf 84' lang='grc' dir='ltr'>περί</span> <span class='ocrx_word' id='word_1_131' title='bbox 1696 1805 1791 1860; x_wconf 90' lang='grc' dir='ltr'>τοῦ</span> <span class='ocrx_word' id='word_1_132' title='bbox 1834 1806 2077 1881; x_wconf 80' lang='grc' dir='ltr'>Χριστοῦ</span> 
     </span>
    </p>
   </div>
   <div class='ocr_carea' id='block_1_18' title="bbox 466 1890 2084 1965">
    <p class='ocr_par' dir='ltr' id='par_1_18' title="bbox 466 1890 2084 1965">
     <span class='ocr_line' id='line_1_18' title="bbox 466 1890 2084 1965; baseline -0.002 -15"><span class='ocrx_word' id='word_1_133' title='bbox 466 1895 683 1950; x_wconf 30' lang='grc' dir='ltr'>κταῦτα</span> <span class='ocrx_word' id='word_1_134' title='bbox 718 1893 953 1962; x_wconf 71' lang='grc' dir='ltr'>εἴρηται,</span> <span class='ocrx_word' id='word_1_135' title='bbox 992 1891 1165 1945; x_wconf 87' lang='grc' dir='ltr'>ταῦτα</span> <span class='ocrx_word' id='word_1_136' title='bbox 1213 1890 1312 1961; x_wconf 85' lang='grc' dir='ltr'>μὲν</span> <span class='ocrx_word' id='word_1_137' title='bbox 1347 1890 1407 1944; x_wconf 87' lang='lat'>06</span> <span class='ocrx_word' id='word_1_138' title='bbox 1455 1890 1869 1962; x_wconf 79' lang='grc' dir='ltr'>καταδέχονται,</span> <span class='ocrx_word' id='word_1_139' title='bbox 1919 1891 2084 1965; x_wconf 73' lang='grc' dir='ltr'>ἕτερα</span> 
     </span>
    </p>
   </div>
   <div class='ocr_carea' id='block_1_19' title="bbox 502 1973 2084 2045">
    <p class='ocr_par' dir='ltr' id='par_1_19' title="bbox 502 1973 2084 2045">
     <span class='ocr_line' id='line_1_19' title="bbox 502 1973 2084 2045; baseline -0.003 -11"><span class='ocrx_word' id='word_1_140' title='bbox 502 1981 570 2034; x_wconf 65' lang='grc' dir='ltr'>»δέ</span> <span class='ocrx_word' id='word_1_141' title='bbox 595 1996 715 2033; x_wconf 89' lang='grc' dir='ltr'>τινα</span> <span class='ocrx_word' id='word_1_142' title='bbox 748 1975 1090 2030; x_wconf 89' lang='grc' dir='ltr'>πλάττουσιν.</span> <span class='ocrx_word' id='word_1_143' title='bbox 1129 1973 1337 2028; x_wconf 81' lang='grc' dir='ltr'>Οὐκοῦν</span> <span class='ocrx_word' id='word_1_144' title='bbox 1367 1973 1583 2044; x_wconf 85' lang='grc' dir='ltr'>πρῶτον</span> <span class='ocrx_word' id='word_1_145' title='bbox 1603 1973 1783 2028; x_wconf 85' lang='grc' dir='ltr'>αὐτῶν</span> <span class='ocrx_word' id='word_1_146' title='bbox 1815 1976 1906 2028; x_wconf 85' lang='grc' dir='ltr'>τὸν</span> <span class='ocrx_word' id='word_1_147' title='bbox 1925 1974 2084 2045; x_wconf 90' lang='grc' dir='ltr'>λόγον</span> 
     </span>
    </p>
   </div>
   <div class='ocr_carea' id='block_1_20' title="bbox 510 2056 2083 2130">
    <p class='ocr_par' dir='ltr' id='par_1_20' title="bbox 510 2056 2083 2130">
     <span class='ocr_line' id='line_1_20' title="bbox 510 2056 2083 2130; baseline -0.001 -13"><span class='ocrx_word' id='word_1_148' title='bbox 510 2059 1046 2130; x_wconf 75' lang='grc' dir='ltr'>ἀπελέγξωμεν,’καί</span> <span class='ocrx_word' id='word_1_149' title='bbox 1087 2057 1209 2110; x_wconf 90' lang='grc' dir='ltr'>τότε</span> <span class='ocrx_word' id='word_1_150' title='bbox 1253 2057 1343 2111; x_wconf 81' lang='grc' dir='ltr'>τὸν</span> <span class='ocrx_word' id='word_1_151' title='bbox 1391 2056 1658 2129; x_wconf 75' lang='grc' dir='ltr'>ἡμέτερον</span> <span class='ocrx_word' id='word_1_152' title='bbox 1686 2058 2083 2130; x_wconf 79' lang='grc' dir='ltr'>ἀποδείξωμεν.</span> 
     </span>
    </p>
   </div>
   <div class='ocr_carea' id='block_1_21' title="bbox 508 2139 2084 2213">
    <p class='ocr_par' dir='ltr' id='par_1_21' title="bbox 508 2139 2084 2213">
     <span class='ocr_line' id='line_1_21' title="bbox 508 2139 2084 2213; baseline -0.002 -13"><span class='ocrx_word' id='word_1_153' title='bbox 508 2147 621 2199; x_wconf 74' lang='grc' dir='ltr'>Καὶ</span> <span class='ocrx_word' id='word_1_154' title='bbox 646 2143 785 2206; x_wconf 88' lang='grc' dir='ltr'>τέως</span> <span class='ocrx_word' id='word_1_155' title='bbox 816 2139 1068 2213; x_wconf 77' lang='grc' dir='ltr'>ἐρώμεθα</span> <span class='ocrx_word' id='word_1_156' title='bbox 1093 2139 1189 2193; x_wconf 89' lang='grc' dir='ltr'>νῦν</span> <span class='ocrx_word' id='word_1_157' title='bbox 1210 2139 1428 2205; x_wconf 76' lang='grc' dir='ltr'>αὐτοὺς,</span> <span class='ocrx_word' id='word_1_158' title='bbox 1462 2140 1549 2204; x_wconf 89' lang='grc' dir='ltr'>τίς</span> <span class='ocrx_word' id='word_1_159' title='bbox 1593 2143 1622 2194; x_wconf 91' lang='lat'><em>6</em></span> <span class='ocrx_word' id='word_1_160' title='bbox 1655 2140 1842 2212; x_wconf 90' lang='grc' dir='ltr'>κύριος</span> <span class='ocrx_word' id='word_1_161' title='bbox 1872 2144 1965 2197; x_wconf 89' lang='grc' dir='ltr'>τοῦ</span> <span class='ocrx_word' id='word_1_162' title='bbox 2003 2144 2084 2198; x_wconf 77' lang='grc' dir='ltr'>δι-</span> 
     </span>
    </p>
   </div>
   <div class='ocr_carea' id='block_1_22' title="bbox 508 2219 2083 2297">
    <p class='ocr_par' dir='ltr' id='par_1_22' title="bbox 508 2219 2083 2297">
     <span class='ocr_line' id='line_1_22' title="bbox 508 2219 2083 2297; baseline -0.001 -13"><span class='ocrx_word' id='word_1_163' title='bbox 508 2228 665 2285; x_wconf 84' lang='grc' dir='ltr'>καίου</span> <span class='ocrx_word' id='word_1_164' title='bbox 697 2224 886 2279; x_wconf 85' lang='grc' dir='ltr'>τούτου</span> <span class='ocrx_word' id='word_1_165' title='bbox 914 2241 930 2290; x_wconf 86' lang='grc'><strong>;</strong></span> <span class='ocrx_word' id='word_1_166' title='bbox 959 2219 1106 2278; x_wconf 80' lang='grc' dir='ltr'>Εἶπε</span> <span class='ocrx_word' id='word_1_167' title='bbox 1123 2223 1254 2295; x_wconf 86' lang='grc' dir='ltr'>γὰρ,</span> <span class='ocrx_word' id='word_1_168' title='bbox 1285 2225 1470 2295; x_wconf 76' lang='grc' dir='ltr'>φησὶν,</span> <span class='ocrx_word' id='word_1_169' title='bbox 1492 2227 1525 2278; x_wconf 87' lang='grc' dir='ltr'>ό</span> <span class='ocrx_word' id='word_1_170' title='bbox 1543 2224 1758 2293; x_wconf 83' lang='grc' dir='ltr'>Κύριος</span> <span class='ocrx_word' id='word_1_171' title='bbox 1780 2224 1861 2291; x_wconf 83' lang='grc' dir='ltr'>τῷ</span> <span class='ocrx_word' id='word_1_172' title='bbox 1888 2228 2083 2297; x_wconf 80' lang='grc' dir='ltr'>Κυρίῳ</span> 
     </span>
    </p>
   </div>
   <div class='ocr_carea' id='block_1_23' title="bbox 504 2307 2081 2385">
    <p class='ocr_par' dir='ltr' id='par_1_23' title="bbox 504 2307 2081 2385">
     <span class='ocr_line' id='line_1_23' title="bbox 504 2307 2081 2385; baseline -0.002 -17"><span class='ocrx_word' id='word_1_173' title='bbox 504 2332 644 2385; x_wconf 80' lang='grc' dir='ltr'>μου.</span> <span class='ocrx_word' id='word_1_174' title='bbox 673 2311 747 2364; x_wconf 83' lang='grc' dir='ltr'><strong>Οὐ</strong></span> <span class='ocrx_word' id='word_1_175' title='bbox 768 2309 876 2381; x_wconf 77' lang='grc' dir='ltr'>γὰρ</span> <span class='ocrx_word' id='word_1_176' title='bbox 905 2308 1022 2371; x_wconf 77' lang='grc' dir='ltr'>ἐνὸς</span> <span class='ocrx_word' id='word_1_177' title='bbox 1049 2307 1339 2382; x_wconf 85' lang='grc' dir='ltr'>προσώπου</span> <span class='ocrx_word' id='word_1_178' title='bbox 1372 2307 1644 2379; x_wconf 76' lang='grc' dir='ltr'>μέμνηται</span> <span class='ocrx_word' id='word_1_179' title='bbox 1685 2308 1937 2372; x_wconf 86' lang='grc' dir='ltr'>ἐνταῦθα,</span> <span class='ocrx_word' id='word_1_180' title='bbox 1968 2311 2081 2365; x_wconf 88' lang='grc' dir='ltr'>ἀλλ’</span> 
     </span>
    </p>
   </div>
   <div class='ocr_carea' id='block_1_24' title="bbox 511 2389 2085 2466">
    <p class='ocr_par' dir='ltr' id='par_1_24' title="bbox 511 2389 2085 2466">
     <span class='ocr_line' id='line_1_24' title="bbox 511 2389 2085 2466; baseline -0.002 -14"><span class='ocrx_word' id='word_1_181' title='bbox 511 2398 629 2462; x_wconf 82' lang='grc' dir='ltr'>ἐνὸς</span> <span class='ocrx_word' id='word_1_182' title='bbox 663 2395 799 2466; x_wconf 83' lang='grc' dir='ltr'>πρὸς</span> <span class='ocrx_word' id='word_1_183' title='bbox 838 2393 935 2446; x_wconf 71' lang='grc' dir='ltr'>ἕνα</span> <span class='ocrx_word' id='word_1_184' title='bbox 973 2391 1159 2463; x_wconf 73' lang='grc' dir='ltr'>ἕτερον</span> <span class='ocrx_word' id='word_1_185' title='bbox 1191 2390 1596 2461; x_wconf 88' lang='grc' dir='ltr'>διαλεγομένου.</span> <span class='ocrx_word' id='word_1_186' title='bbox 1639 2391 1775 2447; x_wconf 85' lang='grc' dir='ltr'>Τίνα</span> <span class='ocrx_word' id='word_1_187' title='bbox 1814 2389 1908 2447; x_wconf 84' lang='grc' dir='ltr'>οῦν</span> <span class='ocrx_word' id='word_1_188' title='bbox 1952 2412 2085 2464; x_wconf 82' lang='grc' dir='ltr'>φασι</span> 
     </span>
    </p>
   </div>
   <div class='ocr_carea' id='block_1_25' title="bbox 508 2473 2088 2546">
    <p class='ocr_par' dir='ltr' id='par_1_25' title="bbox 508 2473 2088 2546">
     <span class='ocr_line' id='line_1_25' title="bbox 508 2473 2088 2546; baseline 0.004 -19"><span class='ocrx_word' id='word_1_189' title='bbox 508 2481 602 2535; x_wconf 57' lang='grc' dir='ltr'>τὴν</span> <span class='ocrx_word' id='word_1_190' title='bbox 660 2480 911 2546; x_wconf 81' lang='grc' dir='ltr'>λέγοντα;</span> <span class='ocrx_word' id='word_1_191' title='bbox 976 2475 1080 2528; x_wconf 86' lang='grc' dir='ltr'>Τὸν</span> <span class='ocrx_word' id='word_1_192' title='bbox 1142 2473 1297 2528; x_wconf 85' lang='grc' dir='ltr'>Θεόν.</span> <span class='ocrx_word' id='word_1_193' title='bbox 1350 2473 1454 2528; x_wconf 85' lang='grc' dir='ltr'>Τὸν</span> <span class='ocrx_word' id='word_1_194' title='bbox 1508 2474 1563 2527; x_wconf 86' lang='grc' dir='ltr'>δὲ</span> <span class='ocrx_word' id='word_1_195' title='bbox 1617 2474 1913 2543; x_wconf 76' lang='grc' dir='ltr'>ἀκούοντας</span> <span class='ocrx_word' id='word_1_196' title='bbox 1983 2477 2088 2534; x_wconf 85' lang='grc' dir='ltr'>Τὸν</span> 
     </span>
    </p>
   </div>
   <div class='ocr_carea' id='block_1_26' title="bbox 523 2556 2087 2633">
    <p class='ocr_par' dir='ltr' id='par_1_26' title="bbox 523 2556 2087 2633">
     <span class='ocr_line' id='line_1_26' title="bbox 523 2556 2087 2633; baseline -0.003 -16"><span class='ocrx_word' id='word_1_197' title='bbox 523 2562 795 2633; x_wconf 73' lang='grc' dir='ltr'>’Δϐραάμ.</span> <span class='ocrx_word' id='word_1_198' title='bbox 827 2558 1045 2630; x_wconf 86' lang='grc' dir='ltr'>Ἔτεροι</span> <span class='ocrx_word' id='word_1_199' title='bbox 1075 2557 1133 2610; x_wconf 88' lang='grc' dir='ltr'>δέ</span> <span class='ocrx_word' id='word_1_200' title='bbox 1166 2556 1257 2610; x_wconf 78' lang='grc' dir='ltr'>τὸν</span> <span class='ocrx_word' id='word_1_201' title='bbox 1289 2556 1594 2627; x_wconf 87' lang='grc' dir='ltr'>Ζοροϐάϐελ</span> <span class='ocrx_word' id='word_1_202' title='bbox 1613 2597 1628 2621; x_wconf 93' lang='grc'>,</span> <span class='ocrx_word' id='word_1_203' title='bbox 1662 2558 1759 2610; x_wconf 77' lang='grc' dir='ltr'>καὶ</span> <span class='ocrx_word' id='word_1_204' title='bbox 1786 2558 1935 2613; x_wconf 77' lang='grc' dir='ltr'>ἄλλοι</span> <span class='ocrx_word' id='word_1_205' title='bbox 1967 2560 2087 2614; x_wconf 74' lang='grc' dir='ltr'>ἐτε-</span> 
     </span>
    </p>
   </div>
   <div class='ocr_carea' id='block_1_27' title="bbox 513 2638 2089 2719">
    <p class='ocr_par' dir='ltr' id='par_1_27' title="bbox 513 2638 2089 2719">
     <span class='ocr_line' id='line_1_27' title="bbox 513 2638 2089 2719; baseline -0.001 -19"><span class='ocrx_word' id='word_1_206' title='bbox 513 2663 627 2719; x_wconf 76' lang='grc' dir='ltr'>ρονο</span> <span class='ocrx_word' id='word_1_207' title='bbox 669 2644 921 2714; x_wconf 88' lang='grc' dir='ltr'>καθάπερ</span> <span class='ocrx_word' id='word_1_208' title='bbox 968 2643 1017 2695; x_wconf 92' lang='grc' dir='ltr'>οἱ</span> <span class='ocrx_word' id='word_1_209' title='bbox 1061 2638 1381 2712; x_wconf 78' lang='grc' dir='ltr'>μεθύοντες,</span> <span class='ocrx_word' id='word_1_210' title='bbox 1428 2642 1525 2694; x_wconf 73' lang='grc' dir='ltr'>καὶ</span> <span class='ocrx_word' id='word_1_211' title='bbox 1580 2640 1746 2711; x_wconf 84' lang='grc' dir='ltr'>μηδὲν</span> <span class='ocrx_word' id='word_1_212' title='bbox 1800 2641 2089 2713; x_wconf 85' lang='grc' dir='ltr'>σύμφωνον</span> 
     </span>
    </p>
   </div>
   <div class='ocr_carea' id='block_1_28' title="bbox 511 2721 2088 2799">
    <p class='ocr_par' dir='ltr' id='par_1_28' title="bbox 511 2721 2088 2799">
     <span class='ocr_line' id='line_1_28' title="bbox 511 2721 2088 2799; baseline -0.003 -16"><span class='ocrx_word' id='word_1_213' title='bbox 511 2728 891 2799; x_wconf 84' lang='grc' dir='ltr'>φθεγγόμενοι,</span> <span class='ocrx_word' id='word_1_214' title='bbox 930 2723 1129 2796; x_wconf 80' lang='grc' dir='ltr'>μᾶλλον</span> <span class='ocrx_word' id='word_1_215' title='bbox 1170 2723 1228 2776; x_wconf 86' lang='grc' dir='ltr'>δὲ</span> <span class='ocrx_word' id='word_1_216' title='bbox 1263 2721 1512 2794; x_wconf 85' lang='grc' dir='ltr'>καθάπερ</span> <span class='ocrx_word' id='word_1_217' title='bbox 1553 2724 1602 2776; x_wconf 85' lang='grc' dir='ltr'>οἱ</span> <span class='ocrx_word' id='word_1_218' title='bbox 1636 2725 1695 2777; x_wconf 86' lang='grc' dir='ltr'>ἐν</span> <span class='ocrx_word' id='word_1_219' title='bbox 1724 2725 1900 2797; x_wconf 86' lang='grc' dir='ltr'>σκότῳ</span> <span class='ocrx_word' id='word_1_220' title='bbox 1936 2725 2088 2796; x_wconf 83' lang='grc' dir='ltr'>βαδί-</span> 
     </span>
    </p>
   </div>
   <div class='ocr_carea' id='block_1_29' title="bbox 506 2803 2089 2879">
    <p class='ocr_par' dir='ltr' id='par_1_29' title="bbox 506 2803 2089 2879">
     <span class='ocr_line' id='line_1_29' title="bbox 506 2803 2089 2879; baseline -0.002 -14"><span class='ocrx_word' id='word_1_221' title='bbox 506 2813 717 2879; x_wconf 76' lang='grc' dir='ltr'>ζοντες,</span> <span class='ocrx_word' id='word_1_222' title='bbox 769 2810 863 2863; x_wconf 70' lang='grc' dir='ltr'>καὶ</span> <span class='ocrx_word' id='word_1_223' title='bbox 899 2806 1372 2879; x_wconf 88' lang='grc' dir='ltr'>προσαράσσοντες</span> <span class='ocrx_word' id='word_1_224' title='bbox 1409 2805 1693 2878; x_wconf 85' lang='grc' dir='ltr'>ἀλλήλους.</span> <span class='ocrx_word' id='word_1_225' title='bbox 1724 2807 1790 2859; x_wconf 88' lang='grc' dir='ltr'>Τί</span> <span class='ocrx_word' id='word_1_226' title='bbox 1821 2803 1934 2871; x_wconf 85' lang='grc' dir='ltr'>οῦν,</span> <span class='ocrx_word' id='word_1_227' title='bbox 1967 2808 2089 2862; x_wconf 86' lang='grc' dir='ltr'>εἰπέ</span> 
     </span>
    </p>
   </div>
   <div class='ocr_carea' id='block_1_30' title="bbox 513 2888 2089 2966">
    <p class='ocr_par' dir='ltr' id='par_1_30' title="bbox 513 2888 2089 2966">
     <span class='ocr_line' id='line_1_30' title="bbox 513 2888 2089 2966; baseline -0.001 -18"><span class='ocrx_word' id='word_1_228' title='bbox 513 2913 625 2966; x_wconf 80' lang='grc' dir='ltr'>μοι,</span> <span class='ocrx_word' id='word_1_229' title='bbox 655 2890 960 2965; x_wconf 87' lang='grc' dir='ltr'>Ζοροϐάϐελ</span> <span class='ocrx_word' id='word_1_230' title='bbox 988 2889 1176 2960; x_wconf 88' lang='grc' dir='ltr'>κύριος</span> <span class='ocrx_word' id='word_1_231' title='bbox 1214 2888 1310 2942; x_wconf 87' lang='grc' dir='ltr'>τοῦ</span> <span class='ocrx_word' id='word_1_232' title='bbox 1339 2888 1542 2955; x_wconf 75' lang='grc' dir='ltr'>Δαυῖδς</span> <span class='ocrx_word' id='word_1_233' title='bbox 1581 2890 1692 2943; x_wconf 74' lang='grc' dir='ltr'>Καὶ</span> <span class='ocrx_word' id='word_1_234' title='bbox 1725 2889 1842 2953; x_wconf 89' lang='grc' dir='ltr'>πῶς</span> <span class='ocrx_word' id='word_1_235' title='bbox 1876 2889 1943 2944; x_wconf 83' lang='grc' dir='ltr'>ἂν</span> <span class='ocrx_word' id='word_1_236' title='bbox 1976 2891 2089 2963; x_wconf 80' lang='grc' dir='ltr'>ἔχοι</span> 
     </span>
    </p>
   </div>
   <div class='ocr_carea' id='block_1_31' title="bbox 508 2970 2092 3047">
    <p class='ocr_par' dir='ltr' id='par_1_31' title="bbox 508 2970 2092 3047">
     <span class='ocr_line' id='line_1_31' title="bbox 508 2970 2092 3047; baseline -0.01 -16"><span class='ocrx_word' id='word_1_237' title='bbox 508 2978 690 3047; x_wconf 83' lang='grc' dir='ltr'>λόγον,</span> <span class='ocrx_word' id='word_1_238' title='bbox 720 2975 783 3040; x_wconf 89' lang='grc' dir='ltr'>ὃς</span> <span class='ocrx_word' id='word_1_239' title='bbox 822 2974 917 3028; x_wconf 71' lang='grc' dir='ltr'>καὶ</span> <span class='ocrx_word' id='word_1_240' title='bbox 947 2971 1110 3035; x_wconf 80' lang='grc' dir='ltr'>αὐτὸς</span> <span class='ocrx_word' id='word_1_241' title='bbox 1157 2971 1279 3025; x_wconf 76' lang='grc' dir='ltr'>ἀντὶ</span> <span class='ocrx_word' id='word_1_242' title='bbox 1307 2970 1548 3040; x_wconf 86' lang='grc' dir='ltr'>μεγάλης</span> <span class='ocrx_word' id='word_1_243' title='bbox 1587 2971 1753 3042; x_wconf 79' lang='grc' dir='ltr'>τιμῆς</span> <span class='ocrx_word' id='word_1_244' title='bbox 1794 2972 1958 3026; x_wconf 75' lang='grc' dir='ltr'>Δαυῖδ</span> <span class='ocrx_word' id='word_1_245' title='bbox 1999 2974 2092 3026; x_wconf 81' lang='grc' dir='ltr'>κέ-</span> 
     </span>
    </p>
   </div>
   <div class='ocr_carea' id='block_1_32' title="bbox 512 3052 2088 3131">
    <p class='ocr_par' dir='ltr' id='par_1_32' title="bbox 512 3052 2088 3131">
     <span class='ocr_line' id='line_1_32' title="bbox 512 3052 2088 3131; baseline -0.003 -17"><span class='ocrx_word' id='word_1_246' title='bbox 512 3061 741 3131; x_wconf 86' lang='grc' dir='ltr'>κληται;</span> <span class='ocrx_word' id='word_1_247' title='bbox 775 3056 889 3110; x_wconf 75' lang='grc' dir='ltr'>Καὶ</span> <span class='ocrx_word' id='word_1_248' title='bbox 915 3055 984 3109; x_wconf 90' lang='grc' dir='ltr'>τά</span> <span class='ocrx_word' id='word_1_249' title='bbox 1011 3053 1231 3108; x_wconf 75' lang='grc' dir='ltr'>ἐπιόντα</span> <span class='ocrx_word' id='word_1_250' title='bbox 1260 3052 1318 3106; x_wconf 89' lang='lat'>66</span> <span class='ocrx_word' id='word_1_251' title='bbox 1343 3052 1515 3123; x_wconf 90' lang='grc' dir='ltr'>δηλοῖ,</span> <span class='ocrx_word' id='word_1_252' title='bbox 1543 3054 1625 3106; x_wconf 81' lang='grc' dir='ltr'>ὅτι</span> <span class='ocrx_word' id='word_1_253' title='bbox 1660 3053 1812 3107; x_wconf 78' lang='grc' dir='ltr'>οὐδὲν</span> <span class='ocrx_word' id='word_1_254' title='bbox 1842 3057 1970 3125; x_wconf 73' lang='grc' dir='ltr'>περὶ</span> <span class='ocrx_word' id='word_1_255' title='bbox 1994 3056 2088 3109; x_wconf 91' lang='grc' dir='ltr'>τοῦ</span> 
     </span>
    </p>
   </div>
   <div class='ocr_carea' id='block_1_33' title="bbox 513 3135 2089 3215">
    <p class='ocr_par' dir='ltr' id='par_1_33' title="bbox 513 3135 2089 3215">
     <span class='ocr_line' id='line_1_33' title="bbox 513 3135 2089 3215; baseline -0.004 -16"><span class='ocrx_word' id='word_1_256' title='bbox 513 3140 817 3215; x_wconf 82' lang='grc' dir='ltr'>Ζοροϐάϐελ</span> <span class='ocrx_word' id='word_1_257' title='bbox 830 3137 1064 3193; x_wconf 89' lang='grc' dir='ltr'>ἐνταῦθα</span> <span class='ocrx_word' id='word_1_258' title='bbox 1080 3135 1313 3208; x_wconf 83' lang='grc' dir='ltr'>είρηται,</span> <span class='ocrx_word' id='word_1_259' title='bbox 1329 3135 1449 3189; x_wconf 84' lang='lat'><strong><em>0666</em></strong></span> <span class='ocrx_word' id='word_1_260' title='bbox 1473 3152 1541 3189; x_wconf 85' lang='lat'>1:5</span> <span class='ocrx_word' id='word_1_261' title='bbox 1549 3136 1601 3207; x_wconf 84' lang='lat'>91</span> <span class='ocrx_word' id='word_1_262' title='bbox 1628 3136 1721 3190; x_wconf 84' lang='lat'>:06</span> <span class='ocrx_word' id='word_1_263' title='bbox 1734 3138 1914 3191; x_wconf 84' lang='grc' dir='ltr'>Δαυῖδ·</span> <span class='ocrx_word' id='word_1_264' title='bbox 1937 3137 2089 3211; x_wconf 75' lang='grc'>[250]</span> 
     </span>
    </p>
   </div>
   <div class='ocr_carea' id='block_1_34' title="bbox 510 3219 2093 3296">
    <p class='ocr_par' dir='ltr' id='par_1_34' title="bbox 510 3219 2093 3296">
     <span class='ocr_line' id='line_1_34' title="bbox 510 3219 2093 3296; baseline -0.002 -15"><span class='ocrx_word' id='word_1_265' title='bbox 510 3227 688 3291; x_wconf 69' lang='grc' dir='ltr'>οὐδεὶς</span> <span class='ocrx_word' id='word_1_266' title='bbox 729 3225 839 3296; x_wconf 79' lang='grc' dir='ltr'>γὰρ</span> <span class='ocrx_word' id='word_1_267' title='bbox 879 3221 1059 3277; x_wconf 80' lang='grc' dir='ltr'>αὐτῶν</span> <span class='ocrx_word' id='word_1_268' title='bbox 1104 3219 1372 3294; x_wconf 80' lang='grc' dir='ltr'>ἱερωσύνῃ</span> <span class='ocrx_word' id='word_1_269' title='bbox 1419 3222 1727 3293; x_wconf 78' lang='grc' dir='ltr'>τετίμηταιο</span> <span class='ocrx_word' id='word_1_270' title='bbox 1765 3222 2001 3277; x_wconf 89' lang='grc' dir='ltr'>ἐνταῦθα</span> <span class='ocrx_word' id='word_1_271' title='bbox 2036 3224 2093 3278; x_wconf 82' lang='grc' dir='ltr'>δὲ</span> 
     </span>
    </p>
   </div>
   <div class='ocr_carea' id='block_1_35' title="bbox 515 3302 2093 3381">
    <p class='ocr_par' dir='ltr' id='par_1_35' title="bbox 515 3302 2093 3381">
     <span class='ocr_line' id='line_1_35' title="bbox 515 3302 2093 3381; baseline -0.003 -17"><span class='ocrx_word' id='word_1_272' title='bbox 515 3310 644 3381; x_wconf 87' lang='grc' dir='ltr'>περί</span> <span class='ocrx_word' id='word_1_273' title='bbox 680 3324 822 3371; x_wconf 85' lang='grc' dir='ltr'>τινος</span> <span class='ocrx_word' id='word_1_274' title='bbox 842 3308 1055 3377; x_wconf 74' lang='grc' dir='ltr'>εἴρηται</span> <span class='ocrx_word' id='word_1_275' title='bbox 1089 3302 1390 3375; x_wconf 75' lang='grc' dir='ltr'>ἱερωσύνην</span> <span class='ocrx_word' id='word_1_276' title='bbox 1418 3303 1635 3374; x_wconf 77' lang='grc' dir='ltr'>ἔχοντος</span> <span class='ocrx_word' id='word_1_277' title='bbox 1668 3304 1826 3376; x_wconf 81' lang='grc' dir='ltr'>ξένην</span> <span class='ocrx_word' id='word_1_278' title='bbox 1852 3306 1973 3359; x_wconf 74' lang='grc' dir='ltr'>τινὰ</span> <span class='ocrx_word' id='word_1_279' title='bbox 2001 3308 2093 3361; x_wconf 78' lang='grc' dir='ltr'>καὶ</span> 
     </span>
    </p>
   </div>
   <div class='ocr_carea' id='block_1_36' title="bbox 514 3386 2094 3463">
    <p class='ocr_par' dir='ltr' id='par_1_36' title="bbox 514 3386 2094 3463">
     <span class='ocr_line' id='line_1_36' title="bbox 514 3386 2094 3463; baseline 0 -17"><span class='ocrx_word' id='word_1_280' title='bbox 514 3391 838 3463; x_wconf 80' lang='grc' dir='ltr'>παράδοξον.</span> <span class='ocrx_word' id='word_1_281' title='bbox 887 3389 972 3443; x_wconf 88' lang='grc' dir='ltr'>Σὺ</span> <span class='ocrx_word' id='word_1_282' title='bbox 1004 3388 1136 3459; x_wconf 74' lang='grc' dir='ltr'>γὰρ,</span> <span class='ocrx_word' id='word_1_283' title='bbox 1172 3386 1356 3459; x_wconf 82' lang='grc' dir='ltr'>φησὶν,</span> <span class='ocrx_word' id='word_1_284' title='bbox 1404 3387 1594 3457; x_wconf 83' lang='grc' dir='ltr'>ἱερεὺς</span> <span class='ocrx_word' id='word_1_285' title='bbox 1638 3389 1881 3456; x_wconf 49' lang='grc' dir='ltr'>εἰς-κτὸν</span> <span class='ocrx_word' id='word_1_286' title='bbox 1909 3390 2094 3446; x_wconf 77' lang='grc' dir='ltr'>αἰῶνα</span> 
     </span>
    </p>
   </div>
   <div class='ocr_carea' id='block_1_37' title="bbox 516 3469 2094 3547">
    <p class='ocr_par' dir='ltr' id='par_1_37' title="bbox 516 3469 2094 3547">
     <span class='ocr_line' id='line_1_37' title="bbox 516 3469 2094 3547; baseline 0.001 -18"><span class='ocrx_word' id='word_1_287' title='bbox 516 3475 673 3529; x_wconf 76' lang='grc' dir='ltr'>κατὰ</span> <span class='ocrx_word' id='word_1_288' title='bbox 694 3472 812 3542; x_wconf 76' lang='grc' dir='ltr'>τὴν</span> <span class='ocrx_word' id='word_1_289' title='bbox 838 3471 1016 3537; x_wconf 76' lang='grc' dir='ltr'>τάξιν</span> <span class='ocrx_word' id='word_1_290' title='bbox 1041 3471 1436 3540; x_wconf 67' lang='grc' dir='ltr'>Μελχισεδέκ.</span> <span class='ocrx_word' id='word_1_291' title='bbox 1470 3471 1630 3525; x_wconf 84' lang='grc' dir='ltr'>Ἀλλά</span> <span class='ocrx_word' id='word_1_292' title='bbox 1655 3469 1793 3538; x_wconf 88' lang='grc' dir='ltr'>τέως</span> <span class='ocrx_word' id='word_1_293' title='bbox 1818 3473 1880 3528; x_wconf 84' lang='lat'>:6</span> <span class='ocrx_word' id='word_1_294' title='bbox 1919 3475 2094 3547; x_wconf 78' lang='grc' dir='ltr'>παρὸν</span> 
     </span>
    </p>
   </div>
   <div class='ocr_carea' id='block_1_38' title="bbox 514 3553 2094 3626">
    <p class='ocr_par' dir='ltr' id='par_1_38' title="bbox 514 3553 2094 3626">
     <span class='ocr_line' id='line_1_38' title="bbox 514 3553 2094 3626; baseline 0.001 -13"><span class='ocrx_word' id='word_1_295' title='bbox 514 3556 935 3626; x_wconf 78' lang='grc' dir='ltr'>ἀναπτύξωμεν.</span> <span class='ocrx_word' id='word_1_296' title='bbox 956 3554 1068 3607; x_wconf 71' lang='grc' dir='ltr'>Καὶ</span> <span class='ocrx_word' id='word_1_297' title='bbox 1085 3553 1192 3624; x_wconf 86' lang='grc' dir='ltr'>γὰρ</span> <span class='ocrx_word' id='word_1_298' title='bbox 1212 3556 1305 3607; x_wconf 77' lang='grc' dir='ltr'>καὶ</span> <span class='ocrx_word' id='word_1_299' title='bbox 1321 3553 1487 3626; x_wconf 75' lang='grc' dir='ltr'>ἕτερά</span> <span class='ocrx_word' id='word_1_300' title='bbox 1510 3573 1631 3611; x_wconf 90' lang='grc' dir='ltr'>τινα</span> <span class='ocrx_word' id='word_1_301' title='bbox 1649 3556 1864 3626; x_wconf 87' lang='grc' dir='ltr'>λέγουσι</span> <span class='ocrx_word' id='word_1_302' title='bbox 1888 3559 2094 3615; x_wconf 89' lang='grc' dir='ltr'>τούτων</span> 
     </span>
    </p>
   </div>
   <div class='ocr_carea' id='block_1_39' title="bbox 517 3634 2092 3713">
    <p class='ocr_par' dir='ltr' id='par_1_39' title="bbox 517 3634 2092 3713">
     <span class='ocr_line' id='line_1_39' title="bbox 517 3634 2092 3713; baseline 0.001 -20"><span class='ocrx_word' id='word_1_303' title='bbox 517 3639 810 3707; x_wconf 75' lang='grc' dir='ltr'>ἐωλότερα,</span> <span class='ocrx_word' id='word_1_304' title='bbox 845 3636 974 3708; x_wconf 79' lang='grc' dir='ltr'>περὶ</span> <span class='ocrx_word' id='word_1_305' title='bbox 1000 3635 1095 3689; x_wconf 86' lang='grc' dir='ltr'>τοῦ</span> <span class='ocrx_word' id='word_1_306' title='bbox 1135 3634 1266 3689; x_wconf 82' lang='grc' dir='ltr'>λαοῦ</span> <span class='ocrx_word' id='word_1_307' title='bbox 1298 3636 1548 3705; x_wconf 82' lang='grc' dir='ltr'>λέγοντες</span> <span class='ocrx_word' id='word_1_308' title='bbox 1595 3638 1770 3693; x_wconf 84' lang='grc' dir='ltr'>ταῦτα</span> <span class='ocrx_word' id='word_1_309' title='bbox 1810 3641 2092 3713; x_wconf 76' lang='grc' dir='ltr'>εἰρῆσθαιο</span> 
     </span>
    </p>
   </div>
   <div class='ocr_carea' id='block_1_40' title="bbox 517 3718 2096 3797">
    <p class='ocr_par' dir='ltr' id='par_1_40' title="bbox 517 3718 2096 3797">
     <span class='ocr_line' id='line_1_40' title="bbox 517 3718 2096 3797; baseline 0.003 -21"><span class='ocrx_word' id='word_1_310' title='bbox 517 3722 633 3776; x_wconf 82' lang='grc' dir='ltr'>ἀλλ’</span> <span class='ocrx_word' id='word_1_311' title='bbox 662 3720 785 3775; x_wconf 74' lang='grc' dir='ltr'>οὔτε</span> <span class='ocrx_word' id='word_1_312' title='bbox 823 3720 1001 3791; x_wconf 82' lang='grc' dir='ltr'>ἱερεὺς</span> <span class='ocrx_word' id='word_1_313' title='bbox 1032 3720 1061 3772; x_wconf 97' lang='lat'><em>6</em></span> <span class='ocrx_word' id='word_1_314' title='bbox 1097 3718 1222 3783; x_wconf 83' lang='grc' dir='ltr'>λαὸς</span> <span class='ocrx_word' id='word_1_315' title='bbox 1272 3718 1515 3788; x_wconf 89' lang='grc' dir='ltr'>γέγονεν,</span> <span class='ocrx_word' id='word_1_316' title='bbox 1564 3720 1690 3776; x_wconf 79' lang='grc' dir='ltr'>οὔτε</span> <span class='ocrx_word' id='word_1_317' title='bbox 1730 3723 1801 3777; x_wconf 89' lang='grc' dir='ltr'>τά</span> <span class='ocrx_word' id='word_1_318' title='bbox 1834 3725 1998 3797; x_wconf 83' lang='grc' dir='ltr'>ἐτερα</span> <span class='ocrx_word' id='word_1_319' title='bbox 2025 3727 2096 3781; x_wconf 89' lang='grc' dir='ltr'>τά</span> 
     </span>
    </p>
   </div>
   <div class='ocr_carea' id='block_1_41' title="bbox 517 3801 2096 3879">
    <p class='ocr_par' dir='ltr' id='par_1_41' title="bbox 517 3801 2096 3879">
     <span class='ocr_line' id='line_1_41' title="bbox 517 3801 2096 3879; baseline 0.003 -19"><span class='ocrx_word' id='word_1_320' title='bbox 517 3805 781 3877; x_wconf 84' lang='grc' dir='ltr'>εἰρημένα</span> <span class='ocrx_word' id='word_1_321' title='bbox 809 3801 1060 3873; x_wconf 86' lang='grc' dir='ltr'>δυνηθείη</span> <span class='ocrx_word' id='word_1_322' title='bbox 1095 3801 1228 3854; x_wconf 88' lang='grc' dir='ltr'>ποτέ</span> <span class='ocrx_word' id='word_1_323' title='bbox 1270 3803 1419 3874; x_wconf 82' lang='grc' dir='ltr'>αὐτῷ</span> <span class='ocrx_word' id='word_1_324' title='bbox 1456 3805 1715 3876; x_wconf 72' lang='grc' dir='ltr'>ἁρμόσαι.</span> <span class='ocrx_word' id='word_1_325' title='bbox 1762 3808 1960 3879; x_wconf 86' lang='grc' dir='ltr'>Διόπερ</span> <span class='ocrx_word' id='word_1_326' title='bbox 2001 3811 2096 3865; x_wconf 78' lang='grc' dir='ltr'>καὶ</span> 
     </span>
    </p>
   </div>
   <div class='ocr_carea' id='block_1_42' title="bbox 516 3886 2097 3964">
    <p class='ocr_par' dir='ltr' id='par_1_42' title="bbox 516 3886 2097 3964">
     <span class='ocr_line' id='line_1_42' title="bbox 516 3886 2097 3964; baseline 0.001 -20"><span class='ocrx_word' id='word_1_327' title='bbox 516 3889 677 3944; x_wconf 87' lang='grc' dir='ltr'>τοῦτο</span> <span class='ocrx_word' id='word_1_328' title='bbox 708 3887 783 3951; x_wconf 84' lang='grc' dir='ltr'>ὡς</span> <span class='ocrx_word' id='word_1_329' title='bbox 811 3886 978 3940; x_wconf 81' lang='grc' dir='ltr'>ἐωλον</span> <span class='ocrx_word' id='word_1_330' title='bbox 1001 3886 1470 3958; x_wconf 87' lang='grc' dir='ltr'>παραδραμόντες,</span> <span class='ocrx_word' id='word_1_331' title='bbox 1501 3890 1596 3943; x_wconf 83' lang='grc' dir='ltr'>καὶ</span> <span class='ocrx_word' id='word_1_332' title='bbox 1614 3888 1738 3944; x_wconf 73' lang='grc' dir='ltr'>οὔτε</span> <span class='ocrx_word' id='word_1_333' title='bbox 1755 3894 2097 3964; x_wconf 85' lang='grc' dir='ltr'>κατασκευῆς</span> 
     </span>
    </p>
   </div>
   <div class='ocr_carea' id='block_1_43' title="bbox 515 3970 2096 4045">
    <p class='ocr_par' dir='ltr' id='par_1_43' title="bbox 515 3970 2096 4045">
     <span class='ocr_line' id='line_1_43' title="bbox 515 3970 2096 4045; baseline 0.001 -16"><span class='ocrx_word' id='word_1_334' title='bbox 515 3974 769 4043; x_wconf 87' lang='grc' dir='ltr'>δεόμενον</span> <span class='ocrx_word' id='word_1_335' title='bbox 798 3974 878 4034; x_wconf 84' lang='grc' dir='ltr'>εἰς</span> <span class='ocrx_word' id='word_1_336' title='bbox 922 3970 1259 4041; x_wconf 80' lang='grc' dir='ltr'>ἀνατροπὴν,</span> <span class='ocrx_word' id='word_1_337' title='bbox 1296 3970 1485 4043; x_wconf 72' lang='grc' dir='ltr'>ἕτερον</span> <span class='ocrx_word' id='word_1_338' title='bbox 1532 3974 1671 4045; x_wconf 85' lang='grc' dir='ltr'>ὅπερ</span> <span class='ocrx_word' id='word_1_339' title='bbox 1717 3975 1966 4044; x_wconf 86' lang='grc' dir='ltr'>λέγουσιν</span> <span class='ocrx_word' id='word_1_340' title='bbox 2015 3980 2096 4042; x_wconf 86' lang='grc' dir='ltr'>εἰς</span> 
     </span>
    </p>
   </div>
   <div class='ocr_carea' id='block_1_44' title="bbox 518 4053 2095 4130">
    <p class='ocr_par' dir='ltr' id='par_1_44' title="bbox 518 4053 2095 4130">
     <span class='ocr_line' id='line_1_44' title="bbox 518 4053 2095 4130; baseline 0.004 -20"><span class='ocrx_word' id='word_1_341' title='bbox 518 4059 683 4130; x_wconf 84' lang='grc' dir='ltr'>μέσον</span> <span class='ocrx_word' id='word_1_342' title='bbox 711 4053 1027 4124; x_wconf 83' lang='grc' dir='ltr'>ἀγάγωμεν.</span> <span class='ocrx_word' id='word_1_343' title='bbox 1060 4053 1126 4106; x_wconf 89' lang='grc' dir='ltr'>Τί</span> <span class='ocrx_word' id='word_1_344' title='bbox 1157 4054 1265 4124; x_wconf 89' lang='grc' dir='ltr'>γάρ</span> <span class='ocrx_word' id='word_1_345' title='bbox 1294 4072 1456 4124; x_wconf 84' lang='grc' dir='ltr'>φασιν</span> <span class='ocrx_word' id='word_1_346' title='bbox 1499 4057 1649 4111; x_wconf 82' lang='grc' dir='ltr'>ἄλλοι</span> <span class='ocrx_word' id='word_1_347' title='bbox 1677 4060 1869 4127; x_wconf 87' lang='grc' dir='ltr'>πάλιν;</span> <span class='ocrx_word' id='word_1_348' title='bbox 1910 4062 2034 4115; x_wconf 83' lang='grc' dir='ltr'>Ὅτι</span> <span class='ocrx_word' id='word_1_349' title='bbox 2065 4063 2095 4115; x_wconf 92' lang='lat'><em>6</em></span> 
     </span>
    </p>
   </div>
   <div class='ocr_carea' id='block_1_45' title="bbox 516 4136 2093 4215">
    <p class='ocr_par' dir='ltr' id='par_1_45' title="bbox 516 4136 2093 4215">
     <span class='ocr_line' id='line_1_45' title="bbox 516 4136 2093 4215; baseline 0.004 -22"><span class='ocrx_word' id='word_1_350' title='bbox 516 4142 646 4203; x_wconf 87' lang='grc' dir='ltr'>παῖς</span> <span class='ocrx_word' id='word_1_351' title='bbox 676 4137 769 4192; x_wconf 89' lang='grc' dir='ltr'>τοῦ</span> <span class='ocrx_word' id='word_1_352' title='bbox 804 4136 1058 4209; x_wconf 79' lang='grc' dir='ltr'>Ἀϐραὰμ</span> <span class='ocrx_word' id='word_1_353' title='bbox 1086 4136 1257 4190; x_wconf 87' lang='grc' dir='ltr'>ταῦτα</span> <span class='ocrx_word' id='word_1_354' title='bbox 1288 4137 1433 4208; x_wconf 80' lang='grc' dir='ltr'>λέγει</span> <span class='ocrx_word' id='word_1_355' title='bbox 1482 4141 1611 4212; x_wconf 87' lang='lat'><strong><em>1:591</em></strong></span> <span class='ocrx_word' id='word_1_356' title='bbox 1647 4142 1741 4195; x_wconf 91' lang='grc' dir='ltr'>τοῦ</span> <span class='ocrx_word' id='word_1_357' title='bbox 1780 4143 1972 4215; x_wconf 83' lang='grc' dir='ltr'>κυρίου</span> <span class='ocrx_word' id='word_1_358' title='bbox 1998 4145 2093 4199; x_wconf 90' lang='grc' dir='ltr'>τοῦ</span> 
     </span>
    </p>
   </div>
   <div class='ocr_carea' id='block_1_46' title="bbox 516 4220 2092 4298">
    <p class='ocr_par' dir='ltr' id='par_1_46' title="bbox 516 4220 2092 4298">
     <span class='ocr_line' id='line_1_46' title="bbox 516 4220 2092 4298; baseline 0.002 -20"><span class='ocrx_word' id='word_1_359' title='bbox 516 4222 728 4278; x_wconf 66' lang='grc' dir='ltr'>ἐαυτοῦ.</span> <span class='ocrx_word' id='word_1_360' title='bbox 762 4223 871 4276; x_wconf 69' lang='grc' dir='ltr'>Καὶ</span> <span class='ocrx_word' id='word_1_361' title='bbox 895 4222 946 4273; x_wconf 86' lang='grc' dir='ltr'>τί</span> <span class='ocrx_word' id='word_1_362' title='bbox 968 4221 1158 4274; x_wconf 85' lang='grc' dir='ltr'>τούτου</span> <span class='ocrx_word' id='word_1_363' title='bbox 1184 4220 1394 4291; x_wconf 90' lang='grc' dir='ltr'>γένοιτο</span> <span class='ocrx_word' id='word_1_364' title='bbox 1427 4225 1494 4277; x_wconf 80' lang='grc' dir='ltr'>ἂν</span> <span class='ocrx_word' id='word_1_365' title='bbox 1523 4224 1686 4278; x_wconf 87' lang='grc' dir='ltr'>πάλιν</span> <span class='ocrx_word' id='word_1_366' title='bbox 1714 4227 2006 4298; x_wconf 85' lang='grc' dir='ltr'>ἐωλότερον</span> <span class='ocrx_word' id='word_1_367' title='bbox 2030 4241 2092 4293; x_wconf 72' lang='grc' dir='ltr'>ις</span> 
     </span>
    </p>
   </div>
   <div class='ocr_carea' id='block_1_47' title="bbox 516 4304 2093 4381">
    <p class='ocr_par' dir='ltr' id='par_1_47' title="bbox 516 4304 2093 4381">
     <span class='ocr_line' id='line_1_47' title="bbox 516 4304 2093 4381; baseline 0.004 -22"><span class='ocrx_word' id='word_1_368' title='bbox 516 4308 582 4362; x_wconf 89' lang='grc' dir='ltr'>Τί</span> <span class='ocrx_word' id='word_1_369' title='bbox 612 4307 720 4378; x_wconf 74' lang='grc' dir='ltr'>γὰρ</span> <span class='ocrx_word' id='word_1_370' title='bbox 750 4304 984 4360; x_wconf 82' lang='grc' dir='ltr'>ἐνταῦθα</span> <span class='ocrx_word' id='word_1_371' title='bbox 1018 4304 1268 4375; x_wconf 81' lang='grc' dir='ltr'>βούλεται</span> <span class='ocrx_word' id='word_1_372' title='bbox 1297 4306 1325 4359; x_wconf 88' lang='lat'><em>6</em></span> <span class='ocrx_word' id='word_1_373' title='bbox 1366 4309 1496 4371; x_wconf 91' lang='grc' dir='ltr'>παῖς</span> <span class='ocrx_word' id='word_1_374' title='bbox 1525 4306 1621 4362; x_wconf 87' lang='grc' dir='ltr'>τοῦ</span> <span class='ocrx_word' id='word_1_375' title='bbox 1660 4308 1942 4381; x_wconf 84' lang='grc' dir='ltr'>Ἀϐραάμ;</span> <span class='ocrx_word' id='word_1_376' title='bbox 1984 4311 2093 4365; x_wconf 90' lang='grc' dir='ltr'>Ποῦ</span> 
     </span>
    </p>
   </div>
   <div class='ocr_carea' id='block_1_48' title="bbox 517 4388 2096 4461">
    <p class='ocr_par' dir='ltr' id='par_1_48' title="bbox 517 4388 2096 4461">
     <span class='ocr_line' id='line_1_48' title="bbox 517 4388 2096 4461; baseline 0.003 -17"><span class='ocrx_word' id='word_1_377' title='bbox 517 4391 575 4444; x_wconf 83' lang='grc' dir='ltr'>δὲ</span> <span class='ocrx_word' id='word_1_378' title='bbox 603 4390 780 4460; x_wconf 77' lang='grc' dir='ltr'>ἱερεὺς</span> <span class='ocrx_word' id='word_1_379' title='bbox 812 4389 841 4439; x_wconf 89' lang='lat'><em>6</em></span> <span class='ocrx_word' id='word_1_380' title='bbox 867 4388 1051 4457; x_wconf 84' lang='grc' dir='ltr'>κύριος</span> <span class='ocrx_word' id='word_1_381' title='bbox 1086 4389 1250 4442; x_wconf 80' lang='grc' dir='ltr'>αὑτοῦ</span> <span class='ocrx_word' id='word_1_382' title='bbox 1285 4389 1527 4458; x_wconf 87' lang='grc' dir='ltr'>γέγονεν,</span> <span class='ocrx_word' id='word_1_383' title='bbox 1579 4391 1640 4454; x_wconf 84' lang='grc' dir='ltr'>ὃς</span> <span class='ocrx_word' id='word_1_384' title='bbox 1692 4409 1754 4461; x_wconf 87' lang='grc' dir='ltr'>γε</span> <span class='ocrx_word' id='word_1_385' title='bbox 1792 4394 1887 4447; x_wconf 72' lang='grc' dir='ltr'>καί⁵</span> <span class='ocrx_word' id='word_1_386' title='bbox 1933 4394 2096 4459; x_wconf 81' lang='grc' dir='ltr'>αὐτὸς</span> 
     </span>
    </p>
   </div>
   <div class='ocr_carea' id='block_1_49' title="bbox 518 4470 2092 4549">
    <p class='ocr_par' dir='ltr' id='par_1_49' title="bbox 518 4470 2092 4549">
     <span class='ocr_line' id='line_1_49' title="bbox 518 4470 2092 4549; baseline 0.004 -23"><span class='ocrx_word' id='word_1_387' title='bbox 518 4473 655 4541; x_wconf 87' lang='grc' dir='ltr'>ἱερεῖ</span> <span class='ocrx_word' id='word_1_388' title='bbox 681 4470 757 4539; x_wconf 85' lang='grc' dir='ltr'>τῷ</span> <span class='ocrx_word' id='word_1_389' title='bbox 791 4470 1122 4541; x_wconf 81' lang='grc' dir='ltr'>Μελχισεδὲκ</span> <span class='ocrx_word' id='word_1_390' title='bbox 1167 4471 1454 4543; x_wconf 75' lang='grc' dir='ltr'>ἐκέχρητο,</span> <span class='ocrx_word' id='word_1_391' title='bbox 1485 4475 1580 4528; x_wconf 80' lang='grc' dir='ltr'>καὶ</span> <span class='ocrx_word' id='word_1_392' title='bbox 1610 4475 1709 4539; x_wconf 89' lang='grc' dir='ltr'>τάς</span> <span class='ocrx_word' id='word_1_393' title='bbox 1758 4479 1890 4549; x_wconf 91' lang='grc' dir='ltr'>παρ’</span> <span class='ocrx_word' id='word_1_394' title='bbox 1929 4479 2092 4534; x_wconf 78' lang='grc' dir='ltr'>αὐτοῦ</span> 
     </span>
    </p>
   </div>
   <div class='ocr_carea' id='block_1_50' title="bbox 519 4552 2094 4633">
    <p class='ocr_par' dir='ltr' id='par_1_50' title="bbox 519 4552 2094 4633">
     <span class='ocr_line' id='line_1_50' title="bbox 519 4552 2094 4633; baseline 0.006 -25"><span class='ocrx_word' id='word_1_395' title='bbox 519 4553 770 4622; x_wconf 77' lang='grc' dir='ltr'>εὐλογίας</span> <span class='ocrx_word' id='word_1_396' title='bbox 826 4552 1043 4623; x_wconf 73' lang='grc' dir='ltr'>ἐζήτει;</span> <span class='ocrx_word' id='word_1_397' title='bbox 1094 4553 1218 4617; x_wconf 89' lang='grc' dir='ltr'>Πῶς</span> <span class='ocrx_word' id='word_1_398' title='bbox 1262 4555 1319 4608; x_wconf 85' lang='grc' dir='ltr'>δὲ</span> <span class='ocrx_word' id='word_1_399' title='bbox 1356 4555 1423 4610; x_wconf 83' lang='grc' dir='ltr'>ἂν</span> <span class='ocrx_word' id='word_1_400' title='bbox 1469 4556 1582 4627; x_wconf 75' lang='grc' dir='ltr'>ἔχοι</span> <span class='ocrx_word' id='word_1_401' title='bbox 1630 4558 1787 4628; x_wconf 91' lang='grc' dir='ltr'>λόγον</span> <span class='ocrx_word' id='word_1_402' title='bbox 1830 4562 1959 4633; x_wconf 83' lang='grc' dir='ltr'>περί</span> <span class='ocrx_word' id='word_1_403' title='bbox 1999 4562 2094 4617; x_wconf 88' lang='grc' dir='ltr'>τοῦ</span> 
     </span>
    </p>
   </div>
   <div class='ocr_carea' id='block_1_51' title="bbox 532 4635 2095 4715">
    <p class='ocr_par' dir='ltr' id='par_1_51' title="bbox 532 4635 2095 4715">
     <span class='ocr_line' id='line_1_51' title="bbox 532 4635 2095 4715; baseline 0.009 -27"><span class='ocrx_word' id='word_1_404' title='bbox 532 4635 783 4708; x_wconf 84' lang='grc' dir='ltr'>Ἀϐραὰμ</span> <span class='ocrx_word' id='word_1_405' title='bbox 808 4636 1056 4707; x_wconf 82' lang='grc' dir='ltr'>εἰρῆσθαι</span> <span class='ocrx_word' id='word_1_406' title='bbox 1086 4636 1168 4699; x_wconf 90' lang='lat'>:6,</span> <span class='ocrx_word' id='word_1_407' title='bbox 1210 4638 1311 4692; x_wconf 85' lang='grc' dir='ltr'>Ἐκ</span> <span class='ocrx_word' id='word_1_408' title='bbox 1352 4641 1610 4710; x_wconf 64' lang='grc' dir='ltr'>γαστρὸς</span> <span class='ocrx_word' id='word_1_409' title='bbox 1648 4643 1763 4711; x_wconf 83' lang='grc' dir='ltr'>πρὸ</span> <span class='ocrx_word' id='word_1_410' title='bbox 1784 4644 2095 4715; x_wconf 73' lang='grc' dir='ltr'>ἑωσφόρον</span> 
     </span>
    </p>
   </div>
   <div class='ocr_carea' id='block_1_52' title="bbox 519 4716 2097 4802">
    <p class='ocr_par' dir='ltr' id='par_1_52' title="bbox 519 4716 2097 4802">
     <span class='ocr_line' id='line_1_52' title="bbox 519 4716 2097 4802; baseline 0.008 -29"><span class='ocrx_word' id='word_1_411' title='bbox 519 4716 960 4802; x_wconf 28' lang='grc' dir='ltr'>ἐγέννησα-σε]</span> <span class='ocrx_word' id='word_1_412' title='bbox 994 4718 1110 4802; x_wconf 81' lang='grc' dir='ltr'>πῶς</span> <span class='ocrx_word' id='word_1_413' title='bbox 1141 4719 1186 4772; x_wconf 82' lang='grc' dir='ltr'>δ’</span> <span class='ocrx_word' id='word_1_414' title='bbox 1214 4719 1333 4792; x_wconf 84' lang='grc' dir='ltr'>ἂνῆ</span> <span class='ocrx_word' id='word_1_415' title='bbox 1365 4721 1444 4792; x_wconf 83' lang='grc' dir='ltr'>τῷ</span> <span class='ocrx_word' id='word_1_416' title='bbox 1472 4724 1656 4785; x_wconf 79' lang='grc' dir='ltr'>Δαυῒδ,</span> <span class='ocrx_word' id='word_1_417' title='bbox 1686 4727 1720 4795; x_wconf 78' lang='grc' dir='ltr'>ἢ</span> <span class='ocrx_word' id='word_1_418' title='bbox 1751 4728 1827 4799; x_wconf 86' lang='grc' dir='ltr'>τῷ</span> <span class='ocrx_word' id='word_1_419' title='bbox 1859 4730 2097 4802; x_wconf 87' lang='grc' dir='ltr'>Ζοροϐά-</span> 
     </span>
    </p>
   </div>
   <div class='ocr_carea' id='block_1_53' title="bbox 518 4799 2096 4884">
    <p class='ocr_par' dir='ltr' id='par_1_53' title="bbox 518 4799 2096 4884">
     <span class='ocr_line' id='line_1_53' title="bbox 518 4799 2096 4884; baseline 0.009 -29"><span class='ocrx_word' id='word_1_420' title='bbox 518 4802 636 4866; x_wconf 89' lang='grc' dir='ltr'>ϐελ,</span> <span class='ocrx_word' id='word_1_421' title='bbox 671 4799 804 4884; x_wconf 78' lang='grc' dir='ltr'>ῆτῷ</span> <span class='ocrx_word' id='word_1_422' title='bbox 828 4799 945 4870; x_wconf 77' lang='grc' dir='ltr'>λαῷ</span> <span class='ocrx_word' id='word_1_423' title='bbox 979 4800 1151 4853; x_wconf 88' lang='grc' dir='ltr'>ταῦτα</span> <span class='ocrx_word' id='word_1_424' title='bbox 1187 4802 1508 4873; x_wconf 85' lang='grc' dir='ltr'>ἁρμόσειεν;</span> <span class='ocrx_word' id='word_1_425' title='bbox 1545 4806 1716 4880; x_wconf 72' lang='grc' dir='ltr'>’Υπὲρ</span> <span class='ocrx_word' id='word_1_426' title='bbox 1747 4811 1857 4883; x_wconf 79' lang='grc' dir='ltr'>γάρ</span> <span class='ocrx_word' id='word_1_427' title='bbox 1887 4799 2096 4884; x_wconf 77' lang='grc' dir='ltr'>ἀνθρωο</span> 
     </span>
    </p>
   </div>
   <div class='ocr_carea' id='block_1_54' title="bbox 517 4883 2097 4961">
    <p class='ocr_par' dir='ltr' id='par_1_54' title="bbox 517 4883 2097 4961">
     <span class='ocr_line' id='line_1_54' title="bbox 517 4883 2097 4961; baseline 0.004 -20"><span class='ocrx_word' id='word_1_428' title='bbox 517 4885 683 4957; x_wconf 85' lang='grc' dir='ltr'>πίνην</span> <span class='ocrx_word' id='word_1_429' title='bbox 713 4883 874 4954; x_wconf 87' lang='grc' dir='ltr'>φύσιν</span> <span class='ocrx_word' id='word_1_430' title='bbox 901 4884 962 4937; x_wconf 89' lang='lat'>:6</span> <span class='ocrx_word' id='word_1_431' title='bbox 988 4884 1296 4955; x_wconf 86' lang='grc' dir='ltr'>εἰρημένον.</span> <span class='ocrx_word' id='word_1_432' title='bbox 1343 4887 1416 4940; x_wconf 89' lang='lat' dir='ltr'>T6</span> <span class='ocrx_word' id='word_1_433' title='bbox 1442 4888 1517 4953; x_wconf 82' lang='grc' dir='ltr'>δὲ,</span> <span class='ocrx_word' id='word_1_434' title='bbox 1543 4889 1740 4946; x_wconf 79' lang='grc' dir='ltr'>Κάθου</span> <span class='ocrx_word' id='word_1_435' title='bbox 1778 4894 1846 4948; x_wconf 78' lang='grc' dir='ltr'>ἐκ</span> <span class='ocrx_word' id='word_1_436' title='bbox 1883 4883 2097 4961; x_wconf 76' lang='grc' dir='ltr'>δεξιῶν</span> 
     </span>
    </p>
   </div>
   <div class='ocr_carea' id='block_1_55' title="bbox 520 4965 2098 5051">
    <p class='ocr_par' dir='ltr' id='par_1_55' title="bbox 520 4965 2098 5051">
     <span class='ocr_line' id='line_1_55' title="bbox 520 4965 2098 5051; baseline 0.006 -26"><span class='ocrx_word' id='word_1_437' title='bbox 520 4986 664 5041; x_wconf 81' lang='grc' dir='ltr'>μου,</span> <span class='ocrx_word' id='word_1_438' title='bbox 690 4968 851 5021; x_wconf 88' lang='grc' dir='ltr'>ποίαν</span> <span class='ocrx_word' id='word_1_439' title='bbox 883 4965 951 5021; x_wconf 84' lang='grc' dir='ltr'>ἂν</span> <span class='ocrx_word' id='word_1_440' title='bbox 971 5049 979 5051; x_wconf 54' lang='lat'><strong><em>_</em></strong></span> <span class='ocrx_word' id='word_1_441' title='bbox 1000 4968 1155 5037; x_wconf 84' lang='grc' dir='ltr'>σχοίη</span> <span class='ocrx_word' id='word_1_442' title='bbox 1199 4968 1515 5040; x_wconf 82' lang='grc' dir='ltr'>ἑρμηνείαν,</span> <span class='ocrx_word' id='word_1_443' title='bbox 1542 4972 1764 5027; x_wconf 83' lang='grc' dir='ltr'>ἐκείνων</span> <span class='ocrx_word' id='word_1_444' title='bbox 1790 4977 1899 5030; x_wconf 86' lang='grc' dir='ltr'>τῶν</span> <span class='ocrx_word' id='word_1_445' title='bbox 1930 4996 2098 5051; x_wconf 85' lang='grc' dir='ltr'>προσ-</span> 
     </span>
    </p>
   </div>
   <div class='ocr_carea' id='block_1_56' title="bbox 518 5049 2099 5133">
    <p class='ocr_par' dir='ltr' id='par_1_56' title="bbox 518 5049 2099 5133">
     <span class='ocr_line' id='line_1_56' title="bbox 518 5049 2099 5133; baseline 0.006 -26"><span class='ocrx_word' id='word_1_446' title='bbox 518 5051 686 5108; x_wconf 87' lang='grc' dir='ltr'>ώπων</span> <span class='ocrx_word' id='word_1_447' title='bbox 717 5049 1126 5133; x_wconf 84' lang='grc' dir='ltr'>ὑποκειμένων;</span> <span class='ocrx_word' id='word_1_448' title='bbox 1154 5051 1287 5105; x_wconf 82' lang='grc' dir='ltr'><strong>Οὐδὲ</strong></span> <span class='ocrx_word' id='word_1_449' title='bbox 1316 5051 1461 5122; x_wconf 87' lang='grc' dir='ltr'>μίαν.</span> <span class='ocrx_word' id='word_1_450' title='bbox 1497 5054 1621 5119; x_wconf 85' lang='grc' dir='ltr'>Πῶς</span> <span class='ocrx_word' id='word_1_451' title='bbox 1651 5056 1708 5110; x_wconf 81' lang='grc' dir='ltr'>δὲ</span> <span class='ocrx_word' id='word_1_452' title='bbox 1732 5058 1810 5129; x_wconf 85' lang='grc' dir='ltr'>τῷ</span> <span class='ocrx_word' id='word_1_453' title='bbox 1849 5049 2099 5133; x_wconf 81' lang='grc' dir='ltr'>Ἀϐραὰμ</span> 
     </span>
    </p>
   </div>
   <div class='ocr_carea' id='block_1_57' title="bbox 518 5132 2099 5213">
    <p class='ocr_par' dir='ltr' id='par_1_57' title="bbox 518 5132 2099 5213">
     <span class='ocr_line' id='line_1_57' title="bbox 518 5132 2099 5213; baseline 0.006 -23"><span class='ocrx_word' id='word_1_454' title='bbox 518 5133 661 5200; x_wconf 74' lang='grc' dir='ltr'>εἷπε,</span> <span class='ocrx_word' id='word_1_455' title='bbox 688 5134 887 5189; x_wconf 83' lang='grc' dir='ltr'>Κάθου</span> <span class='ocrx_word' id='word_1_456' title='bbox 907 5133 976 5187; x_wconf 79' lang='grc' dir='ltr'>ἐκ</span> <span class='ocrx_word' id='word_1_457' title='bbox 991 5132 1207 5197; x_wconf 78' lang='grc' dir='ltr'>δεξιῶν</span> <span class='ocrx_word' id='word_1_458' title='bbox 1227 5153 1369 5205; x_wconf 80' lang='grc' dir='ltr'>μου,</span> <span class='ocrx_word' id='word_1_459' title='bbox 1398 5136 1457 5201; x_wconf 86' lang='grc' dir='ltr'>ὃς</span> <span class='ocrx_word' id='word_1_460' title='bbox 1473 5154 1536 5206; x_wconf 91' lang='grc' dir='ltr'>γε</span> <span class='ocrx_word' id='word_1_461' title='bbox 1557 5140 1652 5193; x_wconf 77' lang='grc' dir='ltr'>καὶ</span> <span class='ocrx_word' id='word_1_462' title='bbox 1679 5140 1740 5193; x_wconf 79' lang='grc' dir='ltr'>τὸ</span> <span class='ocrx_word' id='word_1_463' title='bbox 1761 5132 2099 5213; x_wconf 80' lang='grc' dir='ltr'>παρεστάναι</span> 
     </span>
    </p>
   </div>
   <div class='ocr_carea' id='block_1_58' title="bbox 516 5216 2095 5295">
    <p class='ocr_par' dir='ltr' id='par_1_58' title="bbox 516 5216 2095 5295">
     <span class='ocr_line' id='line_1_58' title="bbox 516 5216 2095 5295; baseline -0.003 -10"><span class='ocrx_word' id='word_1_464' title='bbox 516 5222 632 5284; x_wconf 78' lang='grc' dir='ltr'>τοῖς</span> <span class='ocrx_word' id='word_1_465' title='bbox 665 5216 917 5287; x_wconf 73' lang='grc' dir='ltr'>ἀγγέλοις</span> <span class='ocrx_word' id='word_1_466' title='bbox 952 5216 1215 5289; x_wconf 81' lang='grc' dir='ltr'>μεγίστης</span> <span class='ocrx_word' id='word_1_467' title='bbox 1257 5219 1407 5285; x_wconf 77' lang='grc' dir='ltr'>ἄξιον</span> <span class='ocrx_word' id='word_1_468' title='bbox 1444 5222 1660 5290; x_wconf 78' lang='grc' dir='ltr'>ἡγεῖται</span> <span class='ocrx_word' id='word_1_469' title='bbox 1704 5224 1870 5294; x_wconf 78' lang='grc' dir='ltr'>τιμῆς</span> <span class='ocrx_word' id='word_1_470' title='bbox 1917 5221 2095 5295; x_wconf 60' lang='lat' dir='ltr'>alvus;</span> 
     </span>
    </p>
   </div>
   <div class='ocr_carea' id='block_1_59' title="bbox 531 5301 2095 5382">
    <p class='ocr_par' dir='ltr' id='par_1_59' title="bbox 531 5301 2095 5382">
     <span class='ocr_line' id='line_1_59' title="bbox 531 5301 2095 5382; baseline 0.005 -25"><span class='ocrx_word' id='word_1_471' title='bbox 531 5302 694 5357; x_wconf 79' lang='grc' dir='ltr'>Ἀ).λά</span> <span class='ocrx_word' id='word_1_472' title='bbox 723 5303 808 5366; x_wconf 90' lang='grc' dir='ltr'>τίς</span> <span class='ocrx_word' id='word_1_473' title='bbox 852 5301 1032 5382; x_wconf 79' lang='grc' dir='ltr'>αὐτῶν</span> <span class='ocrx_word' id='word_1_474' title='bbox 1073 5305 1102 5356; x_wconf 89' lang='lat'><em>6</em></span> <span class='ocrx_word' id='word_1_475' title='bbox 1130 5303 1294 5373; x_wconf 74' lang='grc' dir='ltr'>σοφὸς</span> <span class='ocrx_word' id='word_1_476' title='bbox 1340 5304 1533 5373; x_wconf 78' lang='grc' dir='ltr'>λόγυςς</span> <span class='ocrx_word' id='word_1_477' title='bbox 1588 5308 1699 5361; x_wconf 71' lang='grc' dir='ltr'>Καὶ</span> <span class='ocrx_word' id='word_1_478' title='bbox 1746 5308 1882 5374; x_wconf 83' lang='grc' dir='ltr'>πῶς,</span> <span class='ocrx_word' id='word_1_479' title='bbox 1939 5312 2095 5382; x_wconf 75' lang='grc' dir='ltr'>φησὶ,</span> 
     </span>
    </p>
   </div>
   <div class='ocr_carea' id='block_1_60' title="bbox 520 5379 2098 5467">
    <p class='ocr_par' dir='ltr' id='par_1_60' title="bbox 520 5379 2098 5467">
     <span class='ocr_line' id='line_1_60' title="bbox 520 5379 2098 5467; baseline 0.009 -31"><span class='ocrx_word' id='word_1_480' title='bbox 520 5384 726 5467; x_wconf 60' lang='grc' dir='ltr'>Κύριον</span> <span class='ocrx_word' id='word_1_481' title='bbox 772 5379 1014 5453; x_wconf 83' lang='grc' dir='ltr'>εἰσάγεις</span> <span class='ocrx_word' id='word_1_482' title='bbox 1061 5385 1271 5457; x_wconf 71' lang='grc' dir='ltr'>ἕτερον,</span> <span class='ocrx_word' id='word_1_483' title='bbox 1314 5387 1443 5441; x_wconf 82' lang='grc' dir='ltr'>ὅταν</span> <span class='ocrx_word' id='word_1_484' title='bbox 1486 5390 1519 5459; x_wconf 79' lang='grc' dir='ltr'><strong>ἡ</strong></span> <span class='ocrx_word' id='word_1_485' title='bbox 1562 5390 1752 5463; x_wconf 80' lang='grc' dir='ltr'>Γραφὴ</span> <span class='ocrx_word' id='word_1_486' title='bbox 1798 5379 2098 5467; x_wconf 71' lang='grc' dir='ltr'>διαρρήδην</span> 
     </span>
    </p>
   </div>
   <div class='ocr_carea' id='block_1_61' title="bbox 523 5464 2099 5543">
    <p class='ocr_par' dir='ltr' id='par_1_61' title="bbox 523 5464 2099 5543">
     <span class='ocr_line' id='line_1_61' title="bbox 523 5464 2099 5543; baseline 0.009 -25"><span class='ocrx_word' id='word_1_487' title='bbox 523 5464 675 5535; x_wconf 88' lang='grc' dir='ltr'>λέγῃ·</span> <span class='ocrx_word' id='word_1_488' title='bbox 699 5467 910 5534; x_wconf 81' lang='grc' dir='ltr'>Κύριος</span> <span class='ocrx_word' id='word_1_489' title='bbox 935 5469 967 5521; x_wconf 88' lang='grc' dir='ltr'>ό</span> <span class='ocrx_word' id='word_1_490' title='bbox 996 5469 1136 5535; x_wconf 87' lang='grc' dir='ltr'>Θεός</span> <span class='ocrx_word' id='word_1_491' title='bbox 1159 5485 1277 5525; x_wconf 90' lang='grc' dir='ltr'>σου</span> <span class='ocrx_word' id='word_1_492' title='bbox 1298 5472 1512 5540; x_wconf 83' lang='grc' dir='ltr'>Κύριος</span> <span class='ocrx_word' id='word_1_493' title='bbox 1539 5469 1625 5539; x_wconf 80' lang='grc' dir='ltr'>εἷς</span> <span class='ocrx_word' id='word_1_494' title='bbox 1643 5474 1794 5539; x_wconf 80' lang='grc' dir='ltr'>ἐστι,</span> <span class='ocrx_word' id='word_1_495' title='bbox 1820 5464 2099 5543; x_wconf 55' lang='grc' dir='ltr'>καλαῦτῷ</span> 
     </span>
    </p>
   </div>
   <div class='ocr_carea' id='block_1_62' title="bbox 521 5548 2095 5633">
    <p class='ocr_par' dir='ltr' id='par_1_62' title="bbox 521 5548 2095 5633">
     <span class='ocr_line' id='line_1_62' title="bbox 521 5548 2095 5633; baseline 0.012 -34"><span class='ocrx_word' id='word_1_496' title='bbox 521 5548 687 5615; x_wconf 80' lang='grc' dir='ltr'>μόνῳ</span> <span class='ocrx_word' id='word_1_497' title='bbox 705 5550 1074 5617; x_wconf 64' lang='grc' dir='ltr'>λατρεύσεις,</span> <span class='ocrx_word' id='word_1_498' title='bbox 1098 5551 1196 5606; x_wconf 78' lang='grc' dir='ltr'>καὶ</span> <span class='ocrx_word' id='word_1_499' title='bbox 1227 5554 1396 5624; x_wconf 77' lang='grc' dir='ltr'>πλὴν</span> <span class='ocrx_word' id='word_1_500' title='bbox 1417 5556 1604 5611; x_wconf 82' lang='grc' dir='ltr'>αὑτοῦ</span> <span class='ocrx_word' id='word_1_501' title='bbox 1623 5560 1735 5613; x_wconf 77' lang='grc' dir='ltr'>οὐκ</span> <span class='ocrx_word' id='word_1_502' title='bbox 1755 5559 2053 5633; x_wconf 38' lang='grc' dir='ltr'>ἐστισΘεάς</span> <span class='ocrx_word' id='word_1_503' title='bbox 2070 5578 2095 5628; x_wconf 85' lang='grc'><em>;</em></span> 
     </span>
    </p>
   </div>
   <div class='ocr_carea' id='block_1_63' title="bbox 592 5712 1800 5793">
    <p class='ocr_par' dir='ltr' id='par_1_63' title="bbox 592 5712 1800 5793">
     <span class='ocr_line' id='line_1_63' title="bbox 592 5712 1800 5793; baseline 0.013 -33"><span class='ocrx_word' id='word_1_504' title='bbox 592 5714 615 5741; x_wconf 84' lang='grc'><strong><em>⁸</em></strong></span> <span class='ocrx_word' id='word_1_505' title='bbox 642 5712 763 5775; x_wconf 73' lang='lat' dir='ltr'>Reg.</span> <span class='ocrx_word' id='word_1_506' title='bbox 786 5714 829 5761; x_wconf 84' lang='grc' dir='ltr'>τί</span> <span class='ocrx_word' id='word_1_507' title='bbox 849 5714 1014 5764; x_wconf 83' lang='grc' dir='ltr'>τούτου</span> <span class='ocrx_word' id='word_1_508' title='bbox 1038 5718 1173 5769; x_wconf 71' lang='grc' dir='ltr'>πάὶιν</span> <span class='ocrx_word' id='word_1_509' title='bbox 1200 5722 1378 5783; x_wconf 76' lang='grc' dir='ltr'>γίνοιτο</span> <span class='ocrx_word' id='word_1_510' title='bbox 1400 5725 1800 5793; x_wconf 65' lang='grc' dir='ltr'>ἀναισθητότεςτον.</span> 
     </span>
    </p>
   </div>
   <div class='ocr_carea' id='block_1_64' title="bbox 1209 351 2088 411">
    <p class='ocr_par' dir='ltr' id='par_1_64' title="bbox 1209 351 2083 411">
     <span class='ocr_line' id='line_1_64' title="bbox 1209 351 2083 411; baseline -0.006 -1"><span class='ocrx_word' id='word_1_511' title='bbox 1209 356 1265 410; x_wconf 91' lang='lat' dir='ltr'>S.</span> <span class='ocrx_word' id='word_1_512' title='bbox 1304 355 1586 411; x_wconf 63' lang='lat' dir='ltr'>JOANNIS</span> <span class='ocrx_word' id='word_1_513' title='bbox 1622 351 2083 410; x_wconf 69' lang='grc' dir='ltr'>υιιιιγευδτοιι</span> 
     </span>
    </p>
   </div>
   <div class='ocr_carea' id='block_1_65' title="bbox 2193 351 3053 411">
    <p class='ocr_par' dir='ltr' id='par_1_65' title="bbox 2198 352 3053 411">
     <span class='ocr_line' id='line_1_65' title="bbox 2198 352 3053 411; baseline 0.005 -5"><span class='ocrx_word' id='word_1_514' title='bbox 2198 352 2466 411; x_wconf 76' lang='lat' dir='ltr'>RCHIEP.</span> <span class='ocrx_word' id='word_1_515' title='bbox 2505 354 3053 411; x_wconf 71' lang='lat' dir='ltr'>CONSTANTINOP.</span> 
     </span>
    </p>
   </div>
   <div class='ocr_carea' id='block_1_66' title="bbox 2186 462 3752 538">
    <p class='ocr_par' dir='ltr' id='par_1_66' title="bbox 2186 462 3752 538">
     <span class='ocr_line' id='line_1_66' title="bbox 2186 462 3752 538; baseline 0.003 -22"><span class='ocrx_word' id='word_1_516' title='bbox 2186 465 2332 538; x_wconf 82' lang='grc' dir='ltr'>Πρὸς</span> <span class='ocrx_word' id='word_1_517' title='bbox 2357 466 2478 521; x_wconf 91' lang='grc' dir='ltr'>τίνα</span> <span class='ocrx_word' id='word_1_518' title='bbox 2499 462 2614 533; x_wconf 83' lang='grc' dir='ltr'>οὖν,</span> <span class='ocrx_word' id='word_1_519' title='bbox 2635 467 2755 521; x_wconf 83' lang='grc' dir='ltr'>εἰπέ</span> <span class='ocrx_word' id='word_1_520' title='bbox 2786 485 2898 536; x_wconf 88' lang='grc' dir='ltr'>μοι,</span> <span class='ocrx_word' id='word_1_521' title='bbox 2933 468 3048 520; x_wconf 67' lang='grc' dir='ltr'>ἐστὶ</span> <span class='ocrx_word' id='word_1_522' title='bbox 3069 465 3131 520; x_wconf 92' lang='lat'>:6</span> <span class='ocrx_word' id='word_1_523' title='bbox 3149 462 3473 535; x_wconf 80' lang='grc' dir='ltr'>λεγόμενον;</span> <span class='ocrx_word' id='word_1_524' title='bbox 3498 462 3752 520; x_wconf 80' lang='grc' dir='ltr'>Μάλιστα</span> 
     </span>
    </p>
   </div>
   <div class='ocr_carea' id='block_1_67' title="bbox 2183 551 3754 631">
    <p class='ocr_par' dir='ltr' id='par_1_67' title="bbox 2183 551 3754 631">
     <span class='ocr_line' id='line_1_67' title="bbox 2183 551 3754 631; baseline -0.001 -20"><span class='ocrx_word' id='word_1_525' title='bbox 2183 558 2283 629; x_wconf 88' lang='grc' dir='ltr'>μὲν</span> <span class='ocrx_word' id='word_1_526' title='bbox 2324 560 2507 613; x_wconf 82' lang='grc' dir='ltr'>ἐκεῖνα</span> <span class='ocrx_word' id='word_1_527' title='bbox 2536 561 2673 631; x_wconf 87' lang='lat'><strong><em>1:96;</em></strong></span> <span class='ocrx_word' id='word_1_528' title='bbox 2711 561 2811 631; x_wconf 82' lang='grc' dir='ltr'>τὴν</span> <span class='ocrx_word' id='word_1_529' title='bbox 2846 560 2947 630; x_wconf 86' lang='grc' dir='ltr'>σὴν</span> <span class='ocrx_word' id='word_1_530' title='bbox 2983 556 3377 629; x_wconf 84' lang='grc' dir='ltr'>ἀγνωμοσύνην</span> <span class='ocrx_word' id='word_1_531' title='bbox 3415 556 3635 627; x_wconf 77' lang='grc' dir='ltr'>εἴρηται</span> <span class='ocrx_word' id='word_1_532' title='bbox 3658 597 3676 623; x_wconf 92' lang='grc'>,</span> <span class='ocrx_word' id='word_1_533' title='bbox 3705 551 3754 609; x_wconf 75' lang='grc' dir='ltr'>ὗ</span> 
     </span>
    </p>
   </div>
   <div class='ocr_carea' id='block_1_68' title="bbox 2190 643 3756 722">
    <p class='ocr_par' dir='ltr' id='par_1_68' title="bbox 2190 643 3756 722">
     <span class='ocr_line' id='line_1_68' title="bbox 2190 643 3756 722; baseline -0.005 -17"><span class='ocrx_word' id='word_1_534' title='bbox 2190 649 2428 705; x_wconf 79' lang='grc' dir='ltr'>Ἰουδαῖε.</span> <span class='ocrx_word' id='word_1_535' title='bbox 2463 651 2563 704; x_wconf 81' lang='grc' dir='ltr'>Διά</span> <span class='ocrx_word' id='word_1_536' title='bbox 2587 652 2641 704; x_wconf 91' lang='grc' dir='ltr'>τί</span> <span class='ocrx_word' id='word_1_537' title='bbox 2661 651 2770 722; x_wconf 86' lang='grc' dir='ltr'>γὰρ</span> <span class='ocrx_word' id='word_1_538' title='bbox 2796 650 2874 722; x_wconf 81' lang='grc' dir='ltr'>τῷ</span> <span class='ocrx_word' id='word_1_539' title='bbox 2903 650 3154 722; x_wconf 81' lang='grc' dir='ltr'>Ἀϐραὰμ</span> <span class='ocrx_word' id='word_1_540' title='bbox 3176 647 3329 703; x_wconf 78' lang='grc' dir='ltr'>οὐδὲν</span> <span class='ocrx_word' id='word_1_541' title='bbox 3353 644 3551 716; x_wconf 79' lang='grc' dir='ltr'>ἐλέχθη</span> <span class='ocrx_word' id='word_1_542' title='bbox 3577 643 3756 699; x_wconf 82' lang='grc' dir='ltr'>τοιοῦ-</span> 
     </span>
    </p>
   </div>
   <div class='ocr_carea' id='block_1_69' title="bbox 2176 735 3757 817">
    <p class='ocr_par' dir='ltr' id='par_1_69' title="bbox 2176 735 3757 817">
     <span class='ocr_line' id='line_1_69' title="bbox 2176 735 3757 817; baseline -0.004 -23"><span class='ocrx_word' id='word_1_543' title='bbox 2176 757 2289 804; x_wconf 88' lang='grc' dir='ltr'>τον,</span> <span class='ocrx_word' id='word_1_544' title='bbox 2320 740 2442 794; x_wconf 89' lang='lat'><strong><em>0666</em></strong></span> <span class='ocrx_word' id='word_1_545' title='bbox 2457 741 2534 813; x_wconf 86' lang='grc' dir='ltr'>τῷ</span> <span class='ocrx_word' id='word_1_546' title='bbox 2559 742 2764 807; x_wconf 83' lang='grc' dir='ltr'>Ἰσαὰκ,</span> <span class='ocrx_word' id='word_1_547' title='bbox 2786 741 2908 794; x_wconf 85' lang='lat'><strong><em>0666</em></strong></span> <span class='ocrx_word' id='word_1_548' title='bbox 2920 740 3000 811; x_wconf 85' lang='grc' dir='ltr'>τῷ</span> <span class='ocrx_word' id='word_1_549' title='bbox 3030 738 3244 802; x_wconf 82' lang='grc' dir='ltr'>Ἰακὼϐ,</span> <span class='ocrx_word' id='word_1_550' title='bbox 3261 737 3383 791; x_wconf 84' lang='lat'><strong><em>0666</em></strong></span> <span class='ocrx_word' id='word_1_551' title='bbox 3406 735 3485 806; x_wconf 83' lang='grc' dir='ltr'>τῷ</span> <span class='ocrx_word' id='word_1_552' title='bbox 3502 735 3757 817; x_wconf 52' lang='grc' dir='ltr'>Μωῦσεῖ,</span> 
     </span>
    </p>
   </div>
   <div class='ocr_carea' id='block_1_70' title="bbox 2180 825 3755 905">
    <p class='ocr_par' dir='ltr' id='par_1_70' title="bbox 2180 825 3755 905">
     <span class='ocr_line' id='line_1_70' title="bbox 2180 825 3755 905; baseline 0.002 -19"><span class='ocrx_word' id='word_1_553' title='bbox 2180 832 2315 886; x_wconf 85' lang='grc' dir='ltr'>ἀλλὰ</span> <span class='ocrx_word' id='word_1_554' title='bbox 2334 834 2416 885; x_wconf 73' lang='grc' dir='ltr'>σοὶ</span> <span class='ocrx_word' id='word_1_555' title='bbox 2435 833 2599 905; x_wconf 86' lang='grc' dir='ltr'>μόνῳ.</span> <span class='ocrx_word' id='word_1_556' title='bbox 2611 833 2700 885; x_wconf 83' lang='grc' dir='ltr'>ὅτε</span> <span class='ocrx_word' id='word_1_557' title='bbox 2716 831 2948 896; x_wconf 81' lang='grc' dir='ltr'>ἐξελθὼν</span> <span class='ocrx_word' id='word_1_558' title='bbox 2963 833 3022 897; x_wconf 78' lang='grc' dir='ltr'>ἐξ</span> <span class='ocrx_word' id='word_1_559' title='bbox 3037 829 3314 899; x_wconf 73' lang='grc' dir='ltr'>Αἰγύπτου</span> <span class='ocrx_word' id='word_1_560' title='bbox 3337 825 3716 898; x_wconf 78' lang='grc' dir='ltr'>ἐμοσχοποίεις</span> <span class='ocrx_word' id='word_1_561' title='bbox 3734 841 3755 891; x_wconf 77' lang='grc' dir='ltr'>ς</span> 
     </span>
    </p>
   </div>
   <div class='ocr_carea' id='block_1_71' title="bbox 2178 916 2864 987">
    <p class='ocr_par' dir='ltr' id='par_1_71' title="bbox 2178 916 2864 987">
     <span class='ocr_line' id='line_1_71' title="bbox 2178 916 2864 987; baseline -0.001 -18"><span class='ocrx_word' id='word_1_562' title='bbox 2178 917 2322 980; x_wconf 85' lang='grc' dir='ltr'>τίνος</span> <span class='ocrx_word' id='word_1_563' title='bbox 2345 916 2550 982; x_wconf 71' lang='grc' dir='ltr'>ἕνεκεν,</span> <span class='ocrx_word' id='word_1_564' title='bbox 2581 916 2703 970; x_wconf 88' lang='grc' dir='ltr'>εἰπέ</span> <span class='ocrx_word' id='word_1_565' title='bbox 2733 933 2823 987; x_wconf 89' lang='grc' dir='ltr'>μοι</span> <span class='ocrx_word' id='word_1_566' title='bbox 2848 932 2864 981; x_wconf 88' lang='lat'>;</span> 
     </span>
    </p>
   </div>
   <div class='ocr_carea' id='block_1_72' title="bbox 2252 1001 3760 1080">
    <p class='ocr_par' dir='ltr' id='par_1_72' title="bbox 2252 1001 3760 1080">
     <span class='ocr_line' id='line_1_72' title="bbox 2252 1001 3760 1080; baseline -0.003 -19"><span class='ocrx_word' id='word_1_567' title='bbox 2252 1009 2317 1063; x_wconf 89' lang='grc' dir='ltr'>Εἰ</span> <span class='ocrx_word' id='word_1_568' title='bbox 2348 1009 2405 1062; x_wconf 90' lang='lat'>66</span> <span class='ocrx_word' id='word_1_569' title='bbox 2456 1007 2616 1072; x_wconf 80' lang='grc' dir='ltr'>αὐτὸς</span> <span class='ocrx_word' id='word_1_570' title='bbox 2642 1009 2891 1080; x_wconf 82' lang='grc' dir='ltr'>ἀπορεῖς,</span> <span class='ocrx_word' id='word_1_571' title='bbox 2937 1008 3067 1079; x_wconf 80' lang='grc' dir='ltr'>παρ’</span> <span class='ocrx_word' id='word_1_572' title='bbox 3095 1006 3229 1078; x_wconf 80' lang='grc' dir='ltr'>ἐμοῦ</span> <span class='ocrx_word' id='word_1_573' title='bbox 3266 1007 3367 1078; x_wconf 80' lang='grc' dir='ltr'>τὴν</span> <span class='ocrx_word' id='word_1_574' title='bbox 3395 1005 3577 1061; x_wconf 79' lang='grc' dir='ltr'>αἰτίαν</span> <span class='ocrx_word' id='word_1_575' title='bbox 3615 1001 3760 1074; x_wconf 81' lang='grc' dir='ltr'>μάν-</span> 
     </span>
    </p>
   </div>
   <div class='ocr_carea' id='block_1_73' title="bbox 2183 1091 3759 1171">
    <p class='ocr_par' dir='ltr' id='par_1_73' title="bbox 2183 1091 3759 1171">
     <span class='ocr_line' id='line_1_73' title="bbox 2183 1091 3759 1171; baseline -0.004 -18"><span class='ocrx_word' id='word_1_576' title='bbox 2183 1099 2332 1154; x_wconf 88' lang='grc' dir='ltr'>θανε.</span> <span class='ocrx_word' id='word_1_577' title='bbox 2376 1099 2595 1170; x_wconf 81' lang='grc' dir='ltr'>Ἐπειδὴ</span> <span class='ocrx_word' id='word_1_578' title='bbox 2643 1100 2754 1171; x_wconf 87' lang='grc' dir='ltr'>γὰρ</span> <span class='ocrx_word' id='word_1_579' title='bbox 2797 1098 3026 1166; x_wconf 79' lang='grc' dir='ltr'>ἐξελθὼν</span> <span class='ocrx_word' id='word_1_580' title='bbox 3056 1098 3510 1171; x_wconf 86' lang='grc' dir='ltr'>ἐμοσχοποίησας,</span> <span class='ocrx_word' id='word_1_581' title='bbox 3551 1094 3648 1150; x_wconf 71' lang='grc' dir='ltr'>καὶ</span> <span class='ocrx_word' id='word_1_582' title='bbox 3676 1091 3759 1164; x_wconf 79' lang='grc' dir='ltr'>τῷ</span> 
     </span>
    </p>
   </div>
   <div class='ocr_carea' id='block_1_74' title="bbox 2183 1183 3757 1263">
    <p class='ocr_par' dir='ltr' id='par_1_74' title="bbox 2183 1183 3757 1263">
     <span class='ocr_line' id='line_1_74' title="bbox 2183 1183 3757 1263; baseline -0.002 -20"><span class='ocrx_word' id='word_1_583' title='bbox 2183 1188 2506 1263; x_wconf 85' lang='grc' dir='ltr'>Βεελφεγὼρ</span> <span class='ocrx_word' id='word_1_584' title='bbox 2522 1190 2824 1263; x_wconf 79' lang='grc' dir='ltr'>ἐτελέσθης,</span> <span class='ocrx_word' id='word_1_585' title='bbox 2840 1191 3085 1263; x_wconf 78' lang='grc' dir='ltr'>καὶπρὸς</span> <span class='ocrx_word' id='word_1_586' title='bbox 3105 1191 3273 1262; x_wconf 85' lang='grc' dir='ltr'>δῆμον</span> <span class='ocrx_word' id='word_1_587' title='bbox 3297 1189 3434 1244; x_wconf 90' lang='grc' dir='ltr'>θεῶν</span> <span class='ocrx_word' id='word_1_588' title='bbox 3454 1183 3524 1260; x_wconf 78' lang='grc' dir='ltr'>ἧς</span> <span class='ocrx_word' id='word_1_589' title='bbox 3552 1188 3757 1257; x_wconf 82' lang='grc' dir='ltr'>ἐπτοη-</span> 
     </span>
    </p>
   </div>
   <div class='ocr_carea' id='block_1_75' title="bbox 2188 1280 3759 1357">
    <p class='ocr_par' dir='ltr' id='par_1_75' title="bbox 2188 1280 3759 1357">
     <span class='ocr_line' id='line_1_75' title="bbox 2188 1280 3759 1357; baseline -0.004 -18"><span class='ocrx_word' id='word_1_590' title='bbox 2188 1287 2347 1355; x_wconf 84' lang='grc' dir='ltr'>μένος</span> <span class='ocrx_word' id='word_1_591' title='bbox 2367 1322 2384 1351; x_wconf 94' lang='grc'>,</span> <span class='ocrx_word' id='word_1_592' title='bbox 2415 1284 2515 1356; x_wconf 80' lang='grc' dir='ltr'>τὴν</span> <span class='ocrx_word' id='word_1_593' title='bbox 2541 1284 2739 1356; x_wconf 81' lang='grc' dir='ltr'>ἄνομον</span> <span class='ocrx_word' id='word_1_594' title='bbox 2768 1284 2982 1357; x_wconf 89' lang='grc' dir='ltr'>ἐκείνην</span> <span class='ocrx_word' id='word_1_595' title='bbox 3026 1283 3314 1338; x_wconf 82' lang='grc' dir='ltr'>πολυθεῒαν</span> <span class='ocrx_word' id='word_1_596' title='bbox 3341 1282 3598 1350; x_wconf 87' lang='grc' dir='ltr'>εἰσάγων,</span> <span class='ocrx_word' id='word_1_597' title='bbox 3627 1280 3759 1334; x_wconf 88' lang='grc' dir='ltr'>ἀνα-</span> 
     </span>
    </p>
   </div>
   <div class='ocr_carea' id='block_1_76' title="bbox 2187 1372 3757 1448">
    <p class='ocr_par' dir='ltr' id='par_1_76' title="bbox 2187 1372 3757 1448">
     <span class='ocr_line' id='line_1_76' title="bbox 2187 1372 3757 1448; baseline -0.003 -19"><span class='ocrx_word' id='word_1_598' title='bbox 2187 1375 2419 1430; x_wconf 82' lang='grc' dir='ltr'>στέλλων</span> <span class='ocrx_word' id='word_1_599' title='bbox 2446 1393 2539 1430; x_wconf 92' lang='grc' dir='ltr'>σου</span> <span class='ocrx_word' id='word_1_600' title='bbox 2567 1376 2629 1430; x_wconf 86' lang='grc' dir='ltr'>τὸ</span> <span class='ocrx_word' id='word_1_601' title='bbox 2661 1377 2894 1448; x_wconf 89' lang='grc' dir='ltr'>νόσημα,</span> <span class='ocrx_word' id='word_1_602' title='bbox 2926 1378 3063 1448; x_wconf 82' lang='grc' dir='ltr'>πρὸς</span> <span class='ocrx_word' id='word_1_603' title='bbox 3091 1374 3493 1447; x_wconf 83' lang='grc' dir='ltr'>ἀντιδιαστολὴν</span> <span class='ocrx_word' id='word_1_604' title='bbox 3524 1374 3634 1429; x_wconf 87' lang='grc' dir='ltr'>τῶν</span> <span class='ocrx_word' id='word_1_605' title='bbox 3656 1372 3757 1426; x_wconf 75' lang='grc' dir='ltr'>οὐκ</span> 
     </span>
    </p>
   </div>
   <div class='ocr_carea' id='block_1_77' title="bbox 2185 1466 3757 1543">
    <p class='ocr_par' dir='ltr' id='par_1_77' title="bbox 2185 1466 3757 1543">
     <span class='ocr_line' id='line_1_77' title="bbox 2185 1466 3757 1543; baseline -0.005 -17"><span class='ocrx_word' id='word_1_606' title='bbox 2185 1472 2353 1526; x_wconf 74' lang='grc' dir='ltr'>ὄντων</span> <span class='ocrx_word' id='word_1_607' title='bbox 2380 1468 2518 1525; x_wconf 91' lang='grc' dir='ltr'>θεῶν</span> <span class='ocrx_word' id='word_1_608' title='bbox 2546 1470 2607 1525; x_wconf 88' lang='lat'>:6</span> <span class='ocrx_word' id='word_1_609' title='bbox 2635 1466 2740 1536; x_wconf 81' lang='grc' dir='ltr'>Εἷς</span> <span class='ocrx_word' id='word_1_610' title='bbox 2759 1470 2975 1543; x_wconf 80' lang='grc' dir='ltr'>ἔθηκεν,</span> <span class='ocrx_word' id='word_1_611' title='bbox 3000 1471 3061 1524; x_wconf 89' lang='lat'>06</span> <span class='ocrx_word' id='word_1_612' title='bbox 3090 1470 3226 1541; x_wconf 84' lang='lat'><strong><em>1:96;</em></strong></span> <span class='ocrx_word' id='word_1_613' title='bbox 3251 1468 3506 1540; x_wconf 82' lang='grc' dir='ltr'>ἀθέτησιν</span> <span class='ocrx_word' id='word_1_614' title='bbox 3528 1466 3626 1522; x_wconf 91' lang='grc' dir='ltr'>τοῦ</span> <span class='ocrx_word' id='word_1_615' title='bbox 3652 1467 3757 1520; x_wconf 83' lang='lat' dir='ltr'>M0-</span> 
     </span>
    </p>
   </div>
   <div class='ocr_carea' id='block_1_78' title="bbox 2186 1561 3755 1638">
    <p class='ocr_par' dir='ltr' id='par_1_78' title="bbox 2186 1561 3755 1638">
     <span class='ocr_line' id='line_1_78' title="bbox 2186 1561 3755 1638; baseline -0.006 -15"><span class='ocrx_word' id='word_1_616' title='bbox 2186 1566 2457 1636; x_wconf 83' lang='grc' dir='ltr'>νογενοῦς.</span> <span class='ocrx_word' id='word_1_617' title='bbox 2476 1567 2626 1620; x_wconf 75' lang='grc' dir='ltr'>Ἐπεὶ</span> <span class='ocrx_word' id='word_1_618' title='bbox 2644 1568 2787 1631; x_wconf 87' lang='grc' dir='ltr'>τίνος</span> <span class='ocrx_word' id='word_1_619' title='bbox 2802 1568 2986 1621; x_wconf 70' lang='grc' dir='ltr'>ἕνεκεν</span> <span class='ocrx_word' id='word_1_620' title='bbox 3015 1569 3073 1621; x_wconf 88' lang='grc' dir='ltr'>ἐν</span> <span class='ocrx_word' id='word_1_621' title='bbox 3096 1566 3399 1638; x_wconf 85' lang='grc' dir='ltr'>προοιμίοις</span> <span class='ocrx_word' id='word_1_622' title='bbox 3416 1565 3634 1636; x_wconf 70' lang='grc' dir='ltr'>εἴρηται</span> <span class='ocrx_word' id='word_1_623' title='bbox 3663 1561 3755 1615; x_wconf 86' lang='grc' dir='ltr'>εύ-</span> 
     </span>
    </p>
   </div>
   <div class='ocr_carea' id='block_1_79' title="bbox 2188 1654 3758 1728">
    <p class='ocr_par' dir='ltr' id='par_1_79' title="bbox 2188 1654 3758 1728">
     <span class='ocr_line' id='line_1_79' title="bbox 2188 1654 3758 1728; baseline -0.003 -16"><span class='ocrx_word' id='word_1_624' title='bbox 2188 1659 2344 1723; x_wconf 87' lang='grc' dir='ltr'>θέως·</span> <span class='ocrx_word' id='word_1_625' title='bbox 2371 1658 2723 1728; x_wconf 78' lang='grc' dir='ltr'>Ποιήσωμεν</span> <span class='ocrx_word' id='word_1_626' title='bbox 2752 1658 3066 1726; x_wconf 79' lang='grc' dir='ltr'>ἄνθρωπον</span> <span class='ocrx_word' id='word_1_627' title='bbox 3088 1658 3212 1712; x_wconf 78' lang='grc' dir='ltr'>κατ’</span> <span class='ocrx_word' id='word_1_628' title='bbox 3242 1658 3448 1711; x_wconf 81' lang='grc' dir='ltr'>εἰκόνα</span> <span class='ocrx_word' id='word_1_629' title='bbox 3482 1655 3582 1709; x_wconf 77' lang='grc' dir='ltr'>καί</span> <span class='ocrx_word' id='word_1_630' title='bbox 3628 1654 3758 1708; x_wconf 80' lang='grc' dir='ltr'>καθ’</span> 
     </span>
    </p>
   </div>
   <div class='ocr_carea' id='block_1_80' title="bbox 2186 1746 3755 1821">
    <p class='ocr_par' dir='ltr' id='par_1_80' title="bbox 2186 1746 3755 1821">
     <span class='ocr_line' id='line_1_80' title="bbox 2186 1746 3755 1821; baseline -0.015 1"><span class='ocrx_word' id='word_1_631' title='bbox 2186 1753 2473 1821; x_wconf 69' lang='grc' dir='ltr'>ὁμοίωσιν</span> <span class='ocrx_word' id='word_1_632' title='bbox 2490 1751 2781 1821; x_wconf 69' lang='grc' dir='ltr'>ἡμετέραν</span> <span class='ocrx_word' id='word_1_633' title='bbox 2790 1769 2811 1819; x_wconf 88' lang='grc'><strong><em>;</em></strong></span> <span class='ocrx_word' id='word_1_634' title='bbox 2826 1753 2936 1806; x_wconf 80' lang='grc' dir='ltr'>Καὶ</span> <span class='ocrx_word' id='word_1_635' title='bbox 2950 1751 3131 1817; x_wconf 84' lang='grc' dir='ltr'>πάλιν,</span> <span class='ocrx_word' id='word_1_636' title='bbox 3149 1750 3327 1805; x_wconf 84' lang='grc' dir='ltr'>Δεῦτε</span> <span class='ocrx_word' id='word_1_637' title='bbox 3345 1748 3445 1803; x_wconf 80' lang='grc' dir='ltr'>καί</span> <span class='ocrx_word' id='word_1_638' title='bbox 3467 1746 3755 1802; x_wconf 78' lang='grc' dir='ltr'>καταϐάν-</span> 
     </span>
    </p>
   </div>
   <div class='ocr_carea' id='block_1_81' title="bbox 2186 1840 3756 1916">
    <p class='ocr_par' dir='ltr' id='par_1_81' title="bbox 2186 1840 3756 1916">
     <span class='ocr_line' id='line_1_81' title="bbox 2186 1840 3756 1916; baseline -0.004 -17"><span class='ocrx_word' id='word_1_639' title='bbox 2186 1862 2285 1912; x_wconf 85' lang='grc' dir='ltr'>τες</span> <span class='ocrx_word' id='word_1_640' title='bbox 2308 1850 2658 1916; x_wconf 79' lang='grc' dir='ltr'>συγχέωμεν</span> <span class='ocrx_word' id='word_1_641' title='bbox 2684 1845 2791 1912; x_wconf 88' lang='grc' dir='ltr'>τὰς</span> <span class='ocrx_word' id='word_1_642' title='bbox 2821 1845 3107 1916; x_wconf 69' lang='grc' dir='ltr'>γλώσσας</span> <span class='ocrx_word' id='word_1_643' title='bbox 3133 1842 3352 1898; x_wconf 83' lang='grc' dir='ltr'>αὐτῶν.</span> <span class='ocrx_word' id='word_1_644' title='bbox 3392 1841 3504 1896; x_wconf 70' lang='grc' dir='ltr'>Καὶ</span> <span class='ocrx_word' id='word_1_645' title='bbox 3540 1840 3703 1895; x_wconf 85' lang='grc' dir='ltr'>πάλιν</span> <span class='ocrx_word' id='word_1_646' title='bbox 3726 1841 3756 1894; x_wconf 88' lang='lat'><em>6</em></span> 
     </span>
    </p>
   </div>
   <div class='ocr_carea' id='block_1_82' title="bbox 2181 1934 3756 2007">
    <p class='ocr_par' dir='ltr' id='par_1_82' title="bbox 2181 1934 3756 2007">
     <span class='ocr_line' id='line_1_82' title="bbox 2181 1934 3756 2007; baseline -0.003 -18"><span class='ocrx_word' id='word_1_647' title='bbox 2181 1936 2370 2004; x_wconf 80' lang='grc' dir='ltr'>Δαυῖδ,</span> <span class='ocrx_word' id='word_1_648' title='bbox 2402 1936 2507 1991; x_wconf 82' lang='grc' dir='ltr'>Διὰ</span> <span class='ocrx_word' id='word_1_649' title='bbox 2537 1936 2715 1992; x_wconf 87' lang='grc' dir='ltr'>τοῦτο</span> <span class='ocrx_word' id='word_1_650' title='bbox 2752 1937 2962 2007; x_wconf 70' lang='grc' dir='ltr'>ἐχρισέ</span> <span class='ocrx_word' id='word_1_651' title='bbox 2989 1952 3064 1991; x_wconf 86' lang='grc' dir='ltr'>σε</span> <span class='ocrx_word' id='word_1_652' title='bbox 3108 1938 3142 1990; x_wconf 85' lang='grc' dir='ltr'><strong><em>ὀ</em></strong></span> <span class='ocrx_word' id='word_1_653' title='bbox 3194 1934 3356 2001; x_wconf 80' lang='grc' dir='ltr'>Θεὸς,</span> <span class='ocrx_word' id='word_1_654' title='bbox 3392 1935 3426 1987; x_wconf 85' lang='grc' dir='ltr'>ό</span> <span class='ocrx_word' id='word_1_655' title='bbox 3461 1934 3610 1999; x_wconf 83' lang='grc' dir='ltr'>Θεός</span> <span class='ocrx_word' id='word_1_656' title='bbox 3640 1946 3756 1985; x_wconf 86' lang='grc' dir='ltr'>σου</span> 
     </span>
    </p>
   </div>
   <div class='ocr_carea' id='block_1_83' title="bbox 2184 2025 3759 2102">
    <p class='ocr_par' dir='ltr' id='par_1_83' title="bbox 2184 2025 3759 2102">
     <span class='ocr_line' id='line_1_83' title="bbox 2184 2025 3759 2102; baseline -0.005 -15"><span class='ocrx_word' id='word_1_657' title='bbox 2184 2031 2394 2087; x_wconf 69' lang='grc' dir='ltr'>ἔλαιον</span> <span class='ocrx_word' id='word_1_658' title='bbox 2412 2031 2823 2102; x_wconf 68' lang='grc' dir='ltr'>ἀγαλλιάσεως</span> <span class='ocrx_word' id='word_1_659' title='bbox 2850 2031 3012 2101; x_wconf 79' lang='grc' dir='ltr'>παρὰ</span> <span class='ocrx_word' id='word_1_660' title='bbox 3042 2030 3183 2098; x_wconf 85' lang='grc' dir='ltr'>τοὺς</span> <span class='ocrx_word' id='word_1_661' title='bbox 3199 2029 3495 2099; x_wconf 81' lang='grc' dir='ltr'>μετόχους</span> <span class='ocrx_word' id='word_1_662' title='bbox 3532 2042 3672 2081; x_wconf 87' lang='grc' dir='ltr'>σου.</span> <span class='ocrx_word' id='word_1_663' title='bbox 3693 2025 3759 2079; x_wconf 68' lang='lat' dir='ltr'>El</span> 
     </span>
    </p>
   </div>
   <div class='ocr_carea' id='block_1_84' title="bbox 2186 2110 3762 2195">
    <p class='ocr_par' dir='ltr' id='par_1_84' title="bbox 2186 2110 3762 2195">
     <span class='ocr_line' id='line_1_84' title="bbox 2186 2110 3762 2195; baseline -0.006 -16"><span class='ocrx_word' id='word_1_664' title='bbox 2186 2123 2246 2179; x_wconf 82' lang='lat'>66</span> <span class='ocrx_word' id='word_1_665' title='bbox 2273 2126 2302 2178; x_wconf 89' lang='lat'><em>6</em></span> <span class='ocrx_word' id='word_1_666' title='bbox 2332 2125 2575 2195; x_wconf 85' lang='grc' dir='ltr'>Μωῦσῆς</span> <span class='ocrx_word' id='word_1_667' title='bbox 2595 2124 2770 2193; x_wconf 88' lang='grc' dir='ltr'>λέγει,</span> <span class='ocrx_word' id='word_1_668' title='bbox 2796 2125 3012 2192; x_wconf 84' lang='grc' dir='ltr'>Κύριος</span> <span class='ocrx_word' id='word_1_669' title='bbox 3035 2124 3064 2176; x_wconf 91' lang='lat'><em>6</em></span> <span class='ocrx_word' id='word_1_670' title='bbox 3095 2122 3239 2188; x_wconf 86' lang='grc' dir='ltr'>Θεός</span> <span class='ocrx_word' id='word_1_671' title='bbox 3270 2134 3389 2175; x_wconf 87' lang='grc' dir='ltr'>σου</span> <span class='ocrx_word' id='word_1_672' title='bbox 3420 2118 3639 2188; x_wconf 83' lang='grc' dir='ltr'>Κύριος</span> <span class='ocrx_word' id='word_1_673' title='bbox 3671 2110 3762 2183; x_wconf 71' lang='grc' dir='ltr'>εἰς</span> 
     </span>
    </p>
   </div>
   <div class='ocr_carea' id='block_1_85' title="bbox 2180 2208 3764 2288">
    <p class='ocr_par' dir='ltr' id='par_1_85' title="bbox 2180 2208 3764 2288">
     <span class='ocr_line' id='line_1_85' title="bbox 2180 2208 3764 2288; baseline -0.004 -19"><span class='ocrx_word' id='word_1_674' title='bbox 2180 2216 2377 2269; x_wconf 78' lang='grc' dir='ltr'>ἐστιν·</span> <span class='ocrx_word' id='word_1_675' title='bbox 2403 2217 2439 2286; x_wconf 81' lang='grc' dir='ltr'>ἡ</span> <span class='ocrx_word' id='word_1_676' title='bbox 2462 2215 2702 2288; x_wconf 83' lang='grc' dir='ltr'>ὑμετέρα</span> <span class='ocrx_word' id='word_1_677' title='bbox 2731 2215 2983 2269; x_wconf 79' lang='grc' dir='ltr'>ἀσθένεια</span> <span class='ocrx_word' id='word_1_678' title='bbox 3001 2214 3223 2284; x_wconf 88' lang='grc' dir='ltr'>γέγονεν</span> <span class='ocrx_word' id='word_1_679' title='bbox 3239 2212 3385 2268; x_wconf 88' lang='grc' dir='ltr'>αἰτία</span> <span class='ocrx_word' id='word_1_680' title='bbox 3407 2211 3637 2266; x_wconf 84' lang='grc' dir='ltr'>τούτων.</span> <span class='ocrx_word' id='word_1_681' title='bbox 3650 2208 3764 2263; x_wconf 74' lang='grc' dir='ltr'>Καὶ</span> 
     </span>
    </p>
   </div>
   <div class='ocr_carea' id='block_1_86' title="bbox 2188 2303 3766 2380">
    <p class='ocr_par' dir='ltr' id='par_1_86' title="bbox 2188 2303 3766 2380">
     <span class='ocr_line' id='line_1_86' title="bbox 2188 2303 3766 2380; baseline -0.006 -17"><span class='ocrx_word' id='word_1_682' title='bbox 2188 2309 2242 2362; x_wconf 85' lang='grc' dir='ltr'>τί</span> <span class='ocrx_word' id='word_1_683' title='bbox 2281 2309 2579 2380; x_wconf 82' lang='grc' dir='ltr'>θαυμάζεις</span> <span class='ocrx_word' id='word_1_684' title='bbox 2617 2311 2667 2361; x_wconf 85' lang='grc' dir='ltr'>εἰ</span> <span class='ocrx_word' id='word_1_685' title='bbox 2714 2309 2808 2362; x_wconf 77' lang='grc' dir='ltr'>ἐπὶ</span> <span class='ocrx_word' id='word_1_686' title='bbox 2847 2307 2957 2361; x_wconf 90' lang='grc' dir='ltr'>τῶν</span> <span class='ocrx_word' id='word_1_687' title='bbox 2986 2306 3270 2378; x_wconf 84' lang='grc' dir='ltr'>δογμάτων</span> <span class='ocrx_word' id='word_1_688' title='bbox 3310 2305 3466 2361; x_wconf 87' lang='grc' dir='ltr'>τοῦτο</span> <span class='ocrx_word' id='word_1_689' title='bbox 3504 2303 3766 2373; x_wconf 82' lang='grc' dir='ltr'>γέγονεν,</span> 
     </span>
    </p>
   </div>
   <div class='ocr_carea' id='block_1_87' title="bbox 2189 2395 3768 2474">
    <p class='ocr_par' dir='ltr' id='par_1_87' title="bbox 2189 2395 3768 2474">
     <span class='ocr_line' id='line_1_87' title="bbox 2189 2395 3768 2474; baseline -0.004 -19"><span class='ocrx_word' id='word_1_690' title='bbox 2189 2404 2323 2456; x_wconf 84' lang='grc' dir='ltr'>ὅπου</span> <span class='ocrx_word' id='word_1_691' title='bbox 2352 2418 2416 2470; x_wconf 87' lang='grc' dir='ltr'>γε</span> <span class='ocrx_word' id='word_1_692' title='bbox 2434 2402 2530 2455; x_wconf 72' lang='grc' dir='ltr'>καὶ</span> <span class='ocrx_word' id='word_1_693' title='bbox 2561 2401 2656 2454; x_wconf 83' lang='lat'><strong><em>61:1</em></strong></span> <span class='ocrx_word' id='word_1_694' title='bbox 2678 2401 2788 2454; x_wconf 89' lang='grc' dir='ltr'>τῶν</span> <span class='ocrx_word' id='word_1_695' title='bbox 2803 2400 3141 2474; x_wconf 87' lang='grc' dir='ltr'>πραγμάτων</span> <span class='ocrx_word' id='word_1_696' title='bbox 3157 2400 3264 2454; x_wconf 76' lang='grc' dir='ltr'>ἀπὸ</span> <span class='ocrx_word' id='word_1_697' title='bbox 3285 2399 3396 2453; x_wconf 87' lang='grc' dir='ltr'>τῶν</span> <span class='ocrx_word' id='word_1_698' title='bbox 3416 2395 3768 2465; x_wconf 81' lang='grc' dir='ltr'>τελειοτέρων</span> 
     </span>
    </p>
   </div>
   <div class='ocr_carea' id='block_1_88' title="bbox 2188 2485 3771 2565">
    <p class='ocr_par' dir='ltr' id='par_1_88' title="bbox 2188 2485 3771 2565">
     <span class='ocr_line' id='line_1_88' title="bbox 2188 2485 3771 2565; baseline -0.006 -17"><span class='ocrx_word' id='word_1_699' title='bbox 2188 2495 2283 2549; x_wconf 79' lang='grc' dir='ltr'>ἐπὶ</span> <span class='ocrx_word' id='word_1_700' title='bbox 2309 2493 2379 2547; x_wconf 88' lang='grc' dir='ltr'>τά</span> <span class='ocrx_word' id='word_1_701' title='bbox 2404 2492 2659 2547; x_wconf 84' lang='grc' dir='ltr'>ἐλάττονα</span> <span class='ocrx_word' id='word_1_702' title='bbox 2693 2493 2782 2547; x_wconf 81' lang='grc' dir='ltr'>τὸν</span> <span class='ocrx_word' id='word_1_703' title='bbox 2816 2493 2975 2562; x_wconf 90' lang='grc' dir='ltr'>λόγον</span> <span class='ocrx_word' id='word_1_704' title='bbox 3012 2489 3151 2565; x_wconf 82' lang='grc' dir='ltr'>ἦγεν</span> <span class='ocrx_word' id='word_1_705' title='bbox 3174 2495 3203 2546; x_wconf 91' lang='lat'><em>6</em></span> <span class='ocrx_word' id='word_1_706' title='bbox 3222 2492 3375 2557; x_wconf 81' lang='grc' dir='ltr'>Θεὸς,</span> <span class='ocrx_word' id='word_1_707' title='bbox 3400 2494 3467 2562; x_wconf 82' lang='grc' dir='ltr'>τῇ</span> <span class='ocrx_word' id='word_1_708' title='bbox 3509 2485 3771 2557; x_wconf 73' lang='grc' dir='ltr'>ἀσθενείᾳ</span> 
     </span>
    </p>
   </div>
   <div class='ocr_carea' id='block_1_89' title="bbox 2188 2583 3772 2660">
    <p class='ocr_par' dir='ltr' id='par_1_89' title="bbox 2188 2583 3772 2660">
     <span class='ocr_line' id='line_1_89' title="bbox 2188 2583 3772 2660; baseline -0.004 -18"><span class='ocrx_word' id='word_1_709' title='bbox 2188 2590 2255 2659; x_wconf 78' lang='grc' dir='ltr'>τῇ</span> <span class='ocrx_word' id='word_1_710' title='bbox 2284 2587 2527 2660; x_wconf 81' lang='grc' dir='ltr'>ἡμετέρᾳ</span> <span class='ocrx_word' id='word_1_711' title='bbox 2551 2587 3029 2657; x_wconf 88' lang='grc' dir='ltr'>συγκαταϐαίνων;</span> <span class='ocrx_word' id='word_1_712' title='bbox 3052 2587 3143 2641; x_wconf 81' lang='grc' dir='ltr'>Διὸ</span> <span class='ocrx_word' id='word_1_713' title='bbox 3164 2587 3259 2641; x_wconf 65' lang='grc' dir='ltr'>καὶ¹</span> <span class='ocrx_word' id='word_1_714' title='bbox 3286 2588 3516 2657; x_wconf 87' lang='grc' dir='ltr'>γυναῖκα</span> <span class='ocrx_word' id='word_1_715' title='bbox 3536 2585 3636 2656; x_wconf 78' lang='grc' dir='ltr'>τὴν</span> <span class='ocrx_word' id='word_1_716' title='bbox 3665 2583 3772 2654; x_wconf 77' lang='grc' dir='ltr'>μὲν</span> 
     </span>
    </p>
   </div>
   <div class='ocr_carea' id='block_1_90' title="bbox 2191 2675 3775 2751">
    <p class='ocr_par' dir='ltr' id='par_1_90' title="bbox 2191 2675 3775 2751">
     <span class='ocr_line' id='line_1_90' title="bbox 2191 2675 3775 2751; baseline -0.003 -19"><span class='ocrx_word' id='word_1_717' title='bbox 2191 2679 2491 2746; x_wconf 86' lang='grc' dir='ltr'>ἐκϐάλλειν,</span> <span class='ocrx_word' id='word_1_718' title='bbox 2512 2678 2611 2750; x_wconf 80' lang='grc' dir='ltr'>τὴν</span> <span class='ocrx_word' id='word_1_719' title='bbox 2643 2678 2700 2732; x_wconf 85' lang='grc' dir='ltr'>δὲ</span> <span class='ocrx_word' id='word_1_720' title='bbox 2727 2679 2966 2748; x_wconf 79' lang='grc' dir='ltr'>εἰσάγειν</span> <span class='ocrx_word' id='word_1_721' title='bbox 2988 2679 3306 2751; x_wconf 82' lang='grc' dir='ltr'>ἐπέτρεπεν,</span> <span class='ocrx_word' id='word_1_722' title='bbox 3342 2678 3437 2732; x_wconf 84' lang='grc' dir='ltr'>ἀπ’</span> <span class='ocrx_word' id='word_1_723' title='bbox 3471 2675 3648 2748; x_wconf 81' lang='grc' dir='ltr'>ἀρχῆς</span> <span class='ocrx_word' id='word_1_724' title='bbox 3668 2675 3775 2746; x_wconf 77' lang='grc' dir='ltr'>οὐχ</span> 
     </span>
    </p>
   </div>
   <div class='ocr_carea' id='block_1_91' title="bbox 2190 2769 3776 2844">
    <p class='ocr_par' dir='ltr' id='par_1_91' title="bbox 2190 2769 3776 2844">
     <span class='ocr_line' id='line_1_91' title="bbox 2190 2769 3776 2844; baseline -0.001 -20"><span class='ocrx_word' id='word_1_725' title='bbox 2190 2770 2332 2825; x_wconf 86' lang='grc' dir='ltr'>οῦτω</span> <span class='ocrx_word' id='word_1_726' title='bbox 2355 2769 2737 2843; x_wconf 86' lang='grc' dir='ltr'>νομοθετήσας.</span> <span class='ocrx_word' id='word_1_727' title='bbox 2757 2773 2867 2825; x_wconf 74' lang='grc' dir='ltr'>Καὶ</span> <span class='ocrx_word' id='word_1_728' title='bbox 2888 2772 3015 2844; x_wconf 82' lang='grc' dir='ltr'>περί</span> <span class='ocrx_word' id='word_1_729' title='bbox 3035 2771 3340 2843; x_wconf 83' lang='grc' dir='ltr'>βρωμάτων</span> <span class='ocrx_word' id='word_1_730' title='bbox 3359 2770 3558 2840; x_wconf 83' lang='grc' dir='ltr'>πολλὴν</span> <span class='ocrx_word' id='word_1_731' title='bbox 3580 2769 3776 2840; x_wconf 75' lang='grc' dir='ltr'>ἐποιή-</span> 
     </span>
    </p>
   </div>
   <div class='ocr_carea' id='block_1_92' title="bbox 2195 2862 3777 2936">
    <p class='ocr_par' dir='ltr' id='par_1_92' title="bbox 2195 2862 3777 2936">
     <span class='ocr_line' id='line_1_92' title="bbox 2195 2862 3777 2936; baseline -0.001 -19"><span class='ocrx_word' id='word_1_732' title='bbox 2195 2881 2325 2917; x_wconf 90' lang='grc' dir='ltr'>σατο</span> <span class='ocrx_word' id='word_1_733' title='bbox 2343 2864 2442 2936; x_wconf 85' lang='grc' dir='ltr'>τὴν</span> <span class='ocrx_word' id='word_1_734' title='bbox 2473 2863 2768 2936; x_wconf 86' lang='grc' dir='ltr'>διάκρισιν,</span> <span class='ocrx_word' id='word_1_735' title='bbox 2801 2864 2979 2918; x_wconf 87' lang='grc' dir='ltr'>καίτοι</span> <span class='ocrx_word' id='word_1_736' title='bbox 3021 2881 3084 2933; x_wconf 91' lang='grc' dir='ltr'>γε</span> <span class='ocrx_word' id='word_1_737' title='bbox 3129 2863 3188 2929; x_wconf 83' lang='grc' dir='ltr'>ἐξ</span> <span class='ocrx_word' id='word_1_738' title='bbox 3217 2865 3391 2935; x_wconf 82' lang='grc' dir='ltr'>ἀρχῆς</span> <span class='ocrx_word' id='word_1_739' title='bbox 3436 2862 3503 2917; x_wconf 78' lang='grc' dir='ltr'>τὰ</span> <span class='ocrx_word' id='word_1_740' title='bbox 3549 2862 3777 2917; x_wconf 82' lang='grc' dir='ltr'>ἐναντία</span> 
     </span>
    </p>
   </div>
   <div class='ocr_carea' id='block_1_93' title="bbox 2196 2952 3778 3027">
    <p class='ocr_par' dir='ltr' id='par_1_93' title="bbox 2196 2952 3778 3027">
     <span class='ocr_line' id='line_1_93' title="bbox 2196 2952 3778 3027; baseline -0.001 -20"><span class='ocrx_word' id='word_1_741' title='bbox 2196 2952 2344 3027; x_wconf 71' lang='grc'>[251]</span> <span class='ocrx_word' id='word_1_742' title='bbox 2372 2953 2562 3017; x_wconf 84' lang='grc' dir='ltr'>εἰπὼν,</span> <span class='ocrx_word' id='word_1_743' title='bbox 2591 2956 2673 3009; x_wconf 87' lang='grc' dir='ltr'>ὅτι</span> <span class='ocrx_word' id='word_1_744' title='bbox 2699 2956 2795 3021; x_wconf 86' lang='grc' dir='ltr'>Ὧς</span> <span class='ocrx_word' id='word_1_745' title='bbox 2838 2955 3079 3026; x_wconf 75' lang='grc' dir='ltr'>λάχανα</span> <span class='ocrx_word' id='word_1_746' title='bbox 3112 2955 3328 3026; x_wconf 86' lang='grc' dir='ltr'>χόρτου</span> <span class='ocrx_word' id='word_1_747' title='bbox 3370 2955 3599 3010; x_wconf 81' lang='grc' dir='ltr'>δέδωκα</span> <span class='ocrx_word' id='word_1_748' title='bbox 3627 2955 3778 3024; x_wconf 75' lang='grc' dir='ltr'>ὑμῖν</span> 
     </span>
    </p>
   </div>
   <div class='ocr_carea' id='block_1_94' title="bbox 2194 3040 3775 3117">
    <p class='ocr_par' dir='ltr' id='par_1_94' title="bbox 2194 3040 3775 3117">
     <span class='ocr_line' id='line_1_94' title="bbox 2194 3040 3775 3117; baseline 0.003 -22"><span class='ocrx_word' id='word_1_749' title='bbox 2194 3041 2412 3096; x_wconf 78' lang='grc' dir='ltr'>πάντα.</span> <span class='ocrx_word' id='word_1_750' title='bbox 2454 3042 2564 3097; x_wconf 79' lang='grc' dir='ltr'>Καὶ</span> <span class='ocrx_word' id='word_1_751' title='bbox 2603 3046 2730 3117; x_wconf 88' lang='lat'><strong><em>1:591</em></strong></span> <span class='ocrx_word' id='word_1_752' title='bbox 2758 3044 2922 3098; x_wconf 87' lang='grc' dir='ltr'>τόπου</span> <span class='ocrx_word' id='word_1_753' title='bbox 2950 3044 3179 3109; x_wconf 79' lang='grc' dir='ltr'>πολλοὺς</span> <span class='ocrx_word' id='word_1_754' title='bbox 3208 3044 3419 3099; x_wconf 88' lang='grc' dir='ltr'>τέθεικε</span> <span class='ocrx_word' id='word_1_755' title='bbox 3455 3044 3674 3115; x_wconf 90' lang='grc' dir='ltr'>νόμους,</span> <span class='ocrx_word' id='word_1_756' title='bbox 3707 3040 3775 3099; x_wconf 83' lang='grc' dir='ltr'>οὗ</span> 
     </span>
    </p>
   </div>
   <div class='ocr_carea' id='block_1_95' title="bbox 2197 3134 3776 3208">
    <p class='ocr_par' dir='ltr' id='par_1_95' title="bbox 2197 3134 3776 3208">
     <span class='ocr_line' id='line_1_95' title="bbox 2197 3134 3776 3208; baseline 0.005 -22"><span class='ocrx_word' id='word_1_757' title='bbox 2197 3134 2494 3205; x_wconf 85' lang='grc' dir='ltr'>συγχωρῶν</span> <span class='ocrx_word' id='word_1_758' title='bbox 2528 3135 2805 3206; x_wconf 86' lang='grc' dir='ltr'>πανταχοῦ</span> <span class='ocrx_word' id='word_1_759' title='bbox 2835 3136 2934 3200; x_wconf 81' lang='grc' dir='ltr'>τὰς</span> <span class='ocrx_word' id='word_1_760' title='bbox 2961 3136 3125 3207; x_wconf 85' lang='grc' dir='ltr'>εὑχάς</span> <span class='ocrx_word' id='word_1_761' title='bbox 3163 3137 3450 3204; x_wconf 85' lang='grc' dir='ltr'>ἐπιτελεῖν,</span> <span class='ocrx_word' id='word_1_762' title='bbox 3493 3136 3673 3192; x_wconf 85' lang='grc' dir='ltr'>καίτοι</span> <span class='ocrx_word' id='word_1_763' title='bbox 3708 3155 3776 3208; x_wconf 74' lang='grc' dir='ltr'>γε</span> 
     </span>
    </p>
   </div>
   <div class='ocr_carea' id='block_1_96' title="bbox 2196 3225 3773 3300">
    <p class='ocr_par' dir='ltr' id='par_1_96' title="bbox 2196 3225 3773 3300">
     <span class='ocr_line' id='line_1_96' title="bbox 2196 3225 3773 3300; baseline 0.002 -20"><span class='ocrx_word' id='word_1_764' title='bbox 2196 3225 2318 3280; x_wconf 80' lang='grc' dir='ltr'>οὐδὲ</span> <span class='ocrx_word' id='word_1_765' title='bbox 2355 3225 2515 3280; x_wconf 87' lang='grc' dir='ltr'>τοῦτο</span> <span class='ocrx_word' id='word_1_766' title='bbox 2550 3228 2610 3295; x_wconf 81' lang='grc' dir='ltr'>ἐξ</span> <span class='ocrx_word' id='word_1_767' title='bbox 2646 3229 2821 3300; x_wconf 81' lang='grc' dir='ltr'>ἀρχῆς</span> <span class='ocrx_word' id='word_1_768' title='bbox 2847 3227 3255 3300; x_wconf 82' lang='grc' dir='ltr'>ἐνομοθέτησεν.</span> <span class='ocrx_word' id='word_1_769' title='bbox 3292 3228 3453 3283; x_wconf 84' lang='grc' dir='ltr'>Ἀλλά</span> <span class='ocrx_word' id='word_1_770' title='bbox 3482 3230 3577 3282; x_wconf 72' lang='grc' dir='ltr'>καὶ</span> <span class='ocrx_word' id='word_1_771' title='bbox 3609 3231 3668 3283; x_wconf 83' lang='grc' dir='ltr'>ἐν</span> <span class='ocrx_word' id='word_1_772' title='bbox 3703 3232 3773 3300; x_wconf 77' lang='grc' dir='ltr'>τῇ</span> 
     </span>
    </p>
   </div>
   <div class='ocr_carea' id='block_1_97' title="bbox 2196 3322 3769 3398">
    <p class='ocr_par' dir='ltr' id='par_1_97' title="bbox 2196 3322 3769 3398">
     <span class='ocr_line' id='line_1_97' title="bbox 2196 3322 3769 3398; baseline 0.004 -24"><span class='ocrx_word' id='word_1_773' title='bbox 2196 3322 2422 3394; x_wconf 87' lang='grc' dir='ltr'>Περσῶν</span> <span class='ocrx_word' id='word_1_774' title='bbox 2452 3325 2524 3395; x_wconf 81' lang='grc' dir='ltr'>γῇ</span> <span class='ocrx_word' id='word_1_775' title='bbox 2550 3322 2629 3394; x_wconf 82' lang='grc' dir='ltr'>τῷ</span> <span class='ocrx_word' id='word_1_776' title='bbox 2677 3324 2924 3396; x_wconf 83' lang='grc' dir='ltr'>Ἀϐραάμ</span> <span class='ocrx_word' id='word_1_777' title='bbox 2948 3323 3135 3396; x_wconf 77' lang='grc' dir='ltr'>ὤφθη,</span> <span class='ocrx_word' id='word_1_778' title='bbox 3183 3326 3275 3380; x_wconf 70' lang='grc' dir='ltr'>καί⁸</span> <span class='ocrx_word' id='word_1_779' title='bbox 3313 3327 3373 3380; x_wconf 81' lang='grc' dir='ltr'>ἐν</span> <span class='ocrx_word' id='word_1_780' title='bbox 3400 3325 3769 3398; x_wconf 75' lang='grc' dir='ltr'>Παλαιστίνῃ,</span> 
     </span>
    </p>
   </div>
   <div class='ocr_carea' id='block_1_98' title="bbox 2196 3419 3774 3497">
    <p class='ocr_par' dir='ltr' id='par_1_98' title="bbox 2196 3419 3774 3497">
     <span class='ocr_line' id='line_1_98' title="bbox 2196 3419 3774 3497; baseline 0.004 -25"><span class='ocrx_word' id='word_1_781' title='bbox 2196 3419 2291 3472; x_wconf 72' lang='grc' dir='ltr'>καὶ</span> <span class='ocrx_word' id='word_1_782' title='bbox 2317 3419 2614 3492; x_wconf 75' lang='grc' dir='ltr'>πανταχοῦο</span> <span class='ocrx_word' id='word_1_783' title='bbox 2657 3422 2752 3475; x_wconf 70' lang='grc' dir='ltr'>καί⁵</span> <span class='ocrx_word' id='word_1_784' title='bbox 2798 3421 2876 3494; x_wconf 83' lang='grc' dir='ltr'>τῷ</span> <span class='ocrx_word' id='word_1_785' title='bbox 2902 3422 3129 3477; x_wconf 85' lang='grc' dir='ltr'>Μωῦσεῖ</span> <span class='ocrx_word' id='word_1_786' title='bbox 3161 3422 3303 3495; x_wconf 89' lang='grc' dir='ltr'>μετά</span> <span class='ocrx_word' id='word_1_787' title='bbox 3337 3423 3513 3478; x_wconf 90' lang='grc' dir='ltr'>ταῦτα</span> <span class='ocrx_word' id='word_1_788' title='bbox 3546 3423 3642 3478; x_wconf 78' lang='grc' dir='ltr'>ἐπὶ</span> <span class='ocrx_word' id='word_1_789' title='bbox 3669 3427 3774 3497; x_wconf 75' lang='grc' dir='ltr'>τῆς</span> 
     </span>
    </p>
   </div>
   <div class='ocr_carea' id='block_1_99' title="bbox 2197 3505 2429 3577">
    <p class='ocr_par' dir='ltr' id='par_1_99' title="bbox 2197 3505 2429 3577">
     <span class='ocr_line' id='line_1_99' title="bbox 2197 3505 2429 3577; baseline 0.013 -20"><span class='ocrx_word' id='word_1_790' title='bbox 2197 3505 2429 3577; x_wconf 86' lang='grc' dir='ltr'>ἐρήμου.</span> 
     </span>
    </p>
   </div>
   <div class='ocr_carea' id='block_1_100' title="bbox 2271 3588 3770 3669">
    <p class='ocr_par' dir='ltr' id='par_1_100' title="bbox 2271 3588 3770 3669">
     <span class='ocr_line' id='line_1_100' title="bbox 2271 3588 3770 3669; baseline 0.005 -23"><span class='ocrx_word' id='word_1_791' title='bbox 2271 3592 2337 3663; x_wconf 81' lang='grc' dir='ltr'>β’.</span> <span class='ocrx_word' id='word_1_792' title='bbox 2365 3591 2430 3646; x_wconf 91' lang='grc' dir='ltr'>Τί</span> <span class='ocrx_word' id='word_1_793' title='bbox 2447 3588 2541 3647; x_wconf 87' lang='grc' dir='ltr'>οῦν</span> <span class='ocrx_word' id='word_1_794' title='bbox 2556 3612 2572 3658; x_wconf 84' lang='grc'>;</span> <span class='ocrx_word' id='word_1_795' title='bbox 2587 3595 2780 3666; x_wconf 77' lang='grc' dir='ltr'>ἑαυτῇ,</span> <span class='ocrx_word' id='word_1_796' title='bbox 2798 3595 2952 3668; x_wconf 76' lang='grc' dir='ltr'>φησὶ,</span> <span class='ocrx_word' id='word_1_797' title='bbox 2970 3595 3200 3667; x_wconf 87' lang='grc' dir='ltr'>μάχεται</span> <span class='ocrx_word' id='word_1_798' title='bbox 3223 3597 3495 3669; x_wconf 78' lang='grc' dir='ltr'>ήΓραφή;</span> <span class='ocrx_word' id='word_1_799' title='bbox 3514 3599 3731 3668; x_wconf 80' lang='grc' dir='ltr'>’Δπαγε</span> <span class='ocrx_word' id='word_1_800' title='bbox 3752 3617 3770 3633; x_wconf 88' lang='grc'><strong>·</strong></span> 
     </span>
    </p>
   </div>
   <div class='ocr_carea' id='block_1_101' title="bbox 2196 3688 3774 3765">
    <p class='ocr_par' dir='ltr' id='par_1_101' title="bbox 2196 3688 3774 3765">
     <span class='ocr_line' id='line_1_101' title="bbox 2196 3688 3774 3765; baseline 0.004 -23"><span class='ocrx_word' id='word_1_801' title='bbox 2196 3688 2334 3743; x_wconf 87' lang='grc' dir='ltr'>ἀλλά</span> <span class='ocrx_word' id='word_1_802' title='bbox 2362 3690 2503 3743; x_wconf 87' lang='grc' dir='ltr'>κατά</span> <span class='ocrx_word' id='word_1_803' title='bbox 2534 3691 2724 3762; x_wconf 85' lang='grc' dir='ltr'>καιρὸν</span> <span class='ocrx_word' id='word_1_804' title='bbox 2751 3691 2887 3764; x_wconf 82' lang='grc' dir='ltr'>πρὸς</span> <span class='ocrx_word' id='word_1_805' title='bbox 2912 3691 2974 3746; x_wconf 85' lang='grc' dir='ltr'>τὸ</span> <span class='ocrx_word' id='word_1_806' title='bbox 3011 3693 3287 3765; x_wconf 79' lang='grc' dir='ltr'>συμφέρον</span> <span class='ocrx_word' id='word_1_807' title='bbox 3328 3692 3536 3748; x_wconf 63' lang='grc' dir='ltr'>ἕκαστα</span> <span class='ocrx_word' id='word_1_808' title='bbox 3560 3697 3774 3749; x_wconf 86' lang='grc' dir='ltr'>οἰκονο-</span> 
     </span>
    </p>
   </div>
   <div class='ocr_carea' id='block_1_102' title="bbox 2200 3785 3776 3861">
    <p class='ocr_par' dir='ltr' id='par_1_102' title="bbox 2200 3785 3776 3861">
     <span class='ocr_line' id='line_1_102' title="bbox 2200 3785 3776 3861; baseline 0.004 -23"><span class='ocrx_word' id='word_1_809' title='bbox 2200 3789 2311 3856; x_wconf 88' lang='grc' dir='ltr'>μεῖ,</span> <span class='ocrx_word' id='word_1_810' title='bbox 2340 3785 2438 3857; x_wconf 84' lang='grc' dir='ltr'>τὴν</span> <span class='ocrx_word' id='word_1_811' title='bbox 2469 3786 2753 3841; x_wconf 83' lang='grc' dir='ltr'>ἀσθένειαν</span> <span class='ocrx_word' id='word_1_812' title='bbox 2777 3788 3013 3860; x_wconf 83' lang='grc' dir='ltr'>ἑκάστης</span> <span class='ocrx_word' id='word_1_813' title='bbox 3036 3791 3228 3857; x_wconf 79' lang='grc' dir='ltr'>γενεᾶς</span> <span class='ocrx_word' id='word_1_814' title='bbox 3259 3788 3776 3861; x_wconf 77' lang='grc' dir='ltr'>διορθούμενος.Δώ</span> 
     </span>
    </p>
   </div>
   <div class='ocr_carea' id='block_1_103' title="bbox 2197 3882 3775 3957">
    <p class='ocr_par' dir='ltr' id='par_1_103' title="bbox 2197 3882 3775 3957">
     <span class='ocr_line' id='line_1_103' title="bbox 2197 3882 3775 3957; baseline 0.004 -21"><span class='ocrx_word' id='word_1_815' title='bbox 2197 3882 2262 3953; x_wconf 88' lang='grc' dir='ltr'>δὴ</span> <span class='ocrx_word' id='word_1_816' title='bbox 2286 3883 2444 3936; x_wconf 91' lang='grc' dir='ltr'>τοῦτο</span> <span class='ocrx_word' id='word_1_817' title='bbox 2486 3883 2623 3955; x_wconf 82' lang='grc' dir='ltr'>πρὸς</span> <span class='ocrx_word' id='word_1_818' title='bbox 2664 3883 2725 3938; x_wconf 84' lang='grc' dir='ltr'>σὲ</span> <span class='ocrx_word' id='word_1_819' title='bbox 2757 3885 2855 3956; x_wconf 86' lang='grc' dir='ltr'>μὲν</span> <span class='ocrx_word' id='word_1_820' title='bbox 2882 3884 3094 3957; x_wconf 78' lang='grc' dir='ltr'>εἴρηται</span> <span class='ocrx_word' id='word_1_821' title='bbox 3117 3901 3131 3916; x_wconf 81' lang='grc'><strong><em>⁸</em></strong></span> <span class='ocrx_word' id='word_1_822' title='bbox 3170 3888 3386 3955; x_wconf 85' lang='grc' dir='ltr'>Κύριος</span> <span class='ocrx_word' id='word_1_823' title='bbox 3408 3890 3441 3942; x_wconf 86' lang='grc' dir='ltr'>ό</span> <span class='ocrx_word' id='word_1_824' title='bbox 3480 3890 3629 3955; x_wconf 85' lang='grc' dir='ltr'>Θεός</span> <span class='ocrx_word' id='word_1_825' title='bbox 3655 3902 3775 3943; x_wconf 84' lang='grc' dir='ltr'>σου</span> 
     </span>
    </p>
   </div>
   <div class='ocr_carea' id='block_1_104' title="bbox 2199 3977 3776 4056">
    <p class='ocr_par' dir='ltr' id='par_1_104' title="bbox 2199 3977 3776 4056">
     <span class='ocr_line' id='line_1_104' title="bbox 2199 3977 3776 4056; baseline 0.003 -22"><span class='ocrx_word' id='word_1_826' title='bbox 2199 3981 2414 4049; x_wconf 81' lang='grc' dir='ltr'>Κύριος</span> <span class='ocrx_word' id='word_1_827' title='bbox 2433 3977 2522 4047; x_wconf 78' lang='grc' dir='ltr'>εἷς</span> <span class='ocrx_word' id='word_1_828' title='bbox 2542 3980 2730 4034; x_wconf 79' lang='grc' dir='ltr'>ἐστιν.</span> <span class='ocrx_word' id='word_1_829' title='bbox 2753 3980 2873 4035; x_wconf 72' lang='grc' dir='ltr'>Ὀτι</span> <span class='ocrx_word' id='word_1_830' title='bbox 2899 3981 2956 4034; x_wconf 87' lang='lat'>66</span> <span class='ocrx_word' id='word_1_831' title='bbox 2978 3984 3073 4037; x_wconf 76' lang='grc' dir='ltr'>καὶ</span> <span class='ocrx_word' id='word_1_832' title='bbox 3093 3983 3219 4037; x_wconf 76' lang='grc' dir='ltr'>Υίδν</span> <span class='ocrx_word' id='word_1_833' title='bbox 3247 3983 3382 4055; x_wconf 75' lang='grc' dir='ltr'>ἔχει,</span> <span class='ocrx_word' id='word_1_834' title='bbox 3400 3984 3776 4056; x_wconf 86' lang='grc' dir='ltr'>προαπέθεντο</span> 
     </span>
    </p>
   </div>
   <div class='ocr_carea' id='block_1_105' title="bbox 2200 4077 3778 4154">
    <p class='ocr_par' dir='ltr' id='par_1_105' title="bbox 2200 4077 3778 4154">
     <span class='ocr_line' id='line_1_105' title="bbox 2200 4077 3778 4154; baseline 0.003 -23"><span class='ocrx_word' id='word_1_835' title='bbox 2200 4079 2247 4131; x_wconf 89' lang='grc' dir='ltr'>οἱ</span> <span class='ocrx_word' id='word_1_836' title='bbox 2276 4081 2547 4151; x_wconf 86' lang='grc' dir='ltr'>προφῆται</span> <span class='ocrx_word' id='word_1_837' title='bbox 2578 4080 2698 4142; x_wconf 90' lang='grc' dir='ltr'>ταῖς</span> <span class='ocrx_word' id='word_1_838' title='bbox 2729 4077 2952 4149; x_wconf 82' lang='grc' dir='ltr'>βίϐλοις,</span> <span class='ocrx_word' id='word_1_839' title='bbox 2983 4080 3078 4135; x_wconf 72' lang='grc' dir='ltr'>καὶ</span> <span class='ocrx_word' id='word_1_840' title='bbox 3103 4078 3227 4134; x_wconf 77' lang='grc' dir='ltr'>οὔτε</span> <span class='ocrx_word' id='word_1_841' title='bbox 3258 4081 3445 4152; x_wconf 86' lang='grc' dir='ltr'>σαφῶς</span> <span class='ocrx_word' id='word_1_842' title='bbox 3469 4082 3672 4154; x_wconf 83' lang='grc' dir='ltr'>σφόδρα</span> <span class='ocrx_word' id='word_1_843' title='bbox 3696 4084 3778 4136; x_wconf 81' lang='grc' dir='ltr'>εἰ-</span> 
     </span>
    </p>
   </div>
   <div class='ocr_carea' id='block_1_106' title="bbox 2205 4173 3774 4249">
    <p class='ocr_par' dir='ltr' id='par_1_106' title="bbox 2205 4173 3774 4249">
     <span class='ocr_line' id='line_1_106' title="bbox 2205 4173 3774 4249; baseline 0.004 -22"><span class='ocrx_word' id='word_1_844' title='bbox 2205 4175 2457 4246; x_wconf 85' lang='grc' dir='ltr'>ρήκασιν,</span> <span class='ocrx_word' id='word_1_845' title='bbox 2508 4173 2646 4228; x_wconf 85' lang='grc' dir='ltr'>ὥστε</span> <span class='ocrx_word' id='word_1_846' title='bbox 2682 4174 2756 4246; x_wconf 86' lang='grc' dir='ltr'>μὴ</span> <span class='ocrx_word' id='word_1_847' title='bbox 2793 4174 3134 4247; x_wconf 83' lang='grc' dir='ltr'>λυμήνασθαί</span> <span class='ocrx_word' id='word_1_848' title='bbox 3166 4193 3261 4231; x_wconf 89' lang='grc' dir='ltr'>σου</span> <span class='ocrx_word' id='word_1_849' title='bbox 3304 4178 3404 4249; x_wconf 79' lang='grc' dir='ltr'>τὴν</span> <span class='ocrx_word' id='word_1_850' title='bbox 3449 4177 3774 4234; x_wconf 76' lang='grc' dir='ltr'>ἀσθένειανο</span> 
     </span>
    </p>
   </div>
   <div class='ocr_carea' id='block_1_107' title="bbox 2199 4271 3776 4344">
    <p class='ocr_par' dir='ltr' id='par_1_107' title="bbox 2199 4271 3776 4344">
     <span class='ocr_line' id='line_1_107' title="bbox 2199 4271 3776 4344; baseline 0.004 -18"><span class='ocrx_word' id='word_1_851' title='bbox 2199 4271 2323 4326; x_wconf 75' lang='grc' dir='ltr'>οὔτε</span> <span class='ocrx_word' id='word_1_852' title='bbox 2348 4271 2704 4342; x_wconf 77' lang='grc' dir='ltr'>ἀπέκρυψαν,</span> <span class='ocrx_word' id='word_1_853' title='bbox 2743 4271 2884 4326; x_wconf 83' lang='grc' dir='ltr'>ὥστε</span> <span class='ocrx_word' id='word_1_854' title='bbox 2924 4274 3065 4344; x_wconf 86' lang='grc' dir='ltr'>μετά</span> <span class='ocrx_word' id='word_1_855' title='bbox 3107 4273 3282 4328; x_wconf 88' lang='grc' dir='ltr'>ταῦτά</span> <span class='ocrx_word' id='word_1_856' title='bbox 3320 4292 3403 4329; x_wconf 87' lang='grc' dir='ltr'>σοι</span> <span class='ocrx_word' id='word_1_857' title='bbox 3430 4274 3617 4332; x_wconf 84' lang='grc' dir='ltr'>δοῦναι</span> <span class='ocrx_word' id='word_1_858' title='bbox 3643 4277 3776 4332; x_wconf 84' lang='grc' dir='ltr'>ἀνα-</span> 
     </span>
    </p>
   </div>
   <div class='ocr_carea' id='block_1_108' title="bbox 2200 4369 3777 4448">
    <p class='ocr_par' dir='ltr' id='par_1_108' title="bbox 2200 4369 3777 4448">
     <span class='ocr_line' id='line_1_108' title="bbox 2200 4369 3777 4448; baseline 0.003 -23"><span class='ocrx_word' id='word_1_859' title='bbox 2200 4370 2385 4441; x_wconf 80' lang='grc' dir='ltr'>νῆψαι,</span> <span class='ocrx_word' id='word_1_860' title='bbox 2418 4371 2511 4424; x_wconf 75' lang='grc' dir='ltr'>καὶ</span> <span class='ocrx_word' id='word_1_861' title='bbox 2541 4371 2604 4423; x_wconf 86' lang='grc' dir='ltr'>ἐκ</span> <span class='ocrx_word' id='word_1_862' title='bbox 2628 4369 2734 4424; x_wconf 87' lang='grc' dir='ltr'>τῶν</span> <span class='ocrx_word' id='word_1_863' title='bbox 2782 4371 2998 4425; x_wconf 84' lang='grc' dir='ltr'>οἰκείων</span> <span class='ocrx_word' id='word_1_864' title='bbox 3040 4370 3240 4442; x_wconf 85' lang='grc' dir='ltr'>βίϐλων</span> <span class='ocrx_word' id='word_1_865' title='bbox 3271 4372 3634 4442; x_wconf 79' lang='grc' dir='ltr'>ἀναλέξασθαι</span> <span class='ocrx_word' id='word_1_866' title='bbox 3674 4377 3777 4448; x_wconf 88' lang='grc' dir='ltr'>τῆς</span> 
     </span>
    </p>
   </div>
   <div class='ocr_carea' id='block_1_109' title="bbox 2200 4465 3778 4544">
    <p class='ocr_par' dir='ltr' id='par_1_109' title="bbox 2200 4465 3778 4544">
     <span class='ocr_line' id='line_1_109' title="bbox 2200 4465 3778 4544; baseline 0.005 -23"><span class='ocrx_word' id='word_1_867' title='bbox 2200 4466 2453 4537; x_wconf 87' lang='grc' dir='ltr'>ἀληθείας</span> <span class='ocrx_word' id='word_1_868' title='bbox 2485 4465 2553 4520; x_wconf 89' lang='grc' dir='ltr'>τὰ</span> <span class='ocrx_word' id='word_1_869' title='bbox 2590 4466 2855 4537; x_wconf 89' lang='grc' dir='ltr'>δόγματα.</span> <span class='ocrx_word' id='word_1_870' title='bbox 2900 4467 3057 4523; x_wconf 83' lang='grc' dir='ltr'>Οῦτω</span> <span class='ocrx_word' id='word_1_871' title='bbox 3087 4470 3324 4541; x_wconf 85' lang='grc' dir='ltr'>μάλιστα</span> <span class='ocrx_word' id='word_1_872' title='bbox 3351 4471 3604 4537; x_wconf 77' lang='grc' dir='ltr'>καὶτοὺς</span> <span class='ocrx_word' id='word_1_873' title='bbox 3639 4492 3778 4544; x_wconf 85' lang='grc' dir='ltr'>προ-</span> 
     </span>
    </p>
   </div>
   <div class='ocr_carea' id='block_1_110' title="bbox 2202 4562 3789 4642">
    <p class='ocr_par' dir='ltr' id='par_1_110' title="bbox 2202 4562 3789 4642">
     <span class='ocr_line' id='line_1_110' title="bbox 2202 4562 3789 4642; baseline 0.006 -29"><span class='ocrx_word' id='word_1_874' title='bbox 2202 4562 2377 4633; x_wconf 81' lang='grc' dir='ltr'>φήτας</span> <span class='ocrx_word' id='word_1_875' title='bbox 2402 4562 2741 4633; x_wconf 89' lang='grc' dir='ltr'>δυνησόμεθα</span> <span class='ocrx_word' id='word_1_876' title='bbox 2765 4562 2933 4627; x_wconf 83' lang='grc' dir='ltr'>δεῖξαι</span> <span class='ocrx_word' id='word_1_877' title='bbox 2956 4566 3239 4636; x_wconf 83' lang='grc' dir='ltr'>προφήτας</span> <span class='ocrx_word' id='word_1_878' title='bbox 3269 4566 3449 4633; x_wconf 75' lang='grc' dir='ltr'>ὄντας,</span> <span class='ocrx_word' id='word_1_879' title='bbox 3480 4568 3612 4622; x_wconf 79' lang='grc' dir='ltr'>ὅταν</span> <span class='ocrx_word' id='word_1_880' title='bbox 3638 4570 3789 4642; x_wconf 68' lang='grc' dir='ltr'>πρὸς·</span> 
     </span>
    </p>
   </div>
   <div class='ocr_carea' id='block_1_111' title="bbox 2203 4659 3778 4741">
    <p class='ocr_par' dir='ltr' id='par_1_111' title="bbox 2203 4659 3778 4741">
     <span class='ocr_line' id='line_1_111' title="bbox 2203 4659 3778 4741; baseline 0.006 -27"><span class='ocrx_word' id='word_1_881' title='bbox 2203 4659 2470 4732; x_wconf 77' lang='grc' dir='ltr'>’Έλληνας</span> <span class='ocrx_word' id='word_1_882' title='bbox 2499 4659 2909 4733; x_wconf 83' lang='grc' dir='ltr'>διαλεγώμεθα,</span> <span class='ocrx_word' id='word_1_883' title='bbox 2949 4663 3043 4716; x_wconf 75' lang='grc' dir='ltr'>καὶ</span> <span class='ocrx_word' id='word_1_884' title='bbox 3080 4663 3394 4729; x_wconf 83' lang='grc' dir='ltr'>ἀξιόπιστον</span> <span class='ocrx_word' id='word_1_885' title='bbox 3428 4668 3636 4740; x_wconf 82' lang='grc' dir='ltr'>σφόδρα</span> <span class='ocrx_word' id='word_1_886' title='bbox 3674 4668 3778 4741; x_wconf 69' lang='grc' dir='ltr'>τὴν</span> 
     </span>
    </p>
   </div>
   <div class='ocr_carea' id='block_1_112' title="bbox 2202 4754 3777 4836">
    <p class='ocr_par' dir='ltr' id='par_1_112' title="bbox 2202 4754 3777 4836">
     <span class='ocr_line' id='line_1_112' title="bbox 2202 4754 3777 4836; baseline 0.006 -26"><span class='ocrx_word' id='word_1_887' title='bbox 2202 4754 2444 4810; x_wconf 84' lang='grc' dir='ltr'>Παλαιὰν</span> <span class='ocrx_word' id='word_1_888' title='bbox 2492 4756 2859 4828; x_wconf 77' lang='grc' dir='ltr'>ἀποδείξομεν.</span> <span class='ocrx_word' id='word_1_889' title='bbox 2896 4758 3049 4812; x_wconf 77' lang='grc' dir='ltr'>Ἐπεὶ</span> <span class='ocrx_word' id='word_1_890' title='bbox 3079 4759 3176 4814; x_wconf 83' lang='grc' dir='ltr'>ἐὰν</span> <span class='ocrx_word' id='word_1_891' title='bbox 3203 4761 3362 4815; x_wconf 89' lang='grc' dir='ltr'>τοῦτο</span> <span class='ocrx_word' id='word_1_892' title='bbox 3401 4762 3617 4836; x_wconf 80' lang='grc' dir='ltr'>ἀνέλῃς,</span> <span class='ocrx_word' id='word_1_893' title='bbox 3657 4764 3777 4830; x_wconf 78' lang='grc' dir='ltr'>πῶς</span> 
     </span>
    </p>
   </div>
   <div class='ocr_carea' id='block_1_113' title="bbox 2201 4851 3775 4934">
    <p class='ocr_par' dir='ltr' id='par_1_113' title="bbox 2201 4851 3775 4934">
     <span class='ocr_line' id='line_1_113' title="bbox 2201 4851 3775 4934; baseline 0.007 -29"><span class='ocrx_word' id='word_1_894' title='bbox 2201 4851 2537 4924; x_wconf 70' lang='grc' dir='ltr'>ἀπορράψας</span> <span class='ocrx_word' id='word_1_895' title='bbox 2563 4852 2657 4906; x_wconf 88' lang='grc' dir='ltr'>τοῦ</span> <span class='ocrx_word' id='word_1_896' title='bbox 2684 4853 2943 4925; x_wconf 85' lang='grc' dir='ltr'>Ἕλληνος</span> <span class='ocrx_word' id='word_1_897' title='bbox 2969 4855 3031 4909; x_wconf 89' lang='lat'>:6</span> <span class='ocrx_word' id='word_1_898' title='bbox 3074 4856 3283 4928; x_wconf 81' lang='grc' dir='ltr'>στόμα;</span> <span class='ocrx_word' id='word_1_899' title='bbox 3334 4858 3401 4912; x_wconf 92' lang='grc' dir='ltr'>Τί</span> <span class='ocrx_word' id='word_1_900' title='bbox 3435 4860 3547 4932; x_wconf 78' lang='grc' dir='ltr'>γὰρ</span> <span class='ocrx_word' id='word_1_901' title='bbox 3595 4862 3775 4934; x_wconf 80' lang='grc' dir='ltr'>ὲρεῖς;</span> 
     </span>
    </p>
   </div>
   <div class='ocr_carea' id='block_1_114' title="bbox 2200 4942 3778 5028">
    <p class='ocr_par' dir='ltr' id='par_1_114' title="bbox 2200 4942 3778 5028">
     <span class='ocr_line' id='line_1_114' title="bbox 2200 4942 3778 5028; baseline 0.006 -26"><span class='ocrx_word' id='word_1_902' title='bbox 2200 4950 2300 5019; x_wconf 82' lang='grc' dir='ltr'>τὴν</span> <span class='ocrx_word' id='word_1_903' title='bbox 2327 4949 2502 5015; x_wconf 80' lang='grc' dir='ltr'>ἔξοδον</span> <span class='ocrx_word' id='word_1_904' title='bbox 2524 4950 2623 5020; x_wconf 75' lang='grc' dir='ltr'>τὴν</span> <span class='ocrx_word' id='word_1_905' title='bbox 2649 4948 2708 5015; x_wconf 81' lang='grc' dir='ltr'>ἐξ</span> <span class='ocrx_word' id='word_1_906' title='bbox 2728 4950 2998 5019; x_wconf 83' lang='grc' dir='ltr'>Αἰγύπτου</span> <span class='ocrx_word' id='word_1_907' title='bbox 3017 4989 3034 5016; x_wconf 89' lang='grc'>,</span> <span class='ocrx_word' id='word_1_908' title='bbox 3059 4953 3153 5006; x_wconf 79' lang='grc' dir='ltr'>καὶ</span> <span class='ocrx_word' id='word_1_909' title='bbox 3175 4952 3244 5006; x_wconf 85' lang='grc' dir='ltr'>τὰ</span> <span class='ocrx_word' id='word_1_910' title='bbox 3271 4954 3352 5020; x_wconf 87' lang='grc' dir='ltr'>εἰς</span> <span class='ocrx_word' id='word_1_911' title='bbox 3381 4954 3441 5009; x_wconf 82' lang='grc' dir='ltr'>σὲ</span> <span class='ocrx_word' id='word_1_912' title='bbox 3461 4942 3778 5028; x_wconf 72' lang='grc' dir='ltr'>προφητεύ-</span> 
     </span>
    </p>
   </div>
   <div class='ocr_carea' id='block_1_115' title="bbox 2203 5045 3779 5129">
    <p class='ocr_par' dir='ltr' id='par_1_115' title="bbox 2203 5045 3779 5129">
     <span class='ocr_line' id='line_1_115' title="bbox 2203 5045 3779 5129; baseline 0.007 -31"><span class='ocrx_word' id='word_1_913' title='bbox 2203 5045 2396 5109; x_wconf 85' lang='grc' dir='ltr'>θέντα;</span> <span class='ocrx_word' id='word_1_914' title='bbox 2438 5045 2577 5099; x_wconf 70' lang='grc' dir='ltr'>Ἀλλ’</span> <span class='ocrx_word' id='word_1_915' title='bbox 2607 5046 2667 5098; x_wconf 87' lang='lat'>06</span> <span class='ocrx_word' id='word_1_916' title='bbox 2696 5048 2899 5119; x_wconf 85' lang='grc' dir='ltr'>σφόδρα</span> <span class='ocrx_word' id='word_1_917' title='bbox 2928 5050 3304 5115; x_wconf 80' lang='grc' dir='ltr'>καταδέξεται.</span> <span class='ocrx_word' id='word_1_918' title='bbox 3333 5054 3432 5109; x_wconf 78' lang='grc' dir='ltr'>Ἂν</span> <span class='ocrx_word' id='word_1_919' title='bbox 3460 5054 3520 5109; x_wconf 79' lang='grc' dir='ltr'>δὲ</span> <span class='ocrx_word' id='word_1_920' title='bbox 3547 5053 3619 5109; x_wconf 83' lang='grc' dir='ltr'>τὰ</span> <span class='ocrx_word' id='word_1_921' title='bbox 3647 5056 3779 5129; x_wconf 75' lang='grc' dir='ltr'>περὶ</span> 
     </span>
    </p>
   </div>
   <div class='ocr_carea' id='block_1_116' title="bbox 2198 5134 3782 5226">
    <p class='ocr_par' dir='ltr' id='par_1_116' title="bbox 2198 5134 3782 5226">
     <span class='ocr_line' id='line_1_116' title="bbox 2198 5134 3782 5226; baseline 0.007 -32"><span class='ocrx_word' id='word_1_922' title='bbox 2198 5134 2297 5195; x_wconf 87' lang='grc' dir='ltr'>τοῦ</span> <span class='ocrx_word' id='word_1_923' title='bbox 2326 5143 2563 5213; x_wconf 86' lang='grc' dir='ltr'>Χριστοῦ</span> <span class='ocrx_word' id='word_1_924' title='bbox 2594 5144 2863 5216; x_wconf 84' lang='grc' dir='ltr'>εἰρημένα</span> <span class='ocrx_word' id='word_1_925' title='bbox 2906 5148 2964 5201; x_wconf 81' lang='grc' dir='ltr'>ἐν</span> <span class='ocrx_word' id='word_1_926' title='bbox 3005 5151 3072 5220; x_wconf 82' lang='grc' dir='ltr'>τῇ</span> <span class='ocrx_word' id='word_1_927' title='bbox 3125 5149 3336 5222; x_wconf 78' lang='grc' dir='ltr'>Παλαιᾷ</span> <span class='ocrx_word' id='word_1_928' title='bbox 3374 5151 3615 5226; x_wconf 79' lang='grc' dir='ltr'>διηγήσῃ</span> <span class='ocrx_word' id='word_1_929' title='bbox 3635 5193 3653 5219; x_wconf 92' lang='grc'>,</span> <span class='ocrx_word' id='word_1_930' title='bbox 3684 5152 3782 5207; x_wconf 78' lang='grc' dir='ltr'>καὶ</span> 
     </span>
    </p>
   </div>
   <div class='ocr_carea' id='block_1_117' title="bbox 2203 5236 3780 5319">
    <p class='ocr_par' dir='ltr' id='par_1_117' title="bbox 2203 5236 3780 5319">
     <span class='ocr_line' id='line_1_117' title="bbox 2203 5236 3780 5319; baseline 0.008 -30"><span class='ocrx_word' id='word_1_931' title='bbox 2203 5236 2381 5311; x_wconf 81' lang='grc' dir='ltr'>δείξῃς</span> <span class='ocrx_word' id='word_1_932' title='bbox 2398 5236 2506 5290; x_wconf 89' lang='grc' dir='ltr'>τῶν</span> <span class='ocrx_word' id='word_1_933' title='bbox 2533 5240 2871 5310; x_wconf 77' lang='grc' dir='ltr'>πραγμάτων</span> <span class='ocrx_word' id='word_1_934' title='bbox 2889 5242 2988 5313; x_wconf 82' lang='grc' dir='ltr'>τὴν</span> <span class='ocrx_word' id='word_1_935' title='bbox 3010 5244 3269 5314; x_wconf 82' lang='grc' dir='ltr'>ἀλήθειαν</span> <span class='ocrx_word' id='word_1_936' title='bbox 3300 5245 3689 5317; x_wconf 86' lang='grc' dir='ltr'>μαρτυροῦσαν</span> <span class='ocrx_word' id='word_1_937' title='bbox 3711 5248 3780 5319; x_wconf 68' lang='grc' dir='ltr'>τῇ</span> 
     </span>
    </p>
   </div>
   <div class='ocr_carea' id='block_1_118' title="bbox 2202 5335 3778 5417">
    <p class='ocr_par' dir='ltr' id='par_1_118' title="bbox 2202 5335 3778 5417">
     <span class='ocr_line' id='line_1_118' title="bbox 2202 5335 3778 5417; baseline 0.008 -30"><span class='ocrx_word' id='word_1_938' title='bbox 2202 5335 2301 5405; x_wconf 79' lang='grc' dir='ltr'>τῆς</span> <span class='ocrx_word' id='word_1_939' title='bbox 2329 5336 2664 5406; x_wconf 86' lang='grc' dir='ltr'>προφητείας</span> <span class='ocrx_word' id='word_1_940' title='bbox 2685 5337 2927 5407; x_wconf 84' lang='grc' dir='ltr'>ἐκϐάσει,</span> <span class='ocrx_word' id='word_1_941' title='bbox 2961 5340 3083 5394; x_wconf 89' lang='lat'><strong><em>0666</em></strong></span> <span class='ocrx_word' id='word_1_942' title='bbox 3108 5343 3427 5414; x_wconf 80' lang='grc' dir='ltr'>ἀντιστῆναι</span> <span class='ocrx_word' id='word_1_943' title='bbox 3463 5343 3778 5417; x_wconf 80' lang='grc' dir='ltr'>δυνήσεται.</span> 
     </span>
    </p>
   </div>
   <div class='ocr_carea' id='block_1_119' title="bbox 2202 5431 3783 5516">
    <p class='ocr_par' dir='ltr' id='par_1_119' title="bbox 2202 5431 3783 5516">
     <span class='ocr_line' id='line_1_119' title="bbox 2202 5431 3783 5516; baseline 0.008 -31"><span class='ocrx_word' id='word_1_944' title='bbox 2202 5431 2266 5486; x_wconf 86' lang='grc' dir='ltr'>Εἰ</span> <span class='ocrx_word' id='word_1_945' title='bbox 2294 5431 2351 5485; x_wconf 88' lang='lat'>66</span> <span class='ocrx_word' id='word_1_946' title='bbox 2378 5432 2655 5487; x_wconf 87' lang='grc' dir='ltr'>ἐπιλάϐοιο</span> <span class='ocrx_word' id='word_1_947' title='bbox 2677 5435 2784 5490; x_wconf 90' lang='grc' dir='ltr'>τῶν</span> <span class='ocrx_word' id='word_1_948' title='bbox 2810 5438 3113 5510; x_wconf 78' lang='grc' dir='ltr'>ἡμετέρων,</span> <span class='ocrx_word' id='word_1_949' title='bbox 3147 5433 3193 5493; x_wconf 84' lang='grc' dir='ltr'>ῶ</span> <span class='ocrx_word' id='word_1_950' title='bbox 3226 5441 3467 5505; x_wconf 85' lang='grc' dir='ltr'>Ἰουδαὶε,</span> <span class='ocrx_word' id='word_1_951' title='bbox 3496 5442 3618 5507; x_wconf 87' lang='grc' dir='ltr'>πῶς</span> <span class='ocrx_word' id='word_1_952' title='bbox 3637 5444 3783 5516; x_wconf 73' lang='grc' dir='ltr'>ὑπὲρ</span> 
     </span>
    </p>
   </div>
   <div class='ocr_carea' id='block_1_120' title="bbox 2201 5528 3784 5611">
    <p class='ocr_par' dir='ltr' id='par_1_120' title="bbox 2201 5528 3784 5611">
     <span class='ocr_line' id='line_1_120' title="bbox 2201 5528 3784 5611; baseline 0.009 -30"><span class='ocrx_word' id='word_1_953' title='bbox 2201 5528 2303 5599; x_wconf 83' lang='grc' dir='ltr'>τῆς</span> <span class='ocrx_word' id='word_1_954' title='bbox 2332 5528 2573 5594; x_wconf 57' lang='grc' dir='ltr'>Παλαιὰ</span> <span class='ocrx_word' id='word_1_955' title='bbox 2621 5531 2969 5605; x_wconf 70' lang='grc' dir='ltr'>ἀπολογήσῃς</span> <span class='ocrx_word' id='word_1_956' title='bbox 3013 5534 3133 5589; x_wconf 81' lang='grc' dir='ltr'>Κᾶν</span> <span class='ocrx_word' id='word_1_957' title='bbox 3174 5553 3259 5601; x_wconf 88' lang='grc' dir='ltr'>τις</span> <span class='ocrx_word' id='word_1_958' title='bbox 3303 5537 3435 5611; x_wconf 81' lang='grc' dir='ltr'>εἴπῃ</span> <span class='ocrx_word' id='word_1_959' title='bbox 3468 5556 3583 5605; x_wconf 85' lang='grc' dir='ltr'>σοι,</span> <span class='ocrx_word' id='word_1_960' title='bbox 3618 5541 3784 5596; x_wconf 77' lang='grc' dir='ltr'>πόθεν</span> 
     </span>
    </p>
   </div>
   <div class='ocr_carea' id='block_1_121' title="bbox 2203 5625 3785 5708">
    <p class='ocr_par' dir='ltr' id='par_1_121' title="bbox 2203 5625 3785 5708">
     <span class='ocr_line' id='line_1_121' title="bbox 2203 5625 3785 5708; baseline 0.009 -29"><span class='ocrx_word' id='word_1_961' title='bbox 2203 5625 2376 5698; x_wconf 85' lang='grc' dir='ltr'>ἀληθῆ</span> <span class='ocrx_word' id='word_1_962' title='bbox 2402 5627 2471 5680; x_wconf 85' lang='grc' dir='ltr'>τά</span> <span class='ocrx_word' id='word_1_963' title='bbox 2497 5628 2793 5697; x_wconf 80' lang='grc' dir='ltr'>Μωΰσέως,</span> <span class='ocrx_word' id='word_1_964' title='bbox 2823 5630 2875 5683; x_wconf 90' lang='grc' dir='ltr'>τί</span> <span class='ocrx_word' id='word_1_965' title='bbox 2902 5633 3075 5703; x_wconf 85' lang='grc' dir='ltr'>ἐρεῖς;</span> <span class='ocrx_word' id='word_1_966' title='bbox 3104 5633 3226 5688; x_wconf 89' lang='grc' dir='ltr'>Ὅτι</span> <span class='ocrx_word' id='word_1_967' title='bbox 3255 5635 3665 5708; x_wconf 82' lang='grc' dir='ltr'>ἐπιστεύσαμεν</span> <span class='ocrx_word' id='word_1_968' title='bbox 3683 5639 3785 5693; x_wconf 84' lang='grc' dir='ltr'>αύ-</span> 
     </span>
    </p>
   </div>
   <div class='ocr_carea' id='block_1_122' title="bbox 2206 5722 3787 5806">
    <p class='ocr_par' dir='ltr' id='par_1_122' title="bbox 2206 5722 3787 5806">
     <span class='ocr_line' id='line_1_122' title="bbox 2206 5722 3787 5806; baseline 0.008 -30"><span class='ocrx_word' id='word_1_969' title='bbox 2206 5726 2335 5787; x_wconf 85' lang='grc' dir='ltr'>τοῖς.</span> <span class='ocrx_word' id='word_1_970' title='bbox 2364 5722 2567 5778; x_wconf 76' lang='grc' dir='ltr'>Οὐκοῦν</span> <span class='ocrx_word' id='word_1_971' title='bbox 2602 5722 2775 5795; x_wconf 79' lang='grc' dir='ltr'>πολλῷ</span> <span class='ocrx_word' id='word_1_972' title='bbox 2808 5725 3005 5793; x_wconf 75' lang='grc' dir='ltr'>μᾶλλον</span> <span class='ocrx_word' id='word_1_973' title='bbox 3036 5729 3127 5783; x_wconf 74' lang='grc' dir='ltr'>καὶ</span> <span class='ocrx_word' id='word_1_974' title='bbox 3165 5728 3230 5783; x_wconf 73' lang='grc' dir='ltr'>τά</span> <span class='ocrx_word' id='word_1_975' title='bbox 3257 5729 3519 5802; x_wconf 75' lang='grc' dir='ltr'>ἡμέτερα·</span> <span class='ocrx_word' id='word_1_976' title='bbox 3555 5733 3787 5806; x_wconf 78' lang='grc' dir='ltr'>καὶγὰρ</span> 
     </span>
    </p>
   </div>
  </div>
