4114 6278
346 462 461 518 265

351 593 544 634 versus
558 572 882 631 Manichacus
902 577 956 627 et
972 568 1229 626 adversus
1249 581 1436 624 omnes
1456 566 1549 639 qui
1566 563 1943 622 resurrectioni

352 688 469 727 non
495 667 717 726 credunt
742 706 761 733 ,
797 664 958 721 struit
983 663 1175 718 aciem.
1207 660 1470 730 Quoniam
1499 673 1629 729 ergo
1652 666 1837 713 contra
1862 663 1941 710 tot

358 761 693 819 adversarios
720 761 978 814 instructa
1003 764 1085 811 est
1107 753 1251 807 acies
1280 794 1298 818 ,
1339 750 1495 807 nobis
1519 764 1733 820 quoque
1758 746 1944 802 multis

358 854 532 909 oculis
553 867 684 923 opus
711 856 814 915 est,
842 856 901 903 ut
919 846 1125 918 quaesit
1149 842 1386 899 luctandi
1411 842 1568 908 ratio,
1597 848 1783 911 exacte
1810 852 1942 893 cou-

357 948 595 1001 siderare
639 942 927 1014 possimus.
971 940 1027 994 In
1058 937 1296 993 externis
1338 934 1481 991 enim
1525 924 1940 995 certaminibus,

356 1038 457 1093 etsi
509 1035 683 1105 aliqua
739 1031 979 1088 luctandi
1020 1029 1158 1085 ratio
1186 1043 1295 1083 non
1344 1024 1714 1082 animadversa
1746 1022 1938 1085 fuerit,

355 1126 484 1180 nihil
516 1124 742 1180 lmdetur
769 1130 1079 1192 spectator:
1110 1135 1215 1174 non
1246 1118 1390 1174 enim
1412 1115 1694 1181 doctrinae,
1721 1112 1816 1168 sed
1846 1111 1942 1167 de-

353 1215 653 1270 lectationis
674 1215 841 1282 gratia
872 1211 1001 1266 illud
1032 1210 1297 1265 theatrum
1321 1216 1566 1264 coactum
1585 1213 1688 1261 est.
1717 1204 1818 1260 llic
1846 1218 1941 1256 au-

352 1318 461 1361 tem
486 1307 587 1360 nisi
599 1314 784 1360 exacte
800 1302 1113 1374 cognoveris
1129 1300 1395 1356 undenam
1412 1296 1752 1354 adversarius
1772 1294 1940 1349 aciem

350 1414 505 1473 sinam
536 1398 783 1463 instruat,
814 1405 867 1450 et
894 1394 1034 1450 unde
1073 1409 1170 1449 nos
1210 1409 1333 1448 eum
1364 1392 1614 1446 feriamus
1641 1430 1657 1457 ,
1689 1404 1794 1443 non
1827 1390 1942 1442 leve

348 1489 735 1546 detrimentum
763 1486 1015 1558 accipies.
1038 1485 1114 1541 Ne
1139 1485 1242 1541 hoc
1264 1498 1393 1555 ergo
1418 1482 1511 1538 tibi
1533 1481 1765 1545 eveniat,
1797 1494 1942 1533 men-

351 1590 458 1636 tem
492 1589 635 1634 tuam
663 1580 837 1635 excita
868 1619 886 1644 ,
937 1586 1160 1632 arrecta:
1205 1575 1302 1630 tibi
1343 1575 1452 1629 sint
1495 1585 1676 1629 aures.
1723 1570 1938 1627 Judzeos

349 1658 587 1745 primum
622 1671 941 1737 invadimus,
971 1670 1227 1724 adversus
1255 1667 1374 1721 illos
1400 1666 1568 1721 aciem
1601 1662 1938 1727 instruimus,

350 1764 611 1834 propheta
639 1780 703 1818 ex
726 1763 805 1818 his
825 1762 1005 1818 verbis
1024 1760 1389 1816 commilitone
1414 1766 1644 1813 utentes.
1676 1756 1811 1812 Cum
1840 1768 1940 1809 nos

349 1860 500 1913 enim
527 1859 769 1913 dicamus
790 1857 904 1912 haec
932 1855 1089 1926 plane
1116 1854 1183 1909 de
1208 1853 1423 1910 Christo
1443 1851 1583 1906 dicta
1613 1864 1736 1905 esse
1767 1890 1783 1915 ,
1824 1847 1941 1902 bzec

349 1953 430 2007 illi
457 1968 561 2006 non
586 1950 894 2016 admittunt,
922 1947 1016 2003 sed
1039 1945 1282 2017 quaedam
1306 1943 1412 1999 alia
1432 1941 1932 1998 comminiscuntur.

347 2046 481 2111 Qua:
509 2059 637 2113 ergo
664 2041 851 2097 dicunt
889 2039 1121 2109 primum
1159 2036 1453 2093 relutemus
1479 2074 1495 2102 ,
1524 2048 1588 2088 ac
1609 2032 1863 2102 deinceps
1886 2028 1939 2085 id

348 2136 493 2208 quod
520 2135 750 2190 dicimus
778 2132 1178 2188 eonﬁrmemus.
1232 2131 1406 2198 Atque
1435 2142 1577 2183 nunc
1600 2140 1695 2181 eos
1718 2123 1935 2180 interim

348 2243 620 2300 rogemus,
647 2227 767 2298 quis
790 2236 875 2282 est
900 2225 1059 2296 hujus
1075 2223 1203 2295 justi
1233 2222 1530 2278 dominus?
1580 2219 1722 2275 Dixit
1756 2218 1898 2274 enim
1920 2258 1936 2285 ,

348 2323 545 2392 inquit,
578 2321 825 2374 Dominus
858 2317 1077 2373 Domino
1103 2332 1232 2371 meo.
1263 2314 1381 2370 Non
1412 2313 1659 2369 meminit
1681 2312 1827 2368 enim
1850 2309 1938 2366 hic

345 2417 507 2472 unius
528 2408 791 2486 personae,
805 2412 901 2469 sed
920 2412 1080 2468 unius
1109 2410 1198 2482 qui
1223 2425 1343 2465 cum
1362 2424 1469 2464 uno
1492 2409 1660 2463 altero
1681 2406 1934 2477 loquitur.

344 2508 644 2574 Quemnam
675 2520 805 2576 ergo
825 2504 1008 2559 dicunt
1027 2518 1146 2559 esse
1166 2517 1290 2557 eum
1312 2501 1401 2572 qui
1432 2500 1598 2555 dicit?
1625 2499 1814 2553 Deum.
1837 2496 1936 2563 Qui

344 2608 529 2654 autem
550 2597 741 2652 audit?
779 2594 1067 2651 Abraham.
1101 2594 1204 2649 Alii
1230 2608 1359 2649 vero
1381 2590 1679 2647 Zorobabel
1705 2632 1721 2656 ,
1749 2600 1804 2645 et
1846 2590 1935 2644 alii

344 2692 546 2746 alium:
574 2689 788 2746 ntehrii
837 2700 891 2743 et
928 2687 1059 2742 nihil
1100 2686 1243 2756 quod
1283 2686 1568 2742 conveniat
1610 2684 1887 2755 loquentes
1913 2725 1929 2749 ,

345 2784 458 2837 imo
486 2796 617 2838 vero
644 2782 782 2837 sicut
801 2780 891 2851 qui
934 2780 986 2834 in
1016 2778 1253 2835 tenebris
1287 2778 1606 2843 ambulant,
1637 2783 1693 2832 et
1723 2776 1936 2845 pulsant

344 2870 485 2923 alter
510 2869 754 2922 alterum.
782 2864 919 2932 Quid
950 2879 1100 2935 ergo,
1125 2863 1213 2921 dic
1242 2862 1392 2928 mihi,
1419 2877 1623 2933 quaeso,
1651 2869 1804 2916 estne
1830 2858 1930 2914 Zo-

349 2958 570 3012 robabel
612 2956 821 3011 Davidis
870 2954 1178 3010 Dominus?
1211 2954 1282 3010 Et
1321 2953 1590 3024 quomodo
1633 2952 1791 3007 fuerit
1832 2949 1936 3005 hoc

350 3057 764 3115 consentaneum
794 3088 809 3112 ,
838 3061 959 3101 cum
988 3046 1103 3117 ipse
1138 3060 1236 3116 pro
1280 3059 1473 3116 magno
1515 3044 1720 3100 honore
1763 3042 1929 3099 David

346 3140 646 3209 appellatus
671 3139 781 3194 sit?
813 3139 982 3193 Porro
1022 3153 1085 3193 ea
1126 3152 1245 3207 quae
1274 3144 1675 3207 consequuntur
1706 3178 1721 3203 ,
1751 3145 1933 3191 osten-

343 3233 482 3287 dunt
509 3233 632 3286 nihil
660 3231 747 3288 hic
770 3232 971 3286 dictum
1003 3245 1125 3286 esse
1150 3229 1217 3285 de
1242 3229 1538 3285 Zorobabel
1557 3269 1573 3296 ,
1608 3244 1709 3285 nec
1733 3228 1803 3284 de
1834 3228 1934 3282 Da-

341 3323 502 3378 vide:
536 3323 710 3377 nullus
740 3322 882 3378 enim
925 3335 1112 3377 eorum
1141 3320 1347 3377 honore
1375 3319 1691 3376 sacerdotali
1720 3318 1933 3374 {iunctus

340 3424 456 3470 est:
488 3413 574 3468 hic
594 3423 772 3468 autem
805 3414 1005 3468 dictum
1035 3419 1120 3468 est
1144 3411 1212 3467 de
1238 3411 1419 3482 aliquo
1445 3453 1460 3478 ,
1486 3411 1577 3481 qui
1605 3426 1800 3465 novum
1827 3411 1931 3465 ali-

339 3505 486 3575 quod
535 3514 590 3559 et
627 3503 943 3558 admirabile
986 3502 1341 3558 sacerdotium
1373 3502 1503 3557 obit.
1554 3500 1631 3555 Tu
1655 3518 1707 3556 es
1735 3501 1877 3556 enim
1909 3541 1927 3568 ,

339 3598 537 3663 inquit,
564 3597 798 3651 sacerdos
822 3596 877 3649 in
904 3605 1147 3651 aztcrnum
1163 3594 1441 3673 secundum
1465 3594 1693 3649 ordinem
1715 3594 1933 3648 Melchi-

337 3693 489 3747 sedet:
531 3693 603 3763 (υ.
632 3694 711 3763 4).
757 3691 863 3747 Sed
903 3707 1018 3748 rem
1060 3693 1386 3762 propositam
1416 3692 1763 3762 explicemus.
1795 3691 1930 3745 Pro-

337 3785 519 3842 ferunt
543 3786 685 3841 enim
715 3784 889 3841 adhuc
916 3786 1016 3840 alia
1047 3786 1289 3856 qumdam
1311 3786 1394 3841 his
1416 3785 1670 3852 futiliora,
1693 3785 1933 3841 dicentes

339 3882 461 3936 lucc
486 3880 622 3935 dicta
654 3895 773 3935 esse
798 3879 867 3935 de
893 3879 1128 3951 pepulo:
1156 3879 1248 3935 sed
1277 3895 1450 3949 neque
1473 3877 1701 3949 populus
1720 3877 1816 3931 fuit
1838 3892 1928 3932 sa-

337 3971 554 4035 cerdos.
585 3987 759 4040 neque
801 3972 903 4027 alia
937 3987 1056 4042 qua:
1082 3971 1223 4026 dicta
1247 3980 1373 4026 sunt
1406 3971 1454 4025 ei
1485 3978 1707 4040 possunt
1733 3984 1931 4025 conve-

342 4064 486 4119 nire.
518 4064 594 4118 Eo
636 4064 814 4134 itaque
852 4074 1120 4134 tamquam
1161 4063 1304 4118 inani
1347 4063 1711 4134 prmtermisso
1741 4104 1756 4129 ,
1788 4062 1929 4133 quod

342 4175 456 4214 non
486 4174 620 4227 opus
646 4157 838 4214 habeat
863 4158 1180 4228 probatione
1207 4166 1263 4213 ut
1289 4164 1580 4223 evertatur,
1613 4154 1756 4211 aliud
1784 4154 1925 4225 quod

336 4251 529 4307 dicunt
554 4250 604 4303 in
627 4250 858 4305 medium
881 4249 1227 4305 adducamus.
1253 4236 1389 4316 Quid
1406 4263 1532 4318 ergo
1549 4263 1732 4303 rursus
1752 4247 1934 4303 dicunt

338 4341 477 4398 alii?
509 4340 672 4396 Filius
700 4341 930 4396 Abrahae
951 4340 1065 4396 haec
1085 4340 1211 4396 dicit
1235 4340 1300 4396 de
1329 4340 1547 4395 domino
1577 4355 1693 4395 suo.
1718 4339 1786 4395 Et
1805 4339 1931 4410 quid

339 4434 515 4505 pOsSil
534 4448 599 4489 eo
620 4447 739 4489 esse
769 4433 1015 4488 inanius?
1035 4432 1171 4501 Quid
1188 4433 1328 4488 enim
1352 4432 1437 4488 hic
1457 4432 1572 4488 vult
1597 4432 1732 4488 [ilius
1757 4431 1931 4486 Abra-

343 4526 465 4580 Iim?
488 4525 587 4581 Ubi
615 4536 791 4581 autem
813 4525 1066 4581 sacerdos
1094 4523 1192 4580 fuit
1217 4524 1333 4596 ejus
1358 4524 1626 4590 dominus,
1659 4524 1746 4595 qui
1768 4522 1932 4580 etiam

343 4619 462 4687 ipse
485 4616 763 4672 sacerdote
792 4615 1144 4671 Melehisedec
1187 4631 1313 4671 usus
1346 4625 1461 4683 est,
1491 4625 1546 4672 et
1580 4617 1730 4687 petiit
1764 4616 1830 4670 ah
1864 4630 1930 4671 eo

341 4708 771 4764 benedictionem
792 4709 815 4762 ?
835 4708 1112 4777 Quomodo
1132 4716 1308 4763 autem
1331 4707 1487 4763 fuerit
1511 4716 1930 4764 consentaneum

339 4801 545 4856 dictum
572 4815 690 4856 esse
719 4801 786 4855 de
812 4800 1104 4868 Abraham,
1138 4799 1218 4854 Ea:
1243 4809 1383 4854 utero
1412 4810 1529 4855 ante
1553 4801 1820 4872 luciferum
1836 4818 1927 4873 θεν

340 4895 436 4948 nui
460 4905 508 4948 te
535 4893 605 4965 (υ.
638 4892 693 4967 ὃ)
717 4893 741 4947 ?
768 4893 1048 4962 Quomodo
1073 4902 1255 4949 autem
1291 4894 1375 4949 vel
1406 4893 1587 4948 Davidi
1613 4936 1629 4960 ,
1656 4895 1739 4949 vel
1767 4894 1933 4948 Zoro-

341 4987 522 5042 habeli
551 5028 566 5052 ,
596 4988 679 5042 vel
716 4987 909 5058 populo
938 4987 1054 5043 haec
1078 4987 1427 5044 convenerint
1461 4987 1749 5043 ?Naturam
1788 4987 1931 5043 enim

339 5079 636 5134 humanam
675 5088 894 5150 superat
922 5121 937 5147 ,
967 5080 1112 5151 quod
1152 5081 1351 5136 dictum
1395 5088 1496 5136 est.
1542 5079 1677 5135 illud
1705 5088 1881 5135 autem
1906 5122 1926 5147 ,

339 5172 485 5227 Sede
509 5188 541 5225 a
560 5171 751 5229 dextris
771 5174 914 5238 meis,
938 5189 1223 5247 quamnam
1255 5173 1500 5230 habuerit
1523 5174 1926 5245 interpretatio-

338 5278 470 5317 nem
501 5302 516 5329 ,
544 5262 590 5318 si
618 5278 862 5332 personae
896 5265 1002 5320 illae
1043 5265 1229 5335 posita:
1258 5265 1501 5321 fuerint?
1530 5266 1758 5322 Nullam.
1788 5267 1933 5335 Quo-

339 5353 511 5409 modo
539 5363 715 5409 autem
753 5356 886 5411 dixit
910 5357 1139 5413 Abrahae
1157 5399 1171 5423 ,
1205 5356 1339 5414 Sede
1367 5375 1398 5412 a
1435 5350 1624 5415 deitris
1647 5361 1770 5417 meis
1798 5403 1812 5428 ,
1841 5363 1932 5433 qui

338 5445 429 5499 vel
458 5445 664 5515 angelis
685 5447 938 5503 assistere
959 5488 974 5513 ,
1001 5447 1145 5504 ducit
1183 5464 1303 5504 esse
1330 5449 1547 5522 dignum
1576 5452 1780 5509 honore
1811 5470 1929 5510 ma-

340 5537 532 5591 ximo?
556 5536 660 5592 Sed
688 5538 936 5607 quidnam
967 5549 1068 5608 est,
1100 5556 1300 5611 quaeso,
1331 5542 1470 5613 quod
1500 5558 1597 5613 pro
1623 5560 1719 5601 sua
1750 5546 1933 5604 dicunt

341 5625 653 5696 sapientia?
683 5627 751 5682 Et
778 5628 1046 5700 quomodo
1070 5671 1086 5697 ,
1128 5631 1370 5701 inquiunt
1403 5675 1419 5701 ,
1447 5634 1611 5689 alium
1640 5636 1934 5696 introducis

342 5716 656 5781 Dominum,
686 5734 805 5773 cum
824 5726 1010 5789 aperte
1029 5718 1170 5775 dicat
1193 5720 1465 5794 Scriptura
1484 5742 1499 5781 :
1526 5723 1778 5784 Dominus
1796 5726 1935 5782 Deus

344 5819 463 5865 tuus
498 5808 749 5865 Dominus
774 5827 906 5866 unus
939 5820 1009 5866 est
1030 5852 1047 5879 ,
1072 5823 1118 5867 et
1144 5829 1257 5869 eum
1284 5816 1449 5889 solum
1474 5816 1609 5872 coles
1629 5859 1646 5883 ,
1676 5830 1723 5874 et
1745 5824 1934 5885 prwter

2039 5796 3085 5889 ξ’.εἶ’..ἱ¹“,2ῗ¹ι.⁵έίὶ⁰ἐί.ὶ¹.ξ¹2,Ξοὲῗξθῖἱῗνῖἴιὲιέἕέ

342 5902 514 5981 ipsum
541 5918 643 5959 non
670 5911 743 5959 est
769 5902 910 5963 Deus
949 5902 969 5976 (
996 5901 1143 5963 Deut.
1172 5906 1227 5964 6.
1258 5907 1309 5965 4.
1342 5908 1424 5964 13.
1452 5917 1560 5965 etc.
1593 5909 1645 5967 «1.
1678 5925 1723 5967 υ.
1748 5911 1819 5968 53
1848 5907 1871 5983 )
1903 5911 1927 5966 ?

1482 444 1846 504 EXPOSITIO
1885 442 1949 498 IN
1990 442 2313 501 PSALMUM
2353 446 2489 507 CIX.

2056 563 2153 621 Cui
2182 567 2379 643 itaque,
2402 568 2507 639 die,
2535 587 2736 641 qmeso,
2763 573 2863 631 hoc
2883 576 3081 633 dictum
3105 587 3186 633 est
3213 576 3236 632 ‘!
3262 578 3562 637 hnmemori
3591 592 3644 638 et

2055 657 2263 727 ingrato
2292 670 2381 721 tuo
2405 663 2586 717 animo
2615 662 2733 721 haec
2760 668 2996 724 maxime
3020 669 3161 724 dicta
3189 679 3314 724 sunt
3335 713 3352 733 ,
3377 685 3410 726 o
3432 670 3639 728 Iudaee.

2052 746 2162 801 Cur
2204 750 2346 804 enim
2379 751 2610 808 Abrahre
2650 755 2781 811 nihil
2832 758 3092 828 ejusmodi
3133 760 3333 817 diutum
3379 772 3459 816 est
3488 803 3504 830 ,
3533 780 3640 817 non

2052 836 2199 894 Isaac
2218 881 2233 905 ,
2267 857 2371 895 non
2401 842 2588 908 Jacob,
2618 862 2723 901 non
2745 846 2911 915 Mosi;
2936 850 3028 904 sed
3060 850 3153 904 tibi
3175 852 3275 906 soli
3304 892 3321 913 ,
3354 860 3636 923 postquam

2050 945 2117 985 ex
2148 932 2381 1004 .Egypto
2410 950 2659 1006 egressus
2685 939 2983 996 conﬂavisti
3014 941 3237 1000 vitulum
3259 942 3457 1011 (Exod.
3495 942 3590 1012 32)
3618 943 3646 1001 τ

2050 1039 2281 1093 quanam
2307 1041 2435 1097 ergo
2461 1027 2531 1084 de
2555 1043 2714 1086 causa
2732 1030 2755 1083 ?
2775 1030 2865 1086 dic
2885 1033 3047 1091 mihi.

2124 1114 2270 1171 Unus
2297 1134 2390 1172 cur
2412 1118 2614 1173 dicatur
2642 1119 2798 1175 Deus.
2829 1150 2899 1164 —-
2927 1123 3078 1192 Quod
3104 1126 3151 1181 si
3181 1125 3295 1196 ipse
3320 1126 3536 1185 haesitas
3563 1170 3580 1194 ,
3610 1144 3640 1183 a

2050 1220 2136 1260 me
2163 1222 2381 1261 causam
2409 1208 2608 1265 edisce.
2650 1209 2911 1277 Quoniam
2952 1215 3095 1269 enim
3138 1231 3387 1288 egressus
3413 1220 3636 1275 vitulum

2048 1295 2398 1363 conﬂaveras,
2421 1296 2475 1353 e't
2498 1299 2829 1373 Beelphegor
2856 1303 3034 1361 fueras
3056 1307 3292 1365 initiatus
3314 1308 3502 1380 (Nam.
3517 1311 3634 1381 35),

2047 1396 2102 1442 ct
2130 1388 2350 1442 deorum
2398 1391 2605 1447 turbam
2648 1393 3018 1465 admirabaris,
3042 1398 3296 1457 neliiriam
3336 1403 3480 1459 illam
3503 1403 3633 1459 deo-

2047 1496 2164 1534 rum
2208 1482 2599 1539 multitudinem
2653 1486 2910 1545 inducens
2955 1506 2971 1544 :
3015 1493 3259 1548 morbum
3288 1501 3433 1550 tuum
3460 1497 3633 1566 repri-

2046 1586 2202 1628 mens
2229 1614 2243 1638 ,
2273 1573 2342 1629 ad
2372 1574 2502 1631 deos
2543 1577 2633 1647 qui
2669 1594 2777 1634 non
2814 1589 2942 1637 sunt
2976 1582 3382 1656 distinguendos
3411 1627 3426 1650 ,
3456 1590 3634 1658 posuit

2046 1663 2197 1732 illud,
2226 1664 2391 1735 Unus,
2410 1683 2512 1723 non
2528 1678 2584 1724 ut
2603 1671 2814 1728 tolleret
2840 1673 3200 1746 Unigenitum.
3223 1679 3461 1749 Quanam
3487 1681 3633 1737 enim

2045 1752 2114 1809 de
2148 1769 2306 1811 causa
2347 1759 2525 1813 statim
2565 1760 2618 1814 in
2665 1763 2939 1830 prooemiis
2972 1766 3171 1822 dictum
3203 1777 3288 1825 est
3313 1787 3328 1824 :
3358 1771 3640 1830 Faciamus

2043 1843 2296 1900 hominem
2325 1850 2395 1900 ad
2421 1848 2692 1921 imaginem
2711 1861 2759 1905 et
2778 1854 3163 1911 similitudinem
3188 1870 3416 1915 nostram
3444 1861 3464 1933 (
3492 1861 3624 1917 Gen.

2046 1937 2099 1992 1.
2127 1937 2266 2009 26)?
2291 1940 2357 1995 Et
2376 1957 2561 1997 rursus
2591 1960 2605 1996 :
2645 1942 2837 2010 Venite,
2855 1946 3236 2018 descendamus,
3264 1962 3315 2008 et
3339 1955 3633 2027 confunda-

2043 2045 2155 2083 mus
2176 2030 2379 2102 linguas
2408 2050 2583 2088 eorum
2628 2033 2648 2109 (
2679 2035 2807 2093 Gen.
2841 2041 2929 2094 11.
2958 2041 2991 2095 7
3022 2041 3041 2112 )
3110 2042 3179 2099 Et
3206 2061 3390 2102 rursus
3422 2048 3584 2104 David
3611 2067 3628 2107 :

2043 2119 2326 2192 Propterea
2367 2126 2511 2180 unxit
2539 2136 2588 2180 te
2610 2126 2751 2183 Deus
2779 2172 2795 2197 ,
2831 2130 2966 2186 Deus
3002 2143 3118 2189 tuus
3153 2138 3262 2191 oleo
3306 2138 3495 2195 ltetitia:
3523 2159 3631 2211 pra:

2042 2213 2355 2268 consortibus
2383 2217 2482 2271 tuis
2512 2216 2686 2287 (Psal.
2715 2221 2803 2277 44.
2833 2219 2913 2293 8).
2945 2222 3003 2279 Si
3038 2235 3215 2282 autem
3247 2229 3422 2286 Moses
3446 2232 3576 2288 dicit
3609 2252 3624 2287 :

2041 2302 2298 2362 Dominus
2338 2306 2478 2364 Deus
2518 2318 2634 2366 tuus
2675 2310 2930 2370 Dominus
2969 2333 3101 2371 unus
3144 2329 3258 2374 est:
3289 2320 3630 2381 imbecillitas

2039 2402 2217 2449 vestra
2244 2395 2340 2451 fuit
2365 2397 2417 2452 in
2445 2414 2622 2455 causa.
2654 2402 2721 2456 Et
2747 2404 2873 2473 quid
2900 2405 3092 2460 mirum
3123 2409 3166 2463 si
3205 2408 3380 2466 hocin
3410 2413 3630 2484 dogma-

2041 2486 2180 2542 tibus
2209 2488 2404 2543 factum
2427 2500 2529 2556 est,
2560 2493 2775 2562 quando
2797 2495 2955 2550 etiam
2985 2497 3036 2552 in
3058 2498 3218 2556 rebus
3241 2517 3271 2556 a
3294 2503 3626 2572 perfectiori-

2038 2580 2139 2636 bus
2175 2581 2241 2635 ad
2271 2582 2447 2637 minus
2486 2585 2718 2654 perlecta
2758 2586 2978 2659 deduxit
3022 2590 3160 2646 Deus
3198 2596 3493 2652 orationem
3523 2640 3539 2665 ,
3567 2615 3628 2655 se

2038 2670 2328 2729 demittens
2373 2674 2442 2729 ad
2485 2686 2723 2732 nostram
2761 2678 3229 2739 imbecillitatem?
3271 2686 3529 2754 Quocirca
3571 2701 3628 2747 et

2038 2780 2259 2820 uxorem
2287 2766 2425 2823 hanc
2449 2769 2668 2839 quidem
2694 2771 2909 2842 ejicere,
2943 2774 3091 2832 illam
3118 2791 3245 2833 vero
3267 2781 3509 2849 permisit
3536 2783 3621 2837 iu-

2037 2856 2320 2914 troducere
2349 2899 2366 2924 ,
2409 2875 2532 2915 cum
2576 2877 2679 2916 non
2730 2864 2868 2919 hanc
2908 2865 3080 2937 legem
3122 2868 3327 2925 tulisset
3363 2870 3432 2926 ab
3472 2873 3627 2929 initio

2037 2948 2215 3020 (Deut.
2239 2950 2354 3021 24).
2384 2952 2632 3008 Ciborum
2657 2971 2869 3028 quoque
2888 2974 3135 3030 magnum
3165 2960 3290 3017 fecit
3314 2962 3621 3032 discrimen,

2037 3041 2161 3098 licet
2200 3045 2524 3100 contrarium
2559 3048 2784 3105 dixisset
2820 3051 2888 3107 ab
2925 3051 3121 3108 init-io:
3160 3053 3443 3127 Tamquam
3483 3059 3625 3115 olera

2035 3137 2148 3208 agri
2166 3136 2280 3191 dedi
2301 3139 2637 3195 vobis'omnia
2672 3139 2694 3214 (
2722 3139 2904 3198 Cenes.
2946 3143 3001 3199 9.
3023 3145 3058 3200 5
3085 3144 3126 3216 ).
3173 3146 3247 3202 De
3272 3148 3393 3204 loco
3410 3166 3626 3222 quoque

2035 3227 2233 3282 multas
2255 3228 2400 3300 leges
2427 3232 2624 3296 sanxit,
2652 3247 2757 3287 non
2783 3234 3101 3304 permittens
3122 3236 3318 3307 ubique
3340 3255 3526 3309 preces
3553 3243 3619 3297 ad

2035 3319 2201 3375 Deum
2231 3322 2523 3393 porrigere,
2544 3326 2788 3394 quamvis
2808 3342 2876 3382 ne
2904 3327 3007 3383 hoc
3021 3330 3238 3399 quidem
3260 3335 3625 3393 constituisset

2035 3410 2104 3466 ab
2130 3412 2296 3468 initio.
2320 3413 2459 3482 Quin
2483 3415 2643 3471 etiam
2675 3417 2726 3471 in
2754 3417 3037 3474 Persarum
3064 3422 3281 3491 regione
3297 3427 3374 3495 (α)
3393 3426 3622 3483 Abrahae

2034 3500 2182 3556 visus
2210 3511 2325 3569 est,
2356 3512 2411 3558 et
2440 3505 2494 3559 in
2535 3505 2817 3562 Palaestina
2850 3549 2869 3578 ,
2894 3516 2965 3564 'et
3002 3510 3232 3582 ubique;
3261 3522 3317 3570 et
3343 3514 3473 3572 Mosi
3503 3529 3624 3589 post

2035 3590 2152 3647 haec
2180 3593 2234 3648 in
2255 3594 2561 3652 solitudine.

2104 3684 2160 3739 2.
2187 3684 2324 3754 Quid
2345 3687 2512 3758 ergo?
2538 3689 2766 3760 inquies,
2797 3703 3127 3765 repugnatne
3151 3697 3354 3770 sibiipsi
3383 3700 3622 3772 Scriptu-

2033 3793 2096 3833 ra
2125 3778 2327 3834 ?Absit
2355 3797 2368 3836 :
2396 3780 2491 3835 sed
2531 3784 2709 3838 omnia
2758 3799 2857 3855 pro
2905 3796 3148 3859 tempore
3191 3791 3527 3848 administrat
3566 3805 3623 3850 et

2034 3868 2309 3938 dispensat
2338 3870 2405 3926 ad
2434 3872 2757 3940 utilitatem,
2806 3877 3223 3952 uniuscujusque
3261 3885 3622 3952 generationis

2034 3962 2448 4019 imbecillitatem
2476 3967 2770 4037 corrigens.
2813 3969 2881 4024 Et
2904 3970 3025 4027 ideo
3055 3972 3146 4027 tibi
3171 3975 3385 4044 quidem
3411 3976 3613 4032 dictum

2032 4062 2133 4119 est,
2170 4052 2418 4109 Dominus
2446 4055 2582 4110 Deus
2602 4066 2716 4112 tuus
2732 4057 2983 4116 Dominus
3006 4078 3138 4118 unus
3163 4075 3253 4118 est.
3271 4066 3423 4132 Quod
3440 4076 3618 4124 autem

2034 4144 2230 4201 habeat
2255 4145 2418 4201 etiam
2448 4145 2641 4202 Filium
2666 4189 2683 4208 .
2714 4151 2991 4221 prophetae
3018 4154 3069 4208 in
3097 4154 3249 4210 libris
3273 4157 3387 4212 suis
3409 4160 3622 4228 preemi-

2034 4248 2248 4293 serunt:
2275 4253 2447 4309 neque
2468 4239 2623 4295 valde
2651 4251 2836 4311 aperte
2862 4242 3112 4301 dixerunt
3138 4286 3154 4312 ,
3185 4262 3253 4302 ne
3281 4257 3424 4303 tuam
3445 4249 3620 4306 oll'en-

2035 4329 2224 4387 derent
2249 4331 2699 4400 imbecillitatem;
2727 4350 2828 4390 nec
2851 4337 3129 4402 celarunt,
3153 4350 3208 4395 ut
3230 4351 3351 4412 post
3381 4342 3495 4398 haec
3518 4343 3618 4398 da-

2033 4430 2156 4478 rent
2193 4423 2284 4479 tibi
2329 4423 2505 4482 locum
2546 4426 2937 4497 resipiscendi,
2981 4439 3034 4486 et
3086 4446 3152 4487 ex
3205 4435 3432 4504 propriis
3468 4436 3638 4493 libris-

2035 4513 2317 4586 colligendi
2346 4514 2596 4587 dogmata
2625 4519 2883 4574 veritatis.
2914 4520 2985 4575 Ita
3021 4522 3181 4577 etiam
3221 4524 3454 4583 maxime
3495 4543 3622 4600 pro-
3658 4591 3661 4594 ,

2034 4603 2225 4673 phetas
2254 4607 2548 4675 poterimus
2569 4608 2857 4678 prophetas
2878 4626 2998 4668 esse
3022 4612 3329 4684 ostendere,
3352 4625 3408 4673 et
3431 4627 3486 4673 ut
3516 4618 3648 4676 lide-

2034 4694 2252 4766 dignum
2280 4697 2350 4751 sit
2369 4696 2536 4752 Vetus
2566 4698 2970 4758 Testamentum
2992 4702 3226 4771 efficere,
3260 4709 3474 4780 quando
3496 4725 3645 4766 eum-

2033 4788 2282 4857 gentibus
2308 4787 2643 4845 disserimus.
2670 4791 2801 4846 Nam
2822 4793 2866 4847 si
2894 4793 2996 4849 hoc
3020 4797 3320 4865 sustuleris,
3349 4801 3646 4870 quomodo-

2035 4892 2097 4934 os
2120 4878 2365 4949 gentibus
2393 4880 2678 4937 obstrues?
2721 4883 2859 4952 Quid
2900 4886 3042 4941 enim
3086 4887 3273 4944 dices?
3310 4892 3511 4946 exitum
3550 4907 3627 4947 ex:

2032 4968 2265 5042 Egypto
2282 5011 2299 5037 ,
2333 4978 2388 5026 et
2411 4986 2529 5042 qua:
2554 4971 2622 5028 de
2648 4982 2700 5028 te
2724 4974 2977 5044 praedicta
3001 4980 3159 5034 sunt?
3184 4978 3291 5035 Sed
3316 4995 3377 5035 ea
3399 4996 3506 5036 non
3528 4981 3620 5037 illo

2035 5062 2298 5118 admittet.
2325 5063 2383 5120 Si
2407 5073 2585 5120 autem
2613 5068 2920 5129 narraveris
2964 5086 3085 5138 qum
3123 5071 3192 5126 de
3235 5069 3449 5126 Christo
3476 5071 3618 5130 dicta

2035 5165 2162 5210 sunt
2186 5155 2241 5213 in
2273 5155 2485 5223 Veteri,
2517 5165 2573 5212 et
2595 5156 2899 5213 ostenderis
2921 5174 3099 5215 rerum
3129 5163 3406 5216 veritatem
3432 5167 3617 5220 testari

2036 5254 2286 5301 eventum
2314 5247 2611 5317 prophetia:
2643 5287 2660 5313 ,
2704 5262 2772 5303 ne
2799 5249 2994 5316 poterit
3028 5250 3240 5319 quidem
3266 5252 3541 5310 resistere.
3563 5255 3620 5311 Si

2035 5344 2215 5393 autem
2237 5347 2420 5392 nostra
2448 5336 2830 5407 reprehendas,
2857 5354 2892 5394 ο
2911 5338 3120 5407 Judaee,
3146 5343 3416 5410 quomodo
3456 5344 3622 5402 Vetus
3700 5324 3705 5329 I

2036 5430 2443 5487 Testamentum
2479 5429 2773 5488 defendes?
2795 5430 2853 5486 Si
2878 5429 3007 5500 quis
3038 5432 3181 5485 enim
3227 5433 3323 5489 tibi
3365 5434 3559 5493 dixerit
3594 5457 3612 5496 :

2034 5520 2319 5591 Quomodo
2348 5529 2474 5576 sunt
2492 5535 2621 5576 vera
2649 5536 2767 5590 quae
2787 5511 3010 5592 scripsit
3024 5521 3198 5579 Moses
3221 5566 3238 5593 ,
3267 5527 3393 5597 quid
3422 5528 3571 5586 dices
3597 5531 3622 5587 τ

2027 5672 3623 5800 pii-‘s'irﬁhml'éiiipmiqﬁiiiiﬁ‘iiﬁoiiméil‘ﬁﬂ

2038 5814 2117 5858 ne,
2141 5811 2268 5860 quos
2281 5805 2498 5848 secundo
2517 5805 2682 5856 Tomo,
2695 5805 2789 5848 σοι.
2804 5805 2896 5851 775
2919 5806 2975 5852 et.
2992 5814 3103 5867 sqq.
3117 5805 3375 5866 edidimus,
3388 5824 3484 5860 non
3509 5811 3620 5861 ωας

2038 5865 2167 5910 inter
2190 5858 2340 5911 dubia
2360 5859 2556 5911 locanda
2579 5872 2718 5921 esse,
2735 5861 2865 5921 quod
2888 5863 2954 5913 ibi
2976 5868 3366 5919 sennacheribus
3387 5884 3477 5921 rex
3511 5879 3622 5920 rer.

2038 5936 2198 5974 sarum
2215 5922 2427 5982 dicatur;
2452 5922 2541 5975 sed
2558 5919 2665 5973 alite
2688 5919 2891 5978 subsunt
2910 5925 2975 5979 de
2998 5925 3095 5980 illis
3114 5928 3362 5982 dubitandi
3383 5919 3621 5984 rationes.
