4086 6268
419 339 518 395 ἓϐἸ

417 458 549 523 Quia
582 455 662 507 eis
689 444 1039 505 credidimus.
1083 441 1248 495 Multo
1289 436 1456 504 magis
1497 448 1626 502 ergo
1657 439 1838 484 nostra
1882 440 2006 479 vera

1163 327 1215 382 S.
1253 321 1529 380 JOANNIS
1568 311 2037 372 CHRYSOSTOMI
2077 312 2390 366 AliCllIEP.
2431 310 2967 366 CUNSTANTINOP.

3601 307 3700 364 268

2120 441 2258 480 unus
2283 466 2297 488 ,
2323 433 2406 479 est
2435 413 2673 491 ejusdem
2702 425 2850 493 regni
2880 422 3097 476 honoris
3123 420 3418 491 aequalitas.
3443 419 3703 487 Quocirca

417 556 541 602 sunt
575 562 588 598 :
648 557 769 597 nam
820 554 917 593 nos
953 549 1166 606 quoque
1213 531 1537 586 credidimus
1575 541 1590 590 ;
1644 532 1700 578 et
1739 535 1834 574 vos
1889 517 2010 588 qui-
2032 551 2070 596 ζ
2118 515 2313 571 Paulus
2334 532 2544 586 quoque
2569 515 2808 570 dicebat:
2837 515 2939 582 Qui
2963 513 3084 583 facit
3113 513 3315 582 angelos
3331 528 3448 565 suos
3473 512 3702 580 spiritus,

421 642 542 694 dem
567 638 696 691 estis
714 649 820 687 una
843 645 994 702 gens,
1025 643 1120 682 ncs
1147 633 1322 679 autem
1355 620 1633 674 universus
1660 612 1807 667 orbis
1838 619 2009 663 terra—

426 747 542 787 rmn
578 771 592 793 ,
625 728 882 795 vobisque
924 737 1032 777 non
1078 720 1157 773 sic
1199 713 1462 786 persuasit
1506 709 1679 764 Moses
1705 748 1720 772 ,
1765 711 1822 757 ut
1859 697 2013 755 nobis

420 821 668 876 Christus
697 835 709 872 :
741 831 804 869 ac
851 821 1023 868 vestra
1054 807 1265 878 quidem
1294 807 1570 857 cessarunt
1596 839 1612 862 ,
1655 803 1836 850 nostra
1882 803 2011 845 vero

423 918 587 966 stant.
631 911 712 962 An
752 921 816 961 es
846 894 1324 974 praedictionibus?
1350 892 1456 948 Sed
1493 891 1677 960 plures
1713 894 1838 940 sunt
1872 881 2012 951 apud

424 1018 544 1058 nos.
573 999 760 1055 Nostra
782 1010 909 1066 ergo
937 993 981 1047 si
1005 989 1289 1046 sustuleris
1312 1026 1327 1052 ,
1357 984 1459 1038 tuis
1489 980 1732 1035 umbram
1759 973 2013 1030 oll‘undis.

430 1101 510 1150 An
539 1110 606 1149 ex
636 1090 802 1161 signis
825 1088 848 1141 ?
869 1086 973 1142 Sed
995 1100 1091 1139 vos
1118 1080 1331 1152 quidem
1360 1076 1520 1131 Musis
1567 1073 1767 1127 nullum
1796 1067 2016 1140 potestis

427 1188 638 1256 signum
669 1179 986 1235 ostendere:
1020 1174 1116 1228 fuit
1137 1173 1277 1226 enim
1301 1210 1316 1232 ,
1344 1177 1398 1222 et
1430 1165 1676 1228 transiit;
1710 1176 1808 1216 nos
1836 1169 2015 1213 autem

431 1254 631 1332 Christi
665 1273 830 1328 multa
870 1279 923 1324 ct
960 1268 1171 1322 diversa
1212 1278 1331 1332 qua:
1367 1257 1544 1312 adhuc
1571 1269 1711 1308 nunc
1751 1254 1885 1306 tiunt
1909 1290 1925 1315 ,
1956 1263 2018 1302 ac

427 1365 799 1437 prmdictiones
829 1361 910 1414 vel
954 1358 1068 1412 sole
1104 1355 1382 1410 clariores.
1417 1351 1496 1403 Au
1523 1362 1587 1400 ex
1619 1343 1872 1414 legibus?
1913 1339 2019 1394 Sed

429 1431 626 1514 nostra:
647 1455 766 1525 plus
796 1453 848 1505 in
874 1466 931 1504 se
954 1447 1229 1503 continent
1249 1440 1539 1506 sapientim.
1565 1434 1671 1490 Sed
1698 1433 1822 1502 quid
1849 1431 1873 1484 ?
1903 1445 2022 1498 pro-

437 1520 1042 1611 hibentibusEgyptiis
1074 1535 1276 1606 egressi
1319 1529 1498 1588 estis?
1527 1525 1632 1583 Sed
1659 1540 1764 1578 non
1795 1520 2016 1592 perinde

431 1647 518 1693 est
545 1635 732 1691 orbem
763 1642 1028 1688 terrarum
1058 1625 1346 1681 bellantem
1375 1625 1854 1690 superasse,atque
1880 1611 2024 1666 solos

431 1727 714 1798 Egyptios
752 1723 970 1777 vicisse.
1023 1719 1090 1772 Et
1136 1716 1253 1774 lucc
1297 1713 1417 1768 dico
1445 1753 1458 1775 ,
1493 1724 1601 1764 non
1625 1706 1869 1762 utVetus
1895 1718 2015 1758 cum

435 1796 588 1873 Novo
631 1814 960 1870 committam
985 1827 998 1862 :
1021 1807 1195 1860 absit:
1227 1803 1326 1859 sed
1363 1803 1690 1872 ingratorum
1716 1796 2022 1853 Juda:orum

435 1911 623 1964 volens
647 1922 710 1962 os
727 1905 1028 1960 obstruere.
1049 1897 1180 1952 Nam
1203 1905 1258 1951 et
1285 1896 1399 1951 hac
1419 1902 1472 1948 et
1501 1893 1586 1946 illa
1609 1890 1676 1945 ab
1695 1887 1885 1944 eodem
1917 1886 2028 1940 Deo

436 2002 557 2055 data
588 2008 641 2054 et
667 1996 804 2051 facta
834 2001 979 2048 sunt.
1007 1989 1114 2046 Sed
1135 1986 1265 2042 illud
1291 1985 1414 2040 volo
1443 1983 1700 2054 probare,
1732 1977 1979 2034 Judaeum
2006 2017 2021 2042 ,

439 2089 662 2146 sublatis
704 2086 774 2141 de
820 2083 1034 2140 Christo
1071 2077 1362 2150 prophetiis
1391 2116 1408 2141 ,
1454 2080 1702 2129 evertere
1742 2068 2030 2123 maximam

441 2193 647 2254 partem
705 2176 1102 2249 prophetiarum
1127 2214 1142 2238 ,
1175 2185 1275 2226 nec
1315 2181 1475 2239 posse
1524 2173 1708 2235 aperte
1747 2159 2032 2216 ostendere

440 2252 772 2328 nobilitatem
791 2265 1007 2323 Veteris
1025 2307 1041 2332 ,
1066 2264 1170 2319 nisi
1200 2260 1404 2316 Novum
1437 2255 1736 2313 admiserit.
1755 2252 1907 2322 Quod
1933 2267 2033 2305 au-

446 2379 552 2422 tem
583 2365 697 2418 hcce
724 2377 830 2415 non
851 2359 916 2414 de
939 2357 1156 2412 homine
1182 2354 1322 2409 dicta
1356 2351 1486 2416 sint,
1511 2357 1567 2404 et
1590 2363 1656 2402 ex
1685 2361 1752 2402 eo
1783 2344 1924 2416 quod
1955 2343 2036 2398 di-

445 2465 617 2520 catur,
645 2453 780 2508 Sede
809 2468 840 2504 a
869 2449 1059 2503 dextris
1079 2447 1202 2500 meis
1221 2486 1236 2510 ,
1259 2454 1314 2500 et
1336 2441 1478 2512 quod
1509 2439 1815 2494 nominetur
1841 2435 2028 2490 Domi-

449 2564 552 2602 nus
577 2559 729 2615 aeque
759 2555 820 2596 ac
842 2539 1099 2595 Dominus
1127 2535 1218 2591 ille
1237 2533 1327 2604 qui
1353 2531 1514 2598 dicit,
1537 2539 1592 2584 et
1620 2526 1760 2599 quod
1785 2542 1850 2582 ex
1876 2535 2030 2580 utero

446 2649 572 2692 :mlc
597 2631 963 2690 lueil'erumsit
979 2630 1215 2699 genitus,
1247 2633 1303 2680 et
1330 2639 1398 2678 ex
1422 2637 1488 2677 eo
1509 2619 1652 2690 quod
1676 2619 1745 2674 sit
1774 2615 2026 2672 sacerdos

449 2727 740 2785 secundum
791 2721 1034 2800 ordinem
1091 2715 1446 2773 Melchisedec
1469 2754 1485 2779 ,
1515 2719 1572 2768 et
1611 2726 1676 2767 ex
1707 2725 1773 2765 eo
1796 2708 1938 2779 quod
1960 2705 2042 2761 di-

449 2824 586 2878 citur
609 2861 626 2887 ,
655 2817 846 2873 Tecum
884 2797 1193 2885 principium
1231 2817 1404 2874 tuum,
1445 2805 1511 2860 iis
1550 2803 1640 2873 qui
1690 2801 1902 2871 sapiunt
1932 2797 2043 2854 cla-

451 2931 568 2970 rum
592 2920 694 2967 εει.

522 3005 777 3060 Adversus
808 2997 1038 3054 Paulum
1079 2995 1470 3050 Samosatenum
1509 2996 1556 3042 et
1581 2993 1760 3041 contra
1798 2983 2039 3038 Arianos.

461 3127 534 3140 --
565 3095 719 3164 Quod
744 3094 788 3150 si
813 3092 950 3148 alius
968 3087 1123 3146 nobis
1147 3097 1334 3141 rursus
1353 3089 1590 3151 emergat
1615 3077 1854 3144 Iudaeus,
1891 3073 2047 3130 Chri-

459 3188 618 3247 stiani
642 3197 927 3257 personam
951 3177 1270 3248 suscipiens,
1303 3173 1505 3229 Paulus
1529 3209 1546 3238 ,
1577 3170 1792 3239 inquam
1808 3207 1824 3235 ,
1849 3165 2044 3222 Samo-

457 3290 711 3345 satenus,
744 3284 922 3347 potest
947 3265 1166 3344 quidem
1205 3266 1369 3322 etiam
1406 3263 1668 3319 adversus
1693 3275 1819 3316 eum
1847 3257 1952 3313 dici
1978 3271 2046 3312 ex

457 3372 625 3428 Novo.
651 3367 759 3424 Sed
785 3381 852 3422 ne
866 3363 1144 3420 videamur
1174 3357 1375 3415 relictis
1402 3352 1759 3425 praesentibus
1786 3349 1853 3404 ad
1876 3349 2039 3404 aliam

464 3463 602 3520 aciei
629 3468 834 3532 partem
864 3455 1094 3512 transire
1115 3492 1131 3519 ,
1173 3465 1296 3508 eum
1327 3449 1451 3503 hinc
1473 3453 1688 3517 quoque
1709 3443 2046 3512 impetamus.

461 3552 601 3622 Quid
633 3531 690 3606 is
719 3563 846 3620 ergo
871 3546 1000 3602 dicit
1026 3545 1050 3598 ?
1097 3543 1268 3598 Homo
1291 3547 1404 3605 est,
1431 3536 1633 3606 inquit,
1664 3531 2002 3589 solummodo
2034 3548 2050 3587 :

462 3659 518 3705 et
542 3662 611 3704 ex
637 3659 745 3717 quo
767 3657 836 3698 ex
860 3639 1024 3696 Maria
1052 3644 1208 3692 natus
1235 3641 1338 3699 est,
1369 3646 1436 3687 ex
1463 3629 1555 3684 illo
1579 3637 1823 3697 tempore
1851 3633 2054 3680 tantum

464 3716 701 3799 exsistit.
717 3733 856 3805 Quid
883 3746 1034 3803 ergo,
1051 3729 1160 3796 dic,
1189 3738 1392 3797 quaeso,
1413 3722 1562 3778 dices
1581 3718 1649 3774 ad
1680 3716 1810 3773 illud
1832 3716 2051 3781 dictum,

465 3832 604 3906 quod
637 3829 825 3885 habet:
855 3826 941 3880 Ea:
965 3835 1108 3878 utero
1134 3829 1253 3874 ante
1277 3817 1548 3886 luciferum
1575 3810 1726 3883 genui
1752 3819 1799 3864 te
1818 3810 1845 3864 ?
1889 3807 2059 3878 Opor-

468 3900 544 3982 έθι
569 3932 747 3978 autem
773 3919 897 3983 alia,
929 3931 1049 3987 quae
1073 3921 1260 3968 contra
1285 3906 1502 3965 Judaeos
1526 3903 1669 3959 dicta
1699 3909 1859 3967 sunt,
1894 3900 2060 3955 etiam

469 4027 652 4074 contra
680 4028 774 4070 eos
801 4011 1002 4071 dicere,
1030 4007 1118 4076 qui
1143 4004 1213 4058 ab
1239 4017 1305 4058 eo
1325 4003 1722 4072 processerunt.
1754 3993 1864 4049 Nec
1891 4007 1988 4047 nos
2005 3992 2060 4046 in

467 4124 627 4166 causa
652 4117 857 4169 sumus,
886 4099 979 4156 sed
1008 4098 1060 4152 bi
1089 4095 1189 4166 ipsi
1215 4093 1302 4164 qui
1331 4091 1529 4145 habent
1555 4101 1677 4142 cum
1705 4085 1784 4140 eis
1812 4097 2057 4154 magnam

471 4200 777 4270 dogmatum
824 4189 1194 4262 cognationem
1226 4201 1240 4238 :
1272 4181 1414 4237 unde
1457 4179 1620 4234 etiam
1668 4173 1879 4231 eisdem.
1899 4173 2064 4228 armis

471 4292 522 4344 in
545 4267 638 4345 eos
669 4295 899 4342 utemur.
917 4281 1026 4336 Eos
1048 4278 1214 4342 enim,
1236 4274 1326 4344 qui
1353 4270 1596 4327 similiter
1625 4267 1819 4323 bellum
1847 4272 2061 4335 gerunt,

474 4390 686 4454 oportet
709 4379 909 4436 eisdem
934 4374 1125 4444 jaculis
1149 4367 1456 4426 confodere.
1480 4362 1617 4432 Quid
1644 4361 1802 4429 igitur
1830 4359 1931 4413 sibi
1957 4357 2066 4410 vult

478 4474 654 4529 throni
684 4467 951 4526 societas?
983 4466 1080 4520 Hic
1104 4463 1246 4519 enim
1276 4457 1575 4515 ostenditur
1604 4453 1821 4508 honoris
1848 4449 2068 4519 aquali-

479 4579 560 4622 tas
582 4605 600 4631 ,
647 4562 790 4632 quod
839 4559 971 4613 satis
1010 4566 1093 4611 est
1132 4553 1197 4608 ad
1226 4550 1606 4607 obstruendum
1635 4562 1696 4601 os
1725 4546 2062 4600 Arianorum.

479 4659 548 4713 Et
585 4655 705 4710 ideo
747 4651 990 4706 Christus
1031 4654 1214 4702 contra
1256 4642 1472 4700 Judzeos
1512 4640 1750 4694 dicentes
1790 4636 2060 4690 Christum

479 4765 600 4807 esse
637 4747 801 4802 tilium
842 4742 1004 4798 David
1033 4738 1340 4808 subjunxit:
1373 4733 1638 4803 Quomodo
1667 4749 1783 4803 ergo
1828 4730 1992 4784 David
2018 4730 2071 4783 in

482 4841 685 4912 Spiritu
722 4843 865 4891 vocat
909 4849 1020 4888 eum
1061 4829 1374 4892 Dominum,
1407 4827 1614 4880 dicens:
1639 4823 1780 4876 Dixit
1823 4821 2072 4875 Dominus

489 4936 706 4992 Domino
732 4947 863 4994 meo,
896 4926 1074 4983 Sedea
1091 4922 1280 4977 dextris
1304 4920 1426 4974 meis
1456 4916 1668 4989 (Matth.
1698 4915 1787 4969 22.
1817 4917 1904 4969 45.
1938 4912 2074 4980 44)?

483 5029 682 5083 Paulus
710 5034 886 5078 autem
902 5020 970 5074 de
993 5014 1289 5072 oeconomia
1318 5019 1501 5080 postea
1529 5015 1758 5061 tractans
1777 5003 1960 5077 (Hebr.
1991 5004 2071 5074 7),

484 5132 539 5177 ct
567 5135 686 5176 eam
717 5116 953 5186 apertius
984 5113 1337 5177 interpretans
1371 5144 1386 5170 ,
1417 5112 1473 5158 et
1512 5099 1762 5155 Marcioni
1805 5109 1860 5153 ct
1908 5097 2075 5151 Mani-

487 5217 660 5279 chteo,
691 5220 747 5267 et
771 5210 835 5264 iis
857 5207 1105 5262 omnibus
1125 5201 1212 5270 qui
1241 5197 1400 5252 simili
1427 5194 1616 5249 morbo
1639 5192 1897 5251 laborant.
1921 5190 2078 5245 letale

489 5308 680 5363 vulnus
708 5301 899 5371 inﬂigit
921 5317 934 5353 :
959 5291 1341 5363 interpretatur
1364 5287 1506 5343 enim
1524 5300 1646 5340 cum
1669 5299 1730 5337 ea
1755 5298 1857 5353 qua
1879 5298 1973 5351 par
1995 5291 2079 5336 est

493 5395 793 5469 prudentia,
821 5387 1088 5463 quomodo
1114 5385 1210 5439 fuit
1231 5379 1482 5436 sacerdos
1510 5375 1804 5432 secundum
1834 5373 2075 5428 ordinem

504 5488 883 5548 Melchisedec.
924 5481 1031 5535 Nos
1070 5486 1248 5532 autem
1302 5485 1488 5528 rursus
1523 5467 1590 5522 ad
1634 5465 1962 5538 propositum
1996 5479 2080 5518 re-

496 5588 782 5630 vertamur.
809 5571 948 5625 Dixit
973 5569 1225 5623 Dominus
1248 5564 1465 5619 Domino
1493 5577 1600 5614 meo
1621 5601 1634 5620 .
1667 5559 1801 5613 Sede
1829 5575 1861 5610 a
1889 5557 2080 5611 dextris

500 5668 642 5720 meis.
694 5662 878 5718 Vidisti
929 5660 1283 5728 aequalitatem
1337 5651 1610 5708 honoris?
1653 5649 1750 5704 Ubi
1802 5649 1943 5702 enim
2002 5658 2084 5702 est

506 5763 769 5821 thronus,
799 5752 906 5808 illic
949 5760 1030 5806 est
1056 5749 1276 5821 signum
1301 5745 1450 5813 regni
1477 5761 1490 5796 :
1525 5741 1610 5796 ubi
1656 5752 1832 5796 autem
1862 5739 2082 5796 thronus

2117 618 2163 661 et
2191 608 2445 660 ministros
2486 623 2603 659 suos
2643 607 2904 676 ﬂammam
2941 605 3090 675 ignis.
3128 603 3209 656 Ad
3261 601 3452 656 Filium
3500 611 3707 655 autem:

2121 699 2352 754 Tltronus
2382 710 2517 763 tuus,
2547 697 2699 759 Deus,
2725 699 2777 750 in
2793 697 3035 750 saxulum
3051 695 3223 750 swculi
3247 692 3431 763 (Hebr.
3459 694 3508 747 Ι.
3541 693 3593 747 7.
3627 692 3705 763 8).

2120 791 2196 846 Ita
2225 791 2384 844 etiam
2414 789 2601 844 Daniel
2645 788 2789 842 videt
2831 787 3130 840 universam
3161 784 3374 854 quidem
3403 792 3703 838 creaturam

2119 885 2494 949 assistentem,
2553 891 2608 936 et
2676 880 2895 950 angelos
2958 888 3012 934 et
3071 877 3458 948 archangelos,
3509 875 3706 930 Filium

2120 987 2296 1032 autem
2321 975 2552 1030 hominis
2568 974 2866 1028 venientem
2891 972 2940 1025 in
2963 969 3213 1036 nubibus,
3233 977 3286 1023 et
3310 968 3708 1038 pervenientem

2123 1083 2288 1136 usque
2309 1066 2374 1120 ad
2401 1064 2896 1133 antiquumdiernm
2928 1061 3085 1130 (Dan.
3116 1061 3192 1131 7).
3213 1059 3364 1124 Quod
3397 1059 3438 1112 si
3470 1058 3708 1111 nonnulli

2123 1161 2461 1216 oﬂ'endautnr
2488 1175 2549 1213 ex
2584 1175 2649 1212 eo
2670 1157 2809 1227 quod
2831 1157 2908 1211 sic
2937 1156 3194 1218 dicamus,
3220 1153 3439 1207 audiant
3467 1168 3591 1206 cum
3621 1165 3709 1205 sea

2123 1255 2251 1309 dere
2287 1270 2317 1308 a
2343 1252 2547 1308 dextris
2571 1295 2586 1318 ,
2615 1261 2669 1306 et
2695 1249 2945 1304 desinant
2985 1246 3206 1301 otl‘endi.
3251 1243 3709 1311 Quemadmodum

2127 1348 2267 1402 enim
2296 1360 2392 1400 nos
2421 1360 2524 1399 non
2556 1343 2783 1398 dicimus
2812 1356 2934 1395 eum
2975 1353 3095 1394 esse
3131 1337 3288 1392 Patre
3313 1337 3571 1404 majorem
3602 1375 3619 1398 ,
3648 1349 3712 1387 eo

2126 1438 2267 1509 quod
2297 1453 2324 1492 a
2353 1437 2554 1491 dextris
2575 1435 2792 1499 sedeat,
2819 1446 2938 1502 qua:
2979 1429 3208 1484 maxime
3234 1426 3524 1482 honoriﬁca
3555 1424 3712 1480 sedes

2127 1532 2337 1589 estzita
2369 1545 2468 1585 nec
2495 1539 2548 1584 tu
2587 1542 2708 1584 eum
2748 1525 3010 1580 minorem
3039 1531 3094 1576 et
3122 1520 3428 1575 inferiorem
3469 1516 3668 1571 dixeris
3694 1554 3714 1583 ,

2087 1641 2095 1650 '
2128 1626 2226 1681 sed
2251 1625 2454 1679 honore
2489 1636 2668 1692 parem
2691 1628 2745 1674 et
2771 1617 3048 1688 aequalem.
3078 1613 3132 1668 Id
3153 1613 3294 1668 enim
3327 1611 3590 1682 significat
3617 1623 3712 1663 so-

2129 1719 2294 1774 cietas
2321 1715 2596 1771 sessionis.
2629 1711 2804 1767 Donec
2830 1726 3015 1781 ponam
3043 1705 3272 1762 inimicos
3298 1713 3414 1757 tuos
3441 1699 3718 1756 scabetlum

2133 1811 2318 1882 pedum
2342 1820 2560 1863 tuorum.
2586 1806 2653 1860 Et
2679 1805 2894 1875 quinam
2915 1807 3040 1854 sunt
3065 1795 3309 1853 inimici?
3329 1793 3464 1849 Audi
3497 1791 3716 1846 Paulum

2133 1906 2432 1960 dicentem:
2465 1898 2716 1953 Primitite
2742 1891 2972 1950 Christus
2997 1906 3016 1945 :
3043 1889 3226 1943 deinde
3263 1886 3348 1957 qui
3389 1883 3580 1939 Christi
3604 1889 3724 1936 sunt

2133 1999 2188 2051 in
2212 1998 2427 2050 adventu
2447 1993 2577 2064 ejus,
2595 1987 2776 2044 deinde
2804 1986 2940 2055 ﬁnis.
2960 1981 3170 2053 Oportet
3197 1979 3330 2033 enim
3355 1991 3468 2031 eum
3487 1989 3721 2046 regnare,

2137 2102 2400 2159 quousque
2425 2080 2646 2153 posuerit
2672 2094 2842 2132 omnes
2865 2074 3094 2129 inimicos
3114 2087 3233 2125 suos
3257 2069 3349 2124 sub
3384 2066 3596 2138 pedibus
3621 2065 3729 2119 suis

2143 2181 2220 2252 (1.
2249 2179 2366 2234 Cor.
2390 2175 2474 2231 15.
2503 2171 2722 2242 25-25).

2208 2273 2261 2327 '5.
2315 2265 2505 2322 Vidisti
2535 2260 2960 2334 propheticorum
2991 2264 3045 2310 et
3071 2251 3482 2324 apostolicorum
3521 2249 3719 2304 verbo-

2142 2381 2258 2421 rum
2283 2370 2601 2419 concentum
2631 2365 2686 2412 et
2703 2347 3089 2410 concordiam?
3115 2347 3228 2401 Illic
3246 2345 3388 2401 enim
3414 2342 3546 2398 dicit
3575 2363 3588 2397 :
3616 2339 3729 2394 Do-

2141 2473 2231 2512 nec
2255 2468 2441 2527 ponam
2461 2448 2691 2504 inimicos
2716 2455 2827 2499 tuos
2865 2439 3139 2497 scabellum
3166 2437 3346 2505 pedum
3377 2444 3616 2496 tuorum;
3647 2430 3734 2485 hic

2142 2562 2306 2605 vero:
2339 2546 2610 2612 Quousque
2638 2535 2860 2609 posuerit
2887 2547 3060 2588 omnes
3082 2529 3317 2584 inimicos
3338 2536 3469 2580 tuos.
3496 2522 3604 2579 Sed
3635 2537 3734 2576 nev

2143 2655 2247 2711 que
2287 2637 2397 2693 illic
2438 2633 2566 2689 illud
2609 2630 2802 2694 Donec,
2845 2640 3020 2696 neque
3045 2622 3132 2678 hic
3161 2621 3266 2675 hoc
3291 2618 3585 2687 Quousque,
3610 2624 3739 2670 sunt

2146 2706 2358 2788 termini
2382 2738 2700 2797 temporum.
2729 2717 3008 2788 Quomodo
3035 2713 3178 2771 enim
3216 2709 3423 2766 steterit
3447 2706 3575 2762 illud
3607 2719 3736 2776 pro-

2147 2825 2416 2897 pheticum
2443 2817 2586 2890 quod
2609 2816 2770 2872 dicit:
2790 2812 3030 2867 Potestas
3055 2807 3186 2878 ejus,
3211 2813 3431 2876 potestas
3453 2810 3668 2863 interna,
3691 2807 3742 2852 et

2146 2890 2356 2989 regnum
2401 2913 2532 2985 ejus,
2573 2923 2781 2979 regnum
2823 2901 2958 2974 quod
2994 2915 3098 2954 non
3135 2897 3332 2969 peribit,
3361 2905 3410 2948 et
3448 2891 3594 2963 regni
3632 2890 3743 2960 ejus

2153 2984 2255 3064 non
2284 3007 2377 3062 erit
2417 2984 2535 3074 ﬁnis
2566 2999 2739 3073 (Dan.
2764 2998 2819 3052 7.
2852 2996 2914 3051 tt
2940 3011 2957 3062 ;
2982 2992 3112 3047 Luc.
3143 2991 3196 3044 ι.
3224 2987 3334 3059 st)
3360 3003 3374 3040 :
3401 2986 3446 3041 si
3471 2984 3538 3038 ad
3565 2998 3630 3038 ea
3655 2998 3746 3036 us-

2150 3117 2254 3173 que
2296 3107 2536 3168 tempora
2561 3094 2631 3148 sit
2667 3086 3022 3161 regnaturus?
3054 3082 3214 3139 Vides
3243 3094 3350 3135 non
3377 3091 3497 3133 esse
3541 3074 3747 3130 solum-

2154 3165 2317 3250 modo
2351 3165 2701 3244 attendendas
2739 3181 3024 3247 dictiones,
3055 3175 3147 3232 sed
3187 3187 3308 3230 esse
3346 3165 3747 3226 ascendendum

2158 3285 2225 3339 ad
2267 3275 2717 3350 intelligentiam?
2758 3273 2840 3330 Tu
2882 3279 3060 3326 autem
3088 3280 3208 3322 cum
3244 3262 3395 3319 audis
3429 3257 3746 3331 pr0phetam

2155 3376 2441 3437 dicentem,
2481 3371 2691 3426 Patrem
2732 3379 2932 3438 ponere
2975 3361 3076 3416 sub
3127 3357 3349 3429 pedibus
3386 3353 3524 3424 ejus,
3563 3365 3633 3406 ne
3678 3364 3748 3405 ex

2157 3484 2223 3526 eo
2251 3462 2603 3523 conturberis.
2637 3458 2822 3529 Neque
2860 3456 3001 3512 enim
3043 3452 3158 3507 hzec
3187 3449 3327 3504 dicta
3356 3456 3481 3502 sunt
3508 3443 3653 3514 quod
3678 3443 3750 3498 sit

2158 3556 2453 3616 imbecillus
2477 3553 2664 3608 Filius.
2687 3548 2882 3603 Paulus
2906 3546 3050 3601 enim
3079 3539 3312 3598 ostendit
3333 3537 3524 3594 Filium
3545 3547 3751 3605 ponere

2161 3650 2408 3707 inimicos
2457 3645 2556 3702 sub
2609 3641 2832 3713 pedibus
2888 3637 3025 3704 suis,
3081 3632 3300 3689 dicens:
3351 3628 3564 3698 Oportet
3615 3624 3752 3680 enim

2161 3761 2275 3801 eum
2314 3755 2526 3814 regnare
2551 3750 2807 3807 quousque
2846 3740 2999 3802 ponat
3033 3727 3263 3783 inimicos
3289 3723 3379 3779 sub
3407 3721 3617 3790 pedibus
3641 3717 3749 3773 suis

2164 3837 2267 3911 (t.
2295 3812 2412 3890 Cor.
2445 3833 2531 3887 Η.
2572 3829 2644 3885 23
2675 3831 2718 3897 ).
2761 3826 2829 3882 Et
2874 3835 3060 3878 rursus
3094 3820 3145 3874 ei
3188 3829 3399 3888 quoque
3439 3812 3752 3893 universum

2165 3899 2347 3986 iribuit
2371 3927 2588 3982 dicens:
2625 3919 2842 3989 Quando
2879 3913 3143 3970 tradiderit
3179 3920 3393 3980 regnum
3434 3903 3539 3958 Deo
3566 3912 3615 3956 et
3645 3899 3755 3954 Pa-

2165 4024 2250 4091 tri,
2295 4019 2498 4092 quando
2545 4013 2782 4070 deleverit
2830 4023 3031 4064 omnem
3083 4009 3381 4074 potestatem
3428 4005 3476 4050 et
3517 3995 3756 4050 virtutem

2169 4083 2332 4188 (Ibid.
2366 4129 2416 4166 υ.
2445 4110 2516 4164 2i
2540 4109 2582 4178 ).
2615 4107 2727 4162 Hoc
2754 4110 2838 4158 est
2863 4143 2877 4164 ,
2905 4097 3128 4167 Quando
3153 4107 3374 4164 regnum
3405 4097 3550 4145 recte
3580 4083 3758 4139 admi-

2169 4203 2494 4267 nistraverit,
2537 4211 2750 4255 cessare
2787 4192 2997 4248 curabit
3021 4200 3237 4243 omnem
3270 4189 3610 4254 potestatem.
3644 4174 3758 4229 lloc

2169 4300 2310 4354 enim
2341 4294 2442 4350 sibi
2471 4266 2586 4346 vult
2607 4288 2759 4351 illud,
2779 4294 3082 4355 καταργήσει.
3100 4275 3254 4346 Quod
3275 4283 3452 4329 autem
3480 4269 3613 4324 dicit
3640 4266 3761 4320 uni-

2171 4405 2380 4446 versum
2411 4387 2525 4455 ejus
2546 4398 2686 4448 esse,
2708 4381 2915 4434 Patrem
2943 4377 3010 4431 ab
3031 4375 3146 4444 ipso
3172 4385 3277 4424 non
3308 4373 3518 4438 separat
3539 4364 3644 4435 (α),
3663 4361 3762 4415 sic-

2172 4484 2248 4538 uti
2281 4495 2379 4536 nec
2403 4479 2594 4534 Filium
2630 4490 2657 4527 a
2704 4473 2862 4527 Patre
2895 4467 3100 4523 dividit.
3129 4465 3262 4532 Quae.
3286 4460 3428 4516 enim
3450 4465 3575 4512 sunt
3598 4455 3759 4518 illius,

2175 4584 2300 4630 sunt
2330 4573 2483 4642 hujus
2509 4589 2523 4623 :
2559 4581 2616 4622 et
2653 4581 2771 4636 qua:
2809 4570 2932 4618 sunt
2961 4560 3118 4629 hujus
3142 4599 3156 4622 ,
3185 4562 3310 4611 sunt
3339 4553 3498 4608 illius.
3529 4549 3598 4603 Et
3640 4547 3764 4601 ideo

2175 4668 2332 4723 dicit:
2355 4641 2539 4718 omnia
2574 4677 2683 4714 mea
2715 4669 2799 4712 tua
2824 4665 2972 4720 sunt,
2997 4662 3042 4706 et
3073 4661 3156 4704 tua
3184 4665 3294 4702 mea
3333 4644 3512 4716 (Joan.
3537 4643 3623 4697 17.
3651 4641 3762 4709 10).

2182 4759 2405 4830 Quando
2435 4771 2562 4827 ergo
2602 4751 2832 4806 audieris
2875 4748 3088 4802 Patrem
3131 4738 3446 4810 subjecisse.
3479 4749 3548 4788 ne
3577 4732 3765 4788 existi-

2179 4866 2293 4907 mes
2319 4826 2613 4919 scjunctuut
2642 4858 2760 4899 esse
2788 4839 2976 4895 Filium
3017 4836 3084 4890 ab
3106 4849 3171 4888 eo
3203 4829 3462 4902 praeclaro
3493 4826 3765 4880 facinore:

2179 4954 2232 4998 ct
2269 4943 2311 4996 si
2355 4940 2614 5007 intelligas
2659 4934 2849 4988 Filium
2894 4928 3204 4996 subjecissc,
3254 4937 3322 4976 ne
3366 4920 3514 4974 dicas
3555 4917 3766 4971 Patrem

2180 5051 2300 5090 esse
2339 5033 2405 5087 ab
2447 5034 2526 5084 his
2561 5029 2814 5082 alicmnn.
2843 5021 2972 5089 Qum
2999 5019 3142 5074 enim
3175 5014 3391 5086 pulchre
3422 5026 3483 5065 ac
3513 5008 3772 5080 prmclare

2184 5128 2358 5189 liuut,
2411 5130 2535 5176 sunt
2600 5115 2934 5177 communia,
2983 5105 3434 5182 quemadmodum
3482 5110 3539 5158 et
3591 5099 3770 5156 omnia

2184 5233 2343 5291 opera
2367 5213 2689 5271 communia.

2262 5310 2360 5363 llic
2389 5323 2578 5370 uersus,
2611 5303 2821 5371 Virgam
2853 5298 3060 5351 virtutis
3091 5305 3217 5358 tum,
3254 5303 3376 5358 etc.,
3404 5289 3682 5360 anagogice
3713 5288 3774 5338 de

2187 5406 2385 5460 Christo
2415 5401 2717 5470 explicatur.
2749 5395 2887 5448 Crux
2907 5391 3092 5446 Christi
3122 5390 3357 5458 virga.——
3379 5385 3431 5438 2.
3452 5383 3657 5453 Virgam
3678 5381 3773 5432 tir-

2191 5499 2306 5554 tutis
2335 5509 2432 5550 tua:
2460 5493 2643 5546 emittet
2670 5487 2913 5542 Dominus
2943 5500 3004 5539 ex
3033 5483 3180 5538 Sion.
3209 5479 3419 5549 Virgam
3436 5480 3658 5535 virtutis
3677 5493 3771 5532 seu

2254 5679 2326 5738 (n)
2360 5684 2496 5733 lingu,
2527 5684 2615 5738 non
2642 5669 2912 5738 adumbrat,
2932 5663 3030 5721 vel,
3055 5673 3146 5738 non
3171 5660 3417 5728 obscurat.
3443 5668 3552 5720 qua:
3578 5654 3679 5716 ipsa
3703 5650 3776 5702 le-

2194 5722 2288 5793 ctio
2310 5722 2515 5790 inultum
2541 5735 2737 5783 atl'crt'ct
2764 5732 2872 5780 huic
2897 5729 3002 5776 loco
3023 5722 3356 5775 obscuritatis.
