4114 6278
386 323 496 380 267

387 433 483 487 καὶ
505 431 663 501 ἡμεῖς
691 428 1114 501 ἐπιστεύσαμεν·
1139 429 1232 484 καὶ
1261 429 1417 499 ὑμεῖς
1439 432 1536 502 μὲν
1558 433 1615 486 ἓν
1644 433 1794 497 ἔθνος
1815 434 1960 498 ἐστὲ,

385 516 550 586 ἡμεῖς
566 512 623 564 δὲ
643 512 791 564 πᾶσα
820 513 853 581 ἡ
882 511 1192 582 οἰκουμένη,
1213 512 1306 564 καὶ
1337 511 1478 582 ὑμᾶς
1502 515 1598 584 οὑχ
1619 515 1790 579 οὑτως
1812 515 1964 586 ἔπειτ

391 615 453 651 σε
481 595 740 666 Μωὺσῆς,
763 594 839 658 ὡς
869 596 1016 664 ἡμᾶς
1041 596 1069 646 6
1102 597 1354 666 Χριστός·
1383 598 1475 650 καὶ
1500 599 1566 652 τά
1603 600 1701 669 μὲν
1725 601 1964 670 ὑμέτερα

393 686 686 746 πέπαυται,
720 681 788 735 τὰ
839 683 894 734 δὲ
943 683 1183 753 ἡμέτερα
1229 684 1476 756 ἕστηκεν.
1520 685 1657 739 Ἀλλ’
1695 686 1803 740 ἀπὸ
1862 687 1964 741 τῶν

394 772 782 842 προρῤήσεων;
833 768 994 821 Ἀλλά
1023 769 1190 822 πλείω
1229 771 1296 823 τὰ
1323 773 1450 842 παρ’
1476 774 1623 842 ἡμῖν.
1660 773 1867 827 Οὐκοῦν
1894 774 1964 826 τά

394 858 633 926 ἡμέτερα
666 855 760 907 ἐὰν
789 853 1006 926 ἀνέλῃς,
1037 855 1130 908 καὶ
1155 855 1222 909 τὰ
1245 857 1314 908 σὰ
1341 857 1670 922 συσκιάζεις.
1699 859 1836 911 Ἀλλ’
1856 859 1965 912 ἀπὸ

392 944 499 997 τῶν
534 943 802 1013 σημείων;
846 941 987 994 Ἀλλ’
1018 943 1174 1012 ὑμεῖς
1221 944 1372 996 οὐδὲν
1406 944 1558 1014 ἔχετε
1587 944 1756 1010 δεῖξαι
1793 948 1963 1000 Monii-

392 1032 528 1094 σέως
557 1032 799 1100 σημεῖον·
828 1029 1018 1098 γέγονε
1042 1029 1151 1100 7&9
1182 1031 1276 1083 καὶ
1298 1032 1592 1103 παρῆλθεν·
1619 1036 1778 1104 ἡμεῖς
1797 1034 1852 1088 δὲ
1869 1032 1964 1088 τοῦ

387 1117 625 1187 Χριστοῦ
656 1117 825 1170 πολλὰ
859 1116 952 1170 καὶ
985 1117 1215 1188 διάφορα
1247 1117 1326 1170 ἔτι
1383 1121 1477 1172 καὶ
1525 1121 1620 1174 νῦν
1665 1122 1960 1192 γινόμενα,

388 1203 483 1257 καὶ
514 1204 613 1268 τὰς
644 1205 976 1275 προρρήσεις
999 1204 1139 1275 ὑπὲρ
1171 1205 1262 1257 τὸν
1283 1205 1435 1276 ἥλιον
1459 1207 1796 1278 λαμπούσας.
1824 1207 1962 1261 Ἀλλ’

385 1292 496 1363 ἀπὸ
527 1291 636 1345 τῶν
669 1291 881 1361 νόμων;
921 1291 1080 1344 Ἀλλά
1112 1291 1285 1345 ταῦτα
1331 1293 1758 1366 φιλοσοφώτερα.
1803 1295 1965 1349 Ἀλλὰ

385 1379 477 1444 τίς
516 1379 625 1432 τῶν
653 1379 967 1446 Αἰγυπτίων
997 1379 1311 1433 κωλυόντων
1357 1379 1643 1450 ὲξήλθετε;
1691 1382 1828 1436 Ἀλλ’
1863 1382 1963 1436 οὑκ

385 1468 532 1536 ἐστιν
566 1467 678 1521 ἴσον
709 1469 803 1538 τῆς
835 1467 1158 1539 οἰκουμένης
1193 1469 1534 1540 πολεμούσης
1559 1471 1960 1543 περιγενέσθαι,

383 1556 483 1610 καὶ
515 1557 826 1625 Αἰγυπτίων
854 1557 1030 1627 μόνων
1063 1557 1355 1626 κρατῆσαι.
1389 1559 1499 1612 Kal
1520 1559 1690 1612 ταῦτα
1711 1559 1871 1626 λέγω,
1899 1559 1962 1612 οὑ

389 1643 573 1713 μάχην
603 1645 835 1711 εἰσάγων
862 1646 927 1714 τῇ
962 1643 1176 1713 Παλαιᾷ
1203 1643 1339 1714 πρὸς
1375 1645 1474 1713 τὴν
1507 1647 1734 1715 Καινήν·
1757 1646 1960 1714 ἄπαγε·

383 1729 526 1782 ἀλλά
552 1730 653 1800 τὴν
691 1728 956 1784 Ἰουδαίων
980 1729 1372 1801 ἀγνωμοσύνην
1403 1733 1752 1802 ἐπιστομίσαι
1786 1732 1963 1803 βουλό-

387 1832 574 1886 μενος.
597 1817 706 1870 Καὶ
723 1816 829 1884 γὰρ
849 1818 1034 1869 ἐκεῖνα
1057 1815 1341 1870 καὶταῦτα
1365 1817 1470 1871 ὑπὸ
1490 1818 1581 1871 τοῦ
1601 1818 1734 1871 Θεοῦ
1757 1819 1849 1872 τοῦ
1866 1820 1963 1872 αὑ-

382 1901 483 1956 τοῦ
511 1902 718 1956 δέδοται
745 1903 840 1956 καὶ
865 1903 1176 1972 γεγένηται·
1195 1901 1310 1956 ἀλλ’
1345 1904 1521 1956 ἐκεῖνο
1555 1905 1962 1959 κατασκευάσαι

384 1989 546 2051 θέλω,
569 1990 650 2042 ὅτι
681 1991 710 2042 6
740 1989 991 2051 Ἰουδαῖος
1013 1989 1216 2042 ἀνελὼν
1237 1989 1337 2054 τὰς
1357 1992 1694 2062 προφητείας
1713 1993 1810 2056 τὰς
1834 1993 1963 2064 περὶ

383 2073 644 2148 Χριστοῦ,
672 2075 733 2128 τὸ
781 2074 943 2128 πλέον
981 2075 1090 2128 τῶν
1121 2077 1466 2149 προφητειῶν
1495 2078 1816 2149 λυμαίνεται
1864 2080 1962 2150 μέ-

388 2185 502 2239 ρος,
532 2167 628 2220 καὶ
651 2168 754 2221 οὑκ
777 2169 843 2222 ἂν
870 2168 981 2238 ἔχοι
1009 2167 1178 2234 δεῖξαι
1206 2169 1391 2238 σαφῶς
1415 2168 1514 2240 τὴν
1546 2169 1824 2238 εὐγένειαν
1864 2170 1962 2241 τῆς

384 2256 650 2320 Παλαιᾶς,
686 2258 735 2310 εί
776 2257 850 2327 μὴ
879 2257 977 2328 τὴν
1008 2256 1218 2320 Καινὴν
1260 2257 1645 2328 παραδέξαιτο.
1677 2258 1800 2311 Ὀτι
1820 2258 1876 2311 δὲ
1900 2258 1959 2311 οὑ

383 2344 517 2414 περὶ
545 2343 832 2414 ἀνθρώπου
864 2343 930 2397 τά
965 2344 1228 2415 εἰρημένα
1249 2381 1266 2408 ,
1313 2345 1404 2397 καὶ
1443 2347 1506 2398 ἐκ
1551 2344 1644 2398 τοῦ
1671 2344 1958 2414 λέγεσθαι,

383 2429 584 2486 Κάθου
598 2431 667 2483 ἐκ
682 2429 897 2494 δεξιῶν
909 2448 1050 2500 μου,
1080 2432 1174 2484 καὶ
1193 2432 1258 2483 ὲκ
1273 2431 1365 2484 τοῦ
1385 2431 1588 2504 Κύριον
1605 2433 1962 2502 ὀνομάζεσθαι

382 2520 584 2589 ὁμοίως
605 2519 684 2590 τῷ
701 2517 912 2586 λέγοντι
936 2519 1145 2590 Κυρίῳ,
1173 2520 1267 2572 καὶ
1295 2521 1359 2573 ἐκ
1389 2520 1483 2573 τοῦ
1515 2522 1579 2573 ὲκ
1599 2519 1828 2592 γαστρὸς
1858 2521 1962 2590 πρὸ

385 2607 666 2677 έωσφόρου
698 2605 1027 2676 γεγενῆσθαι
1051 2606 1235 2671 αὑτὸν,
1264 2609 1358 2660 καὶ
1389 2609 1453 2677 ἐκ
1484 2608 1578 2661 τοῦ
1614 2609 1766 2679 ἱερέα
1801 2608 1962 2661 αὑτὸν

386 2695 539 2768 [252]
569 2691 710 2748 εἶναι
740 2694 883 2748 κατά
919 2695 1019 2765 τὴν
1069 2694 1224 2758 τάξιν
1257 2695 1610 2766 Μελχισεδὲκ,
1645 2697 1737 2748 καὶ
1770 2699 1834 2748 ὲκ
1868 2694 1961 2748 τοῦ

383 2783 655 2852 λέγεσθαι.
682 2783 843 2837 Μετὰ
868 2782 984 2837 σοῦ
1018 2784 1056 2852 ἡ
1086 2781 1247 2852 ἀρχή
1290 2796 1438 2848 σου,
1483 2786 1596 2846 τοῖς
1627 2783 1751 2837 νοῦν
1781 2782 1963 2854 ἔχουσι

388 2873 687 2942 κατάδηλόν
723 2873 860 2925 ἐστι.

463 2961 602 3015 Εἰδὲ
619 2960 801 3032 ἕτερος
822 2961 954 3031 ἡμῖν
985 2961 1237 3026 Ἰουδαῖος
1255 2959 1562 3015 ἁνακύπτει
1601 2960 1763 3017 πάλιν
1803 2963 1966 3036 πρόσ-

391 3063 542 3107 ωπον
583 3048 905 3119 Χριστιανοῦ
944 3050 1281 3122 περιφέρων,
1313 3049 1522 3113 Παῦλος
1544 3051 1573 3104 6
1595 3051 1960 3123 Σαμοσατεὺς,

387 3134 552 3204 λέγω.
593 3137 815 3201 δυνατὸν
865 3137 966 3208 μὲν
999 3138 1095 3190 καὶ
1143 3137 1280 3209 πρὸς
1331 3137 1520 3191 τοῦτον
1562 3139 1658 3193 καί⁹
1707 3139 1816 3193 ἀπὸ
1862 3140 1964 3210 τῆς

385 3223 597 3294 Καινῆς
623 3223 820 3292 λέγειν.
867 3225 1015 3296 Πλὴν
1047 3223 1160 3277 ἀλλ’
1209 3225 1296 3278 ἵνα
1339 3224 1412 3297 μὴ
1442 3225 1683 3297 δόξωμεν
1713 3227 1782 3280 τὰ
1819 3243 1963 3297 παρ-

384 3310 517 3364 όντα
565 3311 795 3380 ἀφέντες
842 3312 926 3379 ἐφ’
961 3311 1147 3382 ἕτερον
1189 3311 1352 3383 μέρος
1403 3313 1758 3385 παρατάξεως
1795 3315 1960 3378 ἰέναι,

385 3399 484 3452 καὶ
510 3398 698 3451 τοῦτον
728 3398 976 3452 ἐντεῦθεν
1010 3398 1311 3470 βάλλωμεν.
1336 3399 1400 3452 Τί
1430 3397 1522 3454 οὖν
1556 3401 1650 3454 καὶ
1677 3395 1831 3464 οὗτος
1873 3401 1964 3454 λέ-

381 3502 506 3554 γει;
539 3493 565 3518 ⁸
587 3486 710 3538 Ὅτι
735 3485 1023 3556 ἄνθρωπος
1045 3482 1134 3558 ἦν,
1169 3486 1324 3556 φησί,
1350 3487 1523 3556 ψιλὸς,
1561 3487 1659 3540 καὶ
1681 3487 1740 3552 ἐξ
1774 3482 1835 3542 οὗ
1866 3489 1962 3556 γέ-

383 3589 545 3642 γονεν
579 3575 644 3627 ὲκ
667 3574 905 3644 Μαρίας,
935 3571 995 3638 ἐξ
1025 3572 1232 3626 ἐκείνου
1257 3574 1357 3646 τὴν
1385 3572 1617 3645 ὓπαρξιν
1642 3575 1801 3645 μόνον
1827 3575 1960 3645 ἔχει.

384 3661 455 3713 Τί
486 3655 602 3726 οὖν,
628 3662 750 3716 εἰπέ
787 3679 897 3732 μοι,
942 3661 1079 3732 πρὸς
1111 3661 1327 3731 ἐκείνην
1362 3660 1461 3733 τὴν
1501 3662 1658 3733 ῥῆσιν
1692 3665 1834 3733 ἐρεῖς
1865 3665 1964 3735 τὴν

382 3748 674 3817 λέγουσαν·
692 3750 788 3802 Ἐκ
806 3749 1062 3818 γαστρὸς
1086 3749 1196 3816 πρὸ
1217 3749 1526 3818 ἐωσφόρου
1541 3749 1840 3819 ἐγέννησά
1855 3757 1964 3821 (reg;

385 3838 484 3889 Δεῖ
515 3835 571 3888 δὲ
599 3837 667 3889 τά
699 3834 853 3900 ἄλλα,
889 3834 1034 3906 ἀπερ
1083 3835 1220 3906 πρὸς
1275 3835 1561 3899 Ἰουδαίους
1603 3837 1837 3906 εἴρηται,
1869 3839 1964 3891 καὶ

383 3923 529 3994 πρὸς
564 3923 690 3986 τοὺς
728 3922 836 3975 ἀπὸ
862 3921 1053 3974 τούτου
1092 3923 1284 3976 εἰπεῖν.
1320 3922 1432 3975 Καὶ
1462 3922 1656 3976 τούτου
1681 3924 1778 3994 οὐχ
1803 3927 1964 3995 ἡμεῖς

382 4011 575 4075 αἴτιοι,
629 4009 743 4064 ἀλλ’
787 4010 942 4064 αὑτοὶ
985 4005 1130 4064 οὑτοι
1163 4011 1212 4064 οἰ
1262 4009 1463 4081 πολλὴν
1502 4009 1601 4081 τὴν
1648 4011 1964 4080 συγγένειαν

383 4098 500 4152 τῶν
556 4096 838 4167 δογμάτων
871 4096 1009 4168 πρὸς
1038 4099 1240 4161 αὐτοὺς
1270 4097 1514 4170 ἔχοντες·
1571 4097 1692 4151 ὅθεν
1729 4099 1823 4152 καὶ
1851 4101 1964 4162 τοῖς

385 4187 587 4258 αὐτοῖς
615 4185 799 4250 ὅπλοις
851 4184 994 4240 κατὰ
1020 4185 1224 4240 τούτων
1275 4185 1607 4258 χρησόμεθα.
1673 4185 1811 4249 Τοὺς
1855 4185 1963 4258 γὰρ

385 4257 592 4343 ὁμοίως
621 4272 991 4343 πολεμοῦντας
1029 4274 1142 4337 τοῖς
1179 4257 1363 4336 αὑτοῖς
1398 4271 1576 4343 βέλεσι
1619 4270 1834 4343 βάλλειν
1861 4257 1961 4325 δεῖ.

386 4361 457 4414 Τί
493 4356 588 4414 οῦν
621 4359 867 4430 βούλεται
905 4361 939 4430 ἡ
985 4359 1238 4414 κοινωνία
1277 4358 1371 4412 τοῦ
1427 4359 1656 4431 θρόνου;
1703 4359 1966 4413 Ἐνταῦθα

389 4449 503 4518 7&9
547 4448 610 4501 τὸ
645 4447 904 4518 ὁμότιμον
950 4447 1241 4510 δείκνυται,
1291 4447 1320 4500 6
1351 4447 1598 4511 καὶτοὺς
1642 4447 1711 4500 τά
1753 4447 1963 4518 Ἀρείου

389 4535 722 4607 φρονοῦντας
745 4533 1094 4604 ἐπιστομίσαι
1125 4534 1328 4586 ἱκανόν.
1354 4533 1452 4586 Διά
1475 4533 1635 4587 τοῦτο
1655 4533 1748 4587 καὶ
1777 4535 1805 4586 6
1831 4535 1966 4608 Χρι-

391 4625 517 4687 στὸς
538 4624 675 4694 πρὸς
692 4623 819 4686 τοὺς
835 4622 1116 4683 Ἰουδαίους
1139 4621 1412 4690 λέγοντας,
1438 4623 1520 4675 ὅτι
1543 4623 1659 4686 υίὸς
1685 4622 1780 4676 τοῦ
1805 4623 1966 4677 Δαυῖδ

388 4715 563 4778 ἐστιν,
625 4714 873 4784 ἐπήγαγε
929 4710 1122 4778 λέγων·
1155 4708 1290 4774 Πῶς
1327 4705 1442 4764 οὖν
1485 4709 1668 4765 Δαυῒδ
1689 4710 1760 4764 ἐν
1785 4712 1968 4765 Πνεύ-

382 4817 531 4872 ματι
562 4801 781 4869 Κύριον
811 4797 1000 4852 αὑτὸν
1023 4797 1212 4862 καλεῖ,
1226 4789 1440 4860 λέγων·
1464 4793 1651 4850 Εἶπεν
1684 4799 1717 4850 ό
1751 4799 1968 4865 Κύριος

390 4885 475 4951 τῷ
501 4885 697 4952 Κυρίῳ
727 4897 879 4953 μου·
911 4881 1109 4936 Κάθου
1135 4881 1205 4934 ἐκ
1249 4879 1464 4944 δεξιῶν
1479 4895 1635 4950 μους
1668 4881 1878 4952 Προϊὼν
1909 4881 1967 4935 δὲ

393 4969 605 5023 καὶτὸν
630 4968 760 5037 περὶ
790 4967 889 5036 τῆς
923 4965 1233 5036 οἰκονομίας
1271 4966 1412 5017 κινεῖ
1440 4964 1597 5032 λόγον
1638 4964 1968 5036 σαφέστερον

391 5053 713 5126 ἑρμηνεύων
744 5055 774 5107 6
819 5051 1052 5116 Παῦλος,
1083 5051 1176 5104 καὶ
1203 5049 1493 5120 Μαρκίωνι
1517 5049 1611 5101 καὶ
1643 5049 1964 5121 Μανιχαίῳ,

391 5138 488 5192 καὶ
510 5138 644 5190 πᾶσι
668 5139 780 5200 τοῖς
807 5135 877 5188 τὰ
893 5134 1118 5188 τοιαῦτα
1137 5132 1352 5188 νοσοῦσι
1377 5131 1598 5202 καιρίαν
1623 5131 1807 5186 δίδωσι
1831 5134 1969 5202 πλη-

390 5221 518 5292 γὴν,
535 5221 727 5288 λέγων·
757 5219 1049 5291 ἐρμηνεύει
1077 5217 1183 5290 γάρ
1212 5217 1351 5288 μετά
1375 5218 1477 5288 τῆς
1495 5216 1643 5288 αὑτῷ
1665 5221 1970 5289 προσηκού-

395 5323 497 5376 σης
525 5305 814 5368 συνέσεως,
851 5304 967 5368 πῶς
1009 5305 1231 5373 γέγονεν
1279 5303 1456 5376 ίερεὺς
1500 5303 1642 5356 κατὰ
1679 5304 1779 5374 τὴν
1815 5304 1969 5371 τάξιν

394 5387 960 5460 Μελχισεδέκ.Ἦμεῖς
987 5387 1045 5440 δὲ
1069 5386 1230 5440 πάλιν
1277 5387 1370 5440 ἐπὶ
1393 5387 1454 5440 τὸ
1480 5387 1838 5459 προκείμενον
1872 5390 1970 5441 ἐπ-

393 5472 656 5540 ανίωμεν.
687 5467 871 5527 Εἶπεν
893 5473 925 5524 ὁ
950 5471 1164 5538 Κύριος
1188 5469 1267 5536 τῷ
1293 5469 1485 5537 Κυρίῳ
1503 5485 1649 5539 μου·
1679 5470 1878 5526 Κάθου
1901 5473 1970 5526 ἐκ

395 5555 612 5621 δεξιῶν
638 5574 777 5625 μου.
812 5551 964 5618 Εἶδες
999 5556 1061 5608 τὸ
1083 5555 1566 5626 ὁμότιμον;”οπου
1605 5555 1714 5627 γὰρ
1758 5554 1966 5628 θρόνος,

457 5701 476 5726 ⁸
500 5702 926 5776 Circadgoclringm
950 5705 1104 5776 .Pauli
1144 5705 1447 5757 Samosalcni
1500 5711 1674 5768 agetur
1698 5707 1756 5758 ad
1785 5707 1969 5756 calcem

397 5778 606 5830 operum
627 5767 978 5830 Chrysoslumi.

1487 322 1858 377 EXl’Uoinu
1897 344 1962 376 ιιι
2005 345 2022 376 ι
2049 339 2335 380 οιιιιπυω
2381 332 2518 381 UA.

3529 320 3636 378 268

2074 435 2350 504 βασιλείας
2388 437 2652 508 σύμϐολον
2677 455 2689 468 ·
2751 439 2885 492 ὅπου
2929 437 3115 509 θρόνος
3154 431 3256 504 εἷς,
3310 438 3413 508 τῆς
3467 439 3640 509 αὐτῆς

2073 523 2347 593 βασιλείας
2382 525 2412 564 ι)
2464 525 2720 595 ἰσοτιμία.
2775 525 2866 579 Διὸ
2929 528 3023 578 καὶ
3081 527 3109 579 6
3154 523 3363 588 Παῦλος
3412 525 3637 594 ἔλεγεν·

2083 611 2136 662 '0
2166 611 2351 666 ποιῶν
2381 613 2522 680 τοὺς
2575 613 2869 684 ἀγγέλους
2916 613 3102 668 αὐτοῦ
3148 614 3484 682 πνεύματα,
3538 613 3636 666 καὶ

2069 695 2210 762 τοὺς
2233 699 2618 768 λειτουργοὺς
2661 700 2847 754 αὑτοῦ
2881 699 3072 767 πυρὸς
3118 700 3333 769 φλόγα.
3379 699 3536 766 Πρὸς
3569 697 3640 751 δὲ

2069 783 2175 836 τὸν
2215 786 2370 838 ΥΙόν·
2412 787 2474 840 '0
2504 788 2716 854 θρόνος
2760 801 2896 852 σου,
2933 789 2966 840 ό
3001 786 3164 852 Θεὸς,
3201 789 3289 854 εἰς
3319 787 3428 840 τὸν
3455 783 3643 840 αἰῶνα

2068 872 2175 926 τοῦ
2225 873 2455 941 αἰῶνος.
2490 875 2645 930 Οὕτω
2685 877 2776 930 καὶ
2814 875 3012 948 Δανιὴλ
3047 875 3152 946 ὁρᾷ
3197 875 3293 946 τὴν
3323 876 3422 944 μὲν
3462 874 3640 927 κτίσιν

2070 958 2287 1015 ἃπασαν
2318 964 2696 1032 παρεστῶσαν,
2720 963 2988 1032 ἀγγέλους
3025 979 3083 1016 τε
3114 962 3206 1014 καὶ
3245 961 3638 1033 ἁρχαγγέλους,

2066 1046 2160 1099 τὸν
2187 1046 2244 1100 δὲ
2277 1047 2404 1101 Υίὸν
2429 1050 2522 1102 τοῦ
2557 1049 2845 1116 ἀνθρώπου
2883 1050 3174 1121 ἐρχόμενον
3207 1049 3298 1102 ἐπὶ
3327 1048 3436 1101 τῶν
3480 1065 3641 1117 νεφε-

2068 1132 2213 1200 λῶν,
2275 1137 2372 1189 καὶ
2415 1137 2685 1205 φθάνοντα
2739 1136 2844 1201 ἕως
2899 1136 2990 1192 τοῦ
3037 1136 3272 1191 Παλαιοῦ
3334 1136 3444 1190 τῶν
3497 1137 3638 1206 ἡμεο

2072 1221 2201 1292 ρῶν.
2260 1223 2322 1275 Εἰ
2374 1223 2431 1276 δὲ
2478 1223 2540 1277 τὸ
2591 1223 2764 1288 οὕτως
2821 1226 2996 1279 εἰπεῖν
3054 1223 3391 1288 σκανδαλίζει
3452 1223 3637 1287 τινὰς,

2067 1309 2411 1363 άκουέτωσαν
2443 1311 2523 1364 ὅτι
2563 1313 2627 1366 ὲκ
2653 1311 2843 1378 δεξιῶν
2881 1310 3137 1383 κάθηται,
3185 1311 3278 1364 καὶ
3307 1309 3643 1363 ἀπαλλαττέ-

2071 1394 2284 1448 σθωσαν
2316 1396 2410 1449 τοῦ
2443 1397 2759 1452 σκανδάλου.
2819 1399 3030 1470 ’Ὠσπερ
3072 1399 3180 1469 7&9
3225 1399 3382 1468 ἡμεῖς
3420 1396 3642 1466 μείζονα

2067 1482 2230 1536 αὑτὸν
2255 1483 2348 1537 τοῦ
2378 1485 2591 1556 Πατρὸς
2612 1487 2673 1538 οὑ
2704 1486 2934 1558 λέγομεν
2955 1527 2970 1552 ,
2996 1484 3185 1556 ἐπειδὴ
3222 1485 3322 1554 τὴν
3355 1485 3419 1537 ἐκ
3450 1482 3641 1547 δεξιῶν

2067 1569 2179 1638 ἔχει
2201 1571 2469 1642 καθέδραν
2492 1573 2592 1644 τὴν
2619 1573 2972 1644 ἐντιμοτάτην
2988 1589 3000 1602 ·
3024 1571 3167 1626 οὑτω
3191 1572 3326 1642 μηδὲ
3347 1571 3412 1624 σὺ
3434 1570 3644 1624 ἐλάττω

2066 1659 2191 1728 λέγε
2216 1661 2308 1713 καὶ
2335 1661 2771 1733 καταδεέστερον,
2793 1663 2907 1715 ἀλλ’
2929 1662 3185 1732 ὁμότιμον
3207 1662 3302 1714 καὶ
3323 1659 3454 1714 ἴσον.
3469 1656 3652 1711 Τοῦτο.

2066 1747 2173 1819 7&9
2198 1749 2230 1819 ἡ
2263 1749 2514 1802 κοινωνία
2533 1749 2634 1820 τῆς
2662 1749 2924 1820 καθέδρας
2948 1749 3275 1819 δηλοῖ.’Έως
3301 1748 3376 1802 ἂν
3395 1743 3476 1800 θῶ
3496 1743 3643 1811 τοὺς

2065 1834 2319 1904 ἐχθρούς
2341 1852 2458 1891 σου
2479 1835 2815 1890 ὑποπόδιον
2833 1835 2953 1889 τῶν
2977 1834 3178 1889 ποδῶν
3201 1849 3339 1888 σου.
3359 1833 3471 1885 Καὶ
3497 1829 3654 1894 τίνες.

2066 1923 2115 1976 οἰ
2166 1923 2398 1994 ἐχθροί;
2450 1925 2713 1977 Ἀκουσον
2762 1923 2974 1977 Παύλου
3033 1921 3279 1990 λέγοντος
3314 1935 3328 1950 ⁶
3381 1916 3653 1988 Ἆπαρχή,

2065 2011 2350 2078 Χριστός·
2380 2012 2583 2066 ἔπειτα
2613 2014 2668 2064 οὶ
2704 2010 2810 2064 τοῦ
2847 2009 3096 2079 Χριστοῦ
3125 2009 3197 2062 ἐν
3224 2006 3300 2075 τῇ
3335 1996 3644 2074 παρουσία

2065 2096 2252 2150 αὐτοῦ
2272 2138 2288 2162 ,
2315 2094 2443 2152 εἷτα
2475 2099 2538 2152 τὸ
2569 2098 2762 2162 τέλος.
2799 2097 2900 2151 Δεῖ
2921 2098 3030 2166 τὰρ
3065 2093 3640 2160 αὑτόνβασιλεύειν,

2065 2184 2239 2252 ἄχρις
2262 2180 2336 2240 οὗ
2369 2185 2447 2238 ἂν
2476 2186 2553 2254 θῇ
2585 2185 2816 2252 πάντας
2849 2184 2992 2252 τοὺς
3017 2183 3270 2254 ἐχθροὺς
3305 2181 3492 2238 αὑτοῦ
3519 2177 3656 2235 ὑπὸ.

2065 2273 2208 2339 τοὺς
2231 2273 2422 2340 πόδας
2446 2275 2652 2329 αὐτοῦ.

2127 2362 2196 2431 γ’.
2248 2357 2403 2426 Εἶδες
2442 2361 2794 2433 προφητικῶν
2835 2361 2930 2416 καὶ
2967 2357 3339 2414 ἀποστολικῶν
3381 2355 3657 2430 ῥημάτων

2068 2446 2385 2515 συμφωνίαν
2402 2462 2416 2512 ;
2431 2447 2538 2498 Καὶ
2551 2445 2660 2517 γὰρ
2681 2447 2798 2498 ἐκεῖ
2813 2445 2911 2516 μέν
2932 2444 3278 2516 φησιν,”Εως
3296 2441 3373 2494 ἂν
3396 2439 3476 2493 θῶ
3499 2438 3645 2504 τοὺς

2069 2531 2219 2607 [255]
2247 2533 2498 2600 ἐχθρούς
2519 2548 2636 2587 σου
2665 2532 2998 2587 ὑποπόδιον
3022 2528 3142 2584 τῶν
3168 2526 3371 2582 ποδῶν
3387 2541 3526 2581 σου·
3556 2527 3646 2579 ὲν-

2065 2621 2239 2676 ταῦθα
2252 2621 2545 2691 δὲ,¹Ἀχρις
2573 2617 2645 2676 οὗ
2665 2619 2742 2675 ἂν
2755 2618 2831 2690 θῇ
2843 2619 3074 2686 πάντας
3097 2617 3239 2682 τοὺς
3261 2614 3514 2685 ἐχθροὺς
3530 2615 3642 2669 αὐ-

2066 2703 2192 2758 τοῦ.
2222 2701 2354 2757 Ἀλλ’
2372 2703 2493 2757 οὔτε
2524 2706 2642 2757 ἐκεῖ
2659 2705 2719 2757 τὸ
2740 2705 2917 2770 Ἕως,
2937 2701 3061 2756 οὔτε
3077 2699 3308 2754 ἐνταῦθα
3323 2699 3383 2750 τὸ
3396 2697 3662 2766 Μέχρις,“

2067 2790 2277 2861 χρόνων
2307 2791 2420 2862 ὅροι
2455 2790 2613 2847 εἰσίν.
2661 2791 2814 2844 Ἐπεὶ
2840 2790 2956 2854 πῶς
2987 2791 3187 2862 ἔστηκε
3219 2786 3282 2840 τὸ
3307 2787 3664 2858 προφητικὺν’

2067 2879 2262 2944 ἐκεῖνο,
2297 2877 2358 2932 τὸ
2386 2878 2573 2948 λέγον·
2609 2875 2682 2933 Ἢ
2704 2877 2958 2942 ἐξουσία
2983 2877 3170 2932 αὐτοῦ
3189 2915 3205 2942 ,
3233 2877 3485 2942 ἐξουσία
3503 2873 3643 2927 αἰὼ-

2066 2984 2231 3034 νιος,
2261 2966 2359 3020 καὶ
2400 2967 2439 3034 ἠ
2485 2967 2775 3032 ,ϐασιλεία
2817 2965 3040 3031 αὑτοῦ,
3064 2964 3358 3029 ,βασιλεία
3400 2963 3534 3032 ἣτις
3567 2961 3642 3016 οὐ

2067 3059 2539 3128 διαφθαρήσεται
2565 3097 2581 3120 ,
2628 3056 2728 3111 καὶ
2770 3055 2882 3126 τῆς
2924 3055 3248 3122 ,βασιλείας
3297 3052 3483 3108 αὐτοῦ
3530 3053 3667 3125 οὐκῤ

2067 3147 2242 3201 ἕσται
2269 3147 2462 3214 τέλος,
2509 3147 2560 3199 εί
2585 3163 2649 3214 γε
2682 3145 2843 3217 μέχρι
2870 3144 3076 3197 τούτων
3098 3142 3279 3215 μέλλει
3306 3139 3667 3212 βασιλεύεινςζ

2081 3231 2244 3306 Ὁρᾷς
2260 3277 2272 3296 ,
2306 3236 2386 3288 ὅτι
2412 3235 2474 3289 οὑ
2499 3236 2616 3298 ταῖς
2642 3233 2816 3298 λέξεσι
2837 3232 2918 3286 δεῖ
2947 3231 3231 3302 προσέχειν
3259 3229 3445 3293 ἁπλῶς
3465 3272 3482 3296 ,
3506 3227 3668 3293 ἀλλὰ,

2069 3324 2206 3394 πρὸς
2236 3323 2305 3377 τὰ
2333 3325 2580 3394 νοήματα
2600 3323 2806 3377 ἀνιέναι
2831 3337 2846 3386 ;
2877 3319 2954 3374 Σὺν
2974 3320 3031 3372 δὲ
3064 3317 3277 3372 ἀκούων
3308 3317 3401 3371 τοῦ
3424 3318 3666 3390 Προφή-·

2067 3429 2162 3465 του
2193 3412 2473 3480 λέγοντος,
2513 3412 2594 3464 ὅτι
2640 3411 2669 3463 6
2700 3409 2889 3480 Πατὴρ
2920 3408 3132 3480 τίθησιν
3160 3405 3266 3460 ὑπὸ
3291 3405 3418 3470 τοὺς
3451 3405 3671 3474 πόδας,,

2072 3499 2236 3570 μηδὲν
2272 3497 2504 3551 ἐνταῦθα
2533 3495 2861 3568 θορυϐηθῇς.
2903 3496 3038 3550 Οὑδὶ
3064 3496 3172 3566 γὰρ
3207 3494 3283 3557 ώς
3321 3491 3671 3567 ἀτονοῦντοςί

2067 3587 2162 3641 τοῦ
2190 3587 2386 3650 Παιδὸς
2427 3585 2602 3638 ταῦτα
2631 3586 2866 3656 εἴρηται.
2908 3583 2968 3638 Ὀ
3001 3584 3111 3655 γὰρ
3139 3581 3348 3644 Παῦλος
3371 3581 3533 3636 αὑτὸν
3559 3598 3642 3634 τι-
3665 3641 3669 3646 λ

2071 3675 2220 3730 θέναι
2242 3675 2368 3736 τοὺς
2397 3673 2624 3744 ἐχθροὺς
2663 3671 2768 3724 ὑπὸ
2793 3671 2919 3734 τοὺς
2943 3671 3109 3734 πόδας
3133 3669 3297 3723 αὑτοῦ
3329 3669 3505 3736 λέγει·
3545 3667 3670 3728 Δεῖε

2067 3764 2180 3833 γὰρ
2227 3761 2414 3817 αὐτὸν
2453 3761 2812 3825 βασιλεύειν
2838 3799 2854 3823 ,
2899 3757 3074 3826 ἄχρις
3125 3753 3198 3812 οὗ
3245 3755 3322 3810 ἂν
3363 3756 3440 3826 θῇ
3500 3756 3672 3823 τοὺς·

2067 3851 2319 3921 ἐχθροὺς
2345 3850 2463 3904 ὑπὸ
2496 3847 2638 3913 τοὺς
2669 3849 2858 3912 πόδας
2886 3845 3093 3902 αὑτοῦ.
3117 3846 3228 3902 Kal
3255 3845 3417 3898 πάλιν
3444 3843 3506 3897 τὸ
3533 3845 3671 3898 πᾶν·

2068 3937 2218 4009 αὑτῷ
2239 3936 2526 4006 ἀνατίθησι
2565 3935 2769 4002 λέγων·
2803 3935 2986 3987 ’Ὅταν
3033 3931 3277 4002 παραδῷ
3303 3932 3420 3999 τὴν
3453 3931 3638 3994 ﬁam,-
3665 3955 3674 3966 ο

2066 4026 2242 4083 λείαν
2266 4023 2347 4090 τῷ
2372 4023 2494 4087 Θεῷ
2511 4022 2610 4076 καὶ
2635 4020 2837 4089 Πατρί,
2878 4020 3025 4074 ὅταν
3049 4020 3397 4088 καταργήσῃ
3428 4015 3640 4073 πᾶσαν
3664 4071 3668 4078 ,

2067 4112 2361 4180 ἐξουσίαν
2395 4111 2492 4164 καὶ
2522 4109 2800 4178 δύναμιν.
2835 4107 3144 4173 Τουτέστιν,
3172 4106 3300 4160 ὅταν
3321 4103 3672 4178 κατορθώσῃ·

2067 4201 2170 4274 τὴν
2218 4197 2492 4270 βασιλείαν
2517 4237 2534 4263 ,
2561 4195 2761 4250 παύσει
2790 4196 2970 4249 πᾶσαν
3018 4194 3286 4260 ἐξουσίαν.
3319 4193 3490 4245 Τοῦτο
3533 4193 3644 4262 γάρ

2070 4291 2186 4343 ἑστι
2207 4287 2268 4341 τὸ
2295 4283 2688 4354 Καταργήσει.
2737 4283 2812 4336 T6
2845 4283 2954 4334 πᾶν
2978 4281 3035 4334 δὲ
3065 4279 3230 4334 αὑτοῦ
3253 4281 3429 4349 λέγων
3473 4275 3640 4344 εἶναι,

2069 4379 2170 4432 οὑκ
2198 4375 2530 4446 ὰποχωρίζει
2552 4383 2575 4412 ο
2605 4371 2771 4425 αὑτοῦ
2802 4371 2894 4423 τὸν
2916 4368 3156 4442 Πατέρα,
3186 4368 3374 4442 ὥσπερ
3396 4368 3518 4422 οὑδὲ
3545 4366 3642 4422 τοῦ
3670 4370 3674 4374 ’

2070 4463 2282 4536 Πατρὸς
2310 4465 2508 4534 διαιρεῖ
2533 4461 2626 4515 τὸν
2647 4460 2796 4513 Υἰόν.
2817 4459 2929 4512 Kal
2947 4459 3056 4530 7&9
3079 4456 3149 4510 τά
3175 4457 3403 4518 ἐκείνου,
3425 4455 3640 4510 τούτου·

2069 4553 2164 4606 καὶ
2194 4551 2261 4605 τά
2295 4550 2486 4603 τούτου
2517 4589 2532 4614 ,
2578 4547 2808 4602 ἐκείνου.
2849 4546 2940 4599 Διὸ
2986 4546 3078 4600 καί
3113 4561 3244 4616 φησι
3267 4561 3282 4578 ·
3315 4539 3520 4598 Πάντα
3569 4543 3646 4598 τὰ

2068 4640 2183 4710 ἐμὰ
2207 4638 2292 4693 σά
2314 4639 2466 4704 ἐστι,
2495 4635 2596 4690 καί
2624 4635 2698 4688 τὰ
2726 4634 2808 4688 σὰ
2838 4632 2967 4703 ἐμά.
2983 4633 3151 4685 Ὅταν
3176 4632 3353 4685 τοίνυν
3380 4631 3643 4704 ἀκούσῃς.

2071 4729 2154 4782 ὃτι
2183 4731 2211 4782 6
2239 4726 2428 4797 Πατὴρ
2455 4722 2690 4788 ὑπέταξε
2713 4763 2728 4788 ,
2759 4722 2834 4793 μὴ
2884 4720 3082 4786 ἔξωθεν
3127 4718 3265 4774 εἶναι
3293 4721 3519 4793 νομίσῃς
3550 4721 3648 4774 τὸν

2073 4817 2198 4872 Υἰὺν
2220 4815 2311 4869 τοῦ
2338 4811 2787 4885 κατορθώματος·
2829 4810 2892 4864 ἄν
2915 4827 2974 4862 τε
2997 4809 3302 4883 μανθάνῃς,
3341 4811 3421 4864 ὃτι
3455 4811 3484 4860 ὁ
3515 4809 3649 4872 Υἰὸς

2072 4903 2324 4969 ὑπέταξε,
2351 4902 2425 4973 μὴ
2451 4902 2725 4971 ἀλλότριον
2746 4894 2884 4952 εἶναι
2907 4898 3032 4967 λέγε
3057 4898 3148 4950 τὸν
3175 4898 3391 4966 Πατέρα
3417 4895 3647 4948 τούτων.

2072 4993 2246 5047 Κοινὰ
2289 4991 2396 5062 γὰρ
2442 4990 2510 5042 τὰ
2540 4986 2965 5058 κατορθώματα,
3010 4985 3198 5056 ὥσπερ
3226 4984 3319 5037 καὶ
3351 4983 3525 5036 πάντα
3573 4981 3650 5034 τὰ

2074 5084 2208 5155 ἔργα
2241 5083 2414 5136 κοινά.
2463 5078 2709 5135 Ῥάόδον
2749 5075 3056 5148 δυνάμεώς
3087 5091 3205 5128 σου
3249 5068 3649 5136 ἐξαποστελεὶ

2074 5173 2288 5242 Κύριος
2319 5170 2388 5227 ἐκ
2414 5167 2583 5222 Σιών.

2151 5258 2372 5313 Ῥάδδον
2409 5256 2688 5323 δυνάμεως
2730 5250 2827 5321 τὴν
2875 5248 3101 5318 δύναμιν
3154 5246 3321 5314 αὑτήν
3349 5262 3500 5316 φησι.
3526 5243 3650 5315 Τῆς

2073 5349 2128 5402 δὲ
2166 5346 2304 5399 Σιὼν
2356 5343 2661 5414 μέμνηται,
2711 5337 2914 5405 ἐπειδὴ·
2937 5337 3144 5387 ἐκεῖθεν
3179 5331 3353 5403 ἀρχὴν
3382 5330 3542 5384 ἔλαὸε
3570 5330 3650 5386 τὰ

2075 5433 2488 5506 κατορθώματα.
2539 5428 2682 5480 Ἑκεί
2712 5426 2818 5495 7&9
2857 5422 2948 5475 ml
2975 5423 3066 5474 τὸν
3089 5419 3251 5491 νόμον
3277 5419 3496 5486 ἔδωκεν,
3523 5421 3644 5475 ἐκεὶ

2134 5643 2162 5682 b
2186 5637 2342 5687 Verba
2367 5634 2662 5698 661L66?.ov._..
2689 5630 2945 5698 βασιλείας,
2982 5630 3030 5679 in
3056 5628 3222 5698 Monll‘.
3246 5630 3418 5681 omissa
3439 5633 3647 5695 propter.

2074 5693 2480 5764 ὁμοιοτὲλευτονθ
2501 5695 2646 5742 Sani.
2680 5701 2734 5741 el.
2759 5693 2925 5744 Morel.
2957 5693 3183 5755 suppleta
3205 5697 3337 5741 sunt.

2137 5768 2159 5796 ε
2183 5766 2306 5826 Heg.
2342 5759 2428 5808 οὐκ
2451 5756 2726 5812 ἐπισκιάζει.
