4114 6278
492 307 600 365 269

491 428 562 481 τά
592 425 844 496 θαύματα
869 423 1161 494 εἰργάσατο
1185 439 1197 452 ·
1234 423 1444 477 ἐκεῖθεν
1477 422 1781 495 ἀρξάμενον
1806 424 1866 476 1b
1891 426 2063 494 κήρυ-

493 533 612 586 γμα
638 511 913 580 πανταχοῦ
940 511 1038 580 τῆς
1067 509 1390 580 οἰκουμένης
1418 508 1670 579 ἐξετάθη.
1710 509 1773 562 Εἰ
1803 510 1860 563 δέ
1890 509 2067 579 βούλει

495 602 636 658 κατά
661 599 949 669 ἀναγωγὴν
971 597 1033 649 τὸ
1066 595 1353 668 εἰρημένον
1378 594 1651 659 ἐκλαϐεῖν,
1679 594 1910 648 άκουσον
1929 595 2069 650 Παύο

495 689 588 740 λου
612 688 879 754 λέγοντοςσ
921 681 1095 738 Ἀλλὰ
1119 681 1614 749 προσεληλύθατε
1633 679 1785 734 Σιὼν
1806 679 1946 748 ὄρει,
1970 678 2069 733 καί

495 770 666 824 πόλει
701 767 848 822 Θεοῦ
883 764 1118 830 ζῶντος,
1166 763 1550 832 Ἰερουσαλὴμ
1579 763 1933 830 ἐπουρανίῳ,
1968 761 2069 816 καί

511 850 833 918 Ἐκκλησία
865 847 1273 916 πρωτοτόκων.
1317 845 1557 899 Ῥάϐδον
1600 843 1908 914 δυνάμεώς
1952 861 2070 898 σου

497 929 894 996 ἐξαποστελεῖ
918 928 1131 996 Κύριος
1154 928 1223 980 ἐκ
1259 924 1430 979 Σιών.
1485 925 1549 977 Ἦ
1585 924 1778 994 ῥάϐδος
1812 924 1942 976 ποτὲ
1973 922 2072 994 μὲν

499 1013 792 1082 κολαστική
817 1014 932 1065 ἐστι
955 1011 1048 1064 καὶ
1078 1007 1414 1079 εὐεργετικὴ,
1437 1007 1568 1059 ποτὲ
1586 1006 1644 1058 δέ
1667 1005 2069 1077 παρακλητικὴ,

498 1079 595 1150 καὶ
644 1079 918 1166 βασιλείας
980 1091 1266 1162 σύμϐολον.
1315 1089 1426 1144 Καὶ¹
1468 1091 1550 1144 ὅτι
1610 1089 1848 1160 ἑκάτερά
1900 1090 2069 1153 ἐστιν,

500 1181 730 1249 ᾇκουσον
763 1177 857 1232 τοῦ
903 1177 1189 1249 Προφήτου
1221 1174 1468 1242 λέγοντος
1494 1189 1510 1204 ⁸
1568 1172 1640 1227 Ἠ
1664 1172 1891 1240 ῥάϐδος
1931 1189 2067 1239 σου,

501 1263 600 1316 καί
623 1265 660 1332 ἡ
685 1262 986 1329 βακτηρία
1011 1275 1147 1322 σου,
1177 1253 1355 1313 αὗται
1380 1273 1458 1325 με
1489 1255 1932 1323 παρεκάλεσαν.
1963 1256 2072 1309 Καὶ

502 1345 693 1399 πάλιν·
725 1342 1034 1414 Ποιμανεῖς
1079 1341 1302 1406 αὐτοὺς
1345 1341 1416 1394 ἐν
1456 1339 1657 1407 ῥάϐδῳ
1705 1337 1962 1406 σιδηρᾷ·
1993 1339 2074 1405 ὡς

502 1430 692 1495 σκεύη
717 1427 1012 1496 κεραμέως
1048 1425 1400 1493 συντρίψεις
1432 1422 1673 1488 αὐτούς.
1709 1421 1818 1475 Καὶ
1862 1423 1891 1474 ὁ
1921 1421 2073 1475 Παῦ-

501 1512 592 1576 λος
615 1529 628 1542 ·
662 1512 720 1564 Τί
741 1510 984 1572 θέλετες
1014 1511 1085 1562 ἐν
1115 1507 1315 1575 ῥάϐδῳ
1355 1505 1508 1560 ἔλθω
1550 1504 1700 1572 πρὸς
1726 1503 1880 1573 ὑμᾶς
1897 1542 1914 1568 ,
1941 1504 1980 1573 ἣ
2004 1505 2075 1558 ἐν

502 1595 702 1662 ἀγάπῃ
742 1592 1035 1663 πνεύματι
1084 1609 1148 1645 τε
1179 1591 1549 1658 πραότητος;
1582 1583 1735 1651 Εἶδες
1791 1587 1909 1649 πῶς
1957 1589 2074 1640 ἐστι

503 1679 867 1742 παιδεύσεως·
907 1677 1070 1746 βλέπε
1122 1675 1238 1737 πῶς
1285 1673 1378 1726 καὶ
1434 1671 1733 1741 βασιλείας.
1760 1670 1922 1736 Λέγει
1965 1669 2075 1740 γὰρ

514 1762 767 1823 Ἡσαΐαςο
817 1760 1230 1824 Ἐξελεύσεται
1249 1754 1471 1824 ῥάϐδος
1505 1753 1574 1806 ἐκ
1600 1751 1710 1821 τῆς
1724 1752 1896 1827 ῥίζης
1939 1753 2079 1806 Ἰεσο

501 1845 631 1907 σαὶ,
665 1843 765 1897 καὶ
790 1843 969 1906 ἄνθος
1002 1841 1072 1893 ἐκ
1113 1838 1224 1907 τῆς
1248 1837 1414 1906 ῥίζης
1457 1833 1643 1903 αὐτῆς
1679 1833 2037 1901 ἀναϐήσεται
2058 1850 2078 1864 ο

505 1929 601 1980 καὶ
631 1930 659 1980 ό
677 1925 838 1980 Δαυῒδ
855 1943 867 1954 ·
905 1924 968 1977 '0
998 1921 1211 1990 θρόνος
1236 1936 1374 1984 σου,
1399 1919 1590 1986 όΘεός
1609 1957 1624 1983 ,
1644 1921 1730 1984 εἰς
1758 1917 1866 1970 τὸν
1892 1917 2079 1970 αἰῶνα

507 2009 614 2064 τοῦ
655 2007 872 2075 αἰῶνος
896 2023 910 2037 ·
943 2005 1168 2075 ῥάϐδος
1214 2005 1541 2071 εὐθύτητος
1565 2040 1579 2064 ,
1622 2002 1661 2069 η
1697 1999 1919 2068 ῥάϐδος
1965 1998 2079 2067 τῆς

503 2093 828 2158 ,βασιλείας
859 2105 997 2144 σου.
1040 2088 1151 2158 Τὴν
1203 2087 1302 2156 μέν
1349 2084 1575 2156 δύναμιν
1613 2083 1843 2136 ἐνταῦθα
1885 2081 2078 2153 ῥάϐδον

508 2177 768 2238 ἐκάλεσε,
815 2174 932 2245 μεθ’
969 2167 1038 2245 ἧς
1077 2173 1127 2224 οἰ
1161 2169 1399 2240 μαθηταὶ
1430 2168 1528 2237 τὴν
1569 2165 1888 2236 οἰκουμένην
1920 2166 2078 2236 περι-

509 2263 751 2334 έτρεχον,
778 2259 882 2332 ἤθη
907 2256 1261 2326 διορθοῦντες,
1292 2254 1385 2308 καὶ
1415 2252 1474 2317 ἐξ
1496 2251 1691 2320 ἀλόγου
1712 2251 1856 2334 τινὸς
1883 2250 2080 2334 κακίας

507 2332 604 2399 ἐπὶ
626 2343 848 2412 λογικὴν
878 2341 1029 2413 [εει]
1055 2341 1278 2408 ἄγοντες
1303 2337 1399 2407 τὴν
1426 2336 1533 2388 τῶν
1567 2332 1868 2404 ἀνθρώπων
1897 2332 2077 2400 φύσιν.

508 2428 909 2496 Πορευθέντες
941 2424 1080 2494 γάρ,
1125 2423 1292 2492 φησὶ,
1329 2420 1742 2489 μαθητεύσατε
1791 2415 1986 2470 πάντα
2010 2415 2082 2469 τὰ

511 2513 680 2578 ἔθνη.
702 2507 834 2580 Εἶχε
863 2507 957 2561 κιιιλ⁵
990 2505 1227 2575 Μωῦσῆς
1257 2503 1469 2575 ῥάϐδον,
1499 2502 1612 2555 ἀλλ’
1640 2501 1916 2572 ἐνέργειαν
1946 2499 2081 2552 Θεοῦ

511 2593 834 2662 δεξάμενος,
863 2590 927 2642 δι’
954 2584 1260 2660 ἦς’ἐνήργει
1285 2588 1342 2639 ἐν
1373 2585 1564 2640 ἅπασι.
1594 2584 1835 2654 Κάκείνη
1867 2582 1965 2653 μέν
1992 2599 2086 2635 πο-

510 2677 720 2744 ταμοὺς
748 2673 958 2737 διεῖλεν,
990 2670 1127 2742 αὕτη
1159 2669 1216 2722 δέ
1235 2669 1334 2740 τῆς
1361 2667 1683 2738 οἰκουμένης
1706 2667 1805 2738 τὴν
1831 2666 2083 2720 ἀσέϐειαν

512 2760 762 2835 ερῥηξεν.
790 2760 904 2813 Οὐκ
953 2757 1016 2811 ἄν
1053 2773 1139 2820 τις
1191 2754 1248 2807 δέ
1302 2754 1535 2824 ἁμάρτοι
1570 2752 1664 2806 καὶ
1712 2753 1805 2805 τὸν
1851 2751 2083 2835 σταυρὸν

517 2834 710 2920 ῥάϐδον
744 2843 1022 2912 δυνάμεως
1050 2839 1238 2893 εἰπὼν.
1266 2838 1414 2907 Αὕτη
1441 2837 1549 2909 γάρ
1576 2839 1610 2908 ἡ
1642 2836 1834 2920 ῥάϐδος
1861 2837 1963 2920 γῆν
1991 2834 2084 2887 καὶ

516 2919 781 2984 θάλατταν
803 2921 1124 2992 ἐπέστρεψε,
1150 2923 1244 2974 καὶ
1269 2921 1548 2990 δυνάμεως
1573 2919 1773 2989 πολλῆς
1795 2919 2081 2989 ἐνέπλησε.

515 3013 673 3069 Μετὰ
709 3009 913 3078 ταύτης
940 3004 1162 3074 ἐξῆλθον
1195 3003 1293 3073 τῆς
1325 3002 1518 3074 ῥάϐδου
1557 3001 1832 3072 πανταχοῦ
1865 3001 1964 3071 τῆς
2003 3003 2084 3055 οἱ-

516 3096 790 3166 κουμένης
817 3094 865 3144 οἱ
889 3088 1195 3150 ἀπόστολοι,
1223 3086 1316 3139 καὶ
1343 3086 1518 3139 πάντα
1541 3085 1724 3137 ἐκεῖνα
1744 3084 2084 3154 εἰργάσαντο.

516 3179 735 3249 Ταύτην
760 3175 1142 3246 ἐπιφερόμενοι
1171 3170 1348 3224 πάντα
1373 3169 1553 3238 ἤνυον,
1577 3167 1831 3227 λαϐόντες
1857 3167 1958 3238 τὴν
1988 3170 2090 3239 ἀρ.

517 3253 621 3337 χὴν
661 3261 768 3317 ἀπὸ
817 3256 1190 3331 Ἰερουσαλήμ.
1230 3252 1341 3307 Καὶ
1392 3251 1778 3337 κατακυρίεύε
1919 3252 2088 3337 μέσῳ

518 3334 642 3403 τῶν
664 3342 893 3415 ἐχθρῶν
924 3355 1063 3395 σου.
1098 3339 1238 3408 Ὅρα
1270 3334 1608 3414 προφητείαν
1649 3335 1789 3406 ὑπὲρ
1820 3335 1912 3390 τὸν
1939 3336 2090 3405 ἥλιον

517 3430 948 3498 διαλάμπουσαν.
979 3422 1044 3475 Τί
1065 3421 1123 3474 δέ
1143 3423 1258 3472 ἐστι
1279 3419 1340 3471 τὺ
1357 3457 1372 3481 ,
1406 3417 1806 3485 Κατακυρίευε
1834 3418 1904 3471 ἐν
1921 3419 2091 3488 μέσῳ

520 3515 642 3570 τῶν
683 3507 913 3584 ἐχθρῶν
943 3521 1097 3570 σου;
1136 3504 1280 3557 Ἀντὶ
1317 3501 1448 3569 τοῦ,
1497 3503 1555 3556 ἐν
1597 3502 1781 3573 μέσοις
1814 3503 2087 3576 Ἕλλησιν,

521 3599 585 3652 ἐν
631 3595 814 3667 μέσοις
856 3589 1148 3651 Ἰουδαίοις.
1179 3586 1335 3641 Οὕτω
1361 3586 1469 3657 γάρ
1503 3587 1559 3640 αἰ
1598 3586 1914 3659 Ἐκκλησίαι
1961 3605 2093 3642 κατ-

521 3678 899 3752 εφυτεύθησαν
929 3678 986 3729 ἐν
1025 3673 1216 3745 μέσαις
1260 3674 1381 3736 ταῖς
1425 3671 1670 3724 πόλεσιν·
1710 3671 1886 3736 οὕτως
1930 3673 2095 3745 ἐκρά-

522 3781 700 3837 τησαν
730 3761 826 3816 καὶ
856 3756 1249 3830 περιεγένοντο.
1285 3754 1456 3808 Τοῦτο
1487 3755 1786 3826 τεκμήριον
1825 3755 1925 3827 τῆς
1962 3757 2096 3828 λαμ.

524 3849 674 3920 πρᾶς
698 3846 888 3916 νίκης,
918 3843 980 3896 τὸ
1009 3844 1068 3895 ἐν
1113 3839 1300 3910 μέσοις
1335 3839 1450 3900 τοῖς
1476 3839 1758 3909 πολεμίοις
1795 3839 2094 3911 ἀναστῆσαι

521 3932 599 3987 τὰ
625 3929 1016 4000 θυσιαστήρια,
1059 3924 1120 3979 1b
1144 3922 1397 3992 καθάπερ
1438 3921 1688 4000 πρόϐατα
1727 3925 1786 3976 ἐν
1818 3923 1970 3996 μέσῳ
1999 3925 2096 3996 θη-

529 4012 682 4084 ρίων,
716 4010 810 4063 καὶ
841 3997 1011 4080 ἄρνας
1041 4001 1242 4076 μεταξὺ
1275 4001 1453 4056 λύκων
1484 3997 1648 4057 εἶναι.
1671 4001 1841 4056 Τοῦτο
1865 4002 1976 4076 γάρ
2003 4005 2098 4059 καὶ

526 4097 764 4167 πέμπων
788 4094 986 4156 αὐτοὺς
1009 4090 1192 4159 ἐλεγεν
1211 4103 1226 4116 ·
1268 4087 1415 4143 Ἰδοὺ
1441 4085 1800 4142 ἀποστέλλω
1835 4087 1990 4156 ὑμᾶς
2017 4089 2098 4156 ὡς

522 4181 794 4248 πρόϐατα
813 4176 884 4232 ἐν
897 4175 1065 4246 μέσῳ
1084 4174 1314 4228 λύκων·
1341 4170 1480 4242 ὅπερ
1497 4171 1598 4224 οὐκ
1618 4169 1837 4224 ἔλαττον
1857 4170 1953 4224 τοῦ
1976 4188 2102 4242 προ-

523 4263 691 4335 τέρου
737 4259 1032 4330 θαύματος.
1062 4257 1168 4310 Τοῦ
1193 4257 1304 4327 γὰρ
1335 4255 1394 4309 ἐν
1433 4253 1618 4327 μέσοις
1660 4253 2100 4325 ἀπειλημμένους

531 4348 806 4420 κρατῆσαι
832 4344 933 4397 οὐκ
963 4341 1181 4395 ἐλαττον
1213 4339 1275 4393 τὸ
1302 4350 1326 4378 ³
1357 4339 1415 4391 ἐν
1442 4338 1593 4402 τάξει
1629 4337 1916 4408 προϐάτων
1941 4338 2100 4420 ὄντας

530 4419 710 4483 λύκων
733 4424 1111 4496 περιγενέσθαι
1130 4440 1144 4453 ·
1167 4423 1302 4476 ἀλλά
1328 4422 1422 4475 καὶ
1444 4420 1624 4491 πολλῷ
1655 4421 1856 4490 μεῖζον,
1886 4421 1978 4474 καὶ
1999 4419 2101 4474 δώ·

528 4513 665 4565 δεκα
683 4510 775 4562 τὸν
795 4507 1022 4580 ἀριθμὸν
1037 4505 1194 4569 ὄντας
1212 4506 1308 4575 τὴν
1325 4504 1646 4574 οἰκουμένην
1666 4503 2098 4558 ἐπισπάσασθαι.

531 4603 644 4661 Καὶ
681 4599 1069 4667 κατακυρίευε
1107 4597 1176 4650 ἐν
1198 4596 1368 4665 μέσῳ
1403 4594 1520 4650 τῶν
1549 4595 1776 4664 ἐχθρῶν
1817 4611 1955 4650 σου.
1989 4597 2102 4652 Οὐκ

532 4683 678 4750 εἷπε,
696 4683 838 4736 Νίκα
868 4685 923 4735 ἐν
958 4681 1105 4752 μέσῳ
1130 4680 1237 4732 τῶν
1264 4678 1470 4750 ἐχθρῶν
1501 4696 1614 4743 σου,
1647 4678 1801 4744 ἀλλά,
1831 4681 2098 4748 Κυρίευε,

537 4771 624 4824 ἵνα
651 4765 800 4837 δείξῃ
827 4767 925 4818 οὐκ
960 4767 1023 4817 ἐκ
1051 4761 1407 4833 παρατάξεως
1428 4763 1488 4815 τὸ
1519 4763 1777 4831 τρόπαιον
1800 4764 2101 4833 γινόμενον.

534 4851 650 4908 ἀλλ’
679 4851 738 4916 ἐξ
760 4847 1022 4916 ἐπιταγῆς
1045 4847 1142 4917 τὴν
1169 4844 1503 4898 δεσποτείαν.
1527 4843 1683 4897 Οὕτω
1709 4845 1817 4916 γάρ
1842 4847 2103 4916 ἐκράτουν

537 4940 590 4992 οἱ
622 4933 929 4996 ἀπόστολοι,
961 4932 1052 4984 τὸν
1070 4929 1300 5001 Χριστὶν
1329 4928 1540 4999 ἔχοντες
1565 4930 1622 4980 ἐν
1657 4929 1887 4992 ἑαυτοῖς,
1916 4929 2105 5002 ὥσπερ

536 5021 598 5086 ἐξ
628 5018 998 5087 ἐπιτάγματος
1029 5015 1203 5067 πάντα
1225 5011 1520 5073 ποιοῦντες.
1542 5012 1703 5064 ’ΌΟεν
1726 5014 1816 5065 καὶ
1844 5014 1992 5065 πᾶσα
2012 5013 2107 5066 αὺ-

537 5108 650 5169 τοῖς
669 5103 812 5158 οἰκία
844 5102 1106 5172 ἀνέῳκτο,
1140 5099 1232 5152 καὶ
1252 5097 1437 5151 δούλου
1466 5096 1663 5158 παντὸς
1699 5096 2106 5168 εὐπειθέστερον

537 5192 586 5243 οἰ
621 5186 966 5250 πιστεύοντες
998 5184 1302 5253 ὑπήκουον,
1343 5181 1412 5233 τά
1441 5197 1497 5232 τε
1545 5179 1673 5231 ὄντα
1713 5179 2104 5250 ἀποδιδόμενοι,

539 5276 632 5328 καὶ
657 5272 755 5336 τάς
785 5272 952 5341 τιμὰς
979 5267 1131 5338 παρὰ
1155 5269 1279 5330 τοὺς
1300 5265 1464 5328 πόδας
1491 5264 1728 5327 τιθέντες
1746 5264 1853 5316 τῶν
1882 5266 2108 5319 ἀποστόο

533 5355 668 5417 λων,
690 5355 809 5407 οὐδὲ
831 5355 910 5417 εἰς
928 5353 1026 5424 τὴν
1051 5352 1240 5423 χρείαν
1273 5348 1576 5420 τολμῶντές
1592 5346 1618 5386 δ
1641 5366 1692 5400 τι
1724 5347 1903 5400 λαϐεῖν
1922 5365 1933 5377 ·
1969 5349 2108 5402 οὕτω

603 5491 632 5520 ⁸
657 5491 777 5556 “pg.
802 5489 909 5556 τοὺς
926 5489 1070 5556 γάρὶ..
1093 5487 1181 5536 οὐκ
1209 5482 1390 5556 ξλ.τοῦ.
1413 5486 1561 5556 Sgyil.
1585 5484 1970 5556 10§i&1t§_tlnup.
1995 5485 2106 5556 _Mo_x

547 5548 802 5623 Μοτοιιςρι
826 5548 1001 5598 Monii?
1017 5551 1180 5598 ὄντων’
1209 5549 1345 5604 ὄντας
1366 5560 1428 5596 ex
1457 5549 1580 5607 Reg.
1605 5554 1658 5594 el
1682 5548 1829 5595 Suvil.
1854 5549 2114 5608 rescripsi.

540 5612 861 5743 ωῷδῗιξὲττά
901 5689 952 5722 τε
991 5672 1104 5720 ὄντα
1134 5671 1508 5732 ἀποδυόμενοι...
1550 5671 1712 5736 χρείαν
1736 5670 1980 5733 ἐμϐάλλειν
2005 5670 2113 5718 το).-

542 5749 736 5790 μωντες.

1189 304 1246 359 5.
1285 303 1571 364 JOANNIS
1607 304 2090 366 CHRYSOSTOMI
2127 302 2442 358 ARCHIEP.
2483 302 3022 363 CONSTANTINOP.

3691 304 3799 366 2Ἱο

2169 439 2230 521 τε
2261 423 2458 487 αὐτοὺς
2497 424 2847 496 ἐμεγάλυνον,
2883 428 2964 480 ὅτι
3003 425 3126 481 οὔτε
3169 430 3432 503 ἐτόλμων
3487 431 3805 488 κολλᾶσθαι

2166 507 2396 640 aug).ng
2428 588 2585 658 μόνον
2597 588 2653 641 δέ
2677 589 2769 642 ἐπὶ
2787 589 2894 645 τῶν
2911 591 3118 644 πιστῶν
3129 593 3416 665 τοσαύτην
3430 589 3596 664 εἶχον
3614 596 3798 666 ἰσχὺν,

2175 670 2313 724 ἀλλά
2341 672 2434 725 καὶ
2463 672 2555 725 ἐπὶ
2589 672 2699 726 τῶν
2729 675 2992 730 ἀπίστων.
3019 677 3082 728 Τί
3101 677 3229 746 γάρ,
3259 678 3399 731 εἰπέ
3439 695 3570 749 μοι,
3597 679 3799 733 δούλου

2175 755 2508 825 τεκμήριονς
2545 751 2632 827 ἄρ’
2670 757 2731 809 οὐ
2764 756 2825 810 τὸ
2861 761 3034 811 ποιεῖν
3057 760 3194 831 ὅπερ
3226 763 3254 814 ό
3282 761 3591 831 δεσπότης
3622 763 3797 817 αὑτοῦ

2177 839 2487 906 ἐπιτάττεις
2514 840 2578 893 Τί
2603 841 2864 894 δεσπότου
2895 842 2952 896 δέ
2983 847 3238 915 σημεῖον;
3276 841 3378 914 ἆρ’
3413 847 3485 898 οὐ
3513 847 3582 899 1b
3614 847 3800 900 ταῦτα

2175 921 2358 974 ἀνύειν
2387 924 2445 975 ἐν
2473 926 2587 988 τοῖς
2625 923 2850 992 δούλοις,
2892 926 3034 998 ἅπερ
3076 929 3236 992 αὐτὸς
3270 929 3593 999 βούλεται;
3633 931 3799 995 Τίνες

2174 1000 2269 1058 οὖν
2292 1007 2341 1058 οἰ
2372 1005 2668 1070 ἀνύσαντες
2693 1006 2836 1078 άπερ
2865 1009 3052 1079 Ιἡθελον
3083 1011 3175 1062 ἐπὶ
3199 1011 3308 1065 τῶν
3339 1014 3480 1065 τότε
3517 1012 3802 1082 βασιλέων

2174 1088 2269 1141 καὶ
2300 1087 2408 1140 τῶν
2453 1088 2762 1158 ἀρχόντων;
2806 1087 2893 1162 ἄρ’
2923 1093 3021 1162 οὐχ
3047 1093 3097 1145 οἰ
3141 1094 3490 1160 ἀπόστολοι;
3547 1095 3800 1166 Εὔδηλον

2171 1171 2273 1224 ὅτι.
2321 1172 2386 1224 Οἱ
2429 1171 2527 1240 μέν
2555 1172 2666 1242 γὰρ
2709 1173 2946 1242 βασιλεῖς
2983 1176 3076 1229 καὶ
3103 1179 3151 1229 οἰ
3176 1178 3458 1248 ἄρχοντες
3495 1178 3796 1234 ἐϐούλοντο

2173 1253 2430 1323 κατέχειν
2463 1256 2522 1309 ἐν
2552 1256 2777 1328 ἀσεϐείᾳ⁴
2803 1256 2901 1329 τὴν
2925 1260 3269 1330 οἰκουμένην,
3293 1262 3399 1314 καὶ
3430 1262 3672 1332 δαίμοσι
3695 1262 3796 1316 λα-

2172 1335 2386 1406 τρεύειν
2415 1338 2706 1394 ἐπέταττον
2730 1355 2746 1372 ⁸
2762 1341 2812 1393 οἰ
2833 1339 2890 1393 δέ
2909 1341 3192 1396 ἀπόστολοι
3212 1344 3576 1408 τούναντίον,
3602 1347 3704 1399 καὶ
3731 1346 3794 1398 τὸ

2187 1425 2397 1497 θέλημα
2420 1429 2624 1481 τούτων
2653 1428 2878 1499 ἐγίνετο.
2899 1431 2960 1483 Εἰ
2987 1431 3044 1484 δὲ
3065 1431 3244 1500 λέγεις
3270 1451 3367 1504 μοι
3392 1434 3462 1486 τὸ
3492 1435 3795 1505 δεσμωτή-

2185 1525 2320 1580 ριον,
2346 1511 2440 1563 καὶ
2471 1511 2568 1574 τὰς
2605 1512 2896 1582 μάστιγας,
2923 1515 3018 1568 καὶ
3044 1515 3144 1578 τὰς
3173 1516 3486 1586 βασάνους,
3525 1518 3802 1587 μείζονάς⁴

2183 1609 2272 1662 μοι
2297 1591 2476 1660 λέγεις
2501 1593 2601 1658 τὰς
2627 1595 2960 1660 δεσποτείας.
2983 1598 3106 1662 Πῶς
3129 1599 3221 1652 καὶ
3249 1600 3360 1652 τίνι
3623 1619 3638 1666 ;
3664 1603 3800 1656 Ὅτι.

2179 1675 2273 1727 καὶ
2306 1677 2511 1729 τούτων
2543 1679 2841 1748 γινομένων
2872 1680 2932 1732 τὸ
2955 1679 3165 1751 θέλημα
3193 1681 3252 1734 τὸ
3286 1683 3519 1737 τούτων
3552 1685 3784 1754 ἐγίνετο.

2180 1758 2256 1810 Οὐ
2283 1758 2390 1829 γάρ
2427 1760 2576 1830 νόμῳ
2607 1761 2686 1832 τῷ
2715 1761 2823 1814 τῶν
2857 1761 3067 1816 πολλῶν
3111 1763 3417 1830 δεσποτῶν,
3457 1766 3585 1820 ἀλλ’
3615 1769 3797 1839 ἀρετῇ-

2179 1839 2331 1912 [255]
2356 1841 2560 1913 ταύτην
2584 1843 2909 1915 ἀνεδήσαντο
2938 1845 3036 1916 τὴν
3059 1846 3408 1912 δεσποτείαν,
3431 1849 3542 1920 τὴν
3568 1849 3789 1913 οὐδενὸς

2176 1925 2283 1976 τῶν
2308 1924 2503 1989 ἔξωθεν
2530 1925 2810 1998 δεομένην,
2832 1927 2946 1981 ἀλλ’
2979 1929 3036 1981 ἐν
3055 1928 3134 1999 τῷ
3155 1929 3309 2000 παρά
3342 1931 3587 1987 πάντων
3615 1943 3640 1972 ο
3674 1935 3798 1986 ἐπιοΔ

2181 2005 2529 2062 ϐουλεύεσθαι
2572 2008 2912 2080 λάμπουσαν.
2940 2011 3208 2076 Ἐκείνους
3237 2013 3338 2084 μὲν
3378 2014 3502 2086 γὰρ
3534 2016 3670 2079 τοὺς
3697 2015 3798 2069 δε-

2183 2091 2386 2155 σπότας
2431 2092 2912 2156 ἐπιϐουλεύσαντες
2961 2093 3134 2147 δοῦλοι
3168 2096 3442 2161 πολλάκις
3480 2098 3786 2167 ἠφάνισαν,

2183 2173 2368 2244 ἐπειδὴ
2399 2175 2592 2246 ἀτελὴς
2639 2171 2705 2247 ἦν
2737 2194 2819 2240 τις
2853 2175 2946 2229 καὶ
2997 2178 3367 2253 ἀσθενεστάτη
3391 2197 3406 2210 '
3453 2183 3674 2252 ταύτην
3731 2181 3788 2234 δέ

2186 2255 2375 2310 σϐέσαι
2407 2257 2506 2310 οὐκ
2560 2259 2819 2328 ίσχυσαν,
2867 2259 2982 2313 ἀλλ’
3014 2261 3472 2328 ἐπιϐουλεύοντες
3517 2263 3788 2336 μειζόνως

2183 2347 2390 2412 ἔδειξαν
2427 2349 2856 2421 διαλάμπουσαν.
2887 2351 2983 2416 Τίς
3024 2348 3116 2407 οῦν
3145 2353 3550 2428 λαμπρότερος
3586 2357 3656 2411 ἂν
3697 2358 3784 2426 είη

2182 2436 2468 2507 δεσπότης,
2493 2442 2523 2505 ό
2551 2441 2758 2511 μυρίων
2777 2441 3028 2512 δεόμενος
3059 2443 3456 2516 βοηθημάτων,
3486 2447 3578 2501 ἵνα
3606 2449 3780 2517 κρατῇ

2182 2527 2290 2580 τῶν
2317 2530 2560 2596 οἰκετῶν,
2588 2531 2667 2602 ἢὸ
2696 2533 2913 2588 πάντων
2945 2536 3366 2607 ἀπηλλαγμένος
3402 2538 3661 2603 ἐκείνων,
3686 2539 3784 2592 καὶ

2187 2620 2305 2689 μετ’
2334 2619 2580 2685 ἐξουσίας
2612 2623 2760 2692 ἄγων
2803 2625 2898 2678 καὶ
2946 2627 3127 2698 φέρων
3155 2629 3282 2692 τοὺς
3325 2629 3781 2699 ὑποκειμένους;

2183 2712 2418 2784 Εῦδηλον
2447 2715 2529 2768 ὄτι
2561 2710 2732 2780 οὗτος.
2784 2717 2846 2771 Οἱ
2883 2717 2981 2789 μὲν
3007 2720 3114 2790 γὰρ
3146 2719 3409 2774 δεσπόται
3449 2723 3556 2792 τὴν
3585 2722 3780 2775 δεσπο-

2182 2802 2331 2856 τείαν
2359 2803 2560 2874 ταύτην
2602 2806 2701 2874 τὴν
2747 2805 2856 2858 τῶν
2888 2807 3114 2869 πολλῶν,
3167 2808 3234 2862 ἂν
3266 2810 3341 2880 μὴ
3397 2811 3534 2874 τοὺς
3582 2811 3778 2880 νόμους

2186 2891 2352 2965 ἔχωσι
2379 2894 2727 2964 βοηθοῦντας,
2754 2898 2850 2951 καὶ
2877 2898 2939 2952 τὸ
2957 2901 3015 2952 ἐν
3039 2900 3253 2953 πόλεσιν
3273 2903 3478 2967 οἰκεῖν,
3516 2901 3776 2963 πολλάκις

2189 2984 2325 3053 μετά
2345 2985 2448 3054 τῆς
2468 2986 2783 3051 δεσποτείας
2809 2988 2902 3042 καὶ
2925 2989 3023 3059 τὴν
3045 2987 3188 3060 ζωὴν
3204 2988 3507 3044 ἀπώλεσαν
3528 3008 3544 3020 ·
3570 2989 3777 3052 Παῦλος

2185 3077 2242 3130 δέ
2270 3079 2362 3130 καὶ
2397 3080 2455 3131 ἐν
2486 3079 2742 3150 ἐρημίαις
2775 3080 2868 3132 καὶ
2897 3081 3169 3151 πανταχοῦ
3209 3082 3306 3154 τὴν
3339 3086 3653 3154 κυριότητα
3683 3081 3777 3133 ἐπ-

2187 3171 2482 3227 εδείκνυτο.
2506 3173 2692 3227 Βούλει
2716 3176 2811 3228 καὶ⁵
2839 3175 3104 3245 βασιλέων
3129 3177 3254 3230 ἰδεῖν
3279 3178 3451 3232 αὐτὸν
3471 3177 3779 3249 λαμπρότε-

2194 3280 2314 3333 ρον;
2346 3266 2624 3342 Εἰσήγαγε
2654 3267 2850 3336 νόμους
2871 3269 3144 3338 πανταχοῦ
3167 3269 3265 3339 τῆς
3291 3271 3651 3342 οἰκουμένης,
3683 3268 3775 3321 καὶ

2191 3354 2319 3417 τοὺς
2341 3337 2450 3409 τῶν
2480 3355 2746 3425 βασιλέων
2774 3358 3002 3427 ἀφέντες
3037 3337 3233 3430 νόμους
3267 3361 3314 3413 οἰ
3349 3337 3641 3432 ἄνθρωποι
3667 3360 3774 3422 τοῖς

2193 3445 2402 3500 ἐκείνου
2430 3446 2752 3518 γράμμασιν
2791 3448 3088 3503 ἐπείθοντο.
3123 3449 3331 3513 ’Ἄλλως
3354 3450 3417 3503 δὲ
3462 3452 3558 3505 καὶ
3589 3451 3638 3504 οἱ
3678 3449 3776 3520 μὲν

2193 3540 2484 3610 σωμάτων,
2511 3541 2561 3594 οἱ
2582 3541 2640 3594 δὲ
2668 3540 2856 3612 ψυχῶν
2883 3541 3161 3613 ἐκράτουν.
3182 3543 3277 3605 Τίς
3293 3537 3387 3595 οὖν
3420 3542 3568 3596 οὕτω
3594 3541 3773 3603 δοῦλος

2191 3630 2448 3704 δεσπότῃ,
2477 3632 2777 3703 ἀρχόμενος
2805 3632 3016 3703 βασιλεῖ
3047 3634 3164 3704 μετ’
3195 3633 3411 3697 εὐνοίας
3441 3635 3771 3706 ὑπήκουσεν,

2193 3723 2272 3786 ὡς
2291 3723 2342 3777 οἱ
2364 3722 2546 3776 πιστώ⁵
2571 3723 2650 3795 τῷ
2675 3724 2872 3796 Παύλῳ
2894 3725 3259 3779 ἐπιστέλλοντι
3284 3727 3487 3796 μόνον;
3512 3726 3579 3780 Τί
3601 3726 3665 3780 ἄν
3693 3738 3772 3785 τις

2201 3815 2348 3870 ετποι
2375 3815 2467 3870 τὸν
2501 3816 2684 3882 πόθον,
2716 3817 2807 3872 τὸν
2841 3817 3002 3888 ζῆλον
3030 3819 3121 3873 τὸν
3145 3820 3285 3892 ὑπὲρ
3314 3819 3510 3885 αὐτοῦ,
3547 3820 3680 3873 ὅπου
3711 3831 3772 3884 γε

2196 3906 2292 3959 καὶ
2321 3906 2449 3970 τοὺς
2475 3906 2786 3978 ὀφθαλμοὺς
2815 3908 3066 3982 ἐξορύξαι
3107 3910 3313 3981 ἕτοιμοι
3345 3905 3527 3982 ἦσανς
3554 3910 3636 3972 τίς
3663 3924 3768 3960 τοι-

2196 3997 2387 4063 ούτους
2426 4001 2694 4072 ἐκτήσατο
2716 4000 2933 4065 δούλους
2965 4000 3135 4068 ποτέ;
3176 4002 3353 4075 Ἂπερ
3390 4003 3573 4057 ταῦτα
3602 4001 3771 4055 πάντα

2198 4090 2395 4144 ἐννοῶν
2415 4094 2444 4145 ὁ
2469 4087 2777 4164 Προφήτης,
2801 4093 2920 4158 πῶς
2943 4093 3042 4165 μὲν
3062 4093 3188 4158 τοὺς
3217 4095 3443 4160 πιστοὺς
3478 4090 3770 4156 ὑπέταξαν,

2199 4182 2316 4246 πῶς
2337 4183 2396 4237 δέ
2421 4186 2529 4247 τοῖς
2559 4185 2809 4250 ἀπίστοις
2831 4181 2971 4257 ἦσαν
2997 4186 3236 4259 φοϐεροὶ,
3268 4188 3408 4241 κατά
3442 4188 3645 4257 κράτος
3674 4184 3769 4236 αὺ-

2199 4271 2327 4335 τοὺς
2369 4271 2702 4340 ἐλαύνοντες,
2732 4275 2828 4330 καὶ
2871 4276 2990 4339 πῶς
3027 4277 3095 4330 δι’
3131 4277 3310 4331 αὐτῶν
3345 4279 3374 4330 ὁ
3406 4277 3642 4349 Χριστὸς
3677 4276 3769 4326 ἐπ-

2200 4361 2443 4434 εκράτει,
2493 4365 2594 4418 οὐκ
2642 4360 2792 4420 εἶπεν
2823 4367 3027 4432 ἁπλῶς,
3062 4368 3310 4436 Κυρίευε
3356 4369 3426 4421 ἐν
3464 4367 3630 4438 μέσῳ
3656 4362 3770 4417 τῶν⁹

2201 4452 2431 4522 ἐχθρῶν
2473 4471 2611 4522 σου,
2655 4454 2793 4510 ἀλλά
2819 4458 3220 4526 Κατακυρίευε
3243 4497 3260 4523 ,
3313 4458 3412 4529 τὴν
3442 4451 3764 4524 ἐπιτεταμέ-

2201 4561 2301 4614 νην
2319 4542 2346 4582 ἀ
2370 4543 2684 4599 δεσποτείαν
2710 4546 2905 4616 δηλῶν.
2935 4548 3046 4600 Καὶ
3071 4547 3243 4601 ταῦτα
3271 4549 3505 4619 ὁρῶντες
3533 4548 3582 4600 οἰ
3615 4541 3767 4598 πολέ-

2206 4654 2318 4708 μιοι
2356 4637 2507 4691 οὐδὲν
2553 4637 2736 4709 ίσχυον
2776 4643 2982 4705 ποιεῖν,
3035 4640 3210 4694 καίτοι
3249 4644 3373 4705 τοὺς
3423 4643 3619 4712 νόμους
3653 4634 3764 4707 μεθ’

2204 4728 2411 4783 ἑαυτῶν
2441 4730 2674 4799 ἔχοντες,
2713 4730 2805 4783 καὶ
2854 4730 3098 4801 δημίους,
3129 4732 3220 4785 καὶ
3257 4732 3503 4795 ἐξουσίαν
3536 4729 3762 4784 ἃπασαν.

2216 4821 2355 4874 Ἀλλ’
2380 4819 2518 4893 ἦσαν
2556 4817 2700 4876 οὗτοι
2739 4823 3094 4892 δυνατώτεροι
3134 4822 3223 4876 διὰ
3250 4824 3338 4878 τὸν
3380 4821 3682 4878 ἐνοικοῦντα
3709 4818 3764 4867 ἐν

2207 4915 2407 4977 αὐτοῖς.
2420 4907 2587 4978 Οὗτος
2607 4915 2993 4986 κατεκυρίευσε
3012 4915 3077 4968 δι’
3097 4915 3274 4968 αὐτῶν
3293 4934 3305 4945 ’
3329 4917 3426 4986 οὐχ
3445 4913 3627 4975 ἁπλῶς
3645 4913 3764 4964 ὲκυ·

2209 5006 2442 5079 ρίευσεν,
2469 5008 2603 5060 άλλά
2651 5006 3036 5078 κατεκυρίευσε
3054 5023 3068 5038 ο
3103 5007 3198 5059 καὶ
3228 5006 3336 5077 γὰρ
3365 5007 3566 5078 σφόδρα
3609 4997 3761 5071 ἐκρά-

2205 5119 2308 5154 τει.
2336 5101 2433 5153 Διά
2455 5101 2583 5169 γοῦν
2603 5101 2693 5153 τὸν
2717 5102 2775 5154 ἐν
2797 5101 2998 5163 αὐτοῖς,
3018 5101 3110 5152 καὶ
3129 5100 3298 5171 πυρὸς
3317 5099 3654 5167 κατετόλμων
3674 5088 3759 5144 καὶ

2210 5195 2451 5264 σιδήρου,
2501 5194 2595 5245 καὶ
2626 5193 2851 5263 θηρίων,
2883 5192 2978 5245 καὶ
3013 5192 3118 5244 τῶν
3156 5191 3328 5246 ἄλλων
3366 5191 3632 5245 ἁπάντων.
3661 5180 3759 5236 Καὶ

2206 5285 2315 5356 γὰρ
2345 5288 2423 5347 εἰς
2456 5287 2633 5337 πάντα
2656 5280 2724 5354 ἦν
2759 5284 2874 5353 μετ’
2913 5283 3090 5336 αὐτῶν
3118 5286 3145 5336 ὁ
3171 5283 3422 5354 Χριστὸς,
3446 5281 3495 5335 οἳ
3524 5274 3755 5340 καθάπερ

2209 5382 2266 5432 ἐν
2288 5377 2583 5448 ἀλλοτρίοις
2606 5375 2990 5446 ἀγωνιζόμενοι
3011 5375 3243 5446 σώμασι,
3262 5375 3357 5428 καὶ
3377 5377 3586 5429 πάντων
3605 5362 3756 5420 ἁπαλ-

2209 5470 2462 5540 λαγέντες
2490 5469 2596 5521 τῶν
2625 5468 2683 5521 ἐν
2712 5468 2790 5539 τῷ
2817 5467 2917 5538 βίῳ
2937 5468 3214 5540 λυπηρῶν,
3238 5466 3408 5531 οὕτως
3429 5467 3650 5535 ἔχαιρον,
3669 5452 3751 5508 καὶ

2276 5672 2298 5698 ⁸
2325 5667 2418 5716 Alii
2453 5668 2530 5714 διὰ
2552 5666 2755 5720 πάντων,
2781 5667 2861 5712 alii
2887 5670 2936 5714 Cl
2960 5665 3106 5728 longe
3133 5664 3309 5715 melius
3334 5665 3458 5728 παρὰ
3480 5661 3668 5711 πάττων.

2277 5729 2300 5768 (ί
2324 5729 2494 5779 Morel.
2525 5729 2845 5789 ἐκτεταμένην.
