4114 6278
440 377 546 434 269

440 488 722 560 potestatis
772 496 928 544 vocat
955 487 1124 559 ipsam
1177 491 1516 557 potestatem.
1559 483 1797 538 Meminit
1847 489 2025 536 autem

438 585 594 650 Sion,
623 579 874 652 quoniam
912 595 1031 650 qua:
1060 579 1318 650 prteclare
1350 587 1496 647 gesta
1528 585 1672 640 sunt,
1713 575 1859 629 illinc
1886 588 2034 628 sum-

448 684 666 744 pserunt
688 672 919 727 initium.
947 670 1060 726 Illic
1083 670 1224 726 enim
1254 670 1424 739 legem
1450 668 1614 732 dedit,
1640 666 1748 720 illic
1771 664 1899 720 fecit
1927 665 2032 720 mi-

448 765 659 830 racula;
698 762 808 818 illic
834 771 1008 830 empta
1038 761 1348 830 praedicatio
1378 774 1474 829 per
1499 758 1806 813 universum
1845 755 2033 810 orbem

451 869 602 911 terra:
620 853 815 910 dilTusa
844 863 946 910 est.
989 851 1141 920 Quod
1170 852 1214 906 si
1243 851 1375 906 velis
1399 849 1540 920 quod
1578 849 1774 904 dictum
1819 856 1900 903 est
1943 861 2034 902 su-

397 949 414 963 ‘
447 961 592 1001 tuere
633 943 950 1014 anagogice,
976 941 1100 996 audi
1127 941 1348 996 Paulum
1375 940 1672 996 dicentem:
1694 938 1797 994 Sed
1821 936 2034 991 accessi-

441 1038 531 1090 stis
553 1036 620 1088 ad
641 1044 860 1089 montem
881 1033 1032 1098 Sion,
1056 1043 1102 1086 et
1122 1033 1369 1086 civitatem
1384 1029 1483 1084 Dei
1500 1031 1726 1094 viventis,
1748 1023 2033 1081 Jerusalem

443 1129 712 1190 cwiestem,
741 1136 788 1180 et
828 1123 1112 1179 Ecclesium
1138 1124 1606 1194 primogenitorum.
1644 1120 1852 1190 Virgam
1878 1119 2031 1172 virtu-

444 1221 509 1273 tis
557 1229 657 1272 tua:
695 1219 883 1272 emittet
927 1217 1176 1270 Dominus
1231 1231 1293 1269 ea:
1345 1215 1474 1272 Sion
1523 1211 1713 1282 (Hebr.
1769 1211 1855 1266 12.
1910 1209 2030 1279 22).

443 1312 605 1382 Virga
635 1309 920 1380 aliquando
952 1309 1164 1378 quidem
1201 1307 1421 1376 castigat
1459 1314 1514 1360 et
1557 1303 1816 1359 beneﬁcio
1844 1301 2029 1366 afﬁcit,

445 1401 731 1470 aliquando
761 1411 941 1454 autem
983 1398 1306 1462 consolatur,
1335 1405 1388 1450 et
1417 1405 1501 1451 est
1526 1396 1734 1464 sigmnn
1761 1393 1931 1462 regni.
1966 1391 2034 1445 Et

445 1492 590 1562 quod
617 1493 686 1545 sit
714 1500 1019 1558 utrumque,
1061 1489 1182 1542 audi
1224 1486 1538 1556 prophetam
1561 1486 1825 1540 dicentem
1849 1501 1861 1536 :
1881 1480 2036 1552 Virga

446 1597 554 1648 tua,
581 1593 630 1636 ‘et
668 1582 873 1635 baculus
899 1591 1036 1645 tuus,
1065 1579 1177 1650 ipsa
1205 1595 1283 1632 me
1307 1578 1564 1631 consolata
1592 1586 1708 1632 sunt
1737 1572 1909 1645 (Psal.
1938 1575 2032 1627 2'2.

445 1678 526 1745 4).
558 1675 624 1728 Et
649 1689 830 1728 rursus
859 1689 873 1723 :
899 1672 1058 1740 Reges
1088 1687 1171 1724 eos
1194 1671 1245 1723 in
1267 1671 1405 1739 virga
1425 1669 1607 1738 ferrea,
1635 1675 1890 1735 tamquam
1917 1681 2036 1719 vasa

448 1767 597 1837 ﬁguli
646 1765 929 1834 confringe:
977 1779 1060 1817 eos
1107 1761 1277 1833 (Psai.
1320 1761 1376 1815 2.
1418 1760 1498 1830 9).
1536 1759 1599 1813 Et
1641 1757 1868 1812 Paulus:
1899 1755 2036 1822 Quid

449 1860 601 1912 vultis
622 1859 646 1911 Ρ
669 1858 721 1918 in
746 1857 885 1926 uirga
914 1857 1110 1910 veniam
1140 1855 1208 1908 ad
1236 1869 1343 1919 uos,
1373 1869 1441 1906 an
1467 1853 1520 1906 in
1548 1852 1753 1906 caritate
1777 1861 1823 1904 et
1853 1850 2036 1919 spiritu

449 1950 667 2004 lenitatis
707 1949 726 2020 (
757 1950 806 2002 1.
839 1947 957 2001 Cor.
985 1947 1040 2002 4.
1063 1947 1129 2001 21
1167 1946 1230 2016 )?
1258 1942 1442 2000 Vidisti
1471 1945 1739 2014 quomodo
1779 1943 1850 1998 sit
1890 1941 2034 2011 virga

449 2039 855 2111 castigationis:
907 2038 1035 2093 vide
1082 2036 1353 2108 quomodo
1394 2036 1463 2090 sit
1505 2038 1664 2089 etiam
1702 2035 1871 2104 regni.
1904 2034 2038 2087 Dicit

449 2134 596 2189 enim
626 2133 823 2187 Isaias:
849 2130 1148 2202 Egredietur
1167 2130 1308 2200 virga
1335 2133 1398 2183 de
1422 2129 1591 2182 radice
1611 2127 1641 2180 J
1650 2145 1773 2193 esse,
1793 2137 1838 2180 et
1867 2127 1963 2196 ﬂos
1976 2127 2040 2179 de

449 2228 620 2281 radice
638 2227 747 2296 ejus
772 2224 1003 2279 ascendet
1053 2221 1075 2295 (
1103 2221 1230 2277 Isai.
1265 2223 1353 2277 11.
1384 2221 1462 2292 1).
1491 2223 1558 2275 Et
1584 2219 1778 2274 David:
1807 2218 2039 2272 Tltronus

449 2329 586 2384 tuus,
641 2316 800 2380 Deus,
841 2317 909 2384 in:
929 2315 1171 2370 statutum
1197 2314 1370 2368 διεσαιὶ
1388 2329 1408 2376 ;
1433 2314 1573 2382 virga
1601 2311 1870 2382 aequitatis,
1901 2311 2041 2379 uirga

452 2409 595 2480 regni
625 2409 698 2462 tui
726 2405 914 2481 (Psal.
955 2406 1090 2461 ΗΠ
1111 2402 1152 2477 ).
1188 2403 1401 2473 Virgam
1429 2402 1570 2485 enim
1599 2402 1686 2456 hic
1712 2401 1916 2456 vocavit
1936 2400 2042 2454 vir-

453 2510 642 2565 tutem,
682 2515 804 2554 cum
843 2513 944 2568 qua
972 2495 1216 2566 discipuli
1242 2495 1426 2550 orbem
1455 2504 1608 2548 terrze
1641 2491 2037 2558 circumierunt,

451 2609 632 2651 mores
652 2593 1000 2662 corrigentes,
1031 2600 1086 2645 et
1109 2605 1140 2644 a
1167 2589 1396 2659 quodam
1418 2587 1593 2642 alieno
1617 2603 1648 2640 a
1675 2585 1878 2640 ratione
1908 2585 2038 2639 vitio

452 2675 780 2743 deducentes
806 2684 872 2739 ad
898 2683 1173 2738 hominum
1204 2691 1450 2736 naturam
1476 2680 1696 2735 rationis
1717 2689 2039 2748 compotem.

453 2777 650 2834 Euntes
677 2778 818 2831 enim
837 2817 854 2843 ,
886 2775 1090 2844 inquit,
1117 2773 1290 2827 docete
1326 2788 1495 2826 omnes
1524 2783 1694 2840 gentes
1726 2770 1746 2841 (
1777 2770 1926 2823 Matt.
1949 2769 2041 2824 28.

459 2871 575 2941 19).
601 2868 793 2924 Habuit
814 2867 976 2922 etiam
1001 2865 1174 2919 Moses
1195 2865 1417 2933 virgam,
1447 2862 1542 2917 sed
1572 2878 1690 2917 cum
1719 2877 1780 2916 ea
1807 2860 2044 2929 suscepit

467 2963 563 3018 Dei
589 2960 980 3031 operationem,
1014 2971 1108 3025 per
1145 2969 1302 3023 quam
1341 2954 1657 3022 operabatur
1682 2953 1734 3006 in
1773 2951 2042 3005 omnibus.

464 3055 536 3110 Et
563 3053 648 3108 illa
680 3051 888 3122 quidem
927 3048 1108 3104 divisit
1134 3046 1358 3111 ﬂuvios,
1387 3047 1500 3099 lucc
1527 3054 1704 3098 autem
1741 3043 1898 3114 fregit
1941 3042 2046 3096 im-

464 3148 710 3218 pietatem
740 3147 884 3202 orbis
911 3154 1086 3200 terrae.
1115 3144 1297 3215 Neque
1322 3158 1450 3197 vero
1476 3141 1828 3204 aberraveris,
1849 3140 1891 3194 si
1918 3155 2046 3194 cru-

461 3255 580 3295 cem
609 3254 820 3310 quoque
848 3237 1058 3292 Domini
1087 3251 1247 3292 voces
1267 3236 1467 3304 virgam
1489 3235 1718 3288 virtutis.
1752 3232 1878 3287 llaec
1904 3231 2048 3286 enim

461 3331 609 3401 virga
640 3345 789 3384 mare
821 3339 876 3384 et
914 3337 1110 3384 terram
1153 3327 1448 3393 convertit,
1478 3335 1534 3382 et
1569 3340 1755 3395 magna
1786 3332 2050 3394 potestate

463 3421 706 3492 replevit.
749 3419 882 3476 Cum
910 3419 1010 3475 hac
1036 3421 1182 3490 virga
1211 3418 1412 3489 egressi
1441 3417 1664 3486 apostoli
1703 3432 1796 3485 per
1840 3415 2048 3469 univer-

461 3527 580 3568 sum
609 3513 794 3568 orbem
828 3521 984 3567 terras
1002 3555 1018 3578 ,
1048 3509 1228 3565 omnia
1257 3509 1346 3564 illa
1381 3507 1576 3563 fecere.
1605 3507 1752 3561 Hauc
1779 3514 2052 3577 gestantes

464 3604 645 3660 omnia
689 3602 1068 3674 perﬁciebaut,
1114 3608 1325 3670 sumpto
1359 3599 1624 3670 principio
1647 3598 1712 3653 ab
1735 3597 2052 3652 Jerusalem.

463 3696 535 3753 Et
577 3697 838 3750 dominare
865 3696 918 3749 in
945 3695 1110 3749 medio
1137 3693 1454 3748 inimicorum
1493 3701 1712 3746 tuorum.
1754 3689 1886 3744 Vide
1932 3703 2057 3758 pro-

465 3790 700 3862 phetiam
727 3791 843 3860 ipso
867 3788 982 3843 sole
1003 3787 1304 3842 clariorem.
1339 3784 1477 3852 Quid
1507 3794 1590 3840 est
1621 3793 1822 3847 autem,
1871 3781 2052 3834 Domi-

467 3899 593 3937 nare
614 3884 668 3936 in
695 3881 857 3935 medio
882 3880 1197 3934 inimicorum
1217 3877 1458 3930 tuorum?
1485 3876 1588 3931 Pro
1613 3890 1679 3930 eo
1702 3874 1843 3945 quod
1869 3881 1972 3940 est,
1997 3871 2054 3926 In

471 3977 660 4032 mediis
688 3975 992 4046 gentilibus,
1010 3973 1062 4027 in
1091 3971 1279 4027 mediis
1299 3969 1514 4024 Judaeis.
1543 3968 1620 4022 Ita
1643 3968 1785 4023 enim
1808 3967 2058 4036 plantata:

471 4077 602 4125 sunt
639 4066 896 4121 Ecclesia:
943 4064 997 4118 in
1041 4063 1231 4118 mediis
1276 4061 1532 4126 urbibus;
1578 4061 1647 4114 ita
1691 4059 1954 4124 vicerunt,
2002 4065 2058 4112 et

471 4161 777 4230 superiores
803 4165 1106 4213 evaserunt.
1138 4155 1248 4210 Hoc
1273 4165 1357 4210 est
1400 4153 1672 4223 prteclara:
1699 4151 1934 4206 victorite
1968 4164 2061 4204 ar-

471 4263 808 4323 gumentum,
832 4249 972 4319 quod
999 4248 1050 4301 in
1077 4246 1266 4302 mediis
1291 4244 1530 4299 hostibus
1554 4242 1742 4297 altaria
1772 4239 2058 4305 erexerint,

473 4343 615 4413 quod
645 4352 914 4410 tamquam
953 4353 1082 4394 oves
1111 4347 1292 4392 essent
1317 4337 1370 4391 in
1403 4336 1580 4390 medio
1605 4333 1834 4388 ferarum
1863 4341 1918 4388 et
1939 4331 2062 4402 agni

475 4438 532 4491 in
557 4434 733 4488 medio
764 4433 1027 4502 luporum.
1055 4429 1168 4484 Hoc
1192 4429 1332 4484 enim
1358 4442 1478 4482 cum
1507 4427 1626 4482 illos
1653 4425 1888 4482 mitteret
1912 4423 2062 4480 dice-

475 4521 603 4581 bat:
650 4524 786 4578 Ecce
817 4525 958 4576 mitto
993 4539 1078 4576 vos
1115 4531 1370 4590 tamquam
1403 4535 1515 4574 oves
1550 4520 1603 4572 in
1633 4517 1796 4572 medio
1825 4519 2061 4586 luporum

477 4616 691 4684 (Matth.
715 4614 906 4684 10.16)
937 4631 952 4681 ;
980 4614 1120 4683 quod
1148 4627 1251 4666 non
1271 4621 1355 4666 est
1374 4612 1552 4665 minus
1580 4611 1756 4680 priore
1780 4608 2059 4663 miraculo.

478 4708 598 4764 Non
641 4717 724 4763 est
759 4706 898 4762 enim
942 4703 1137 4770 minus,
1169 4719 1262 4758 eos
1288 4703 1377 4772 qui
1411 4703 1591 4757 ovium
1620 4702 1796 4756 locum
1824 4702 2066 4755 obtinent

481 4804 639 4873 lupos
659 4801 891 4865 vincere,
907 4813 1067 4868 quam
1089 4812 1182 4852 eos
1206 4798 1296 4865 qui
1321 4794 1516 4849 suntin
1544 4792 1734 4848 mediis
1761 4793 2062 4862 intercepti,

480 4910 604 4950 esse
628 4893 968 4964 superiores:
1007 4888 1296 4959 quinetiam
1335 4886 1500 4940 multo
1537 4893 1621 4939 est
1659 4885 1830 4953 majus
1857 4898 1951 4939 eos
1973 4883 2067 4954 qui

479 4995 640 5045 erant
687 4999 912 5041 numero
958 4980 1260 5046 duodecim,
1317 4977 1385 5032 ad
1432 4991 1493 5032 se
1537 4975 1844 5030 universum
1879 4975 2067 5031 orbem

483 5095 642 5138 terrm
695 5077 1000 5133 attraxissc.
1051 5074 1118 5127 Et
1165 5073 1428 5127 dominare
1463 5072 1517 5124 in
1546 5070 1711 5123 medio
1746 5070 2068 5124 inimicorum

483 5185 705 5228 tuorum.
735 5168 853 5224 Non
893 5165 1045 5231 dixit,
1075 5163 1239 5218 Vince
1281 5163 1337 5216 in
1373 5159 1552 5216 medio
1589 5160 1923 5214 inimicorum
1952 5170 2069 5214 tuo-

481 5279 626 5327 rum,
651 5261 746 5317 sed
771 5259 1067 5320 Dominare,
1100 5264 1156 5309 ut
1181 5253 1490 5309 ostenderet
1515 5267 1622 5308 non
1649 5252 1780 5322 erigi
1809 5263 2066 5323 tropteum

483 5354 615 5409 fusis
653 5352 706 5405 in
742 5349 858 5406 acie
888 5345 1150 5412 hostibus,
1189 5343 1285 5400 sed
1322 5358 1388 5400 ex
1415 5342 1570 5413 jussu
1593 5342 1879 5413 signiﬁcari
1906 5343 2074 5398 domi-

481 5449 650 5504 nium.
703 5445 775 5499 Ita
813 5443 954 5498 enim
998 5438 1282 5496 vincebant
1307 5438 1554 5508 apostoli,
1599 5437 1870 5492 Christum
1912 5437 1966 5491 in
2011 5453 2071 5493 se

482 5538 764 5601 habentes,
791 5533 968 5587 omnia
999 5531 1250 5585 iacientes
1275 5539 1542 5600 tamquam
1568 5543 1632 5584 ex
1665 5527 2070 5597 imperio.Unde

490 5628 654 5684 etiam
674 5635 789 5682 erat
817 5625 896 5678 eis
919 5622 1094 5685 omnis
1118 5621 1310 5675 dotnus
1336 5630 1542 5689 aperta,
1568 5630 1624 5675 et
1641 5621 1730 5690 qui
1757 5621 2065 5682 credebant,

490 5729 642 5772 erant
671 5716 860 5786 quovis
904 5729 1060 5766 servo
1101 5712 1538 5781 obsequentiores
1563 5753 1579 5779 ,
1629 5713 1910 5768 facultates
1944 5729 2070 5767 suas

494 5808 818 5879 vendentcs,
845 5819 894 5862 et
925 5820 1104 5861 earum
1155 5805 1320 5874 pretia
1364 5814 1623 5875 ponentes
1651 5803 1718 5862 ad
1747 5804 1907 5875 pedes
1934 5821 2066 5876 apo-

1523 365 1883 423 EXPOSITIO
1922 363 1988 420 IN
2026 362 2354 421 PSALMUII
2391 366 2530 422 CIX.

3505 401 3512 408 -
3594 374 3724 431 270

2138 483 2402 539 stolorum
2426 501 2441 540 :
2465 500 2529 540 ac
2553 501 2620 541 ne
2644 486 2712 542 ad
2741 501 2893 544 usum
2919 488 3134 560 quidem
3163 504 3317 547 suum
3345 493 3603 552 audentes
3625 497 3726 552 ali—

2137 573 2265 643 quid
2295 575 2560 644 accipere,
2591 592 2792 647 eosque
2818 578 2954 634 adeo
2978 581 3446 652 magnifaciebant;
3474 595 3532 641 ut
3568 601 3637 643 ne
3662 601 3724 644 se

2134 662 2351 733 quidem
2374 666 2453 720 eis
2475 665 2731 723 auderent
2754 669 3066 739 adiungere.

2208 755 2262 809 4.
2301 753 2418 810 Νοη
2444 756 2617 812 solum
2644 767 2818 814 autem
2849 770 3051 816 tantum
3078 761 3344 818 habebant
3371 765 3562 821 virium
3595 782 3724 840 erga

2137 843 2344 914 ﬁdeles,
2375 847 2471 902 sed
2501 848 2660 904 etiam
2687 865 2807 920 erga
2836 851 3099 908 inﬁdeles.
3142 853 3423 922 Quodnam
3448 857 3591 913 enim
3617 867 3725 927 est,

2137 935 2244 1002 dic,
2295 954 2497 1008 quaeso,
2545 941 2686 996 servi
2729 943 3025 998 indicium?
3064 961 3244 1002 annon
3281 946 3334 1002 id
3377 948 3554 1006 facere
3581 950 3727 1020 quod

2131 1027 2282 1098 jubet
2321 1031 2528 1087 herus?
2552 1034 2703 1102 Quod
2733 1045 2911 1091 autem
2952 1037 3161 1108 signum
3185 1040 3343 1096 heri?
3369 1057 3546 1099 annon
3575 1059 3638 1100 ea
3670 1045 3725 1101 in

2136 1125 2307 1178 servis
2335 1125 2591 1194 perlicere
2615 1144 2734 1196 qua:
2761 1130 2890 1184 velit
2915 1130 2939 1184 ’ἶ
2974 1131 3204 1199 Quinam
3229 1148 3361 1204 ergo
3385 1134 3726 1204 perfecerunt

2137 1231 2199 1269 ea
2225 1232 2344 1286 qua:
2379 1218 2659 1274 voluerunt
2703 1220 2754 1273 in
2801 1223 3012 1292 regibus
3053 1232 3108 1277 et
3151 1225 3724 1295 principibus?annon

2137 1309 2407 1376 apostoli?
2436 1309 2769 1368 Manifestum
2797 1313 2848 1367 id
2874 1323 2974 1370 est.
3002 1315 3176 1385 Reges
3203 1317 3345 1372 enim
3374 1328 3427 1372 et
3457 1319 3724 1390 principes

2138 1399 2390 1454 volebant
2415 1411 2595 1457 tenere
2619 1405 2804 1458 orbem
2832 1414 2986 1461 terra:
3022 1409 3073 1461 in
3105 1408 3376 1479 impietate
3400 1453 3415 1477 ,
3441 1410 3728 1481 jubebantp

2137 1507 2246 1561 que
2271 1494 2450 1549 coiere
2479 1495 2750 1551 daemones
2775 1516 2790 1564 ;
2812 1509 2997 1554 contra
3026 1510 3202 1558 autem
3230 1505 3478 1572 apostoli,
3509 1521 3726 1563 eorum-

2138 1597 2244 1651 que
2268 1584 2512 1640 voluntas
2543 1586 2878 1656 implebatur.
2915 1591 3068 1657 Quod
3104 1594 3149 1647 si
3189 1594 3316 1649 mihi
3359 1595 3506 1652 dicas
3544 1612 3727 1654 carce-

2139 1688 2274 1738 rem,
2299 1672 2504 1744 ﬂagella
2532 1687 2586 1731 et
2616 1687 2898 1745 tormenta,
2920 1681 3055 1736 dicis
3081 1683 3280 1753 majora
3310 1683 3725 1754 dominia.Quo-

2139 1765 2320 1834 modo,
2353 1777 2407 1822 et
2437 1784 2664 1837 quanam
2694 1771 3091 1838 ratione?Quia
3118 1776 3359 1844 quamvis
3376 1776 3490 1833 haec
3515 1777 3722 1846 ﬁerent,

2141 1856 2302 1913 ﬁebat
2325 1867 2500 1914 tamen
2518 1860 2684 1916 nihilo
2698 1861 2872 1918 secius
2891 1864 3030 1932 quod
3067 1863 3144 1919 illi
3169 1865 3436 1922 volebant.
3451 1867 3565 1936 Non
3584 1871 3727 1927 enim

2141 1947 2257 2018 lege
2272 1950 2624 2019 complurium
2644 1949 3004 2019 dominorum,
3022 1954 3116 2009 sed
3141 1955 3341 2011 virtute
3365 1956 3468 2013 hoc
3493 1959 3591 2014 sibi
3628 1961 3728 2015 ad-

2139 2040 2413 2094 sciverunt
2441 2042 2755 2108 dominium,
2786 2044 2930 2113 quod
2960 2045 3107 2099 nullo
3131 2055 3356 2103 externo
3382 2048 3599 2120 indiget,
3630 2052 3726 2107 sed

2141 2132 2308 2201 quod,
2339 2131 2464 2188 dum
2491 2134 2730 2188 omnium
2758 2137 2954 2206 petitur
2981 2137 3186 2194 lnsidiis
3207 2180 3220 2203 ,
3250 2140 3570 2211 resplendet.
3605 2142 3729 2196 Illos

2143 2224 2286 2279 enim
2334 2224 2580 2279 dominos
2619 2227 2761 2280 servi
2802 2228 2999 2295 paratis
3044 2227 3251 2284 insidiis
3289 2245 3432 2302 saepe
3460 2232 3528 2287 de
3552 2235 3731 2288 medio

2141 2315 2746 2386 sustulerunt,quoniam
2759 2327 2868 2372 erat
2886 2317 3255 2388 imperfectum
3267 2331 3321 2376 et
3333 2323 3728 2378 imbecillimunt

2143 2407 2473 2462 dominium:
2521 2408 2623 2463 hoc
2660 2419 2841 2464 autem
2883 2425 2989 2464 non
3037 2421 3325 2482 petuerunt
3363 2415 3728 2485 exstinguere,

2144 2497 2238 2554 sed
2287 2498 2506 2553 insidias
2546 2499 2850 2566 molientes,
2893 2500 2944 2556 id
2989 2502 3146 2574 longe
3191 2505 3389 2559 clarius
3418 2505 3723 2561 reddidere.

2147 2591 2275 2669 Quis
2303 2589 2460 2645 fuerit
2488 2591 2646 2660 igitur
2684 2591 2932 2648 dominus
2962 2596 3288 2663 prmclarior,
3317 2596 3432 2651 isne
3457 2596 3546 2666 qui
3573 2598 3731 2650 innu-

2149 2683 2496 2738 merabilibus
2538 2699 2672 2753 Opus
2713 2685 2872 2738 habet
2913 2686 3142 2752 auxiliis,
3173 2695 3229 2740 ut
3255 2702 3440 2742 servos
3471 2689 3521 2741 in
3553 2687 3731 2743 ofﬁcio

2147 2776 2450 2839 Contineat;
2501 2789 2567 2828 an
2615 2775 2702 2844 qui
2745 2784 2828 2829 est
2871 2775 3006 2830 liber
3045 2776 3108 2831 iis
3147 2778 3414 2843 omnibus,
3448 2789 3500 2832 et
3526 2778 3733 2847 cosqui

2147 2876 2271 2921 sunt
2295 2867 2394 2920 sub
2421 2881 2518 2920 suo
2544 2867 2798 2930 dominio,
2833 2883 2928 2935 pro
2970 2883 3062 2922 sua
3092 2876 3352 2938 potestate
3378 2869 3478 2924 fert
3515 2880 3568 2924 et
3595 2870 3736 2938 agit?

2148 2955 2481 3011 Manifestum
2503 2965 2586 3010 est
2613 2955 2755 3011 hunc
2779 2973 2896 3010 esse
2925 2959 3339 3026 prmclariorem.
3360 2959 3565 3014 Domini
3593 2961 3734 3015 cuint

2148 3047 2239 3117 qui
2285 3047 2386 3101 hoc
2414 3048 2655 3102 obtinent
2687 3047 2968 3101 multorum
2992 3048 3308 3116 dominium,
3339 3050 3439 3104 nisi
3468 3051 3612 3121 leges
3638 3051 3736 3103 ha-

2153 3139 2314 3193 beant
2359 3138 2701 3209 opitulantes,
2752 3148 2806 3192 et
2855 3153 2950 3193 eos
2990 3139 3140 3209 juvet
3179 3140 3320 3210 quod
3358 3141 3410 3195 in
3438 3141 3739 3196 civitatibus

2153 3233 2412 3300 habitant,
2437 3249 2580 3305 sa'pe
2599 3249 2718 3288 cum
2740 3233 2977 3288 dominio
3000 3237 3159 3288 vitam
3191 3250 3400 3305 quoque
3423 3236 3737 3291 amiserunt:

2154 3327 2346 3381 Paulus
2391 3335 2568 3381 autem
2613 3336 2666 3382 et
2714 3327 2766 3381 in
2813 3328 3186 3382 solitudinibus
3243 3337 3298 3383 et
3340 3329 3538 3399 ubique
3583 3343 3738 3384 suum

2153 3417 2468 3474 ostendebat
2493 3417 2804 3472 dominium.
2839 3418 2929 3473 Vis
2963 3419 3122 3474 etiam
3145 3419 3324 3475 videre
3350 3420 3522 3491 ipsum
3550 3420 3742 3475 clario-

2156 3526 2268 3566 rem
2311 3505 2569 3579 ‘regibus?
2617 3510 2825 3565 lnduxit
2868 3511 3013 3581 leges
3067 3527 3162 3581 per
3203 3513 3507 3568 universum
3557 3513 3741 3567 orbem

2157 3609 2335 3666 teme,
2363 3610 2417 3656 et
2439 3587 2620 3670 regum
2653 3601 2851 3656 relictis
2882 3602 3086 3673 legibus
3110 3645 3126 3668 ,
3157 3602 3400 3658 homines
3427 3603 3569 3659 illius
3605 3605 3741 3658 scri-

2157 3692 2261 3762 ptis
2281 3692 2744 3761 obtemperabant.
2765 3693 2829 3746 Et
2849 3692 3046 3764 alioqui
3072 3693 3144 3747 illi
3170 3694 3383 3765 quidem
3413 3693 3467 3750 in
3493 3709 3742 3765 corpora,

2160 3783 2212 3838 hi
2245 3798 2374 3838 vero
2401 3783 2454 3838 in
2491 3784 2726 3838 animum
2769 3783 3061 3839 dominium
3111 3785 3439 3840 obtinebant.
3459 3784 3587 3852 Quis
3626 3799 3745 3839 ser-

2158 3891 2256 3930 vus
2301 3874 2455 3942 hero,
2502 3875 2588 3930 vel
2619 3878 2738 3945 quis
2781 3875 3024 3931 subditus
3069 3875 3180 3946 regi
3226 3891 3347 3932 cum
3394 3885 3537 3932 tanta
3582 3876 3749 3932 bene-

2161 3965 2391 4021 volentia
2444 3966 2654 4036 paruit,
2710 3976 2770 4021 ut
2817 3967 3001 4023 ﬁdeles
3049 3967 3214 4022 Paulo
3261 3968 3500 4038 epistolis
3543 3977 3746 4024 tantum

2161 4059 2376 4129 agenti?
2400 4059 2530 4127 Quis
2557 4061 2884 4114 enarraverit
2907 4075 3091 4114 eorum
3129 4075 3368 4116 amorem
3410 4071 3465 4116 et
3512 4062 3747 4118 studium

2161 4165 2288 4222 erga
2317 4149 2624 4217 iilum,cum
2657 4151 2742 4205 vel
2768 4153 2914 4220 ipsos
2935 4153 3120 4206 oculos
3148 4161 3327 4207 essent
3351 4153 3518 4223 parati
3544 4153 3747 4210 eﬁ'ode-

2163 4257 2224 4298 re
2257 4242 2403 4314 (Gal.
2429 4244 2486 4299 4.
2518 4242 2648 4312 l5)?
2689 4243 2807 4314 quis
2853 4244 2986 4299 tales
3026 4259 3278 4314 umquam
3305 4260 3489 4302 servos
3519 4246 3702 4302 habuit
3724 4248 3752 4303 τ

2166 4335 2296 4404 Quae
2325 4335 2504 4390 omnia
2534 4334 2791 4404 pr0pheta
2817 4345 2996 4390 mente
3020 4337 3244 4406 agitans,
3268 4336 3534 4407 quomodo
3566 4339 3754 4397 ﬁdeles

2165 4427 2380 4498 quidem
2412 4426 2775 4496 subiecerunt,
2799 4425 3068 4495 quomodo
3099 4427 3366 4484 terribiles
3389 4439 3544 4484 erant
3571 4429 3753 4486 inﬁde-

2167 4519 2325 4586 libus,
2355 4532 2448 4574 cos
2479 4533 2574 4587 per
2605 4518 2708 4571 vim
2739 4518 3067 4586 expellentes
3091 4559 3106 4585 ,
3138 4529 3192 4572 et
3215 4521 3480 4590 quomodo
3510 4521 3752 4578 Christus

2168 4627 2266 4682 per
2291 4613 2434 4681 ipsos
2455 4611 2728 4665 obtinebat.
2757 4611 3059 4681 imperium,
3091 4627 3195 4666 non
3224 4613 3357 4667 dixit
3393 4614 3750 4682 solummodo,

2169 4702 2447 4757 Dominare
2474 4701 2526 4756 in
2555 4701 2722 4756 medio
2754 4702 3074 4756 inimicorunt
3113 4713 3333 4772 tuorum,
3362 4705 3456 4761 sed
3501 4704 3752 4760 Domina-

2170 4804 2276 4848 tum
2303 4792 2488 4858 obtine,
2517 4793 2808 4848 vehemens
2837 4792 3131 4848 doniin’ium
3162 4797 3487 4866 signiﬁcans.
3531 4798 3599 4852 Et
3639 4799 3754 4853 lucc

2152 4902 2289 4943 Icum
2320 4887 2563 4942 viderent
2589 4886 2792 4955 hostes,
2821 4887 2950 4942 nihil
2983 4887 3155 4942 facere
3185 4899 3446 4958 poterant,
3478 4890 3576 4943 etsi
3608 4889 3754 4958 leges

2171 4993 2352 5034 secum
2393 4978 2682 5044 haberent,
2715 4979 2930 5033 lictores
2955 4990 3009 5032 et
3039 4996 3248 5034 omnem
3276 4989 3587 5048 potestatem
3615 4996 3628 5040 ;
3657 4980 3752 5035 sed

2172 5082 2323 5126 erant
2354 5069 2405 5124 hi
2439 5063 2765 5140 potentiores
2793 5081 3008 5139 prepter
3034 5086 3155 5123 eum
3183 5073 3269 5137 qui
3299 5070 3348 5121 in
3385 5068 3511 5138 ipsis
3600 5068 3759 5126 hahi-

2175 5164 2336 5218 tabat.
2368 5163 2465 5216 llic
2491 5178 2585 5231 per
2616 5162 2758 5230 ipsos
2785 5160 3112 5213 dominatum
3157 5159 3419 5221 obtinuit;
3453 5173 3550 5212 nec
3577 5159 3752 5215 Solum

2174 5255 2474 5310 dominatus
2499 5262 2613 5316 est,
2647 5250 2739 5306 sed
2769 5253 2928 5305 etiam
2959 5249 3202 5303 fortiter:
3233 5263 3355 5301 nam
3379 5247 3755 5306 Vcltementem

2175 5347 2226 5402 in
2255 5361 2348 5400 eos
2378 5344 2706 5398 dominatum
2738 5341 2985 5395 obtinuit.
3013 5339 3233 5408 Propter
3261 5354 3381 5393 eum
3413 5339 3556 5394 enim
3583 5343 3674 5410 qui
3699 5343 3752 5397 in

2173 5441 2251 5495 eis
2276 5437 2565 5499 habitabat,
2598 5444 2652 5489 et
2672 5435 2846 5505 ignem
2885 5442 2939 5487 et
2965 5432 3162 5486 ferrum
3196 5441 3250 5486 et
3274 5431 3470 5487 bestias
3497 5444 3550 5489 et
3573 5436 3755 5492 Omnia

2173 5529 2274 5583 alia
2302 5524 2633 5582 conﬁdenter
2657 5524 2892 5578 adibant.
2909 5523 2988 5576 Ad
3014 5523 3192 5576 omnia
3218 5523 3358 5576 enim
3389 5539 3510 5579 cum
3535 5525 3614 5580 eis
3639 5536 3758 5582 erat

2175 5621 2435 5681 Christus,
2466 5617 2556 5687 qui
2605 5618 2762 5671 etiam
2805 5626 3072 5684 nunquam
3114 5615 3164 5668 in
3208 5616 3397 5670 alienis
3439 5617 3755 5687 corporibus

2175 5716 2509 5771 decertantes
2535 5751 2549 5776 ,
2579 5719 2632 5764 et
2662 5709 2813 5763 liberi
2843 5709 2909 5762 ab
2937 5708 3080 5762 muni
3109 5710 3350 5764 molestia
3377 5728 3552 5767 rerum
3579 5711 3646 5764 ad
3673 5711 3755 5764 vi-

2179 5817 2284 5862 tam
2323 5803 2721 5879 pertinentium,
2755 5802 2825 5856 ita
2855 5799 3170 5872 gaudebant,
3197 5813 3251 5858 et
3279 5800 3346 5866 ita
3360 5800 3705 5861 cxsilicbant,
3726 5810 3758 5850 ει
