4114 6278
407 311 412 314 ’
439 347 541 404 271

439 462 636 518 Christi
665 460 901 518 dominio
931 461 1194 530 occupati,
1224 476 1327 516 non
1361 461 1620 529 pecunias,
1654 473 1760 514 non
1787 456 2022 527 corpori,

441 570 550 610 non
591 555 714 608 vitze
753 553 1000 622 prmscnti
1040 564 1336 620 parcentes.
1371 551 1437 606 Et
1468 553 1584 605 haec
1607 549 1821 619 quidem
1864 547 2027 602 hiciu—

413 631 592 711 bant,
620 645 707 714 qui
762 642 1047 709 aliquando
1099 644 1308 698 fuerant
1363 642 1548 698 hostes
1587 652 1644 696 et
1685 640 1975 695 adversarii
2008 656 2021 692 :

439 737 537 796 sed
581 737 772 792 invicta
816 737 906 792 Dei
953 737 1186 806 potentia
1221 750 1326 790 non
1357 735 1530 789 solum
1555 748 1650 788 eos
1675 732 1920 786 liberavit
1957 731 2026 783 ab

440 828 764 895 inimicitiis,
791 828 886 882 sed
927 829 1088 883 etiam
1136 828 1190 882 in
1235 837 1436 881 tantam
1474 825 1694 880 deduxit
1715 825 2023 880 servitutem

435 930 490 975 et
543 921 1007 976 necessitudinem.
1053 919 1408 986 Quamobrem
1459 919 1563 974 etsi
1607 917 1816 973 dicatur
1867 917 2024 970 Pater

423 995 639 1081 ponere
694 1012 936 1067 inimicos
983 1011 1084 1066 sub
1133 1009 1353 1079 pedibus
1383 1010 1520 1079 ejus,
1559 1024 1665 1064 non
1705 1009 1775 1064 ita
1798 1008 2020 1073 dicitur,

435 1104 575 1160 sicut
615 1103 744 1167 dixi,
775 1112 1040 1174 tamquam
1088 1102 1224 1157 Filio
1265 1103 1396 1156 nihil
1435 1110 1662 1172 agente:
1713 1102 2020 1155 universum

435 1196 580 1251 enim
625 1195 694 1250 ab
742 1194 1025 1265 Unigeuito
1068 1194 1262 1248 factum
1309 1203 1426 1248 est:
1469 1192 1561 1247 sed
1605 1199 1682 1256 ut,
1713 1191 1853 1246 sicut
1878 1191 2023 1260 prius

435 1286 566 1352 dixi,
598 1287 810 1342 Patrem
852 1295 906 1342 et
948 1286 1138 1340 Filium
1180 1300 1342 1339 unum
1391 1299 1511 1340 esse
1537 1283 1704 1338 Deum
1733 1283 2017 1351 intelligas,

435 1387 645 1434 servata
696 1379 980 1448 unicuique
1025 1393 1119 1432 sua
1162 1378 1502 1448 proprietate,
1544 1385 1601 1432 et
1644 1392 1710 1430 ne
1739 1391 1858 1430 esse
1887 1375 2022 1430 duos

434 1470 708 1523 existimes
745 1471 1027 1540 ingenitas.
1077 1469 1229 1537 Quod
1274 1470 1414 1524 enim
1469 1478 1636 1522 totum
1672 1482 1806 1537 opus
1853 1467 1922 1520 ab
1955 1481 2022 1521 eo

438 1561 634 1617 factum
665 1563 754 1626 sit,
785 1563 1062 1617 considera
1094 1579 1159 1618 es
1189 1563 1252 1616 iis
1279 1577 1399 1631 quae
1420 1560 1530 1630 jam
1559 1561 1694 1614 tincta
1732 1567 1895 1623 sunt;
1922 1573 2021 1612 nec

434 1661 552 1715 qua:
603 1645 742 1700 dicta
789 1656 946 1713 sunt,
997 1647 1229 1700 humano
1278 1655 1478 1699 tantum
1539 1659 1688 1698 more
1742 1643 2018 1712 iutcllige;

433 1752 622 1808 magna
651 1738 791 1791 enim
819 1747 1129 1807 sequeretur
1158 1736 1479 1791 absurditas.
1505 1735 1573 1791 Ut
1595 1746 1772 1790 autem
1806 1742 1860 1789 tu
1887 1750 2022 1804 quo-

431 1845 536 1900 que
573 1829 848 1899 intelligas,
891 1829 1012 1883 audi
1041 1844 1102 1882 ea
1131 1843 1248 1896 qua:
1280 1843 1396 1884 sum
1437 1827 1692 1882 dicturus.
1730 1827 1804 1881 Ex
1845 1825 2018 1880 homi-

433 1921 590 1975 nibus
621 1921 708 1974 alii
742 1921 954 1988 quidcm
978 1918 1101 1975 hicti
1134 1929 1257 1972 sunt
1283 1918 1480 1984 amici,
1509 1918 1598 1987 qui
1645 1918 1789 1987 prius
1817 1918 2018 1973 inimici

433 2010 674 2066 fuerant:
722 2010 813 2065 alii
855 2026 978 2065 vero
1006 2009 1180 2066 adhuc
1231 2020 1447 2064 manent
1492 2009 1709 2064 inimici.
1754 2008 2018 2064 Caeterum

432 2101 573 2172 quod
603 2101 846 2156 inimicos
871 2101 1086 2172 quidem
1115 2102 1227 2170 ipse
1255 2102 1457 2155 amicos
1495 2101 1713 2166 fecerit,
1745 2109 1800 2155 et
1827 2099 2018 2154 Paulus

431 2192 715 2263 significat,
756 2193 939 2248 dicens
970 2211 984 2248 :
1019 2192 1238 2260 Quando
1267 2192 1533 2246 tradiderit
1563 2207 1777 2261 regnum
1820 2188 1931 2244 Deo
1971 2199 2018 2244 et

431 2285 580 2340 Patri
609 2285 698 2358 (l.
725 2284 844 2340 Cor.
877 2285 963 2340 15.
987 2286 1057 2340 24
1086 2282 1141 2357 );
1171 2285 1614 2355 signiticatetiam
1646 2285 1917 2350 Servator,
1949 2282 2017 2339 ad

431 2377 643 2432 Patrem
689 2376 875 2432 dicens
898 2377 946 2430 ίε
983 2376 1094 2447 Ego
1135 2386 1183 2430 te
1232 2377 1510 2447 gloriﬁcavi
1546 2377 1599 2429 in
1642 2375 1852 2442 mundo,
1888 2391 2018 2444 opus

431 2467 618 2538 perfeci
637 2510 650 2531 ,
673 2469 807 2538 quod
857 2467 1043 2525 dedisti
1083 2467 1204 2521 mihi
1224 2509 1239 2534 ,
1263 2477 1318 2520 ut
1359 2469 1544 2538 faciam
1571 2466 1590 2540 (
1614 2465 1771 2522 Joun.
1801 2468 1889 2522 17.
1915 2467 1952 2522 4
1974 2467 2014 2536 ).

429 2560 704 2629 Subjicerc
759 2570 936 2613 autem
992 2558 1234 2614 inimicos
1291 2558 1390 2612 fuit
1443 2559 1634 2612 Patris.
1675 2559 1835 2629 Atqui
1886 2559 2014 2614 illud

429 2652 644 2723 quidem
698 2661 779 2706 est
846 2650 948 2706 hoc
994 2651 1182 2721 majus.
1223 2650 1403 2722 Neque
1446 2651 1588 2706 enim
1652 2661 1777 2708 sunt
1828 2651 2014 2722 paria,

427 2758 524 2798 eos
560 2742 649 2813 qui
691 2751 906 2796 manent
945 2741 1163 2808 inimici,
1197 2744 1404 2812 punire,
1447 2752 1502 2798 et
1530 2758 1623 2798 eos
1651 2744 1739 2814 qui
1767 2753 1890 2798 sunt
1915 2744 2016 2798 ini'

428 2833 575 2899 ntici,
628 2833 829 2888 amicos
875 2832 1107 2889 efﬁcere.
1153 2833 1258 2889 Sed
1303 2849 1475 2904 neque
1502 2834 1667 2889 Filius
1700 2833 1820 2890 ideo
1842 2834 2016 2890 minor

428 2934 512 2988 est
539 2925 716 2990 Patre,
747 2941 845 2981 nec
875 2935 1158 2996 propterea
1198 2926 1357 2982 Pater
1401 2935 1484 2981 est
1529 2928 1706 2982 minor
1751 2927 1907 2982 Filio.
1946 2927 2016 2983 Ut

427 3029 606 3081 autem
648 3020 786 3074 scias
830 3018 917 3072 illa
961 3034 1174 3088 quoque
1217 3032 1336 3074 esse
1374 3018 1530 3084 Filii,
1565 3019 2012 3088 quemadmodum

428 3109 545 3165 haec
570 3110 762 3176 Patris,
793 3110 948 3164 audi:
983 3109 1283 3165 Disceditea
1313 3127 1414 3176 me,
1451 3110 1740 3176 maledicti,
1771 3111 1824 3166 in
1848 3113 2015 3182 ignem

426 3213 690 3282 tcternum,
713 3205 798 3273 qui
815 3213 1022 3274 paratus
1050 3214 1122 3257 est
1149 3202 1351 3258 diabolo
1375 3213 1422 3258 et
1447 3205 1639 3275 angelis
1665 3206 1773 3275 ejus
1795 3205 2010 3273 (Matth.

425 3295 643 3366 25.41).
674 3295 742 3350 Et
771 3297 856 3366 qui
882 3295 1098 3367 angelos
1124 3297 1305 3363 mittit,
1333 3306 1391 3352 ut
1414 3297 1905 3368 eolligantzizania,
1928 3310 2012 3356 est

429 3389 762 3461 Uuigenitus,
785 3399 843 3443 .et
883 3390 1126 3446 videmus
1150 3407 1272 3449 eum
1304 3391 1500 3460 ubique
1527 3391 1794 3448 diabolum
1827 3395 2012 3462 punire

428 3481 644 3552 (Matth.
671 3478 756 3536 15.
777 3477 890 3552 50).
917 3482 1027 3537 Hoc
1054 3483 1214 3537 etiam
1247 3483 1344 3551 ipsi
1373 3482 1644 3539 daemones
1666 3484 2012 3553 conﬁtentur,

424 3572 666 3628 dicentes
691 3570 907 3626 :Venisti
933 3573 1029 3627 huc
1057 3583 1174 3628 ante
1207 3583 1402 3643 tempus
1421 3585 1651 3645 torquere
1673 3592 1765 3630 nos
1795 3575 2008 3648 (Matth.

425 3663 481 3719 8.
527 3662 598 3718 29
625 3661 646 3735 )
669 3662 692 3716 ?
719 3661 834 3732 lpse
873 3673 956 3718 est
995 3679 1124 3735 ergo
1168 3665 1258 3735 qui
1303 3681 1396 3722 eos
1435 3677 1517 3722 est
1565 3676 1820 3722 torturus.
1849 3669 2011 3726 Vides

425 3755 569 3825 quod
619 3755 826 3811 etiamsi
873 3771 992 3826 quin
1032 3757 1164 3812 liuut
1203 3758 1448 3814 dicantur
1471 3775 1502 3816 a
1531 3760 1687 3817 Patre
1713 3762 1858 3827 fieri,
1886 3774 2012 3819 sunt

425 3857 604 3902 tamen
653 3862 814 3917 opera
855 3847 993 3902 Filii.
1042 3849 1194 3916 Quod
1232 3860 1408 3905 autem
1449 3851 1570 3907 Filii
1612 3868 1822 3925 quoque
1847 3870 2010 3923 Opera

422 3941 533 4007 sint
555 3940 746 4005 Patris,
776 3940 899 3995 audi
921 3957 1105 3998 rursus
1123 3957 1245 3998 cum
1271 3943 1571 4000 dicentem:
1593 3945 1758 4001 Nemo
1786 3949 1918 4002 venit
1942 3950 2012 4004 ad

422 4049 524 4099 me,
556 4033 652 4088 nisi
694 4031 851 4087 Pater
893 4034 984 4104 qui
1021 4052 1099 4088 me
1126 4036 1280 4102 misit,
1325 4038 1534 4092 traxerit
1573 4055 1687 4094 sum
1718 4039 1738 4111 (
1767 4039 1923 4096 Joan.
1951 4043 2006 4098 6.

422 4124 537 4194 46).
569 4125 634 4180 Ει
662 4141 880 4180 rursus:
909 4125 1076 4180 Nemo
1119 4137 1278 4197 potest
1325 4130 1495 4184 uenire
1532 4131 1601 4183 ad
1643 4130 1872 4198 Patrem,
1911 4135 2009 4188 nisi

423 4233 514 4286 per
529 4233 606 4272 me
629 4215 806 4290 (Joan.
827 4219 912 4274 14.
933 4217 1010 4290 6).
1034 4219 1150 4275 Νοη
1171 4230 1296 4274 sunt
1313 4235 1441 4291 ergo
1467 4222 1579 4277 haec
1601 4221 1836 4279 humano
1861 4241 2012 4293 more

422 4310 748 4379 accipienda.
795 4310 924 4366 Nam
971 4312 1098 4367 illud
1134 4328 1366 4384 quoque,
1396 4311 1639 4369 Inimicos
1665 4325 1793 4381 tuos,
1829 4317 1897 4371 ita
1925 4327 2007 4372 est

421 4404 812 4474 accipiendmn,
861 4421 966 4460 nou
1001 4415 1267 4477 tamquam
1313 4407 1432 4476 ejus
1468 4409 1633 4462 solius
1670 4409 1914 4464 inimicos
1937 4409 2010 4464 si-

421 4489 656 4568 gniﬁcet.
715 4498 813 4565 Qui
864 4500 998 4553 enint
1033 4517 1137 4554 non
1175 4501 1391 4554 honorat
1422 4500 1638 4570 Filium,
1684 4501 1875 4574 inquit,
1918 4519 2010 4558 nec

424 4587 634 4642 Patrem
658 4588 871 4643 honorat
901 4588 1078 4661 (Joan.
1101 4591 1153 4645 5.
1181 4591 1294 4663 23).

494 4721 548 4776 5.
589 4721 766 4788 Quare
814 4720 984 4776 Judaei
1029 4737 1132 4776 non
1174 4731 1297 4778 sunt
1346 4723 1461 4792 ejus
1506 4733 1705 4781 tantum
1765 4727 1962 4784 inimici
1989 4771 2004 4797 ,

421 4827 608 4866 verum
638 4809 798 4864 etiam
828 4810 1015 4865 Patris.
1064 4811 1322 4879 Quocirca
1369 4813 1449 4868 eis
1481 4816 1642 4870 etiam
1687 4818 1864 4872 attulit
1915 4835 2007 4873 ex-

421 4907 596 4970 itium,
629 4913 684 4958 et
727 4903 994 4958 civitatem
1047 4919 1232 4959 eorum
1281 4905 1462 4973 diruit,
1492 4909 1783 4978 evertitque
1835 4911 2007 4966 fundi-

423 5013 513 5056 tus
539 5043 554 5066 ,
601 5001 705 5056 etsi
754 5016 867 5054 non
924 4995 1109 5050 statim
1144 5006 1262 5066 post
1305 5013 1516 5054 crucem
1543 5041 1557 5065 ,
1589 5009 1643 5054 et
1689 5000 1902 5071 longum
1929 5004 2007 5057 eis

423 5101 634 5158 tempus
658 5088 804 5144 dedit
843 5088 906 5142 ad
939 5089 1331 5157 paenitentiam,
1362 5089 1405 5143 si
1446 5090 1606 5144 modo
1633 5092 1833 5147 vellent
1867 5094 2003 5148 resi-

421 5181 662 5252 piscere,
689 5189 743 5236 et
767 5180 943 5236 emisit
985 5179 1272 5249 apostolos,
1307 5189 1364 5234 ut
1415 5196 1534 5236 eum
1581 5197 1675 5250 per
1719 5183 1860 5252 ipsos
1890 5184 2005 5254 ejus

420 5273 731 5330 didicissent
757 5273 1068 5344 potentiam,
1099 5273 1183 5328 vel
1225 5289 1347 5330 sero
1385 5274 1594 5330 tandem
1625 5288 1999 5334 converterent-

485 5411 502 5443 ³
540 5409 596 5460 In
619 5410 736 5460 edit.
767 5409 931 5478 llo_t_'_el.
959 5416 1144 5478 cresce
1174 5408 1453 5474 legebatur,
1473 5425 1535 5464 ιιι
1574 5424 1596 5464 δ
1623 5427 1744 5478 μιῆς.
1773 5426 1861 5478 ᾳρὸς
1891 5426 2002 5465 «uti

420 5484 484 5539 τις
507 5484 800 5539 ποινὴν-λιταῖς.
833 5471 996 5522 Vertit
1011 5471 1272 5523 Gentiantis
1292 5482 1532 5525 Hervetus
1549 5513 1562 5535 ,
1588 5475 1633 5539 ei
1655 5471 1784 5539 apud
1804 5471 2002 5539 crucem

421 5533 610 5593 dicens;
633 5533 680 5580 id
701 5533 832 5583 stare
854 5547 949 5583 non
973 5542 1170 5599 potest;
1197 5549 1292 5585 non
1316 5540 1446 5586 enim
1477 5533 1602 5599 apud
1626 5533 1822 5587 crucem
1846 5537 1925 5586 vel
1952 5539 2000 5587 in

418 5608 568 5646 (περ
603 5608 663 5644 ea
693 5607 804 5658 qua:
825 5595 1094 5658 sequuntur
1119 5595 1337 5648 Christus
1357 5600 1478 5648 Patri
1502 5595 1711 5648 dieelmt.
1739 5599 1904 5649 Melius
1927 5600 1998 5648 iu-

418 5656 795 5726 terpretaretitr,
821 5663 866 5726 et
897 5656 1125 5715 Salvator,
1152 5660 1304 5722 ipsam
1328 5673 1519 5726 crucem
1541 5660 1592 5726 in
1613 5660 1772 5726 auiam
1791 5659 1995 5726 habens,

419 5721 557 5769 dicit.
591 5721 750 5766 Lectio
783 5725 948 5767 autem
979 5726 1265 5784 ceterorum
1291 5723 1643 5784 exemplarium
1677 5723 1807 5775 bene
1830 5723 1994 5783 habet,

419 5796 508 5850 ψς
523 5792 632 5832 εἴηὸ»
657 5793 715 5830 τὸν
739 5793 882 5850 ιιιιιγι
903 5791 1009 5842 λέγειν
1025 5818 1038 5840 ,
1061 5783 1126 5830 ad
1151 5790 1341 5833 Patrem
1364 5783 1520 5847 ipsum
1543 5784 1726 5836 dicens.

1141 346 1200 402 S.
1240 346 1520 404 JOANNIS
1542 337 2020 403 CHRYSOSTOMI
2072 335 2390 416 ARCHIEP.
2422 338 2960 398 CONSTANTINOP.

3624 346 3728 406 27$

2111 461 2245 507 .tur.
2273 451 2406 507 Cum
2431 463 2608 508 autem
2643 465 2791 509 esset
2812 471 2996 510 eormn
3041 455 3260 511 morbus
3300 456 3726 528 immedicabilis,

2133 545 2215 598 eis
2239 544 2596 614 eolophonem
2627 546 2888 600 malorum
2918 547 3153 611 induxit;
3183 564 3243 602 ea
3271 565 3482 619 qtluqtte
3522 556 3727 607 ratione

2104 649 2229 688 ~eos
2275 651 2458 689 rursus
2487 651 2683 692 vocans
2723 636 2792 691 ad
2829 639 3190 704 pmuitentiam
3216 679 3230 702 ,
3261 648 3318 692 ut
3352 657 3470 694 eum
3501 657 3530 694 a
3557 652 3735 698 νοιςιιι-

2133 726 2303 782 forma
2349 728 2653 797 reipublicae
2691 730 3019 795 exciderint,
3048 731 3131 785 vel
3160 731 3230 785 ab
3275 732 3387 803 ipsa
3419 749 3594 788 rerum
3629 752 3723 789 uc-

2129 819 2377 874 eessitate
2397 819 2463 872 ad
2484 819 2760 874 veritatem
2789 819 3138 885 deducantur,
3171 837 3292 876 cum
3316 832 3369 876 et
3389 839 3533 887 eum,
3562 841 3730 894 quem-

2132 910 2342 980 probris
2367 917 2421 964 et
2451 910 2660 981 injuriis
2687 910 2999 979 aliecerunt,
3028 913 3242 968 videant
3270 915 3463 985 ubique
3484 917 3730 983 adorari,

2129 1010 2185 1055 et
2213 1016 2304 1055 sua
2328 1003 2504 1056 omnia
2540 1003 2734 1057 misere
2755 1004 3040 1059 corruisse.
3069 1004 3294 1072 Quando
3331 1017 3507 1062 autem
3544 1024 3610 1062 ue
3647 1010 3726 1065 sic

2122 1091 2344 1161 quidem
2387 1092 2638 1148 meliores
2663 1094 2967 1160 evaserint,
3002 1104 3126 1150 tunc
3166 1096 3377 1153 tandem
3404 1141 3418 1161 ,
3443 1107 3502 1152 ut
3529 1098 3724 1170 quibus

2130 1181 2262 1236 nihil
2292 1183 2523 1253 supersit
2550 1185 2721 1240 venire
2743 1225 2758 1252 ,
2788 1186 2842 1240 in
2883 1186 3184 1242 immortale
3217 1187 3569 1244 detrudeutur
3596 1207 3722 1260 sup-

2129 1273 2364 1342 plicium.
2389 1273 2522 1329 Cum
2565 1283 2742 1330 autem
2785 1277 2938 1332 audis
2964 1276 3277 1346 Scabellum,
3306 1295 3373 1334 ue
3413 1290 3566 1349 putes
3596 1298 3725 1336 eum

2125 1363 2308 1420 dicere
2354 1366 2554 1436 aliquid
2599 1367 2894 1434 sensibile,
2939 1367 3034 1423 sed
3084 1369 3252 1439 ipsam
3307 1371 3714 1441 subjectionem.

2126 1455 2278 1524 Quod
2305 1466 2480 1512 autem
2507 1458 2558 1512 ei
2588 1459 2855 1528 subjiciat,
2875 1459 3080 1515 clarum
3117 1469 3202 1516 est
3238 1476 3306 1516 ex
3330 1477 3396 1516 eo
3418 1461 3560 1532 quod
3589 1463 3716 1516 sub-

2120 1548 2361 1620 jungitur
2385 1568 2400 1614 ;
2426 1550 2548 1622 quia
2577 1551 2722 1606 enim
2757 1561 2841 1608 est
2868 1567 3004 1607 unus
3033 1551 3288 1620 thronus,
3313 1569 3475 1608 unum
3504 1569 3723 1625 quoque

2123 1652 2207 1696 est
2233 1641 2546 1696 scabellum.

2201 1731 2530 1805 Principatus
2558 1732 2837 1804 Unigeuiti.
2876 1733 3066 1806 Perpes
3103 1742 3176 1790 est
3221 1733 3407 1790 Christi
3455 1736 3712 1807 principa-

2124 1832 2223 1878 tus.
2268 1853 2342 1865 --
2399 1825 2453 1879 '5.
2512 1823 2700 1880 Tecum
2752 1825 3064 1897 principatus
3117 1828 3170 1880 in
3216 1826 3298 1881 die
3343 1828 3538 1881 virtutis
3589 1837 3708 1882 tua.

2122 1915 2384 1982 Quoniam
2415 1915 2549 1971 dixit
2590 1918 2865 1987 superius,
2895 1916 3072 1972 Donec
3110 1934 3294 1989 ponam
3333 1919 3566 1972 inimicos
3603 1932 3719 1973 tuos
3807 1907 3818 1912 ’

2120 2007 2395 2063 scabellum
2416 2009 2600 2079 pedum
2624 2019 2848 2076 tuorum,
2872 2027 2940 2066 ne
2967 2011 3086 2081 quis
3115 2011 3448 2066 existimaret
3472 2026 3592 2067 esse
3617 2012 3714 2066 im-

2124 2099 2373 2154 becillum
2401 2099 2614 2167 Filium,
2642 2110 2695 2156 et
2729 2115 2863 2171 opus
2887 2101 3083 2157 habere
3117 2090 3426 2173 operatione
3449 2143 3466 2170 ,
3498 2103 3635 2157 sicut
3657 2111 3715 2157 et

2123 2191 2427 2262 quempiam
2453 2207 2520 2248 ex
2549 2193 2806 2260 apostolis
2827 2233 2843 2257 ,
2871 2193 2990 2247 audi
3029 2193 3299 2266 quomodo
3337 2194 3493 2249 affert
3534 2211 3712 2250 reme-

2122 2285 2270 2340 dium
2302 2285 2446 2356 huic,
2467 2286 2793 2356 suspicioni,
2820 2286 3004 2341 dicens
3033 2303 3048 2340 :
3079 2286 3264 2341 Tecum
3307 2288 3620 2357 principatus
3659 2289 3714 2341 in

2121 2376 2206 2431 die
2245 2377 2441 2431 virtutis
2470 2387 2588 2430 tute.
2615 2375 2754 2444 Quid
2777 2385 2896 2443 est,
2926 2375 3114 2432 Tecum
3159 2379 3472 2448 principatus
3490 2380 3515 2432 .’
3544 2379 3599 2433 lu
3633 2390 3707 2443 te,

2123 2467 2312 2538 inquit,
2334 2475 2418 2522 est
2436 2467 2779 2538 principatus,
2801 2469 2889 2539 qui
2917 2483 3022 2523 non
3049 2478 3231 2538 postea
3257 2471 3501 2536 accessit,
3531 2469 3623 2524 sed
3655 2470 3709 2523 iu

2123 2569 2176 2615 te
2211 2569 2294 2616 est
2334 2569 2590 2630 perpetuo
2625 2576 2640 2613 :
2672 2560 2813 2630 quod
2847 2561 3006 2616 etiam
3042 2559 3203 2616 Isaias
3235 2561 3480 2616 similiter
3505 2562 3710 2632 signino

2119 2667 2250 2708 cans
2273 2652 2484 2709 dicebat
2516 2670 2529 2708 :
2560 2651 2724 2723 Cujus
2760 2653 3072 2723 principatus
3113 2668 3265 2722 super
3298 2651 3561 2706 humerum
3601 2653 3711 2721 ejus

2121 2745 2274 2817 (ικαὶ.
2304 2745 2359 2801 9.
2389 2746 2444 2815 6)
2471 2745 2614 2812 ;boc
2639 2753 2759 2812 est,
2790 2747 2842 2799 iu
2882 2745 3018 2816 ipso,
3051 2745 3102 2800 in
3132 2745 3424 2802 substantia
3471 2745 3623 2813 ejus,
3653 2745 3711 2798 iu

2121 2849 2307 2895 natura
2333 2838 2449 2910 ejus
2480 2857 2495 2892 :
2526 2839 2667 2909 quod
2693 2837 2905 2909 quidem
2933 2853 3037 2893 non
3064 2839 3202 2893 inest
3229 2837 3280 2892 in
3307 2839 3539 2908 regibus.
3563 2837 3709 2890 Prin-

2120 2931 2328 3001 eipatus
2375 2930 2516 2986 enim
2556 2945 2743 2986 eorum
2793 2932 2876 2985 est
2913 2929 2964 2984 iu
3008 2928 3345 2984 multitudine
3395 2928 3704 2984 exercitus:

2119 3023 2262 3094 quod
2305 3038 2411 3077 non
2458 3029 2574 3077 erat
2615 3022 2668 3076 in
2713 3021 2985 3091 apostolis.
3029 3021 3161 3076 Nam
3205 3020 3438 3090 ipsorum
3495 3035 3708 3090 quoque

2120 3117 2445 3187 principatus
2469 3115 2733 3170 stabilitus
2759 3113 2853 3169 fuit
2883 3129 2978 3184 per
3003 3114 3368 3184 operationem
3395 3113 3474 3168 eis
3499 3113 3706 3167 extrin-

2117 3223 2274 3265 secus
2324 3209 2626 3274 inductam;
2668 3210 2782 3280 ipse
2828 3220 3005 3265 autem
3049 3208 3232 3263 habuit
3270 3206 3621 3277 principatum
3651 3207 3705 3260 in

2119 3310 2327 3367 natura,
2359 3300 2410 3354 in
2437 3301 2754 3368 substantia,
2789 3308 2844 3354 ut
2866 3301 2953 3371 qui
2981 3315 3085 3355 non
3115 3315 3237 3355 eum
3266 3298 3532 3369 acceperit
3557 3307 3704 3368 post-

2117 3409 2276 3465 quam
2317 3395 2673 3465 fuitgeuitus,
2713 3409 2815 3450 nec
2837 3393 3199 3449 exstrinsecus
3239 3391 3579 3462 importatum
3614 3399 3708 3447 aut

2116 3485 2465 3542 adventitium
2487 3485 2800 3555 possederit,
2825 3485 2918 3540 sed
2947 3485 3015 3539 ita
3045 3485 3115 3540 sit
3140 3484 3368 3555 genitus.
3392 3481 3462 3537 Et
3491 3482 3611 3538 ideo
3636 3481 3706 3538 de

2117 3593 2284 3648 regno
2309 3593 2520 3648 quoque
2550 3578 2925 3648 interrogatus,
2956 3576 3163 3632 dicebat
3195 3591 3210 3628 :
3242 3575 3353 3647 Ego
3382 3575 3449 3628 ad
3486 3575 3580 3628 hoc
3605 3591 3702 3627 na-

2118 3678 2197 3722 tus
2222 3685 2334 3723 sum
2351 3709 2366 3733 ,
2396 3679 2442 3722 et
2469 3667 2538 3721 ad
2563 3671 2658 3722 hoc
2685 3669 2815 3722 uerti.
2847 3667 3033 3721 Tecum
3069 3667 3382 3736 principatus
3418 3667 3472 3719 in
3497 3666 3580 3718 die
3607 3681 3703 3736 po-

2115 3760 2282 3813 tentia:
2301 3771 2402 3814 tua:
2428 3759 2605 3831 (Joan.
2629 3760 2714 3814 18.
2739 3757 2851 3831 57).
2882 3758 2998 3813 Νοη
3029 3762 3143 3813 haac
3174 3767 3350 3812 autem
3377 3758 3549 3812 solum
3582 3771 3705 3827 quas

2115 3851 2258 3906 dicta
2294 3861 2448 3916 sunt,
2492 3851 2755 3921 signiﬁcat
2803 3850 2964 3918 illud,
3002 3849 3192 3905 Tecum
3233 3851 3578 3920 principatus,
3605 3846 3702 3902 sed

2115 3942 2276 3996 etiam
2302 3942 2429 4008 alia,
2457 3957 2650 4012 nempe
2676 3957 2780 3998 non
2805 3956 2925 3997 esse
2949 3941 3065 4012 ejus
3091 3940 3440 4012 principatum
3467 3942 3518 3995 in
3558 3941 3663 3995 alio
3680 3979 3697 4003 ,

2115 4033 2211 4089 sed
2239 4048 2360 4089 esse
2384 4043 2696 4104 perpetuum
2721 4043 2773 4090 et
2804 4034 3178 4090 immortalem.
3206 4034 3459 4089 Homines
3485 4033 3624 4088 enim
3654 4033 3701 4086 is

2115 4125 2198 4180 vel
2228 4127 2466 4181 viventes
2492 4141 2639 4196 saepe
2669 4125 2872 4181 deserit
2902 4143 2915 4179 :
2949 4134 3002 4180 et
3035 4125 3080 4180 si
3111 4140 3218 4180 non
3248 4125 3487 4180 viventes
3509 4164 3526 4192 ,
3553 4132 3706 4180 certe-

2113 4217 2332 4274 omnino
2355 4227 2626 4284 mortuos;
2659 4217 2766 4272 imo
2785 4224 2942 4284 vero,
2968 4217 3108 4289 quod
3142 4218 3313 4288 majus
3336 4225 3437 4284 est,
3467 4232 3534 4272 ne
3570 4217 3698 4273 dum

2113 4308 2297 4364 vivunt
2320 4309 2554 4380 quidem,
2580 4317 2664 4364 est
2687 4325 2808 4364 eum
2829 4310 2937 4377 eis;
2969 4310 3080 4376 sed,
3109 4310 3291 4381 utjam
3311 4310 3440 4378 dixi,
3465 4311 3516 4365 in
3544 4325 3699 4366 exer-

2112 4403 2324 4468 citibus,
2351 4412 2407 4458 et
2431 4401 2766 4469 satellitibus,
2795 4419 2858 4459 ac
2882 4404 3122 4474 corporis
3150 4403 3480 4470 custodibus,
3501 4403 3554 4458 in
3584 4418 3704 4458 ma-

2112 4511 2212 4567 gna
2233 4496 2281 4550 vi
2307 4495 2565 4565 pecuniae,
2585 4495 2638 4550 in
2663 4511 2936 4551 murorum
2960 4496 3185 4563 ambitu,
3211 4503 3266 4551 et
3289 4494 3405 4549 aliis
3427 4493 3694 4549 omnibus:

2111 4587 2166 4642 in
2197 4587 2306 4643 Deo
2335 4596 2510 4642 autem
2538 4603 2645 4644 non
2683 4587 2846 4643 modo
2870 4603 2976 4642 non
3002 4589 3072 4642 ita
3101 4596 3211 4653 est,
3243 4587 3336 4642 sed
3367 4586 3420 4641 in
3451 4587 3566 4656 ipso
3591 4593 3694 4652 est,

2112 4690 2167 4735 et
2197 4691 2452 4750 perpetuo
2481 4697 2495 4734 :
2524 4690 2574 4736 et
2621 4680 3069 4752 quemadmodum
3119 4680 3232 4735 ﬁeri
3273 4695 3376 4735 non
3423 4688 3597 4750 potest
3640 4687 3699 4732 ut

2112 4787 2218 4827 non
2258 4772 2327 4828 sit
2350 4771 2468 4843 ejus
2497 4773 2814 4839 substantia,
2844 4772 2916 4826 ita
2943 4773 3103 4828 etiam
3131 4781 3192 4826 ut
3220 4787 3324 4826 non
3353 4771 3424 4825 sit
3448 4785 3694 4840 regnum.

2113 4854 2290 4920 In‘die
2333 4867 2567 4934 potentia:
2593 4875 2712 4920 tute.
2744 4865 2896 4921 Diem
2937 4866 3188 4935 potentia:
3231 4874 3383 4934 potes
3419 4863 3599 4919 dicere
3641 4872 3696 4918 et

2110 4960 2252 5014 diem
2279 4959 2368 5029 qui
2389 4959 2500 5029 jam
2523 4957 2642 5024 fuit,
2667 4967 2722 5014 et
2745 4958 2885 5014 diem
2906 4959 2996 5028 qui
3029 4957 3237 5013 futurus
3256 4965 3355 5012 est.
3384 4956 3440 5010 In
3469 4965 3698 5024 utroque

2109 5053 2251 5108 enim
2300 5053 2531 5106 maxima
2560 5050 2858 5106 ostenditur
2886 5051 3143 5120 potentia.
3175 5051 3362 5104 Annon
3403 5048 3498 5104 tibi
3550 5046 3700 5102 vide-

2109 5153 2198 5198 tur
2220 5157 2340 5198 esse
2367 5143 2654 5197 maximum
2681 5141 2929 5212 potentiae
2953 5151 3341 5212 argumentum.
3364 5139 3580 5212 quando
3603 5155 3697 5208 per

2107 5244 2334 5288 mortem
2367 5248 2512 5288 mors
2550 5231 2785 5296 deletur,
2819 5233 3030 5302 quando
3059 5241 3224 5301 porta:
3257 5248 3422 5287 aenea:
3455 5231 3697 5287 confrin-

2105 5336 2302 5394 guutur
2320 5364 2336 5390 ,
2363 5323 2576 5394 quando
2601 5334 2878 5392 peccatum
2920 5323 3164 5378 aboletur
3182 5365 3197 5389 ,
3229 5323 3443 5394 quando
3469 5322 3698 5378 maledi-

2104 5424 2247 5470 ctum
2275 5415 2516 5480 solvitur,
2545 5415 2758 5485 quando
2783 5423 2961 5471 vetera
2987 5416 3164 5470 omnia
3195 5414 3333 5468 mala
3363 5423 3695 5478 evertuntur,

2104 5518 2160 5562 et
2195 5507 2296 5560 alia
2333 5523 2468 5561 nova
2507 5508 2643 5563 bona
2687 5507 3136 5562 introducuntur?
3159 5507 3297 5573 Quid
3336 5507 3477 5561 enim
3520 5514 3696 5576 potest

2102 5613 2222 5652 cum
2253 5597 2351 5653 hac
2380 5597 2609 5654 conferri
2639 5599 2892 5666 potentia,
2918 5600 3029 5652 sive
3057 5598 3363 5653 consideres
3395 5597 3647 5652 miracula
3673 5636 3688 5659 ,

2103 5688 2222 5743 sive
2239 5688 2593 5758 pulcherrima
2627 5690 2878 5744 .faciuora
2908 5691 2931 5742 ’ἐ
2957 5688 3146 5744 Mortui
3173 5689 3540 5744 excitabantur
3564 5728 3578 5749 ,
3614 5688 3690 5740 le-

2100 5777 2251 5846 prosi
2312 5780 2719 5848 mundabautur,
2760 5780 3029 5838 daemones
3067 5781 3497 5851 expellebantur,
3543 5795 3692 5834 mare
