  <div class='ocr_page' id='page_1' title='image "/cluster/home/n/w/nwhite01/storage/ocr_20150623/55/mdp.39015028539511/265.png"; bbox 0 0 4086 6268; ppageno 0'>
   <div class='ocr_carea' id='block_1_1' title="bbox 475 338 583 394">
    <p class='ocr_par' dir='ltr' id='par_1_1' title="bbox 475 338 583 394">
     <span class='ocr_line' id='line_1_1' title="bbox 475 338 583 394; baseline 0.019 -2"><span class='ocrx_word' id='word_1_1' title='bbox 475 338 583 394; x_wconf 69' lang='lat' dir='ltr'>S73</span> 
     </span>
    </p>
   </div>
   <div class='ocr_carea' id='block_1_2' title="bbox 475 453 2046 528">
    <p class='ocr_par' dir='ltr' id='par_1_2' title="bbox 475 453 2046 528">
     <span class='ocr_line' id='line_1_2' title="bbox 475 453 2046 528; baseline -0.001 -17"><span class='ocrx_word' id='word_1_2' title='bbox 475 453 812 525; x_wconf 82' lang='grc' dir='ltr'>ταπέτασμα</span> <span class='ocrx_word' id='word_1_3' title='bbox 835 454 1100 526; x_wconf 75' lang='grc' dir='ltr'>ἐσχίζετο,</span> <span class='ocrx_word' id='word_1_4' title='bbox 1126 457 1342 520; x_wconf 83' lang='grc' dir='ltr'>ἀκτῖνες</span> <span class='ocrx_word' id='word_1_5' title='bbox 1381 457 1531 528; x_wconf 82' lang='grc' dir='ltr'>ἡλίου</span> <span class='ocrx_word' id='word_1_6' title='bbox 1569 457 1974 526; x_wconf 80' lang='grc' dir='ltr'>ἀπεστρέφοντο</span> <span class='ocrx_word' id='word_1_7' title='bbox 1997 467 2046 516; x_wconf 71' lang='grc' dir='ltr'>α.</span> 
     </span>
    </p>
   </div>
   <div class='ocr_carea' id='block_1_3' title="bbox 480 537 2052 610">
    <p class='ocr_par' dir='ltr' id='par_1_3' title="bbox 480 537 2052 610">
     <span class='ocr_line' id='line_1_3' title="bbox 480 537 2052 610; baseline -0.002 -18"><span class='ocrx_word' id='word_1_8' title='bbox 480 539 576 593; x_wconf 90' lang='lat' dir='ltr'><strong><em>zeal</em></strong></span> <span class='ocrx_word' id='word_1_9' title='bbox 601 538 791 600; x_wconf 82' lang='grc' dir='ltr'>σκότος</span> <span class='ocrx_word' id='word_1_10' title='bbox 813 538 910 608; x_wconf 84' lang='grc' dir='ltr'>τὴν</span> <span class='ocrx_word' id='word_1_11' title='bbox 932 539 1253 609; x_wconf 71' lang='grc' dir='ltr'>οἰκουμένην</span> <span class='ocrx_word' id='word_1_12' title='bbox 1277 541 1674 610; x_wconf 85' lang='grc' dir='ltr'>κατελάμϐανε,</span> <span class='ocrx_word' id='word_1_13' title='bbox 1697 539 1922 609; x_wconf 80' lang='grc' dir='ltr'>σώματα</span> <span class='ocrx_word' id='word_1_14' title='bbox 1944 537 2052 590; x_wconf 86' lang='grc' dir='ltr'>τῶν</span> 
     </span>
    </p>
   </div>
   <div class='ocr_carea' id='block_1_4' title="bbox 480 625 2052 697">
    <p class='ocr_par' dir='ltr' id='par_1_4' title="bbox 480 625 2052 697">
     <span class='ocr_line' id='line_1_4' title="bbox 480 625 2052 697; baseline -0.003 -17"><span class='ocrx_word' id='word_1_15' title='bbox 480 625 894 696; x_wconf 80' lang='grc' dir='ltr'>κεκοιμημένων</span> <span class='ocrx_word' id='word_1_16' title='bbox 916 627 1086 694; x_wconf 80' lang='grc' dir='ltr'>ἁγίων</span> <span class='ocrx_word' id='word_1_17' title='bbox 1100 626 1373 697; x_wconf 82' lang='grc' dir='ltr'>ἡγείρετο,</span> <span class='ocrx_word' id='word_1_18' title='bbox 1392 626 1593 697; x_wconf 77' lang='grc' dir='ltr'>λῃστὴς</span> <span class='ocrx_word' id='word_1_19' title='bbox 1611 629 1689 689; x_wconf 84' lang='grc' dir='ltr'>είς</span> <span class='ocrx_word' id='word_1_20' title='bbox 1706 628 1804 688; x_wconf 75' lang='grc' dir='ltr'>τὴν</span> <span class='ocrx_word' id='word_1_21' title='bbox 1823 625 2052 697; x_wconf 83' lang='grc' dir='ltr'>ἀρχαίαν</span> 
     </span>
    </p>
   </div>
   <div class='ocr_carea' id='block_1_5' title="bbox 481 712 2048 785">
    <p class='ocr_par' dir='ltr' id='par_1_5' title="bbox 481 712 2048 785">
     <span class='ocr_line' id='line_1_5' title="bbox 481 712 2048 785; baseline -0.001 -21"><span class='ocrx_word' id='word_1_22' title='bbox 481 713 705 783; x_wconf 80' lang='grc' dir='ltr'>ἐπανῄει</span> <span class='ocrx_word' id='word_1_23' title='bbox 722 712 971 783; x_wconf 87' lang='grc' dir='ltr'>πατρίδα,</span> <span class='ocrx_word' id='word_1_24' title='bbox 991 715 1050 766; x_wconf 89' lang='grc' dir='ltr'>οὐ</span> <span class='ocrx_word' id='word_1_25' title='bbox 1061 713 1220 784; x_wconf 89' lang='grc' dir='ltr'>ρανοῦ</span> <span class='ocrx_word' id='word_1_26' title='bbox 1243 713 1424 782; x_wconf 68' lang='grc' dir='ltr'>ἀψῖδες</span> <span class='ocrx_word' id='word_1_27' title='bbox 1441 713 1592 785; x_wconf 69' lang='lat'>[258]</span> <span class='ocrx_word' id='word_1_28' title='bbox 1610 713 2048 775; x_wconf 80' lang='grc' dir='ltr'>ἀνεπετάννυντο,</span> 
     </span>
    </p>
   </div>
   <div class='ocr_carea' id='block_1_6' title="bbox 481 799 2055 871">
    <p class='ocr_par' dir='ltr' id='par_1_6' title="bbox 481 799 2055 871">
     <span class='ocr_line' id='line_1_6' title="bbox 481 799 2055 871; baseline -0.001 -19"><span class='ocrx_word' id='word_1_29' title='bbox 481 802 516 869; x_wconf 83' lang='grc' dir='ltr'>ἡ</span> <span class='ocrx_word' id='word_1_30' title='bbox 540 801 750 869; x_wconf 85' lang='grc' dir='ltr'>φύσιςὴ</span> <span class='ocrx_word' id='word_1_31' title='bbox 777 801 1283 870; x_wconf 87' lang='grc' dir='ltr'>καταπεπατημένη</span> <span class='ocrx_word' id='word_1_32' title='bbox 1309 801 1446 870; x_wconf 81' lang='grc' dir='ltr'>ὑπὲρ</span> <span class='ocrx_word' id='word_1_33' title='bbox 1474 801 1563 854; x_wconf 76' lang='grc' dir='ltr'>τὸν</span> <span class='ocrx_word' id='word_1_34' title='bbox 1591 800 1816 871; x_wconf 81' lang='grc' dir='ltr'>οὐρανὸν</span> <span class='ocrx_word' id='word_1_35' title='bbox 1844 799 1936 850; x_wconf 90' lang='grc' dir='ltr'>τοῦ</span> <span class='ocrx_word' id='word_1_36' title='bbox 1965 799 2055 851; x_wconf 84' lang='grc' dir='ltr'>οὐ-</span> 
     </span>
    </p>
   </div>
   <div class='ocr_carea' id='block_1_7' title="bbox 487 886 2052 958">
    <p class='ocr_par' dir='ltr' id='par_1_7' title="bbox 487 886 2052 958">
     <span class='ocr_line' id='line_1_7' title="bbox 487 886 2052 958; baseline 0 -20"><span class='ocrx_word' id='word_1_37' title='bbox 487 887 644 956; x_wconf 89' lang='grc' dir='ltr'>ρανοῦ</span> <span class='ocrx_word' id='word_1_38' title='bbox 682 889 817 956; x_wconf 81' lang='grc' dir='ltr'>πρὸς</span> <span class='ocrx_word' id='word_1_39' title='bbox 849 889 915 942; x_wconf 83' lang='grc' dir='ltr'>τά</span> <span class='ocrx_word' id='word_1_40' title='bbox 955 887 1224 958; x_wconf 70' lang='grc' dir='ltr'>ὑψώματα</span> <span class='ocrx_word' id='word_1_41' title='bbox 1257 889 1508 958; x_wconf 87' lang='grc' dir='ltr'>ἀνήγετο,</span> <span class='ocrx_word' id='word_1_42' title='bbox 1541 888 1636 939; x_wconf 87' lang='lat' dir='ltr'><strong><em>zeal</em></strong></span> <span class='ocrx_word' id='word_1_43' title='bbox 1677 887 1738 938; x_wconf 79' lang='grc' dir='ltr'>τὸ</span> <span class='ocrx_word' id='word_1_44' title='bbox 1770 886 1833 956; x_wconf 86' lang='grc' dir='ltr'>δὴ</span> <span class='ocrx_word' id='word_1_45' title='bbox 1863 886 2052 940; x_wconf 89' lang='grc' dir='ltr'>τούτου</span> 
     </span>
    </p>
   </div>
   <div class='ocr_carea' id='block_1_8' title="bbox 486 973 2052 1045">
    <p class='ocr_par' dir='ltr' id='par_1_8' title="bbox 486 973 2052 1045">
     <span class='ocr_line' id='line_1_8' title="bbox 486 973 2052 1045; baseline 0.001 -20"><span class='ocrx_word' id='word_1_46' title='bbox 486 973 687 1042; x_wconf 82' lang='grc' dir='ltr'>μεῖζον,</span> <span class='ocrx_word' id='word_1_47' title='bbox 709 975 802 1026; x_wconf 77' lang='grc' dir='ltr'>ἐπὶ</span> <span class='ocrx_word' id='word_1_48' title='bbox 829 975 1018 1044; x_wconf 85' lang='grc' dir='ltr'>θρόνου</span> <span class='ocrx_word' id='word_1_49' title='bbox 1048 973 1333 1038; x_wconf 80' lang='grc' dir='ltr'>ἐκαθέζετο</span> <span class='ocrx_word' id='word_1_50' title='bbox 1357 973 1657 1044; x_wconf 80' lang='grc' dir='ltr'>βασιλικοῦ,</span> <span class='ocrx_word' id='word_1_51' title='bbox 1687 973 2052 1045; x_wconf 78' lang='grc' dir='ltr'>παρεστώτων</span> 
     </span>
    </p>
   </div>
   <div class='ocr_carea' id='block_1_9' title="bbox 482 1060 2055 1132">
    <p class='ocr_par' dir='ltr' id='par_1_9' title="bbox 482 1060 2055 1132">
     <span class='ocr_line' id='line_1_9' title="bbox 482 1060 2055 1132; baseline -0.001 -18"><span class='ocrx_word' id='word_1_52' title='bbox 482 1061 730 1129; x_wconf 83' lang='grc' dir='ltr'>ἀγγέλων</span> <span class='ocrx_word' id='word_1_53' title='bbox 763 1062 898 1132; x_wconf 80' lang='grc' dir='ltr'>αὐτῇ</span> <span class='ocrx_word' id='word_1_54' title='bbox 937 1063 1032 1115; x_wconf 88' lang='lat' dir='ltr'><strong><em>zeal</em></strong></span> <span class='ocrx_word' id='word_1_55' title='bbox 1060 1063 1168 1115; x_wconf 89' lang='grc' dir='ltr'>τῶν</span> <span class='ocrx_word' id='word_1_56' title='bbox 1194 1062 1470 1132; x_wconf 83' lang='grc' dir='ltr'>δυνάμεων</span> <span class='ocrx_word' id='word_1_57' title='bbox 1489 1078 1502 1091; x_wconf 87' lang='grc'><strong>·</strong></span> <span class='ocrx_word' id='word_1_58' title='bbox 1526 1061 1694 1115; x_wconf 87' lang='grc' dir='ltr'>κακία</span> <span class='ocrx_word' id='word_1_59' title='bbox 1714 1063 1862 1114; x_wconf 81' lang='grc' dir='ltr'>πᾶσα</span> <span class='ocrx_word' id='word_1_60' title='bbox 1888 1060 2055 1128; x_wconf 79' lang='grc' dir='ltr'>ἡλαύ-</span> 
     </span>
    </p>
   </div>
   <div class='ocr_carea' id='block_1_10' title="bbox 483 1149 2048 1221">
    <p class='ocr_par' dir='ltr' id='par_1_10' title="bbox 483 1149 2048 1221">
     <span class='ocr_line' id='line_1_10' title="bbox 483 1149 2048 1221; baseline 0 -21"><span class='ocrx_word' id='word_1_61' title='bbox 483 1165 622 1208; x_wconf 85' lang='grc' dir='ltr'>νετο,</span> <span class='ocrx_word' id='word_1_62' title='bbox 674 1151 842 1221; x_wconf 85' lang='grc' dir='ltr'>ἀρετή</span> <span class='ocrx_word' id='word_1_63' title='bbox 885 1151 1215 1221; x_wconf 82' lang='grc' dir='ltr'>ἐπανήγετο,</span> <span class='ocrx_word' id='word_1_64' title='bbox 1262 1150 1576 1220; x_wconf 88' lang='grc' dir='ltr'>Πνεύματος</span> <span class='ocrx_word' id='word_1_65' title='bbox 1621 1149 1779 1221; x_wconf 89' lang='grc' dir='ltr'>χάρις</span> <span class='ocrx_word' id='word_1_66' title='bbox 1829 1149 2048 1214; x_wconf 91' lang='grc' dir='ltr'>ἐδίδοτο,</span> 
     </span>
    </p>
   </div>
   <div class='ocr_carea' id='block_1_11' title="bbox 483 1236 2057 1308">
    <p class='ocr_par' dir='ltr' id='par_1_11' title="bbox 483 1236 2057 1308">
     <span class='ocr_line' id='line_1_11' title="bbox 483 1236 2057 1308; baseline -0.001 -18"><span class='ocrx_word' id='word_1_67' title='bbox 483 1237 673 1300; x_wconf 81' lang='grc' dir='ltr'>ἁλιεῖς.</span> <span class='ocrx_word' id='word_1_68' title='bbox 708 1237 798 1289; x_wconf 89' lang='lat' dir='ltr'><strong><em>zeal</em></strong></span> <span class='ocrx_word' id='word_1_69' title='bbox 828 1237 1074 1302; x_wconf 85' lang='grc' dir='ltr'>τελῶναι,</span> <span class='ocrx_word' id='word_1_70' title='bbox 1100 1238 1192 1291; x_wconf 89' lang='lat' dir='ltr'><strong><em>zeal</em></strong></span> <span class='ocrx_word' id='word_1_71' title='bbox 1224 1237 1537 1308; x_wconf 71' lang='grc' dir='ltr'>σκηνοποιοὶ</span> <span class='ocrx_word' id='word_1_72' title='bbox 1562 1236 1863 1306; x_wconf 79' lang='grc' dir='ltr'>φιλοσόφων</span> <span class='ocrx_word' id='word_1_73' title='bbox 1885 1236 2057 1308; x_wconf 77' lang='grc' dir='ltr'>ἀπέρ-</span> 
     </span>
    </p>
   </div>
   <div class='ocr_carea' id='block_1_12' title="bbox 487 1324 2057 1398">
    <p class='ocr_par' dir='ltr' id='par_1_12' title="bbox 487 1324 2057 1398">
     <span class='ocr_line' id='line_1_12' title="bbox 487 1324 2057 1398; baseline 0.001 -23"><span class='ocrx_word' id='word_1_74' title='bbox 487 1328 691 1396; x_wconf 83' lang='grc' dir='ltr'>ῥαπτον</span> <span class='ocrx_word' id='word_1_75' title='bbox 732 1325 996 1395; x_wconf 88' lang='grc' dir='ltr'>στόματα,</span> <span class='ocrx_word' id='word_1_76' title='bbox 1031 1327 1274 1398; x_wconf 79' lang='grc' dir='ltr'>ρητόρων</span> <span class='ocrx_word' id='word_1_77' title='bbox 1296 1325 1636 1397; x_wconf 74' lang='grc' dir='ltr'>ἀπέστρεφον</span> <span class='ocrx_word' id='word_1_78' title='bbox 1658 1324 1922 1393; x_wconf 87' lang='grc' dir='ltr'>γλῶτταν,</span> <span class='ocrx_word' id='word_1_79' title='bbox 1947 1325 2057 1377; x_wconf 76' lang='grc' dir='ltr'>δαιο</span> 
     </span>
    </p>
   </div>
   <div class='ocr_carea' id='block_1_13' title="bbox 487 1410 2054 1482">
    <p class='ocr_par' dir='ltr' id='par_1_13' title="bbox 487 1410 2054 1482">
     <span class='ocr_line' id='line_1_13' title="bbox 487 1410 2054 1482; baseline 0 -20"><span class='ocrx_word' id='word_1_80' title='bbox 487 1410 664 1478; x_wconf 89' lang='grc' dir='ltr'>μόνων</span> <span class='ocrx_word' id='word_1_81' title='bbox 711 1411 970 1465; x_wconf 84' lang='grc' dir='ltr'>κατέλυον</span> <span class='ocrx_word' id='word_1_82' title='bbox 997 1412 1286 1481; x_wconf 80' lang='grc' dir='ltr'>τυραννίδα</span> <span class='ocrx_word' id='word_1_83' title='bbox 1313 1429 1328 1443; x_wconf 79' lang='grc' dir='ltr'><strong><em>ο</em></strong></span> <span class='ocrx_word' id='word_1_84' title='bbox 1384 1411 1592 1482; x_wconf 75' lang='grc' dir='ltr'>βωμοὶ,</span> <span class='ocrx_word' id='word_1_85' title='bbox 1644 1413 1739 1465; x_wconf 86' lang='lat' dir='ltr'><strong><em>zeal</em></strong></span> <span class='ocrx_word' id='word_1_86' title='bbox 1771 1411 1919 1475; x_wconf 73' lang='grc' dir='ltr'>ναοὶ,</span> <span class='ocrx_word' id='word_1_87' title='bbox 1961 1411 2054 1464; x_wconf 88' lang='lat' dir='ltr'><strong><em>zeal</em></strong></span> 
     </span>
    </p>
   </div>
   <div class='ocr_carea' id='block_1_14' title="bbox 484 1497 2056 1570">
    <p class='ocr_par' dir='ltr' id='par_1_14' title="bbox 484 1497 2056 1570">
     <span class='ocr_line' id='line_1_14' title="bbox 484 1497 2056 1570; baseline 0.001 -22"><span class='ocrx_word' id='word_1_88' title='bbox 484 1497 686 1566; x_wconf 76' lang='grc' dir='ltr'>ἑορταὶ.</span> <span class='ocrx_word' id='word_1_89' title='bbox 721 1498 814 1550; x_wconf 80' lang='grc' dir='ltr'>καὶ</span> <span class='ocrx_word' id='word_1_90' title='bbox 843 1499 1181 1570; x_wconf 82' lang='grc' dir='ltr'>πανηγύρεις</span> <span class='ocrx_word' id='word_1_91' title='bbox 1223 1497 1531 1567; x_wconf 74' lang='grc' dir='ltr'>Ἑλληνικαὶ</span> <span class='ocrx_word' id='word_1_92' title='bbox 1558 1497 1826 1552; x_wconf 81' lang='grc' dir='ltr'>διελύοντο</span> <span class='ocrx_word' id='word_1_93' title='bbox 1847 1513 1860 1526; x_wconf 78' lang='grc'>⁸</span> <span class='ocrx_word' id='word_1_94' title='bbox 1897 1500 2056 1550; x_wconf 82' lang='grc' dir='ltr'>κνῖσα</span> 
     </span>
    </p>
   </div>
   <div class='ocr_carea' id='block_1_15' title="bbox 481 1583 2055 1657">
    <p class='ocr_par' dir='ltr' id='par_1_15' title="bbox 481 1583 2055 1657">
     <span class='ocr_line' id='line_1_15' title="bbox 481 1583 2055 1657; baseline 0.001 -21"><span class='ocrx_word' id='word_1_95' title='bbox 481 1584 578 1638; x_wconf 82' lang='lat' dir='ltr'><strong><em>zeal</em></strong></span> <span class='ocrx_word' id='word_1_96' title='bbox 599 1583 820 1650; x_wconf 83' lang='grc' dir='ltr'>καπνὸς,</span> <span class='ocrx_word' id='word_1_97' title='bbox 847 1587 941 1638; x_wconf 92' lang='lat' dir='ltr'><strong><em>zeal</em></strong></span> <span class='ocrx_word' id='word_1_98' title='bbox 968 1586 1036 1640; x_wconf 86' lang='grc' dir='ltr'>τά</span> <span class='ocrx_word' id='word_1_99' title='bbox 1058 1587 1224 1657; x_wconf 87' lang='grc' dir='ltr'>ἐναγῆ</span> <span class='ocrx_word' id='word_1_100' title='bbox 1252 1585 1470 1656; x_wconf 90' lang='grc' dir='ltr'>θύματα</span> <span class='ocrx_word' id='word_1_101' title='bbox 1495 1585 1672 1639; x_wconf 88' lang='grc' dir='ltr'>πάντα</span> <span class='ocrx_word' id='word_1_102' title='bbox 1693 1585 1832 1639; x_wconf 88' lang='grc' dir='ltr'>κατά</span> <span class='ocrx_word' id='word_1_103' title='bbox 1858 1586 2055 1655; x_wconf 86' lang='grc' dir='ltr'>κράτος</span> 
     </span>
    </p>
   </div>
   <div class='ocr_carea' id='block_1_16' title="bbox 481 1669 2053 1745">
    <p class='ocr_par' dir='ltr' id='par_1_16' title="bbox 481 1669 2053 1745">
     <span class='ocr_line' id='line_1_16' title="bbox 481 1669 2053 1745; baseline 0.003 -23"><span class='ocrx_word' id='word_1_104' title='bbox 481 1669 765 1738; x_wconf 76' lang='grc' dir='ltr'>ἠλαύνετο.</span> <span class='ocrx_word' id='word_1_105' title='bbox 791 1671 1012 1742; x_wconf 81' lang='grc' dir='ltr'>μάντεις</span> <span class='ocrx_word' id='word_1_106' title='bbox 1050 1675 1143 1726; x_wconf 89' lang='lat' dir='ltr'><strong><em>zeal</em></strong></span> <span class='ocrx_word' id='word_1_107' title='bbox 1184 1673 1600 1745; x_wconf 88' lang='grc' dir='ltr'>μητραγύρται,</span> <span class='ocrx_word' id='word_1_108' title='bbox 1645 1673 1739 1726; x_wconf 91' lang='lat' dir='ltr'><strong><em>zeal</em></strong></span> <span class='ocrx_word' id='word_1_109' title='bbox 1767 1673 2053 1726; x_wconf 87' lang='grc' dir='ltr'>οἰωνοσκό-</span> 
     </span>
    </p>
   </div>
   <div class='ocr_carea' id='block_1_17' title="bbox 480 1757 2048 1830">
    <p class='ocr_par' dir='ltr' id='par_1_17' title="bbox 480 1757 2048 1830">
     <span class='ocr_line' id='line_1_17' title="bbox 480 1757 2048 1830; baseline 0.001 -20"><span class='ocrx_word' id='word_1_110' title='bbox 480 1772 595 1820; x_wconf 76' lang='lat' dir='ltr'>me,</span> <span class='ocrx_word' id='word_1_111' title='bbox 627 1758 722 1812; x_wconf 86' lang='lat' dir='ltr'><strong><em>zeal</em></strong></span> <span class='ocrx_word' id='word_1_112' title='bbox 761 1757 908 1812; x_wconf 76' lang='grc' dir='ltr'>άπαν</span> <span class='ocrx_word' id='word_1_113' title='bbox 938 1757 1032 1812; x_wconf 88' lang='grc' dir='ltr'>τοῦ</span> <span class='ocrx_word' id='word_1_114' title='bbox 1058 1759 1304 1812; x_wconf 75' lang='grc' dir='ltr'>διαϐόλου</span> <span class='ocrx_word' id='word_1_115' title='bbox 1330 1759 1390 1812; x_wconf 82' lang='grc' dir='ltr'>τὸ</span> <span class='ocrx_word' id='word_1_116' title='bbox 1429 1760 1786 1830; x_wconf 70' lang='grc' dir='ltr'>ἐργαστήριον</span> <span class='ocrx_word' id='word_1_117' title='bbox 1822 1758 2048 1830; x_wconf 71' lang='grc' dir='ltr'>ἐδραπέο</span> 
     </span>
    </p>
   </div>
   <div class='ocr_carea' id='block_1_18' title="bbox 479 1843 2052 1918">
    <p class='ocr_par' dir='ltr' id='par_1_18' title="bbox 479 1843 2052 1918">
     <span class='ocr_line' id='line_1_18' title="bbox 479 1843 2052 1918; baseline 0.003 -22"><span class='ocrx_word' id='word_1_118' title='bbox 479 1858 659 1908; x_wconf 82' lang='grc' dir='ltr'>τευον,</span> <span class='ocrx_word' id='word_1_119' title='bbox 697 1843 1014 1915; x_wconf 86' lang='grc' dir='ltr'>Ἐκκλησίαι</span> <span class='ocrx_word' id='word_1_120' title='bbox 1059 1845 1336 1916; x_wconf 80' lang='grc' dir='ltr'>πανταχοῦ</span> <span class='ocrx_word' id='word_1_121' title='bbox 1380 1847 1478 1915; x_wconf 88' lang='grc' dir='ltr'>τῆς</span> <span class='ocrx_word' id='word_1_122' title='bbox 1524 1846 1850 1918; x_wconf 77' lang='grc' dir='ltr'>οἰκουμένης</span> <span class='ocrx_word' id='word_1_123' title='bbox 1893 1847 2052 1901; x_wconf 84' lang='grc' dir='ltr'>ἐϐλά-</span> 
     </span>
    </p>
   </div>
   <div class='ocr_carea' id='block_1_19' title="bbox 483 1933 2053 2005">
    <p class='ocr_par' dir='ltr' id='par_1_19' title="bbox 483 1933 2053 2005">
     <span class='ocr_line' id='line_1_19' title="bbox 483 1933 2053 2005; baseline 0.003 -21"><span class='ocrx_word' id='word_1_124' title='bbox 483 1947 712 1998; x_wconf 87' lang='grc' dir='ltr'>στανον,</span> <span class='ocrx_word' id='word_1_125' title='bbox 767 1933 1052 2004; x_wconf 86' lang='grc' dir='ltr'>παρθένων</span> <span class='ocrx_word' id='word_1_126' title='bbox 1103 1935 1252 2005; x_wconf 77' lang='grc' dir='ltr'>χοροὶ</span> <span class='ocrx_word' id='word_1_127' title='bbox 1309 1935 1659 1997; x_wconf 81' lang='grc' dir='ltr'>συνίσταντο,</span> <span class='ocrx_word' id='word_1_128' title='bbox 1715 1933 2053 2004; x_wconf 78' lang='grc' dir='ltr'>μοναζόντων</span> 
     </span>
    </p>
   </div>
   <div class='ocr_carea' id='block_1_20' title="bbox 480 2018 2052 2092">
    <p class='ocr_par' dir='ltr' id='par_1_20' title="bbox 480 2018 2052 2092">
     <span class='ocr_line' id='line_1_20' title="bbox 480 2018 2052 2092; baseline 0.001 -21"><span class='ocrx_word' id='word_1_129' title='bbox 480 2018 756 2089; x_wconf 87' lang='grc' dir='ltr'>τάγματα,</span> <span class='ocrx_word' id='word_1_130' title='bbox 800 2019 939 2090; x_wconf 87' lang='grc' dir='ltr'>μετά</span> <span class='ocrx_word' id='word_1_131' title='bbox 965 2021 1074 2074; x_wconf 88' lang='grc' dir='ltr'>τῶν</span> <span class='ocrx_word' id='word_1_132' title='bbox 1106 2021 1313 2075; x_wconf 85' lang='grc' dir='ltr'>πόλεων</span> <span class='ocrx_word' id='word_1_133' title='bbox 1343 2021 1438 2074; x_wconf 88' lang='lat' dir='ltr'><strong><em>zeal</em></strong></span> <span class='ocrx_word' id='word_1_134' title='bbox 1471 2023 1503 2092; x_wconf 91' lang='grc' dir='ltr'>ἡ</span> <span class='ocrx_word' id='word_1_135' title='bbox 1539 2021 1743 2092; x_wconf 82' lang='grc' dir='ltr'>ἔρημος</span> <span class='ocrx_word' id='word_1_136' title='bbox 1772 2021 2052 2087; x_wconf 86' lang='grc' dir='ltr'>εὐσεϐείας</span> 
     </span>
    </p>
   </div>
   <div class='ocr_carea' id='block_1_21' title="bbox 481 2104 2054 2180">
    <p class='ocr_par' dir='ltr' id='par_1_21' title="bbox 481 2104 2054 2180">
     <span class='ocr_line' id='line_1_21' title="bbox 481 2104 2054 2180; baseline 0.003 -22"><span class='ocrx_word' id='word_1_137' title='bbox 481 2104 806 2177; x_wconf 80' lang='grc' dir='ltr'>ἐπληροῦτο,</span> <span class='ocrx_word' id='word_1_138' title='bbox 835 2107 925 2160; x_wconf 89' lang='lat' dir='ltr'><strong><em>zeal</em></strong></span> <span class='ocrx_word' id='word_1_139' title='bbox 948 2107 1098 2179; x_wconf 71' lang='grc' dir='ltr'>χοροὶ</span> <span class='ocrx_word' id='word_1_140' title='bbox 1117 2107 1340 2162; x_wconf 91' lang='grc' dir='ltr'>δικαίων</span> <span class='ocrx_word' id='word_1_141' title='bbox 1365 2111 1458 2162; x_wconf 87' lang='lat' dir='ltr'><strong><em>zeal</em></strong></span> <span class='ocrx_word' id='word_1_142' title='bbox 1479 2107 1648 2177; x_wconf 83' lang='grc' dir='ltr'>ἁγίων</span> <span class='ocrx_word' id='word_1_143' title='bbox 1675 2107 1882 2180; x_wconf 86' lang='grc' dir='ltr'>ἀνδρῶν</span> <span class='ocrx_word' id='word_1_144' title='bbox 1905 2109 2054 2163; x_wconf 87' lang='grc' dir='ltr'>ίστά-</span> 
     </span>
    </p>
   </div>
   <div class='ocr_carea' id='block_1_22' title="bbox 483 2193 2053 2267">
    <p class='ocr_par' dir='ltr' id='par_1_22' title="bbox 483 2193 2053 2267">
     <span class='ocr_line' id='line_1_22' title="bbox 483 2193 2053 2267; baseline 0.004 -22"><span class='ocrx_word' id='word_1_145' title='bbox 483 2208 636 2262; x_wconf 86' lang='grc' dir='ltr'>μενοι</span> <span class='ocrx_word' id='word_1_146' title='bbox 676 2195 794 2256; x_wconf 91' lang='grc' dir='ltr'>ταῖς</span> <span class='ocrx_word' id='word_1_147' title='bbox 819 2193 930 2249; x_wconf 79' lang='grc' dir='ltr'>ἀνω</span> <span class='ocrx_word' id='word_1_148' title='bbox 972 2193 1231 2267; x_wconf 86' lang='grc' dir='ltr'>δυνάμεσι</span> <span class='ocrx_word' id='word_1_149' title='bbox 1259 2195 1369 2248; x_wconf 86' lang='grc' dir='ltr'>τῶν</span> <span class='ocrx_word' id='word_1_150' title='bbox 1416 2196 1666 2265; x_wconf 84' lang='grc' dir='ltr'>ἀγγέλων</span> <span class='ocrx_word' id='word_1_151' title='bbox 1688 2195 1952 2266; x_wconf 86' lang='grc' dir='ltr'>ἀντήχουν</span> <span class='ocrx_word' id='word_1_152' title='bbox 1993 2197 2053 2251; x_wconf 91' lang='grc' dir='ltr'>ἐν</span> 
     </span>
    </p>
   </div>
   <div class='ocr_carea' id='block_1_23' title="bbox 479 2278 2052 2354">
    <p class='ocr_par' dir='ltr' id='par_1_23' title="bbox 479 2278 2052 2354">
     <span class='ocr_line' id='line_1_23' title="bbox 479 2278 2052 2354; baseline 0.004 -24"><span class='ocrx_word' id='word_1_153' title='bbox 479 2280 548 2350; x_wconf 84' lang='grc' dir='ltr'>τῇ</span> <span class='ocrx_word' id='word_1_154' title='bbox 586 2278 846 2351; x_wconf 75' lang='grc' dir='ltr'>μελῳδία,</span> <span class='ocrx_word' id='word_1_155' title='bbox 892 2279 987 2334; x_wconf 90' lang='lat' dir='ltr'><strong><em>zeal</em></strong></span> <span class='ocrx_word' id='word_1_156' title='bbox 1021 2280 1316 2352; x_wconf 90' lang='grc' dir='ltr'>μαρτύρων</span> <span class='ocrx_word' id='word_1_157' title='bbox 1363 2282 1544 2353; x_wconf 83' lang='grc' dir='ltr'>δῆμοι,</span> <span class='ocrx_word' id='word_1_158' title='bbox 1587 2283 1681 2335; x_wconf 91' lang='lat' dir='ltr'><strong><em>zeal</em></strong></span> <span class='ocrx_word' id='word_1_159' title='bbox 1704 2283 2052 2354; x_wconf 84' lang='grc' dir='ltr'>ὁμολογητῶν</span> 
     </span>
    </p>
   </div>
   <div class='ocr_carea' id='block_1_24' title="bbox 481 2355 2052 2442">
    <p class='ocr_par' dir='ltr' id='par_1_24' title="bbox 481 2355 2052 2442">
     <span class='ocr_line' id='line_1_24' title="bbox 481 2355 2052 2442; baseline 0.004 -24"><span class='ocrx_word' id='word_1_160' title='bbox 481 2365 662 2437; x_wconf 83' lang='grc' dir='ltr'>πλήθη</span> <span class='ocrx_word' id='word_1_161' title='bbox 709 2366 982 2436; x_wconf 79' lang='grc' dir='ltr'>πανταχοῦ</span> <span class='ocrx_word' id='word_1_162' title='bbox 1017 2367 1118 2437; x_wconf 88' lang='grc' dir='ltr'>τῆς</span> <span class='ocrx_word' id='word_1_163' title='bbox 1158 2367 1478 2439; x_wconf 83' lang='grc' dir='ltr'>οἰκουμένης</span> <span class='ocrx_word' id='word_1_164' title='bbox 1531 2355 1839 2438; x_wconf 72' lang='grc' dir='ltr'>ἐφυτεύετο,</span> <span class='ocrx_word' id='word_1_165' title='bbox 1883 2371 2052 2442; x_wconf 80' lang='grc' dir='ltr'>ἀρετὴ</span> 
     </span>
    </p>
   </div>
   <div class='ocr_carea' id='block_1_25' title="bbox 485 2451 2052 2528">
    <p class='ocr_par' dir='ltr' id='par_1_25' title="bbox 485 2451 2052 2528">
     <span class='ocr_line' id='line_1_25' title="bbox 485 2451 2052 2528; baseline 0.005 -25"><span class='ocrx_word' id='word_1_166' title='bbox 485 2451 624 2522; x_wconf 84' lang='grc' dir='ltr'>μετά</span> <span class='ocrx_word' id='word_1_167' title='bbox 660 2453 861 2523; x_wconf 89' lang='grc' dir='ltr'>πολλῆς</span> <span class='ocrx_word' id='word_1_168' title='bbox 907 2453 1255 2526; x_wconf 83' lang='grc' dir='ltr'>κατωρθοῦτο</span> <span class='ocrx_word' id='word_1_169' title='bbox 1305 2455 1406 2524; x_wconf 84' lang='grc' dir='ltr'>τῆς</span> <span class='ocrx_word' id='word_1_170' title='bbox 1447 2455 1728 2519; x_wconf 81' lang='grc' dir='ltr'>εὐκολίας,</span> <span class='ocrx_word' id='word_1_171' title='bbox 1763 2457 2052 2528; x_wconf 87' lang='grc' dir='ltr'>βαρϐάρων</span> 
     </span>
    </p>
   </div>
   <div class='ocr_carea' id='block_1_26' title="bbox 482 2538 2052 2615">
    <p class='ocr_par' dir='ltr' id='par_1_26' title="bbox 482 2538 2052 2615">
     <span class='ocr_line' id='line_1_26' title="bbox 482 2538 2052 2615; baseline 0.003 -23"><span class='ocrx_word' id='word_1_172' title='bbox 482 2538 611 2610; x_wconf 77' lang='grc' dir='ltr'>εθνη</span> <span class='ocrx_word' id='word_1_173' title='bbox 645 2539 951 2608; x_wconf 81' lang='grc' dir='ltr'>φιλοσοφεῖν</span> <span class='ocrx_word' id='word_1_174' title='bbox 975 2540 1308 2606; x_wconf 88' lang='grc' dir='ltr'>ἐπαιδεύετο,</span> <span class='ocrx_word' id='word_1_175' title='bbox 1339 2541 1434 2594; x_wconf 90' lang='lat' dir='ltr'><strong><em>zeal</em></strong></span> <span class='ocrx_word' id='word_1_176' title='bbox 1464 2543 1512 2595; x_wconf 90' lang='grc' dir='ltr'>οἱ</span> <span class='ocrx_word' id='word_1_177' title='bbox 1543 2543 1746 2614; x_wconf 90' lang='grc' dir='ltr'>θηρίων</span> <span class='ocrx_word' id='word_1_178' title='bbox 1784 2543 2052 2615; x_wconf 83' lang='grc' dir='ltr'>ἀγριώτε-</span> 
     </span>
    </p>
   </div>
   <div class='ocr_carea' id='block_1_27' title="bbox 487 2627 2053 2702">
    <p class='ocr_par' dir='ltr' id='par_1_27' title="bbox 487 2627 2053 2702">
     <span class='ocr_line' id='line_1_27' title="bbox 487 2627 2053 2702; baseline 0.003 -23"><span class='ocrx_word' id='word_1_179' title='bbox 487 2644 570 2698; x_wconf 89' lang='grc' dir='ltr'>ροι</span> <span class='ocrx_word' id='word_1_180' title='bbox 620 2627 757 2698; x_wconf 83' lang='grc' dir='ltr'>πρὸς</span> <span class='ocrx_word' id='word_1_181' title='bbox 798 2627 897 2698; x_wconf 88' lang='grc' dir='ltr'>τὴν</span> <span class='ocrx_word' id='word_1_182' title='bbox 927 2627 1034 2681; x_wconf 91' lang='grc' dir='ltr'>τῶν</span> <span class='ocrx_word' id='word_1_183' title='bbox 1079 2628 1324 2697; x_wconf 82' lang='grc' dir='ltr'>ἀγγέλων</span> <span class='ocrx_word' id='word_1_184' title='bbox 1374 2629 1645 2684; x_wconf 84' lang='grc' dir='ltr'>πολιτείαν</span> <span class='ocrx_word' id='word_1_185' title='bbox 1675 2629 1773 2702; x_wconf 80' lang='grc' dir='ltr'>τὴν</span> <span class='ocrx_word' id='word_1_186' title='bbox 1821 2631 2053 2702; x_wconf 72' lang='grc' dir='ltr'>ἅμιλλαν</span> 
     </span>
    </p>
   </div>
   <div class='ocr_carea' id='block_1_28' title="bbox 482 2712 2053 2789">
    <p class='ocr_par' dir='ltr' id='par_1_28' title="bbox 482 2712 2053 2789">
     <span class='ocr_line' id='line_1_28' title="bbox 482 2712 2053 2789; baseline 0.003 -23"><span class='ocrx_word' id='word_1_187' title='bbox 482 2712 882 2778; x_wconf 85' lang='grc' dir='ltr'>ἐπεδείκνυντο,</span> <span class='ocrx_word' id='word_1_188' title='bbox 915 2715 1010 2768; x_wconf 84' lang='grc' dir='ltr'>καὶ</span> <span class='ocrx_word' id='word_1_189' title='bbox 1037 2715 1167 2785; x_wconf 80' lang='grc' dir='ltr'>ὅσην</span> <span class='ocrx_word' id='word_1_190' title='bbox 1203 2713 1355 2785; x_wconf 78' lang='grc' dir='ltr'>ἥλιος</span> <span class='ocrx_word' id='word_1_191' title='bbox 1385 2717 1556 2787; x_wconf 77' lang='grc' dir='ltr'>ἐφορᾷ</span> <span class='ocrx_word' id='word_1_192' title='bbox 1578 2718 1702 2788; x_wconf 83' lang='grc' dir='ltr'>γῆν.</span> <span class='ocrx_word' id='word_1_193' title='bbox 1730 2719 1997 2789; x_wconf 87' lang='grc' dir='ltr'>τοσαύτην</span> <span class='ocrx_word' id='word_1_194' title='bbox 2023 2719 2053 2771; x_wconf 84' lang='grc' dir='ltr'>ὁ</span> 
     </span>
    </p>
   </div>
   <div class='ocr_carea' id='block_1_29' title="bbox 481 2799 2049 2876">
    <p class='ocr_par' dir='ltr' id='par_1_29' title="bbox 481 2799 2049 2876">
     <span class='ocr_line' id='line_1_29' title="bbox 481 2799 2049 2876; baseline 0.006 -24"><span class='ocrx_word' id='word_1_195' title='bbox 481 2799 638 2868; x_wconf 88' lang='grc' dir='ltr'>λόγος</span> <span class='ocrx_word' id='word_1_196' title='bbox 664 2801 922 2873; x_wconf 84' lang='grc' dir='ltr'>ἐπέτρεχε</span> <span class='ocrx_word' id='word_1_197' title='bbox 955 2802 1091 2872; x_wconf 83' lang='grc' dir='ltr'>μετὰ</span> <span class='ocrx_word' id='word_1_198' title='bbox 1117 2803 1205 2857; x_wconf 83' lang='grc' dir='ltr'>τὸν</span> <span class='ocrx_word' id='word_1_199' title='bbox 1233 2803 1464 2874; x_wconf 82' lang='grc' dir='ltr'>σταυρὸν</span> <span class='ocrx_word' id='word_1_200' title='bbox 1486 2806 1578 2857; x_wconf 91' lang='lat' dir='ltr'><strong><em>zeal</em></strong></span> <span class='ocrx_word' id='word_1_201' title='bbox 1604 2807 1703 2876; x_wconf 81' lang='grc' dir='ltr'>τὴν</span> <span class='ocrx_word' id='word_1_202' title='bbox 1735 2805 2049 2861; x_wconf 87' lang='grc' dir='ltr'>ἀνάστασιν.</span> 
     </span>
    </p>
   </div>
   <div class='ocr_carea' id='block_1_30' title="bbox 482 2885 2053 2960">
    <p class='ocr_par' dir='ltr' id='par_1_30' title="bbox 482 2885 2053 2960">
     <span class='ocr_line' id='line_1_30' title="bbox 482 2885 2053 2960; baseline 0.003 -19"><span class='ocrx_word' id='word_1_203' title='bbox 482 2885 662 2958; x_wconf 84' lang='grc' dir='ltr'>’Ἀπερ</span> <span class='ocrx_word' id='word_1_204' title='bbox 692 2887 907 2942; x_wconf 75' lang='grc' dir='ltr'>ἅπαντα</span> <span class='ocrx_word' id='word_1_205' title='bbox 937 2889 1132 2942; x_wconf 84' lang='grc' dir='ltr'>ἐννοῶν</span> <span class='ocrx_word' id='word_1_206' title='bbox 1163 2891 1190 2942; x_wconf 86' lang='grc' dir='ltr'>ὁ</span> <span class='ocrx_word' id='word_1_207' title='bbox 1218 2891 1504 2960; x_wconf 85' lang='grc' dir='ltr'>Προφήτης</span> <span class='ocrx_word' id='word_1_208' title='bbox 1531 2889 1683 2958; x_wconf 79' lang='grc' dir='ltr'>ἔλεγε</span> <span class='ocrx_word' id='word_1_209' title='bbox 1703 2906 1717 2920; x_wconf 89' lang='grc'><strong>·</strong></span> <span class='ocrx_word' id='word_1_210' title='bbox 1750 2892 1908 2945; x_wconf 84' lang='grc' dir='ltr'>Μετὰ</span> <span class='ocrx_word' id='word_1_211' title='bbox 1935 2891 2053 2945; x_wconf 87' lang='grc' dir='ltr'>σοῦ</span> 
     </span>
    </p>
   </div>
   <div class='ocr_carea' id='block_1_31' title="bbox 481 2975 1656 3046">
    <p class='ocr_par' dir='ltr' id='par_1_31' title="bbox 481 2975 1656 3046">
     <span class='ocr_line' id='line_1_31' title="bbox 481 2975 1656 3046; baseline 0.001 -16"><span class='ocrx_word' id='word_1_212' title='bbox 481 2975 521 3043; x_wconf 81' lang='grc' dir='ltr'><em>ἠ</em></span> <span class='ocrx_word' id='word_1_213' title='bbox 554 2975 710 3045; x_wconf 80' lang='grc' dir='ltr'>ἀρχὴ</span> <span class='ocrx_word' id='word_1_214' title='bbox 738 2976 808 3030; x_wconf 83' lang='grc' dir='ltr'>ἐν</span> <span class='ocrx_word' id='word_1_215' title='bbox 830 2975 1018 3046; x_wconf 77' lang='grc' dir='ltr'>ἡμέρᾳ</span> <span class='ocrx_word' id='word_1_216' title='bbox 1051 2975 1158 3044; x_wconf 82' lang='grc' dir='ltr'>τῆς</span> <span class='ocrx_word' id='word_1_217' title='bbox 1189 2976 1494 3046; x_wconf 81' lang='grc' dir='ltr'>δυνάμεώς</span> <span class='ocrx_word' id='word_1_218' title='bbox 1518 2993 1656 3032; x_wconf 86' lang='grc' dir='ltr'>σου.</span> 
     </span>
    </p>
   </div>
   <div class='ocr_carea' id='block_1_32' title="bbox 555 3142 2054 3218">
    <p class='ocr_par' dir='ltr' id='par_1_32' title="bbox 555 3142 2054 3218">
     <span class='ocr_line' id='line_1_32' title="bbox 555 3142 2054 3218; baseline 0.001 -18"><span class='ocrx_word' id='word_1_219' title='bbox 555 3145 634 3210; x_wconf 83' lang='grc' dir='ltr'>ς’.</span> <span class='ocrx_word' id='word_1_220' title='bbox 659 3146 721 3198; x_wconf 89' lang='grc' dir='ltr'>Εἰ</span> <span class='ocrx_word' id='word_1_221' title='bbox 739 3147 794 3199; x_wconf 83' lang='grc' dir='ltr'>δὲ</span> <span class='ocrx_word' id='word_1_222' title='bbox 819 3145 995 3215; x_wconf 88' lang='grc' dir='ltr'>βούλει</span> <span class='ocrx_word' id='word_1_223' title='bbox 1021 3142 1116 3200; x_wconf 87' lang='lat' dir='ltr'><strong><em>zeal</em></strong></span> <span class='ocrx_word' id='word_1_224' title='bbox 1131 3146 1230 3216; x_wconf 83' lang='grc' dir='ltr'>τὴν</span> <span class='ocrx_word' id='word_1_225' title='bbox 1250 3145 1546 3216; x_wconf 88' lang='grc' dir='ltr'>μέλλουσαν</span> <span class='ocrx_word' id='word_1_226' title='bbox 1564 3145 1774 3218; x_wconf 82' lang='grc' dir='ltr'>ἡμέραν</span> <span class='ocrx_word' id='word_1_227' title='bbox 1799 3147 2054 3212; x_wconf 71' lang='grc' dir='ltr'>ἰδεῖν,καὶ</span> 
     </span>
    </p>
   </div>
   <div class='ocr_carea' id='block_1_33' title="bbox 486 3232 2051 3305">
    <p class='ocr_par' dir='ltr' id='par_1_33' title="bbox 486 3232 2051 3305">
     <span class='ocr_line' id='line_1_33' title="bbox 486 3232 2051 3305; baseline 0.002 -20"><span class='ocrx_word' id='word_1_228' title='bbox 486 3233 677 3302; x_wconf 86' lang='grc' dir='ltr'>μαθεῖν</span> <span class='ocrx_word' id='word_1_229' title='bbox 709 3233 825 3297; x_wconf 90' lang='grc' dir='ltr'>πῶς</span> <span class='ocrx_word' id='word_1_230' title='bbox 855 3235 947 3286; x_wconf 91' lang='lat' dir='ltr'><strong><em>zeal</em></strong></span> <span class='ocrx_word' id='word_1_231' title='bbox 973 3233 1156 3302; x_wconf 88' lang='grc' dir='ltr'>ἐκείνη</span> <span class='ocrx_word' id='word_1_232' title='bbox 1181 3232 1360 3305; x_wconf 86' lang='grc' dir='ltr'>ἡμέρα</span> <span class='ocrx_word' id='word_1_233' title='bbox 1385 3233 1669 3303; x_wconf 88' lang='grc' dir='ltr'>δυνάμεως</span> <span class='ocrx_word' id='word_1_234' title='bbox 1698 3234 1860 3287; x_wconf 90' lang='grc' dir='ltr'>αὐτοῦ</span> <span class='ocrx_word' id='word_1_235' title='bbox 1884 3236 2051 3297; x_wconf 88' lang='grc' dir='ltr'>ἐστιν,</span> 
     </span>
    </p>
   </div>
   <div class='ocr_carea' id='block_1_34' title="bbox 482 3319 2054 3392">
    <p class='ocr_par' dir='ltr' id='par_1_34' title="bbox 482 3319 2054 3392">
     <span class='ocr_line' id='line_1_34' title="bbox 482 3319 2054 3392; baseline 0.003 -21"><span class='ocrx_word' id='word_1_236' title='bbox 482 3319 734 3390; x_wconf 86' lang='grc' dir='ltr'>ἐννόησον</span> <span class='ocrx_word' id='word_1_237' title='bbox 759 3319 946 3390; x_wconf 82' lang='grc' dir='ltr'>ἡλίκον</span> <span class='ocrx_word' id='word_1_238' title='bbox 981 3320 1128 3373; x_wconf 78' lang='grc' dir='ltr'>ἐστὶν</span> <span class='ocrx_word' id='word_1_239' title='bbox 1161 3320 1288 3373; x_wconf 85' lang='grc' dir='ltr'>ἰδεῖν</span> <span class='ocrx_word' id='word_1_240' title='bbox 1319 3319 1412 3372; x_wconf 79' lang='grc' dir='ltr'>τὸν</span> <span class='ocrx_word' id='word_1_241' title='bbox 1441 3320 1668 3390; x_wconf 82' lang='grc' dir='ltr'>οὐρανὸν</span> <span class='ocrx_word' id='word_1_242' title='bbox 1701 3321 2054 3392; x_wconf 88' lang='grc' dir='ltr'>συστελλόμε-</span> 
     </span>
    </p>
   </div>
   <div class='ocr_carea' id='block_1_35' title="bbox 481 3407 2056 3478">
    <p class='ocr_par' dir='ltr' id='par_1_35' title="bbox 481 3407 2056 3478">
     <span class='ocr_line' id='line_1_35' title="bbox 481 3407 2056 3478; baseline 0.002 -19"><span class='ocrx_word' id='word_1_243' title='bbox 481 3423 598 3472; x_wconf 88' lang='grc' dir='ltr'>νον,</span> <span class='ocrx_word' id='word_1_244' title='bbox 643 3407 739 3460; x_wconf 88' lang='lat' dir='ltr'><strong><em>zeal</em></strong></span> <span class='ocrx_word' id='word_1_245' title='bbox 768 3407 988 3461; x_wconf 75' lang='grc' dir='ltr'>ἃπασαν</span> <span class='ocrx_word' id='word_1_246' title='bbox 1023 3407 1122 3477; x_wconf 82' lang='grc' dir='ltr'>τὴν</span> <span class='ocrx_word' id='word_1_247' title='bbox 1151 3407 1310 3477; x_wconf 90' lang='grc' dir='ltr'>φύσιν</span> <span class='ocrx_word' id='word_1_248' title='bbox 1343 3407 1440 3477; x_wconf 82' lang='grc' dir='ltr'>τὴν</span> <span class='ocrx_word' id='word_1_249' title='bbox 1473 3408 1918 3478; x_wconf 87' lang='grc' dir='ltr'>καταφθαρεῖσαν</span> <span class='ocrx_word' id='word_1_250' title='bbox 1957 3409 2056 3462; x_wconf 87' lang='grc' dir='ltr'>ἀν-</span> 
     </span>
    </p>
   </div>
   <div class='ocr_carea' id='block_1_36' title="bbox 483 3495 2053 3567">
    <p class='ocr_par' dir='ltr' id='par_1_36' title="bbox 483 3495 2053 3567">
     <span class='ocr_line' id='line_1_36' title="bbox 483 3495 2053 3567; baseline 0.003 -20"><span class='ocrx_word' id='word_1_251' title='bbox 483 3495 802 3567; x_wconf 84' lang='grc' dir='ltr'>ισταμένην,</span> <span class='ocrx_word' id='word_1_252' title='bbox 833 3497 930 3550; x_wconf 90' lang='lat' dir='ltr'><strong><em>zeal</em></strong></span> <span class='ocrx_word' id='word_1_253' title='bbox 967 3496 1044 3566; x_wconf 87' lang='grc' dir='ltr'>τῷ</span> <span class='ocrx_word' id='word_1_254' title='bbox 1069 3495 1298 3564; x_wconf 91' lang='grc' dir='ltr'>νεύματι</span> <span class='ocrx_word' id='word_1_255' title='bbox 1328 3497 1765 3567; x_wconf 87' lang='grc' dir='ltr'>παρισταμένους</span> <span class='ocrx_word' id='word_1_256' title='bbox 1787 3498 2053 3566; x_wconf 72' lang='grc' dir='ltr'>ἅπαντας,</span> 
     </span>
    </p>
   </div>
   <div class='ocr_carea' id='block_1_37' title="bbox 483 3581 2052 3653">
    <p class='ocr_par' dir='ltr' id='par_1_37' title="bbox 483 3581 2052 3653">
     <span class='ocr_line' id='line_1_37' title="bbox 483 3581 2052 3653; baseline 0.002 -19"><span class='ocrx_word' id='word_1_257' title='bbox 483 3581 729 3636; x_wconf 89' lang='grc' dir='ltr'>διάϐολον</span> <span class='ocrx_word' id='word_1_258' title='bbox 755 3583 1265 3653; x_wconf 89' lang='grc' dir='ltr'>καταισχυνόμενον,</span> <span class='ocrx_word' id='word_1_259' title='bbox 1284 3583 1541 3653; x_wconf 91' lang='grc' dir='ltr'>δαίμονας</span> <span class='ocrx_word' id='word_1_260' title='bbox 1560 3584 1709 3637; x_wconf 87' lang='grc' dir='ltr'>κάτω</span> <span class='ocrx_word' id='word_1_261' title='bbox 1729 3583 2052 3651; x_wconf 84' lang='grc' dir='ltr'>κύπτοντας,</span> 
     </span>
    </p>
   </div>
   <div class='ocr_carea' id='block_1_38' title="bbox 481 3669 2057 3740">
    <p class='ocr_par' dir='ltr' id='par_1_38' title="bbox 481 3669 2057 3740">
     <span class='ocr_line' id='line_1_38' title="bbox 481 3669 2057 3740; baseline 0.003 -18"><span class='ocrx_word' id='word_1_262' title='bbox 481 3669 726 3732; x_wconf 87' lang='grc' dir='ltr'>δικαίους</span> <span class='ocrx_word' id='word_1_263' title='bbox 775 3670 1275 3740; x_wconf 83' lang='grc' dir='ltr'>στεφανουμένους,</span> <span class='ocrx_word' id='word_1_264' title='bbox 1327 3671 1555 3723; x_wconf 73' lang='grc' dir='ltr'>ἕκαστον</span> <span class='ocrx_word' id='word_1_265' title='bbox 1590 3670 1819 3734; x_wconf 86' lang='grc' dir='ltr'>εὐθύνας</span> <span class='ocrx_word' id='word_1_266' title='bbox 1850 3671 2057 3726; x_wconf 89' lang='grc' dir='ltr'>διδόντα</span> 
     </span>
    </p>
   </div>
   <div class='ocr_carea' id='block_1_39' title="bbox 481 3755 2057 3828">
    <p class='ocr_par' dir='ltr' id='par_1_39' title="bbox 481 3755 2057 3828">
     <span class='ocr_line' id='line_1_39' title="bbox 481 3755 2057 3828; baseline 0.002 -19"><span class='ocrx_word' id='word_1_267' title='bbox 481 3755 592 3809; x_wconf 89' lang='grc' dir='ltr'>τῶν</span> <span class='ocrx_word' id='word_1_268' title='bbox 617 3756 795 3828; x_wconf 86' lang='grc' dir='ltr'>πεπλη</span> <span class='ocrx_word' id='word_1_269' title='bbox 805 3757 1190 3828; x_wconf 88' lang='grc' dir='ltr'>μμελημένων,</span> <span class='ocrx_word' id='word_1_270' title='bbox 1217 3758 1286 3810; x_wconf 81' lang='grc' dir='ltr'>τὰ</span> <span class='ocrx_word' id='word_1_271' title='bbox 1317 3757 1546 3828; x_wconf 89' lang='grc' dir='ltr'>βραϐεῖα</span> <span class='ocrx_word' id='word_1_272' title='bbox 1579 3757 1924 3828; x_wconf 89' lang='grc' dir='ltr'>λαμϐάνοντα</span> <span class='ocrx_word' id='word_1_273' title='bbox 1947 3758 2057 3813; x_wconf 89' lang='grc' dir='ltr'>τῶν</span> 
     </span>
    </p>
   </div>
   <div class='ocr_carea' id='block_1_40' title="bbox 482 3843 2055 3917">
    <p class='ocr_par' dir='ltr' id='par_1_40' title="bbox 482 3843 2055 3917">
     <span class='ocr_line' id='line_1_40' title="bbox 482 3843 2055 3917; baseline 0.001 -18"><span class='ocrx_word' id='word_1_274' title='bbox 482 3843 946 3916; x_wconf 80' lang='grc' dir='ltr'>κατορθωμάτων,</span> <span class='ocrx_word' id='word_1_275' title='bbox 986 3845 1177 3917; x_wconf 81' lang='grc' dir='ltr'>ἐτέρας</span> <span class='ocrx_word' id='word_1_276' title='bbox 1215 3845 1361 3915; x_wconf 85' lang='grc' dir='ltr'>ζωῆς</span> <span class='ocrx_word' id='word_1_277' title='bbox 1393 3848 1723 3900; x_wconf 87' lang='grc' dir='ltr'>κατάστασιν</span> <span class='ocrx_word' id='word_1_278' title='bbox 1743 3846 2055 3917; x_wconf 79' lang='grc' dir='ltr'>γινομένην.</span> 
     </span>
    </p>
   </div>
   <div class='ocr_carea' id='block_1_41' title="bbox 482 3931 2056 4004">
    <p class='ocr_par' dir='ltr' id='par_1_41' title="bbox 482 3931 2056 4004">
     <span class='ocr_line' id='line_1_41' title="bbox 482 3931 2056 4004; baseline 0.001 -19"><span class='ocrx_word' id='word_1_279' title='bbox 482 3932 679 3986; x_wconf 84' lang='grc' dir='ltr'>Οὐκέτι</span> <span class='ocrx_word' id='word_1_280' title='bbox 705 3932 814 4002; x_wconf 90' lang='grc' dir='ltr'>γάρ</span> <span class='ocrx_word' id='word_1_281' title='bbox 841 3931 1096 3999; x_wconf 87' lang='grc' dir='ltr'>θάνατος,</span> <span class='ocrx_word' id='word_1_282' title='bbox 1136 3932 1231 3985; x_wconf 89' lang='lat' dir='ltr'><strong><em>zeal</em></strong></span> <span class='ocrx_word' id='word_1_283' title='bbox 1259 3933 1439 3996; x_wconf 90' lang='grc' dir='ltr'>νόσος,</span> <span class='ocrx_word' id='word_1_284' title='bbox 1484 3933 1579 3984; x_wconf 91' lang='lat' dir='ltr'><strong><em>zeal</em></strong></span> <span class='ocrx_word' id='word_1_285' title='bbox 1613 3932 1788 4004; x_wconf 86' lang='grc' dir='ltr'>γῆρας</span> <span class='ocrx_word' id='word_1_286' title='bbox 1810 3973 1826 3998; x_wconf 92' lang='grc'>,</span> <span class='ocrx_word' id='word_1_287' title='bbox 1873 3933 2056 3986; x_wconf 90' lang='grc' dir='ltr'>οὐκέτι</span> 
     </span>
    </p>
   </div>
   <div class='ocr_carea' id='block_1_42' title="bbox 482 4018 2054 4092">
    <p class='ocr_par' dir='ltr' id='par_1_42' title="bbox 482 4018 2054 4092">
     <span class='ocr_line' id='line_1_42' title="bbox 482 4018 2054 4092; baseline 0.001 -20"><span class='ocrx_word' id='word_1_288' title='bbox 482 4018 660 4084; x_wconf 81' lang='grc' dir='ltr'>πενία,</span> <span class='ocrx_word' id='word_1_289' title='bbox 685 4019 780 4073; x_wconf 88' lang='lat' dir='ltr'><strong><em>zeal</em></strong></span> <span class='ocrx_word' id='word_1_290' title='bbox 801 4020 1078 4090; x_wconf 86' lang='grc' dir='ltr'>ἐπήρειαι,</span> <span class='ocrx_word' id='word_1_291' title='bbox 1100 4020 1192 4072; x_wconf 88' lang='lat' dir='ltr'><strong><em>zeal</em></strong></span> <span class='ocrx_word' id='word_1_292' title='bbox 1219 4018 1522 4084; x_wconf 78' lang='grc' dir='ltr'>ἐπιϐουλαὶ,</span> <span class='ocrx_word' id='word_1_293' title='bbox 1545 4019 1726 4072; x_wconf 90' lang='grc' dir='ltr'>οὐκέτι</span> <span class='ocrx_word' id='word_1_294' title='bbox 1759 4021 2054 4092; x_wconf 88' lang='grc' dir='ltr'>οἰκήματα,</span> 
     </span>
    </p>
   </div>
   <div class='ocr_carea' id='block_1_43' title="bbox 480 4105 2056 4177">
    <p class='ocr_par' dir='ltr' id='par_1_43' title="bbox 480 4105 2056 4177">
     <span class='ocr_line' id='line_1_43' title="bbox 480 4105 2056 4177; baseline 0.002 -19"><span class='ocrx_word' id='word_1_295' title='bbox 480 4107 575 4159; x_wconf 86' lang='lat' dir='ltr'><strong><em>zeal</em></strong></span> <span class='ocrx_word' id='word_1_296' title='bbox 600 4107 800 4172; x_wconf 88' lang='grc' dir='ltr'>πόλεις,</span> <span class='ocrx_word' id='word_1_297' title='bbox 829 4106 925 4160; x_wconf 98' lang='lat' dir='ltr'><strong><em>zeal</em></strong></span> <span class='ocrx_word' id='word_1_298' title='bbox 953 4107 1160 4177; x_wconf 84' lang='grc' dir='ltr'>τέχναι,</span> <span class='ocrx_word' id='word_1_299' title='bbox 1184 4105 1278 4159; x_wconf 90' lang='lat' dir='ltr'><strong><em>zeal</em></strong></span> <span class='ocrx_word' id='word_1_300' title='bbox 1300 4105 1585 4171; x_wconf 90' lang='grc' dir='ltr'>ναυτιλίαι,</span> <span class='ocrx_word' id='word_1_301' title='bbox 1613 4106 1794 4160; x_wconf 88' lang='grc' dir='ltr'>οὐκέτι</span> <span class='ocrx_word' id='word_1_302' title='bbox 1825 4107 2056 4177; x_wconf 79' lang='grc' dir='ltr'>ἱματίων</span> 
     </span>
    </p>
   </div>
   <div class='ocr_carea' id='block_1_44' title="bbox 481 4192 2051 4265">
    <p class='ocr_par' dir='ltr' id='par_1_44' title="bbox 481 4192 2051 4265">
     <span class='ocr_line' id='line_1_44' title="bbox 481 4192 2051 4265; baseline 0 -19"><span class='ocrx_word' id='word_1_303' title='bbox 481 4193 764 4265; x_wconf 83' lang='grc' dir='ltr'>περιϐολὴ,</span> <span class='ocrx_word' id='word_1_304' title='bbox 793 4195 886 4248; x_wconf 90' lang='lat' dir='ltr'><strong><em>zeal</em></strong></span> <span class='ocrx_word' id='word_1_305' title='bbox 913 4195 1058 4259; x_wconf 87' lang='grc' dir='ltr'>σῖτα,</span> <span class='ocrx_word' id='word_1_306' title='bbox 1085 4193 1180 4246; x_wconf 89' lang='lat' dir='ltr'><strong><em>zeal</em></strong></span> <span class='ocrx_word' id='word_1_307' title='bbox 1202 4192 1362 4257; x_wconf 83' lang='grc' dir='ltr'>ποτά,</span> <span class='ocrx_word' id='word_1_308' title='bbox 1388 4195 1482 4246; x_wconf 90' lang='lat' dir='ltr'><strong><em>zeal</em></strong></span> <span class='ocrx_word' id='word_1_309' title='bbox 1501 4193 1708 4264; x_wconf 72' lang='grc' dir='ltr'>δροφοι,</span> <span class='ocrx_word' id='word_1_310' title='bbox 1734 4194 1828 4247; x_wconf 90' lang='lat' dir='ltr'><strong><em>zeal</em></strong></span> <span class='ocrx_word' id='word_1_311' title='bbox 1855 4193 2051 4259; x_wconf 87' lang='grc' dir='ltr'>κλῖναι,</span> 
     </span>
    </p>
   </div>
   <div class='ocr_carea' id='block_1_45' title="bbox 481 4280 2057 4351">
    <p class='ocr_par' dir='ltr' id='par_1_45' title="bbox 481 4280 2057 4351">
     <span class='ocr_line' id='line_1_45' title="bbox 481 4280 2057 4351; baseline 0 -18"><span class='ocrx_word' id='word_1_312' title='bbox 481 4281 578 4333; x_wconf 92' lang='lat' dir='ltr'><strong><em>zeal</em></strong></span> <span class='ocrx_word' id='word_1_313' title='bbox 607 4281 876 4351; x_wconf 80' lang='grc' dir='ltr'>τράπεζαι</span> <span class='ocrx_word' id='word_1_314' title='bbox 897 4320 914 4346; x_wconf 92' lang='grc'>,</span> <span class='ocrx_word' id='word_1_315' title='bbox 943 4281 1039 4334; x_wconf 85' lang='lat' dir='ltr'><strong><em>zeal</em></strong></span> <span class='ocrx_word' id='word_1_316' title='bbox 1090 4280 1338 4350; x_wconf 87' lang='grc' dir='ltr'>λυχνίαι,</span> <span class='ocrx_word' id='word_1_317' title='bbox 1385 4280 1569 4333; x_wconf 85' lang='grc' dir='ltr'>οὐκέτι</span> <span class='ocrx_word' id='word_1_318' title='bbox 1614 4280 1926 4345; x_wconf 75' lang='grc' dir='ltr'>ἐπιϐουλαὶ,</span> <span class='ocrx_word' id='word_1_319' title='bbox 1961 4281 2057 4333; x_wconf 88' lang='lat' dir='ltr'><strong><em>zeal</em></strong></span> 
     </span>
    </p>
   </div>
   <div class='ocr_carea' id='block_1_46' title="bbox 485 4368 2053 4439">
    <p class='ocr_par' dir='ltr' id='par_1_46' title="bbox 485 4368 2053 4439">
     <span class='ocr_line' id='line_1_46' title="bbox 485 4368 2053 4439; baseline -0.001 -17"><span class='ocrx_word' id='word_1_320' title='bbox 485 4368 686 4438; x_wconf 83' lang='grc' dir='ltr'>μάχαι,</span> <span class='ocrx_word' id='word_1_321' title='bbox 721 4369 815 4422; x_wconf 84' lang='lat' dir='ltr'><strong><em>zeal</em></strong></span> <span class='ocrx_word' id='word_1_322' title='bbox 865 4369 1223 4439; x_wconf 88' lang='grc' dir='ltr'>δικαστήρια,</span> <span class='ocrx_word' id='word_1_323' title='bbox 1257 4369 1439 4422; x_wconf 88' lang='grc' dir='ltr'>οὐκέτι</span> <span class='ocrx_word' id='word_1_324' title='bbox 1467 4369 1634 4438; x_wconf 88' lang='grc' dir='ltr'>γάμοι</span> <span class='ocrx_word' id='word_1_325' title='bbox 1655 4407 1670 4432; x_wconf 95' lang='grc'>,</span> <span class='ocrx_word' id='word_1_326' title='bbox 1704 4369 1797 4421; x_wconf 83' lang='lat' dir='ltr'><strong><em>zeal</em></strong></span> <span class='ocrx_word' id='word_1_327' title='bbox 1847 4368 2053 4432; x_wconf 78' lang='grc' dir='ltr'>ὠδῖνες,</span> 
     </span>
    </p>
   </div>
   <div class='ocr_carea' id='block_1_47' title="bbox 481 4456 2058 4528">
    <p class='ocr_par' dir='ltr' id='par_1_47' title="bbox 481 4456 2058 4528">
     <span class='ocr_line' id='line_1_47' title="bbox 481 4456 2058 4528; baseline 0 -20"><span class='ocrx_word' id='word_1_328' title='bbox 481 4456 582 4508; x_wconf 86' lang='lat' dir='ltr'><strong><em>zeal</em></strong></span> <span class='ocrx_word' id='word_1_329' title='bbox 598 4456 781 4510; x_wconf 88' lang='grc' dir='ltr'>τόκοι·</span> <span class='ocrx_word' id='word_1_330' title='bbox 811 4456 946 4510; x_wconf 86' lang='grc' dir='ltr'>ἀλλά</span> <span class='ocrx_word' id='word_1_331' title='bbox 971 4456 1144 4510; x_wconf 89' lang='grc' dir='ltr'>ταῦτα</span> <span class='ocrx_word' id='word_1_332' title='bbox 1167 4458 1344 4510; x_wconf 90' lang='grc' dir='ltr'>πάντα</span> <span class='ocrx_word' id='word_1_333' title='bbox 1370 4457 1559 4528; x_wconf 86' lang='grc' dir='ltr'>ὥσπερ</span> <span class='ocrx_word' id='word_1_334' title='bbox 1589 4456 1733 4520; x_wconf 70' lang='grc' dir='ltr'>κόνις</span> <span class='ocrx_word' id='word_1_335' title='bbox 1767 4456 2058 4510; x_wconf 85' lang='grc' dir='ltr'>ἀποσοϐου-</span> 
     </span>
    </p>
   </div>
   <div class='ocr_carea' id='block_1_48' title="bbox 485 4541 2056 4614">
    <p class='ocr_par' dir='ltr' id='par_1_48' title="bbox 485 4541 2056 4614">
     <span class='ocr_line' id='line_1_48' title="bbox 485 4541 2056 4614; baseline 0.002 -21"><span class='ocrx_word' id='word_1_336' title='bbox 485 4542 624 4612; x_wconf 81' lang='grc' dir='ltr'>μένη</span> <span class='ocrx_word' id='word_1_337' title='bbox 658 4543 1008 4608; x_wconf 88' lang='grc' dir='ltr'>καταλύεται,</span> <span class='ocrx_word' id='word_1_338' title='bbox 1039 4543 1136 4595; x_wconf 86' lang='lat' dir='ltr'><strong><em>zeal</em></strong></span> <span class='ocrx_word' id='word_1_339' title='bbox 1163 4544 1323 4614; x_wconf 86' lang='grc' dir='ltr'>ἐτέρα</span> <span class='ocrx_word' id='word_1_340' title='bbox 1346 4557 1428 4606; x_wconf 77' lang='grc' dir='ltr'>τις</span> <span class='ocrx_word' id='word_1_341' title='bbox 1451 4545 1690 4613; x_wconf 87' lang='grc' dir='ltr'>ἀμείνων</span> <span class='ocrx_word' id='word_1_342' title='bbox 1715 4541 1858 4612; x_wconf 80' lang='grc' dir='ltr'>ζωῆς</span> <span class='ocrx_word' id='word_1_343' title='bbox 1883 4542 2056 4597; x_wconf 76' lang='grc' dir='ltr'>κατά-</span> 
     </span>
    </p>
   </div>
   <div class='ocr_carea' id='block_1_49' title="bbox 485 4627 2056 4699">
    <p class='ocr_par' dir='ltr' id='par_1_49' title="bbox 485 4627 2056 4699">
     <span class='ocr_line' id='line_1_49' title="bbox 485 4627 2056 4699; baseline 0.001 -19"><span class='ocrx_word' id='word_1_344' title='bbox 485 4643 676 4690; x_wconf 86' lang='grc' dir='ltr'>στασις</span> <span class='ocrx_word' id='word_1_345' title='bbox 723 4628 962 4694; x_wconf 88' lang='grc' dir='ltr'>δίδοται,</span> <span class='ocrx_word' id='word_1_346' title='bbox 1021 4627 1367 4697; x_wconf 80' lang='grc' dir='ltr'>ἀφθαρσίας,</span> <span class='ocrx_word' id='word_1_347' title='bbox 1413 4628 1730 4693; x_wconf 85' lang='grc' dir='ltr'>ἀθανασίας,</span> <span class='ocrx_word' id='word_1_348' title='bbox 1777 4627 2056 4699; x_wconf 88' lang='grc' dir='ltr'>δυνάμεως</span> 
     </span>
    </p>
   </div>
   <div class='ocr_carea' id='block_1_50' title="bbox 481 4711 2055 4785">
    <p class='ocr_par' dir='ltr' id='par_1_50' title="bbox 481 4711 2055 4785">
     <span class='ocr_line' id='line_1_50' title="bbox 481 4711 2055 4785; baseline 0 -17"><span class='ocrx_word' id='word_1_349' title='bbox 481 4711 688 4784; x_wconf 85' lang='grc' dir='ltr'>πολλῆς</span> <span class='ocrx_word' id='word_1_350' title='bbox 715 4714 794 4784; x_wconf 82' lang='grc' dir='ltr'>τῷ</span> <span class='ocrx_word' id='word_1_351' title='bbox 820 4713 1030 4784; x_wconf 85' lang='grc' dir='ltr'>σώματι</span> <span class='ocrx_word' id='word_1_352' title='bbox 1057 4713 1437 4784; x_wconf 77' lang='grc' dir='ltr'>χαριζομένης.</span> <span class='ocrx_word' id='word_1_353' title='bbox 1467 4715 1642 4785; x_wconf 78' lang='grc' dir='ltr'>Ἀπερ</span> <span class='ocrx_word' id='word_1_354' title='bbox 1670 4716 1764 4768; x_wconf 79' lang='grc' dir='ltr'>καὶ</span> <span class='ocrx_word' id='word_1_355' title='bbox 1787 4715 1816 4768; x_wconf 84' lang='grc' dir='ltr'>ὁ</span> <span class='ocrx_word' id='word_1_356' title='bbox 1843 4715 2055 4780; x_wconf 88' lang='grc' dir='ltr'>Παῦλος</span> 
     </span>
    </p>
   </div>
   <div class='ocr_carea' id='block_1_51' title="bbox 483 4800 2054 4873">
    <p class='ocr_par' dir='ltr' id='par_1_51' title="bbox 483 4800 2054 4873">
     <span class='ocr_line' id='line_1_51' title="bbox 483 4800 2054 4873; baseline 0.001 -17"><span class='ocrx_word' id='word_1_357' title='bbox 483 4800 682 4873; x_wconf 88' lang='grc' dir='ltr'>δηλῶν,</span> <span class='ocrx_word' id='word_1_358' title='bbox 713 4801 866 4870; x_wconf 79' lang='grc' dir='ltr'>ἔλεγε</span> <span class='ocrx_word' id='word_1_359' title='bbox 889 4817 902 4832; x_wconf 90' lang='grc'><strong>·</strong></span> <span class='ocrx_word' id='word_1_360' title='bbox 938 4801 1193 4870; x_wconf 77' lang='grc' dir='ltr'>Παράγει</span> <span class='ocrx_word' id='word_1_361' title='bbox 1221 4801 1329 4872; x_wconf 84' lang='lat'>7&amp;9</span> <span class='ocrx_word' id='word_1_362' title='bbox 1360 4801 1427 4853; x_wconf 83' lang='grc' dir='ltr'>τὸ</span> <span class='ocrx_word' id='word_1_363' title='bbox 1456 4800 1666 4870; x_wconf 80' lang='grc' dir='ltr'>σχῆμα</span> <span class='ocrx_word' id='word_1_364' title='bbox 1692 4801 1798 4856; x_wconf 82' lang='grc' dir='ltr'>τοῦ</span> <span class='ocrx_word' id='word_1_365' title='bbox 1823 4804 2054 4872; x_wconf 80' lang='grc' dir='ltr'>κόσμου</span> 
     </span>
    </p>
   </div>
   <div class='ocr_carea' id='block_1_52' title="bbox 483 4886 2055 4961">
    <p class='ocr_par' dir='ltr' id='par_1_52' title="bbox 483 4886 2055 4961">
     <span class='ocr_line' id='line_1_52' title="bbox 483 4886 2055 4961; baseline -0.001 -18"><span class='ocrx_word' id='word_1_366' title='bbox 483 4889 721 4944; x_wconf 82' lang='grc' dir='ltr'>τούτου.</span> <span class='ocrx_word' id='word_1_367' title='bbox 764 4889 828 4942; x_wconf 87' lang='grc' dir='ltr'>Εἰ</span> <span class='ocrx_word' id='word_1_368' title='bbox 867 4887 924 4941; x_wconf 87' lang='grc' dir='ltr'>δέ</span> <span class='ocrx_word' id='word_1_369' title='bbox 953 4888 1200 4950; x_wconf 83' lang='grc' dir='ltr'>ἀπιστεῖς</span> <span class='ocrx_word' id='word_1_370' title='bbox 1223 4889 1334 4950; x_wconf 91' lang='grc' dir='ltr'>τοῖς</span> <span class='ocrx_word' id='word_1_371' title='bbox 1369 4886 1677 4957; x_wconf 76' lang='grc' dir='ltr'>εἰρημένοις</span> <span class='ocrx_word' id='word_1_372' title='bbox 1699 4926 1715 4952; x_wconf 97' lang='grc'>,</span> <span class='ocrx_word' id='word_1_373' title='bbox 1761 4888 1945 4959; x_wconf 83' lang='grc' dir='ltr'>ἐπειδὴ</span> <span class='ocrx_word' id='word_1_374' title='bbox 1979 4889 2055 4961; x_wconf 79' lang='grc' dir='ltr'>μὴ</span> 
     </span>
    </p>
   </div>
   <div class='ocr_carea' id='block_1_53' title="bbox 482 4971 2056 5047">
    <p class='ocr_par' dir='ltr' id='par_1_53' title="bbox 482 4971 2056 5047">
     <span class='ocr_line' id='line_1_53' title="bbox 482 4971 2056 5047; baseline -0.002 -17"><span class='ocrx_word' id='word_1_375' title='bbox 482 4977 618 5047; x_wconf 77' lang='grc' dir='ltr'>δρᾷς</span> <span class='ocrx_word' id='word_1_376' title='bbox 654 4975 794 5031; x_wconf 87' lang='grc' dir='ltr'>αὐτά</span> <span class='ocrx_word' id='word_1_377' title='bbox 825 4975 1089 5046; x_wconf 85' lang='grc' dir='ltr'>παρόντα,</span> <span class='ocrx_word' id='word_1_378' title='bbox 1125 4972 1235 5027; x_wconf 79' lang='grc' dir='ltr'>ἀπὸ</span> <span class='ocrx_word' id='word_1_379' title='bbox 1264 4971 1371 5026; x_wconf 88' lang='grc' dir='ltr'>τῶν</span> <span class='ocrx_word' id='word_1_380' title='bbox 1401 4972 1683 5042; x_wconf 86' lang='grc' dir='ltr'>παρόντων</span> <span class='ocrx_word' id='word_1_381' title='bbox 1714 4973 1794 5036; x_wconf 88' lang='grc' dir='ltr'>εἰς</span> <span class='ocrx_word' id='word_1_382' title='bbox 1829 4973 1901 5026; x_wconf 91' lang='grc' dir='ltr'>τά</span> <span class='ocrx_word' id='word_1_383' title='bbox 1925 4975 2056 5047; x_wconf 83' lang='grc' dir='ltr'>περί⁹</span> 
     </span>
    </p>
   </div>
   <div class='ocr_carea' id='block_1_54' title="bbox 484 5057 2056 5136">
    <p class='ocr_par' dir='ltr' id='par_1_54' title="bbox 484 5057 2056 5136">
     <span class='ocr_line' id='line_1_54' title="bbox 484 5057 2056 5136; baseline -0.003 -18"><span class='ocrx_word' id='word_1_384' title='bbox 484 5063 594 5119; x_wconf 87' lang='grc' dir='ltr'>τῶν</span> <span class='ocrx_word' id='word_1_385' title='bbox 626 5063 929 5136; x_wconf 88' lang='grc' dir='ltr'>μελλόντων</span> <span class='ocrx_word' id='word_1_386' title='bbox 965 5060 1208 5132; x_wconf 88' lang='grc' dir='ltr'>λάμϐανε</span> <span class='ocrx_word' id='word_1_387' title='bbox 1245 5059 1346 5130; x_wconf 82' lang='grc' dir='ltr'>τὴν</span> <span class='ocrx_word' id='word_1_388' title='bbox 1377 5057 1668 5124; x_wconf 82' lang='grc' dir='ltr'>ἀπόδειξιν.</span> <span class='ocrx_word' id='word_1_389' title='bbox 1707 5059 1942 5113; x_wconf 84' lang='grc' dir='ltr'>Ἐπελθε</span> <span class='ocrx_word' id='word_1_390' title='bbox 1975 5060 2056 5132; x_wconf 82' lang='grc' dir='ltr'>τῷ</span> 
     </span>
    </p>
   </div>
   <div class='ocr_carea' id='block_1_55' title="bbox 481 5147 2052 5226">
    <p class='ocr_par' dir='ltr' id='par_1_55' title="bbox 481 5147 2052 5226">
     <span class='ocr_line' id='line_1_55' title="bbox 481 5147 2052 5226; baseline -0.002 -19"><span class='ocrx_word' id='word_1_391' title='bbox 481 5152 630 5224; x_wconf 84' lang='grc' dir='ltr'>λόγῳ</span> <span class='ocrx_word' id='word_1_392' title='bbox 659 5153 760 5226; x_wconf 80' lang='grc' dir='ltr'>τὴν</span> <span class='ocrx_word' id='word_1_393' title='bbox 803 5151 1126 5222; x_wconf 75' lang='grc' dir='ltr'>οἰκουμένην</span> <span class='ocrx_word' id='word_1_394' title='bbox 1151 5149 1393 5213; x_wconf 74' lang='grc' dir='ltr'>ἅπασαν,</span> <span class='ocrx_word' id='word_1_395' title='bbox 1435 5148 1536 5218; x_wconf 82' lang='grc' dir='ltr'>τὴν</span> <span class='ocrx_word' id='word_1_396' title='bbox 1573 5150 1698 5220; x_wconf 81' lang='grc' dir='ltr'>γῆν,</span> <span class='ocrx_word' id='word_1_397' title='bbox 1726 5149 1826 5218; x_wconf 80' lang='grc' dir='ltr'>τὴν</span> <span class='ocrx_word' id='word_1_398' title='bbox 1850 5147 2052 5204; x_wconf 87' lang='grc' dir='ltr'>θάλασ-</span> 
     </span>
    </p>
   </div>
   <div class='ocr_carea' id='block_1_56' title="bbox 484 5236 2075 5312">
    <p class='ocr_par' dir='ltr' id='par_1_56' title="bbox 484 5236 2075 5312">
     <span class='ocr_line' id='line_1_56' title="bbox 484 5236 2075 5312; baseline -0.003 -17"><span class='ocrx_word' id='word_1_399' title='bbox 484 5257 618 5305; x_wconf 89' lang='grc' dir='ltr'>σαν,</span> <span class='ocrx_word' id='word_1_400' title='bbox 656 5240 754 5312; x_wconf 85' lang='grc' dir='ltr'>τὴν</span> <span class='ocrx_word' id='word_1_401' title='bbox 792 5239 1050 5306; x_wconf 84' lang='grc' dir='ltr'>Ἐλλάδα,</span> <span class='ocrx_word' id='word_1_402' title='bbox 1089 5239 1190 5310; x_wconf 82' lang='grc' dir='ltr'>τὴν</span> <span class='ocrx_word' id='word_1_403' title='bbox 1228 5237 1525 5308; x_wconf 88' lang='grc' dir='ltr'>βάρϐαρον,</span> <span class='ocrx_word' id='word_1_404' title='bbox 1567 5236 1667 5308; x_wconf 84' lang='grc' dir='ltr'>τὴν</span> <span class='ocrx_word' id='word_1_405' title='bbox 1705 5237 2075 5308; x_wconf 81' lang='grc' dir='ltr'>οἰκουμένην,-</span> 
     </span>
    </p>
   </div>
   <div class='ocr_carea' id='block_1_57' title="bbox 485 5324 2053 5400">
    <p class='ocr_par' dir='ltr' id='par_1_57' title="bbox 485 5324 2053 5400">
     <span class='ocr_line' id='line_1_57' title="bbox 485 5324 2053 5400; baseline 0 -17"><span class='ocrx_word' id='word_1_406' title='bbox 485 5328 583 5398; x_wconf 78' lang='grc' dir='ltr'>τὴν</span> <span class='ocrx_word' id='word_1_407' title='bbox 610 5330 883 5400; x_wconf 84' lang='grc' dir='ltr'>ἀοίκητον,</span> <span class='ocrx_word' id='word_1_408' title='bbox 923 5327 1023 5392; x_wconf 81' lang='grc' dir='ltr'>τάς</span> <span class='ocrx_word' id='word_1_409' title='bbox 1061 5328 1121 5382; x_wconf 85' lang='grc' dir='ltr'>ἐν</span> <span class='ocrx_word' id='word_1_410' title='bbox 1149 5330 1216 5399; x_wconf 77' lang='grc' dir='ltr'>τῇ</span> <span class='ocrx_word' id='word_1_411' title='bbox 1248 5329 1319 5400; x_wconf 80' lang='grc' dir='ltr'>γῇ</span> <span class='ocrx_word' id='word_1_412' title='bbox 1345 5327 1548 5391; x_wconf 81' lang='grc' dir='ltr'>πόλεις,</span> <span class='ocrx_word' id='word_1_413' title='bbox 1578 5325 1679 5390; x_wconf 89' lang='grc' dir='ltr'>τάς</span> <span class='ocrx_word' id='word_1_414' title='bbox 1710 5327 1770 5380; x_wconf 88' lang='grc' dir='ltr'>ἐν</span> <span class='ocrx_word' id='word_1_415' title='bbox 1801 5329 1866 5397; x_wconf 77' lang='grc' dir='ltr'>τῇ</span> <span class='ocrx_word' id='word_1_416' title='bbox 1900 5324 2053 5399; x_wconf 74' lang='grc'>[259]</span> 
     </span>
    </p>
   </div>
   <div class='ocr_carea' id='block_1_58' title="bbox 487 5413 2056 5489">
    <p class='ocr_par' dir='ltr' id='par_1_58' title="bbox 487 5413 2056 5489">
     <span class='ocr_line' id='line_1_58' title="bbox 487 5413 2056 5489; baseline 0.002 -21"><span class='ocrx_word' id='word_1_417' title='bbox 487 5415 730 5489; x_wconf 82' lang='grc' dir='ltr'>θαλάσσῃ</span> <span class='ocrx_word' id='word_1_418' title='bbox 769 5419 986 5487; x_wconf 82' lang='grc' dir='ltr'>νήσους,</span> <span class='ocrx_word' id='word_1_419' title='bbox 1025 5415 1095 5470; x_wconf 86' lang='grc' dir='ltr'>τά</span> <span class='ocrx_word' id='word_1_420' title='bbox 1126 5416 1250 5487; x_wconf 74' lang='grc' dir='ltr'>ὅρη,</span> <span class='ocrx_word' id='word_1_421' title='bbox 1301 5416 1395 5469; x_wconf 87' lang='lat' dir='ltr'><strong><em>zeal</em></strong></span> <span class='ocrx_word' id='word_1_422' title='bbox 1429 5415 1529 5479; x_wconf 83' lang='grc' dir='ltr'>τὰς</span> <span class='ocrx_word' id='word_1_423' title='bbox 1567 5413 1766 5479; x_wconf 82' lang='grc' dir='ltr'>νάπας,</span> <span class='ocrx_word' id='word_1_424' title='bbox 1793 5415 1890 5468; x_wconf 90' lang='lat' dir='ltr'><strong><em>zeal</em></strong></span> <span class='ocrx_word' id='word_1_425' title='bbox 1931 5415 2056 5471; x_wconf 87' lang='grc' dir='ltr'>ἰδὼν</span> 
     </span>
    </p>
   </div>
   <div class='ocr_carea' id='block_1_59' title="bbox 487 5501 2052 5576">
    <p class='ocr_par' dir='ltr' id='par_1_59' title="bbox 487 5501 2052 5576">
     <span class='ocr_line' id='line_1_59' title="bbox 487 5501 2052 5576; baseline 0.003 -21"><span class='ocrx_word' id='word_1_426' title='bbox 487 5502 760 5572; x_wconf 86' lang='grc' dir='ltr'>πανταχοῦ</span> <span class='ocrx_word' id='word_1_427' title='bbox 792 5504 893 5574; x_wconf 81' lang='grc' dir='ltr'>τὴν</span> <span class='ocrx_word' id='word_1_428' title='bbox 934 5502 1165 5573; x_wconf 87' lang='grc' dir='ltr'>δύναμιν</span> <span class='ocrx_word' id='word_1_429' title='bbox 1210 5501 1305 5559; x_wconf 87' lang='grc' dir='ltr'>τοῦ</span> <span class='ocrx_word' id='word_1_430' title='bbox 1349 5502 1584 5574; x_wconf 80' lang='grc' dir='ltr'>Χριστοῦ</span> <span class='ocrx_word' id='word_1_431' title='bbox 1619 5502 2052 5576; x_wconf 85' lang='grc' dir='ltr'>διαλάμπουσαν,</span> 
     </span>
    </p>
   </div>
   <div class='ocr_carea' id='block_1_60' title="bbox 551 5694 1217 5758">
    <p class='ocr_par' dir='ltr' id='par_1_60' title="bbox 551 5694 1217 5758">
     <span class='ocr_line' id='line_1_60' title="bbox 551 5694 1217 5758; baseline 0.008 -16"><span class='ocrx_word' id='word_1_432' title='bbox 551 5696 575 5724; x_wconf 83' lang='grc'><strong><em>⁸</em></strong></span> <span class='ocrx_word' id='word_1_433' title='bbox 598 5694 722 5758; x_wconf 74' lang='lat' dir='ltr'>Reg.</span> <span class='ocrx_word' id='word_1_434' title='bbox 747 5695 883 5753; x_wconf 79' lang='grc' dir='ltr'>ἡλίου</span> <span class='ocrx_word' id='word_1_435' title='bbox 901 5696 1217 5752; x_wconf 56' lang='lat' dir='ltr'>tantum.</span> 
     </span>
    </p>
   </div>
   <div class='ocr_carea' id='block_1_61' title="bbox 1129 335 2979 396">
    <p class='ocr_par' dir='ltr' id='par_1_61' title="bbox 1129 335 2979 396">
     <span class='ocr_line' id='line_1_61' title="bbox 1129 335 2979 396; baseline -0.001 -2"><span class='ocrx_word' id='word_1_436' title='bbox 1129 337 1190 394; x_wconf 86' lang='lat' dir='ltr'>S.</span> <span class='ocrx_word' id='word_1_437' title='bbox 1228 337 1510 396; x_wconf 80' lang='lat' dir='ltr'>JOANNIS</span> <span class='ocrx_word' id='word_1_438' title='bbox 1545 339 2032 396; x_wconf 73' lang='lat' dir='ltr'>CHRYSOSTOMI</span> <span class='ocrx_word' id='word_1_439' title='bbox 2071 339 2393 396; x_wconf 79' lang='lat' dir='ltr'>ARCHIEP.</span> <span class='ocrx_word' id='word_1_440' title='bbox 2434 335 2979 395; x_wconf 73' lang='lat' dir='ltr'>(IONSTANTINOP.</span> 
     </span>
    </p>
   </div>
   <div class='ocr_carea' id='block_1_62' title="bbox 3619 327 3725 394">
    <p class='ocr_par' dir='ltr' id='par_1_62' title="bbox 3619 327 3725 394">
     <span class='ocr_line' id='line_1_62' title="bbox 3619 327 3725 394; baseline 0.019 -3"><span class='ocrx_word' id='word_1_441' title='bbox 3619 327 3725 394; x_wconf 66' lang='lat'>&quot;9.74</span> 
     </span>
    </p>
   </div>
   <div class='ocr_carea' id='block_1_63' title="bbox 2159 444 3722 523">
    <p class='ocr_par' dir='ltr' id='par_1_63' title="bbox 2159 444 3722 523">
     <span class='ocr_line' id='line_1_63' title="bbox 2159 444 3722 523; baseline -0.003 -17"><span class='ocrx_word' id='word_1_442' title='bbox 2159 456 2248 507; x_wconf 86' lang='lat' dir='ltr'><strong><em>zeal</em></strong></span> <span class='ocrx_word' id='word_1_443' title='bbox 2277 455 2484 517; x_wconf 85' lang='grc' dir='ltr'>πάντας</span> <span class='ocrx_word' id='word_1_444' title='bbox 2512 457 2572 506; x_wconf 82' lang='grc' dir='ltr'>τὸ</span> <span class='ocrx_word' id='word_1_445' title='bbox 2597 453 2774 523; x_wconf 86' lang='grc' dir='ltr'>τίμιον</span> <span class='ocrx_word' id='word_1_446' title='bbox 2805 453 2977 523; x_wconf 76' lang='grc' dir='ltr'>ὄνομα</span> <span class='ocrx_word' id='word_1_447' title='bbox 3022 444 3508 520; x_wconf 79' lang='grc' dir='ltr'>ἀνακηρύττοντας,</span> <span class='ocrx_word' id='word_1_448' title='bbox 3535 447 3722 504; x_wconf 79' lang='grc' dir='ltr'>ἀναλο-</span> 
     </span>
    </p>
   </div>
   <div class='ocr_carea' id='block_1_64' title="bbox 2157 531 3726 614">
    <p class='ocr_par' dir='ltr' id='par_1_64' title="bbox 2157 531 3726 614">
     <span class='ocr_line' id='line_1_64' title="bbox 2157 531 3726 614; baseline 0 -20"><span class='ocrx_word' id='word_1_449' title='bbox 2157 545 2306 611; x_wconf 74' lang='grc' dir='ltr'>γίζου</span> <span class='ocrx_word' id='word_1_450' title='bbox 2330 544 2465 614; x_wconf 78' lang='grc' dir='ltr'>πρὸς</span> <span class='ocrx_word' id='word_1_451' title='bbox 2493 542 2704 605; x_wconf 79' lang='grc' dir='ltr'>ἑαυτὸν,</span> <span class='ocrx_word' id='word_1_452' title='bbox 2737 543 2818 595; x_wconf 79' lang='grc' dir='ltr'>ὅτι</span> <span class='ocrx_word' id='word_1_453' title='bbox 2847 544 2874 595; x_wconf 77' lang='grc' dir='ltr'><strong>ὁ</strong></span> <span class='ocrx_word' id='word_1_454' title='bbox 2902 539 3138 594; x_wconf 83' lang='grc' dir='ltr'>τοσαῦτα</span> <span class='ocrx_word' id='word_1_455' title='bbox 3156 539 3422 610; x_wconf 79' lang='grc' dir='ltr'>δυνηθεὶς,</span> <span class='ocrx_word' id='word_1_456' title='bbox 3447 531 3600 603; x_wconf 79' lang='grc' dir='ltr'>οὗτος</span> <span class='ocrx_word' id='word_1_457' title='bbox 3631 539 3726 594; x_wconf 84' lang='lat' dir='ltr'><strong><em>zeal</em></strong></span> 
     </span>
    </p>
   </div>
   <div class='ocr_carea' id='block_1_65' title="bbox 2155 629 2931 702">
    <p class='ocr_par' dir='ltr' id='par_1_65' title="bbox 2155 629 2931 702">
     <span class='ocr_line' id='line_1_65' title="bbox 2155 629 2931 702; baseline -0.005 -16"><span class='ocrx_word' id='word_1_458' title='bbox 2155 633 2224 686; x_wconf 75' lang='grc' dir='ltr'>τὰ</span> <span class='ocrx_word' id='word_1_459' title='bbox 2262 631 2522 702; x_wconf 85' lang='grc' dir='ltr'>μέλλοντα</span> <span class='ocrx_word' id='word_1_460' title='bbox 2549 629 2931 702; x_wconf 85' lang='grc' dir='ltr'>ἐπηγγείλατο.</span> 
     </span>
    </p>
   </div>
   <div class='ocr_carea' id='block_1_66' title="bbox 2226 801 3726 878">
    <p class='ocr_par' dir='ltr' id='par_1_66' title="bbox 2226 801 3726 878">
     <span class='ocr_line' id='line_1_66' title="bbox 2226 801 3726 878; baseline -0.004 -16"><span class='ocrx_word' id='word_1_461' title='bbox 2226 810 2289 864; x_wconf 83' lang='grc' dir='ltr'>Εἰ</span> <span class='ocrx_word' id='word_1_462' title='bbox 2321 809 2376 861; x_wconf 85' lang='grc' dir='ltr'>δέ</span> <span class='ocrx_word' id='word_1_463' title='bbox 2408 809 2498 862; x_wconf 85' lang='lat' dir='ltr'><strong><em>zeal</em></strong></span> <span class='ocrx_word' id='word_1_464' title='bbox 2524 807 2631 862; x_wconf 81' lang='grc' dir='ltr'>ἀπὸ</span> <span class='ocrx_word' id='word_1_465' title='bbox 2656 806 2855 878; x_wconf 91' lang='grc' dir='ltr'>μέρους</span> <span class='ocrx_word' id='word_1_466' title='bbox 2877 803 3082 868; x_wconf 87' lang='grc' dir='ltr'>ἐθέλοις</span> <span class='ocrx_word' id='word_1_467' title='bbox 3106 802 3405 873; x_wconf 89' lang='grc' dir='ltr'>λαμϐάνειν</span> <span class='ocrx_word' id='word_1_468' title='bbox 3429 801 3726 868; x_wconf 80' lang='grc' dir='ltr'>ἀπόδειξιν,</span> 
     </span>
    </p>
   </div>
   <div class='ocr_carea' id='block_1_67' title="bbox 2155 891 3726 968">
    <p class='ocr_par' dir='ltr' id='par_1_67' title="bbox 2155 891 3726 968">
     <span class='ocr_line' id='line_1_67' title="bbox 2155 891 3726 968; baseline -0.003 -19"><span class='ocrx_word' id='word_1_469' title='bbox 2155 897 2405 968; x_wconf 88' lang='grc' dir='ltr'>ἐννόησον</span> <span class='ocrx_word' id='word_1_470' title='bbox 2435 896 2580 958; x_wconf 93' lang='grc' dir='ltr'>τίνος</span> <span class='ocrx_word' id='word_1_471' title='bbox 2621 895 2804 946; x_wconf 77' lang='grc' dir='ltr'>ἕνεκεν</span> <span class='ocrx_word' id='word_1_472' title='bbox 2826 894 2860 963; x_wconf 82' lang='grc' dir='ltr'>ἡ</span> <span class='ocrx_word' id='word_1_473' title='bbox 2891 891 3185 961; x_wconf 76' lang='grc' dir='ltr'>οἰκουμένη</span> <span class='ocrx_word' id='word_1_474' title='bbox 3224 891 3502 961; x_wconf 87' lang='grc' dir='ltr'>συντρέχει</span> <span class='ocrx_word' id='word_1_475' title='bbox 3539 891 3726 945; x_wconf 70' lang='grc' dir='ltr'>ἅπασα</span> 
     </span>
    </p>
   </div>
   <div class='ocr_carea' id='block_1_68' title="bbox 2155 976 3727 1052">
    <p class='ocr_par' dir='ltr' id='par_1_68' title="bbox 2155 976 3727 1052">
     <span class='ocr_line' id='line_1_68' title="bbox 2155 976 3727 1052; baseline -0.003 -16"><span class='ocrx_word' id='word_1_476' title='bbox 2155 983 2322 1052; x_wconf 80' lang='grc' dir='ltr'>τάφον</span> <span class='ocrx_word' id='word_1_477' title='bbox 2351 983 2476 1035; x_wconf 87' lang='grc' dir='ltr'>ἰδεῖν</span> <span class='ocrx_word' id='word_1_478' title='bbox 2501 981 2657 1051; x_wconf 90' lang='grc' dir='ltr'>σῶμα</span> <span class='ocrx_word' id='word_1_479' title='bbox 2671 981 2772 1033; x_wconf 91' lang='grc' dir='ltr'>οὐκ</span> <span class='ocrx_word' id='word_1_480' title='bbox 2791 979 2983 1049; x_wconf 74' lang='grc' dir='ltr'>ἔχοντα</span> <span class='ocrx_word' id='word_1_481' title='bbox 3003 995 3015 1008; x_wconf 90' lang='grc'><strong>·</strong></span> <span class='ocrx_word' id='word_1_482' title='bbox 3041 978 3169 1031; x_wconf 88' lang='grc' dir='ltr'>ποία</span> <span class='ocrx_word' id='word_1_483' title='bbox 3187 976 3416 1048; x_wconf 90' lang='grc' dir='ltr'>δύναμις</span> <span class='ocrx_word' id='word_1_484' title='bbox 3437 978 3584 1030; x_wconf 78' lang='grc' dir='ltr'>ἐλκει</span> <span class='ocrx_word' id='word_1_485' title='bbox 3599 979 3727 1043; x_wconf 70' lang='grc' dir='ltr'>τοὺς</span> 
     </span>
    </p>
   </div>
   <div class='ocr_carea' id='block_1_69' title="bbox 2153 1063 3723 1138">
    <p class='ocr_par' dir='ltr' id='par_1_69' title="bbox 2153 1063 3723 1138">
     <span class='ocr_line' id='line_1_69' title="bbox 2153 1063 3723 1138; baseline -0.003 -16"><span class='ocrx_word' id='word_1_486' title='bbox 2153 1069 2262 1123; x_wconf 85' lang='grc' dir='ltr'>ἀπὸ</span> <span class='ocrx_word' id='word_1_487' title='bbox 2281 1067 2393 1122; x_wconf 89' lang='grc' dir='ltr'>τῶν</span> <span class='ocrx_word' id='word_1_488' title='bbox 2415 1067 2666 1138; x_wconf 89' lang='grc' dir='ltr'>περάτων</span> <span class='ocrx_word' id='word_1_489' title='bbox 2679 1067 2778 1135; x_wconf 89' lang='grc' dir='ltr'>τῆς</span> <span class='ocrx_word' id='word_1_490' title='bbox 2801 1066 2925 1136; x_wconf 91' lang='grc' dir='ltr'>γῆς,</span> <span class='ocrx_word' id='word_1_491' title='bbox 2945 1064 3084 1117; x_wconf 86' lang='grc' dir='ltr'>ὥστε</span> <span class='ocrx_word' id='word_1_492' title='bbox 3111 1065 3238 1118; x_wconf 87' lang='grc' dir='ltr'>ἰδεῖν</span> <span class='ocrx_word' id='word_1_493' title='bbox 3265 1063 3367 1118; x_wconf 87' lang='grc' dir='ltr'>ποῦ</span> <span class='ocrx_word' id='word_1_494' title='bbox 3390 1065 3486 1135; x_wconf 83' lang='grc' dir='ltr'>μὲν</span> <span class='ocrx_word' id='word_1_495' title='bbox 3506 1065 3723 1135; x_wconf 81' lang='grc' dir='ltr'>ἐτέχθη,</span> 
     </span>
    </p>
   </div>
   <div class='ocr_carea' id='block_1_70' title="bbox 2157 1152 3726 1225">
    <p class='ocr_par' dir='ltr' id='par_1_70' title="bbox 2157 1152 3726 1225">
     <span class='ocr_line' id='line_1_70' title="bbox 2157 1152 3726 1225; baseline -0.001 -15"><span class='ocrx_word' id='word_1_496' title='bbox 2157 1156 2259 1211; x_wconf 87' lang='grc' dir='ltr'>ποῦ</span> <span class='ocrx_word' id='word_1_497' title='bbox 2282 1157 2339 1210; x_wconf 87' lang='grc' dir='ltr'>δέ</span> <span class='ocrx_word' id='word_1_498' title='bbox 2365 1155 2560 1225; x_wconf 83' lang='grc' dir='ltr'>ἐτάφη,</span> <span class='ocrx_word' id='word_1_499' title='bbox 2583 1154 2685 1208; x_wconf 89' lang='grc' dir='ltr'>ποῦ</span> <span class='ocrx_word' id='word_1_500' title='bbox 2708 1153 2764 1206; x_wconf 78' lang='grc' dir='ltr'>δὲ</span> <span class='ocrx_word' id='word_1_501' title='bbox 2789 1152 3109 1224; x_wconf 81' lang='grc' dir='ltr'>ἐσταυρώθη</span> <span class='ocrx_word' id='word_1_502' title='bbox 3130 1168 3144 1182; x_wconf 85' lang='lat'><strong>&#39;</strong></span> <span class='ocrx_word' id='word_1_503' title='bbox 3168 1153 3419 1223; x_wconf 89' lang='grc' dir='ltr'>ἐννόησον</span> <span class='ocrx_word' id='word_1_504' title='bbox 3444 1152 3605 1207; x_wconf 78' lang='grc' dir='ltr'>αὐτὸν</span> <span class='ocrx_word' id='word_1_505' title='bbox 3631 1152 3726 1208; x_wconf 83' lang='grc' dir='ltr'>τδν</span> 
     </span>
    </p>
   </div>
   <div class='ocr_carea' id='block_1_71' title="bbox 2159 1240 3726 1315">
    <p class='ocr_par' dir='ltr' id='par_1_71' title="bbox 2159 1240 3726 1315">
     <span class='ocr_line' id='line_1_71' title="bbox 2159 1240 3726 1315; baseline -0.003 -16"><span class='ocrx_word' id='word_1_506' title='bbox 2159 1244 2412 1315; x_wconf 83' lang='grc' dir='ltr'>σταυρὸν,</span> <span class='ocrx_word' id='word_1_507' title='bbox 2442 1244 2574 1313; x_wconf 83' lang='grc' dir='ltr'>ὅσης</span> <span class='ocrx_word' id='word_1_508' title='bbox 2600 1240 2882 1312; x_wconf 86' lang='grc' dir='ltr'>δυνάμεώς</span> <span class='ocrx_word' id='word_1_509' title='bbox 2913 1242 3031 1294; x_wconf 89' lang='grc' dir='ltr'>ἐστι</span> <span class='ocrx_word' id='word_1_510' title='bbox 3061 1243 3308 1311; x_wconf 90' lang='grc' dir='ltr'>σημεῖον.</span> <span class='ocrx_word' id='word_1_511' title='bbox 3338 1240 3398 1294; x_wconf 81' lang='grc' dir='ltr'>Ὀ</span> <span class='ocrx_word' id='word_1_512' title='bbox 3425 1241 3534 1312; x_wconf 88' lang='lat'>7&amp;9</span> <span class='ocrx_word' id='word_1_513' title='bbox 3563 1258 3726 1294; x_wconf 79' lang='grc' dir='ltr'>σταυ-</span> 
     </span>
    </p>
   </div>
   <div class='ocr_carea' id='block_1_72' title="bbox 2163 1323 3726 1403">
    <p class='ocr_par' dir='ltr' id='par_1_72' title="bbox 2163 1323 3726 1403">
     <span class='ocr_line' id='line_1_72' title="bbox 2163 1323 3726 1403; baseline -0.001 -20"><span class='ocrx_word' id='word_1_514' title='bbox 2163 1331 2254 1403; x_wconf 82' lang='grc' dir='ltr'>ρὸς</span> <span class='ocrx_word' id='word_1_515' title='bbox 2279 1323 2433 1394; x_wconf 78' lang='grc' dir='ltr'>οὗτος</span> <span class='ocrx_word' id='word_1_516' title='bbox 2466 1329 2573 1401; x_wconf 83' lang='grc' dir='ltr'>πρὸ</span> <span class='ocrx_word' id='word_1_517' title='bbox 2601 1327 2789 1382; x_wconf 89' lang='grc' dir='ltr'>τούτου</span> <span class='ocrx_word' id='word_1_518' title='bbox 2824 1327 3050 1392; x_wconf 90' lang='grc' dir='ltr'>θάνατος</span> <span class='ocrx_word' id='word_1_519' title='bbox 3080 1323 3148 1399; x_wconf 83' lang='grc' dir='ltr'>ῆν</span> <span class='ocrx_word' id='word_1_520' title='bbox 3173 1327 3461 1399; x_wconf 88' lang='grc' dir='ltr'>ἐπάρατος,</span> <span class='ocrx_word' id='word_1_521' title='bbox 3495 1328 3726 1392; x_wconf 87' lang='grc' dir='ltr'>θάνατος</span> 
     </span>
    </p>
   </div>
   <div class='ocr_carea' id='block_1_73' title="bbox 2157 1413 3723 1484">
    <p class='ocr_par' dir='ltr' id='par_1_73' title="bbox 2157 1413 3723 1484">
     <span class='ocr_line' id='line_1_73' title="bbox 2157 1413 3723 1484; baseline 0 -16"><span class='ocrx_word' id='word_1_522' title='bbox 2157 1416 2542 1480; x_wconf 90' lang='grc' dir='ltr'>ἐπονείδιστος,</span> <span class='ocrx_word' id='word_1_523' title='bbox 2575 1415 2801 1478; x_wconf 91' lang='grc' dir='ltr'>θάνατος</span> <span class='ocrx_word' id='word_1_524' title='bbox 2832 1417 2860 1468; x_wconf 86' lang='grc' dir='ltr'>ὁ</span> <span class='ocrx_word' id='word_1_525' title='bbox 2882 1413 3098 1467; x_wconf 89' lang='grc' dir='ltr'>πάντων</span> <span class='ocrx_word' id='word_1_526' title='bbox 3119 1415 3417 1484; x_wconf 74' lang='grc' dir='ltr'>αἴσχιστος.</span> <span class='ocrx_word' id='word_1_527' title='bbox 3448 1414 3585 1466; x_wconf 77' lang='grc' dir='ltr'>Ἀλλ’</span> <span class='ocrx_word' id='word_1_528' title='bbox 3611 1413 3723 1468; x_wconf 84' lang='grc' dir='ltr'>ἰδού</span> 
     </span>
    </p>
   </div>
   <div class='ocr_carea' id='block_1_74' title="bbox 2155 1486 3726 1574">
    <p class='ocr_par' dir='ltr' id='par_1_74' title="bbox 2155 1486 3726 1574">
     <span class='ocr_line' id='line_1_74' title="bbox 2155 1486 3726 1574; baseline -0.001 -17"><span class='ocrx_word' id='word_1_529' title='bbox 2155 1503 2250 1558; x_wconf 91' lang='grc' dir='ltr'>νῦν</span> <span class='ocrx_word' id='word_1_530' title='bbox 2283 1503 2380 1574; x_wconf 90' lang='grc' dir='ltr'>τῆς</span> <span class='ocrx_word' id='word_1_531' title='bbox 2407 1503 2552 1573; x_wconf 79' lang='grc' dir='ltr'>ζωῆς</span> <span class='ocrx_word' id='word_1_532' title='bbox 2575 1502 2744 1573; x_wconf 90' lang='grc' dir='ltr'>αὐτῆς</span> <span class='ocrx_word' id='word_1_533' title='bbox 2766 1501 3087 1572; x_wconf 83' lang='grc' dir='ltr'>τιμιώτερος</span> <span class='ocrx_word' id='word_1_534' title='bbox 3113 1500 3324 1570; x_wconf 88' lang='grc' dir='ltr'>γέγονε,</span> <span class='ocrx_word' id='word_1_535' title='bbox 3353 1501 3446 1554; x_wconf 81' lang='grc' dir='ltr'>καὶ</span> <span class='ocrx_word' id='word_1_536' title='bbox 3463 1486 3726 1571; x_wconf 68' lang='grc' dir='ltr'>διαδηῖιά-</span> 
     </span>
    </p>
   </div>
   <div class='ocr_carea' id='block_1_75' title="bbox 2155 1585 3725 1660">
    <p class='ocr_par' dir='ltr' id='par_1_75' title="bbox 2155 1585 3725 1660">
     <span class='ocr_line' id='line_1_75' title="bbox 2155 1585 3725 1660; baseline -0.003 -16"><span class='ocrx_word' id='word_1_537' title='bbox 2155 1607 2264 1644; x_wconf 89' lang='grc' dir='ltr'>των</span> <span class='ocrx_word' id='word_1_538' title='bbox 2313 1589 2725 1660; x_wconf 88' lang='grc' dir='ltr'>λαμπρότερος,</span> <span class='ocrx_word' id='word_1_539' title='bbox 2761 1588 2856 1642; x_wconf 88' lang='lat' dir='ltr'><strong><em>zeal</em></strong></span> <span class='ocrx_word' id='word_1_540' title='bbox 2899 1587 3102 1650; x_wconf 87' lang='grc' dir='ltr'>πάντες</span> <span class='ocrx_word' id='word_1_541' title='bbox 3141 1586 3234 1639; x_wconf 75' lang='grc' dir='ltr'>ἐπὶ</span> <span class='ocrx_word' id='word_1_542' title='bbox 3273 1585 3526 1654; x_wconf 86' lang='grc' dir='ltr'>μετώπου</span> <span class='ocrx_word' id='word_1_543' title='bbox 3559 1587 3725 1641; x_wconf 75' lang='grc' dir='ltr'>αὐτὸν</span> 
     </span>
    </p>
   </div>
   <div class='ocr_carea' id='block_1_76' title="bbox 2156 1672 3723 1749">
    <p class='ocr_par' dir='ltr' id='par_1_76' title="bbox 2156 1672 3723 1749">
     <span class='ocr_line' id='line_1_76' title="bbox 2156 1672 3723 1749; baseline -0.002 -18"><span class='ocrx_word' id='word_1_544' title='bbox 2156 1677 2545 1749; x_wconf 89' lang='grc' dir='ltr'>περιφέρομεν,</span> <span class='ocrx_word' id='word_1_545' title='bbox 2588 1675 2650 1728; x_wconf 88' lang='grc' dir='ltr'>οὐ</span> <span class='ocrx_word' id='word_1_546' title='bbox 2684 1674 2843 1746; x_wconf 92' lang='grc' dir='ltr'>μόνον</span> <span class='ocrx_word' id='word_1_547' title='bbox 2870 1673 2972 1728; x_wconf 90' lang='grc' dir='ltr'>οὐκ</span> <span class='ocrx_word' id='word_1_548' title='bbox 3019 1672 3433 1744; x_wconf 82' lang='grc' dir='ltr'>αἰσχυνόμενοι,</span> <span class='ocrx_word' id='word_1_549' title='bbox 3465 1673 3601 1727; x_wconf 86' lang='grc' dir='ltr'>ἀλλά</span> <span class='ocrx_word' id='word_1_550' title='bbox 3627 1676 3723 1728; x_wconf 85' lang='lat' dir='ltr'><strong><em>zeal</em></strong></span> 
     </span>
    </p>
   </div>
   <div class='ocr_carea' id='block_1_77' title="bbox 2158 1759 3724 1834">
    <p class='ocr_par' dir='ltr' id='par_1_77' title="bbox 2158 1759 3724 1834">
     <span class='ocr_line' id='line_1_77' title="bbox 2158 1759 3724 1834; baseline -0.001 -17"><span class='ocrx_word' id='word_1_551' title='bbox 2158 1762 2689 1834; x_wconf 77' lang='grc' dir='ltr'>ἐγκαλλωπιζόμενοι</span> <span class='ocrx_word' id='word_1_552' title='bbox 2710 1760 2904 1831; x_wconf 88' lang='grc' dir='ltr'>τούτῳ.</span> <span class='ocrx_word' id='word_1_553' title='bbox 2925 1759 3000 1813; x_wconf 91' lang='grc' dir='ltr'>Οὐ</span> <span class='ocrx_word' id='word_1_554' title='bbox 3025 1759 3123 1830; x_wconf 82' lang='grc' dir='ltr'>μὲν</span> <span class='ocrx_word' id='word_1_555' title='bbox 3150 1759 3354 1812; x_wconf 87' lang='grc' dir='ltr'>ἰδιῶται</span> <span class='ocrx_word' id='word_1_556' title='bbox 3386 1759 3566 1829; x_wconf 88' lang='grc' dir='ltr'>μόνον,</span> <span class='ocrx_word' id='word_1_557' title='bbox 3590 1759 3724 1815; x_wconf 82' lang='grc' dir='ltr'>ἀλλά</span> 
     </span>
    </p>
   </div>
   <div class='ocr_carea' id='block_1_78' title="bbox 2155 1845 3728 1918">
    <p class='ocr_par' dir='ltr' id='par_1_78' title="bbox 2155 1845 3728 1918">
     <span class='ocr_line' id='line_1_78' title="bbox 2155 1845 3728 1918; baseline -0.003 -14"><span class='ocrx_word' id='word_1_558' title='bbox 2155 1852 2252 1904; x_wconf 87' lang='lat' dir='ltr'><strong><em>zeal</em></strong></span> <span class='ocrx_word' id='word_1_559' title='bbox 2281 1851 2435 1902; x_wconf 74' lang='grc' dir='ltr'>αὐτοί¹</span> <span class='ocrx_word' id='word_1_560' title='bbox 2455 1851 2504 1903; x_wconf 90' lang='grc' dir='ltr'>οἱ</span> <span class='ocrx_word' id='word_1_561' title='bbox 2531 1848 2602 1902; x_wconf 84' lang='grc' dir='ltr'>τὰ</span> <span class='ocrx_word' id='word_1_562' title='bbox 2627 1847 2933 1918; x_wconf 85' lang='grc' dir='ltr'>διαδήματα</span> <span class='ocrx_word' id='word_1_563' title='bbox 2959 1846 3333 1918; x_wconf 90' lang='grc' dir='ltr'>περικείμενοι</span> <span class='ocrx_word' id='word_1_564' title='bbox 3353 1845 3446 1898; x_wconf 82' lang='grc' dir='ltr'>ἐπί</span> <span class='ocrx_word' id='word_1_565' title='bbox 3474 1845 3570 1899; x_wconf 89' lang='grc' dir='ltr'>τοῦ</span> <span class='ocrx_word' id='word_1_566' title='bbox 3599 1862 3728 1917; x_wconf 83' lang='grc' dir='ltr'>μετ-</span> 
     </span>
    </p>
   </div>
   <div class='ocr_carea' id='block_1_79' title="bbox 2155 1931 3727 2007">
    <p class='ocr_par' dir='ltr' id='par_1_79' title="bbox 2155 1931 3727 2007">
     <span class='ocr_line' id='line_1_79' title="bbox 2155 1931 3727 2007; baseline -0.003 -17"><span class='ocrx_word' id='word_1_567' title='bbox 2155 1936 2308 1990; x_wconf 84' lang='grc' dir='ltr'>ώπου</span> <span class='ocrx_word' id='word_1_568' title='bbox 2361 1936 2501 2007; x_wconf 81' lang='grc' dir='ltr'>ὑπὲρ</span> <span class='ocrx_word' id='word_1_569' title='bbox 2555 1935 2628 1990; x_wconf 84' lang='grc' dir='ltr'>τά</span> <span class='ocrx_word' id='word_1_570' title='bbox 2678 1934 2985 2005; x_wconf 86' lang='grc' dir='ltr'>διαδήματα</span> <span class='ocrx_word' id='word_1_571' title='bbox 3017 1931 3178 1985; x_wconf 77' lang='grc' dir='ltr'>αὐτὸν</span> <span class='ocrx_word' id='word_1_572' title='bbox 3225 1931 3585 2002; x_wconf 81' lang='grc' dir='ltr'>βαστάζουσι,</span> <span class='ocrx_word' id='word_1_573' title='bbox 3627 1933 3727 1986; x_wconf 91' lang='lat' dir='ltr'><strong><em>zeal</em></strong></span> 
     </span>
    </p>
   </div>
   <div class='ocr_carea' id='block_1_80' title="bbox 2158 2017 3726 2096">
    <p class='ocr_par' dir='ltr' id='par_1_80' title="bbox 2158 2017 3726 2096">
     <span class='ocr_line' id='line_1_80' title="bbox 2158 2017 3726 2096; baseline -0.003 -20"><span class='ocrx_word' id='word_1_574' title='bbox 2158 2023 2304 2096; x_wconf 88' lang='grc' dir='ltr'>μάλα</span> <span class='ocrx_word' id='word_1_575' title='bbox 2337 2023 2564 2086; x_wconf 84' lang='grc' dir='ltr'>εἰκότως</span> <span class='ocrx_word' id='word_1_576' title='bbox 2581 2037 2599 2051; x_wconf 76' lang='grc'><strong>⁸</strong></span> <span class='ocrx_word' id='word_1_577' title='bbox 2635 2021 2842 2093; x_wconf 85' lang='grc' dir='ltr'>μυρίων</span> <span class='ocrx_word' id='word_1_578' title='bbox 2865 2019 2976 2091; x_wconf 91' lang='lat'>7&amp;9</span> <span class='ocrx_word' id='word_1_579' title='bbox 3000 2017 3345 2089; x_wconf 86' lang='grc' dir='ltr'>διαδημάτων</span> <span class='ocrx_word' id='word_1_580' title='bbox 3366 2018 3626 2088; x_wconf 85' lang='grc' dir='ltr'>ἀμείνων.</span> <span class='ocrx_word' id='word_1_581' title='bbox 3649 2017 3726 2072; x_wconf 77' lang='grc' dir='ltr'>Τὸ</span> 
     </span>
    </p>
   </div>
   <div class='ocr_carea' id='block_1_81' title="bbox 2158 2103 3726 2182">
    <p class='ocr_par' dir='ltr' id='par_1_81' title="bbox 2158 2103 3726 2182">
     <span class='ocr_line' id='line_1_81' title="bbox 2158 2103 3726 2182; baseline -0.004 -19"><span class='ocrx_word' id='word_1_582' title='bbox 2158 2110 2258 2180; x_wconf 90' lang='grc' dir='ltr'>μέν</span> <span class='ocrx_word' id='word_1_583' title='bbox 2283 2109 2390 2182; x_wconf 89' lang='grc' dir='ltr'>γάρ</span> <span class='ocrx_word' id='word_1_584' title='bbox 2425 2109 2666 2179; x_wconf 84' lang='grc' dir='ltr'>διάδημα</span> <span class='ocrx_word' id='word_1_585' title='bbox 2696 2106 3027 2172; x_wconf 78' lang='grc' dir='ltr'>καλλωπίζει</span> <span class='ocrx_word' id='word_1_586' title='bbox 3065 2105 3328 2176; x_wconf 82' lang='grc' dir='ltr'>κεφαλὴν,</span> <span class='ocrx_word' id='word_1_587' title='bbox 3356 2106 3386 2158; x_wconf 88' lang='grc' dir='ltr'>ό</span> <span class='ocrx_word' id='word_1_588' title='bbox 3407 2105 3464 2157; x_wconf 81' lang='grc' dir='ltr'>δὲ</span> <span class='ocrx_word' id='word_1_589' title='bbox 3494 2103 3726 2175; x_wconf 84' lang='grc' dir='ltr'>σταυρὸς</span> 
     </span>
    </p>
   </div>
   <div class='ocr_carea' id='block_1_82' title="bbox 2153 2191 3723 2265">
    <p class='ocr_par' dir='ltr' id='par_1_82' title="bbox 2153 2191 3723 2265">
     <span class='ocr_line' id='line_1_82' title="bbox 2153 2191 3723 2265; baseline -0.005 -13"><span class='ocrx_word' id='word_1_590' title='bbox 2153 2195 2510 2265; x_wconf 78' lang='grc' dir='ltr'>ἀσφαλίζεται</span> <span class='ocrx_word' id='word_1_591' title='bbox 2550 2195 2809 2250; x_wconf 88' lang='grc' dir='ltr'>διάνοιαν.</span> <span class='ocrx_word' id='word_1_592' title='bbox 2853 2193 3026 2248; x_wconf 90' lang='grc' dir='ltr'>Τοῦτο</span> <span class='ocrx_word' id='word_1_593' title='bbox 3057 2191 3327 2263; x_wconf 88' lang='grc' dir='ltr'>δαιμόνων</span> <span class='ocrx_word' id='word_1_594' title='bbox 3366 2191 3723 2262; x_wconf 87' lang='grc' dir='ltr'>ἀμυντήριον,</span> 
     </span>
    </p>
   </div>
   <div class='ocr_carea' id='block_1_83' title="bbox 2149 2279 3724 2355">
    <p class='ocr_par' dir='ltr' id='par_1_83' title="bbox 2149 2279 3724 2355">
     <span class='ocr_line' id='line_1_83' title="bbox 2149 2279 3724 2355; baseline -0.004 -17"><span class='ocrx_word' id='word_1_595' title='bbox 2149 2284 2306 2338; x_wconf 85' lang='grc' dir='ltr'>τοῦτο</span> <span class='ocrx_word' id='word_1_596' title='bbox 2346 2285 2408 2338; x_wconf 82' lang='grc' dir='ltr'>τὸ</span> <span class='ocrx_word' id='word_1_597' title='bbox 2451 2285 2688 2355; x_wconf 90' lang='grc' dir='ltr'>διάδημα</span> <span class='ocrx_word' id='word_1_598' title='bbox 2741 2281 3065 2353; x_wconf 83' lang='grc' dir='ltr'>νοσημάτων</span> <span class='ocrx_word' id='word_1_599' title='bbox 3112 2279 3290 2351; x_wconf 82' lang='grc' dir='ltr'>ψυχῆς</span> <span class='ocrx_word' id='word_1_600' title='bbox 3343 2279 3684 2350; x_wconf 91' lang='grc' dir='ltr'>ἀναιρετικόν</span> <span class='ocrx_word' id='word_1_601' title='bbox 3705 2295 3724 2311; x_wconf 86' lang='grc'><strong>·</strong></span> 
     </span>
    </p>
   </div>
   <div class='ocr_carea' id='block_1_84' title="bbox 2149 2364 3728 2441">
    <p class='ocr_par' dir='ltr' id='par_1_84' title="bbox 2149 2364 3728 2441">
     <span class='ocr_line' id='line_1_84' title="bbox 2149 2364 3728 2441; baseline -0.003 -17"><span class='ocrx_word' id='word_1_602' title='bbox 2149 2371 2307 2425; x_wconf 84' lang='grc' dir='ltr'>τοῦτο</span> <span class='ocrx_word' id='word_1_603' title='bbox 2335 2373 2497 2426; x_wconf 84' lang='grc' dir='ltr'>ὅπλον</span> <span class='ocrx_word' id='word_1_604' title='bbox 2524 2372 2840 2441; x_wconf 89' lang='grc' dir='ltr'>ἀχείρωτον,</span> <span class='ocrx_word' id='word_1_605' title='bbox 2881 2368 3037 2422; x_wconf 90' lang='grc' dir='ltr'>τοῦτο</span> <span class='ocrx_word' id='word_1_606' title='bbox 3075 2369 3250 2436; x_wconf 85' lang='grc' dir='ltr'>τεῖχος</span> <span class='ocrx_word' id='word_1_607' title='bbox 3285 2366 3494 2436; x_wconf 80' lang='grc' dir='ltr'>ἄμαχον</span> <span class='ocrx_word' id='word_1_608' title='bbox 3515 2382 3532 2397; x_wconf 76' lang='grc'><strong>’</strong></span> <span class='ocrx_word' id='word_1_609' title='bbox 3565 2364 3728 2420; x_wconf 83' lang='grc' dir='ltr'>τοῦτο</span> 
     </span>
    </p>
   </div>
   <div class='ocr_carea' id='block_1_85' title="bbox 2150 2452 3726 2529">
    <p class='ocr_par' dir='ltr' id='par_1_85' title="bbox 2150 2452 3726 2529">
     <span class='ocr_line' id='line_1_85' title="bbox 2150 2452 3726 2529; baseline -0.004 -16"><span class='ocrx_word' id='word_1_610' title='bbox 2150 2459 2419 2529; x_wconf 86' lang='grc' dir='ltr'>ἀσφάλεια</span> <span class='ocrx_word' id='word_1_611' title='bbox 2447 2457 2884 2524; x_wconf 83' lang='grc' dir='ltr'>ἀκαταγὼνιστος</span> <span class='ocrx_word' id='word_1_612' title='bbox 2906 2471 2920 2485; x_wconf 75' lang='grc' dir='ltr'>ο</span> <span class='ocrx_word' id='word_1_613' title='bbox 2962 2455 3024 2508; x_wconf 85' lang='grc' dir='ltr'>οὐ</span> <span class='ocrx_word' id='word_1_614' title='bbox 3061 2453 3349 2524; x_wconf 83' lang='grc' dir='ltr'>βαρϐάρων</span> <span class='ocrx_word' id='word_1_615' title='bbox 3389 2453 3628 2522; x_wconf 84' lang='grc' dir='ltr'>ἐφόδους,</span> <span class='ocrx_word' id='word_1_616' title='bbox 3660 2452 3726 2506; x_wconf 90' lang='grc' dir='ltr'>οὐ</span> 
     </span>
    </p>
   </div>
   <div class='ocr_carea' id='block_1_86' title="bbox 2151 2539 3727 2615">
    <p class='ocr_par' dir='ltr' id='par_1_86' title="bbox 2151 2539 3727 2615">
     <span class='ocr_line' id='line_1_86' title="bbox 2151 2539 3727 2615; baseline -0.003 -15"><span class='ocrx_word' id='word_1_617' title='bbox 2151 2545 2424 2615; x_wconf 90' lang='grc' dir='ltr'>πολεμίων</span> <span class='ocrx_word' id='word_1_618' title='bbox 2484 2544 2644 2614; x_wconf 91' lang='grc' dir='ltr'>μόνον</span> <span class='ocrx_word' id='word_1_619' title='bbox 2681 2541 3053 2614; x_wconf 86' lang='grc' dir='ltr'>καταδρομὰς,</span> <span class='ocrx_word' id='word_1_620' title='bbox 3097 2540 3232 2594; x_wconf 87' lang='grc' dir='ltr'>ἀλλά</span> <span class='ocrx_word' id='word_1_621' title='bbox 3262 2539 3360 2594; x_wconf 90' lang='lat' dir='ltr'><strong><em>zeal</em></strong></span> <span class='ocrx_word' id='word_1_622' title='bbox 3398 2539 3574 2593; x_wconf 87' lang='grc' dir='ltr'>αὐτῶν</span> <span class='ocrx_word' id='word_1_623' title='bbox 3614 2539 3727 2595; x_wconf 89' lang='grc' dir='ltr'>τῶν</span> 
     </span>
    </p>
   </div>
   <div class='ocr_carea' id='block_1_87' title="bbox 2145 2623 3726 2699">
    <p class='ocr_par' dir='ltr' id='par_1_87' title="bbox 2145 2623 3726 2699">
     <span class='ocr_line' id='line_1_87' title="bbox 2145 2623 3726 2699; baseline -0.004 -16"><span class='ocrx_word' id='word_1_624' title='bbox 2145 2628 2355 2699; x_wconf 89' lang='grc' dir='ltr'>ἀγρίων</span> <span class='ocrx_word' id='word_1_625' title='bbox 2398 2625 2668 2697; x_wconf 89' lang='grc' dir='ltr'>δαιμόνων</span> <span class='ocrx_word' id='word_1_626' title='bbox 2709 2623 2923 2678; x_wconf 90' lang='grc' dir='ltr'>διαλύον</span> <span class='ocrx_word' id='word_1_627' title='bbox 2960 2625 3058 2688; x_wconf 80' lang='grc' dir='ltr'>τὰς</span> <span class='ocrx_word' id='word_1_628' title='bbox 3102 2623 3405 2694; x_wconf 87' lang='grc' dir='ltr'>φάλαγγας.</span> <span class='ocrx_word' id='word_1_629' title='bbox 3457 2623 3556 2676; x_wconf 81' lang='grc' dir='ltr'>Ἐν</span> <span class='ocrx_word' id='word_1_630' title='bbox 3597 2625 3726 2692; x_wconf 79' lang='grc' dir='ltr'>ταῖς</span> 
     </span>
    </p>
   </div>
   <div class='ocr_carea' id='block_1_88' title="bbox 2145 2714 3726 2790">
    <p class='ocr_par' dir='ltr' id='par_1_88' title="bbox 2145 2714 3726 2790">
     <span class='ocr_line' id='line_1_88' title="bbox 2145 2714 3726 2790; baseline -0.002 -17"><span class='ocrx_word' id='word_1_631' title='bbox 2145 2719 2527 2790; x_wconf 68' lang='grc' dir='ltr'>λαμπρότησι</span> <span class='ocrx_word' id='word_1_632' title='bbox 2548 2714 2669 2769; x_wconf 80' lang='grc' dir='ltr'>τῶν</span> <span class='ocrx_word' id='word_1_633' title='bbox 2689 2715 2894 2784; x_wconf 79' lang='grc' dir='ltr'>ἁγίων.</span> <span class='ocrx_word' id='word_1_634' title='bbox 2914 2716 3156 2787; x_wconf 84' lang='grc' dir='ltr'>Ἕτερος.</span> <span class='ocrx_word' id='word_1_635' title='bbox 3193 2714 3289 2767; x_wconf 78' lang='grc' dir='ltr'>Ἑν</span> <span class='ocrx_word' id='word_1_636' title='bbox 3313 2716 3485 2785; x_wconf 74' lang='grc' dir='ltr'>ἁγίου</span> <span class='ocrx_word' id='word_1_637' title='bbox 3511 2719 3726 2783; x_wconf 80' lang='grc' dir='ltr'>εὐπρε-</span> 
     </span>
    </p>
   </div>
   <div class='ocr_carea' id='block_1_89' title="bbox 2149 2796 3724 2873">
    <p class='ocr_par' dir='ltr' id='par_1_89' title="bbox 2149 2796 3724 2873">
     <span class='ocr_line' id='line_1_89' title="bbox 2149 2796 3724 2873; baseline -0.009 -13"><span class='ocrx_word' id='word_1_638' title='bbox 2149 2809 2303 2873; x_wconf 79' lang='grc' dir='ltr'>πείᾳ.</span> <span class='ocrx_word' id='word_1_639' title='bbox 2329 2805 2540 2868; x_wconf 76' lang='grc' dir='ltr'>Ἄλλος,</span> <span class='ocrx_word' id='word_1_640' title='bbox 2575 2803 2676 2857; x_wconf 84' lang='grc' dir='ltr'>Ἑν</span> <span class='ocrx_word' id='word_1_641' title='bbox 2695 2801 2844 2869; x_wconf 83' lang='grc' dir='ltr'>δόξῃ</span> <span class='ocrx_word' id='word_1_642' title='bbox 2874 2799 3074 2869; x_wconf 79' lang='grc' dir='ltr'>ἁγίων,</span> <span class='ocrx_word' id='word_1_643' title='bbox 3099 2799 3218 2850; x_wconf 82' lang='grc' dir='ltr'>Ἔτι</span> <span class='ocrx_word' id='word_1_644' title='bbox 3240 2796 3486 2867; x_wconf 72' lang='grc' dir='ltr'>περὶτῆς</span> <span class='ocrx_word' id='word_1_645' title='bbox 3512 2796 3724 2867; x_wconf 86' lang='grc' dir='ltr'>ἡμέρας</span> 
     </span>
    </p>
   </div>
   <div class='ocr_carea' id='block_1_90' title="bbox 2149 2881 3724 2960">
    <p class='ocr_par' dir='ltr' id='par_1_90' title="bbox 2149 2881 3724 2960">
     <span class='ocr_line' id='line_1_90' title="bbox 2149 2881 3724 2960; baseline -0.006 -15"><span class='ocrx_word' id='word_1_646' title='bbox 2149 2892 2454 2960; x_wconf 88' lang='grc' dir='ltr'>διαλέγεται</span> <span class='ocrx_word' id='word_1_647' title='bbox 2481 2891 2579 2960; x_wconf 88' lang='grc' dir='ltr'>τῆς</span> <span class='ocrx_word' id='word_1_648' title='bbox 2603 2906 2662 2942; x_wconf 92' lang='grc' dir='ltr'>τε</span> <span class='ocrx_word' id='word_1_649' title='bbox 2697 2886 2978 2956; x_wconf 88' lang='grc' dir='ltr'>παρούσης</span> <span class='ocrx_word' id='word_1_650' title='bbox 3001 2885 3098 2955; x_wconf 91' lang='grc' dir='ltr'>τῆς</span> <span class='ocrx_word' id='word_1_651' title='bbox 3127 2901 3185 2936; x_wconf 90' lang='grc' dir='ltr'>τε</span> <span class='ocrx_word' id='word_1_652' title='bbox 3217 2881 3533 2952; x_wconf 86' lang='grc' dir='ltr'>μελλούσης.</span> <span class='ocrx_word' id='word_1_653' title='bbox 3566 2885 3724 2952; x_wconf 82' lang='grc' dir='ltr'>Λαμ-</span> 
     </span>
    </p>
   </div>
   <div class='ocr_carea' id='block_1_91' title="bbox 2153 2968 3725 3050">
    <p class='ocr_par' dir='ltr' id='par_1_91' title="bbox 2153 2968 3725 3050">
     <span class='ocr_line' id='line_1_91' title="bbox 2153 2968 3725 3050; baseline -0.006 -19"><span class='ocrx_word' id='word_1_654' title='bbox 2153 2979 2394 3050; x_wconf 80' lang='grc' dir='ltr'>πρότητα</span> <span class='ocrx_word' id='word_1_655' title='bbox 2429 2977 2485 3029; x_wconf 85' lang='grc' dir='ltr'>δέ</span> <span class='ocrx_word' id='word_1_656' title='bbox 2526 2974 2762 3028; x_wconf 84' lang='grc' dir='ltr'>ἐνταῦθα</span> <span class='ocrx_word' id='word_1_657' title='bbox 2799 2973 2859 3025; x_wconf 82' lang='grc' dir='ltr'>τὸ</span> <span class='ocrx_word' id='word_1_658' title='bbox 2897 2972 3090 3032; x_wconf 90' lang='grc' dir='ltr'>κάλλος</span> <span class='ocrx_word' id='word_1_659' title='bbox 3133 2971 3267 3037; x_wconf 69' lang='grc' dir='ltr'>φησὶ</span> <span class='ocrx_word' id='word_1_660' title='bbox 3304 2969 3409 3020; x_wconf 87' lang='grc' dir='ltr'>τῶν</span> <span class='ocrx_word' id='word_1_661' title='bbox 3436 2968 3625 3034; x_wconf 80' lang='grc' dir='ltr'>ἁγίων.</span> <span class='ocrx_word' id='word_1_662' title='bbox 3659 2969 3725 3022; x_wconf 88' lang='grc' dir='ltr'>Τί</span> 
     </span>
    </p>
   </div>
   <div class='ocr_carea' id='block_1_92' title="bbox 2153 3057 3726 3136">
    <p class='ocr_par' dir='ltr' id='par_1_92' title="bbox 2153 3057 3726 3136">
     <span class='ocr_line' id='line_1_92' title="bbox 2153 3057 3726 3136; baseline -0.006 -18"><span class='ocrx_word' id='word_1_663' title='bbox 2153 3066 2251 3136; x_wconf 85' lang='grc' dir='ltr'>μὲν</span> <span class='ocrx_word' id='word_1_664' title='bbox 2273 3062 2647 3135; x_wconf 89' lang='grc' dir='ltr'>λαμπρότερον</span> <span class='ocrx_word' id='word_1_665' title='bbox 2676 3059 2887 3114; x_wconf 86' lang='grc' dir='ltr'>Παύλου</span> <span class='ocrx_word' id='word_1_666' title='bbox 2909 3075 2925 3125; x_wconf 88' lang='grc'>;</span> <span class='ocrx_word' id='word_1_667' title='bbox 2972 3057 3026 3110; x_wconf 91' lang='grc' dir='ltr'>τί</span> <span class='ocrx_word' id='word_1_668' title='bbox 3052 3057 3109 3110; x_wconf 83' lang='grc' dir='ltr'>δὲ</span> <span class='ocrx_word' id='word_1_669' title='bbox 3139 3057 3599 3126; x_wconf 88' lang='grc' dir='ltr'>περιφανέστερον</span> <span class='ocrx_word' id='word_1_670' title='bbox 3622 3057 3726 3108; x_wconf 81' lang='grc' dir='ltr'>Πέ-</span> 
     </span>
    </p>
   </div>
   <div class='ocr_carea' id='block_1_93' title="bbox 2151 3142 3724 3222">
    <p class='ocr_par' dir='ltr' id='par_1_93' title="bbox 2151 3142 3724 3222">
     <span class='ocr_line' id='line_1_93' title="bbox 2151 3142 3724 3222; baseline -0.006 -18"><span class='ocrx_word' id='word_1_671' title='bbox 2151 3169 2280 3222; x_wconf 93' lang='grc' dir='ltr'>τρου</span> <span class='ocrx_word' id='word_1_672' title='bbox 2302 3168 2316 3216; x_wconf 89' lang='grc'>;</span> <span class='ocrx_word' id='word_1_673' title='bbox 2349 3151 2398 3204; x_wconf 85' lang='grc' dir='ltr'>οἳ</span> <span class='ocrx_word' id='word_1_674' title='bbox 2422 3151 2521 3220; x_wconf 88' lang='grc' dir='ltr'>τὴν</span> <span class='ocrx_word' id='word_1_675' title='bbox 2547 3147 2872 3216; x_wconf 87' lang='grc' dir='ltr'>οἰκουμένην</span> <span class='ocrx_word' id='word_1_676' title='bbox 2899 3145 3268 3216; x_wconf 88' lang='grc' dir='ltr'>περιέτρεχον,</span> <span class='ocrx_word' id='word_1_677' title='bbox 3297 3143 3435 3213; x_wconf 78' lang='grc' dir='ltr'>ὑπὲρ</span> <span class='ocrx_word' id='word_1_678' title='bbox 3456 3143 3547 3194; x_wconf 68' lang='grc' dir='ltr'>τὸν</span> <span class='ocrx_word' id='word_1_679' title='bbox 3571 3142 3724 3211; x_wconf 79' lang='grc' dir='ltr'>ἥλιον</span> 
     </span>
    </p>
   </div>
   <div class='ocr_carea' id='block_1_94' title="bbox 2151 3229 3726 3309">
    <p class='ocr_par' dir='ltr' id='par_1_94' title="bbox 2151 3229 3726 3309">
     <span class='ocr_line' id='line_1_94' title="bbox 2151 3229 3726 3309; baseline -0.006 -18"><span class='ocrx_word' id='word_1_680' title='bbox 2151 3238 2479 3309; x_wconf 87' lang='grc' dir='ltr'>λάμποντες,</span> <span class='ocrx_word' id='word_1_681' title='bbox 2508 3236 2579 3290; x_wconf 79' lang='grc' dir='ltr'>τὰ</span> <span class='ocrx_word' id='word_1_682' title='bbox 2614 3235 2902 3306; x_wconf 90' lang='grc' dir='ltr'>σπέρματα</span> <span class='ocrx_word' id='word_1_683' title='bbox 2921 3233 3022 3301; x_wconf 89' lang='grc' dir='ltr'>τῆς</span> <span class='ocrx_word' id='word_1_684' title='bbox 3053 3230 3347 3292; x_wconf 83' lang='grc' dir='ltr'>εὐσεϐείας·</span> <span class='ocrx_word' id='word_1_685' title='bbox 3368 3229 3726 3283; x_wconf 82' lang='grc' dir='ltr'>καταϐάλλον-</span> 
     </span>
    </p>
   </div>
   <div class='ocr_carea' id='block_1_95' title="bbox 2151 3313 3724 3394">
    <p class='ocr_par' dir='ltr' id='par_1_95' title="bbox 2151 3313 3724 3394">
     <span class='ocr_line' id='line_1_95' title="bbox 2151 3313 3724 3394; baseline -0.006 -16"><span class='ocrx_word' id='word_1_686' title='bbox 2151 3342 2278 3390; x_wconf 84' lang='grc' dir='ltr'>τες;</span> <span class='ocrx_word' id='word_1_687' title='bbox 2319 3325 2407 3388; x_wconf 83' lang='grc' dir='ltr'>Ὠς</span> <span class='ocrx_word' id='word_1_688' title='bbox 2429 3322 2540 3394; x_wconf 84' lang='grc' dir='ltr'>γὰρ</span> <span class='ocrx_word' id='word_1_689' title='bbox 2569 3322 2627 3388; x_wconf 80' lang='grc' dir='ltr'>ἐξ</span> <span class='ocrx_word' id='word_1_690' title='bbox 2657 3319 2898 3392; x_wconf 86' lang='grc' dir='ltr'>οὐρανῶν</span> <span class='ocrx_word' id='word_1_691' title='bbox 2920 3317 3140 3386; x_wconf 73' lang='grc' dir='ltr'>ἄγγελοι</span> <span class='ocrx_word' id='word_1_692' title='bbox 3164 3316 3518 3378; x_wconf 86' lang='grc' dir='ltr'>καταϐάντες,</span> <span class='ocrx_word' id='word_1_693' title='bbox 3551 3313 3724 3378; x_wconf 78' lang='grc' dir='ltr'>οὕτως</span> 
     </span>
    </p>
   </div>
   <div class='ocr_carea' id='block_1_96' title="bbox 2150 3400 3723 3483">
    <p class='ocr_par' dir='ltr' id='par_1_96' title="bbox 2150 3400 3723 3483">
     <span class='ocr_line' id='line_1_96' title="bbox 2150 3400 3723 3483; baseline -0.008 -19"><span class='ocrx_word' id='word_1_694' title='bbox 2150 3407 2286 3483; x_wconf 75' lang='grc' dir='ltr'>ἦσαν</span> <span class='ocrx_word' id='word_1_695' title='bbox 2321 3412 2486 3464; x_wconf 81' lang='grc' dir='ltr'>πᾶσιν</span> <span class='ocrx_word' id='word_1_696' title='bbox 2517 3407 2799 3479; x_wconf 84' lang='grc' dir='ltr'>ἀπρόσιτοι</span> <span class='ocrx_word' id='word_1_697' title='bbox 2821 3406 2872 3461; x_wconf 68' lang='grc' dir='ltr'>δ.</span> <span class='ocrx_word' id='word_1_698' title='bbox 2901 3403 3070 3459; x_wconf 87' lang='grc' dir='ltr'>Τοῦτο</span> <span class='ocrx_word' id='word_1_699' title='bbox 3106 3403 3316 3463; x_wconf 83' lang='grc' dir='ltr'>δεικνὺς</span> <span class='ocrx_word' id='word_1_700' title='bbox 3355 3403 3383 3454; x_wconf 80' lang='grc' dir='ltr'>ό</span> <span class='ocrx_word' id='word_1_701' title='bbox 3425 3401 3487 3454; x_wconf 82' lang='grc' dir='ltr'>τὸ</span> <span class='ocrx_word' id='word_1_702' title='bbox 3522 3400 3723 3470; x_wconf 88' lang='grc' dir='ltr'>βιϐλίον</span> 
     </span>
    </p>
   </div>
   <div class='ocr_carea' id='block_1_97' title="bbox 2150 3487 3724 3568">
    <p class='ocr_par' dir='ltr' id='par_1_97' title="bbox 2150 3487 3724 3568">
     <span class='ocr_line' id='line_1_97' title="bbox 2150 3487 3724 3568; baseline -0.008 -17"><span class='ocrx_word' id='word_1_703' title='bbox 2150 3499 2259 3551; x_wconf 89' lang='grc' dir='ltr'>τῶν</span> <span class='ocrx_word' id='word_1_704' title='bbox 2300 3495 2556 3568; x_wconf 81' lang='grc' dir='ltr'>Πράξεων</span> <span class='ocrx_word' id='word_1_705' title='bbox 2603 3492 2848 3559; x_wconf 73' lang='grc' dir='ltr'>συνθεὶς,</span> <span class='ocrx_word' id='word_1_706' title='bbox 2878 3491 3081 3558; x_wconf 78' lang='grc' dir='ltr'>ἔλεγεν,</span> <span class='ocrx_word' id='word_1_707' title='bbox 3117 3490 3198 3542; x_wconf 82' lang='grc' dir='ltr'>ὅτι</span> <span class='ocrx_word' id='word_1_708' title='bbox 3251 3487 3460 3554; x_wconf 82' lang='grc' dir='ltr'>Οὐδείς</span> <span class='ocrx_word' id='word_1_709' title='bbox 3500 3487 3724 3556; x_wconf 74' lang='grc' dir='ltr'>ἐτόλμα</span> 
     </span>
    </p>
   </div>
   <div class='ocr_carea' id='block_1_98' title="bbox 2154 3573 3721 3648">
    <p class='ocr_par' dir='ltr' id='par_1_98' title="bbox 2154 3573 3721 3648">
     <span class='ocr_line' id='line_1_98' title="bbox 2154 3573 3721 3648; baseline -0.009 -10"><span class='ocrx_word' id='word_1_710' title='bbox 2154 3582 2490 3638; x_wconf 72' lang='grc' dir='ltr'>κολλᾶσθαι</span> <span class='ocrx_word' id='word_1_711' title='bbox 2517 3579 2741 3646; x_wconf 82' lang='grc' dir='ltr'>αὐτοῖς.</span> <span class='ocrx_word' id='word_1_712' title='bbox 2769 3578 2872 3632; x_wconf 80' lang='lat' dir='ltr'><strong><em>Kal</em></strong></span> <span class='ocrx_word' id='word_1_713' title='bbox 2887 3578 2994 3648; x_wconf 84' lang='lat'>7&amp;9</span> <span class='ocrx_word' id='word_1_714' title='bbox 3017 3576 3084 3638; x_wconf 81' lang='grc' dir='ltr'>τὰ</span> <span class='ocrx_word' id='word_1_715' title='bbox 3106 3575 3297 3644; x_wconf 89' lang='grc' dir='ltr'>ἱμάτια</span> <span class='ocrx_word' id='word_1_716' title='bbox 3317 3574 3494 3626; x_wconf 87' lang='grc' dir='ltr'>αὐτῶν</span> <span class='ocrx_word' id='word_1_717' title='bbox 3523 3573 3721 3643; x_wconf 84' lang='grc' dir='ltr'>πολλῆς</span> 
     </span>
    </p>
   </div>
   <div class='ocr_carea' id='block_1_99' title="bbox 2153 3662 3727 3743">
    <p class='ocr_par' dir='ltr' id='par_1_99' title="bbox 2153 3662 3727 3743">
     <span class='ocr_line' id='line_1_99' title="bbox 2153 3662 3727 3743; baseline -0.008 -16"><span class='ocrx_word' id='word_1_718' title='bbox 2153 3673 2318 3743; x_wconf 80' lang='grc' dir='ltr'>ἐγεμε</span> <span class='ocrx_word' id='word_1_719' title='bbox 2362 3672 2601 3743; x_wconf 91' lang='grc' dir='ltr'>χάριτος,</span> <span class='ocrx_word' id='word_1_720' title='bbox 2637 3669 2732 3723; x_wconf 87' lang='lat' dir='ltr'><strong><em>zeal</em></strong></span> <span class='ocrx_word' id='word_1_721' title='bbox 2781 3669 2839 3722; x_wconf 89' lang='grc' dir='ltr'>αἰ</span> <span class='ocrx_word' id='word_1_722' title='bbox 2887 3667 3037 3720; x_wconf 73' lang='grc' dir='ltr'>σκιαὶ</span> <span class='ocrx_word' id='word_1_723' title='bbox 3072 3665 3180 3718; x_wconf 87' lang='grc' dir='ltr'>τῶν</span> <span class='ocrx_word' id='word_1_724' title='bbox 3220 3663 3488 3734; x_wconf 86' lang='grc' dir='ltr'>σωμάτων</span> <span class='ocrx_word' id='word_1_725' title='bbox 3525 3662 3727 3732; x_wconf 81' lang='grc' dir='ltr'>πολλὴν</span> 
     </span>
    </p>
   </div>
   <div class='ocr_carea' id='block_1_100' title="bbox 2153 3749 3725 3827">
    <p class='ocr_par' dir='ltr' id='par_1_100' title="bbox 2153 3749 3725 3827">
     <span class='ocr_line' id='line_1_100' title="bbox 2153 3749 3725 3827; baseline -0.009 -12"><span class='ocrx_word' id='word_1_726' title='bbox 2153 3760 2525 3815; x_wconf 87' lang='grc' dir='ltr'>ἐπεδείκνυντο</span> <span class='ocrx_word' id='word_1_727' title='bbox 2555 3757 2803 3827; x_wconf 91' lang='grc' dir='ltr'>δύναμιν.</span> <span class='ocrx_word' id='word_1_728' title='bbox 2826 3755 2888 3808; x_wconf 90' lang='grc' dir='ltr'>Εἰ</span> <span class='ocrx_word' id='word_1_729' title='bbox 2919 3754 2977 3806; x_wconf 89' lang='grc' dir='ltr'>δέ</span> <span class='ocrx_word' id='word_1_730' title='bbox 3004 3751 3236 3806; x_wconf 87' lang='grc' dir='ltr'>ἐνταῦθα</span> <span class='ocrx_word' id='word_1_731' title='bbox 3257 3749 3506 3810; x_wconf 85' lang='grc' dir='ltr'>τοιοῦτοι.</span> <span class='ocrx_word' id='word_1_732' title='bbox 3537 3749 3725 3819; x_wconf 89' lang='grc' dir='ltr'>ἐννόη-</span> 
     </span>
    </p>
   </div>
   <div class='ocr_carea' id='block_1_101' title="bbox 2155 3836 3724 3918">
    <p class='ocr_par' dir='ltr' id='par_1_101' title="bbox 2155 3836 3724 3918">
     <span class='ocr_line' id='line_1_101' title="bbox 2155 3836 3724 3918; baseline -0.009 -16"><span class='ocrx_word' id='word_1_733' title='bbox 2155 3849 2247 3902; x_wconf 90' lang='grc' dir='ltr'>σόν</span> <span class='ocrx_word' id='word_1_734' title='bbox 2294 3865 2384 3918; x_wconf 92' lang='grc' dir='ltr'>μοι</span> <span class='ocrx_word' id='word_1_735' title='bbox 2430 3845 2571 3900; x_wconf 90' lang='grc' dir='ltr'>κατά</span> <span class='ocrx_word' id='word_1_736' title='bbox 2607 3843 2706 3916; x_wconf 77' lang='grc' dir='ltr'>τὴν</span> <span class='ocrx_word' id='word_1_737' title='bbox 2759 3842 2976 3913; x_wconf 83' lang='grc' dir='ltr'>ἡμέραν</span> <span class='ocrx_word' id='word_1_738' title='bbox 3014 3838 3261 3908; x_wconf 90' lang='grc' dir='ltr'>ἐκείνην,</span> <span class='ocrx_word' id='word_1_739' title='bbox 3306 3837 3434 3890; x_wconf 85' lang='grc' dir='ltr'>ὅταν</span> <span class='ocrx_word' id='word_1_740' title='bbox 3471 3836 3724 3906; x_wconf 78' lang='grc' dir='ltr'>ἄφθαρτα</span> 
     </span>
    </p>
   </div>
   <div class='ocr_carea' id='block_1_102' title="bbox 2156 3923 3723 4006">
    <p class='ocr_par' dir='ltr' id='par_1_102' title="bbox 2156 3923 3723 4006">
     <span class='ocr_line' id='line_1_102' title="bbox 2156 3923 3723 4006; baseline -0.01 -18"><span class='ocrx_word' id='word_1_741' title='bbox 2156 3935 2384 4006; x_wconf 81' lang='grc' dir='ltr'>σώματα</span> <span class='ocrx_word' id='word_1_742' title='bbox 2422 3932 2656 3987; x_wconf 89' lang='grc' dir='ltr'>λάϐωσιν</span> <span class='ocrx_word' id='word_1_743' title='bbox 2679 3969 2695 3990; x_wconf 86' lang='grc'>.</span> <span class='ocrx_word' id='word_1_744' title='bbox 2724 3931 2854 3983; x_wconf 85' lang='grc' dir='ltr'>ὅταν</span> <span class='ocrx_word' id='word_1_745' title='bbox 2891 3926 3166 3988; x_wconf 87' lang='grc' dir='ltr'>ἀθάνατα,</span> <span class='ocrx_word' id='word_1_746' title='bbox 3199 3923 3326 3977; x_wconf 82' lang='grc' dir='ltr'>ὅταν</span> <span class='ocrx_word' id='word_1_747' title='bbox 3362 3923 3500 3993; x_wconf 86' lang='grc' dir='ltr'>ὑπὲρ</span> <span class='ocrx_word' id='word_1_748' title='bbox 3542 3924 3723 3975; x_wconf 81' lang='grc' dir='ltr'>πᾶσαν</span> 
     </span>
    </p>
   </div>
   <div class='ocr_carea' id='block_1_103' title="bbox 2152 4008 3722 4091">
    <p class='ocr_par' dir='ltr' id='par_1_103' title="bbox 2152 4008 3722 4091">
     <span class='ocr_line' id='line_1_103' title="bbox 2152 4008 3722 4091; baseline -0.01 -16"><span class='ocrx_word' id='word_1_749' title='bbox 2152 4021 2434 4091; x_wconf 84' lang='grc' dir='ltr'>ὁρωμένην</span> <span class='ocrx_word' id='word_1_750' title='bbox 2475 4017 2836 4089; x_wconf 87' lang='grc' dir='ltr'>λαμπρότητα</span> <span class='ocrx_word' id='word_1_751' title='bbox 2877 4011 3268 4067; x_wconf 83' lang='grc' dir='ltr'>ἀποστίλϐοντα</span> <span class='ocrx_word' id='word_1_752' title='bbox 3287 4049 3302 4074; x_wconf 95' lang='grc'>,</span> <span class='ocrx_word' id='word_1_753' title='bbox 3330 4009 3477 4072; x_wconf 84' lang='grc' dir='ltr'>τίνες</span> <span class='ocrx_word' id='word_1_754' title='bbox 3505 4008 3722 4062; x_wconf 74' lang='grc' dir='ltr'>ἔσονται.</span> 
     </span>
    </p>
   </div>
   <div class='ocr_carea' id='block_1_104' title="bbox 2152 4096 3722 4170">
    <p class='ocr_par' dir='ltr' id='par_1_104' title="bbox 2152 4096 3722 4170">
     <span class='ocr_line' id='line_1_104' title="bbox 2152 4096 3722 4170; baseline -0.009 -8"><span class='ocrx_word' id='word_1_755' title='bbox 2152 4103 2295 4162; x_wconf 69' lang='grc' dir='ltr'>οὗτοί</span> <span class='ocrx_word' id='word_1_756' title='bbox 2321 4123 2382 4160; x_wconf 91' lang='grc' dir='ltr'>τε</span> <span class='ocrx_word' id='word_1_757' title='bbox 2401 4105 2496 4158; x_wconf 90' lang='lat' dir='ltr'><strong><em>zeal</em></strong></span> <span class='ocrx_word' id='word_1_758' title='bbox 2517 4106 2567 4158; x_wconf 83' lang='grc' dir='ltr'>οἱ</span> <span class='ocrx_word' id='word_1_759' title='bbox 2593 4103 2800 4164; x_wconf 90' lang='grc' dir='ltr'>τούτοις</span> <span class='ocrx_word' id='word_1_760' title='bbox 2826 4099 3062 4162; x_wconf 83' lang='grc' dir='ltr'>ἐοικότες</span> <span class='ocrx_word' id='word_1_761' title='bbox 3081 4098 3355 4170; x_wconf 80' lang='grc' dir='ltr'>προφῆται</span> <span class='ocrx_word' id='word_1_762' title='bbox 3381 4098 3475 4150; x_wconf 89' lang='lat' dir='ltr'><strong><em>zeal</em></strong></span> <span class='ocrx_word' id='word_1_763' title='bbox 3497 4096 3722 4150; x_wconf 81' lang='grc' dir='ltr'>ἀπόστο⁴</span> 
     </span>
    </p>
   </div>
   <div class='ocr_carea' id='block_1_105' title="bbox 2153 4183 3721 4259">
    <p class='ocr_par' dir='ltr' id='par_1_105' title="bbox 2153 4183 3721 4259">
     <span class='ocr_line' id='line_1_105' title="bbox 2153 4183 3721 4259; baseline -0.011 -11"><span class='ocrx_word' id='word_1_764' title='bbox 2153 4195 2256 4259; x_wconf 85' lang='grc' dir='ltr'>λοι,</span> <span class='ocrx_word' id='word_1_765' title='bbox 2290 4194 2385 4247; x_wconf 85' lang='lat' dir='ltr'><strong><em>zeal</em></strong></span> <span class='ocrx_word' id='word_1_766' title='bbox 2419 4192 2748 4255; x_wconf 82' lang='grc' dir='ltr'>δίκαιοι,καὶ</span> <span class='ocrx_word' id='word_1_767' title='bbox 2771 4188 3066 4257; x_wconf 85' lang='grc' dir='ltr'>μάρτυρες,</span> <span class='ocrx_word' id='word_1_768' title='bbox 3101 4184 3194 4236; x_wconf 90' lang='lat' dir='ltr'><strong><em>zeal</em></strong></span> <span class='ocrx_word' id='word_1_769' title='bbox 3217 4183 3584 4253; x_wconf 71' lang='grc' dir='ltr'>ὁμολογηταὶ,</span> <span class='ocrx_word' id='word_1_770' title='bbox 3622 4183 3721 4235; x_wconf 87' lang='lat' dir='ltr'><strong><em>zeal</em></strong></span> 
     </span>
    </p>
   </div>
   <div class='ocr_carea' id='block_1_106' title="bbox 2154 4267 3722 4344">
    <p class='ocr_par' dir='ltr' id='par_1_106' title="bbox 2154 4267 3722 4344">
     <span class='ocr_line' id='line_1_106' title="bbox 2154 4267 3722 4344; baseline -0.011 -9"><span class='ocrx_word' id='word_1_771' title='bbox 2154 4281 2354 4343; x_wconf 89' lang='grc' dir='ltr'>πάντες</span> <span class='ocrx_word' id='word_1_772' title='bbox 2377 4279 2428 4331; x_wconf 87' lang='grc' dir='ltr'>οἰ</span> <span class='ocrx_word' id='word_1_773' title='bbox 2463 4276 2604 4330; x_wconf 84' lang='grc' dir='ltr'>κατὰ</span> <span class='ocrx_word' id='word_1_774' title='bbox 2633 4277 2734 4344; x_wconf 85' lang='grc' dir='ltr'>τὴν</span> <span class='ocrx_word' id='word_1_775' title='bbox 2761 4272 2989 4344; x_wconf 86' lang='grc' dir='ltr'>ἀρίστην</span> <span class='ocrx_word' id='word_1_776' title='bbox 3027 4269 3298 4322; x_wconf 86' lang='grc' dir='ltr'>πολιτείαν</span> <span class='ocrx_word' id='word_1_777' title='bbox 3327 4267 3722 4338; x_wconf 74' lang='grc' dir='ltr'>διαπρέψαντες</span> 
     </span>
    </p>
   </div>
   <div class='ocr_carea' id='block_1_107' title="bbox 2153 4357 3720 4440">
    <p class='ocr_par' dir='ltr' id='par_1_107' title="bbox 2153 4357 3720 4440">
     <span class='ocr_line' id='line_1_107' title="bbox 2153 4357 3720 4440; baseline -0.008 -18"><span class='ocrx_word' id='word_1_778' title='bbox 2153 4371 2210 4422; x_wconf 88' lang='grc' dir='ltr'>ἐν</span> <span class='ocrx_word' id='word_1_779' title='bbox 2241 4371 2307 4440; x_wconf 81' lang='grc' dir='ltr'>τῇ</span> <span class='ocrx_word' id='word_1_780' title='bbox 2333 4367 2512 4421; x_wconf 88' lang='grc' dir='ltr'>πίστει</span> <span class='ocrx_word' id='word_1_781' title='bbox 2545 4367 2609 4436; x_wconf 79' lang='grc' dir='ltr'>τῇ</span> <span class='ocrx_word' id='word_1_782' title='bbox 2639 4365 2718 4427; x_wconf 88' lang='grc' dir='ltr'>εἰς</span> <span class='ocrx_word' id='word_1_783' title='bbox 2740 4361 2833 4414; x_wconf 85' lang='grc' dir='ltr'>τὸν</span> <span class='ocrx_word' id='word_1_784' title='bbox 2860 4361 3114 4432; x_wconf 87' lang='grc' dir='ltr'>Χριστόν.</span> <span class='ocrx_word' id='word_1_785' title='bbox 3161 4357 3440 4425; x_wconf 85' lang='grc' dir='ltr'>Ἐννόησόν</span> <span class='ocrx_word' id='word_1_786' title='bbox 3471 4373 3561 4427; x_wconf 91' lang='grc' dir='ltr'>μοι</span> <span class='ocrx_word' id='word_1_787' title='bbox 3589 4358 3720 4419; x_wconf 82' lang='grc' dir='ltr'>τοὺς</span> 
     </span>
    </p>
   </div>
   <div class='ocr_carea' id='block_1_108' title="bbox 2151 4443 3715 4528">
    <p class='ocr_par' dir='ltr' id='par_1_108' title="bbox 2151 4443 3715 4528">
     <span class='ocr_line' id='line_1_108' title="bbox 2151 4443 3715 4528; baseline -0.011 -17"><span class='ocrx_word' id='word_1_788' title='bbox 2151 4457 2361 4528; x_wconf 86' lang='grc' dir='ltr'>δήμους</span> <span class='ocrx_word' id='word_1_789' title='bbox 2399 4453 2669 4515; x_wconf 88' lang='grc' dir='ltr'>ἐκείνους,</span> <span class='ocrx_word' id='word_1_790' title='bbox 2698 4448 2798 4512; x_wconf 88' lang='grc' dir='ltr'>τάς</span> <span class='ocrx_word' id='word_1_791' title='bbox 2823 4447 3112 4518; x_wconf 88' lang='grc' dir='ltr'>λαμπάδας</span> <span class='ocrx_word' id='word_1_792' title='bbox 3130 4487 3146 4510; x_wconf 95' lang='grc'>,</span> <span class='ocrx_word' id='word_1_793' title='bbox 3173 4445 3288 4507; x_wconf 79' lang='grc' dir='ltr'>.τάς</span> <span class='ocrx_word' id='word_1_794' title='bbox 3319 4444 3544 4506; x_wconf 83' lang='grc' dir='ltr'>ἀκτῖνας</span> <span class='ocrx_word' id='word_1_795' title='bbox 3568 4485 3583 4508; x_wconf 92' lang='grc'>,</span> <span class='ocrx_word' id='word_1_796' title='bbox 3613 4443 3715 4512; x_wconf 79' lang='grc' dir='ltr'>τήν</span> 
     </span>
    </p>
   </div>
   <div class='ocr_carea' id='block_1_109' title="bbox 2152 4532 3722 4614">
    <p class='ocr_par' dir='ltr' id='par_1_109' title="bbox 2152 4532 3722 4614">
     <span class='ocr_line' id='line_1_109' title="bbox 2152 4532 3722 4614; baseline -0.01 -15"><span class='ocrx_word' id='word_1_797' title='bbox 2152 4547 2328 4611; x_wconf 82' lang='grc' dir='ltr'>δόξαν,</span> <span class='ocrx_word' id='word_1_798' title='bbox 2365 4543 2464 4614; x_wconf 85' lang='grc' dir='ltr'>τὴν</span> <span class='ocrx_word' id='word_1_799' title='bbox 2506 4541 2864 4610; x_wconf 88' lang='grc' dir='ltr'>εὐπρέπειαν,</span> <span class='ocrx_word' id='word_1_800' title='bbox 2903 4535 3003 4606; x_wconf 85' lang='grc' dir='ltr'>τὴν</span> <span class='ocrx_word' id='word_1_801' title='bbox 3039 4534 3404 4606; x_wconf 84' lang='grc' dir='ltr'>φαιδρότητα,</span> <span class='ocrx_word' id='word_1_802' title='bbox 3448 4532 3546 4602; x_wconf 81' lang='grc' dir='ltr'>τὴν</span> <span class='ocrx_word' id='word_1_803' title='bbox 3585 4550 3722 4585; x_wconf 75' lang='grc' dir='ltr'>πανο</span> 
     </span>
    </p>
   </div>
   <div class='ocr_carea' id='block_1_110' title="bbox 2153 4620 3723 4705">
    <p class='ocr_par' dir='ltr' id='par_1_110' title="bbox 2153 4620 3723 4705">
     <span class='ocr_line' id='line_1_110' title="bbox 2153 4620 3723 4705; baseline -0.026 -16"><span class='ocrx_word' id='word_1_804' title='bbox 2153 4635 2370 4705; x_wconf 86' lang='grc' dir='ltr'>ήγυριν.</span> <span class='ocrx_word' id='word_1_805' title='bbox 2400 4631 2497 4694; x_wconf 92' lang='grc' dir='ltr'>Τίς</span> <span class='ocrx_word' id='word_1_806' title='bbox 2527 4628 2700 4682; x_wconf 88' lang='grc' dir='ltr'>ταῦτα</span> <span class='ocrx_word' id='word_1_807' title='bbox 2733 4626 3072 4699; x_wconf 88' lang='grc' dir='ltr'>παραστήσει</span> <span class='ocrx_word' id='word_1_808' title='bbox 3093 4639 3109 4688; x_wconf 89' lang='lat'><strong>;</strong></span> <span class='ocrx_word' id='word_1_809' title='bbox 3133 4622 3302 4691; x_wconf 84' lang='grc' dir='ltr'>Λόγος</span> <span class='ocrx_word' id='word_1_810' title='bbox 3323 4623 3422 4693; x_wconf 71' lang='grc' dir='ltr'>μὲν</span> <span class='ocrx_word' id='word_1_811' title='bbox 3445 4621 3651 4684; x_wconf 69' lang='grc' dir='ltr'>οὐδείς.</span> <span class='ocrx_word' id='word_1_812' title='bbox 3687 4620 3723 4690; x_wconf 59' lang='grc' dir='ltr'><strong>ἡ</strong></span> 
     </span>
    </p>
   </div>
   <div class='ocr_carea' id='block_1_111' title="bbox 2152 4708 3724 4792">
    <p class='ocr_par' dir='ltr' id='par_1_111' title="bbox 2152 4708 3724 4792">
     <span class='ocr_line' id='line_1_111' title="bbox 2152 4708 3724 4792; baseline -0.01 -17"><span class='ocrx_word' id='word_1_813' title='bbox 2152 4722 2210 4776; x_wconf 79' lang='grc' dir='ltr'>δὲ</span> <span class='ocrx_word' id='word_1_814' title='bbox 2252 4723 2416 4792; x_wconf 86' lang='grc' dir='ltr'>πεῖρα</span> <span class='ocrx_word' id='word_1_815' title='bbox 2463 4717 2598 4788; x_wconf 88' lang='grc' dir='ltr'>μόνη</span> <span class='ocrx_word' id='word_1_816' title='bbox 2657 4715 2844 4785; x_wconf 84' lang='grc' dir='ltr'>σαφῶς</span> <span class='ocrx_word' id='word_1_817' title='bbox 2880 4711 3081 4778; x_wconf 79' lang='grc' dir='ltr'>διδάξει</span> <span class='ocrx_word' id='word_1_818' title='bbox 3140 4711 3266 4773; x_wconf 82' lang='grc' dir='ltr'>τούς</span> <span class='ocrx_word' id='word_1_819' title='bbox 3295 4710 3478 4776; x_wconf 80' lang='grc' dir='ltr'>ἀξίους</span> <span class='ocrx_word' id='word_1_820' title='bbox 3519 4708 3724 4778; x_wconf 91' lang='grc' dir='ltr'>ταύτης</span> 
     </span>
    </p>
   </div>
   <div class='ocr_carea' id='block_1_112' title="bbox 2153 4796 3726 4877">
    <p class='ocr_par' dir='ltr' id='par_1_112' title="bbox 2153 4796 3726 4877">
     <span class='ocr_line' id='line_1_112' title="bbox 2153 4796 3726 4877; baseline -0.011 -14"><span class='ocrx_word' id='word_1_821' title='bbox 2153 4807 2406 4877; x_wconf 88' lang='grc' dir='ltr'>γενέσθαι</span> <span class='ocrx_word' id='word_1_822' title='bbox 2425 4805 2525 4876; x_wconf 88' lang='grc' dir='ltr'>τῆς</span> <span class='ocrx_word' id='word_1_823' title='bbox 2551 4801 2803 4875; x_wconf 90' lang='grc' dir='ltr'>θεωρίας,</span> <span class='ocrx_word' id='word_1_824' title='bbox 2823 4799 2919 4871; x_wconf 83' lang='grc' dir='ltr'>τὴν</span> <span class='ocrx_word' id='word_1_825' title='bbox 2938 4797 3298 4869; x_wconf 86' lang='grc' dir='ltr'>λαμπρότητα</span> <span class='ocrx_word' id='word_1_826' title='bbox 3323 4796 3558 4864; x_wconf 87' lang='grc' dir='ltr'>ἐκείνην.</span> <span class='ocrx_word' id='word_1_827' title='bbox 3580 4796 3726 4848; x_wconf 81' lang='grc' dir='ltr'>Ταυ-</span> 
     </span>
    </p>
   </div>
   <div class='ocr_carea' id='block_1_113' title="bbox 2153 4879 3726 4965">
    <p class='ocr_par' dir='ltr' id='par_1_113' title="bbox 2153 4879 3726 4965">
     <span class='ocr_line' id='line_1_113' title="bbox 2153 4879 3726 4965; baseline -0.011 -16"><span class='ocrx_word' id='word_1_828' title='bbox 2153 4896 2245 4949; x_wconf 81' lang='grc' dir='ltr'>τὸν</span> <span class='ocrx_word' id='word_1_829' title='bbox 2271 4893 2379 4965; x_wconf 89' lang='grc' dir='ltr'>γάρ</span> <span class='ocrx_word' id='word_1_830' title='bbox 2411 4889 2566 4962; x_wconf 82' lang='grc' dir='ltr'>οῐμαι</span> <span class='ocrx_word' id='word_1_831' title='bbox 2596 4887 2932 4960; x_wconf 86' lang='grc' dir='ltr'>συμϐαίνειν,</span> <span class='ocrx_word' id='word_1_832' title='bbox 2963 4879 3074 4938; x_wconf 75' lang='grc' dir='ltr'>οἷον</span> <span class='ocrx_word' id='word_1_833' title='bbox 3113 4885 3163 4936; x_wconf 89' lang='grc' dir='ltr'>εἰ</span> <span class='ocrx_word' id='word_1_834' title='bbox 3193 4883 3378 4936; x_wconf 74' lang='grc' dir='ltr'>πολλοὶ</span> <span class='ocrx_word' id='word_1_835' title='bbox 3413 4883 3552 4952; x_wconf 84' lang='grc' dir='ltr'>ῆλιοι</span> <span class='ocrx_word' id='word_1_836' title='bbox 3585 4881 3726 4955; x_wconf 87' lang='grc' dir='ltr'>ὐπέρ</span> 
     </span>
    </p>
   </div>
   <div class='ocr_carea' id='block_1_114' title="bbox 2153 4969 3724 5053">
    <p class='ocr_par' dir='ltr' id='par_1_114' title="bbox 2153 4969 3724 5053">
     <span class='ocr_line' id='line_1_114' title="bbox 2153 4969 3724 5053; baseline -0.011 -15"><span class='ocrx_word' id='word_1_837' title='bbox 2153 4981 2245 5038; x_wconf 80' lang='grc' dir='ltr'>τὸν</span> <span class='ocrx_word' id='word_1_838' title='bbox 2273 4981 2497 5053; x_wconf 80' lang='grc' dir='ltr'>οὐρανὸν</span> <span class='ocrx_word' id='word_1_839' title='bbox 2530 4976 2797 5048; x_wconf 73' lang='grc' dir='ltr'>ἔλαμψαν,</span> <span class='ocrx_word' id='word_1_840' title='bbox 2829 4975 2864 5046; x_wconf 79' lang='grc' dir='ltr'>ἢ</span> <span class='ocrx_word' id='word_1_841' title='bbox 2893 4974 2944 5026; x_wconf 90' lang='grc' dir='ltr'>εἰ</span> <span class='ocrx_word' id='word_1_842' title='bbox 2976 4974 3218 5042; x_wconf 88' lang='grc' dir='ltr'>συνεχεῖς</span> <span class='ocrx_word' id='word_1_843' title='bbox 3241 4970 3550 5041; x_wconf 88' lang='grc' dir='ltr'>ἀστραπαί·</span> <span class='ocrx_word' id='word_1_844' title='bbox 3584 4969 3724 5041; x_wconf 78' lang='grc' dir='ltr'>μάλ-ο</span> 
     </span>
    </p>
   </div>
   <div class='ocr_carea' id='block_1_115' title="bbox 2153 5055 3724 5137">
    <p class='ocr_par' dir='ltr' id='par_1_115' title="bbox 2153 5055 3724 5137">
     <span class='ocr_line' id='line_1_115' title="bbox 2153 5055 3724 5137; baseline -0.008 -15"><span class='ocrx_word' id='word_1_845' title='bbox 2153 5069 2244 5122; x_wconf 91' lang='grc' dir='ltr'>λον</span> <span class='ocrx_word' id='word_1_846' title='bbox 2264 5067 2323 5122; x_wconf 83' lang='grc' dir='ltr'>δέ</span> <span class='ocrx_word' id='word_1_847' title='bbox 2342 5069 2477 5137; x_wconf 85' lang='grc' dir='ltr'>ὅπερ</span> <span class='ocrx_word' id='word_1_848' title='bbox 2501 5065 2568 5120; x_wconf 83' lang='grc' dir='ltr'>ἂν</span> <span class='ocrx_word' id='word_1_849' title='bbox 2598 5063 2760 5129; x_wconf 85' lang='grc' dir='ltr'>εῐπω,</span> <span class='ocrx_word' id='word_1_850' title='bbox 2787 5059 3101 5130; x_wconf 84' lang='grc' dir='ltr'>φιλονεικῶν</span> <span class='ocrx_word' id='word_1_851' title='bbox 3126 5059 3475 5130; x_wconf 84' lang='grc' dir='ltr'>παραστῆσαι</span> <span class='ocrx_word' id='word_1_852' title='bbox 3501 5057 3564 5109; x_wconf 80' lang='grc' dir='ltr'>τὸ</span> <span class='ocrx_word' id='word_1_853' title='bbox 3595 5055 3724 5110; x_wconf 80' lang='grc' dir='ltr'>κάλο</span> 
     </span>
    </p>
   </div>
   <div class='ocr_carea' id='block_1_116' title="bbox 2153 5143 3726 5229">
    <p class='ocr_par' dir='ltr' id='par_1_116' title="bbox 2153 5143 3726 5229">
     <span class='ocr_line' id='line_1_116' title="bbox 2153 5143 3726 5229; baseline -0.01 -18"><span class='ocrx_word' id='word_1_854' title='bbox 2153 5157 2245 5222; x_wconf 87' lang='grc' dir='ltr'>λος</span> <span class='ocrx_word' id='word_1_855' title='bbox 2458 5155 2654 5217; x_wconf 88' lang='grc' dir='ltr'>ἐκεῖνο,</span> <span class='ocrx_word' id='word_1_856' title='bbox 2675 5150 2738 5204; x_wconf 92' lang='grc' dir='ltr'>οὐ</span> <span class='ocrx_word' id='word_1_857' title='bbox 2763 5149 3061 5218; x_wconf 85' lang='grc' dir='ltr'>δυνήσομαι</span> <span class='ocrx_word' id='word_1_858' title='bbox 3090 5146 3210 5200; x_wconf 86' lang='grc' dir='ltr'>κατ’</span> <span class='ocrx_word' id='word_1_859' title='bbox 3237 5145 3394 5212; x_wconf 80' lang='grc' dir='ltr'>ἀξίαν</span> <span class='ocrx_word' id='word_1_860' title='bbox 3421 5146 3618 5200; x_wconf 89' lang='grc' dir='ltr'>εἰπεῖν.</span> <span class='ocrx_word' id='word_1_861' title='bbox 3643 5143 3726 5196; x_wconf 74' lang='lat' dir='ltr'><strong><em>Ta</em></strong></span> 
     </span>
    </p>
   </div>
   <div class='ocr_carea' id='block_1_117' title="bbox 2155 5230 3726 5314">
    <p class='ocr_par' dir='ltr' id='par_1_117' title="bbox 2155 5230 3726 5314">
     <span class='ocr_line' id='line_1_117' title="bbox 2155 5230 3726 5314; baseline -0.007 -17"><span class='ocrx_word' id='word_1_862' title='bbox 2155 5244 2266 5314; x_wconf 87' lang='lat'>7&amp;9</span> <span class='ocrx_word' id='word_1_863' title='bbox 2307 5239 2724 5313; x_wconf 85' lang='grc' dir='ltr'>παραδείγματα</span> <span class='ocrx_word' id='word_1_864' title='bbox 2757 5234 2974 5290; x_wconf 74' lang='grc' dir='ltr'>ἅπαντα</span> <span class='ocrx_word' id='word_1_865' title='bbox 3017 5233 3189 5287; x_wconf 90' lang='grc' dir='ltr'>ταῦτα</span> <span class='ocrx_word' id='word_1_866' title='bbox 3233 5231 3522 5302; x_wconf 79' lang='grc' dir='ltr'>σωματικά</span> <span class='ocrx_word' id='word_1_867' title='bbox 3543 5249 3556 5263; x_wconf 88' lang='grc'><strong>·</strong></span> <span class='ocrx_word' id='word_1_868' title='bbox 3593 5232 3628 5301; x_wconf 81' lang='grc' dir='ltr'>ἡ</span> <span class='ocrx_word' id='word_1_869' title='bbox 3667 5230 3726 5286; x_wconf 68' lang='grc' dir='ltr'>δὲ</span> 
     </span>
    </p>
   </div>
   <div class='ocr_carea' id='block_1_118' title="bbox 2154 5317 3723 5402">
    <p class='ocr_par' dir='ltr' id='par_1_118' title="bbox 2154 5317 3723 5402">
     <span class='ocr_line' id='line_1_118' title="bbox 2154 5317 3723 5402; baseline -0.01 -18"><span class='ocrx_word' id='word_1_870' title='bbox 2154 5329 2493 5402; x_wconf 87' lang='grc' dir='ltr'>λαμπρότης,</span> <span class='ocrx_word' id='word_1_871' title='bbox 2523 5325 2617 5378; x_wconf 89' lang='lat' dir='ltr'><strong><em>zeal</em></strong></span> <span class='ocrx_word' id='word_1_872' title='bbox 2642 5325 2676 5394; x_wconf 86' lang='grc' dir='ltr'>ἡ</span> <span class='ocrx_word' id='word_1_873' title='bbox 2709 5323 2866 5388; x_wconf 79' lang='grc' dir='ltr'>δόξα,</span> <span class='ocrx_word' id='word_1_874' title='bbox 2903 5323 2938 5392; x_wconf 85' lang='grc' dir='ltr'>ή</span> <span class='ocrx_word' id='word_1_875' title='bbox 2975 5321 3096 5375; x_wconf 87' lang='grc' dir='ltr'>τότε</span> <span class='ocrx_word' id='word_1_876' title='bbox 3125 5319 3390 5390; x_wconf 83' lang='grc' dir='ltr'>μέλλουσα</span> <span class='ocrx_word' id='word_1_877' title='bbox 3421 5317 3723 5402; x_wconf 83' lang='grc' dir='ltr'>ἐκλάμπειν</span> 
     </span>
    </p>
   </div>
   <div class='ocr_carea' id='block_1_119' title="bbox 2155 5401 3724 5484">
    <p class='ocr_par' dir='ltr' id='par_1_119' title="bbox 2155 5401 3724 5484">
     <span class='ocr_line' id='line_1_119' title="bbox 2155 5401 3724 5484; baseline -0.01 -12"><span class='ocrx_word' id='word_1_878' title='bbox 2155 5401 2292 5484; x_wconf 78' lang='grc' dir='ltr'>ἐκεῖ,</span> <span class='ocrx_word' id='word_1_879' title='bbox 2324 5415 2467 5484; x_wconf 80' lang='grc' dir='ltr'>ὑπὲρ</span> <span class='ocrx_word' id='word_1_880' title='bbox 2494 5413 2640 5467; x_wconf 76' lang='grc' dir='ltr'>ἅπαν</span> <span class='ocrx_word' id='word_1_881' title='bbox 2667 5409 2906 5466; x_wconf 88' lang='grc' dir='ltr'>τοιοῦτον</span> <span class='ocrx_word' id='word_1_882' title='bbox 2939 5407 3132 5471; x_wconf 88' lang='grc' dir='ltr'>κάλλος</span> <span class='ocrx_word' id='word_1_883' title='bbox 3164 5405 3475 5476; x_wconf 83' lang='grc' dir='ltr'>διαλάμψει.</span> <span class='ocrx_word' id='word_1_884' title='bbox 3509 5405 3584 5457; x_wconf 86' lang='grc' dir='ltr'>Οὐ</span> <span class='ocrx_word' id='word_1_885' title='bbox 3613 5401 3724 5473; x_wconf 84' lang='lat'>7&amp;9</span> 
     </span>
    </p>
   </div>
   <div class='ocr_carea' id='block_1_120' title="bbox 2156 5489 3724 5574">
    <p class='ocr_par' dir='ltr' id='par_1_120' title="bbox 2156 5489 3724 5574">
     <span class='ocr_line' id='line_1_120' title="bbox 2156 5489 3724 5574; baseline -0.008 -16"><span class='ocrx_word' id='word_1_886' title='bbox 2156 5503 2404 5574; x_wconf 73' lang='grc' dir='ltr'>ἄφθαρτα</span> <span class='ocrx_word' id='word_1_887' title='bbox 2433 5500 2583 5554; x_wconf 78' lang='grc' dir='ltr'>ἐσται</span> <span class='ocrx_word' id='word_1_888' title='bbox 2605 5496 2676 5552; x_wconf 88' lang='grc' dir='ltr'>τά</span> <span class='ocrx_word' id='word_1_889' title='bbox 2702 5496 2929 5567; x_wconf 84' lang='grc' dir='ltr'>σώματα</span> <span class='ocrx_word' id='word_1_890' title='bbox 2961 5496 3144 5566; x_wconf 86' lang='grc' dir='ltr'>μόνον,</span> <span class='ocrx_word' id='word_1_891' title='bbox 3165 5495 3285 5550; x_wconf 70' lang='grc' dir='ltr'>οὐδὲ</span> <span class='ocrx_word' id='word_1_892' title='bbox 3303 5494 3566 5557; x_wconf 87' lang='grc' dir='ltr'>ἀθάνατα,</span> <span class='ocrx_word' id='word_1_893' title='bbox 3587 5489 3724 5546; x_wconf 73' lang='grc' dir='ltr'>ἀλλὰ</span> 
     </span>
    </p>
   </div>
   <div class='ocr_carea' id='block_1_121' title="bbox 2218 5686 3046 5757">
    <p class='ocr_par' dir='ltr' id='par_1_121' title="bbox 2218 5686 3046 5757">
     <span class='ocr_line' id='line_1_121' title="bbox 2218 5686 3046 5757; baseline -0.013 -12"><span class='ocrx_word' id='word_1_894' title='bbox 2218 5695 2248 5737; x_wconf 74' lang='grc'>1»</span> <span class='ocrx_word' id='word_1_895' title='bbox 2276 5692 2530 5757; x_wconf 48' lang='grc' dir='ltr'>[ἐσθῆσιν</span> <span class='ocrx_word' id='word_1_896' title='bbox 2547 5692 2697 5741; x_wconf 71' lang='grc' dir='ltr'>ἅπασι</span> <span class='ocrx_word' id='word_1_897' title='bbox 2718 5686 3046 5752; x_wconf 69' lang='grc' dir='ltr'>περιμάχητα.</span> 
     </span>
    </p>
   </div>
  </div>
