4114 6278
290 328 400 389 275

290 435 664 494 refrenabatur
686 479 703 507 ,
733 446 948 510 peccata
980 436 1341 504 solvebantur,
1365 437 1639 509 paralytici
1666 436 1889 492 robora-

289 530 510 595 bantur,
553 530 831 601 paradisus
873 531 1211 602 aperiebatur
1233 572 1249 599 ,
1280 539 1446 600 petrae
1484 530 1885 600 rumpebantur,

291 624 479 679 velum
504 622 924 691 discindebatur,
949 622 1080 678 radii
1110 623 1240 678 solis
1263 623 1636 678 avertebantur
1664 623 1704 687 ί,
1725 632 1775 676 et
1806 631 1886 676 te-

293 716 480 771 nebras
505 717 804 771 universum
850 717 1034 772 orbem
1075 725 1230 771 terra:
1267 716 1627 786 occupabant,
1658 731 1884 784 corpora

295 816 623 874 sanctorum,
643 809 733 879 qui
755 807 1102 873 dortnierant,
1129 808 1526 874 excitabantur,
1555 807 1691 862 latro
1722 809 1771 860 in
1796 823 1888 862 ve-

295 910 465 954 terem
490 900 715 969 patriam
743 900 1133 966 revertebatur,
1165 900 1279 954 czeli
1310 888 1539 955 fornices
1565 898 1883 969 aperieban-

294 999 417 1058 tur,
445 1006 563 1061 quze
591 992 902 1047 conculcata
929 991 1100 1047 fuerat
1138 1000 1330 1047 natura
1361 1006 1521 1061 supra
1548 993 1736 1046 caalum
1766 991 1882 1046 czeli

292 1083 708 1151 sustollebatur,
738 1093 793 1140 et
815 1084 1065 1163 quodest
1090 1084 1171 1138 his
1199 1085 1391 1154 majus,
1422 1086 1472 1139 in
1503 1084 1695 1139 throno
1725 1084 1881 1139 sede-

288 1174 380 1230 bat
400 1176 547 1246 regio
572 1177 943 1232 assistentibus
962 1178 1009 1233 ei
1034 1178 1237 1248 angelis
1264 1186 1317 1233 et
1343 1177 1461 1232 aliis
1490 1177 1876 1247 potestatibus;

286 1280 448 1320 omne
473 1266 659 1321 vitium
690 1266 1005 1338 fugabarur,
1035 1268 1204 1323 virtus
1231 1267 1585 1324 reducebatur
1603 1312 1620 1337 ,
1649 1269 1878 1340 Spiritus

284 1358 455 1428 gratia
480 1358 728 1427 dabatur,
774 1359 1085 1430 piscatores,
1110 1361 1406 1432 publicani,
1431 1370 1491 1417 et
1531 1361 1749 1431 cpilices
1798 1371 1880 1419 ta-

285 1449 701 1505 bernaculorum
726 1467 819 1506 ora
850 1451 1179 1522 philosophis
1207 1452 1577 1519 obstruebant,
1602 1462 1874 1508 oratorum

283 1539 520 1609 linguam
550 1539 915 1607 confutabant,
947 1542 1250 1598 dtemonum
1285 1543 1595 1599 evertebant
1636 1545 1874 1614 tyranni-

285 1629 443 1696 dem;
472 1633 747 1702 gentilium
770 1632 978 1704 altaria,
1006 1634 1220 1704 templa,
1253 1633 1404 1700 festa,
1439 1643 1494 1689 ct
1522 1634 1715 1706 publici
1746 1651 1874 1691 cou-

220 1768 223 1777 λ
283 1731 478 1776 ventus
531 1722 935 1789 abolebantur;
992 1723 1185 1791 nidor,
1232 1734 1286 1780 et
1333 1722 1547 1790 fumus,
1603 1735 1658 1781 et
1709 1727 1871 1798 impia

280 1812 547 1868 sacriﬁcia
590 1814 765 1869 omnia
792 1829 891 1885 per
925 1815 1032 1869 vim
1067 1814 1443 1886 exigebantur;
1467 1825 1647 1884 vates,
1676 1827 1870 1874 metra-

279 1913 455 1976 gyrtze
485 1902 583 1976 (a),
612 1919 838 1976 augures
865 1914 922 1961 et
963 1906 1208 1963 universa
1238 1905 1432 1962 diaboli
1460 1906 1675 1963 ofﬁcina
1702 1908 1870 1979 fugie-

281 1997 411 2053 bant
437 2039 453 2065 ,
485 1997 738 2054 Ecclesiae
767 1998 962 2070 ubique
988 2007 1248 2055 terrarum
1288 2000 1689 2071 germinabant,
1716 2002 1867 2057 chori

277 2088 543 2158 virginum
569 2088 957 2156 consistebant,
988 2098 1046 2146 et
1064 2090 1445 2147 monachorum
1471 2091 1716 2160 ordines,
1745 2108 1866 2148 cum

273 2178 583 2236 civitatibus
609 2180 880 2237 desertum
922 2197 1135 2253 quoque
1182 2182 1498 2252 implebatur
1524 2183 1719 2251 pietate
1737 2224 1753 2250 ,
1778 2183 1867 2254 ju-

275 2280 592 2344 storumque
619 2283 673 2329 et
688 2283 994 2329 sanctorum
1022 2276 1256 2331 virorum
1281 2284 1484 2332 stantes
1510 2276 1657 2332 chori
1678 2293 1869 2347 super-

273 2363 365 2418 nis
406 2363 717 2434 angelorum
774 2366 1121 2435 potestatibus
1176 2367 1231 2422 in
1281 2366 1554 2424 modulato
1599 2378 1865 2427 concentu

269 2455 706 2525 respondebant,
737 2466 792 2512 et
834 2458 1001 2513 turbae
1030 2470 1320 2530 martyrum
1339 2500 1356 2526 ,
1387 2469 1442 2515 et
1468 2469 1700 2526 catervae
1733 2475 1864 2516 con-

277 2545 537 2602 fessorum
568 2548 764 2619 ubique
795 2558 1052 2604 terrarum
1083 2549 1472 2619 plantabantur,
1504 2552 1712 2608 virtutis
1748 2562 1863 2609 erat

273 2636 479 2691 faustus
516 2653 637 2693 cum
668 2639 917 2696 facilitate
957 2656 1272 2708 successus,
1302 2642 1643 2698 barbarorum
1674 2653 1861 2715 gentes

272 2726 605 2783 docebantur
634 2730 1023 2801 philosophiam
1044 2773 1059 2797 ,
1087 2742 1141 2787 et
1167 2734 1256 2802 qui
1303 2744 1457 2788 erant
1486 2735 1568 2789 vel
1612 2736 1734 2790 feris
1762 2737 1860 2791 im-

264 2820 575 2886 maniores,
608 2822 689 2876 vcl
733 2838 852 2877 cum
886 2823 1014 2893 ipsis
1050 2824 1252 2894 angelis
1303 2824 1543 2880 instituto
1588 2827 1707 2881 vitae
1748 2842 1858 2882 sua:

264 2911 686 2978 contendebant,
713 2922 765 2966 et
793 2922 1047 2982 quantum
1076 2922 1232 2970 terra:
1269 2916 1350 2971 sol
1391 2918 1625 2986 respicit,
1652 2927 1856 2976 tantum

267 3001 499 3054 verbum
527 3005 749 3071 pervasit
778 3013 896 3073 post
917 3019 1130 3061 crucem
1151 3014 1206 3061 et
1233 3008 1693 3065 resurrectionem.
1723 3010 1856 3079 Qu:e

265 3091 453 3145 omnia
501 3091 636 3160 apud
678 3106 736 3147 se
783 3095 1020 3165 cogitans
1067 3088 1359 3168 propheta,
1387 3098 1600 3157 dicebat
1627 3120 1641 3157 :
1672 3100 1856 3157 Tecum

256 3180 593 3251 principatus
606 3181 657 3236 in
678 3184 759 3237 die
786 3188 1021 3255 potentia:
1046 3197 1164 3243 ture.

334 3271 390 3328 6.
429 3271 586 3343 Quod
613 3275 659 3330 si
689 3277 820 3330 velis
851 3278 1086 3333 futurum
1117 3281 1501 3352 quoquediem
1540 3285 1722 3342 videre
1744 3324 1763 3354 ,
1799 3293 1855 3343 et

251 3363 399 3419 scire
424 3367 697 3435 quomodo
724 3368 813 3424 ille
840 3371 1001 3425 etiam
1030 3371 1143 3425 dies
1170 3382 1254 3427 est
1288 3372 1404 3443 ejus
1433 3376 1682 3444 potentias
1707 3417 1723 3444 ,
1755 3391 1855 3432 co-

251 3457 366 3527 gita
393 3457 537 3526 apud
568 3468 619 3514 te
643 3502 658 3527 ,
684 3470 939 3530 quantum
973 3464 1043 3517 sit
1067 3462 1248 3520 videre
1272 3466 1459 3520 crelum
1486 3466 1726 3522 contrahi
1752 3509 1769 3535 ,
1797 3476 1853 3523 et

250 3546 568 3603 universam
619 3561 860 3605 naturam
909 3562 1213 3624 corruptam
1259 3569 1575 3627 resurgere,
1622 3567 1677 3613 et
1717 3566 1850 3614 nutu

249 3652 447 3693 omnes
474 3640 668 3695 adesse
691 3681 706 3706 ,
738 3640 1006 3697 diabolum
1048 3644 1253 3714 pudore
1278 3645 1507 3702 sulfundi
1533 3687 1548 3712 ,
1577 3647 1849 3705 daemones

245 3728 489 3785 demisso
515 3733 695 3801 capite
723 3748 842 3788 esse
859 3776 878 3801 ,
905 3734 1079 3804 justos
1107 3738 1387 3805 coronari,
1420 3753 1865 3811 unumquemque

240 3821 385 3878 dare
409 3824 675 3880 rationem
701 3841 917 3882 suorum
945 3827 1258 3884 delictorum
1276 3871 1292 3899 ,
1321 3839 1377 3887 et
1403 3846 1498 3900 pro
1524 3841 1668 3887 recte
1695 3832 1847 3889 factis

238 3916 506 3984 accipere
528 3918 826 3987 praemium,
848 3933 969 3975 esse
989 3922 1207 3978 alterius
1230 3923 1350 3978 vitae
1372 3925 1803 3981 constitutionem
1827 3945 1842 3981 :

237 4022 358 4063 non
387 4009 533 4066 enim
562 4010 788 4081 amplius
817 4027 962 4068 mors
979 4053 996 4081 ,
1029 4016 1247 4071 morbus
1273 4023 1330 4072 et
1350 4018 1578 4083 senium,
1604 4036 1709 4074 non
1731 4035 1847 4075 am-

239 4098 392 4170 plius
412 4111 723 4172 paupertas,
747 4102 939 4159 damna
963 4115 1019 4161 et
1042 4105 1247 4162 insidiae
1261 4148 1276 4175 ,
1306 4122 1412 4163 non
1431 4109 1657 4179 amplius
1675 4110 1850 4165 domi-

236 4191 373 4246 cilia
400 4200 456 4247 et
479 4192 727 4248 civitates
749 4235 764 4258 ,
791 4205 934 4251 artes
969 4205 1023 4251 et
1053 4198 1414 4270 navigationes
1432 4240 1451 4266 ,
1480 4215 1586 4255 non
1614 4201 1845 4271 amplius

240 4281 480 4336 vestium
506 4283 757 4351 amictus,
787 4285 891 4341 cibi
918 4294 973 4342 et
998 4297 1175 4357 potus,
1208 4298 1345 4346 tecta
1373 4298 1430 4346 et
1453 4291 1667 4359 cubilia,
1694 4308 1851 4350 men-

238 4387 325 4428 se
350 4381 406 4429 et
431 4373 700 4441 lucernae;
730 4391 833 4431 nou
855 4378 1080 4448 amplius
1101 4379 1326 4448 insidiae,
1349 4374 1538 4452 pugna:
1558 4391 1611 4437 et
1624 4382 1844 4453 judicia,

241 4476 359 4517 non
402 4465 639 4534 amplius
685 4467 1059 4535 matrimonia,
1106 4468 1427 4542 doloresque
1469 4471 1746 4541 pariendi,
1791 4480 1848 4530 et

243 4565 467 4624 partus;
501 4557 599 4612 sed
628 4556 741 4612 haec
764 4558 940 4613 omnia
967 4568 1231 4630 tamquam
1259 4561 1429 4631 pulvis
1456 4562 1692 4632 jactatus
1721 4579 1848 4620 eva-

242 4655 481 4700 nescunt
501 4689 520 4713 ,
544 4636 615 4703 δι’
638 4649 774 4704 alius
796 4634 1153 4719 praestantior
1196 4651 1320 4706 vine
1356 4662 1526 4708 status
1563 4653 1802 4709 redditur
1825 4696 1842 4725 ,

241 4750 373 4790 cum
412 4738 743 4795 concedatur
767 4740 1018 4810 corpori,
1051 4749 1109 4796 ut
1138 4742 1208 4797 sit
1232 4741 1299 4798 ab
1328 4742 1541 4799 interitu
1569 4746 1799 4801 alienum
1824 4787 1842 4814 ,

239 4831 577 4898 immortale,
625 4843 680 4887 et
718 4847 907 4905 magna
955 4834 1025 4889 sit
1065 4842 1331 4904 potestate
1369 4833 1673 4904 praeditum.
1715 4837 1885 4907 Quae,

1868 4898 1876 4929 ⁷
1948 4898 2094 4987 δί’ἓηὶ
2115 4915 2330 4981 fuerint,
2353 4923 2555 4971 tantum
2577 4916 2938 4988 splendorem.
2961 4918 3187 4976 Perinde
3211 4898 3354 4975 enim
3375 4927 3567 4977 even-i

236 4921 454 4979 Paulus
496 4923 800 4995 significans
820 4967 840 4994 ,
885 4926 1096 4982 dicebat
1134 4944 1151 4983 :
1196 4925 1431 4982 Prwterit
1468 4928 1633 4997 ﬁgura
1669 4928 1846 4983 mundi

232 5015 403 5086 httsz
417 5013 501 5085 (Ι.
524 5015 646 5073 Cor.
668 5020 722 5074 7.
745 5020 860 5091 5t).
890 5018 1043 5086 Quod
1066 5020 1111 5075 si
1136 5033 1243 5075 non
1267 5018 1435 5076 babes
1458 5018 1615 5075 ﬁdem
1638 5020 1702 5076 iis
1725 5036 1845 5093 quae

231 5108 387 5165 dicta
413 5116 570 5178 sunt,
599 5112 850 5183 quoniam
877 5127 939 5168 ea
969 5128 1075 5168 non
1104 5112 1256 5169 vides
1278 5114 1582 5184 praesentia,
1608 5128 1675 5169 ex
1703 5129 1843 5185 prte-

233 5200 500 5256 sentibus
523 5217 677 5260 sume
696 5214 1069 5275 argumentum
1094 5205 1163 5261 de
1189 5204 1400 5262 futuris.
1427 5205 1666 5264 Pervadc
1691 5206 1845 5263 ratio-

235 5308 312 5347 ne
338 5294 653 5350 universum
679 5296 884 5364 orbem,
914 5304 1132 5364 terram,
1155 5312 1324 5364 mare,
1346 5296 1627 5371 Grgeciam,
1656 5299 1845 5355 barba-

234 5398 436 5443 rorum
475 5386 673 5456 sedes,
714 5398 910 5445 terram
952 5389 1295 5446 habitabilem
1323 5398 1377 5446 et
1402 5390 1798 5450 iuhabitabilem
1822 5433 1841 5460 ,

307 5521 334 5584 ἦ
364 5526 490 5584 Reg.
508 5556 525 5581 ,
547 5520 948 5574 obscurabuntur.
1012 5557 1016 5560 .

300 5582 386 5645 (α)
418 5582 724 5647 lien-agnae
747 5598 761 5634 :
786 5585 826 5648 ii
844 5592 985 5636 erant
1020 5586 1104 5648 qui

236 5649 429 5715 stipem
467 5646 750 5708 cogebant:
780 5646 992 5715 ideoque
1026 5646 1669 5715 vocabantur'metragyrtte
1694 5646 1712 5703 Ξ
1734 5667 1843 5703 me-

238 5713 469 5768 nsgyru:
500 5707 701 5769 quoque
735 5707 1130 5773 appellabantur,
1153 5710 1267 5773 quia
1288 5711 1495 5775 singulis
1516 5707 1765 5767 mensibus
1796 5716 1843 5766 id

238 5771 391 5825 cilicii
415 5774 754 5829 υωωδωιι.-

238 5772 391 5825 omen
414 5774 754 5839 mutabant”

1420 321 1784 413 EXPQSITIO
1821 321 1887 381 ΙΝ
1922 322 2246 382 PSALMUM
2280 324 2421 385 CIX.

1174 5599 1231 5637 ro
1250 5599 1438 5656 magna
1468 5597 1625 5640 matre
1656 5589 1843 5656 Cybele
1872 5548 1875 5557 Α

1870 5819 1877 5825 .
1952 5772 2161 5831 stantem
2181 5777 2403 5828 videmus
2424 5774 2474 5826 in
2500 5772 2734 5840 Antiquit.
2759 5780 2924 5825 nostra
2939 5779 3071 5823 Tom.
3090 5772 3140 5825 5.

3468 334 3578 396 274

2000 435 2158 491 urbes
2184 454 2303 508 quae
2326 449 2450 495 sunt
2478 440 2530 496 in
2557 449 2719 510 terra,
2748 443 2947 502 insulas
2968 462 3086 519 qua:
3112 448 3164 505 in
3191 451 3346 517 mari,
3371 462 3583 513 montes

1995 526 2224 598 denique
2265 539 2320 585 et
2356 533 2520 587 saltus
2550 552 2563 588 :
2595 544 2648 589 et
2677 551 2796 590 cum
2827 537 3021 593 videris
3049 540 3243 612 ubique
3265 540 3461 598 Christi
3491 562 3581 602 re-

1995 615 2173 674 lucere
2216 623 2542 690 potentiam,
2588 640 2880 696 omnesque
2926 631 3423 698 przestautissimum
3465 637 3581 704 ejus

1993 724 2185 765 nomen
2211 713 2521 781 praedicare,
2550 727 2734 785 reputa
2760 718 2898 787 apud
2930 727 3002 786 te,
3031 736 3152 775 eum
3174 721 3265 793 qui
3287 731 3365 778 tot
3391 732 3446 779 et
3467 735 3549 780 tan
3571 753 3583 766 -

1994 809 2043 856 ta
2072 806 2262 873 potuit,
2294 806 2452 860 etiam
2486 807 2659 863 futura
2688 811 2978 880 pollicitum
3010 828 3149 868 esse.

2062 892 2497 967 Peregrinationes
2524 899 2591 952 ad
2617 900 2728 954 loca
2752 891 2948 956 s'ancta.
2969 903 3104 958 Laus
3129 906 3312 960 crucis.
3335 937 3405 946 —
3424 907 3576 974 Quod

1987 985 2033 1040 si
2063 1001 2129 1040 ex
2158 996 2306 1056 parte
2334 1004 2545 1059 quoque
2575 991 2705 1046 velis
2732 975 3099 1062 argumentum
3129 1011 3343 1052 sumere
3362 1038 3376 1062 ,
3404 1000 3575 1069 cogita

1986 1093 2212 1148 quanam
2242 1080 2308 1135 de
2333 1096 2491 1136 causa
2528 1084 2809 1139 universus
2836 1085 2980 1139 orbis
3021 1095 3176 1141 terrae
3212 1091 3483 1144 concurrit
3506 1091 3572 1144 ad

1987 1171 2268 1227 videndum
2308 1175 2607 1244 sepulcrum
2646 1176 2786 1246 quod
2829 1187 2971 1232 caret
3017 1192 3241 1249 corpore
3281 1197 3570 1251 :quaenam

1984 1272 2222 1332 potestas
2260 1264 2422 1320 trahit
2453 1281 2546 1321 cos
2587 1268 2676 1335 qui
2712 1266 2950 1323 habitant
2990 1269 3042 1323 in
3083 1271 3338 1326 extremis
3378 1272 3570 1327 ﬁnibus

1983 1362 2162 1420 teme,
2192 1365 2249 1410 ut
2276 1356 2490 1412 videant
2517 1359 2605 1415 ubi
2632 1369 2786 1415 natus
2812 1371 2928 1428 est,
2959 1361 3047 1417 ubi
3075 1364 3312 1434 sepultus
3335 1374 3450 1433 est,
3480 1367 3570 1421 ubi

1981 1447 2285 1502 crucilixus.
2308 1448 2601 1506 Considera
2626 1461 2837 1523 quantae
2863 1455 2931 1508 sit
2953 1457 3199 1524 potentiae
3221 1456 3442 1528 signum.
3457 1458 3569 1527 ipsa

1979 1550 2130 1593 crux.
2182 1538 2308 1595 Haec
2333 1541 2475 1596 enim
2506 1558 2635 1598 crux
2666 1556 2822 1599 antea
2860 1554 2976 1601 erat
3018 1562 3163 1602 mors
3203 1550 3525 1605 exsecranda
3547 1592 3565 1617 ,

1978 1641 2124 1682 mors
2163 1630 2433 1699 opprobrii
2472 1641 2527 1687 et
2564 1633 2867 1704 ignominia:
2906 1637 3064 1706 plena
3089 1678 3106 1703 ,
3146 1653 3291 1693 mors
3328 1636 3566 1695 omnium

1978 1718 2303 1788 turpissima.
2331 1719 2437 1775 Sed
2463 1737 2589 1778 ecce
2614 1739 2756 1778 nunc
2794 1725 2908 1795 ipsa
2936 1726 3043 1781 vita
3078 1727 3246 1783 evasit
3274 1720 3565 1784 honorabi-'

1976 1807 2110 1876 lior,
2138 1818 2192 1866 et
2218 1811 2575 1881 splendidior,
2602 1821 2657 1868 et
2687 1829 2873 1870 omnes
2901 1831 3019 1870 eam
3046 1816 3100 1871 iu
3129 1816 3302 1873 fronte
3331 1820 3566 1875 circum-

1974 1898 2227 1968 feriuuts,
2257 1919 2364 1959 non
2394 1904 2568 1960 solum
2599 1921 2704 1961 non
2746 1907 3122 1963 erubescentes
3144 1949 3159 1974 ,
3189 1909 3282 1965 sed
3311 1924 3373 1965 ea
3402 1911 3563 1967 etiam

1972 1990 2278 2060 gloriantes.
2306 1993 2422 2049 Non
2448 1996 2590 2050 enim
2617 1997 2788 2052 solum
2819 1998 3028 2066 privati,
3058 1999 3153 2055 sed
3184 2009 3238 2056 et
3263 2001 3296 2055 ii
3324 2002 3410 2073 qui
3438 2010 3563 2059 sunt

1971 2078 2269 2137 diademate
2299 2083 2530 2139 rcdimiti
2552 2126 2566 2149 ,
2594 2099 2711 2141 eam
2739 2087 2915 2156 potius
2940 2088 2993 2143 in
3023 2085 3197 2144 fronte
3221 2100 3429 2161 gestant
3459 2090 3558 2164 (α),

1970 2186 2129 2243 quam
2177 2172 2459 2240 diadema;
2497 2184 2553 2230 et
2580 2177 2772 2231 merito
2813 2177 3025 2248 quidem
3062 2186 3192 2234 :est
3218 2181 3359 2236 enim
3399 2181 3558 2238 inuu-

1970 2265 2132 2337 meris
2162 2265 2548 2323 diadematibus
2581 2268 2788 2324 melior.
2827 2269 3075 2325 Diadema
3109 2271 3252 2326 enim
3287 2283 3441 2328 ornat
3462 2289 3558 2329 ca-

1969 2365 2059 2425 put
2092 2373 2106 2410 :
2137 2370 2267 2412 crux
2296 2366 2474 2412 autem
2515 2358 2688 2413 munit
2717 2371 2972 2415 mentem.
3021 2359 3098 2416 Ea
3127 2361 3398 2418 daemones
3422 2364 3556 2420 utci-

1967 2447 2151 2513 scitur,
2179 2463 2241 2505 ea
2266 2448 2510 2505 diadema
2535 2459 2638 2516 est,
2663 2451 2803 2523 quod
2834 2452 2969 2508 tollit
2995 2455 3210 2509 morbos
3233 2455 3460 2522 animte;
3489 2462 3561 2513 ca’

1965 2548 2047 2595 est
2074 2548 2339 2595 armatura
2367 2541 2580 2609 invicta,
2605 2556 2666 2599 ea
2693 2558 2877 2600 murus
2906 2545 3357 2616 inexpugnabilis;
3382 2564 3443 2603 ea
3470 2560 3553 2605 est

1965 2631 2352 2688 munimentum
2382 2632 2735 2704 insuperabile
2763 2653 2776 2689 :
2808 2650 2926 2706 qua:
2956 2650 3060 2691 non
3092 2636 3263 2692 solum
3294 2636 3552 2694 barbaro-

1963 2737 2080 2776 rum
2107 2723 2427 2793 irruptiones
2453 2737 2507 2781 et
2532 2726 2862 2782 incursiones
2892 2727 3124 2783 hostium
3145 2771 3161 2795 ,
3193 2729 3287 2784 sed
3314 2730 3548 2802 ipsorum

1962 2812 2122 2866 etiam
2152 2812 2458 2869 immanium
2489 2815 2787 2871 daemonum
2819 2816 3110 2888 phalanges
3137 2820 3449 2890 perrumpit.
3480 2820 3548 2876 In

1960 2905 2309 2975 splendoribus
2333 2918 2639 2962 sanctorum.
2675 2909 2841 2974 Alius,
2871 2909 2939 2963 In
2965 2910 3143 2965 decore
3167 2912 3350 2965 sancti.
3373 2912 3544 2977 Alius,

1959 2993 2027 3050 In
2056 2997 2221 3067 gloria
2248 3009 2556 3055 sanctorum.
2586 2999 2775 3056 Adhuc
2796 3001 3025 3071 loquitur
3048 3001 3115 3057 de
3140 3002 3226 3057 die
3249 3004 3499 3072 prtesenti
3524 3046 3543 3070 ,

1958 3096 2012 3142 et
2039 3088 2105 3143 de
2132 3089 2328 3143 futuro.
2375 3090 2729 3161 Splendorem
2754 3101 2931 3147 autem
2964 3092 3048 3147 hic
3074 3091 3205 3148 dicit
3232 3102 3538 3148 sanctorum

1957 3178 2427 3250 pulchritudinem.
2475 3180 2611 3249 Quid
2661 3189 2744 3236 est
2787 3182 2928 3237 enim
2969 3181 3135 3237 Paulo
3173 3182 3553 3253 splendidius?

1956 3262 2083 3340 quid
2112 3270 2270 3326 Petro
2296 3271 2597 3343 insignius?
2623 3273 2709 3343 qui
2740 3272 3043 3328 universum
3067 3272 3249 3329 orbem
3280 3282 3541 3331 terrarum

1953 3373 2325 3435 pervaserunt,
2356 3365 2437 3419 vel
2466 3365 2578 3421 sole
2604 3365 2859 3421 clariores
2881 3408 2898 3432 ,
2930 3366 3140 3437 pictatis
3168 3369 3369 3423 semina
3397 3367 3539 3439 deji-

1954 3454 2200 3510 cientes?
2226 3455 2455 3512 Perinde
2480 3458 2620 3511 enim
2646 3472 2709 3512 ac
2737 3457 2781 3512 si
2812 3456 3035 3514 fuissent
3055 3458 3227 3531 angeli
3247 3461 3337 3531 qui
3358 3476 3389 3516 e
3408 3460 3543 3515 cmlo

1927 3535 2374 3617 'descendissent,
2398 3550 2467 3604 ita
2489 3559 2643 3605 erant
2659 3551 2905 3608 omnibus
2925 3552 3202 3608 inacccssi.
3229 3554 3338 3609 Iloc
3359 3562 3561 3637 osten-'

1952 3639 2083 3696 deus
2097 3642 2186 3712 qui
2206 3641 2395 3696 librum
2411 3643 2633 3698 Actuum
2655 3645 2974 3714 composuit,
2993 3645 3203 3701 dicebat
3221 3665 3236 3701 :
3254 3644 3418 3701 Nemo
3435 3664 3532 3700 au-

1952 3731 2100 3788 debat
2123 3749 2177 3787 se
2199 3734 2506 3804 conjungere
2523 3735 2594 3789 eis
2615 3734 2753 3805 (Act.
2777 3735 2831 3791 5.
2855 3737 2963 3807 l5).
2982 3732 3435 3807 Etenimipsorum
3449 3736 3561 3793 ve-i

1950 3832 2063 3881 stes
2077 3833 2228 3881 erant
2244 3825 2416 3896 plena:
2431 3841 2616 3898 magna
2632 3828 2796 3898 gratia
2807 3870 2820 3893 ,
2834 3836 2889 3883 et
2902 3828 3103 3884 umbra:
3125 3843 3408 3899 corporum
3436 3844 3542 3884 ma-
3558 3826 3562 3838 '

1948 3930 2106 3987 gnam
2120 3914 2472 3973 ostendebant
2488 3919 2773 3990 potentiam
2790 3918 2842 3990 (1
2850 3920 3157 3986 b.c.l5,et'c.
3174 3920 3540 3991 19.12).Quod

1948 4007 1995 4063 si
2023 4008 2110 4065 hic
2132 4008 2265 4071 tales
2288 4016 2460 4073 erant,
2478 4009 2648 4079 cogita
2661 4009 2788 4064 mihi
2807 4024 2872 4064 eo
2887 4010 2994 4077 die,
3011 4010 3225 4081 quando
3239 4011 3309 4067 ab
3322 4012 3537 4067 interitu
3554 4002 3561 4021 ³

1949 4099 2120 4155 aliena
2141 4108 2365 4170 Corpora
2385 4101 2716 4171 acceperint,
2735 4101 2947 4171 quando
2968 4102 3307 4169 immortalia,
3327 4102 3541 4175 quando

1949 4205 2162 4248 omnem
2190 4191 2280 4262 qui
2318 4190 2528 4247 videtur
2565 4191 2905 4262 splendorem
2940 4192 3276 4264 superantia,
3317 4193 3534 4265 quinam

1949 4291 2105 4338 erunt
2120 4283 2154 4338 ii
2174 4325 2188 4349 ,
2209 4290 2262 4339 et
2277 4282 2366 4352 qui
2385 4281 2581 4338 fuerint
2593 4284 2672 4339 eis
2684 4282 2906 4349 similes,
2927 4283 3199 4354 pr0phette
3213 4293 3266 4341 et
3281 4285 3532 4355 apostoli,
3551 4290 3559 4304 ‘

1948 4383 2003 4428 et
2026 4372 2155 4443 justi
2185 4381 2240 4429 et
2262 4380 2543 4445 martyres,
2572 4381 2625 4429 et
2649 4373 3002 4439 confessores,
3033 4382 3086 4430 et
3110 4388 3298 4447 omnes
3321 4374 3411 4446 qui
3443 4390 3540 4447 per

1949 4463 2204 4532 optimam
2233 4462 2355 4517 vitae
2382 4462 2769 4517 institutionem
2801 4462 2853 4517 in
2881 4463 2983 4518 lide
3007 4462 3205 4518 Christi
3234 4462 3430 4520 fuerint
3456 4465 3540 4521 in-

1948 4555 2147 4625 signes.
2175 4553 2358 4625 Cogita
2391 4554 2520 4610 mihi
2548 4555 2667 4610 illos
2698 4554 2922 4626 populos
2941 4597 2956 4622 ,
2986 4544 3293 4629 lampades,
3323 4556 3568 4635 radios,‘

1948 4641 2171 4715 gloriam
2197 4685 2213 4711 ,
2243 4645 2494 4700 decorem
2520 4686 2536 4711 ,
2569 4644 2808 4700 laetitiam
2832 4688 2849 4712 ,
2885 4644 3078 4702 festum
3107 4646 3565 4705 celeberrimnmu

1948 4732 2204 4801 Quisnam
2243 4722 2360 4788 haec
2395 4732 2719 4804 explicabit?
2758 4733 2911 4789 Nulla
2950 4734 3164 4806 quidem
3193 4738 3396 4804 oratio;

1946 4824 2058 4880 sola
2081 4823 2407 4894 experientia
2424 4831 2607 4894 aperte
2625 4824 2838 4881 docebit
2858 4840 2972 4891 eos,
2992 4828 3079 4898 qui
3107 4816 3210 4884 hoc
3228 4831 3536 4899 spectaculo
3554 4828 3562 4855 ‘

1950 5015 2124 5062 turum
2165 5006 2414 5064 existimo
2435 5048 2452 5074 ,
2491 5022 2556 5064 ac
2582 5009 2626 5065 si
2656 5009 2808 5065 multi
2834 5009 2979 5066 soles
3002 5011 3055 5066 in
3084 5010 3218 5066 caelo
3245 5010 3489 5068 fulserint
3511 5053 3532 5079 ,

1947 5097 2036 5153 vel
2066 5098 2111 5153 si
2136 5097 2434 5170 frequentia
2465 5098 2669 5171 fulgura
2699 5101 2825 5157 :vel
2854 5101 3030 5171 potius
3051 5101 3422 5173 quodcumque
3445 5103 3535 5159 di-

1946 5202 2101 5255 xero,
2121 5190 2449 5246 contendens
2464 5190 2749 5247 ostendere
2764 5191 2909 5246 illam
2937 5186 3405 5261 pulchritudinem,
3431 5193 3565 5250 mi-’

1947 5279 2092 5336 nime
2116 5290 2302 5351 potero
2327 5280 2508 5337 dicere
2547 5296 2646 5352 pro
2674 5282 2754 5337 rei
2779 5282 3054 5352 dignitate.
3084 5280 3221 5339 Sunt
3245 5283 3388 5339 enim
3415 5285 3565 5343 brec'

1947 5370 2125 5426 omnia
2154 5371 2395 5441 exempla
2425 5371 2723 5441 corporalia
2752 5389 2767 5427 :
2800 5372 3051 5442 splendor
3076 5382 3253 5429 autem
3279 5416 3294 5442 ,
3322 5384 3376 5431 et
3413 5386 3565 5447 qua)"

1948 5470 2074 5517 tunc
2092 5461 2204 5517 illic
2228 5460 2402 5514 futura
2425 5467 2511 5515 est
2532 5460 2700 5530 gloria
2719 5499 2735 5526 ,
2764 5464 2978 5515 onlnem
3005 5461 3263 5532 ejusmodi
3291 5465 3531 5536 pulchri-

2009 5592 2085 5657 (α)
2127 5589 2380 5657 singulare
2424 5594 2504 5640 est
2544 5588 2672 5653 quod
2715 5589 2794 5639 hic
2830 5591 2899 5657 ait
2938 5588 3331 5657 Chrysostomus,
3362 5586 3563 5650 omnes

1947 5650 2143 5706 crucem
2166 5650 2235 5703 inw
2243 5654 2401 5720 fronte
2423 5665 2512 5702 suo
2529 5650 2758 5720 tempore
2780 5650 2973 5709 tulisse,
2989 5650 3237 5716 etiamque
3255 5650 3535 5720 ΔΙιὶιιδεεει-ειιθ.

1949 5730 2063 5778 res;
2087 5723 2226 5785 certe
2246 5715 2481 5785 fidem!“
2513 5712 2780 5785 Augustam
2812 5722 3006 5785 arma!“
3038 5712 3184 5785 δυΡῆ
3219 5712 3419 5781 glow“
3446 5736 3539 5785 8⁸⁸
