4086 6268
565 337 674 394 275

568 455 806 511 tudinem
835 454 997 524 longo
1023 453 1303 508 intervallo
1328 453 1617 523 superabit.
1663 452 1779 507 Non
1813 454 1984 508 solum
2014 453 2156 508 enim

564 555 726 601 erunt
752 545 820 599 ab
851 545 1070 599 interitu
1095 545 1263 598 aliena
1285 587 1299 609 ,
1331 553 1383 598 et
1421 544 1739 598 immortalia
1767 559 1990 614 corpora
2017 585 2033 611 ,
2063 543 2156 598 sed

568 645 697 690 tunc
722 637 881 692 etiam
911 636 1196 691 induentur
1220 636 1385 707 gloria
1412 635 1685 690 ineffabili.
1717 635 1781 690 In
1807 636 2157 707 splendoribus

568 737 877 781 sanctorum.
909 725 979 782 Ut
1016 726 1264 781 ostendat
1299 742 1419 780 eum
1456 741 1559 781 nou
1592 727 1883 782 terribilem
1911 742 2032 782 esse
2063 742 2154 781 so-

567 819 676 873 lum
699 861 714 886 ,
741 819 976 874 ostendit
1001 819 1116 887 ejus
1145 817 1602 873 mansuetudinem
1631 826 1686 872 et
1711 817 2112 872 beneficentiam
2136 858 2152 883 ,

563 917 750 972 dicens
778 933 791 970 :
822 915 889 970 In
924 914 1272 987 splendoribus
1311 925 1618 968 sanctorum.
1652 913 1720 968 Et
1758 913 1859 967 hoc
1897 923 1980 967 est
2013 911 2155 966 illius

565 1009 840 1080 potentiae,
864 1025 957 1064 eos
985 1010 1119 1065 adeo
1145 1011 1318 1064 claros
1341 1009 1564 1064 reddere
1588 1024 1603 1062 :
1627 1009 1768 1079 quod
1795 1008 1992 1063 Paulus
2016 1024 2150 1079 quo-

562 1117 668 1171 que
709 1100 1052 1170 signiﬁcans,
1093 1099 1304 1155 dicebat
1342 1116 1356 1153 :
1405 1099 1504 1166 Qui
1545 1098 1920 1170 transformabit
1963 1114 2154 1168 corpus

563 1190 863 1245 humilitatis
897 1201 1081 1245 nostrte
1103 1232 1120 1259 ,
1150 1200 1205 1245 ut
1232 1192 1416 1260 ﬁamus
1441 1194 1726 1261 conformes
1748 1190 1948 1260 corpori
1976 1189 2152 1260 gloria:

561 1287 674 1355 ejus
703 1282 922 1356 (Philip.
951 1285 1004 1338 5.
1027 1283 1144 1355 21).

634 1377 687 1431 7.
731 1375 934 1431 Deinde
962 1376 1211 1446 quoniam
1239 1389 1350 1429 rem
1379 1373 1586 1428 dixerat
1610 1387 1856 1443 magnam
1881 1380 1934 1428 et
1962 1371 2150 1427 inell'a-

562 1463 723 1522 bilem
744 1509 760 1532 ,
788 1467 1067 1537 subjunxit
1106 1483 1120 1520 :
1166 1466 1459 1521 Secundum
1499 1465 1838 1536 Operationem
1862 1479 1962 1532 qua
1991 1471 2151 1532 potest

561 1557 733 1611 omnia
755 1558 850 1611 sibi
877 1557 1140 1628 subjicere.
1183 1557 1260 1613 Nc
1286 1571 1496 1628 quaeras
1519 1596 1535 1623 ,
1568 1556 1771 1626 inquit,
1804 1553 2073 1625 quomodo
2097 1562 2153 1608 et

560 1663 788 1717 quanam
827 1650 1054 1704 ratione.
1107 1649 1291 1703 Potest
1323 1647 1464 1701 enim
1494 1661 1841 1716 quaecumque
1865 1645 1996 1700 vult.
2044 1644 2150 1700 Sed

562 1752 729 1806 quare
772 1753 879 1792 non
918 1738 1090 1803 dixit,
1125 1737 1181 1792 lu
1218 1737 1502 1806 Splendore
1536 1746 1841 1792 sanctorum
1867 1776 1882 1800 ,
1915 1735 2007 1790 sed
2030 1776 2044 1801 ,
2085 1734 2149 1790 In

561 1829 913 1900 splendoribus
929 1829 1151 1902 (Ibid.)?
1166 1829 1293 1897 Quia
1310 1830 1470 1883 multa
1486 1839 1607 1882 sunt
1621 1839 1669 1884 et
1683 1829 1889 1884 diversa
1910 1829 2146 1898 prtemia.

561 1921 680 1974 Alia
707 1933 778 1975 est
819 1922 950 1976 enim
991 1923 1154 1992 gloria
1178 1922 1299 1976 solis
1322 1963 1340 1989 ,
1371 1932 1417 1974 et
1447 1921 1549 1974 alia
1577 1922 1738 1992 gloria
1769 1921 1904 1975 luna:
1928 1935 1947 1974 :
1974 1930 2019 1974 et
2046 1920 2150 1974 alia

563 2011 727 2081 gloria
751 2012 1026 2066 stellarum.
1054 2010 1121 2066 Ut
1144 2012 1278 2065 enim
1302 2011 1449 2065 stella
1469 2029 1500 2064 a
1522 2011 1668 2065 stella
1693 2009 1864 2078 di/Tert
1888 2011 1940 2064 in
1961 2009 2145 2081 gloria,

562 2102 635 2180 ita
661 2102 754 2155 erit
779 2143 792 2166 ,
827 2103 993 2172 inquit
1017 2144 1031 2168 ,
1060 2103 1211 2156 etiam
1238 2105 1533 2157 resurrectio
1560 2113 1872 2156 mortuorum
1897 2103 1918 2174 (
1940 2105 1993 2157 1.
2024 2101 2144 2158 Cor.

565 2195 653 2270 15.
684 2195 744 2249 41
771 2194 816 2264 ).
861 2195 926 2248 Ει
954 2194 1197 2250 Christus
1227 2212 1238 2248 :
1266 2193 1333 2248 In
1360 2195 1510 2248 domo
1541 2194 1710 2249 Patris
1738 2196 1832 2249 mei
1863 2195 2148 2249 mansiones

557 2286 731 2338 multa:
771 2298 887 2338 sunt
912 2287 930 2354 (
959 2284 1118 2341 Joan.
1152 2287 1238 2342 Η.
1269 2285 1305 2340 2
1329 2286 1374 2356 ).
1418 2286 1540 2341 Ideo
1579 2287 1832 2358 splendor
1865 2287 1956 2342 ille
1987 2289 2146 2343 ﬁnem

559 2395 665 2432 non
715 2377 907 2444 habet;
951 2395 1121 2450 neque
1163 2381 1303 2435 enim
1330 2380 1471 2435 cedit
1510 2381 1691 2448 nocti,
1720 2396 1819 2436 nec
1855 2381 2030 2436 locum
2057 2379 2149 2436 dat

559 2471 794 2524 tenebris
817 2512 832 2535 ,
866 2471 957 2525 sed
988 2487 1107 2526 cum
1139 2472 1208 2527 sit
1249 2486 1471 2542 magnus
1495 2513 1511 2537 ,
1557 2471 1836 2528 ineliabilis
1860 2515 1875 2542 ,
1907 2481 1962 2527 et
2004 2473 2147 2529 hunc

557 2560 647 2629 qui
663 2560 868 2614 videtur
889 2561 1044 2631 longe
1065 2577 1341 2630 superans,
1361 2549 1520 2616 habet
1536 2563 1694 2617 etiam
1712 2563 1812 2617 hoc
1829 2565 2141 2632 maximum,

556 2651 698 2722 quod
731 2653 886 2705 linem
916 2668 1020 2705 non
1061 2653 1281 2722 suscipit
1306 2667 1319 2704 :
1347 2651 1486 2722 quod
1513 2653 1726 2724 quidem
1755 2662 1838 2709 est
1864 2653 2146 2710 inell'abilis

559 2742 719 2812 [tegis
767 2737 1044 2812 potestatis
1067 2786 1082 2808 ,
1121 2744 1262 2815 quod
1305 2759 1530 2814 corpora
1569 2761 1686 2816 qua:
1719 2754 1872 2801 erant
1910 2747 2145 2801 interitui

553 2826 781 2889 obnoxia
811 2846 866 2889 et
900 2836 1095 2890 caduca
1122 2877 1138 2902 ,
1170 2836 1221 2890 in
1254 2844 1450 2890 tantam
1490 2837 1779 2907 potentiam
1809 2845 1864 2892 et
1891 2839 2138 2893 virtutem

551 2921 855 2979 deduxerit.
889 2927 1090 2982 Deinde
1124 2927 1374 2995 quoniam
1404 2943 1592 2998 magna
1617 2928 1860 2998 quaedam
1887 2929 2060 2994 dixit,
2091 2940 2144 2985 et

552 3009 650 3087 s'pe
674 3019 970 3073 auditorem
995 3021 1197 3084 erexit,
1221 3020 1454 3075 ostendit
1477 3020 1590 3075 lucc
1615 3036 1824 3090 quoque
1846 3021 1966 3090 jure
1989 3021 2099 3076 ﬁeri
2126 3039 2140 3077 :

553 3112 800 3179 quoniam
846 3111 935 3181 qui
983 3113 1095 3165 haec
1135 3109 1291 3175 facit,
1322 3111 1442 3165 talis
1470 3120 1553 3165 est
1583 3121 1636 3164 et
1667 3120 1862 3166 tantus.
1897 3111 2027 3179 Quis
2055 3113 2144 3168 ille

554 3218 752 3272 porro,
796 3205 884 3274 qui
927 3203 1042 3259 hate
1081 3204 1245 3259 facit?
1289 3205 1387 3270 Qui
1432 3215 1515 3260 est
1550 3204 1792 3272 ejusdem
1835 3220 1954 3260 cum
1986 3205 2143 3262 Patre

551 3296 880 3350 substantias.
912 3294 1041 3350 Illud
1066 3295 1207 3350 enim
1240 3295 1564 3366 signiﬁcans,
1590 3295 1861 3366 subjunxit
1889 3314 1903 3352 :
1928 3295 2012 3351 Ea:
2035 3306 2144 3352 ute-

551 3401 610 3455 ro
638 3395 754 3439 ante
785 3386 1048 3456 iuciferum
1072 3387 1220 3456 genui
1251 3396 1315 3440 te.

630 3479 776 3544 Haec,
809 3483 948 3534 Aule
972 3479 1251 3534 luciferum
1273 3482 1431 3550 genui
1457 3489 1528 3546 te,
1564 3481 1627 3536 de
1652 3481 1972 3551 generatione
1994 3490 2142 3537 αἰεν-

551 3584 618 3622 na
661 3569 846 3624 Christi
886 3570 1140 3624 dicuntur.
1185 3569 1506 3641 Operationis
1545 3581 1591 3624 et
1631 3579 1826 3625 natura:
1853 3571 2136 3627 diversitas.

551 3661 752 3717 -—Sed
805 3662 1041 3732 quibam
1083 3663 1244 3717 verba
1294 3663 1360 3718 ad
1410 3678 1564 3717 suum
1615 3679 1832 3718 sensum
1883 3673 2136 3732 vertunt,

547 3755 881 3810 contendunt
923 3755 1040 3810 haec
1083 3757 1224 3811 dicta
1265 3770 1386 3811 esse
1431 3755 1500 3810 de
1545 3757 1889 3826 generatione
1936 3757 2134 3812 carnis.

549 3847 830 3916 Quomodo
855 3862 1006 3918 ergo,
1037 3847 1142 3915 die,
1174 3861 1377 3919 quzcso,
1412 3848 1540 3901 Ante
1569 3847 1878 3916 luciferum?
1903 3847 1977 3901 lta
2003 3849 2138 3904 dixit

547 3950 756 3995 noctem
782 3954 885 4011 qua
911 3947 1067 3994 natus
1093 3947 1178 3995 est
1199 3957 1213 3994 :
1236 3947 1391 3994 natus
1415 3947 1498 3994 est
1516 3939 1657 3993 enim
1679 3947 1802 3993 ante
1822 3938 2134 3993 diluculum.

547 4029 655 4098 Sed
685 4032 786 4086 hoc
811 4047 917 4086 non
941 4039 1029 4087 est
1054 4030 1231 4086 dicere
1257 4029 1397 4100 quod
1426 4029 1702 4099 quaeritur,
1730 4043 1903 4099 neque
1929 4027 2032 4083 hoc
2055 4025 2136 4082 di-

545 4123 620 4178 xit
645 4123 814 4194 gratia
841 4123 1074 4178 historiae
1099 4139 1116 4178 :
1143 4133 1199 4178 et
1224 4120 1422 4192 alioqui
1445 4136 1551 4176 non
1579 4129 1802 4191 possunt
1826 4119 2130 4186 ostendere,

543 4213 601 4271 id
626 4216 770 4286 quod
793 4215 1088 4270 docuerunt
1108 4215 1464 4285 evangelista,
1488 4213 1685 4267 dictum
1711 4227 1832 4268 esse
1851 4227 1880 4266 a
1905 4211 2134 4282 prophe-

541 4307 629 4372 tis,
655 4307 744 4374 qui
770 4307 998 4362 maxima
1023 4322 1088 4362 ex
1114 4316 1265 4377 parte
1289 4305 1515 4361 obscure
1553 4304 1858 4374 loquuntur.
1887 4300 1986 4358 Hic
2004 4317 2131 4372 ergo

541 4399 671 4453 illud
692 4440 710 4466 ,
736 4400 867 4454 Ante
897 4401 1164 4472 luciferum
1187 4439 1203 4466 ,
1237 4414 1345 4455 non
1375 4399 1504 4454 dicit
1526 4407 1648 4453 ante
1677 4405 1852 4453 ortum
1882 4395 2088 4451 luciferi
2111 4437 2127 4464 ,

538 4491 635 4566 sed
662 4501 786 4546 ante
809 4499 1083 4557 naturam,
1113 4499 1398 4561 antequam
1429 4490 1597 4546 factus
1624 4497 1768 4545 esset
1791 4487 1997 4543 lucifer.
2025 4487 2129 4543 So-

540 4582 616 4638 let
634 4582 775 4636 enim
796 4580 1068 4652 Scriptura
1089 4581 1205 4639 haec
1223 4581 1570 4652 distinguere,
1590 4578 1805 4652 quando
1824 4578 1971 4643 dicit,
1990 4580 2129 4633 Ante

543 4687 809 4744 naturam,
829 4687 888 4735 et
907 4678 1142 4750 quando,
1165 4679 1305 4734 Ante
1322 4677 1684 4747 operationem
1705 4693 1720 4742 ;
1747 4683 1806 4730 ut
1822 4689 1942 4730 cum
1963 4673 2090 4729 dicit
2110 4693 2124 4729 :

542 4769 758 4839 Oportet
785 4769 1061 4840 praevenire
1082 4770 1387 4824 matutinum
1408 4767 1476 4822 ad
1503 4768 1693 4839 gratias
1715 4766 1936 4838 agendas
1959 4765 2048 4819 tibi
2070 4767 2122 4832 ¹;

535 4873 586 4919 et
611 4872 729 4919 ante
750 4871 916 4920 ortum
943 4863 1070 4918 lucis
1097 4871 1145 4916 te
1170 4861 1400 4934 alloqui(
1426 4861 1558 4931 Sap.
1583 4861 1670 4917 16.
1699 4861 1770 4917 28
1791 4862 1831 4931 ).
1861 4860 1955 4915 llic
1979 4860 2123 4915 enim

533 4956 666 5030 dicit
702 4955 1040 5010 matutinum.
1081 4953 1198 5010 Non
1231 4952 1365 5007 dixit
1391 4952 1532 5007 enim
1553 4992 1569 5018 ,
1596 4952 1734 5006 Ante
1761 4953 1927 5006 solem
1946 4993 1962 5018 ,
1990 4950 2083 5006 sed
2103 4990 2120 5015 ,

534 5049 664 5105 Ante
687 5056 886 5113 ortum;
913 5048 1198 5114 non,Ante
1226 5055 1472 5101 naturam
1505 5062 1518 5098 :
1551 5053 1676 5100 ante
1703 5051 1946 5098 naturam
1976 5043 2120 5098 enim

532 5142 664 5199 solis
690 5141 819 5197 nihil
847 5142 1042 5197 laetum
1069 5147 1183 5205 est;
1213 5138 1329 5204 sed,
1348 5138 1484 5192 Ante
1509 5147 1684 5192 ortum
1706 5135 1854 5197 solis.
1877 5143 1937 5190 ut
1959 5135 2122 5205 signi-

533 5234 718 5290 ﬁcaret
753 5233 1068 5290 diluculum.
1102 5231 1309 5287 Alicubi
1342 5241 1521 5285 autem
1545 5226 1760 5299 quando
1786 5227 1951 5292 dicit,
1980 5227 2120 5282 Ante

529 5325 646 5395 ejus
670 5334 933 5393 naturam,
960 5340 1068 5380 non
1091 5323 1238 5390 dicit,
1267 5323 1406 5378 Ante
1429 5331 1626 5388 ortum,
1649 5319 1909 5383 sed,Ante
1929 5320 2119 5384 solem;

531 5427 592 5473 ut
619 5419 831 5489 quando
856 5417 985 5474 dicit
1015 5436 1030 5474 :
1055 5417 1186 5472 Ante
1206 5417 1364 5472 solem
1396 5423 1653 5486 permanet
1681 5428 1862 5468 nomen
1887 5413 2016 5483 ejus.
2047 5409 2117 5464 Et
2155 5413 2196 5498 λ

533 5517 651 5561 ante
669 5508 840 5561 lunam
860 5509 1204 5580 generationes
1221 5506 1599 5580 generationum
1620 5503 1792 5577 (Psal.
1814 5504 1902 5561 7i.
1928 5504 2016 5558 i7.
2035 5500 2112 5575 5).

601 5718 618 5750 ι
642 5716 1081 5783 l.oc_um_hunc__sic
1108 5719 1294 5783 habent
1321 5719 1488 5783 Graeca
1521 5718 1700 5781 Biblia,
1735 5719 2006 5783 Sapientiae
2030 5717 2106 5780 16,

535 5777 597 5828 28
661 5777 744 5826 Δεῖ
765 5777 946 5840 φθάνειν
967 5781 1101 5837 ἣλιον
1124 5781 1196 5830 ἐπ’
1219 5781 1519 5845 εὐχαριστίαν
1552 5798 1660 5837 σου,

1279 336 1336 394 s.
1376 336 1654 394 mauros
1676 334 2156 393 cnavsosrout
2199 336 2515 394 ancmsp.
2557 301 3102 400 consumma.

3750 351 3844 408 276

2265 453 2725 521 Quemadmodum
2751 472 2881 528 ergo
2906 459 3046 514 aliud
3073 468 3193 530 est,
3221 461 3352 515 Ante
3376 465 3563 528 solem,
3593 475 3647 519 et
3672 465 3808 521 aliud
3832 509 3843 532 ,

2263 547 2392 600 Ante
2410 558 2574 601 ortum
2595 549 2715 602 soh's
2731 565 2748 612 ;
2775 549 2875 604 hoc
2897 551 3038 604 enim
3065 552 3432 620 Operationcm
3463 556 3594 609 solis
3621 566 3674 610 et
3700 573 3848 614 mane

2262 638 2523 708 signilicat
2545 682 2560 707 ,
2595 641 2720 695 illud
2749 658 2876 696 vt-ro
2915 654 3191 709 naturam;
3226 645 3296 699 ita
3325 647 3485 701 etiam
3519 649 3606 702 hic
3631 691 3645 710 ,
3677 651 3720 703 si
3755 666 3844 703 vo-

2263 727 2448 783 luisset
2466 731 2762 801 signiﬁcare
2784 745 3014 796 noctem,
3031 750 3135 788 non
3157 735 3399 802 dixisset,
3419 737 3546 791 Ante
3562 740 3837 810 luciferum,

2261 821 2354 875 sed
2378 865 2391 885 ,
2423 823 2561 877 Ante
2597 837 2771 880 ortum
2799 826 3026 882 luciferi.
3059 827 3126 882 Et
3153 830 3346 900 alioqui
3371 831 3614 887 Christus
3642 851 3843 904 quoque

2261 910 2402 967 hunc
2430 915 2697 970 Psalmum
2727 920 2930 987 accepit
2973 936 3077 973 non
3117 920 3184 975 de
3223 922 3468 977 humanae
3507 927 3684 980 carnis
3709 942 3846 982 meo-

2259 1004 2434 1057 nomia
2458 1046 2473 1069 ,
2511 1005 2605 1059 sed
2647 1008 2712 1062 de
2746 1009 3088 1078 generatione
3118 1026 3214 1080 per
3240 1011 3518 1082 Spiritum.
3551 1014 3682 1069 Cum
3707 1019 3841 1072 enim

2257 1093 2481 1150 dixisset
2507 1095 2702 1152 Jud.eis
2736 1116 2749 1152 :
2784 1099 2920 1166 Quid
2951 1103 3086 1156 vobis
3124 1103 3315 1158 videtur
3350 1105 3413 1158 de
3437 1106 3681 1162 Christo?
3706 1111 3845 1180 cujus

2257 1195 2328 1239 est
2347 1186 2524 1255 ﬁlius?
2552 1198 2828 1258 postquam
2854 1192 3104 1247 dixerunt
3128 1212 3141 1248 :
3173 1193 3342 1250 Dauid
3361 1238 3376 1261 ,
3404 1197 3677 1266 subjunxit
3707 1200 3842 1255 Psal-

2256 1294 2423 1340 mum,
2442 1279 2653 1334 dicens:
2672 1282 2934 1345 Quomodo
2950 1301 3067 1354 ergo
3087 1284 3208 1338 dicit
3223 1284 3392 1339 David
3409 1303 3427 1340 :
3443 1286 3588 1341 Dixit
3604 1289 3842 1345 Dominus

2254 1369 2476 1425 Domino
2503 1389 2633 1438 meo,
2663 1373 2798 1428 Sede
2841 1391 2872 1427 a
2917 1376 3108 1430 dextris
3146 1378 3312 1432 meis?
3347 1378 3408 1433 Si
3441 1397 3558 1450 ergo
3598 1379 3842 1437 Dominus

2256 1462 2366 1531 ejus
2405 1472 2518 1528 est,
2562 1465 2812 1532 quomodo
2858 1481 2947 1520 vos
2995 1467 3193 1533 dicitis,
3240 1469 3377 1538 quod
3426 1480 3498 1523 est
3551 1471 3662 1540 ejus
3712 1473 3842 1540 [ilius

2256 1551 2465 1623 (Matth.
2488 1553 2578 1608 22.
2608 1555 2862 1626 42-45)?
2887 1557 3023 1624 Quid
3053 1569 3282 1629 estergo
3311 1561 3451 1629 quod
3483 1561 3718 1615 dicitur?
3750 1564 3840 1618 Vc-

2255 1658 2372 1697 ram
2409 1653 2463 1698 et
2500 1659 2806 1714 germanam
2850 1648 2938 1702 hic
2975 1649 3207 1703 ostendit
3245 1651 3665 1720 generationem.
3709 1653 3837 1720 Quid

2254 1734 2423 1803 ergo?
2463 1744 2546 1789 est
2575 1736 2746 1789 solum
2785 1747 2907 1792 ante
2949 1737 3266 1794 luciferum?
3309 1739 3669 1811 Nequaquam.
3713 1743 3837 1798 Nam

2253 1824 2380 1879 dicit
2406 1826 2562 1879 etiam
2588 1826 2712 1882 alibi
2743 1846 2756 1883 :
2787 1829 2916 1883 Ante
2941 1830 3114 1883 lunam
3135 1833 3346 1886 thronus
3372 1833 3501 1902 ejus.
3536 1835 3604 1888 Et
3627 1852 3731 1889 non
3757 1853 3837 1890 so-

2255 1914 2364 1970 lum
2401 1926 2524 1971 ante
2561 1917 2775 1984 lunam;
2809 1935 2929 1974 nam
2958 1920 3026 1976 de
3051 1920 3208 1977 Patre
3247 1939 3457 1993 quoque
3483 1923 3610 1980 dicit
3642 1942 3656 1978 :
3686 1927 3837 1981 Ante-

2251 2023 2404 2078 quam
2429 2021 2620 2064 montes
2645 2011 2839 2078 ]ierent,
2867 2022 2912 2065 et
2938 2017 3243 2084 {armaretur
3269 2026 3422 2080 terra,
3454 2027 3500 2070 et
3526 2017 3660 2071 orbis
3682 2029 3836 2073 terra-

2250 2116 2398 2166 rum,
2430 2116 2460 2152 a
2487 2105 2670 2154 saecula
2699 2111 2745 2155 et
2773 2107 2826 2156 in
2852 2103 3093 2157 saxulum
3120 2113 3174 2158 tu
3199 2121 3248 2158 es
3285 2105 3454 2175 (Psal.
3487 2107 3576 2162 89.
3606 2107 3686 2178 Ξ).
3719 2108 3830 2164 Non

2250 2206 2282 2246 a
2310 2193 2504 2246 saeculo
2524 2193 2718 2259 solum,
2742 2194 2836 2250 sed
2859 2196 3018 2250 etiam
3038 2208 3161 2252 ante
3184 2199 3434 2253 sacculum
3460 2218 3473 2254 :
3499 2216 3672 2270 neque
3694 2203 3830 2256 enim

2251 2292 2335 2337 est
2359 2298 2524 2352 usque
2549 2284 2615 2338 ad
2642 2286 2917 2351 smculum,
2946 2287 3038 2342 sed
3066 2288 3118 2342 in
3146 2288 3428 2344 inﬁnitum.
3454 2291 3529 2346 Ne
3554 2293 3837 2348 oll'endaris

2250 2383 2428 2429 autem
2459 2375 2510 2429 in
2541 2375 2865 2432 dictionibus
2884 2419 2898 2441 ,
2927 2378 3020 2434 sed
3051 2381 3263 2450 suscipe
3296 2382 3697 2452 intelligentiam
3723 2403 3838 2456 qua:

2252 2465 2362 2521 Deo
2408 2471 2707 2524 conveniat.
2776 2469 2910 2526 Vide
2953 2484 3130 2527 autem
3179 2475 3453 2545 propheta:
3491 2476 3834 2545 sapientiam.

2250 2557 2519 2613 Psalmum
2572 2562 2829 2630 incipiens
2871 2577 2978 2616 non
3022 2563 3088 2618 ab
3133 2565 3214 2618 his
3249 2581 3403 2619 orsus
3432 2576 3514 2621 est
3545 2584 3557 2619 :
3588 2565 3672 2622 Ex
3701 2578 3837 2624 utero

2249 2649 2368 2703 ante
2391 2650 2658 2721 luciferum
2686 2654 2840 2723 genui
2867 2665 2913 2706 te
2940 2673 2958 2710 :
2983 2654 3076 2709 sed
3115 2670 3234 2710 cum
3266 2657 3412 2726 prius
3443 2658 3694 2726 praeclara
3723 2660 3838 2729 ejus

2249 2740 2390 2797 facta
2426 2744 2789 2812 ostendisset,
2830 2752 2885 2800 et
2912 2747 3085 2814 ipsum
3127 2763 3221 2817 per
3250 2763 3409 2818 opera
3451 2750 3791 2818 prtcdicasset
3818 2795 3835 2820 ,

2251 2844 2431 2904 postea
2455 2837 2670 2906 proprio
2692 2837 2807 2892 loco
2827 2839 2943 2907 ejus
2963 2839 3274 2910 dignitatem
3301 2842 3554 2896 ostendit.
3578 2841 3653 2896 lta
3677 2844 3834 2898 etiam

2247 2922 2460 2980 dicebat
2488 2927 2602 2996 ipse
2627 2945 2638 2980 :
2668 2927 2849 2982 Sinon
2871 2931 3004 3000 facio
3024 2947 3176 2999 opera
3200 2929 3374 2986 Patris
3401 2934 3519 3001 mei,
3542 2935 3695 2988 nolite
3715 2937 3838 2989 mihi

2247 3019 2468 3073 credere.
2501 3019 2598 3074 Sin
2623 3030 2791 3074 autem
2818 3022 2951 3091 facio
2969 3064 2984 3089 ,
3014 3032 3058 3076 et
3083 3024 3127 3076 si
3154 3024 3279 3076 ntihi
3303 3041 3402 3077 non
3432 3026 3676 3093 credatis,
3713 3045 3836 3097 ape-

2245 3110 2386 3163 ribus
2415 3111 2602 3164 credite
2626 3111 2805 3183 (Joan.
2833 3113 2918 3167 10.
2950 3114 3040 3183 57)
3074 3131 3088 3168 :
3113 3124 3170 3167 ut
3196 3129 3317 3168 cum
3345 3114 3594 3170 didiceris
3620 3119 3761 3186 quod
3791 3119 3836 3172 is

2245 3210 2332 3255 est
2357 3201 2446 3271 qui
2471 3201 2620 3256 sedet
2643 3203 2709 3256 ad
2739 3202 3011 3258 dexteram
3039 3204 3229 3270 Patris,
3262 3206 3350 3274 qui
3375 3205 3629 3260 Dominus
3651 3209 3835 3276 appel-

2247 3293 2389 3365 latur
2419 3303 2476 3348 ut
2504 3295 2663 3349 Pater
2690 3297 2778 3365 qui
2807 3311 2988 3350 secum
3020 3295 3179 3351 habet
3208 3297 3558 3366 principatum
3584 3339 3600 3364 ,
3632 3301 3723 3368 qui
3754 3311 3832 3353 ta-

2244 3384 2350 3440 lem
2392 3385 2557 3440 el‘ﬁcit
2595 3387 2958 3453 splendorem,
2988 3387 3076 3457 qui
3109 3388 3250 3442 inter
3293 3399 3479 3459 gentes
3504 3389 3831 3450 dominatum

2243 3476 2448 3531 obtinet
2468 3517 2483 3542 ,
2513 3492 2581 3532 ne
2608 3477 2942 3533 conturberis
2961 3519 2976 3545 ,
3008 3478 3050 3532 si
3081 3479 3313 3534 audieris
3341 3496 3461 3533 eum
3490 3495 3610 3536 esse
3639 3481 3830 3537 Filium

2242 3569 2403 3622 etiam
2431 3579 2555 3623 ante
2586 3571 2886 3623 universam
2913 3577 3232 3623 creaturam.
3275 3569 3400 3624 Jure
3437 3580 3617 3626 autem
3656 3572 3831 3626 admi-

2241 3657 2442 3712 randus
2483 3666 2566 3713 est
2613 3659 2869 3728 prOpheta
2897 3700 2912 3725 ,
2958 3659 3228 3729 quomodo
3265 3659 3357 3714 illa
3394 3661 3610 3731 quidem
3640 3678 3706 3716 ex
3739 3663 3830 3720 Dei

2241 3763 2466 3820 persona
2495 3790 2508 3814 ,
2560 3749 2675 3804 lucc
2701 3764 2828 3804 vero
2865 3764 2932 3805 ex
2979 3765 3076 3804 sua
3125 3765 3348 3820 persona
3395 3751 3652 3820 loquitur.
3700 3753 3832 3809 Illud

2241 3842 2402 3908 enim,
2434 3841 2566 3897 Sede
2589 3858 2620 3895 a
2639 3841 2829 3896 dextris
2848 3842 2967 3895 meis
2992 3858 3013 3895 :
3033 3849 3087 3896 et
3116 3840 3266 3908 illud,
3292 3841 3375 3895 Ea:
3400 3853 3540 3896 utero
3564 3853 3682 3897 ante
3703 3845 3831 3897 luci-

2240 3931 2403 4002 ferum
2421 3935 2570 4004 genui
2591 3942 2656 3997 te,
2680 3947 2798 4003 quae
2819 3932 2970 3986 illum
2992 3931 3314 4002 superabant
3333 3931 3630 3999 altitudine,
3655 3933 3829 4002 ipsum

2240 4023 2407 4078 Deum
2436 4024 2740 4081 introducit
2765 4024 3037 4082 dicentem
3078 4039 3091 4076 :
3123 4022 3225 4076 alia
3263 4030 3440 4077 autem
3485 4022 3599 4091 ipse
3638 4022 3828 4081 refert.

2240 4113 2375 4168 Vide
2402 4123 2580 4169 autem
2612 4123 2808 4184 quanta
2838 4121 3017 4168 utatur
3043 4113 3366 4183 proprietate
3389 4113 3657 4168 dictionis.
3685 4114 3831 4168 Satis

2236 4205 2424 4260 fuisset
2453 4206 2594 4260 enim
2624 4205 2804 4259 dicere
2827 4244 2842 4269 ,
2889 4202 3052 4258 Genui
3096 4214 3144 4258 te
3182 4221 3202 4258 :
3245 4205 3336 4259 sed
3370 4215 3589 4275 propter
3614 4219 3710 4260 eos
3736 4208 3830 4278 qui

2236 4295 2383 4350 humi
2425 4304 2687 4364 serpunt,
2731 4303 2787 4350 ut
2825 4310 3006 4349 veram
3038 4296 3343 4350 ostenderet
3383 4299 3825 4365 generationem,

2235 4389 2392 4458 hujus
2430 4403 2642 4461 quoque
2677 4387 2925 4442 dictionis
2969 4387 3230 4441 meminit.
3283 4385 3353 4441 Et
3380 4387 3516 4442 sicut
3543 4403 3665 4441 cum
3694 4387 3827 4443 dicit

2233 4489 2470 4544 manum,
2503 4495 2607 4534 non
2638 4479 2688 4534 id
2711 4479 2839 4533 dicit
2864 4486 2921 4532 ut
2949 4493 3162 4532 manum
3190 4492 3311 4532 esse
3338 4477 3695 4546 5tt5picemur,
3725 4477 3824 4532 sed

2233 4583 2292 4627 ttt
2321 4572 2677 4642 intelligamus
2706 4569 2922 4626 creandi
2959 4578 3276 4640 potestatem
3301 4609 3316 4636 ,
3365 4569 3436 4622 ita
3478 4570 3639 4626 etiam
3684 4570 3825 4625 uteri

2231 4665 2492 4731 meminit,
2522 4675 2576 4719 ut
2599 4679 2781 4718 veram
2806 4677 2926 4718 esse
2947 4663 3345 4732 generationem
3371 4659 3638 4715 ostendat.

2269 4757 2354 4813 ’8.
2407 4755 2609 4812 Deinde
2650 4753 2835 4808 volens
2886 4751 3218 4822 prophetiam
3262 4750 3315 4805 in
3358 4749 3579 4821 ﬁguram
3624 4749 3825 4820 judicis

2227 4858 2412 4920 aptare
2435 4888 2450 4915 ,
2492 4847 2558 4901 ad
2585 4861 2706 4901 eum
2735 4845 2898 4900 verba
2926 4843 3083 4909 facit,
3115 4842 3256 4912 quod
3284 4841 3496 4912 quidem
3527 4840 3824 4896 vehemen-

2231 4941 2420 4996 tissimi
2449 4941 2647 4995 amoris
2674 4947 2727 4992 et
2757 4936 2978 5007 insignis
2998 4934 3173 5006 gaudii
3199 4944 3313 4989 erat
3340 4943 3395 4988 et
3419 4935 3612 4988 animae
3641 4950 3765 5003 qua:
3791 4948 3824 4988 a

2225 5036 2407 5091 divino
2446 5033 2648 5102 Spiritu
2691 5030 3070 5099 occupabatur.
3108 5027 3163 5083 4.
3202 5026 3404 5080 Iuravit
3445 5025 3722 5092 Dominus,
3775 5037 3825 5081 et

2225 5144 2326 5182 non
2356 5124 2610 5197 ptenitebit
2635 5139 2769 5177 eum.
2803 5120 2882 5176 Tu
2908 5137 2960 5176 es
2996 5119 3228 5175 sacerdos
3253 5119 3304 5173 in
3329 5127 3598 5181 retentum,
3631 5133 3821 5172 secun-

2225 5220 2347 5273 dum
2367 5218 2594 5273 ordinem
2623 5213 2978 5268 Melchisedec.
3011 5210 3171 5266 Vides
3199 5209 3468 5280 quomodo
3491 5208 3556 5262 ad
3589 5207 3640 5262 id
3669 5206 3822 5278 quod

2223 5320 2307 5366 est
2331 5307 2585 5364 humilius
2615 5304 2837 5360 deduxit
2863 5303 3158 5358 orationem
3181 5341 3195 5366 ,
3224 5299 3382 5355 modo
3411 5298 3479 5354 de
3501 5298 3785 5353 divinitate
3802 5339 3821 5366 ,

2224 5402 2386 5459 m’odo
2421 5399 2490 5455 de
2519 5397 2848 5455 humanitate
2887 5394 3192 5449 disserens?
3237 5389 3380 5462 quod
3408 5391 3570 5444 etiam
3611 5390 3825 5444 faciunt

2220 5493 2580 5563 evangelista,
2613 5499 2671 5544 ut
2697 5489 2944 5558 utrinque
2973 5494 3320 5542 conservetur
3348 5483 3658 5553 dogmauim
3691 5497 3821 5552 per-

2221 5584 2401 5639 feCtio.
2425 5581 2494 5637 Et
2516 5595 2680 5653 quare
2700 5580 2853 5646 dixit,
2877 5577 3169 5634 Secundum
3189 5576 3419 5631 ordinem
3439 5574 3781 5628 Melchisedee
3795 5574 3825 5627 .'

2220 5677 2289 5733 Et
2317 5683 2532 5745 propter
2555 5685 2918 5735 sacramenta,
2959 5668 3102 5740 quod
3146 5667 3235 5723 ille
3275 5680 3489 5737 quoque
3530 5679 3730 5734 panem
3766 5673 3826 5719 et

2211 5771 2403 5845 vinum
2421 5766 2651 5827 Abrahae
2670 5765 2957 5832 obtulerit;
2987 5760 3210 5834 etquod
3233 5759 3334 5819 hoc
3361 5755 3724 5816 sacerdotium
3750 5754 3832 5814 sit
