4086 6268
496 289 596 340 277

493 418 610 471 νην,
643 403 736 456 καί
764 401 850 456 διὰ
882 402 942 454 τὸ
985 403 1363 476 ἀτελεύτητον,
1415 409 1666 482 καθάπερ
1709 412 1802 464 καὶ
1856 414 2064 481 Παῦλός

495 505 651 558 φησι,
682 489 775 542 καὶ
810 491 1060 562 ἄναρχον.
1089 493 1265 565 Ὅπερ
1311 496 1420 567 γὰρ
1446 499 1649 562 ἐκεῖνος
1678 495 1819 569 εἶχεν
1853 503 1909 553 ὲν
1947 506 2065 568 ταῖς

497 575 698 636 σκιαῖς,
730 573 888 627 τοῦτο
923 577 980 629 ὲν
1001 580 1065 647 τῇ
1095 577 1322 652 ἀληθείᾳ
1351 581 1572 649 γέγονεν
1602 585 1693 637 ἐπὶ
1713 583 1807 637 τοῦ
1851 586 2025 654 Ἰησοῦ
2049 605 2060 616 ·

493 661 590 722 καὶ
614 661 864 733 καθάπερ
890 664 957 718 τά
989 666 1226 737 ὀνόματα
1248 670 1598 742 προέτρεχεν,
1631 672 1706 736 ὡς
1744 673 1968 744 Ἰησοῦς,
1991 675 2065 737 ὡς

495 746 748 817 Χριστος,
782 748 922 804 οὕτω
969 753 1060 805 καὶ
1091 753 1270 808 τοῦτο.
1317 756 1453 810 Οὔτε
1481 757 1655 830 ἀρχὴν
1708 755 1799 814 οὖν
1843 760 2065 831 ἡμερῶν

496 835 743 904 φαίνεται
763 838 922 908 ἔχων,
953 839 1074 896 0615
1102 841 1248 917 ζωῆς
1268 845 1419 910 τέλος
1447 847 1476 898 ὁ
1506 847 1858 919 Μελχισεδὲκ,
1891 853 1952 904 06
1988 852 2065 922 τῷ

500 923 574 993 μή
597 925 758 995 ἔχειν,
795 927 929 982 ἀλλά
956 928 1034 999 τῷ
1061 929 1136 1002 μὴ
1163 932 1644 1006 γενεαλογηθῆναι.
1681 937 1742 990 '0
1766 937 1823 991 δὲ
1859 938 2062 1009 Ἰησοῦς

495 1011 613 1065 οὐδὲ
634 1014 806 1083 ἀρχὴν
836 1016 1056 1085 ἡμερῶν
1097 1017 1274 1088 ἔσχεν,
1299 1019 1424 1073 0615
1456 1019 1601 1093 ζωῆς
1630 1023 1798 1087 τέλος,
1835 1025 1896 1077 ού
1927 1027 2064 1079 κατὰ

495 1099 681 1152 τοῦτον
725 1102 817 1155 τὸν
846 1102 1062 1174 τρόπον,
1109 1105 1243 1159 ἀλλά
1276 1106 1352 1176 τῷ
1385 1109 1508 1161 καθ’
1537 1109 1658 1163 ὅλου
1700 1110 1772 1182 μὴ
1803 1108 1943 1167 εἶναι
1974 1114 2062 1166 ἐπ’

495 1185 660 1239 αὐτοῦ
693 1188 868 1260 ἀρχὴν
908 1191 1182 1270 χρονικὴν,
1219 1192 1350 1264 μηδὲ
1394 1195 1565 1257 τέλος.
1610 1197 1682 1249 Τὸ
1731 1199 1826 1268 μὲν
1853 1199 1958 1270 γὰρ
1996 1195 2066 1270 ἦν

497 1271 646 1337 σκιὰ,
672 1273 732 1326 10
759 1274 815 1328 δὲ
839 1275 1079 1347 ἀλήθεια.
1109 1268 1316 1347 Ὠσπερ
1335 1276 1448 1343 οὖν,
1481 1284 1728 1349 Ἰησοῦς,
1750 1268 1980 1349 ἀκούων,
2003 1268 2064 1340 06

495 1358 587 1411 τὸν
625 1358 838 1429 ἀληθῶς
889 1361 1093 1433 Ἰησοῦν
1137 1365 1486 1430 ὑποπτεύεις,
1517 1368 1656 1422 άλλά
1679 1369 1772 1423 τοῦ
1802 1370 2065 1442 ὀνόματος

496 1445 585 1499 τὸν
604 1447 770 1500 τύπον
791 1449 920 1522 δέχῃ
940 1451 1118 1520 μόνον,
1132 1454 1225 1507 καὶ
1248 1455 1396 1508 οὐδὲν
1422 1455 1580 1510 πλέον
1605 1458 1880 1529 ἐπιζητεῖς
1894 1477 1907 1490 ·
1926 1460 2066 1515 οῦτω

498 1533 590 1586 καὶ
614 1534 825 1588 ἀκούων
852 1536 942 1589 τὸν
966 1538 1297 1608 Μελχισεδὲκ
1318 1541 1548 1614 ἄναρχον
1569 1545 1663 1598 καὶ
1691 1546 2062 1617 ἀτελεύτητον,

498 1619 572 1690 μὴ
597 1621 654 1674 ὲν
691 1622 758 1692 τῇ
785 1621 892 1675 τῶν
925 1626 1265 1696 πραγμάτων
1292 1629 1520 1701 ἀληθείᾳ
1549 1631 1711 1684 αὐτὸν
1750 1631 1918 1703 ζήτει,
1951 1635 2065 1687 ἀλλ’

494 1705 666 1777 ὰρκοῦ
695 1710 759 1778 τῇ
781 1714 1124 1783 προσηγορίᾳ
1157 1713 1315 1786 μόνῃ,
1351 1715 1448 1785 τὴν
1476 1715 1533 1768 δὲ
1562 1717 1818 1788 ἀλήθειαν
1857 1721 1948 1773 ἐπὶ
1969 1721 2061 1774 τοῦ

494 1795 730 1867 Χριστοῦ
781 1800 1179 1869 καταμάνθανε.
1210 1803 1415 1875 ’Όρκον
1446 1804 1502 1857 δὲ
1530 1806 1659 1860 ὅταν
1689 1808 1946 1880 ἀκούσῃς,
1989 1811 2063 1882 μὴ
2109 1833 2116 1841 ·

494 1883 655 1962 ὅρκον
688 1885 892 1956 νόμιζε.
917 1889 1125 1962 Ὥσπερ
1148 1891 1256 1962 γάρ
1288 1891 1479 1962 θυμὸς,
1509 1894 1568 1947 ού
1591 1893 1758 1963 θυμὸς
1783 1897 1874 1949 ἐπὶ
1903 1898 2060 1958 Θεοῦ,

494 1972 629 2026 ἀλλά
653 1975 713 2028 τὸ
731 1977 1112 2048 τιμωρητικὸν,
1146 1981 1238 2032 καὶ
1258 1981 1318 2033 ού
1343 1982 1512 2046 πάθος
1537 1985 1685 2038 ἐστίν
1709 2004 1719 2015 ·
1748 1984 1919 2049 οὕτως
1939 1987 2062 2040 οὐδὲ

494 2060 675 2130 ὅρκος.
703 2063 776 2115 06
798 2063 905 2134 γὰρ
928 2065 1121 2136 ὄμνυσι
1149 2066 1300 2130 Θεὸς,
1334 2069 1469 2122 ἀλλά
1493 2071 1553 2124 τὸ
1574 2071 1789 2136 πάντως
1809 2073 2062 2146 ἐσόμενον

493 2147 664 2215 λέγει.
695 2149 880 2204 Εἰπὼν
918 2153 1091 2206 τοίνυν
1118 2151 1219 2224 τὴν
1245 2155 1604 2228 λαμπρότητα
1632 2157 1739 2211 τῶν
1767 2158 1956 2228 ἁγίων,
2001 2161 2062 2214 τὸ

491 2233 718 2307 τεθῆναι
734 2239 861 2301 τοὺς
885 2239 1112 2310 ἐχθροὺς
1144 2242 1248 2295 ὑπὸ
1264 2244 1388 2306 τοὺς
1415 2244 1578 2308 πόδας
1598 2245 1781 2310 αὑτοῦ,
1801 2246 1899 2318 τὴν
1927 2247 2062 2318 ὴμέ-

496 2342 598 2396 ραν
619 2326 717 2395 τῆς
745 2327 1045 2399 δυνάμεως,
1067 2330 1214 2399 λέγει
1245 2331 1337 2385 καὶ
1366 2331 1435 2385 τὰ
1463 2334 1704 2403 παρόντα
1733 2334 2062 2391 λοιπόν.Κα“ι

493 2412 596 2483 ὅρα
627 2414 744 2466 οταν
771 2418 1001 2468 ποιεῖ-ται
1027 2416 1178 2481 τάξιν
1201 2417 1276 2488 τῷ
1297 2417 1458 2491 λόγῳ,
1493 2421 1581 2474 τὸν
1602 2422 1834 2494 σκληρὸν
1857 2424 2061 2495 ἀκροα-

492 2501 593 2570 τήν
631 2502 1084 2572 καταμαλάσσων.
1115 2506 1381 2578 Πρότερον
1410 2509 1515 2578 γάρ
1543 2510 1787 2581 φοϐήσας
1813 2511 1888 2582 τῷ
1921 2511 2062 2584 λόγῳ

493 2588 592 2658 τῆς
615 2587 867 2659 κρίσεως,
899 2593 990 2644 καὶ
1013 2591 1074 2644 10
1095 2591 1404 2647 δυσένδοτον
1431 2594 1596 2648 αὐτοῦ
1634 2596 1900 2666 μαλάξας,
1919 2597 2062 2652 οὕτω

489 2669 584 2724 καὶ
602 2669 694 2722 τὸν
711 2671 959 2740 περὶτῶν
978 2673 1479 2744 παρόντωνείσάγει
1497 2677 1671 2750 λόγον.
1694 2680 1791 2734 Διά
1808 2681 1962 2734 τοῦτο
1975 2684 2067 2736 καὶ

486 2760 742 2832 τοιαύτην
774 2764 1006 2817 ποιεῖται
1032 2764 1130 2836 τὴν
1167 2767 1332 2837 μίξιν.
1358 2769 1557 2822 Σκόπει
1587 2769 1674 2823 δέ’
1701 2770 1856 2836 Ἕως
1880 2772 1960 2827 ἂν
1985 2773 2067 2828 θῶ

487 2851 630 2916 τοὺς
643 2851 895 2920 ἐχθρούς
910 2869 1026 2907 σου
1049 2855 1378 2908 ὑποπόδιον
1393 2855 1511 2909 τῶν
1523 2854 1723 2909 ,ποδῶν
1737 2872 1874 2914 σου.
1896 2859 2067 2912 Τοῦτο

490 2935 600 2990 τῶν
621 2937 918 3007 μελλόντων
932 2956 944 2969 ·
963 2934 1080 2991 εἶτα
1097 2939 1164 2992 τὰ
1185 2940 1426 3009 παρόντα
1442 2957 1453 2970 ·
1483 2941 1733 2995 Ῥὰϐδον
1756 2942 2064 3013 δυνάμεώς

493 3041 612 3079 σου
629 3025 1022 3091 ἐξαποστελεῖ
1040 3028 1255 3094 Κύριος
1273 3027 1340 3081 ἐκ
1360 3031 1404 3080 Σ
1407 3027 1508 3080 ιών
1522 3046 1538 3060 ·
1557 3030 1653 3082 καὶ
1677 3033 2063 3099 κατακυρίευε

492 3112 565 3165 ἐν
584 3111 753 3180 μέσῳ
786 3113 906 3167 τῶν
926 3113 1158 3183 ἐχθρῶν
1185 3128 1302 3167 σου
1323 3129 1338 3145 ο
1371 3110 1492 3167 εἶτα
1511 3115 1578 3168 τὰ
1603 3115 1884 3184 μέλλοντα·
1903 3121 2064 3174 Μετὰ

493 3198 611 3253 σοῦ
637 3199 675 3268 ἡ
697 3200 872 3270 ἁρχὴ,
905 3200 976 3254 ἐν
1009 3201 1195 3270 ἡμέρᾳ
1216 3199 1325 3268 τῆς
1348 3199 1653 3270 δυνάμεως
1675 3217 1791 3257 σου
1826 3205 1896 3257 ἐν
1937 3205 2064 3272 ταῖς

493 3288 870 3356 λαμπρότησι
901 3286 1019 3340 τῶν
1050 3288 1248 3357 ἁγίων.
1307 3283 1442 3342 Εἶτα
1475 3288 1636 3343 πάλιν
1665 3289 1734 3344 τὰ
1786 3288 2028 3363 παρόντα
2047 3334 2060 3356 ,

498 3374 680 3427 οὐκέτι
702 3374 966 3445 τιμωρίαν
990 3374 1197 3444 ἔχοντα,
1223 3373 1340 3428 ἀλλ’
1368 3376 1687 3446 εὐεργεσίαν
1711 3393 1725 3408 ⁶
1761 3379 1844 3433 Σὺ
1874 3381 2063 3448 ἱερεὺς

495 3464 582 3527 εἰς
613 3462 720 3514 τὸν
741 3460 925 3515 αἰῶνα
950 3460 1097 3514 κατὰ
1127 3462 1240 3530 τὴν
1267 3461 1443 3527 τάξιν
1470 3465 1859 3532 Μελχισεδέκ.
1893 3453 2064 3523 Τοῦτο

495 3547 605 3620 γὰρ
633 3547 900 3620 ἁμαρτίας
922 3549 1227 3618 ἀναίρεσις,
1263 3551 1356 3603 καὶ
1389 3550 1700 3621 καταλλαγὴ
1745 3557 1880 3626 πρὸς
1907 3555 2060 3611 Θεόν.

493 3631 629 3690 Εἶτα
683 3634 965 3705 ἐπιμείνας
1013 3636 1193 3699 αὐτοῖς
1249 3637 1372 3690 ὅσον
1428 3637 1710 3706 ἠϐούλετο,
1769 3641 1929 3697 πάλιν
1965 3645 2063 3714 τῆς

493 3723 805 3794 οἰκονομίας
828 3723 1080 3784 ἅπτεται,
1126 3726 1218 3778 ἐπὶ
1255 3727 1314 3778 τὸ
1344 3727 1722 3798 ταπεινότερον
1771 3730 1860 3783 τὸν
1908 3729 2064 3800 λόγον

497 3812 1004 3886 μετασχηματίζων,
1027 3815 1119 3866 καὶ
1140 3813 1314 3881 λέγων
1333 3831 1345 3843 ⁸
1374 3816 1586 3884 Κύριος
1603 3817 1671 3870 ἐκ
1694 3817 1905 3882 δεξιῶν
1922 3836 2061 3875 σου.

494 3902 685 3955 Καίτοι
718 3900 828 3954 ἄνω
854 3901 1054 3969 ἔλεγεν,
1103 3904 1183 3956 ὅτι
1223 3902 1389 3965 αὐτὸς
1437 3903 1670 3973 κάθηται
1697 3906 1755 3957 ὲν
1788 3902 1936 3977 δεξιᾷ
1968 3907 2061 3960 τοῦ

495 3990 723 4062 Πατρός.
764 3989 924 4061 Ὁρᾷς
952 3989 1068 4053 πῶς
1092 3990 1189 4060 οὐχ
1217 3988 1368 4064 [265]
1389 3990 1573 4056 ἁπλῶς
1606 3993 1711 4063 χρὴ
1743 3994 1862 4058 ταῖς
1887 3993 2062 4059 λέξεσι

493 4076 950 4149 παρακαθῆσθαις
996 4076 1059 4130 Τί
1097 4078 1237 4140 ἐστι,
1272 4079 1484 4148 Κύριος
1526 4080 1595 4133 ἑκ
1647 4079 1863 4146 δεξιῶν
1905 4098 2060 4145 σου;

506 4165 721 4235 ’.Επειδὴ
754 4165 853 4235 τῆς
899 4164 1206 4235 οἰκονομίας
1249 4165 1442 4235 ἥψατο,
1477 4167 1569 4221 ἐπὶ
1622 4168 1716 4238 τὴν
1747 4169 1923 4238 σάρκα
1972 4171 2064 4224 τὸν

493 4252 648 4319 λόγον
678 4251 863 4322 τρέπει
891 4251 988 4322 τὴν
1032 4250 1281 4322 βοήθειαν
1317 4252 1640 4323 δεχομένην.
1688 4256 1911 4327 Ὀρᾶται
1956 4255 2064 4328 γάρ

495 4337 762 4405 ἀγωνιῶν,
805 4340 900 4391 καὶ
935 4338 1114 4408 ἰδρῶν,
1147 4339 1239 4393 καὶ
1265 4337 1436 4402 οὕτως
1465 4339 1644 4411 ἰδρῶν,
1673 4340 1746 4403 ὡς
1779 4343 1870 4394 καὶ
1905 4342 2065 4414 θρόμ-

497 4423 623 4486 ϐους
647 4427 956 4494 καταρρεῖν,
989 4427 1080 4479 καὶ
1109 4425 1503 4496 ἐνισχυόμενος.
1553 4426 1786 4497 Τοιαύτη
1821 4428 1928 4499 γὰρ
1965 4431 2064 4500 τῆς

499 4510 696 4579 σαρκὸς
722 4511 755 4580 ὴ
782 4509 961 4579 φύσις.
993 4514 1327 4565 Συνθλάσει
1352 4512 1422 4566 ἐν
1448 4512 1638 4583 ἡμέρᾳ
1671 4513 1852 4583 ὀργῆς
1877 4516 2062 4571 αὑτοῦ

495 4596 793 4662 βασιλεῖς.
829 4597 941 4650 Ούκ
970 4598 1033 4651 ἄν
1057 4615 1138 4660 τις
1183 4600 1419 4669 ἁμάρτοι
1459 4599 1620 4654 τοῦτο
1673 4603 1767 4654 καὶ
1803 4603 1931 4673 περὶ
1955 4603 2062 4656 τῶν

495 4684 777 4755 παρόντων
799 4684 970 4752 λέγων
1000 4684 1107 4739 τῶν
1151 4687 1592 4758 ἐπανισταμένων
1631 4692 1696 4760 τῇ
1744 4689 2059 4762 Ἐκκλησία,

495 4773 589 4826 καὶ⁵
634 4772 761 4842 περὶ
797 4771 904 4825 τῶν
940 4771 1238 4841 μελλόντων
1277 4773 1469 4834 δώσειν
1514 4774 1765 4842 εὐθύνας,
1806 4777 1946 4851 ὑπὲρ
1988 4771 2063 4831 ὧν

493 4865 740 4933 ἥμαρτον
791 4862 884 4913 καὶ
929 4859 1224 4930 ἠσέϐησαν.
1273 4861 1479 4929 Κρινεῖ
1523 4862 1592 4916 ἐν
1637 4863 1762 4930 τοῖς
1816 4865 2018 4920 ἔθνεσι
2045 4907 2060 4931 ,

493 4949 796 5020 πληρώσει
850 4945 1148 5017 πτώματα.
1211 4948 1277 5001 Τί
1329 4950 1444 5002 ἐστι
1472 4991 1486 5015 ,
1563 4949 1774 5018 Κρινεῖ
1821 4953 1892 5005 ἐν
1941 4953 2064 5022 τοῖς

491 5039 731 5101 ἕθνεσι;
759 5035 1000 5098 Δικάσει,
1043 5035 1196 5104 φησὶ,
1232 5038 1547 5106 κατακρινεῖ
1569 5049 1594 5076 ι
1625 5038 1749 5100 τοὺς
1781 5037 2058 5108 δαίμονας.

493 5127 601 5187 Καὶ
627 5127 708 5178 ὅτι
736 5125 970 5194 ἔκρινεν,
990 5122 1221 5177 ἄκουσον
1247 5120 1341 5174 τοῦ
1369 5121 1603 5193 Χριστοῦ
1635 5121 1912 5190 λέγοντος·
1934 5126 2064 5181 Νῦν

492 5214 687 5281 κρίσις
717 5211 847 5266 ἐστί
872 5210 976 5264 τοῦ
999 5210 1227 5278 κόσμου
1249 5210 1461 5261 τούτου
1486 5225 1498 5237 ⁸
1530 5208 1646 5261 νῦν
1668 5213 1700 5262 ό
1723 5210 1922 5279 ἄρχων
1957 5214 2061 5266 τοῦ

493 5302 721 5370 κόσμου
751 5298 1188 5368 ἐκϐληθήσεται
1230 5297 1365 5362 ἔξω.
1421 5297 1531 5351 Καὶ
1575 5296 1811 5368 ἀλλαχοῦ
1835 5317 1848 5329 ·
1890 5300 2063 5370 Κάγὼ

493 5389 596 5444 ἐὰν
623 5388 859 5457 ὑψωθῶ,
886 5385 1116 5451 πάντας
1140 5386 1380 5440 ἑλκύσω
1409 5385 1558 5453 πρὸς·
1599 5386 1878 5455 ἐμαυτόν.
1905 5389 1965 5441 Εἰ
2003 5389 2060 5441 δὲ

494 5475 927 5547 αἰσθητικωτέρίι
951 5479 1014 5546 τῇ
1037 5474 1180 5541 λέξει
1211 5475 1496 5546 κέχρηται,
1536 5475 1611 5545 μὴ
1654 5475 2053 5550 προσπταίσῃς.

501 5561 658 5625 Ἐθος
675 5563 780 5632 γὰρ
798 5566 862 5633 τῇ
886 5563 1074 5634 Γραφῇ
1099 5561 1276 5616 10610.
1304 5563 1640 5617 Συνθλάσει
1665 5564 1932 5632 κεφαλὰς
1960 5565 2058 5619 ἐπὶ

558 5736 580 5762 ⁸
612 5734 691 5783 Sic
717 5747 828 5781 mss.
851 5734 1046 5783 melius.
1074 5735 1198 5784 Edil.
1230 5735 1401 5786 Morel.
1426 5741 1478 5786 el
1499 5734 1648 5787 Satil.
1677 5737 1840 5800 κρινεῖ.

1201 289 1255 342 S.
1287 288 1573 346 TJOANMS
1612 293 2088 352 CHRYSOSTOMI
2128 297 2445 355 AHCHIEP.
2488 301 3030 360 CONSTANTl-NOP.

3633 313 3739 368 278

2171 420 2282 488 γῆς
2314 420 2575 474 πολλῶν.
2611 420 2672 472 Εἰ
2714 420 2812 486 μὲν
2847 421 2988 474 κατά
3019 421 3307 493 ἀναγωγὴν
3343 421 3550 492 βούλοιο
3585 428 3738 485 τοῦτο

2169 505 2436 575 δέχεσθαι,
2469 507 2564 576 τὴν
2593 506 2848 560 ἀπόνοιαν
2873 509 3014 571 εἴποι
3037 526 3120 574 τις
3142 509 3206 564 ἂν
3229 510 3310 562 ὄτι
3333 510 3577 564 καθελεῖ·
3608 517 3655 568 εἰ
3685 517 3740 569 δὲ

2171 593 2266 646 καὶ
2316 592 2609 664 αἰσθητῶς,
2656 593 2752 664 τὴν
2795 593 3079 666 συμφορὰν
3122 597 3221 666 τὴν
3265 596 3562 670 Ίουδαῐκὴν
3589 638 3606 664 ,
3648 600 3741 664 οὓς

2171 680 2450 735 ἀπώλεσεν
2470 681 2639 752 ἄρδην
2671 681 2808 752 μετά
2841 682 3040 754 πολλῆς
3081 686 3178 756 τῆς
3209 685 3593 756 σφοδρότητος.

2255 769 2352 821 Ἐκ
2377 767 2784 836 χειμάρρουέν
2812 769 2929 836 ὁδῷ
2949 770 3162 825 πίεται.
3209 772 3470 826 Ἐνταῦθα
3500 774 3740 832 δείκνυσι

2169 857 2231 910 10
2247 857 2499 910 ταπεινὸν
2526 858 2626 928 τῆς
2649 858 2876 930 διαίτης,
2904 859 2963 912 τὸ
2980 843 3312 931 εὐτελὲςτῆς
3339 861 3633 935 διαγωγῆς,
3655 865 3737 918 ὅτι

2169 945 2234 1016 δὴ
2262 947 2322 998 06
2354 945 2546 1010 σοϐῶν,
2574 947 2694 1000 ούδὲ
2720 946 3048 1019 δορυφόρους
3089 947 3248 1019 ἔχων,
3283 950 3404 1004 οὐδὲ
3431 953 3736 1021 φαντασίαν

2169 1032 2292 1085 τινὰ
2321 1034 2698 1104 περικείμενος
2753 1034 3014 1107 αἰσθητὴν
3042 1035 3211 1090 ταῦτα
3249 1037 3539 1107 ἔπραττεν,
3595 1039 3732 1095 ἀλλά

2170 1119 2312 1173 λιτὸν
2350 1120 2460 1190 βίον
2499 1120 2730 1191 μετιὼν,
2774 1122 2868 1174 καὶ
2911 1123 3171 1188 τοιοῦτον,
3215 1123 3290 1187 ὡς
3333 1127 3396 1178 ὲκ
3433 1126 3734 1198 χειμάρρου

2171 1205 2365 1259 πίνειν.
2387 1206 2485 1258 Οἴα
2518 1206 2624 1277 γὰρ
2649 1202 2716 1276 ἦν
2745 1206 2892 1278 αύτῷ
2923 1209 2954 1278 ἡ
2986 1207 3252 1280 τράπεζα,
3288 1211 3527 1266 τοιοῦτον
3558 1213 3652 1265 καί
3675 1212 3736 1266 10

2170 1292 2352 1346 ποτόν.
2383 1293 2446 1362 Ἠ
2468 1293 2713 1362 τράπεζα
2743 1293 2894 1366 ἄρτοι
2919 1294 3174 1364 κρίθινοι,
3198 1295 3260 1348 10
3285 1297 3444 1350 ποτὸν
3469 1297 3612 1366 ὕδωρ
3628 1298 3735 1352 ἀπὸ

2168 1377 2262 1431 τοῦ
2307 1379 2627 1451 χειμάρρου.
2661 1379 2772 1450 Τὴν
2811 1379 2922 1451 γὰρ
2956 1381 3247 1451 φιλόσοφον
3281 1383 3486 1456 ταύτην
3522 1385 3734 1440 δίαιταν

2168 1457 2300 1532 ἦλθε
2329 1464 2572 1532 διδάξων,
2613 1465 2849 1538 γαστρὸς
2877 1470 3122 1536 κρατεῖν,
3178 1471 3483 1538 φαντασίαν
3519 1477 3732 1536 πατεῖν,

2170 1550 2334 1619 τῦφον
2379 1551 2832 1621 ἀποστρέφεσθαι.
2889 1547 3023 1607 Εἶτα
3075 1555 3289 1620 δεικνὺς
3339 1558 3437 1628 τῆς
3487 1556 3631 1629 ζωῆς
3674 1560 3734 1613 τὸ

2169 1639 2379 1710 κέρδος,
2403 1640 2558 1694 τοῦτο
2575 1640 2818 1709 ἐπήγαγε
2841 1656 2852 1669 ·
2873 1639 2975 1694 Διὰ
2990 1641 3165 1698 τοῦτο
3182 1643 3410 1711 ὑψώσει
3439 1647 3727 1714 κεφαλήν.

2171 1727 2282 1796 Τῆς
2306 1728 2409 1798 γὰρ
2429 1725 2923 1798 ταπεινοφροσύνης
2941 1730 3031 1781 καὶ
3060 1729 3153 1784 106
3181 1730 3418 1802 σκληροῦ
3443 1732 3558 1802 βίου
3583 1728 3733 1797 0610;

2168 1815 2196 1868 ὁ
2225 1814 2459 1884 καρπός.

2240 1979 2306 2034 θ’.
2325 1979 2511 2036 Ταῦτα
2527 1981 2581 2036 δὲ
2603 1982 2661 2036 06
2680 1983 2807 2056 περὶ
2827 1985 2922 2054 τῆς
2937 1983 3186 2052 θεότητος
3203 1985 3434 2056 εἴρηται,
3451 1985 3586 2040 ἀλλά
3608 1988 3737 2058 περὶ

2168 2067 2268 2138 τῆς
2299 2069 2499 2140 σαρκὸς
2530 2070 2628 2140 τῆς
2657 2070 2916 2140 πινούσης
2949 2072 3012 2126 ὲκ
3040 2072 3474 2144 χειμάρρου,τῆς
3504 2073 3737 2144 ύψωθεί-

2170 2171 2288 2224 anc.
2315 2155 2388 2207 O6
2427 2143 2586 2226 μόνον
2615 2156 2723 2226 γὰρ
2751 2158 2900 2211 οὐδὲν
2938 2158 3106 2229 αὐτὴν
3151 2143 3500 2228 παρέϐλαψεν
3525 2143 3666 2230 αὕτη
3699 2160 3736 2230 ή

2167 2240 2432 2306 εὐτέλεια,
2463 2242 2598 2297 ἀλλά
2623 2243 2718 2296 καὶ
2750 2243 2884 2315 πρὸς
2907 2243 3040 2314 ὕψος
3073 2246 3346 2315 ἀνήγαγεν
3374 2244 3599 2314 ἄφατον.
3625 2247 3737 2300 K01

2169 2329 2233 2382 σὺ
2261 2327 2460 2394 τοίνυν,
2489 2322 2533 2382 ὢ
2555 2330 2827 2399 ἀγαπητὲ,
2848 2329 2986 2402 ἔχων
3015 2331 3080 2384 τὰ
3111 2331 3608 2401 ύποδείγματα,τὸν
3637 2333 3737 2403 μὲν

2168 2413 2565 2485 φλεγμαίνοντα
2606 2417 2700 2470 καὶ
2727 2417 3028 2486 φαντασίας
3055 2417 3296 2487 γέμοντα
3322 2417 3434 2489 βίον
3464 2418 3697 2490 ἀτίμαζε
3717 2437 3733 2451 ·

2166 2501 2256 2554 τὸν
2283 2501 2339 2554 δὲ
2379 2502 2566 2574 εὐτελῆ
2595 2505 2689 2556 καὶ
2715 2503 3128 2574 ἐσχεδιασμένον
3154 2504 3315 2558 δίωκε
3338 2543 3354 2569 ,
3381 2505 3435 2557 εἴ
3456 2521 3521 2573 γε
3557 2505 3735 2574 βούλει

2167 2590 2417 2661 λαμπρός
2444 2608 2528 2655 τις
2555 2587 2694 2645 εἶναι
2736 2593 2829 2645 καὶ
2857 2592 3051 2662 μέγας.
3093 2593 3205 2647 Καὶ
3238 2593 3346 2664 γὰρ
3386 2595 3416 2646 0
3459 2593 3737 2664 Δεσπότης

2168 2693 2264 2730 σου
2296 2677 2380 2732 διὰ
2416 2677 2574 2732 τοῦτο
2603 2673 2786 2750 ἦλθεν,
2825 2679 2911 2734 ἵνα
2939 2678 3142 2750 ταύτην
3177 2697 3235 2732 σε
3263 2680 3447 2752 διδάξῃ
3475 2682 3573 2750 τὴν
3592 2680 3732 2736 ὀδόν.

2167 2765 2268 2828 Διά
2294 2783 2376 2820 τοι
2404 2766 2561 2820 τοῦτο
2609 2768 2704 2820 καὶ
2731 2769 2759 2820 0
2794 2768 3078 2838 προφήτης
3120 2766 3291 2820 εἰπὼν
3343 2767 3412 2820 τά
3451 2767 3736 2842 110109005-

2172 2869 2334 2922 ματα.
2369 2853 2614 2923 ἐπήγαγε
2641 2852 2799 2907 10610
2823 2852 2971 2917 0610,
3010 2853 3289 2924 μονονουχὶ
3318 2854 3511 2922 λέγων·
3546 2852 3738 2907 ’Δκού-

2170 2956 2267 3001 σας
2295 2937 2449 3009 νίκην
2471 2939 2562 2992 καὶ
2589 2939 2846 3011 τρόπαια,
2886 2941 2958 3012 μὴ
2987 2938 3171 3004 ἔλπιζε
3196 2939 3333 2994 ὅπλα
3357 2942 3450 2994 καί⁵
3472 2940 3741 3012 στρατιώ-

2168 3042 2287 3087 τας,
2323 3026 2416 3076 καί
2446 3024 2686 3095 ἅρματα,
2723 3027 2815 3079 καὶ
2847 3027 3066 3093 ἵππους,
3087 3029 3180 3081 καὶ
3213 3028 3432 3091 ἱππέας,
3469 3027 3562 3081 καὶ
3585 3029 3740 3081 ὁπλί-

2167 3129 2288 3176 τας,
2325 3114 2416 3166 καὶ
2463 3112 2763 3184 θορύϐους,
2822 3115 2917 3167 καὶ
2948 3115 3194 3186 ταραχὰς
3234 3115 3381 3169 ἰδεῖν.
3436 3114 3594 3168 Οὕτω
3638 3132 3733 3167 τα-

2169 3200 2348 3261 πεινός
2367 3201 2512 3275 ἐστιν
2536 3201 2564 3252 0
2586 3199 2758 3253 ταῦτα
2785 3201 3084 3272 κατορθῶν,
3113 3201 3256 3255 οὕτω
3289 3201 3734 3272 συνεσταλμένος,

2169 3287 2244 3350 ὡς
2291 3288 2352 3339 ὲκ
2388 3287 2690 3360 χειμάρρου
2743 3287 2918 3341 πίνειν
2957 3288 3128 3361 ὕδωρ·
3179 3288 3292 3343 ἀλλ’
3324 3289 3476 3359 ὅμως
3515 3283 3671 3352 0610;
3706 3290 3737 3341 0

2168 3373 2404 3438 τοιοῦτος
2430 3376 2602 3428 ταῦτα
2644 3376 2857 3430 ᾶπαντα
2897 3375 3105 3434 ἀνύσει.
3153 3375 3523 3431 Ἀκουέτωσαν
3551 3377 3600 3430 οἰ
3637 3375 3738 3441 τὰς

2169 3461 2528 3533 Συϐαριτικὰς
2568 3461 2780 3531 ἔχοντες
2807 3463 2836 3502 ι)
2862 3464 3157 3535 τραπέζας,
3194 3465 3286 3518 καὶ
3327 3463 3399 3516 τὰ
3443 3464 3734 3535 ἐδέσματα,

2169 3549 2264 3601 καὶ
2320 3550 2424 3601 πᾶν
2474 3543 2612 3612 εἶδος
2650 3549 2948 3620 καρυκείας
2974 3549 3348 3613 ἐπινοοῦντες,
3388 3551 3484 3604 καὶ
3517 3551 3739 3604 ποικίλα

2173 3633 2450 3704 μαγείρων
2474 3634 2605 3704 γένη
2638 3637 2974 3707 πανταχόθεν
3017 3637 3382 3705 συλλέγοντες,
3416 3638 3509 3692 καὶ
3537 3638 3739 3701 ναύτας

2171 3721 2326 3794 [264]
2358 3721 2456 3774 καὶ
2478 3721 2813 3794 κυϐερνήτας
2841 3723 2936 3776 καὶ
2961 3741 3042 3777 κω
3055 3723 3295 3795 πηλάτας
3325 3723 3736 3792 καταλέγοντες,

2171 3813 2255 3865 ἵνα
2285 3811 2405 3876 ξένα
2434 3811 2554 3864 τινὰ
2571 3812 2700 3883 γένη
2723 3813 2817 3866 καὶ
2833 3814 2974 3867 οἴνου
2997 3814 3091 3868 καὶ
3118 3814 3302 3886 μύρων
3328 3813 3424 3866 καὶ
3453 3813 3555 3884 τῆς
3573 3815 3739 3885 ἄλλης

2171 3899 2427 3969 βλακείας
2459 3899 2746 3970 κομίσωσι,
2775 3901 2867 3952 καὶ
2894 3901 3029 3972 πρὸς
3049 3900 3180 3954 0610
3214 3900 3439 3964 ἑαυτοὺς
3463 3917 3738 3954 καταπον-

2169 3987 2358 4040 τίσωσι
2394 3985 2456 4039 10
2499 3985 2790 4057 βάραθρον,
2813 3986 2906 4040 καὶ
2945 3988 3162 4042 πάντων
3193 3987 3455 4054 γένωνται
3483 3987 3738 4041 ταπεινό-

2168 4090 2335 4146 τεροι.
2388 4070 2527 4126 0615
2565 4073 2673 4143 γὰρ
2709 4072 2912 4144 ὑψηλόν
2949 4073 3105 4128 εἴωθε
3155 4076 3327 4127 ποιεῖν
3372 4073 3433 4126 τὸ
3479 4073 3740 4128 πλειόνων

2169 4162 2396 4226 δεῖσθαι,
2431 4160 2555 4215 0615
2578 4162 2832 4216 ταπεινὸν
2852 4162 2914 4216 τὸ
2945 4162 3139 4230 ὀλίγων
3172 4157 3310 4217 εῖναι
3337 4163 3395 4217 ἐν
3420 4162 3599 4234 χρείᾳ.
3629 4161 3742 4215 Καὶ

2168 4253 2217 4306 εἰ
2246 4249 2519 4320 βούλεσθε,
2551 4250 2825 4320 ἑκατέρων
2862 4251 2960 4320 τὴν
2980 4251 3164 4305 εἰκόνα
3188 4250 3612 4320 ἀναπλάσωμεν,
3644 4251 3743 4303 καὶ

2170 4338 2310 4391 ἔστω
2330 4355 2409 4401 τις
2427 4336 2652 4400 πολλοὺς
2667 4336 2803 4407 ἔχων
2821 4339 2946 4400 τοὺς
2978 4337 3313 4407 πανταχόθεν
3340 4336 3737 4408 χορηγοῦντας,

2170 4426 2263 4490 καὶ
2314 4424 2514 4487 ναύτας
2561 4423 2657 4476 καὶ
2705 4423 3062 4496 κυϐερνήτας,
3115 4426 3208 4478 καὶ
3259 4424 3604 4497 χειροτέχνας
3643 4424 3737 4477 καὶ

2169 4511 2404 4578 οἰκέτας,
2431 4510 2524 4564 καὶ
2566 4510 2812 4580 ὑφάντας
2851 4511 2944 4564 καὶ
2976 4510 3279 4575 ποικιλτάς,
3324 4511 3418 4565 καί⁵
3450 4511 3741 4580 βουκόλους

2171 4598 2265 4652 καὶ
2288 4598 2569 4671 ποιμένα-ς,
2603 4596 2696 4650 καὶ
2728 4597 3065 4668 ἱπποκόμους
3086 4597 3184 4650 καὶ
3222 4597 3618 4668 ἰπποφορϐοὺς,
3643 4599 3740 4650 καὶ

2172 4685 2370 4757 πολλὴν
2407 4687 2464 4738 ἐν
2495 4685 2697 4740 ἅπασιν
2742 4685 2913 4755 ὲχέτω
2955 4684 3052 4756 τὴν
3092 4683 3420 4755 θεραπείαν·
3450 4685 3637 4754 ἕτερος
3684 4685 3740 4737 δὲ

2172 4772 2400 4842 μηδενὸς
2447 4771 2652 4826 τούτων
2690 4771 3038 4836 ἀπολαυέτω,
3078 4770 3193 4825 ἀλλ’
3223 4770 3390 4842 ἄρτου
3444 4772 3606 4840 μόνου
3645 4773 3742 4826 καὶ

2171 4861 2360 4924 ὓδατος
2384 4860 2478 4921 καὶ
2505 4859 2718 4932 ἱματίου
2750 4860 2906 4931 ψιλοῦ
2926 4877 2938 4890 ·
2991 4860 3074 4922 τίς
3103 4860 3162 4914 ὲν
3193 4859 3401 4922 τούτοις
3433 4861 3462 4912 0
3490 4859 3694 4930 ὑψηλός
3722 4876 3737 4922 ;

2169 4949 2251 5012 τίς
2273 4949 2328 5001 δὲ
2355 4949 2384 5000 ὁ
2409 4947 2697 5012 ταπεινός;
2727 4948 2841 5002 Οὐκ
2873 4945 3113 5018 εὔδηλον,
3138 4948 3219 5000 ὅτι
3247 4948 3276 5001 0
3305 4946 3365 4999 10
3396 4946 3609 5016 ἱμάτιον
3642 4945 3739 5016 μό-

2168 5053 2258 5089 νον
2295 5035 2471 5106 ἕχων;
2507 5030 2677 5098 Οὗτος
2709 5035 2806 5105 μὲν
2838 5034 2946 5104 γάρ
2981 5035 3074 5087 καὶ
3107 5032 3272 5087 αὐτοῦ
3297 5032 3390 5086 τοῦ
3430 5032 3743 5102 βασιλεύον-

2170 5140 2259 5186 τος
2284 5122 2693 5194 καταφρονῆσαι
2720 5122 3005 5193 δυνήσεται
3028 5137 3043 5153 ο
3077 5122 3281 5184 ἐκεῖνος
3303 5120 3360 5173 δὲ
3385 5120 3604 5174 πάντων
3634 5120 3742 5171 τῶν

2167 5210 2341 5264 ταῦτα
2374 5209 2721 5279 παρεχόντων
2756 5208 2938 5272 δοῦλός
2964 5210 3111 5261 ἐστιν
3133 5249 3148 5274 ,
3198 5207 3553 5273 ὑποκύπτων,
3583 5207 3742 5259 κολα-

2171 5297 2363 5360 κεύων,
2399 5295 2716 5367 θεραπεύων
2759 5293 3021 5362 ἃπαντας,
3055 5293 3310 5356 δεδοικὼς
3360 5294 3434 5364 μή
3464 5309 3549 5356 τις
3579 5291 3744 5345 αὐτὸν

2169 5384 2480 5439 καταλιπὼν
2528 5386 2609 5447 εἰς
2653 5382 2722 5437 τὰ
2769 5385 2956 5454 καίρια
2997 5383 3208 5456 βλάψῃ·
3261 5382 3412 5435 οὐδὲν
3456 5382 3564 5454 γὰρ
3601 5381 3742 5434 οὔτω

2169 5475 2312 5526 ποιεῖ
2342 5472 2546 5535 δοῦλον,
2576 5473 2650 5535 ὼς
2678 5471 2738 5524 τὸ
2759 5471 2968 5524 πολλῶν
2993 5471 3196 5524 δεῖσθαι
3218 5486 3229 5499 ⁸
3256 5470 3446 5539 ὥσπερ
3478 5465 3572 5522 οὖν
3595 5467 3742 5522 ὲλεύ-

2169 5561 2346 5628 θερον,
2377 5559 2452 5620 ὡς
2488 5559 2550 5612 τὸ
2581 5560 2676 5629 τῆς
2709 5560 2898 5630 χρείας
2920 5555 3054 5614 εἶναι
3101 5561 3286 5629 μόνης.
3334 5557 3504 5611 Τοῦτο
3529 5557 3624 5611 καὶ
3652 5554 3739 5611 ἐπ’

2234 5730 2261 5768 δ
2287 5729 2432 5780 Savil.
2457 5735 2820 5796 προστιθέμενοι.
