4086 6268
333 339 436 394 ΞΠ

331 475 360 508 a
392 457 506 524 lege
535 452 760 507 liberum
780 491 794 515 ,
825 464 889 504 ac
919 462 1089 518 neque
1134 445 1291 501 ﬁnem
1318 485 1332 506 ,
1365 445 1502 499 sicut
1529 443 1657 498 dicit
1682 443 1879 498 Paulus
1904 483 1917 504 ,

335 562 510 617 neque
540 544 852 615 principium
882 541 1074 595 habeat
1103 538 1288 609 (Hebr.
1313 537 1362 592 7.
1390 537 1466 606 5).
1493 535 1644 603 Quod
1669 532 1922 589 enimille

334 641 388 694 in
416 637 604 694 uinbra
632 634 835 699 habuit,
863 633 964 688 hoc
987 647 1173 688 revera
1204 630 1300 686 fuit
1326 630 1378 684 in
1402 628 1528 684 Jesu
1553 645 1565 680 :
1589 638 1642 684 et
1662 625 1920 697 quemad-

334 732 554 787 modum
587 728 801 783 nomina
832 733 1239 796 praicesscrunt,
1271 731 1329 777 ut
1351 722 1528 786 Iesus,
1561 729 1618 774 ιιι
1643 719 1917 775 Christus:

335 828 406 881 ita
435 825 536 878 hoc
558 821 740 876 etiam.
764 819 947 889 Neque
969 832 1096 888 ergo
1117 815 1470 871 Melchisedec
1494 813 1702 868 videtur
1727 811 1922 867 habere

333 919 542 972 dierum
571 913 885 984 principium
909 952 925 977 ,
956 925 1127 980 neque
1156 908 1314 963 ﬁnem
1342 907 1490 972 vitte;
1519 921 1621 960 ιιοιι
1648 904 1787 975 quod
1816 919 1922 959 non

336 1010 550 1073 habeat,
578 1006 673 1061 sed
704 1003 844 1074 quod
866 1002 983 1072 ejus
1004 999 1312 1071 genealogia
1337 997 1482 1052 nulla
1502 998 1569 1051 sit
1587 997 1741 1050 facta.
1764 995 1921 1050 Jesus

334 1109 511 1156 autem
546 1111 720 1166 neque
748 1094 1059 1164 principium
1091 1091 1326 1156 dierum,
1357 1103 1458 1143 nec
1487 1088 1606 1141 vitae
1637 1085 1794 1141 ﬁnem
1823 1084 1920 1138 ha-

337 1194 467 1257 buit,
499 1205 607 1245 non
635 1203 702 1244 eo
729 1185 890 1241 modo
910 1225 924 1248 ,
953 1183 1045 1238 sed
1072 1182 1216 1254 quod.
1255 1196 1355 1236 nec
1382 1180 1434 1235 in
1469 1182 1583 1248 ipso
1612 1179 1680 1232 sit
1705 1177 1922 1233 omnino

336 1273 658 1354 principium
717 1274 1050 1344 temporale,
1100 1288 1199 1327 nec
1246 1271 1388 1326 ﬁnis.
1447 1270 1577 1325 Illud
1620 1269 1760 1324 enim
1809 1278 1923 1323 erat

335 1373 546 1436 umbra,
579 1370 684 1425 hoc
707 1369 922 1422 veritas.
953 1363 1409 1434 Quemadmodum
1437 1379 1564 1433 ergo
1591 1379 1712 1418 cum
1737 1361 1921 1417 Jesum

337 1463 512 1528 audis,
555 1477 662 1517 non
688 1475 813 1514 eum
855 1458 946 1527 qui
989 1472 1115 1512 vere
1155 1462 1240 1512 est
1266 1455 1422 1510 Jesus
1461 1453 1784 1524 suspicaris,
1826 1452 1921 1508 scd

333 1553 572 1611 nominis
599 1550 766 1606 solam
791 1549 1008 1619 ﬁguram
1030 1546 1250 1617 accipis,
1273 1555 1331 1602 et
1352 1545 1484 1601 nihil
1503 1546 1639 1600 uitra
1657 1544 1917 1614 requiris:

335 1648 410 1701 ita
437 1660 562 1701 cum
586 1642 737 1697 audis
775 1638 1126 1695 Melchisedec
1147 1679 1164 1704 ,
1211 1638 1300 1708 qui
1344 1652 1516 1708 neque
1545 1637 1705 1692 habet
1725 1637 1920 1707 princi-

333 1740 485 1809 pium
513 1778 529 1802 ,
571 1749 670 1789 nec
708 1732 866 1786 ﬁnem
887 1772 902 1796 ,
931 1746 997 1784 ne
1025 1729 1074 1785 id
1115 1744 1321 1800 quaeras
1351 1729 1403 1784 in
1429 1729 1505 1784 rei
1537 1728 1758 1784 veritate
1779 1770 1794 1794 ,
1827 1727 1922 1783 sed

337 1829 436 1884 tibi
459 1825 682 1882 sufﬁciat
696 1823 806 1878 sola
823 1821 1140 1892 appellatio:
1159 1822 1435 1876 veritatem
1450 1828 1628 1875 autem
1645 1821 1698 1875 in
1709 1818 1924 1875 Christo

338 1921 543 1976 etlisce.
570 1915 939 1985 Jusjurandum
965 1928 1098 1968 vero
1133 1912 1345 1984 quando
1363 1912 1596 1968 audieris
1617 1955 1632 1979 ,
1666 1927 1733 1967 ne
1768 1921 1924 1982 putes

337 2025 463 2066 esse
497 2007 888 2078 jusjurandum.
928 2005 1386 2073 Quemadmodum
1411 2006 1556 2061 enim
1591 2005 1668 2060 ira
1697 2005 1748 2059 in
1780 2006 1920 2071 Deo,

338 2104 414 2157 ira
442 2115 552 2156 non
581 2111 683 2166 est,
711 2098 806 2155 sed
835 2108 918 2154 est
947 2100 1027 2154 vis
1057 2097 1338 2168 puniendi,
1373 2106 1422 2153 et
1457 2113 1564 2152 non
1594 2098 1924 2168 perturbatio

337 2193 504 2248 animi
532 2209 546 2248 :
571 2193 643 2247 ita
667 2193 830 2249 etiam
849 2190 1239 2262 jusjurandum.
1273 2191 1414 2246 Deus
1439 2191 1582 2246 enim
1612 2205 1717 2245 non
1747 2190 1921 2260 jurat,

337 2283 429 2339 sed
469 2283 525 2338 id
573 2283 703 2338 dicit
742 2284 883 2354 quod
932 2284 1150 2339 omnino
1192 2283 1432 2339 futurum
1479 2292 1581 2339 cst.
1636 2282 1922 2352 Postquam

338 2391 468 2446 ergo
537 2375 673 2430 dixit
730 2375 1066 2446 splendorem
1127 2385 1466 2441 sanctorum,
1530 2374 1734 2445 positos
1805 2385 1926 2428 ease

341 2469 590 2524 inimicos
633 2470 735 2525 sub
778 2471 1000 2540 pedibus
1028 2470 1177 2540 ejus,
1209 2469 1352 2524 diem
1381 2469 1496 2539 ejus
1523 2467 1736 2522 virtutis
1762 2485 1775 2520 :
1798 2466 1927 2521 dicit

339 2559 594 2631 deinceps
623 2563 925 2630 praesentia.
955 2562 1080 2617 Vide
1103 2571 1280 2616 autem
1301 2575 1530 2630 quonam
1555 2558 1742 2614 ordine
1762 2558 1926 2612 utitur

341 2651 395 2706 in
435 2654 680 2708 oratione
698 2693 714 2718 ,
743 2653 934 2708 durum
964 2654 1260 2709 auditorem
1288 2652 1587 2708 emolliens.
1617 2649 1750 2704 Cum
1779 2649 1926 2719 prius

338 2745 480 2798 enim
511 2747 787 2800 terruisset
831 2745 1095 2817 loquendo
1133 2747 1201 2802 de
1235 2745 1452 2817 judicio,
1494 2761 1556 2800 ae
1581 2743 1924 2815 pertinaciam

338 2837 458 2904 ejus
496 2837 829 2904 emolliisset,
875 2838 1077 2892 inducit
1116 2852 1418 2894 sermonem
1458 2836 1526 2892 de
1554 2836 1922 2907 praesentibus.

345 2923 630 2992 Propterea
671 2927 832 2982 talem
880 2928 1094 2983 adhibet
1139 2929 1463 2984 mistionem.
1502 2926 1789 2982 Considera
1828 2940 1925 2980 au.

271 3062 283 3070 .
352 3022 460 3068 tem
481 3031 493 3066 :
513 3013 674 3070 Donec
706 3034 892 3085 ponam
918 3019 1146 3073 inimicos
1171 3029 1283 3073 tuos
1307 3019 1580 3073 scttbellum
1611 3018 1792 3088 pedum
1818 3028 1929 3072 tuo-

349 3122 481 3158 rum.
529 3106 634 3164 Hoc
672 3109 801 3163 dicit
840 3109 908 3164 de
949 3109 1390 3166 futuriszdeinde
1429 3110 1498 3166 de
1539 3110 1922 3180 praesentibus:

356 3196 560 3270 Virga»:
582 3203 776 3256 virtutis
797 3212 896 3256 tua:
916 3203 1103 3258 emittet
1123 3202 1371 3258 Dominus
1399 3219 1463 3258 ea:
1483 3202 1644 3268 Sion;
1667 3202 1930 3256 dominare

341 3293 392 3344 in
424 3293 591 3346 medio
617 3294 933 3348 inimicorum
962 3306 1184 3349 tuorum.
1218 3295 1420 3350 Deinde
1451 3294 1622 3350 futura
1653 3293 1924 3364 prtedicit:

345 3382 530 3438 Tecum
562 3387 878 3456 principatus
906 3387 959 3440 in
997 3386 1081 3440 die
1114 3387 1310 3442 virtutis
1343 3395 1444 3441 tua:
1482 3388 1536 3440 in
1576 3386 1928 3454 splendoribus

336 3487 633 3530 sanctorum
651 3493 672 3530 :
694 3491 877 3548 poswa
906 3493 1090 3534 rursus
1119 3478 1416 3548 prtesentia,
1451 3493 1570 3548 qua:
1596 3491 1702 3532 non
1731 3476 1930 3532 habent

335 3569 575 3637 amplius
600 3567 856 3624 ultionem
875 3610 892 3636 ,
925 3569 1018 3624 sed
1048 3569 1452 3626 beneﬁcentiam
1477 3589 1490 3623 :
1518 3569 1594 3623 Tu
1621 3586 1672 3624 es
1696 3569 1932 3624 sacerdos

335 3658 392 3712 in
428 3669 680 3714 internum
717 3661 993 3716 secundum
1034 3662 1262 3717 ordinent
1304 3661 1656 3717 Helehisedec.
1695 3661 1807 3717 Hoc
1845 3670 1930 3718 est

335 3755 487 3810 enim
526 3755 734 3824 peccati
776 3755 1074 3823 absolutio,
1120 3765 1175 3811 et
1217 3771 1336 3811 cum
1388 3756 1498 3812 Deo
1542 3755 1924 3811 reconciliatio.

334 3846 549 3903 Deinde
586 3862 708 3902 cum
746 3848 797 3902 in
837 3848 918 3904 eis
957 3859 1212 3919 quantum
1254 3848 1423 3903 voluit
1458 3849 1678 3914 institit,
1718 3849 1930 3920 attingit

331 3952 532 3992 rursus
550 3939 926 4005 meonomiam,
947 3939 1014 3993 ad
1035 3939 1086 3994 id
1104 3921 1243 4008 quod
1263 3947 1346 3994 est
1365 3937 1614 3994 humilius
1633 3940 1926 3994 orationem

321 4040 687 4098 convertens,
718 4039 773 4086 et
796 4031 999 4100 dicens,
1023 4032 1074 4088 6.
1105 4032 1350 4086 Dominus
1368 4048 1400 4085 a
1419 4033 1607 4086 dextris
1623 4033 1737 4086 tuis.
1769 4033 1929 4102 Atqui

327 4122 595 4192 superius
634 4123 842 4180 dixerat
881 4139 1004 4181 eum
1045 4125 1234 4182 sedere
1261 4141 1290 4180 a
1317 4125 1518 4181 dextris
1545 4125 1736 4180 Patris.
1770 4125 1928 4181 Vides

326 4213 615 4283 quomodo
653 4230 758 4270 non
804 4223 1007 4272 temere
1041 4217 1361 4272 dictionibus
1401 4216 1764 4272 inhazrendum
1806 4217 1928 4272 est?

327 4305 478 4371 Quid
506 4315 611 4370 est,
629 4306 879 4362 Dominus
893 4327 926 4362 α
941 4310 1132 4364 dextris.
1153 4310 1288 4365 tuis?
1299 4310 1556 4378 Quoniam
1584 4310 1928 4366 humanitatis

328 4406 607 4466 suscepta
643 4401 997 4454 oeconomiam
1047 4402 1250 4472 attigit,
1295 4401 1360 4456 ad
1409 4417 1623 4456 carnem
1666 4402 1928 4457 convertit

329 4490 662 4557 orationem,
691 4505 812 4561 qua:
830 4493 1086 4547 auxilium
1113 4495 1351 4564 suscipit.
1382 4495 1602 4550 Videtur
1624 4497 1762 4549 enim
1783 4494 1923 4565 angi,

330 4579 612 4644 afﬂictari,
644 4590 698 4636 et
720 4583 934 4649 sudare,
957 4594 1011 4638 et
1036 4585 1106 4638 ita
1135 4584 1348 4653 sudare,
1379 4596 1435 4640 ut
1473 4597 1633 4657 gutta:
1657 4587 1929 4656 sanguinis

330 4672 598 4740 deﬂuant,
627 4683 684 4729 et
705 4691 890 4732 rursus
916 4676 1220 4732 conﬁrmari
1254 4676 1400 4750 (Luc.
1429 4679 1518 4734 22.
1541 4681 1654 4746 44).
1675 4681 1820 4735 Talis
1845 4689 1928 4735 est

331 4767 484 4820 enim
510 4766 688 4821 carnis
716 4775 923 4821 natura.
966 4767 1259 4840 Confriuget
1287 4771 1339 4823 in
1379 4770 1460 4823 die
1501 4771 1594 4825 ina
1624 4787 1732 4824 sua:
1764 4788 1923 4842 reges.

330 4857 453 4912 Non
485 4857 816 4914 aberraverit
843 4860 932 4929 qui
965 4860 1066 4914 hoc
1095 4861 1290 4915 dixerit
1316 4860 1419 4916 dici
1443 4862 1510 4915 de
1538 4862 1888 4931 praisentibus
1907 4904 1922 4929 ,

329 4951 425 5020 qui
460 4950 744 5020 insurgunt
775 4951 1034 5008 adversus
1071 4952 1405 5016 Ecclesium,
1443 4963 1494 5006 et
1525 4953 1591 5006 de
1619 4955 1682 5008 iis
1710 4954 1797 5022 qui
1830 4969 1926 5022 pro

331 5043 580 5110 peccatis
606 5050 662 5096 et
686 5042 957 5111 impietate
979 5059 1073 5098 sua
1101 5058 1286 5114 ptenas
1311 5053 1436 5097 sunt
1463 5044 1656 5098 daturi.
1685 5044 1738 5098 6.
1766 5045 1924 5097 ladi-

329 5133 467 5185 cabit
505 5132 560 5185 in
589 5134 822 5203 gentibus
846 5135 1103 5203 :implebit
1127 5136 1322 5190 ruinas.
1351 5137 1484 5202 Quid
1514 5146 1629 5203 est,
1667 5137 1926 5192 Judicabit

329 5223 387 5274 in
407 5224 644 5292 gentibus
660 5224 686 5276 .’
703 5222 993 5292 Judicabit,
1021 5226 1208 5297 inquit,
1231 5226 1604 5284 condemnabit
1631 5229 1922 5284 da-monas.

332 5315 404 5368 Et
429 5315 574 5385 quod
600 5315 949 5385 iudicaverit,
990 5321 1112 5374 audi
1137 5319 1403 5376 Christum
1441 5321 1704 5376 dicentem
1731 5339 1743 5375 :
1771 5321 1926 5376 Nunc

328 5417 408 5462 est
424 5410 687 5480 judicium
713 5413 889 5465 mundi
918 5413 1108 5480 huius;
1147 5429 1278 5467 nunc
1308 5413 1538 5483 princeps
1568 5415 1745 5467 nmndi
1775 5414 1928 5484 hujus

330 5501 568 5569 ejiciatur
588 5505 730 5573 foras
758 5501 937 5574 (lacn.
973 5502 1059 5557 12.
1091 5504 1203 5573 31).
1235 5504 1300 5558 Ει
1320 5504 1446 5558 alibi
1473 5522 1484 5557 :
1510 5502 1575 5556 Et
1596 5521 1686 5576 ego
1711 5505 1756 5558 si
1780 5505 1922 5558 errat-

331 5603 474 5646 tatus
499 5577 678 5663 fuero,
711 5610 882 5648 omnes
919 5595 1118 5649 traham
1155 5597 1225 5650 ad
1262 5596 1508 5666 meipsun‘t
1541 5595 1694 5667 (Ibid.
1731 5612 1776 5650 υ.
1807 5595 1920 5668 52).

329 5687 487 5753 Quod
515 5689 560 5744 si
594 5703 724 5743 usus
752 5698 833 5742 est
851 5688 1082 5743 dictione
1105 5704 1224 5758 quae
1248 5689 1403 5758 paulo
1429 5689 1594 5759 magis
1614 5689 1681 5744 ad
1706 5704 1922 5745 sensum

332 5781 588 5850 pertinet,
621 5796 730 5836 non
757 5779 1059 5836 oﬂ'cndar-is.
1090 5780 1202 5836 Hoc
1227 5789 1309 5838 est
1330 5781 1469 5837 enim
1495 5779 1749 5837 familiare
1774 5780 1914 5837 Scri—

1434 325 1795 384 EXPOSITIO
1835 325 1898 381 IN
1932 326 2254 382 PSALMUM
2292 325 2425 382 CIX.

3509 331 3608 383 9.78

2031 450 2217 512 pturae.
2247 440 2607 512 Conquassabit
2654 441 2822 511 capita
2857 441 2909 496 in
2948 450 3081 495 terra
3108 442 3398 497 multorum.
3429 445 3482 501 Si
3515 448 3614 502 hoe

2027 532 2242 604 quidem
2283 533 2418 589 velis
2457 532 2700 603 accipere
2740 533 3062 604 anagogiee,
3112 533 3306 589 dixerit
3352 535 3614 606 quispiam

2026 640 2148 680 eum
2175 639 2296 680 esse
2337 624 2664 694 deiecturum
2694 624 2886 682 fastum
2916 634 2970 680 ct
2997 628 3386 696 arrogantiam;
3417 629 3462 684 si
3488 645 3616 685 vero

2027 715 2266 772 sensibili
2292 715 2451 771 modo
2476 717 2725 785 accipias,
2747 716 3050 772 Judazorum
3077 717 3458 786 calamitatem,
3483 735 3618 790 quos

2026 823 2147 864 cum
2177 807 2510 863 vehementia
2539 809 2768 863 tnaxima
2794 809 3027 864 funditus
3046 811 3254 866 evertit.

2098 901 2436 971 Philosophia
2456 901 2644 958 Christi
2670 911 2718 956 et
2744 903 3009 969 doctrina;
3031 904 3269 958 adversus
3290 905 3498 970 luxum;
3518 922 3616 960 ser-

2026 1009 2144 1048 vum
2185 1003 2272 1048 aut
2300 994 2508 1048 liberum
2541 995 2662 1063 quid
2690 996 3000 1065 potissimum
3029 997 3184 1065 faciat
3199 1013 3220 1060 ,'
3247 1014 3483 1052 curatam
3521 1015 3614 1052 va-

2028 1087 2188 1139 cuitas
2226 1094 2471 1154 quantum
2507 1086 2710 1140 bonum.
2735 1116 2805 1126 ——
2828 1087 2881 1140 7.
2909 1086 2986 1141 De
3012 1095 3228 1141 torrente
3268 1088 3322 1142 in
3352 1089 3432 1143 via
3461 1089 3610 1143 bibet.

2027 1175 2126 1230 Hic
2149 1175 2382 1230 ostendit
2407 1175 2660 1232 humilem
2690 1191 2754 1232 ac
2779 1177 2938 1232 vilem
2958 1177 3074 1247 ejus
3096 1178 3307 1233 vivendi
3329 1179 3611 1247 rationem,

2028 1269 2170 1340 quod
2212 1269 2412 1324 nullum
2455 1269 2650 1324 fastum
2697 1285 2808 1340 prie
2849 1285 2908 1327 se
2950 1271 3152 1340 ferens,
3189 1272 3348 1328 nullis
3389 1273 3617 1344 stipatus

2027 1364 2344 1420 satellitibus
2364 1405 2380 1430 ,
2427 1379 2529 1419 nec
2566 1364 2805 1420 sensibili
2850 1365 3030 1436 aliquo
3057 1376 3314 1436 apparatu
3344 1368 3610 1432 munitus,

2028 1453 2144 1509 lucc
2170 1452 2392 1520 fecerit;
2424 1453 2517 1510 sed
2565 1464 2776 1510 tenuem
2805 1457 2999 1510 victum
3029 1456 3262 1524 ducens,
3293 1467 3346 1512 et
3372 1456 3508 1512 adeo
3536 1466 3614 1512 tc-

2028 1561 2223 1612 nuem,
2269 1554 2326 1600 ut
2367 1561 2434 1602 ex
2478 1555 2714 1602 torrente
2757 1547 2984 1603 biberet.
3021 1547 3204 1616 Qualis
3241 1549 3384 1604 enim
3425 1550 3614 1605 eratci

2027 1652 2210 1692 mensa
2231 1676 2246 1704 ,
2282 1637 2401 1692 talis
2433 1653 2647 1709 quoque
2679 1646 2854 1707 potus.
2886 1638 3066 1694 Mensa
3095 1653 3261 1708 panes
3289 1638 3611 1706 hordeacei,

2030 1738 2188 1800 potus
2214 1745 2348 1800 aqua
2381 1729 2449 1785 de
2481 1739 2738 1785 torrente.
2766 1730 2920 1786 Venit
2942 1731 3084 1785 enim
3115 1731 3254 1786 hanc
3281 1731 3612 1802 philosophi-

2027 1837 2146 1878 cam
2173 1823 2383 1878 vivendi
2413 1822 2671 1879 rationem
2699 1821 2952 1879 docturus
2973 1864 2989 1889 ,
3022 1839 3216 1894 nempe
3246 1827 3416 1880 ventri
3448 1827 3615 1896 impe-

2028 1928 2150 1969 rare
2173 1956 2188 1982 ,
2241 1929 2487 1985 pompam
2517 1914 2759 1980 calcare,
2793 1925 2846 1971 et
2887 1915 3080 1971 fastum
3123 1919 3377 1973 aversari.
3414 1917 3616 1974 Deinde

2029 2007 2317 2062 ostendens
2345 2007 2486 2078 quod
2525 2008 2595 2064 sit
2623 2008 2781 2078 hujus
2811 2010 2936 2064 vitae
2978 2012 3399 2066 emolumentum
3424 2053 3438 2076 ,
3485 2013 3616 2067 sub-

2026 2098 2238 2167 junxit:
2268 2097 2544 2168 PrOplerea
2586 2100 2825 2154 exaltabit
2869 2111 3044 2170 caput.
3096 2101 3424 2158 Humilitatis
3470 2105 3614 2158 enim

2031 2189 2260 2260 vitaeque
2283 2198 2510 2245 austera:
2535 2189 2622 2244 hic
2643 2199 2726 2246 est
2754 2189 2976 2245 fructus.

2101 2279 2155 2336 9.
2186 2281 2313 2336 Haec
2338 2288 2516 2336 autem
2548 2296 2652 2336 non
2683 2281 2823 2336 dicta
2850 2291 2974 2337 sunt
3000 2282 3068 2338 de
3097 2283 3393 2348 divinitate,
3427 2284 3518 2340 sed
3547 2285 3615 2340 de

2031 2388 2192 2428 carne
2217 2388 2335 2443 quae
2361 2372 2496 2428 bibit
2519 2387 2591 2427 ex
2621 2381 2889 2439 torrente,
2933 2389 3053 2443 qua:
3095 2373 3194 2429 fuit
3221 2375 3470 2431 cxaltata.
3500 2376 3615 2432 Non

2031 2464 2192 2521 modo
2219 2465 2361 2521 enim
2400 2464 2534 2520 nihil
2560 2464 2611 2520 ei
2640 2464 2942 2521 detrimenti
2981 2466 3158 2522 attulit
3197 2466 3312 2522 hac
3352 2469 3614 2533 tenuitas,

2031 2559 2125 2615 sed
2164 2559 2323 2615 etiam
2370 2559 2437 2614 ad
2478 2557 2796 2614 ineffabilem
2829 2559 3004 2615 evexit
3041 2559 3401 2616 altitudinem.
3451 2562 3516 2616 Et
3561 2571 3616 2618 ιιι

2032 2665 2180 2721 ergo,
2208 2665 2241 2705 ο
2265 2649 2477 2714 dilecte,
2502 2647 2592 2720 qui
2616 2649 2730 2705 hanc
2751 2651 2992 2721 exempla
3015 2650 3178 2706 habes
3207 2653 3302 2706 tibi
3325 2653 3616 2722 proposita,

2031 2743 2193 2796 vitam
2239 2741 2375 2797 fastu
2425 2751 2480 2797 et
2523 2755 2715 2812 pompa
2757 2741 3013 2811 repletam
3053 2752 3357 2803 contemne.
3403 2754 3618 2801 tenuem

2034 2841 2210 2889 autem
2240 2847 2302 2888 ac
2328 2833 2546 2888 minime
2574 2833 2889 2903 exquisitam
2917 2848 3270 2905 persequere,
3313 2837 3355 2890 si
3395 2838 3475 2892 vis
3500 2852 3621 2895 esse

2032 2925 2208 2980 clarus
2233 2933 2288 2981 et
2315 2939 2556 2996 magnus.
2589 2924 2843 2980 Dominus
2872 2927 3015 2981 enim
3045 2936 3167 2983 tuus
3211 2928 3331 2984 ideo
3357 2931 3528 2995 venit,
3561 2943 3621 2986 ut

2033 3015 2173 3072 hanc
2215 3027 2266 3072 te
2306 3016 2446 3071 viam
2490 3015 2726 3072 doceret.
2777 3017 3032 3086 Quocirca
3073 3019 3326 3089 propheta
3371 3037 3616 3093 quoque,

2033 3125 2154 3165 cum
2193 3109 2445 3180 praeclara
2483 3110 2599 3180 ejus
2647 3110 2784 3166 facta
2824 3120 3111 3177 narrasset,
3152 3113 3253 3168 hoc
3299 3115 3470 3182 ipsum
3495 3113 3619 3169 sub-

2029 3201 2238 3272 junxit,
2285 3216 2452 3271 prope
2479 3201 2662 3258 dicens
2687 3198 2850 3257 :Cum
2890 3202 3162 3258 victoriam
3201 3213 3256 3259 et
3299 3213 3495 3274 tropaea
3524 3221 3618 3260 au-

2032 3297 2218 3362 dieris,
2252 3312 2321 3352 ne
2348 3310 2508 3367 spera
2547 3303 2601 3351 te
2631 3297 2864 3350 visurum
2910 3310 3078 3360 arma,
3128 3297 3344 3362 milites,
3392 3314 3616 3363 currus,

2033 3404 2220 3460 equos,
2245 3389 2450 3460 equites
2467 3430 2482 3456 ,
2507 3388 2763 3444 tumultus
2791 3397 2881 3443 aut
2903 3388 3083 3444 turbas
3108 3406 3121 3444 :
3143 3398 3222 3444 est
3246 3390 3380 3445 adeo
3401 3389 3618 3447 humilis

2033 3481 2124 3550 qui
2155 3482 2270 3536 haec
2309 3479 2455 3548 facit,
2487 3483 2620 3536 adeo
2647 3479 2783 3552 frugi
2809 3489 2862 3534 et
2890 3480 3178 3547 abstinens,
3207 3491 3266 3536 ut
3289 3497 3356 3538 ex
3383 3492 3619 3538 torrente

2033 3587 2224 3643 aquam
2249 3571 2394 3628 bibat
2417 3588 2430 3625 :
2451 3581 2505 3627 et
2531 3579 2708 3627 tamen
2735 3571 2825 3642 qui
2855 3579 2941 3628 est
2963 3571 3258 3642 ejusmodi,
3293 3573 3410 3629 haec
3438 3577 3616 3630 omnia

2036 3663 2290 3734 perﬁciet.
2311 3662 2543 3718 Audiant
2563 3677 2690 3734 ergo
2709 3663 2798 3734 qui
2821 3679 3032 3719 mensas
3053 3663 3252 3720 habent
3270 3665 3615 3737 Sybariticas,

2034 3755 2326 3826 epulasque
2345 3762 2400 3810 et
2419 3754 2883 3810 condimentorum
2909 3771 3069 3812 omne
3096 3771 3265 3826 genus
3291 3758 3614 3828 excogitant,

2033 3858 2089 3906 et
2127 3849 2598 3918 varia-coquorum
2640 3863 2838 3918 genera
2877 3847 3111 3918 undique
3153 3849 3441 3918 colligunt,
3483 3865 3617 3905 nau-

2035 3950 2240 4010 tasque,
2264 3939 2670 4011 gubernatores,
2693 3947 2748 3994 et
2773 3940 3000 4010 remiges
3025 3939 3283 4010 deligunt,
3316 3949 3374 3994 ut
3397 3951 3616 3998 externa

2033 4031 2274 4102 qua‘dam
2301 4030 2409 4085 vini
2438 4040 2491 4086 et
2516 4038 2904 4100 unguentorum
2944 4045 3168 4101 genera,
3209 4031 3448 4103 aliasque
3477 4032 3618 4102 ejus-

2033 4121 2176 4177 modi
2209 4121 2429 4177 delicias
2455 4121 2740 4192 importent
2765 4161 2778 4188 ,
2810 4136 2873 4175 ac
2913 4121 3120 4191 seipsos
3161 4121 3214 4176 in
3259 4122 3432 4190 ipsum
3461 4123 3617 4181 hara-

2034 4213 2211 4266 thrum
2248 4211 2606 4282 praecipitent,
2638 4219 2692 4266 et
2733 4209 2961 4265 evadant
2986 4211 3223 4266 omnium
3251 4211 3616 4282 abjectissimi.

2033 4303 2216 4373 Neque
2265 4303 2407 4357 enim
2453 4303 2722 4357 excelsum
2766 4302 2892 4371 quid
2955 4303 3229 4358 consuevit
3279 4302 3483 4372 facere,
3527 4307 3622 4376 qui

2034 4396 2275 4466 pluribus
2307 4395 2507 4465 indiget
2544 4413 2557 4448 :
2589 4408 2687 4449 nec
2730 4393 2931 4448 humile
2969 4393 3254 4464 quidquam
3279 4437 3295 4463 ,
3327 4397 3410 4452 cui
3451 4412 3620 4468 pauca

2034 4486 2245 4542 desunt.
2275 4486 2331 4542 Si
2361 4486 2520 4542 vultis
2542 4494 2743 4553 autem,
2784 4483 3099 4557 efﬁngamus
3125 4488 3398 4558 utriusque
3430 4491 3618 4561 imagi-

2034 4596 2180 4649 nem,
2221 4587 2277 4634 et
2318 4579 2390 4634 sit
2429 4577 2691 4649 quispiam
2733 4578 2820 4648 qui
2865 4577 3060 4634 habeat
3097 4580 3291 4634 multos
3313 4581 3360 4634 ei
3390 4581 3620 4653 undique

2033 4671 2436 4742 suppeditantes
2480 4679 2698 4738 nautas,
2747 4681 2801 4726 et
2842 4672 3260 4742 gubernatores,
3298 4675 3531 4730 artiﬁces
3562 4688 3618 4730 et

2034 4764 2328 4829 ministros,
2349 4772 2584 4819 textores
2607 4773 2660 4820 et
2686 4765 3028 4835 phrygiones,
3051 4764 3328 4833 bubulcos,
3351 4779 3613 4837 pastores,

2034 4866 2089 4913 et
2115 4857 2420 4927 equisones,
2447 4871 2813 4926 equorumque
2833 4866 3093 4921 armenta,
3119 4868 3276 4927 atque
3298 4859 3352 4912 in
3371 4859 3618 4913 etimibus

2033 4954 2084 5009 ei
2136 4953 2418 5008 famulatus
2463 4961 2796 5023 suppetant:
2829 4953 2965 5008 alter
3016 4962 3194 5008 autem
3249 4952 3378 5007 nihil
3431 4967 3616 5008 eorum

2034 5047 2245 5113 habeat,
2265 5055 2616 5118 praeterquam
2639 5046 2808 5101 solum
2833 5061 3024 5117 panem
3041 5055 3095 5101 et
3113 5060 3326 5114 aquam,
3346 5052 3396 5099 et
3412 5052 3614 5100 vestem

2033 5139 2243 5194 unicam
2272 5139 2428 5209 :quis
2450 5147 2532 5194 est
2561 5139 2616 5193 in
2644 5137 2728 5193 his
2755 5136 3038 5193 excelsus?
3068 5137 3188 5207 quis
3214 5150 3342 5190 vero
3368 5133 3620 5190 humilis?

2034 5233 2225 5284 Annon
2269 5229 2472 5284 clarum
2515 5237 2599 5284 est
2621 5271 2636 5296 ,
2685 5243 2806 5284 eum
2833 5243 2955 5283 esse
2981 5228 3070 5298 qui
3099 5227 3308 5281 unicam
3341 5225 3500 5280 habet
3528 5244 3616 5282 ve-

2032 5321 2207 5376 stem?
2239 5321 2288 5375 ls
2311 5323 2454 5375 enim
2471 5321 2554 5375 vel
2582 5319 2755 5388 ipsum
2777 5334 2954 5389 regem
2983 5318 3180 5388 poterit
3198 5316 3508 5387 despicere:
3529 5319 3614 5374 ille

2033 5424 2208 5470 autem
2246 5429 2432 5469 servus
2460 5422 2542 5467 est
2569 5413 2804 5468 omnium
2846 5413 2935 5481 qui
2983 5410 3096 5465 hmc
3125 5409 3382 5480 praibenl,
3429 5425 3488 5466 se
3517 5410 3611 5465 de-

2035 5509 2270 5568 mittens.
2316 5504 2592 5560 blandiens
2616 5545 2630 5571 ,
2677 5518 2863 5557 omnes
2893 5501 3186 5557 observans
3205 5543 3218 5562 .
3251 5502 3447 5557 timens.
3472 5517 3538 5557 ne
3567 5503 3610 5557 si

2032 5597 2153 5667 quis
2191 5609 2312 5650 eum
2356 5594 2664 5663 reliquerit,
2715 5593 2766 5645 in
2813 5591 2971 5646 rebus
3022 5592 3251 5646 maxime
3299 5593 3610 5647 necessariis

2033 5689 2406 5743 detrimentum
2428 5685 2668 5754 accipiat.
2687 5683 2827 5738 Nihil
2850 5684 2989 5738 enim
3012 5698 3164 5754 aeque
3185 5683 3355 5738 reddit
3375 5698 3610 5744 servum,

2034 5781 2169 5836 sicut
2211 5776 2390 5835 multis
2435 5791 2592 5848 cgere
2617 5793 2630 5832 :
2655 5776 2789 5833 sicut
2820 5775 2976 5832 etiam
3023 5776 3273 5843 liberum,
3298 5774 3603 5833 necessaria
