4114 6278
457 330 556 386 Ξτξ)

455 455 657 502 tantum
687 445 980 515 requirere.
1016 444 1127 500 lloc
1155 442 1326 514 ipsum
1349 443 1519 498 videri
1540 451 1722 514 potest
1756 443 1807 496 in
1846 440 2035 495 brutis.

456 538 593 606 Quid
635 538 779 592 enim
827 536 1041 606 prodest
1082 537 1236 592 asino
1276 537 1502 593 sarcinis
1547 546 1762 602 onusto,
1815 533 1914 589 etsi
1962 532 2040 587 eis

453 632 657 685 fruatur
688 629 913 684 millies?
938 629 1063 700 quid
1105 638 1278 684 autem
1320 637 1476 683 nocet
1519 628 1604 681 alii
1645 628 1813 681 libero
1850 624 1918 679 ab
1954 622 2041 678 his

451 721 721 787 omnibus,
743 719 788 773 si
811 720 1169 775 necessarium
1190 720 1497 774 alimentum
1527 717 1809 788 suppetat?
1834 716 1901 771 Et
1922 715 2059 769 ideo.

451 811 700 866 Christus
728 810 864 866 altos
892 812 1109 881 spiritus
1150 812 1262 866 suis
1303 810 1494 866 indens
1519 809 1828 879 discipulis,
1859 816 2040 876 utpore

454 902 545 973 qui
585 910 741 956 erant
784 915 902 956 cum
958 903 1207 956 universo
1251 901 1383 956 orbe
1430 910 1691 955 terrarum
1731 895 2037 968 laquuturi,

453 996 704 1051 omnibus
729 1011 823 1051 eos
849 997 991 1052 curis
1012 996 1269 1060 liberavit,
1295 995 1463 1049 alatus
1484 994 1744 1060 efficiens,
1772 1001 1825 1047 et
1849 991 2041 1062 quovis

456 1088 738 1144 adamante
765 1090 1148 1144 constantiores
1194 1087 1440 1143 reddens.
1487 1087 1692 1141 Anima:
1721 1085 1862 1139 enim
1906 1082 2039 1154 nihil

457 1188 630 1235 emtas
654 1179 801 1234 addit
831 1180 970 1236 vires
990 1223 1004 1245 ,
1037 1190 1091 1233 ut
1119 1179 1186 1233 ab
1216 1179 1293 1233 eis
1319 1193 1439 1234 esse
1465 1177 1685 1232 liberam
1717 1193 1731 1230 :
1761 1175 1891 1230 nihil
1918 1189 2037 1229 eam

455 1272 592 1327 adeo
616 1282 866 1339 enervat,
902 1285 955 1327 ut
984 1275 1063 1328 eis
1092 1273 1434 1328 constrictam
1464 1271 1653 1325 teneri.
1684 1268 2041 1338 Quemadmo-

455 1363 584 1418 dum
610 1365 749 1419 enim
792 1380 899 1419 non
928 1373 1102 1436 potest
1128 1365 1283 1419 dolor
1317 1363 1405 1418 hic
1427 1364 1535 1420 cito
1557 1362 1780 1418 inveniri
1805 1380 1819 1416 :
1844 1361 1913 1415 ita
1941 1375 2041 1416 nec

455 1454 567 1511 illic
586 1456 850 1526 voluptas.
883 1457 975 1513 lllc
1000 1457 1140 1512 enim
1169 1457 1327 1512 habet
1353 1457 1546 1512 multos
1565 1470 1736 1511 St'P-VOS
1757 1455 2044 1511 immanes-

456 1561 561 1617 que
603 1546 850 1602 dominos
891 1558 946 1603 et
987 1549 1273 1603 dominas:
1304 1548 1390 1603 hic
1431 1556 1608 1602 autem
1653 1545 1782 1600 nulli
1825 1545 2039 1616 quidem

413 1661 416 1664 ’
456 1640 650 1705 servit,
689 1641 937 1697 omnibus
980 1651 1157 1696 autem
1188 1641 1448 1710 imperat,
1488 1640 1653 1694 radiis
1688 1639 1819 1694 solis
1857 1652 2041 1692 secure

458 1733 640 1789 fruens
659 1776 675 1801 ,
719 1735 859 1789 aeris
894 1749 1021 1789 aura
1042 1734 1277 1804 jucunde
1300 1733 1481 1788 fruens
1500 1774 1515 1799 ,
1545 1742 1600 1787 ct
1623 1731 1711 1801 qui
1742 1729 1843 1785 sibi
1872 1728 2038 1782 mole-

455 1826 614 1879 stiam
636 1824 904 1893 exhibeat,
931 1841 1036 1880 non
1068 1825 1289 1880 habens.
1320 1824 1434 1878 Non
1465 1838 1586 1878 cum
1610 1831 1772 1877 vexat
1796 1829 1851 1876 ct
1878 1820 2042 1890 agitat

456 1914 557 1979 ira,
580 1930 684 1969 non
707 1915 923 1981 invidia,
945 1931 1052 1971 non
1071 1916 1223 1981 livor,
1258 1931 1361 1970 non
1389 1931 1508 1970 eum
1530 1929 1673 1969 cura:
1701 1911 2037 1977 tabefaciunt,

460 2022 567 2061 non
594 2007 985 2073 aemulationes,
1009 2022 1114 2062 non
1139 2022 1270 2062 vana
1290 2007 1481 2078 gloria,
1506 2021 1611 2062 nou
1637 2005 1907 2076 superbia,
1933 2021 2038 2058 nun

457 2096 654 2167 aliquid
685 2097 830 2153 aliud
858 2098 1149 2169 ejusmodi;
1185 2099 1279 2154 sed
1310 2100 1447 2153 sicut
1474 2110 1654 2169 portus
1679 2098 1870 2167 aliquis
1895 2105 2040 2151 tran-

454 2188 678 2256 quillus,
709 2198 764 2243 et
792 2189 927 2246 liber
950 2204 981 2245 a
1013 2189 1257 2246 fluetibus
1277 2233 1289 2254 ,
1321 2192 1390 2246 ita
1417 2200 1501 2246 est
1526 2190 1746 2245 allectus
1775 2189 1891 2260 ejus
1920 2189 2040 2243 ani-

457 2293 598 2346 mus,
621 2287 677 2335 et
696 2280 795 2336 iter
820 2281 871 2335 in
899 2281 1088 2336 ctelum
1113 2281 1267 2337 facile
1296 2281 1608 2352 ingreditur,
1635 2289 1693 2336 ut
1712 2296 1872 2352 quem
1899 2280 2040 2334 nulla

456 2382 544 2425 res
571 2383 807 2438 praesens
844 2381 1171 2434 remoretur.
1200 2372 1271 2429 Ut
1299 2385 1430 2442 ergo
1450 2385 1555 2426 nos
1586 2386 1797 2443 quoque
1828 2370 1927 2424 hac
1951 2385 2041 2424 se-

457 2464 685 2519 curitate
711 2462 967 2529 fruamur,
997 2474 1051 2520 et
1079 2465 1131 2518 in
1160 2466 1407 2534 praesenti
1439 2466 1543 2519 vita
1575 2458 2045 2532 tranquillitatem,

457 2564 512 2611 et
557 2558 608 2609 in
652 2556 1080 2626 peregrinatione
1110 2556 1415 2614 facilitatem
1445 2573 1867 2628 consequamur,
1901 2558 2038 2613 hanc

460 2657 619 2705 vitam
647 2662 1045 2718 persequamur,
1075 2660 1130 2704 ut
1157 2649 1293 2704 bona
1316 2665 1528 2721 quoque
1552 2659 1750 2705 aeterna
1774 2649 2037 2719 adipisca-

458 2754 598 2803 mur,
621 2755 738 2809 quae
763 2754 974 2795 omnem
997 2742 1277 2808 rationem,
1306 2751 1562 2809 mentem,
1587 2750 1643 2798 et
1664 2742 2038 2813 cogitationem

460 2842 744 2903 superant,
789 2834 842 2889 in
881 2834 1092 2890 Christo
1121 2835 1248 2890 Jesu
1274 2836 1500 2891 Domino
1526 2846 1730 2903 nostro,
1758 2835 1842 2890 cui
1874 2834 2040 2906 gloria

456 2938 510 2980 et
537 2925 815 2998 imperium
844 2927 898 2982 in
926 2927 1119 2983 sarcula
1146 2929 1486 2984 saeculorum.
1512 2932 1702 2984 Amen.

960 3018 1025 3075 IN
1064 3019 1385 3076 PSALMUM
1425 3020 1538 3076 CX.

608 3113 658 3165 l.
701 3110 987 3181 Conﬁtebor
1010 3110 1120 3176 tibi,
1144 3111 1377 3177 Domine,
1399 3112 1453 3166 in
1481 3108 1585 3166 toto
1608 3112 1757 3167 corde
1784 3128 1913 3167 meo.

528 3203 578 3256 Ι.
622 3200 913 3256 Gratiarum
953 3203 1196 3258 actionem
1222 3219 1254 3257 a
1282 3204 1423 3258 nobis
1453 3203 1589 3258 Dens
1625 3204 1843 3258 maxime
1868 3205 2038 3274 requi-

456 3292 542 3346 rit.
571 3323 641 3332 —
675 3293 813 3362 Quid
842 3305 942 3360 est,
972 3293 1038 3349 In
1059 3305 1164 3350 toto
1185 3296 1212 3349 Ρ
1235 3295 1367 3351 Cum
1399 3295 1544 3350 omni
1570 3295 1731 3350 animi
1770 3295 2042 3353 alacritate

456 3394 511 3440 et
538 3386 853 3456 diligenter,
874 3387 1007 3443 liber
1032 3387 1099 3443 ab
1133 3388 1380 3443 omnibus
1408 3388 1551 3442 curis
1589 3388 1921 3443 saecularium
1951 3404 2041 3443 rc-

456 3495 607 3544 rum,
653 3480 896 3536 sublimis
922 3489 977 3536 et
999 3492 1208 3538 erectus
1228 3522 1241 3546 ,
1275 3482 1449 3536 anima
1477 3495 1507 3536 a
1537 3481 1762 3538 vinculis
1801 3482 2043 3551 corporis

457 3571 701 3627 liberata.
731 3571 797 3626 In
828 3571 997 3626 corde.
1028 3572 1142 3627 Non
1174 3574 1226 3628 in
1252 3574 1428 3629 verbis
1457 3580 1660 3628 tantum
1685 3615 1701 3640 ,
1732 3588 1830 3629 nec
1855 3574 1904 3628 in
1936 3573 2040 3629 lin-

454 3676 557 3731 gua
578 3670 634 3717 et
655 3675 750 3717 ore
774 3661 1133 3730 solummodo,
1161 3663 1255 3719 sed
1276 3679 1395 3719 cum
1418 3674 1596 3720 mente
1619 3671 1675 3720 et
1693 3663 2036 3734 cogitatione.

457 3754 532 3807 Ita
562 3753 720 3807 etiam
751 3753 925 3809 Moses
939 3754 1116 3825 legem
1149 3757 1325 3811 ferens
1350 3755 1561 3812 dicebat
1590 3773 1605 3811 :
1635 3755 1828 3827 Diliges
1855 3755 2040 3811 Domi-

453 3861 574 3899 num
605 3843 766 3900 Deum
792 3855 933 3901 tuum
956 3856 1142 3903 enato
1161 3848 1320 3903 :corde
1343 3858 1428 3903 tuo
1442 3891 1456 3914 ,
1480 3858 1526 3904 et
1548 3865 1612 3903 ea:
1639 3858 1743 3904 tota
1765 3858 1928 3905 mente
1953 3858 2042 3905 tua

456 3934 634 4006 (Deut.
666 3936 719 3992 6.
750 3936 829 4010 5).
860 3938 1258 3995 Confessionem
1306 3950 1484 3996 autem
1533 3940 1622 3997 hic
1660 3942 1790 3996 mihi
1832 3942 2043 3999 videtur

453 4025 634 4084 dicere
672 4029 960 4098 gratiarum
994 4030 1290 4086 actionem.
1341 4030 1591 4087 Laudabo
1613 4073 1626 4096 ,
1654 4031 1862 4102 inquit,
1889 4046 2041 4102 agam

453 4119 671 4189 gratias.
694 4118 882 4176 Totam
907 4122 1050 4177 enim
1080 4122 1239 4176 vitam
1268 4128 1319 4176 tu
1348 4122 1450 4177 hoc
1475 4123 1828 4194 consumpsit,
1846 4124 1915 4178 ab
1943 4124 2044 4180 hoc

453 4209 748 4278 exorditur,
778 4219 834 4268 et
854 4212 907 4268 in
948 4213 1050 4267 hoc
1074 4212 1270 4268 desinit
1301 4230 1314 4266 :
1348 4214 1450 4268 hoc
1474 4213 1590 4284 ejus
1624 4228 1759 4283 opus
1788 4224 2044 4285 perpetuo

453 4300 552 4358 fuit
572 4345 588 4366 ,
617 4318 715 4374 pro
744 4305 809 4361 iis
835 4320 954 4376 qua:
979 4314 1033 4361 et
1064 4306 1179 4376 ipse
1221 4315 1275 4361 et
1309 4305 1397 4361 alii
1426 4315 1743 4377 acceperant
1771 4307 2042 4363 beneliciis

454 4395 651 4465 gratias
674 4410 852 4467 agere.
888 4397 1027 4452 Deus
1054 4399 1199 4453 enim
1238 4399 1369 4453 nihil
1400 4414 1552 4470 aeque
1596 4409 1757 4470 atque
1801 4399 1904 4455 hoc
1946 4415 2040 4471 po-

455 4485 617 4541 stulat
649 4503 662 4540 :
693 4487 795 4543 hoc
815 4498 898 4544 est
921 4489 1263 4557 sacrificium,
1293 4491 1394 4546 hoc
1418 4492 1636 4559 oblatio,
1666 4491 1767 4549 hoc
1790 4504 1868 4548 est
1898 4493 1966 4564 pii
1988 4501 2044 4550 et

453 4582 588 4652 grati
616 4582 777 4636 animi
808 4583 1016 4653 signum
1036 4623 1052 4650 ,
1081 4584 1185 4638 hoc
1226 4584 1419 4639 vulnus
1449 4585 1609 4640 infert
1633 4584 1845 4642 diabolo
1875 4604 1890 4638 :
1918 4586 2043 4644 hinc

454 4673 810 4729 coronabatur
850 4675 1033 4730 beatus
1062 4676 1164 4732 Job
1205 4686 1258 4733 et
1301 4677 1722 4747 praedicabatur,
1756 4679 1893 4750 quod
1920 4696 2041 4736 cum

457 4767 532 4824 ilii
566 4766 884 4822 tentationes
912 4778 1092 4823 essent
1134 4768 1546 4824 innumerabiles
1576 4769 1736 4825 illata:
1759 4813 1775 4838 ,
1810 4782 1866 4827 et
1910 4788 2044 4827 uxor

456 4873 668 4930 quoque
696 4873 820 4915 eum
851 4858 1190 4929 supplantare
1218 4860 1416 4924 vellet,
1446 4874 1551 4915 non
1580 4875 1796 4918 aversus
1826 4863 1915 4927 sit,
1948 4863 2042 4918 sed

457 4953 682 5008 Domino
705 4951 772 5008 de
809 4952 1056 5008 omnibus
1083 4954 1250 5023 egerit
1289 4963 1542 5023 perpetuo
1568 4956 1783 5026 gratias,
1822 4970 2042 5011 nonsu-

456 5048 562 5102 lmu
610 5044 825 5116 quando
865 5043 1051 5110 dives,
1094 5044 1186 5099 sed
1224 5043 1384 5099 etiam
1430 5046 1642 5116 quando
1681 5060 1882 5117 pauper
1928 5056 2045 5102 erat

457 5139 601 5212 (Job
630 5140 680 5195 l.
710 5139 775 5195 2|
812 5138 866 5210 ):
900 5152 1008 5193 non
1058 5137 1229 5193 solum
1274 5136 1487 5207 quando
1533 5151 1694 5192 sanus
1736 5147 1850 5193 erat
1884 5179 1898 5203 ,
1948 5140 2042 5193 sed

453 5234 613 5291 etiam
634 5230 848 5303 quando
876 5245 1158 5302 percussus
1184 5239 1265 5284 est
1297 5230 1347 5283 in
1378 5244 1539 5284 carne
1563 5245 1576 5295 ;
1602 5243 1709 5283 non
1738 5227 1898 5284 modo
1921 5244 2041 5285 cum

452 5327 498 5380 ei
545 5340 634 5380 res
668 5338 857 5381 omnes
898 5338 963 5378 ex
1016 5320 1177 5376 animi
1223 5321 1484 5376 sententia
1533 5319 1900 5388 succederent,
1948 5322 2041 5375 sed

454 5417 615 5470 etiam
638 5430 761 5471 cum
782 5415 960 5485 gravis
981 5414 1068 5469 illa
1096 5422 1386 5482 tempestas
1408 5412 1458 5467 in
1491 5412 1792 5468 universam
1819 5410 1934 5482 ejus
1957 5411 2048 5466 do-

457 5523 601 5559 mum
628 5504 887 5570 incubuit,
919 5514 971 5561 et
1002 5506 1054 5560 iu
1081 5506 1246 5575 ipsam
1268 5518 1483 5575 quoque
1510 5514 1752 5559 naturam
1782 5503 2040 5573 corporis.

459 5597 569 5652 Hoc
590 5605 674 5651 est
702 5596 842 5651 enim
872 5597 1008 5667 grati
1037 5597 1088 5651 in
1113 5597 1296 5666 primis
1322 5596 1509 5664 animi,
1541 5596 1594 5650 in
1620 5595 1780 5651 rebus
1806 5594 2046 5649 adversis

455 5697 509 5743 et
538 5688 739 5755 asperis
772 5687 880 5740 Deo
903 5701 1121 5757 magnas
1151 5696 1407 5757 perpetuo
1437 5687 1635 5743 habere
1655 5685 1866 5756 gratias.
1888 5684 2039 5753 Quod

458 5779 668 5851 quidem
700 5781 818 5850 ip.e
846 5792 1056 5853 quoque
1081 5780 1342 5848 innuens,
1370 5778 1665 5838 declaravit
1699 5793 1796 5851 per
1829 5793 1891 5837 ea
1928 5793 2047 5850 qua:

1162 328 1219 384 S.
1260 326 1538 386 ΜΛΝΝῶ
1572 320 2045 384 CllliYSOSTOlll
2073 316 2386 374 ARCllIEP.
2421 319 2951 379 CONSTANTINOP.

3628 323 3732 380 28)

2144 444 2561 507 consequuntur.
2605 438 2736 508 Quia
2774 439 2916 494 enim
2963 438 3116 494 multi
3168 438 3449 508 homines,
3479 440 3604 496 dum
3645 459 3735 499 res

2145 531 2356 598 quidem
2398 543 2521 586 sunt
2553 532 2688 587 bene
2709 574 2723 597 ,
2751 541 2913 603 agunt
2937 533 3169 604 gratias;
3198 532 3242 588 si
3280 533 3328 588 id
3353 545 3531 589 autem
3577 550 3733 591 secus

2145 621 2390 689 eveniat,
2419 636 2559 691 tegre
2600 621 2777 677 ferunt
2805 642 2818 677 :
2847 635 2980 679 sunt
3008 625 3168 679 etiam
3207 626 3296 696 qui
3339 640 3458 696 quae
3485 628 3735 683 eveniunt

2148 712 2542 781 reprehendunt
2579 733 2592 767 :
2622 716 2909 771 ostendens
2956 717 3005 771 id
3049 733 3153 772 non
3186 718 3301 773 fieri
3329 734 3394 773 ex
3424 728 3608 774 natura
3638 736 3734 775 eo-

2146 820 2287 869 rum,
2311 820 2429 874 qua:
2451 806 2718 871 accidunt,
2747 807 2838 861 sed
2860 824 2923 862 ex
2954 808 3243 879 depravato
3281 810 3481 876 animo,
3510 812 3735 881 subjun-

2147 895 2219 950 xil
2256 896 2485 954 dicens:
2520 897 2581 951 In
2627 900 2837 953 consilio
2875 900 3133 971 justorum
3172 911 3218 955 et
3257 903 3641 973 congregatione
3678 904 3734 958 2.

2146 1003 2330 1058 magna
2353 1006 2509 1058 opera
2537 990 2760 1043 Domini.
2786 989 2901 1045 Hoc
2945 991 3083 1044 dixit
3113 992 3402 1047 ostendens
3438 1008 3572 1063 opus
3615 1009 3738 1050 esse

2143 1079 2321 1148 judice
2358 1083 2565 1152 integro
2587 1123 2601 1147 ,
2633 1093 2688 1137 et
2714 1090 2857 1139 etetu
2885 1097 2990 1136 non
3022 1093 3295 1152 corrupto,
3322 1094 3376 1139 et
3403 1085 3605 1140 clarum
3634 1100 3738 1141 Cl'll

2145 1187 2335 1244 magna
2361 1188 2479 1229 esse
2513 1175 2601 1229 Dei
2629 1189 2789 1243 opera
2814 1216 2830 1242 ,
2860 1189 3084 1245 esseque
3123 1190 3313 1244 magno
3338 1176 3596 1231 miraculo
3623 1178 3735 1247 ple-

2146 1280 2236 1320 na.
2263 1266 2400 1322 Sunt
2423 1267 2563 1322 enim
2590 1283 2686 1337 per
2724 1283 2783 1322 se
2812 1283 3000 1338 magna
3023 1311 3038 1334 ,
3068 1283 3167 1323 nee
3189 1268 3436 1324 videntur
3458 1284 3578 1324 esse
3620 1286 3735 1325 ma-

2145 1372 2282 1427 gna,
2311 1357 2411 1412 nisi
2439 1369 2639 1414 rectum
2671 1358 2903 1428 judicem
2933 1358 3180 1414 habeant.
3215 1358 3452 1429 Namque
3488 1361 3572 1416 sol
3597 1377 3734 1431 quo-

2146 1464 2250 1517 que
2274 1464 2369 1520 per
2393 1464 2451 1505 se
2477 1451 2649 1507 clarus
2676 1463 2758 1507 est
2786 1459 2841 1507 et
2880 1451 2949 1508 lut
2966 1451 3102 1519 idus,
3133 1463 3185 1507 et
3212 1452 3517 1507 universum
3547 1453 3733 1509 orbem

2150 1549 2303 1597 terrae
2332 1543 2558 1599 illustrat
2592 1562 2605 1599 :
2639 1545 2734 1601 sed
2775 1545 2841 1600 iis
2867 1560 3093 1616 quorum
3138 1545 3278 1601 oeuli
3317 1545 3594 1612 laborant,
3628 1561 3731 1602 non

2147 1642 2227 1686 est
2257 1634 2395 1688 talis.
2424 1635 2582 1705 Atqui
2611 1636 2691 1691 sol
2719 1652 2824 1691 non
2851 1646 2933 1694 est
2953 1637 3003 1692 in
3033 1637 3210 1708 culpa,
3236 1637 3329 1693 sed
3350 1648 3431 1693 est
3460 1639 3643 1694 vitium
3670 1641 3733 1694 il-

2148 1723 2317 1778 lorum
2347 1725 2740 1784 imbecillitatis.
2765 1728 2986 1797 Quando
3011 1744 3141 1800 ergo
3160 1729 3357 1786 videris
3377 1730 3608 1801 aliquem
3639 1732 3731 1788 Dei

2146 1829 2308 1883 opt-ra
2333 1827 2693 1886 accusantem,
2715 1834 2783 1875 ne
2811 1827 3027 1889 prepter
3053 1820 3193 1876 illius
3221 1821 3612 1892 improbitatem
3640 1825 3730 1880 Dei

2147 1920 2308 1973 opera
2335 1906 2707 1976 calumnieris;
2735 1911 2830 1966 sed
2859 1911 2997 1967 illius
3022 1912 3305 1968 dementias
3334 1916 3622 1971 maximum
3654 1918 3735 1971 in-

2146 1995 2342 2051 dscium
2393 1999 2576 2070 accipe
2628 2017 2692 2056 ex
2744 2002 2836 2057 Dei
2877 2003 3231 2072 providentia.
3272 2005 3731 2072 Quemadmodum

2148 2073 2289 2143 enim
2310 2092 2399 2160 qui
2425 2092 2594 2147 solem
2620 2092 2753 2147 dicit
2782 2094 3194 2161 tenebricosum,
3229 2104 3430 2152 astrum
3457 2113 3562 2152 nou
3596 2100 3734 2155 vitu-

2148 2183 2370 2250 peravit,
2398 2184 2492 2239 sed
2520 2199 2631 2241 suae
2662 2185 2829 2256 ipsius
2852 2189 3106 2245 caecitatis
3132 2201 3335 2246 certum
3360 2204 3730 2262 argumentum

2147 2276 2361 2344 protulit
2391 2296 2404 2331 :
2430 2284 2486 2333 et
2510 2278 2601 2348 qui
2642 2279 2745 2334 mel
2774 2294 3016 2336 amarum
3045 2282 3303 2349 nominat,
3338 2299 3443 2338 non
3473 2284 3612 2340 illius
3637 2288 3732 2341 ob-

2145 2378 2323 2422 scurat
2359 2367 2694 2427 dulcedinem
2721 2413 2736 2436 ,
2765 2373 2858 2427 sed
2888 2373 2955 2427 de
2996 2375 3183 2429 morbo
3207 2390 3314 2444 quo
3358 2376 3601 2445 laborat,
3633 2378 3734 2433 fert

2145 2460 2464 2515 sententiam
2494 2479 2507 2515 :
2539 2462 2609 2518 ita
2648 2464 2809 2520 etiam
2834 2466 2922 2536 qui
2955 2467 3046 2521 Dei
3081 2483 3241 2537 opera
3270 2469 3631 2543 reprehendit.
3665 2472 3732 2528 Et

2146 2552 2592 2620 quemadmodum
2623 2554 2707 2614 hic
2733 2572 2831 2615 nec
2870 2557 2994 2628 illis,
3018 2575 3118 2618 nec
3135 2563 3186 2619 ei
3210 2579 3328 2635 quae
3349 2565 3417 2621 de
3442 2565 3543 2620 illis
3564 2566 3730 2624 babe-

2149 2651 2250 2708 tnr,
2275 2645 2650 2704 existimationi
2676 2648 3054 2707 detrimentum
3085 2653 3277 2721 infert,
3308 2655 3403 2711 sed
3442 2658 3728 2713 amentiam

2145 2748 2293 2787 suam
2326 2736 2556 2793 maxime
2581 2740 2752 2809 arguit
2781 2759 2796 2796 :
2825 2741 2895 2797 ita
2916 2744 3004 2813 qui
3031 2742 3099 2799 de
3129 2744 3218 2799 Dei
3245 2746 3496 2815 operibus
3524 2757 3728 2803 rectum

2146 2839 2250 2879 non
2275 2825 2468 2882 habent
2487 2829 2766 2899 judicium,
2799 2849 2864 2887 ne
2890 2835 3143 2889 miracula
3174 2836 3386 2906 quidem
3414 2839 3587 2893 sciunt
3608 2856 3730 2911 qua:

2145 2913 2281 2971 facta
2327 2929 2450 2973 sunt
2477 2937 2492 2974 :
2516 2922 2961 2991 quemadmodum
2993 2938 3198 2993 contra,
3225 2928 3268 2981 si
3297 2929 3418 2998 quis
3464 2930 3534 2984 sit
3576 2946 3732 3001 mque

2146 3018 2198 3066 et
2226 3024 2334 3064 non
2363 3010 2650 3083 depravato
2678 3016 2856 3071 animo
2874 3058 2887 3079 ,
2930 3019 3161 3086 stupebit
3188 3021 3604 3091 unumquodque
3631 3037 3729 3078 e0-

2145 3117 2286 3170 rum,
2309 3118 2428 3174 quae
2461 3105 2707 3162 videntur
2733 3123 2852 3164 esse
2881 3109 3135 3165 difﬁcilia.
3163 3112 3300 3178 Quid
3327 3113 3489 3179 enim,
3523 3130 3728 3184 quaeso,

2146 3210 2328 3250 eorum
2350 3212 2469 3266 qute
2495 3200 2647 3267 fiunt,
2681 3216 2784 3257 non
2813 3210 2897 3257 est
2921 3203 3231 3261 admirabile
3250 3206 3273 3260 ?
3291 3207 3344 3261 Si
3375 3208 3506 3263 velis
3527 3217 3728 3273 autem,

2146 3285 2265 3340 aliis
2291 3290 2664 3356 praztermissis
2686 3293 2960 3350 veniamus
2990 3294 3058 3350 ad
3084 3310 3167 3373 ea,
3195 3311 3315 3366 qua:
3341 3297 3586 3353 videntur
3610 3314 3732 3355 esse

2146 3377 2327 3432 multis
2355 3378 2577 3436 molesta
2606 3391 2660 3437 et
2681 3384 2858 3453 gravia
2883 3426 2898 3451 ,
2924 3395 3171 3453 mortem,
3205 3389 3469 3457 morbum,
3500 3407 3729 3462 pauper-

2149 3476 2309 3523 tatem
2333 3511 2349 3538 ,
2381 3480 2436 3526 et
2473 3487 2821 3546 quaecumque
2863 3486 2986 3533 sunt
3025 3479 3307 3548 ejusmodi.
3355 3481 3408 3538 Si
3440 3483 3559 3552 quis
3587 3484 3729 3539 enim

2148 3559 2307 3616 fuerit
2345 3574 2494 3619 recto
2516 3566 2698 3634 corde,
2726 3584 2787 3623 ea
2821 3585 2923 3623 nou
2952 3570 3235 3629 difficulter
3257 3575 3512 3644 suscipiet
3534 3585 3591 3631 et
3626 3578 3733 3632 mi-

2148 3653 2370 3711 rabitur.
2396 3657 2506 3714 Etsi
2527 3660 2667 3714 enim
2696 3677 2838 3717 mors
2859 3679 2924 3718 ex
2952 3679 3170 3735 peccato
3191 3668 3427 3739 ingressa
3448 3679 3529 3725 est
3553 3666 3729 3743 (Rom.

2149 3743 2204 3799 5.
2233 3744 2345 3819 l2),
2379 3755 2524 3803 tanta
2551 3758 2726 3808 tamen
2756 3763 2809 3809 et
2838 3762 2943 3809 tam
2975 3756 3196 3828 insignis
3217 3758 3317 3814 fuit
3348 3760 3443 3817 Dei
3473 3763 3727 3831 potentia,

2147 3837 2428 3896 clementia
2471 3850 2527 3898 et
2576 3844 2926 3917 providentia,
2960 3855 3017 3901 ut
3043 3864 3162 3904 eam
3209 3850 3259 3905 in
3311 3853 3478 3908 nostri
3522 3856 3732 3925 generis

2147 3931 2427 3990 utilitatem
2457 3938 2799 3993 converterit.
2831 3939 2967 4007 Quid
2996 3941 3139 3997 enim
3168 3958 3329 4013 grave
3348 3986 3364 4013 ,
3394 3944 3502 4012 die,
3524 3962 3726 4018 quaeso,

2146 4021 2309 4080 habet
2329 4028 2516 4082 mors?
2543 4030 2734 4085 Annon
2763 4031 2954 4087 liberat
2979 4047 3009 4087 a
3039 4033 3347 4091 laboribus?
3374 4052 3552 4093 annon
3576 4054 3608 4094 a
3632 4053 3730 4094 cu-

2146 4116 2220 4171 ris
2248 4116 2444 4187 eripit?
2467 4119 2658 4174 Annon
2682 4121 2834 4177 audis
2858 4122 2958 4178 Job
2985 4138 3103 4179 eam
3133 4125 3457 4191 laudantem,
3484 4137 3539 4184 et
3558 4129 3731 4186 dicen-

2147 4217 2252 4262 tctn
2287 4223 2301 4260 :
2335 4208 2476 4263 Mors
2501 4210 2691 4266 homini
2710 4212 2922 4282 requies,
2939 4215 3087 4286 cujus
3107 4217 3189 4270 via
3223 4227 3295 4271 est
3335 4217 3625 4274 abscondita
3652 4221 3729 4292 (α)

2147 4298 2288 4373 (Job
2315 4303 2369 4358 3.
2395 4302 2532 4375 23)?
2585 4305 2775 4361 Annon
2803 4320 2865 4361 ea
2891 4307 3076 4363 vitium
3121 4310 3421 4368 rescindit?
3450 4311 3582 4368 Nam
3608 4323 3661 4368 et
3684 4315 3729 4369 si

2146 4393 2319 4449 malus
2345 4395 2464 4464 quis
2511 4394 2701 4462 fuerit,
2732 4411 2798 4451 eo
2836 4383 3257 4457 mortuo'vitium
3296 4412 3562 4459 resectum
3602 4415 3727 4461 est:

2150 4483 2250 4551 Qui
2287 4486 2423 4540 enim
2451 4496 2677 4542 mortuus
2712 4498 2803 4557 est,
2825 4490 3138 4559 justi/iamne
3160 4502 3231 4547 est
3256 4510 3289 4546 a
3319 4505 3520 4564 peccato
3548 4494 3725 4565 (Rom.

2147 4578 2198 4634 6.
2230 4578 2310 4646 7),
2344 4577 2444 4634 hoc
2482 4588 2599 4646 est,
2629 4589 2905 4651 peceatum
2943 4596 3051 4638 non
3090 4584 3318 4655 amplius
3358 4585 3576 4657 adjicit:
3607 4596 3662 4642 et
3685 4589 3729 4643 si

2146 4683 2265 4724 cum
2310 4668 2478 4724 bonus
2507 4671 2609 4734 sit,
2633 4672 2956 4741 excesserit,
3001 4675 3051 4727 in
3095 4682 3209 4729 tuto
3236 4675 3340 4730 erit
3385 4675 3435 4731 ei
3472 4677 3729 4733 collocata

2146 4760 2321 4815 onmis
2346 4760 2535 4829 virtus,
2562 4770 2616 4818 et
2645 4762 2696 4816 in
2727 4763 2991 4819 tutissimo
3017 4764 3269 4822 thesauro
3290 4767 3588 4822 recondita.
3619 4773 3732 4823 Au-

2148 4866 2273 4913 non,
2305 4850 2412 4918 die,
2440 4866 2622 4921 quaeso
2640 4893 2654 4918 ,
2677 4853 2825 4911 vivos
2852 4853 3205 4911 modestiores
3234 4856 3410 4912 reddit
3446 4867 3500 4912 et
3528 4868 3731 4929 tempe-

2147 4942 2453 4998 rautiores?
2482 4941 2596 4998 Non
2638 4943 2787 4999 vides
2816 4959 2958 5014 smpe
2984 4944 3175 5001 divites
3200 4947 3288 5016 qui
3313 4946 3563 5018 superbia
3591 4949 3733 5004 intu-

2148 5042 2408 5098 mescunt,
2437 5041 2491 5087 et
2509 5034 2791 5103 supercilia
2819 5034 3085 5102 attollunt,
3108 5049 3229 5090 cum
3261 5036 3313 5091 in
3345 5036 3530 5093 funere
3557 5037 3737 5094 vident

2148 5138 2344 5196 corpus
2368 5125 2549 5195 jacere
2585 5125 2829 5181 exanime
2868 5136 2923 5181 et
2953 5126 3229 5183 immotum
3251 5167 3271 5196 ,
3302 5128 3544 5198 ﬁliosque
3572 5131 3624 5184 in
3651 5146 3733 5185 or-

2149 5217 2332 5284 bitate,
2362 5233 2578 5274 uxorem
2602 5219 2654 5273 in
2685 5218 2959 5285 viduitate,
2992 5229 3044 5277 et
3070 5220 3270 5277 amicos
3298 5220 3350 5275 in
3373 5237 3625 5288 mmmre,
3656 5223 3729 5277 fa-

2150 5307 2429 5378 mulosque
2455 5309 2588 5364 atris
2611 5310 2847 5365 vestibus
2878 5311 3122 5380 indutos,
3155 5321 3207 5369 ct
3233 5327 3355 5369 esse
3379 5314 3611 5384 denique
3646 5315 3738 5369 tri-

2150 5409 2286 5456 stem
2316 5415 2379 5455 ac
2401 5399 2676 5472 lugubrem
2704 5401 2863 5457 totius
2881 5402 3072 5458 domus
3090 5405 3324 5475 speciem
3349 5425 3365 5472 ;
3389 5405 3659 5477 quomodo
3678 5416 3738 5460 se

2217 5503 2289 5593 ια)
2303 5502 2452 5593 .1315":
2475 5504 2615 5593 αέζιξδ
2635 5501 3157 5593 ἒξῗηῆδίεὲδὲθξῖἔξίὶἐῖ(
3180 5510 3253 5593 οδ.
3274 5513 3446 5593 ἤρεφε
3459 5513 3725 5593 frtem

2152 5563 2236 5614 ἄπ’
2261 5563 2408 5638 ειηρτοῦ
2427 5563 2604 5638 _),_n'on
2634 5575 2778 5616 erant
2811 5563 3277 5638 inAEditione'pxx,
3295 5563 3489 5638 'sedgab
3511 5563 3728 5638 Origene

2154 5638 2217 5675 ex
2266 5626 2613 5677 Theodotione
2660 5641 2773 5677 cum
2814 5629 3055 5681 asterisco
3098 5626 3357 5693 subjurieta
3402 5626 3626 5693 fuerant:
3672 5643 3725 5685 ut

2155 5697 2626 5759 responderenthis
2659 5698 2823 5749 verbis
2858 5700 3113 5753 Hebraicis
3148 5717 3160 5730 ·
3194 5707 3374 5756 t'l'tr'lDJ
3407 5710 3541 5759 ΊΤΠ
3574 5711 3723 5759 -τιεκ,

2153 5757 2748 5831 sed’posteaquibusdam
2771 5764 3144 5831 exemplaribus
3164 5765 3390 5831 adjuncta
3414 5757 3574 5822 fuere.
3600 5757 3722 5824 Vide

2154 5826 2318 5870 not-tm
2344 5827 2559 5872 nostram
2586 5821 2637 5871 in
2674 5821 2926 5886 Hexaplis.
