4114 6278
385 429 492 486 279

388 546 597 617 ἀλόγων
638 542 736 597 ῐδοι
768 560 852 607 τις
903 542 986 598 ἀν.
1027 541 1092 595 Τί
1132 542 1239 613 γὰρ
1279 541 1468 611 ὄφελος
1508 540 1614 611 δνῳ
1650 538 1963 611 βαλλομένῳ

396 633 613 707 μεγέθει
631 630 885 701 φορτίων,
902 629 1005 683 κᾶν
1025 630 1281 700 μυριάκις
1303 628 1482 681 αὐτῶν
1499 627 1750 699 ἀπολαύῃ
1770 645 1784 693 ;
1831 626 1885 680 τί
1908 627 1965 680 δὲ

399 722 589 793 βλάϐος
627 718 797 788 ἑτέρῳ
817 716 1020 770 τούτων
1064 715 1468 787 ἀπηλλαγμένῳ
1501 716 1740 778 πάντων,
1772 714 1838 768 ἂν
1868 717 1967 785 τῆς

399 805 695 875 ἀναγκαίας
718 803 967 876 ἀπολαύῃ
987 804 1218 875 τροφῆς;
1240 802 1338 856 Διά
1362 802 1520 856 τοῦτο
1552 803 1646 856 καὶ
1683 805 1711 856 6
1738 804 1970 873 Χριστὸς

401 894 629 966 ὑψηλοὺς
694 894 817 957 τοὺς
861 892 1056 946 ἐαυτοῦ
1097 891 1522 956 κατασκευάζων
1574 891 1838 962 μαθητὰς,
1875 890 1970 943 ἆτε

405 982 694 1054 μέλλοντας
721 982 790 1051 τῇ
823 979 1117 1051 οἰκουμένῃ
1145 978 1483 1042 διαλέξεσθαι
1529 978 1722 1050 πάσῃ,
1779 975 1969 1030 πασῶν

400 1069 598 1130 αὐτοὺς
613 1065 893 1136 ἀπήλλαξε
918 1065 1234 1135 φροντίδων,
1259 1065 1569 1136 πτερωτοὺς
1585 1062 1969 1136 ἐργαζόμενος,

400 1156 493 1210 καὶ
521 1155 827 1225 ἀδάμαντος
857 1152 1264 1223 εὐτονωτέρους.
1291 1153 1455 1206 Οὐδὲν
1476 1152 1583 1221 γὰρ
1612 1150 1782 1214 οὕτως
1819 1150 1972 1221 ἰσχὺν

400 1242 642 1311 ἐντίθησι
693 1240 862 1312 ψυχῇ,
913 1240 991 1302 ὡς
1027 1237 1103 1293 ’τὸ
1144 1240 1348 1295 τούτων
1395 1239 1769 1313 ἀπηλλάχθαι·
1821 1237 1974 1292 οὐδὲν

401 1329 575 1394 οὕτως
602 1329 805 1400 ἀσθενῆ
832 1331 1009 1391 ποιεῖ,,
1026 1327 1101 1391 ώς
1115 1328 1175 1381 τδ
1194 1326 1406 1391 τούτοις
1438 1327 1740 1399 ἐνέχεσθαι.
1761 1327 1975 1397 ’Ὠσπερ

404 1419 515 1489 γάρ
548 1419 648 1472 οὐκ
688 1417 802 1470 ἔστι
831 1415 1009 1488 λύπην
1055 1416 1235 1488 εὑρεῖν
1273 1415 1505 1469 ἐνταῦθα
1545 1415 1771 1486 ταχέως,
1806 1414 1978 1477 οὕτως

405 1508 521 1560 ἐκεῖ
552 1506 765 1578 ἡδονήν.
803 1506 862 1560 '0
898 1504 998 1575 μὲν
1025 1505 1135 1577 γὰρ
1174 1504 1399 1568 πολλοὺς
1431 1504 1542 1575 ἔχει
1580 1505 1845 1567 δεσπότας
1883 1502 1978 1556 καὶ

405 1594 690 1657 δεσποίνας
720 1592 1030 1664 ἀνημέρους
1058 1591 1225 1656 τινὰς.
1247 1591 1341 1646 καὶ
1369 1590 1765 1662 ἀπανθρώπους
1791 1610 1801 1620 ·
1852 1592 1881 1644 6
1919 1590 1976 1643 δὲ

406 1679 648 1734 δουλεύει
681 1679 780 1750 μὲν
805 1678 1004 1744 οὐδενὶ,
1031 1679 1225 1750 κρατεῖ
1262 1676 1319 1730 δὲ
1369 1676 1643 1737 ἁπάντων,
1680 1676 1819 1742 μετά
1849 1675 1978 1735 πολ-

403 1768 513 1840 λῆς
538 1769 639 1839 τῆς
679 1768 878 1833 ἀδείας,
919 1766 1014 1820 καί
1045 1766 1146 1837 τῆς
1186 1766 1400 1829 ἀκτῖνος
1428 1765 1734 1831 ἀπολαύων,
1771 1766 1867 1820 καὶ
1902 1764 1979 1836 τῷ

410 1856 538 1927 ἀέρι
577 1854 872 1927 ἐντρυφῶν,
904 1855 999 1908 καὶ
1048 1853 1139 1907 τὸν
1181 1852 1547 1924 διενοχλοῦντα
1577 1853 1682 1906 οὐκ
1707 1851 1866 1922 έχων.
1903 1852 1977 1905 Οὐ

413 1943 583 2014 θυμὸς
614 1943 915 2014 σπαράσσει
942 1940 1149 2005 τοῦτον,
1190 1942 1251 1994 οὐ
1275 1941 1488 2011 φθόνος,
1514 1941 1575 1994 οὐ
1610 1939 1900 2011 βασκανία,
1917 1940 1978 1994 οὐ

413 2029 692 2100 φροντίδες
719 2024 998 2101 τήκοιήιν,
1033 2028 1094 2082 οὐ
1117 2027 1462 2099 ζηλοτυπίαι,
1499 2028 1560 2081 οὐ
1598 2027 1889 2093 κενοδοξία,
1917 2027 1979 2080 οὐ

410 2116 600 2186 τῦφος,
625 2116 726 2170 οὐκ
750 2116 879 2171 ἀλλο
916 2116 1025 2169 τῶν
1048 2114 1305 2170 τοιούτων
1334 2115 1488 2169 οὐδέν
1510 2133 1524 2147 ο
1552 2115 1666 2170 ἀλλ’
1690 2116 1878 2187 ὥσπερ
1898 2132 1983 2179 τις

411 2204 578 2275 λιμὴν
636 2203 896 2267 εὐδιεινὸς
931 2220 951 2242 ι
982 2202 1243 2273 κυμάτων
1299 2200 1752 2272 ἀπηλλαγμένος,
1811 2201 1983 2265 οὕτως

412 2289 564 2361 αὐτῷ
588 2290 657 2344 τὰ
681 2292 781 2362 τῆς
808 2289 984 2360 ψυχῆς
1014 2289 1301 2352 διάκειται,
1351 2290 1445 2342 καὶ
1475 2290 1611 2360 πρὸς
1637 2288 1728 2343 τὸν
1756 2287 1982 2360 οὐρανὸν

413 2377 652 2441 εὐκόλως
691 2375 883 2440 ὁδεύει,
932 2376 1106 2429 οὐδενὶ
1145 2375 1259 2430 τῶν
1296 2375 1576 2447 παρόντων
1604 2375 1979 2447 κατεχόμενος.

419 2466 515 2519 Ἱν’
546 2461 638 2519 οὖν
668 2465 762 2518 καὶ
795 2466 953 2535 ἡμεῖς
990 2463 1193 2532 ταύτης
1237 2464 1600 2535 ἀπολαύωμεν
1645 2465 1745 2536 τῆς
1779 2465 1980 2529 ἀδείας,

417 2556 512 2607 καὶ
554 2555 650 2623 τῆς
689 2553 830 2607 κατά
876 2554 972 2607 τὸν
999 2554 1240 2624 παρόντα
1281 2553 1392 2624 βίον
1430 2553 1715 2625 εὐθυμίας,
1750 2555 1846 2608 καὶ
1886 2556 1987 2623 τῆς

419 2641 669 2705 εὐκολίας
688 2641 788 2711 τῆς
821 2641 961 2695 κατά
986 2640 1083 2713 τὴν
1111 2642 1440 2713 ἀποδημίαν,
1470 2641 1659 2696 τοῦτον
1705 2640 1986 2712 διώκωμεν

417 2729 510 2783 τδν
552 2728 686 2798 βίον,
732 2727 870 2781 ὥστε
907 2728 1000 2780 καὶ
1043 2726 1151 2781 τῶν
1204 2727 1437 2782 αἰωνίων
1481 2729 1700 2797 ἀγαθῶν
1745 2726 1988 2782 ἀπολαῦ-

423 2833 535 2875 σαι,
577 2814 686 2867 τῶν
727 2813 1174 2885 ὑπερϐαλλόντων
1209 2815 1424 2869 ἅπαντα
1466 2814 1660 2883 λόγον,
1712 2815 1806 2870 καὶ
1844 2814 1990 2881 νοῦν,

424 2901 519 2954 καὶ
559 2901 811 2966 διάνοιαν,
848 2904 906 2954 ἐν
936 2902 1157 2973 Χριστῷ
1202 2902 1374 2974 Ἰησοῦ
1407 2902 1485 2973 τῷ
1524 2903 1712 2977 Κυρίῳ
1740 2904 1916 2974 ἡμῶν,
1948 2898 1994 2974 ᾧ

429 2989 465 3053 ἠ
502 2987 627 3054 δόξα
647 2989 738 3042 καὶ
766 2989 825 3042 τὸ
851 2988 1073 3061 κράτος,
1104 2991 1183 3055 εἰς
1226 2991 1351 3054 τοὺς
1390 2990 1591 3056 αἰῶνας
1622 2991 1729 3046 τῶν
1758 2990 1991 3046 αἰώνων.

441 3072 500 3126 Ἀ
509 3073 635 3144 μήν.

780 3162 930 3237 [265]
952 3165 1060 3218 ΕιΣ
1087 3165 1223 3219 TON
1258 3165 1338 3220 Pl'
1370 3167 1690 3225 ΨΑΛΜΟΝ.
1876 3204 1885 3213 -

439 3252 983 3323 Ἑζομολοτήσομαί
1019 3272 1139 3318 σοι,
1158 3256 1355 3325 Κύριε,
1377 3257 1447 3311 ἐν
1475 3257 1587 3327 ὅλῃ
1617 3257 1831 3326 καρδίᾳ
1853 3275 1992 3328 μου.

495 3341 639 3397 α’.Τί
658 3343 825 3407 ἐστιν,
842 3342 938 3393 Ἐν
958 3342 1072 3411 ὅλῃ
1092 3360 1110 3407 ;
1134 3345 1291 3398 Met-3t
1304 3345 1608 3416 προθυμίας
1621 3347 1857 3418 ἀπάσης,
1876 3361 2000 3400 συν-

426 3429 759 3500 τεταμένως,
792 3429 1128 3500 ἀπαλλαγεὶς
1148 3431 1256 3486 τῶν
1288 3432 1554 3503 βιωτικῶν
1572 3433 1887 3505 φροντίδων,
1904 3434 1999 3488 καὶ

432 3516 725 3587 μετάρσιος
754 3517 1066 3588 γενόμενος,
1114 3520 1210 3573 καὶ
1248 3520 1347 3591 τὴν
1379 3519 1557 3591 ψυχὴν
1585 3519 1858 3584 ἀπολύσας
1892 3520 2000 3576 τῶν

428 3602 645 3674 δεσμῶν
687 3602 783 3656 τοῦ
830 3602 1098 3674 σώματος.
1147 3605 1249 3659 Ἔν
1296 3606 1529 3674 καρδίᾳ.
1568 3607 1680 3677 Οὐχ
1718 3606 1905 3669 ἁπλῶς
1944 3609 2002 3661 ἐν

433 3691 665 3762 ῥήμασι,
716 3690 835 3745 οὐδὲ
869 3693 926 3744 ἐν
954 3691 1167 3763 γλώττῃ
1200 3692 1296 3747 καὶ
1344 3692 1571 3764 στόματι
1627 3694 1815 3764 μόνον,
1867 3694 2004 3749 ἀλλά

432 3779 530 3833 καὶ
559 3777 698 3849 μετά
724 3778 823 3850 τῆς
845 3779 1097 3845 διανοίας.
1124 3779 1279 3834 Οὐτω
1314 3782 1407 3835 καὶ
1434 3782 1673 3853 Μωύσῆς
1699 3781 2003 3852 νομοθετῶν

435 3865 621 3934 ἔλεγεν
639 3880 655 3895 '
682 3865 1044 3935 Ἀγαπήσεις
1076 3868 1293 3935 Κύριον
1306 3867 1414 3921 τὸν
1436 3868 1584 3923 Θεόν
1610 3884 1727 3923 σου
1757 3868 1827 3934 ἐξ
1854 3869 2005 3938 ὅλης

434 3951 546 4021 τῆς
582 3954 830 4023 καρδίας
861 3970 1000 4021 σου,
1032 3956 1131 4010 καί
1167 3957 1236 4022 ἐξ
1256 3957 1406 4025 ὅλης
1429 3957 1537 4027 τῆς
1562 3958 1832 4026 διανοίας
1863 3973 2004 4015 σου.

448 4040 713 4096 Ἐνταῦθα
734 4044 842 4115 γάρ
867 4061 957 4114 μοι
983 4045 1083 4115 τὴν
1107 4043 1494 4116 ἐξομολόγησιν
1527 4045 1627 4116 τὴν
1655 4046 2007 4118 εὐχαριστίαν

434 4128 584 4183 δοκεῖ
596 4128 793 4198 λέγειν.
830 4130 1105 4203 Ὑμνήσω,
1134 4132 1316 4202 φησὶν,
1342 4134 1737 4206 εὐχαριστήσω.
1767 4135 1876 4188 Καὶ
1900 4134 2030 4208 γὰρ’

436 4215 655 4270 ἅπαντα
690 4218 783 4271 τὸν
826 4217 938 4288 βίον
981 4221 1061 4283 είς
1101 4219 1260 4273 τοῦτο
1285 4220 1596 4291 ἀνήλισκεν,
1636 4222 1731 4275 καὶ
1760 4221 2009 4278 ἐντεῦθεν

435 4304 874 4375 προοιμιάζεται,
904 4306 998 4359 καὶ
1029 4306 1108 4369 εἰς
1134 4307 1289 4359 τοῦτο
1306 4306 1603 4379 καταλήγει
1625 4326 1640 4341 ο
1660 4308 1924 4363 καὶτοῦτο
1940 4304 2010 4381 ἦν

437 4391 600 4462 ἔργον
634 4390 796 4445 αὐτοῦ
822 4391 1131 4455 διαπαντὸς,
1165 4393 1226 4446 τὸ
1258 4394 1350 4448 καί
1395 4394 1535 4467 ὑπὲρ
1578 4394 1688 4449 τῶν
1719 4398 1799 4460 εἰς
1846 4396 2009 4451 αὐτὸν

436 4477 766 4547 γενομένων,
792 4479 888 4532 καὶ
917 4479 1056 4551 ὐπὲρ
1085 4479 1194 4535 τῶν
1227 4483 1309 4545 είς
1334 4481 1527 4547 ἀλλους
1550 4483 1879 4555 εὐεργεσιῶν
1909 4484 2008 4557 τὴν

438 4567 792 4638 εὐχαριστίαν
821 4567 1139 4638 ἀναφέρειν.
1171 4570 1338 4623 Οὐδὲν
1366 4569 1476 4642 γὰρ
1527 4571 1699 4636 οὓτως
1721 4574 1750 4625 6
1776 4572 1908 4637 Θεὸς
1932 4574 2010 4638 ὡς

437 4653 599 4708 τοῦτο
618 4654 897 4727 ἐπιζητεῖ·
922 4656 1082 4711 τοῦτο
1116 4657 1297 4724 θυσία,
1333 4658 1490 4711 τοῦτο
1520 4661 1823 4732 προσφορὰ,
1850 4661 2011 4716 τοῦτο

436 4739 619 4812 ψυχῆς
664 4742 1004 4813 εὐγνώμονος
1034 4746 1278 4815 σημεῖον,
1317 4744 1477 4798 τοῦτο
1506 4734 1691 4819 πληγὴ
1740 4751 1879 4802 κατὰ
1914 4749 2008 4803 τοῦ

438 4830 686 4884 διαϐόλου
706 4846 720 4859 ο
756 4831 1004 4885 ἐντεῦθεν
1032 4831 1061 4884 6
1085 4832 1352 4904 μακάριος
1391 4832 1510 4886 Ἰὼϐ
1539 4834 1895 4905 ἐστεφανοῦτο
1917 4838 2012 4891 καὶ

440 4917 860 4988 ἀνεκηρύττετο,
898 4918 978 4971 ὅτι
1009 4918 1218 4989 μυρίων
1246 4919 1568 4990 πειρασμῶν
1615 4921 2012 4993 ἐπενεχθέντων

438 5005 612 5075 αὐτῷ,
645 5006 736 5058 καὶ
779 5006 876 5077 τῆς
914 5006 1166 5074 γυναικὸς
1197 5005 1696 5082 ὐποσκελιζούσης,
1735 5010 1796 5062 οὐ
1855 5026 2013 5081 περι-

438 5093 678 5163 ετράπη,
707 5092 822 5145 ἀλλ’
852 5091 1040 5163 ἔμενεν
1090 5093 1426 5167 εὐχαριστῶν
1471 5098 1550 5165 τῷ
1596 5097 1843 5170 Δεσπότῃ
1886 5098 2013 5170 περὶ

438 5180 683 5240 πάντων,
717 5180 814 5249 οὐχ
841 5179 1003 5253 ἡνίκα
1027 5180 1297 5245 ἐπλούτει,
1344 5180 1479 5236 ἀλλά
1509 5183 1605 5236 καὶ
1653 5184 1814 5255 ἡνίκα
1846 5185 2015 5258 πένης

440 5266 688 5333 ἐγένετο·
717 5266 815 5339 οὐχ
841 5266 1001 5339 ἡνίκα
1036 5267 1295 5335 ὐγίαινεν,
1330 5268 1466 5329 ἀλλά
1494 5271 1588 5327 καὶ
1619 5271 1777 5343 ἡνίκα
1800 5273 2012 5346 ἐπλήγη

437 5353 540 5425 τὴν
572 5354 751 5429 σάρκα
774 5372 787 5385 ·
822 5356 921 5429 οὐχ
957 5356 1044 5410 ὅτε
1087 5356 1228 5411 κατά
1264 5358 1390 5427 ῥοῦν
1430 5358 1577 5431 αὑτῷ
1604 5360 1674 5414 τὰ
1716 5363 2016 5434 πράγματα

439 5441 687 5513 ἐφέρετο,
719 5442 853 5497 ἀλλά
886 5444 980 5497 καὶ
1005 5444 1095 5498 ὅτε
1123 5444 1357 5520 χαλεπὸς
1376 5447 1580 5511 ἐκεῖνος
1600 5451 1628 5503 ὁ
1650 5449 1855 5519 χειμὼν
1886 5468 2016 5504 κατ-

440 5529 685 5599 έσκηψεν
725 5532 803 5595 εἰς
847 5534 1024 5590 πᾶσαν
1051 5533 1215 5587 αὐτοῦ
1255 5535 1355 5606 τὴν
1384 5536 1579 5604 οἰκίαν,
1608 5541 1700 5594 καὶ
1736 5542 1815 5604 εἰς
1847 5539 2016 5613 αὐτὴν

438 5615 539 5669 τοῦ
576 5613 828 5688 σώματος
860 5619 957 5689 τὴν
983 5619 1163 5689 φύσιν.
1215 5621 1384 5676 Τοῦτο
1416 5623 1522 5696 γάρ
1570 5626 1801 5696 μάλιστα
1856 5630 2016 5700 εὐχα-

508 5794 536 5833 ε
563 5792 648 5842 Sic
666 5806 779 5844 mss.
807 5799 959 5843 recte.
985 5793 1114 5843 Edil.
1144 5793 1314 5845 Morel.
1340 5798 1536 5856 εύὸεινὸς
1554 5812 1812 5863 perperam

1519 421 1877 480 EXPOSITIO
1916 420 1983 476 IN
2025 420 2360 481 ΡδΑωιυιιι
2395 426 2505 483 CIL.

3520 427 3631 483 9.80

2071 539 2253 611 ρίστου
2281 543 2504 617 γνώμης
2528 546 2586 598 ἐν
2610 545 2726 608 ταῖς
2767 544 2976 615 θλίψεσι
3003 544 3093 609 καὶ
3130 547 3247 606 ταῖς
3278 545 3655 617 δυσημερίαις

2068 629 2267 702 πολλὴν
2304 631 2501 686 εἰδέναι
2547 630 2626 702 τῷ
2675 631 2794 704 Θεῷ
2837 631 2936 704 τὴν
2980 632 3172 703 χάριν,
3222 634 3316 685 καὶ
3349 633 3636 698 διαπαντὸς

2072 717 2253 788 μένειν
2286 718 2711 791 εὐχαριστοῦντά
2735 736 2748 751 ·
2784 720 2921 791 ὅπερ
2950 716 3042 775 οὖν
3074 721 3168 775 καὶ
3200 720 3359 784 αὐτὸς
3403 721 3637 775 αἰνιττόι

2073 822 2232 875 μενος
2255 806 2342 860 διὰ
2375 804 2481 860 τῶν
2529 806 2657 877 ἑξῆς
2709 806 2995 879 ἐδήλωσεν.
3040 807 3259 880 Ἐπειδὴ
3301 807 3410 880 γὰρ
3456 808 3642 863 πολλοὶ

2068 891 2177 946 τῶν
2222 891 2522 964 ἀνθρώπων
2563 894 2623 947 ἐν
2660 894 2894 966 εὐθυμία
2929 893 3024 964 μὲν
3050 894 3199 958 ὄντες
3235 895 3640 967 εὐχαριστοῦσι,

2068 978 2140 1033 τά
2178 979 2395 1033 ἐναντία
2420 979 2477 1033 δὲ
2511 980 2807 1051 πάσχοντες
2839 979 3280 1052 δυσχεραίνουσιν
3301 998 3314 1011 ·
3356 982 3462 1035 εἰσί
3492 981 3549 1035 δὲ
3592 981 3644 1035 οἶ

2072 1067 2165 1119 καὶ
2192 1065 2298 1121 τῶν
2334 1066 2636 1137 γινομένων
2669 1066 3163 1138 ἐπιλαμϐάνονται·
3197 1066 3412 1132 δεικνὺς
3450 1068 3533 1122 ὅτι
3580 1070 3641 1122 οὐ

2073 1152 2229 1225 παρὰ
2254 1153 2351 1226 τὴν
2378 1153 2540 1223 φύσιν
2566 1153 2675 1208 τῶν
2707 1153 3133 1229 συμϐαινόντων,
3173 1154 3310 1210 ἀλλά
3354 1155 3506 1226 παρά
3546 1154 3645 1227 τὴν

2073 1240 2512 1311 διεστραμμένην
2568 1238 2795 1312 γνώμην
2838 1238 2999 1294 τοῦτο
3052 1240 3259 1308 γίνεται
3289 1280 3306 1306 ,
3395 1242 3648 1311 ἐπήγαγε

2074 1327 2278 1395 λέγων·
2319 1328 2414 1381 Ἑν
2438 1326 2645 1396 ,ϐουλῇ
2677 1327 2899 1383 εὐθέων
2936 1328 3035 1382 καί
3067 1328 3390 1398 συναγωγῇ
3412 1327 3649 1399 μεγάλα

2075 1413 2147 1469 τὰ
2170 1415 2317 1484 ἔργα
2354 1415 2600 1483 Κυρίου.
2649 1414 2818 1469 Τοῦτο
2848 1411 2970 1468 εἰπε
2998 1416 3229 1480 δεικνὺς,
3268 1417 3348 1470 ὅτι
3392 1415 3646 1470 δικαστοῦ

2077 1501 2230 1573 χρεία
2290 1501 2584 1556 ἀδεκάστου
2640 1503 2732 1556 καὶ
2777 1503 3031 1571 συλλόγου
3083 1504 3158 1574 μὴ
3208 1503 3605 1576 διεφθαρμένου
3627 1542 3645 1567 ,

2078 1588 2171 1642 καὶ
2218 1587 2351 1659 δῆλα
2396 1587 2549 1642 ἔσται
2589 1590 2656 1643 τά
2688 1589 2825 1659 ἔργα
2851 1590 2946 1643 τοῦ
2992 1590 3148 1654 Θεοῦ,
3181 1591 3263 1645 ὅτι
3299 1591 3531 1662 μέγαλα,
3564 1590 3648 1644 ὅτι

2081 1677 2276 1731 πολλοῦ
2307 1677 2580 1748 θαύματος
2599 1677 2899 1749 ἀνάμεστα.
2929 1680 3083 1733 Ἐστι
3120 1679 3217 1749 μὲν
3247 1679 3356 1750 γάρ
3383 1679 3477 1733 καὶ
3525 1676 3648 1734 καθ’

2080 1766 2249 1819 ἐαυτά
2270 1766 2497 1836 μεγάλα,
2528 1765 2588 1818 οὐ
2613 1765 2881 1820 δείκνυται
2898 1766 2956 1820 δὲ
2987 1767 3217 1837 μεγάλα,
3237 1766 3332 1821 ἐὰν
3357 1767 3430 1838 μὴ
3458 1767 3650 1839 κριτὴν

2080 1853 2238 1924 ὀρθὸν
2270 1853 2388 1925 ἔχῃ.
2438 1853 2589 1907 Ἐπεὶ
2629 1854 2724 1907 καί⁸
2767 1855 2796 1906 ὁ
2840 1853 2992 1923 ἥλιος
3035 1852 3157 1907 καθ’
3196 1853 3385 1907 ἑαυτὸν
3430 1853 3640 1925 φαιδρδ(

2081 1936 2174 1990 καὶ
2206 1934 2449 2007 διαυγὴς,
2484 1935 2578 1988 καὶ
2608 1934 2705 2007 τὴν
2733 1935 3058 2006 οίκουμένην
3109 1935 3400 2008 διαλάμπει
3433 1937 3613 1990 πᾶσαν
3634 1954 3645 1967 ·

2081 2019 2217 2074 ἀλλά
2274 2021 2387 2082 τοῖς
2418 2018 2556 2071 κατά
2590 2018 2742 2088 ὄψεις
2790 2018 3034 2073 νοσοῦσιν
3082 2020 3182 2072 οὐκ
3242 2020 3355 2073 ἐστι
3392 2019 3644 2084 τοιοῦτος.

2095 2104 2234 2159 Ἀλλ’
2286 2102 2347 2157 οὐ
2379 2100 2472 2155 τοῦ
2499 2101 2650 2171 ἡλίου
2679 2102 2740 2155 τὸ
2769 2102 3017 2173 ἔγκλημα
3038 2140 3053 2165 ,
3102 2102 3237 2155 ἀλλά
3279 2104 3375 2173 τῆς
3428 2103 3645 2157 ἐκείνων
3694 2172 3697 2175 ν

2083 2187 2361 2252 ἀσθενείας
2414 2186 2474 2241 τὸ
2523 2184 2828 2256 ἐλάττωμα.
2875 2186 3044 2241 Ὅταν
3109 2186 3286 2241 τοίνυν
3345 2186 3461 2258 ῐδῃς
3532 2186 3647 2242 τινά

2083 2269 2494 2342 κατηγοροῦντα
2518 2269 2626 2323 τῶν
2661 2267 2835 2339 ἔργων
2860 2267 3016 2333 Θεοῦ,
3043 2269 3116 2338 μὴ
3140 2270 3208 2324 τὰ
3232 2269 3367 2340 ἔργα
3399 2268 3655 2323 διάϐαλλε

2083 2355 2172 2409 διά
2205 2355 2304 2424 τὴν
2352 2350 2561 2406 ἐκείνου
2598 2352 2836 2421 κακίαν,
2888 2350 3023 2404 ἀλλά
3059 2352 3160 2421 τῆς
3209 2352 3418 2405 ἐκείνου
3469 2350 3655 2416 ἀνοίας

2085 2438 2326 2510 λάμϐανε
2364 2437 2619 2507 μέγιστον
2664 2436 2861 2506 δεῖγμα
2911 2436 3019 2489 ἀπὸ
3047 2437 3147 2506 τῆς
3188 2436 3282 2489 τοῦ
3332 2435 3468 2488 Θεοῦ
3517 2452 3644 2507 προ-

2086 2523 2252 2586 νοίας.
2290 2521 2499 2591 Ὥσπερ
2530 2519 2640 2591 γάρ
2674 2521 2701 2573 6
2737 2519 2830 2573 τὸν
2857 2519 3009 2590 ⁴ἣλιον
3041 2518 3212 2588 λέγων
3253 2520 3544 2586 σκοτεινὸν,
3592 2520 3645 2574 οὐ

2086 2604 2148 2659 τὸ
2176 2604 2373 2676 ἄστρον
2402 2602 2663 2668 διέϐαλεν,
2708 2599 2845 2655 ἀλλά
2885 2603 2984 2672 τῆς
3015 2600 3177 2655 αὐτοῦ
3209 2601 3511 2673 πηρώσεως
3564 2601 3655 2668 ἐξ·

2088 2691 2316 2761 ήνεγκεν
2343 2686 2562 2756 ἔλεγχον
2590 2684 2790 2756 ἀκριϐῆ
2806 2702 2820 2714 ·
2842 2684 2976 2737 καὶὸ
2993 2684 3053 2737 τὸ
3084 2685 3204 2756 μέλι
3236 2685 3432 2757 πικρὸν
3458 2685 3650 2756 ὁνομάσ

2091 2772 2216 2836 ζων,
2235 2770 2294 2824 οὐ
2310 2769 2409 2841 τὴν
2424 2767 2734 2838 γλυκύτητα
2757 2767 2855 2838 τὴν
2885 2766 3092 2821 ἐκείνου
3116 2767 3464 2822 συνεσκίασεν
3480 2765 3655 2839 [9.66],

2090 2852 2225 2909 ἀλλά
2251 2854 2348 2925 τῆς
2377 2853 2531 2906 νόσου
2556 2855 2654 2923 τῆς
2684 2849 2878 2905 ἑαυτοῦ
2914 2851 3250 2927 κατηγορίας
3295 2852 3660 2918 συνεστήσατο

2090 2936 2189 3009 τὴν
2209 2936 2388 3009 ψῆφον
2407 2952 2422 2967 ⁸
2455 2934 2597 2989 οὕτω
2625 2935 2687 3006 δὴ
2716 2933 2812 2988 καὶ
2839 2935 2867 2987 6
2890 2932 2999 2987 τῶν
3024 2933 3201 3004 ἔργων
3236 2933 3329 2988 τοῦ
3371 2933 3504 2987 Θεοῦ
3534 2935 3659 2986 ἐπι-

2092 3018 2516 3092 λαμϐανόμενος.
2539 3019 2651 3075 Καί
2677 3018 2826 3071 ὥσπε
2835 3034 2864 3089 ρ
2883 3009 3034 3081 οὗτος
3066 3018 3246 3070 ἐκεῖνα
3272 3017 3368 3087 μὲν
3388 3018 3450 3071 οὐ
3475 3017 3537 3071 λυ
3546 3016 3662 3089 μαί-

2093 3121 2262 3171 νεται,
2291 3104 2411 3158 οὐδὲ
2434 3103 2534 3174 τὴν
2568 3102 2695 3173 περί
2724 3101 2901 3156 αὐτῶν
2934 3101 3221 3173 ὑπόληψιν,
3252 3101 3355 3173 τῆς
3393 3102 3450 3158 δὲ
3478 3103 3663 3163 ἀνοίας

2091 3191 2192 3260 τῆς
2208 3186 2398 3242 ἑαυτοῦ
2426 3186 2688 3259 μεγίστην
2712 3186 2934 3258 ἐκφέρει
2949 3185 3281 3257 κατηγορίαν
3298 3203 3310 3216 ·
3330 3184 3472 3239 οὕτω
3491 3185 3555 3257 δὴ
3572 3185 3666 3239 καὶ

2097 3271 2225 3343 περί
2246 3270 2355 3324 τῶν
2384 3269 2560 3342 ἔργων
2578 3267 2673 3322 τοῦ
2700 3267 2834 3322 Θεοῦ
2856 3270 2904 3322 οἱ
2938 3267 3012 3339 μὴ
3033 3268 3212 3338 κρίσιν
3232 3268 3397 3340 ὀρθὴν
3426 3268 3662 3340 ἔχοντες,

2098 3356 2199 3409 οὐκ
2225 3354 2400 3408 ἰσασιν
2425 3352 2543 3407 οὐδέ
2573 3352 2642 3407 τὰ
2670 3350 2924 3423 Θαύματα
2949 3352 3018 3404 τά
3046 3353 3312 3423 γενόμενα
3331 3370 3345 3385 ·
3371 3352 3446 3417 ὡς
3487 3353 3542 3406 ετ
3582 3370 3668 3418 τις

2099 3436 2393 3491 ἀδέκαστον
2443 3434 2553 3507 ἔχοι
2595 3434 2774 3505 ψυχὴν
2801 3435 2896 3488 καὶ
2926 3433 3001 3506 μὴ
3044 3434 3505 3507 διεστραμμένην,
3538 3435 3669 3490 ἕκα-

2104 3535 2226 3573 στον
2269 3517 2364 3572 καὶ
2393 3517 2502 3571 τῶν
2529 3516 2827 3573 δοκούντων
2860 3515 2998 3572 εἰναι
3040 3516 3316 3589 δυσχερῶν
3328 3517 3671 3589 ἐκπλαγήσεο

2102 3619 2214 3657 ται.
2236 3600 2301 3655 Τί
2326 3601 2434 3674 γάρ
2455 3601 2515 3655 οὐ
2545 3599 2878 3672 θαυμαστὸν,
2905 3601 3025 3654 είπέ
3055 3617 3166 3672 μοι,
3193 3600 3300 3655 τῶν
3325 3601 3629 3672 γινομένων
3651 3616 3668 3666 ;

2103 3683 2214 3738 Καὶ
2234 3685 2282 3737 εἰ
2322 3683 2519 3754 βούλει,
2549 3682 2998 3754 παραδραμόντες
3024 3683 3093 3737 τά
3130 3682 3263 3737 ἄλλα
3301 3685 3477 3737 πάντα
3506 3682 3675 3737 ἔλθω-

2107 3783 2205 3839 μεν
2234 3768 2328 3821 ἐπὶ
2348 3768 2416 3821 τά
2454 3765 2713 3821 δοκοῦντα
2741 3762 2878 3820 εἰναι
2908 3768 3021 3830 τοῖς
3065 3765 3278 3830 πολλοῖς
3324 3765 3535 3837 ἐπαχθῆ
3577 3769 3673 3821 καὶ

2103 3849 2355 3923 φορτικὰ,
2374 3850 2465 3903 τὸν
2491 3850 2738 3913 θάνατον,
2766 3850 2864 3920 τὴν
2894 3850 3075 3911 νόσον,
3103 3848 3200 3921 τὴν
3225 3849 3433 3912 πενίαν,
3457 3848 3549 3902 καὶ
3572 3849 3675 3902 ὅσα

2103 3932 2346 3988 τοιαῦτα.
2373 3934 2560 4003 Εἰγάρ
2585 3949 2669 3995 τις
2700 3930 2910 3986 εὐθεῖαν
2938 3929 3094 4000 ἔχοι1⁵
3124 3930 3369 4002 καρδίαν,
3386 3931 3482 3984 καὶ
3499 3930 3675 3986 ταῦτα

2108 4023 2315 4095 σφόδρα
2352 4021 2671 4084 ἀποδέξεται
2710 4021 2806 4074 καὶ
2848 4018 3209 4092 θαυμάσεται.
3246 4019 3315 4076 Et
3346 4019 3455 4090 γὰρ
3493 4019 3586 4071 καὶ
3616 4018 3676 4087 ἐξ

2066 4130 2077 4150 ι
2105 4103 2383 4178 ἁμαρτίας
2413 4103 2660 4174 εἰσῆλθεν
2687 4104 2716 4156 6
2738 4102 2984 4165 θάνατος,
3015 4100 3131 4153 ἀλλ’
3156 4101 3308 4171 ὅμως
3328 4099 3564 4171 τοσαύτη
3580 4103 3675 4154 τοῦ

2107 4187 2240 4241 Θεοῦ
2270 4189 2304 4258 ἡ
2326 4184 2631 4255 περιουσία,
2660 4184 2756 4239 καὶ
2782 4186 2814 4255 ἠ
2844 4181 3244 4254 φιλανθρωπία,
3273 4183 3367 4236 καὶ
3394 4183 3493 4255 τῆς
3519 4182 3677 4255 κηδε-

2113 4271 2300 4344 μονίας
2330 4272 2363 4342 ή
2393 4267 2685 4340 ὑπερϐολὴ,
2714 4266 2789 4331 ὡς
2822 4266 2917 4320 καὶ
2929 4264 3103 4337 τούτῳ
3120 4267 3199 4329 εἰς
3221 4264 3341 4320 δέον
3369 4267 3678 4339 χρήσασθαι

2108 4353 2188 4426 τῷ
2216 4349 2457 4423 γένειτῷ
2487 4350 2760 4422 ἡμετέρῳ.
2790 4349 2856 4402 Τί
2882 4348 3010 4420 γάρ,
3049 4348 3168 4401 εἰπέ
3197 4364 3307 4420 μοι,
3341 4349 3478 4421 βαρύ
3515 4351 3543 4403 6
3579 4348 3677 4403 θά-

2110 4454 2268 4500 νατος
2304 4434 2445 4507 εχει;
2484 4434 2597 4512 ρύκ
2627 4433 2915 4504 ἀπαλλαγὴ
2957 4432 3138 4486 πόνων
3183 4432 3361 4500 ἐστίν;
3412 4434 3473 4486 οὐ
3525 4432 3679 4500 λύσις

2113 4519 2407 4592 φροντίδων
2429 4534 2445 4584 ;
2477 4518 2591 4572 Οὐκ
2610 4516 2828 4580 ἀκούεις
2854 4515 2947 4569 τοῦ
2977 4513 3096 4571 Ἰὼϐ
3119 4515 3280 4570 αὐτὸν
3308 4516 3681 4589 ἐγκωμιάζον-

2110 4623 2222 4670 τος,
2250 4604 2345 4659 καὶ
2380 4603 2629 4674 λέγοντος
2648 4619 2662 4634 ο
2701 4602 2963 4670 Θάνατος
2989 4602 3160 4671 ἀνδρί
3195 4602 3558 4672 ἀνάπαυσις,
3605 4598 3680 4661 οὗ

2110 4689 2149 4760 ἠ
2176 4688 2317 4754 ὁδὸς
2344 4687 2676 4757 ἀπεκρύ6η;
2724 4687 2838 4741 Οὐκ
2863 4686 3071 4759 ἐκκοπη
3097 4686 3322 4754 κακίας;
3352 4688 3452 4743 "Av
3484 4706 3544 4742 τε
3572 4689 3681 4760 γὰρ

2112 4771 2350 4842 πονηρὸς
2438 4787 2543 4834 τις,
2571 4769 2888 4843 διεκόπη-τά
2914 4770 3014 4842 τῆς
3049 4769 3246 4835 κακίας
3283 4770 3448 4824 αὐτοῦ
3497 4771 3682 4825 τελευ-

2111 4856 2401 4927 τήσαντος·
2443 4853 2498 4904 Ὁ
2530 4852 2641 4923 γὰρ
2676 4851 2993 4909 ἀποθανὼν
3020 4852 3389 4907 δεδικαίωται
3423 4854 3541 4908 ἀπὸ
3573 4851 3681 4930 τῆς

2113 4937 2420 5007 ἁμαρτίας,
2449 4936 2743 5000 τουτέστιν,
2774 4934 2956 4989 οὐκέτι
2998 4935 3346 5006 προστίθησιν
3376 4933 3678 5006 ἀμαρτίανσ

2115 5021 2180 5075 ἄν
2202 5037 2261 5074 τε
2282 5019 2483 5089 ἀγαθὸς
2524 5017 2600 5075 ὢν
2627 5018 2856 5092 ἀπέλθῃ,
2883 5020 2940 5072 ὲν
2967 5019 3202 5090 ἀσφαλεῖ
3222 5020 3458 5073 κείσεται
3488 5019 3555 5072 τά
3582 5022 3683 5088 τῆς
3737 5046 3745 5055 -

2115 5103 2317 5175 ἀρετῆς
2345 5101 2493 5172 αὐτῷ
2522 5102 2719 5164 πάντα,
2750 5102 2845 5155 καὶ
2871 5103 2928 5154 ἐν
2954 5102 3136 5173 ἀσύλῳ
3162 5101 3438 5172 θησαυρῷ.
3467 5102 3606 5165 Τοὺς
3624 5102 3682 5155 δὲ

2115 5185 2345 5251 ζῶντας,
2377 5174 2496 5239 είπέ
2521 5201 2632 5258 μοι,
2654 5184 2714 5236 οὐ
2741 5187 2884 5237 ποιεῖ
2903 5184 3371 5254 σωφρονεστέρους
3396 5185 3489 5237 καὶ
3513 5186 3683 5238 ἐπιει-

2117 5269 2407 5340 κεστέρους
2428 5284 2460 5333 ;Δ
2483 5267 2594 5336 Οὐχ
2621 5267 2753 5340 ὁρᾷς
2780 5266 2862 5319 ὅτι
2889 5266 3144 5329 πολλάκις
3174 5266 3233 5320 ἐν
3257 5268 3464 5338 ἐκφορᾷ
3502 5285 3681 5338 παρα-

2117 5354 2395 5425 γενόμενοι
2427 5352 2476 5404 οἱ
2502 5349 2878 5414 πλουτοῦντες,
2931 5349 3025 5402 καὶ
3054 5349 3421 5419 τετυφωμένοι
3457 5353 3548 5404 καὶ
3586 5356 3683 5418 τὰς

2117 5437 2287 5508 ὀφρῦς
2320 5433 2686 5494 ἀνασπῶντες,
2711 5433 2837 5489 ὅταν
2862 5432 3009 5484 ἴδωσι
3030 5432 3090 5484 τὸ
3119 5432 3278 5503 σῶμα
3310 5434 3557 5504 κείμενον
3578 5454 3685 5490 κωο

2119 5522 2218 5592 φὺν
2240 5520 2333 5575 καὶ
2358 5517 2632 5587 ἀκίνητον,
2657 5515 2751 5567 καὶ
2775 5513 2955 5567 παιδία
2983 5513 3041 5566 ἐν
3064 5515 3313 5587 ὀρφανίᾳ,
3337 5520 3431 5573 καὶ
3453 5525 3684 5589 γυναῖκα

2119 5609 2176 5660 ὲν
2215 5603 2432 5675 χηρείᾳ,
2472 5600 2566 5654 καὶ
2592 5599 2775 5670 φίλους
2808 5600 3185 5679 ἐνκατηφείᾳ,
3219 5606 3310 5655 καὶ
3339 5604 3552 5669 οἰκέτας
3586 5624 3683 5676 με-

2118 5684 2586 5756 λανειμονοῦντας,
2619 5683 2712 5739 καὶ
2743 5680 2885 5735 ἅπαν
2924 5680 3024 5751 τῆς
3068 5685 3243 5749 οἰκίας
3274 5685 3591 5759 σκυθρωπὸν
3627 5688 3687 5741 τὸ

2184 5800 2343 5849 b.3153.
2368 5796 2594 5853 eLSavil.
2625 5796 2741 5859 ἔχοι.
2762 5794 2931 5845 Morel.
2958 5793 3071 5856 ἔχει.
