4086 6268
476 374 572 430 931

477 489 683 560 σχῆμα,
722 487 835 552 πῶς
876 488 1285 555 συστέλλονται;
1324 489 1439 551 πῶς
1475 486 1890 553 ταπεινοῦνταις
1930 486 2046 548 πῶς

477 571 886 643 συντρίϐονται;
928 573 1036 626 Καὶ
1066 573 1174 644 γὰρ
1216 573 1413 644 μυρίας
1463 571 1868 635 ἀπολαύσαντες
1899 571 2045 624 διδα-

479 655 724 719 σκαλίας,
747 657 836 708 καὶ
869 656 1033 726 μηδὲν
1062 673 1120 708 κε
1131 656 1432 727 ρδάναντες,
1456 654 1564 708 ἀπὸ
1583 654 1684 725 τῆς
1709 654 1882 724 ὅψεως
1910 654 2048 706 ἐκεί-

477 755 575 806 νης
607 737 800 810 ἀθρόον
830 738 1193 808 φιλοσοφοῦσι,
1231 739 1291 792 τό
1329 755 1386 792 τε
1419 736 1631 800 εὐτελὲς
1661 737 1756 791 καὶ
1784 736 2047 807 ἐπίκηρον

476 820 577 883 τῆς
621 820 965 891 ἀνθρωπίνης
1012 820 1517 892 καταμανθάνοντες
1558 818 1793 888 φύσεως,
1847 818 1941 871 καὶ
1985 818 2046 871 τὸ

479 905 679 977 σαθρὸν
711 906 805 960 καὶ
846 908 1073 961 ἄστατον
1099 906 1200 976 τῆς
1240 906 1418 959 αὐτῶν
1458 903 1793 968 δυναστείας,
1842 903 1937 958 καὶ
1987 903 2046 955 ἐν

476 991 595 1052 ταῖς
639 988 942 1061 ἀλλοτρίαις
984 992 1285 1061 συμφοραῖς
1329 988 1427 1053 τὰς
1460 987 1666 1042 ἑαυτῶν
1707 985 2047 1059 προορῶντες

479 1088 544 1140 με
552 1071 795 1136 ταϐολάς.

550 1227 618 1297 β’.
640 1229 700 1281 Εἰ
724 1202 1075 1300 γὰρ’θανάτου
1101 1229 1273 1294 ὄντος,
1287 1226 1544 1282 τοσαῦται
1560 1227 1827 1299 ἁρπαγαὶ,
1846 1225 2041 1281 τοσαῦ-

475 1328 565 1365 ται
603 1310 925 1375 πλεονεξίαι,
973 1311 1068 1365 καὶ
1111 1311 1362 1381 καθάπερ
1389 1312 1439 1363 οἱ
1472 1309 1652 1381 ἰχθύες
1688 1310 2047 1364 καταπίνουσι

475 1396 600 1459 τούς
626 1394 1077 1466 καταδεεστέρους
1102 1395 1151 1446 οἱ
1189 1393 1546 1466 δυνατώτεροι
1567 1411 1581 1426 ο
1629 1396 1677 1448 εἰ
1718 1393 1793 1465 μὴ
1819 1394 2050 1458 θάνατος
2083 1426 2099 1453 ι

473 1474 563 1547 ἦν,
586 1478 714 1531 πότε
745 1476 810 1531 ἂν
831 1477 1067 1547 ἔστησαν
1097 1476 1440 1543 πλεονεξίας;
1478 1475 1540 1530 Et
1573 1476 1683 1549 γὰρ
1711 1477 1931 1541 εἰδότες,
1965 1477 2047 1530 ὃτι

471 1560 574 1613 οὐκ
616 1559 1012 1613 ἀπολαύσονται
1040 1552 1116 1611 ὧν
1150 1560 1489 1631 ἁρπάσωσιν,
1522 1558 1657 1612 ἀλλὰ
1704 1558 1920 1622 ἑκόντες
1954 1559 2048 1612 καὶ

474 1642 697 1706 ἄκοντες
725 1644 1076 1712 ἐκστήσονται
1099 1642 1325 1712 ἐτέροις,
1349 1640 1490 1695 οὔτω
1513 1642 1790 1712 μαίνονται
1817 1643 1910 1695 καὶ
1929 1643 2049 1697 λυτ-

473 1724 668 1777 τῶσιν·
711 1725 761 1776 εἰ
793 1723 952 1777 τοῦτο
982 1720 1129 1794 εἶχον
1171 1728 1229 1777 ἐν
1275 1724 1563 1795 ἀσφαλείᾳ,
1599 1725 1728 1778 πότε
1768 1724 1834 1778 ἂν
1867 1725 2047 1789 αὐτοῖς

475 1806 710 1877 ἐσϐέσθη
739 1809 808 1862 τὰ
834 1808 934 1877 τῆς
966 1806 1262 1876 ἐπιθυμίας
1288 1809 1387 1878 τῆς
1429 1809 1701 1878 πονηρᾶς;
1733 1808 1797 1860 Τί
1827 1809 1917 1871 δέ;
1951 1808 2046 1862 τοῦ

478 1891 776 1961 μαρτυρίου
793 1892 842 1943 οἱ
859 1890 1110 1957 στέφανοι
1131 1890 1190 1942 οὐ
1208 1888 1294 1943 διά
1308 1888 1538 1944 θανάτου
1555 1892 1841 1945 πλέκονται
1858 1908 1872 1957 ;
1895 1889 2044 1964 [167]

476 1973 540 2025 Τὶ
559 1972 615 2025 δὲ
631 1974 659 2026 ὁ
677 1973 918 2038 Παῦλος;
953 1973 1012 2025 οὐ
1033 1973 1201 2044 μυρία
1224 1973 1418 2044 ἔστησε
1431 1972 1891 2044 τρόπαια,λέγων’
1907 1975 2046 2029 Καθ’

471 2055 702 2125 ’ἡμέραν
732 2056 1116 2126 ἀποθνήσκω,
1142 2055 1220 2125 νὴ
1246 2056 1361 2124 τὴν
1384 2056 1677 2127 ὑμετέραν
1712 2059 2046 2127 καύχησιν;

472 2141 547 2193 Οὐ
581 2139 690 2211 γάρ
716 2142 744 2193 6
765 2140 992 2202 θάνατος
1017 2139 1206 2203 κακὸς,
1231 2138 1346 2192 ἀλλ’
1374 2141 1403 2193 ὁ
1429 2139 1661 2211 πονηρὸς
1690 2140 1917 2204 θάνατος
1942 2158 2045 2195 κα-

472 2223 586 2287 κός.
625 2222 724 2278 Διά
772 2222 929 2276 τοῦτό
976 2239 1146 2293 φησι·
1203 2223 1399 2292 Τίμιος
1440 2222 1718 2277 ἐναντίον
1750 2224 1974 2293 Κυρίου
2011 2227 2045 2279 ὁ

471 2306 728 2373 θάνατος
750 2304 870 2360 τῶν
899 2307 1087 2360 ὁσίων
1115 2306 1324 2361 αὑτοῦ.
1356 2304 1612 2376 ’Ᾱλλαχοῦ
1647 2305 1704 2361 δέ
1731 2323 1860 2376 φησι
1882 2323 1894 2338 ο
1930 2306 2043 2361 Θά-

469 2404 651 2455 νατος
686 2385 1050 2457 ἁμαρτωλῶν
1093 2389 1390 2457 πονηρός-⁸
1446 2387 1607 2442 τοῦτο
1660 2387 1836 2456 λέγων
1878 2406 2045 2460 πονη-

473 2471 590 2542 ρδν,
617 2471 678 2524 τὸ
713 2469 851 2541 μετά
877 2468 968 2522 τοῦ
1020 2470 1255 2540 πονηροῦ
1299 2470 1596 2534 συνειδότος
1634 2470 1906 2540 ἀπελθεῖν,
1951 2472 2045 2525 καὶ

470 2553 692 2617 πολλαῖς
720 2552 1208 2623 πλημμελημάτων
1252 2553 1498 2624 φροντίσι
1550 2552 1921 2624 βεϐαρημένον
1950 2557 2045 2609 καὶ

468 2633 806 2707 πιεζόμενον.
844 2636 929 2698 Ὠς
965 2635 995 2689 ὃ
1027 2651 1090 2702 γε
1124 2634 1365 2706 καθαρὸν
1398 2635 1536 2706 ἔχων
1565 2636 1822 2704 συνειδὸς,
1855 2638 1948 2691 ἐπὶ
1975 2637 2045 2693 τὰ

470 2720 697 2792 βραδεῖα
730 2719 931 2790 τρέχει,
965 2717 1103 2781 πρὸς
1148 2717 1237 2771 τὸν
1274 2719 1538 2789 στέφανον
1586 2720 1875 2792 ἀναχωρεῖ.
1933 2722 2044 2777 Καὶ

470 2806 554 2856 ἵνα
587 2801 761 2874 μάθῃς
793 2803 873 2854 ὅτι
921 2801 1023 2869 οὐκ
1066 2802 1100 2872 ἡ
1150 2800 1256 2855 τῶν
1285 2803 1626 2874 πραγμάτων
1651 2802 1830 2873 φύσις,
1861 2803 1974 2857 ἀλλ’
2006 2806 2040 2876 ἡ

464 2885 575 2939 τῶν
624 2883 925 2956 ἀνθρώπων
965 2879 1179 2956 γνώμη,
1218 2882 1359 2956 αὐτη
1413 2883 1506 2939 τὸν
1555 2884 1783 2957 θόρυϐόν
1826 2888 1974 2940 ἐστιν
2008 2889 2042 2959 ή

466 2970 722 3033 ποιοῦσα,
751 2967 981 3023 ἄκουσον
1008 2966 1037 3018 ὁ
1072 2965 1282 3030 Παῦλος
1308 2966 1424 3030 πῶς
1447 2967 1695 3037 ἐπιζητεῖ
1729 2968 1907 3032 τοῦτο,
1949 2968 2043 3026 νῦν

470 3052 569 3122 μὲν
595 3051 767 3117 λέγων
784 3066 801 3084 ο
828 3050 938 3105 Καὶ
967 3049 1081 3119 τὰρ
1107 3051 1161 3102 oi
1195 3048 1365 3115 ὄντες
1390 3049 1461 3103 ἐν
1489 3049 1571 3116 τῷ
1613 3050 1829 3117 σκήνει
1856 3054 2045 3120 τούτῳ

466 3132 846 3202 στενάζομεν,
881 3131 998 3201 τὴν
1037 3131 1346 3187 υἱοθεσίαν
1386 3131 1872 3203 ἀπεκδεχόμενοι,
1929 3135 2044 3205 τὴν

465 3216 890 3284 ἀπολύτρωσιν
918 3214 1027 3269 τοῦ
1074 3215 1348 3284 σώματος
1375 3214 1545 3284 ἡμῶν
1562 3234 1575 3249 ·
1611 3216 1706 3272 νῦν
1738 3218 1796 3272 δὲ
1823 3219 1886 3273 τὰ
1911 3219 2044 3273 αὐτὸ

464 3296 641 3369 δηλῶν
691 3294 946 3367 ἀλλαχοῦ’
994 3296 1146 3351 Ἀλλ’
1189 3299 1243 3351 εί
1294 3296 1393 3350 καὶ
1436 3296 1767 3369 σπένδομαι
1810 3301 1910 3357 ἐπὶ
1967 3303 2044 3375 τῇ

469 3381 652 3447 θυσίᾳ
688 3379 785 3434 καί
824 3380 1161 3448 λειτουργίᾳ
1197 3377 1301 3448 τῆς
1336 3381 1596 3447 πίστεως
1625 3382 1812 3452 ὑμῶν,
1857 3387 2044 3457 χαίρω

469 3461 567 3517 καὶ
595 3460 901 3531 συγχαίρω
932 3458 1122 3516 πᾶσιν
1151 3461 1312 3531 ὑμῖν.
1349 3462 1422 3519 Τὸ
1449 3462 1518 3517 δὲ
1546 3466 1694 3520 αὐτὸ
1732 3467 1832 3521 καί
1875 3469 2044 3539 ὑμεῖς

469 3545 707 3619 χαίρετε
750 3545 848 3598 καὶ
890 3544 1247 3614 συγχαίρετέ
1284 3563 1409 3614 μοι.
1470 3548 1533 3600 Εί
1588 3547 1644 3602 δέ
1698 3548 1929 3615 θάνατος
1979 3553 2041 3606 οὐ

468 3625 754 3701 φορτικὸν,
812 3624 948 3679 ἀλλὰ
992 3626 1084 3680 καὶ
1138 3626 1384 3681 ποθεινὸν
1427 3632 1540 3694 τοῖς
1602 3630 1775 3702 ὀρθῶς
1838 3633 2040 3704 βιοῦσι,

469 3709 649 3782 πολλῷ
700 3709 899 3781 μᾶλλον
934 3709 1093 3764 πενία
1134 3710 1227 3766 καὶ
1264 3711 1333 3765 τά
1369 3711 1503 3766 ἄλλα
1532 3712 1766 3769 ἅπαντα.
1811 3716 2040 3787 Ἐξεζη-

465 3794 694 3865 τημέιά
733 3796 823 3860 εἰς
868 3792 1065 3848 πάντα
1111 3794 1185 3849 τὰ
1235 3796 1538 3866 θελήματα
1584 3799 1794 3856 αὐτοῦ.
1830 3801 2039 3868 Ἄλλος,

478 3876 971 3951 Ἐξηκριόωμένα.
1008 3878 1273 3932 Ἐνταῦθα
1313 3896 1405 3951 μοι
1440 3882 1570 3952 περὶ
1597 3882 1706 3935 τῶν
1731 3885 2042 3956 κτισμάτων

465 3964 609 4018 δοκεῖ
627 3960 988 4030 διαλέγεσθαι,
1020 3962 1410 4035 ἀνακηρύττων
1435 3964 1527 4019 τοῦ
1549 3963 1684 4019 Θεοῦ
1704 3964 1803 4038 τὴν
1828 3970 2037 4039 σοφίανο

467 4045 726 4118 ἀνωτέρω
760 4044 818 4098 δὲ
840 4044 977 4117 ἔργα
1022 4045 1206 4114 ἔλεγεν
1232 4048 1302 4113 (εί
1342 4047 1437 4099 καὶ
1475 4049 1636 4119 ἡμεῖς
1667 4048 1755 4103 διὰ
1787 4052 1912 4116 τοὺς
1952 4070 2043 4124 μι⁶

466 4128 770 4201 κροψύχους
815 4129 908 4183 καὶ
934 4127 1127 4200 ἐτέρας
1148 4128 1385 4193 διανοίας
1422 4132 1501 4194 είς
1527 4131 1698 4186 ταῦτα
1729 4133 2035 4207 ἡψάμεθα),

465 4214 535 4268 τὰ
564 4211 846 4284 τεράστια,
879 4210 950 4266 τὰ
986 4210 1261 4283 θαύματα,
1301 4212 1337 4269 ἀ
1367 4213 1622 4279 πολλάκις
1661 4217 1944 4272 ἐπετέλεσε
1976 4221 2037 4273 τὸ

463 4295 575 4353 τῶν
594 4296 689 4351 ἀνθ
699 4295 892 4367 ρώπων
913 4296 1210 4368 οἰκονομῶν
1234 4296 1409 4365 γένος.
1441 4297 1506 4350 Τί
1528 4297 1584 4352 δέ
1603 4300 1771 4362 ἐστιν,
1816 4300 2038 4370 Ἐξεζη-

464 4378 691 4448 τημένα
711 4379 792 4447 είς
836 4377 1032 4434 πάντα
1056 4379 1130 4434 τὰ
1161 4379 1463 4450 θελήματα
1503 4381 1721 4445 αὐτοῦ;
1765 4383 2036 4456 Ἦκριϐω-

468 4459 625 4531 μένα,
666 4460 822 4530 φησὶ,
856 4458 1107 4531 καθάπερ
1137 4461 1231 4515 καὶ
1271 4462 1458 4533 ἕτερος
1503 4464 1848 4537 ἑρμηνευτὴς
1893 4466 2035 4533 εἷπε,

465 4542 979 4615 παρεσκευασμένα,
1001 4543 1403 4615 ἀπηρτισμένα,
1431 4547 1796 4617 γεγενημένα,
1831 4550 2039 4622 πεπλη-

465 4623 707 4700 ρωμένα,
745 4623 1018 4695 ἀρκοῦντα
1057 4625 1126 4679 τὰ
1157 4626 1434 4698 θελήματα
1459 4630 1625 4684 αὐτοῦ
1653 4633 1847 4696 ποιεῖν,
1876 4635 2036 4689 ίκανά

467 4708 767 4781 μαρτυρεῖν
815 4707 910 4779 τὴν
958 4707 1186 4780 δύναμιν
1230 4710 1417 4775 αὐτοῦ,
1456 4712 1519 4766 οὐ
1549 4715 1873 4787 χωλεύοντα,
1915 4719 2035 4772 οὐδὲ

462 4791 659 4854 ἐνδεῶς
688 4790 879 4863 ἔχοντα
911 4791 990 4855 είς
1018 4790 1079 4844 τὺ
1121 4791 1316 4845 ἀνῦσαι
1359 4792 1521 4847 αὐτοῦ
1557 4795 1627 4849 τά
1667 4798 2032 4871 ἐπιτάγματα,

459 4875 598 4946 ὅπερ
636 4874 728 4927 καὶ
764 4871 996 4944 ἀλλαχοῦ
1024 4887 1197 4945 φησι·
1238 4874 1384 4943 Πῦρ.
1418 4875 1663 4945 χάλαζα,
1693 4880 1858 4948 χιὼν,
1893 4885 2037 4953 κρύ-

459 4963 749 5025 caulae,
789 4958 1099 5027 πνεύματα
1141 4958 1478 5027 καταιγίδος
1505 4960 1577 5013 τὰ
1609 4964 1898 5020 ποιοῦντα
1928 4968 2035 5022 τὸν

457 5046 640 5115 λόγον
693 5042 917 5099 αὐτοῦ·
965 5038 1233 5107 τουτέστι,
1291 5042 1360 5098 τά
1414 5047 1805 5117 προστάγματα
1842 5049 2026 5107 αὐτοῦ.

459 5125 616 5181 Οὕτω
646 5126 740 5179 καὶ
776 5125 805 5179 ὁ
853 5125 1138 5197 Προφήτης
1182 5123 1398 5193 ἔλεγεν·
1445 5126 1720 5197 Ἐποίησε
1760 5133 2034 5202 σελήνην

456 5211 545 5276 hic
569 5208 834 5276 καιροὺς,
859 5209 892 5261 ὀ
919 5207 1092 5275 ἥλιος
1120 5206 1275 5275 ἔγνω
1303 5208 1417 5276 τὴν
1438 5208 1620 5264 δύσιν
1644 5213 1864 5269 αὐτοῦ·
1889 5215 2031 5272 ἔθου

457 5293 707 5357 σκότος,
737 5292 832 5346 καί
876 5290 1116 5362 ἐγένετο
1162 5290 1301 5356 νύξ.
1332 5294 1404 5346 Οὐ
1444 5292 1604 5363 μόνον
1633 5295 1689 5348 δὲ
1720 5298 1854 5368 πρὸς
1888 5299 2031 5370 άπερ

460 5374 579 5426 εστι
610 5373 1087 5445 κατεσκευασμένα
1118 5372 1289 5430 ταῦτα
1330 5375 1481 5432 ἀνύει
1500 5393 1514 5407 ο
1549 5377 1680 5431 ἀλλὰ
1710 5381 1811 5435 κᾶν
1838 5383 2030 5435 τάναν-

460 5458 550 5536 τία
579 5457 838 5536 ἐπιτάξῃ,
879 5457 973 5536 καὶ
998 5456 1230 5513 ἐνταῦθα
1258 5458 1425 5536 πολλὴ
1467 5461 1500 5530 ἡ
1526 5461 1760 5533 ὑπακοή.
1791 5464 1867 5536 Τῇ
1900 5466 2029 5534 γοῦν

460 5532 696 5605 θαλάττῃ
746 5533 994 5597 ἐπέταξε,
1046 5537 1139 5588 καὶ
1184 5535 1247 5591 οὐ
1299 5535 1461 5606 μόνον
1504 5539 1565 5591 οὐ
1619 5532 2026 5604 κατεπόντισεν,

461 5612 597 5681 ὅπερ
620 5611 788 5682 αὐτῆς
813 5611 972 5682 ἔργον
998 5608 1086 5683 ἦν,
1127 5613 1261 5669 ἀλλά
1300 5616 1602 5685 στορέσασα
1642 5617 1809 5690 αὐτῆς
1837 5619 1904 5674 τὰ
1933 5622 2030 5674 κύ·-

466 5708 631 5774 ματα,
662 5695 864 5761 πέτρας
892 5694 1290 5768 ἀσφαλέστερον
1318 5698 1409 5752 τὸν
1449 5697 1715 5755 Ἰουδαίων
1749 5702 1919 5774 δῆμον
1955 5704 2029 5757 δι-

460 5773 731 5830 ιίῖίϐασεν.
760 5776 822 5829 Ἡ
866 5777 1087 5843 κάμινος
1118 5779 1177 5829 οὐ
1211 5781 1366 5851 μόνον
1412 5783 1508 5837 οὐκ
1546 5783 1746 5853 ἔκαιεν,
1771 5786 1905 5842 ἀλλὰ
1937 5791 2023 5845 καὶ

1157 373 1214 430 S.
1237 373 1519 432 JOANNSS
1554 370 2034 430 CHRYSOSTOMI
2072 371 2392 430 ARCHIEP.
2429 372 2978 431 CONSTAN'unUP.

3608 368 3698 428 εδει

2152 487 2338 559 δρόσον
2367 491 2593 562 παρεῖχε
2628 487 3055 558 διασυρίζουσαν.
3088 479 3170 537 Ti
3197 477 3368 553 θηρία
3392 480 3446 534 οὐ
3477 479 3620 552 μόνον
3638 484 3690 534 οὐ

2148 581 2460 651 κατήσθιεν,
2495 580 2630 635 ἀλλά
2670 581 2764 635 καὶ
2802 576 3279 651 σωματοφυλάκων
3312 576 3491 645 ἐπεῖχε
3527 573 3693 645 χώραν

2148 664 2244 717 ἐπὶ
2269 662 2363 716 τοῦ
2390 663 2610 734 Δανιήλ.
2657 662 2731 716 Τὸ
2769 662 2933 733 κῆτος
2985 661 3046 714 οὐ
3094 658 3252 729 μόνον
3297 656 3359 710 οὐ
3404 658 3689 721 κατέπινεν,

2148 745 2286 801 ἀλλά
2310 747 2404 800 καὶ
2449 745 2595 799 σώαν
2630 746 2731 816 τὴν
2761 741 3230 815 παρακαταθήκην
3256 740 3506 813 διετήρει.
3534 740 3595 793 Ἡ
3625 739 3692 809 γῆ

2148 839 2210 893 οὐ
2246 838 2406 910 μόνον
2430 839 2530 893 οὐκ
2558 838 2876 901 ἐϐάστασεν,
2903 836 3036 890 ἀλλά
3065 835 3158 889 καὶ
3182 833 3443 904 θαλάττης
3466 832 3697 904 χαλεπώ-

2148 939 2305 994 τερον
2344 923 2751 987 κατεπόντισεν,
2782 920 2871 974 ὅτε
2898 917 3119 990 ἠνοίχθη
3148 917 3240 971 καὶ
3267 916 3486 971 κατέπιε
3515 914 3699 981 Δαθὰν,

2149 1005 2243 1059 καὶ
2268 1004 2535 1074 ἐκάλυψεν
2563 1004 2657 1058 ἐπὶ
2682 1001 2778 1076 τὴν
2803 1002 3121 1073 συναγωγὴν
3149 998 3404 1072 Ἀϐειρών
3424 1016 3437 1030 ·
3469 998 3559 1052 καὶ
3580 996 3699 1051 πολ-

2148 1089 2247 1160 λὴν
2273 1089 2464 1159 ἐτέραν
2491 1087 2593 1143 ἴδοι
2622 1104 2707 1152 τις
2738 1087 2805 1142 ἂν
2828 1084 3217 1158 τερατουργίαν
3250 1084 3308 1137 ἐν
3333 1085 3443 1146 τοῖς
3465 1076 3578 1137 οὖσι
3612 1097 3703 1150 γε·

2150 1172 2383 1243 νομένην
2403 1187 2417 1201 ·
2452 1171 2538 1224 ἵνα
2576 1168 2820 1241 μάθωσιν
2851 1170 2902 1223 οἱ
2936 1167 3139 1239 σφόδρα
3166 1167 3587 1237 ἀνοηταίνοντες,
3615 1164 3706 1217 καὶ

2150 1255 2311 1327 φύσιν
2339 1253 2729 1318 θεοποιοῦντες,
2757 1255 2839 1308 ὅτι
2866 1253 2929 1307 οὐ
2947 1250 3219 1324 τυραννίδι
3249 1251 3460 1321 φύσεως
3484 1249 3551 1302 τὰ
3577 1248 3705 1319 πράσ

2150 1357 2337 1412 γματα
2359 1338 2573 1408 ἄγεται,
2601 1336 2738 1393 ἀλλὰ
2758 1336 2920 1408 βουλῇ
2948 1334 3083 1390 Θεοῦ
3124 1337 3298 1390 πάντα
3323 1333 3461 1387 είκει
3489 1332 3579 1386 καλ⁸
3613 1348 3715 1386 πα-

2153 1425 2411 1497 ραχωρεῖ.
2442 1420 2591 1492 Αὕτη
2625 1421 2734 1492 γάρ
2756 1422 2902 1473 ἐστιν
2939 1419 2972 1489 ἡ
3001 1419 3101 1488 τῆς
3132 1417 3347 1497 φύσεως
3370 1414 3706 1487 δημιουργὸς,

2150 1494 2245 1561 καὶ
2266 1494 2403 1577 πρὸς
2425 1505 2486 1558 τὸ
2512 1505 2647 1576 αὐτῇ
2673 1503 2862 1558 δοκοῦν
2894 1503 3074 1556 πάντα
3095 1500 3162 1556 τά
3183 1501 3312 1555 ὄντα
3343 1494 3492 1573 [263}
3527 1499 3713 1568 pemp-

2151 1588 2488 1661 ῥυθμίζουσα
2516 1595 2558 1652 ⁸,
2589 1587 2687 1640 καὶ
2725 1584 2821 1640 νῦν
2855 1584 2955 1657 μὲν
2994 1584 3284 1654 ἀκινήτους
3332 1581 3511 1636 αὐτῶν
3539 1579 3715 1650 διατη-

2153 1669 2322 1742 ροῦσα
2358 1671 2486 1734 τούς
2527 1669 2706 1739 ὅρους,
2736 1666 2831 1722 νῦν
2868 1667 2948 1735 δὲ,
2982 1664 3201 1721 ἐπειδὰν
3237 1662 3497 1737 βουληθῇ,
3530 1661 3719 1735 ῥαδίως

2148 1756 2345 1819 αὐτοὺς
2375 1753 2695 1816 ἀνασπῶσα,
2740 1750 2836 1806 καὶ
2878 1752 3015 1822 πρὸς
3055 1751 3117 1805 τὸ
3158 1749 3407 1804 ἐναντίον
3457 1746 3718 1819 μεταϐάλ-

2149 1841 2332 1895 λουσα.
2365 1835 2789 1906 Ἐεεζητημένα
2834 1836 2923 1901 είς
2955 1836 3151 1888 πάντα
3190 1834 3261 1887 τὰ
3284 1830 3592 1900 θελήματα
3622 1831 3721 1883 αὐ-

2146 1922 2274 1977 τοῦ.
2317 1922 2412 1985 Εἰς
2437 1920 2507 1974 τά
2534 1919 2930 1990 προστάγματα
2954 1916 3141 1981 αὐτοῦ,
3171 1916 3360 1987 φησιν,
3395 1917 3480 1979 είς
3510 1912 3579 1967 τά
3619 1914 3726 1966 ἐπι-

2146 2006 2404 2076 τάγματα
2459 2003 2624 2058 αὐτοῦ
2644 2019 2659 2034 ·
2708 2002 2769 2055 οὐ
2829 1998 2989 2072 μόνον
3038 1999 3098 2053 δέ
3137 2001 3217 2062 εις
3262 1998 3333 2053 τά
3380 1999 3724 2067 ἐπιτάγματα

2153 2087 2339 2153 αὐτοῦ,
2391 2085 2530 2141 ἀλλά
2580 2085 2675 2139 καὶ
2713 2087 2794 2148 είς
2840 2083 2904 2137 τὸ
2956 2081 3322 2152 γινώσκεσθαι
3365 2080 3530 2134 αὐτὸν
3581 2076 3730 2149 παρὰ

2144 2171 2254 2226 τῶν
2278 2168 2602 2242 ἀνθρώπων,
2631 2168 2769 2240 ὅπερ
2808 2166 2902 2221 καὶ
2946 2164 3363 2238 προηγούμενον
3436 2162 3605 2217 αὐτοῦ
3641 2161 3728 2216 θέ-

2146 2253 2314 2325 λημα,
2342 2253 2436 2307 καὶ
2480 2252 2561 2306 διὸ
2610 2250 2845 2322 μάλιστα
2896 2248 3069 2303 ταῦτα
3110 2248 3394 2318 ἐποίησεν.
3423 2248 3493 2301 ⁸0
3556 2246 3733 2300 τοίνυν

2146 2338 2175 2391 ὁ
2207 2336 2498 2408 Προφήτης
2526 2334 2695 2402 λέγει,
2746 2332 2984 2387 τοιοῦτόν
3008 2334 3155 2385 ἐστιν
3176 2347 3189 2362 ο
3243 2331 3329 2383 ὅτι
3373 2330 3553 2392 οὕτως
3590 2328 3735 2382 ἐστὶν

2146 2418 2551 2490 ἀπηρτισμένα,
2578 2417 2654 2480 ὡς
2690 2419 2801 2480 τοῖς
2841 2415 3165 2486 προσέχουσι
3204 2412 3302 2467 καὶ
3348 2412 3478 2466 νοῦν
3525 2411 3735 2481 ἐχουσιν

2144 2500 2544 2572 ἀκριϐεστάτην
2575 2500 2671 2553 καὶ
2703 2501 2848 2568 σαφῆ
2880 2497 2975 2551 καὶ
3002 2496 3345 2567 τρανοτάτην
3371 2495 3476 2566 τὴν
3501 2492 3633 2565 περὶ
3654 2493 3744 2547 αὐ,-

2143 2582 2237 2638 τοῦ
2262 2582 2464 2653 γνῶσιν
2490 2581 2755 2636 ἐντιθέναι
2782 2583 2849 2652 τῇ
2888 2580 3095 2650 διανοίᾳ
3123 2578 3231 2631 τῶν
3259 2577 3598 2648 ἀνθρώπων.
3633 2575 3740 2627 Καὶ

2143 2666 2253 2738 γὰρ
2296 2665 2388 2720 καὶ
2427 2665 2564 2737 πρὸς
2622 2664 2780 2718 τοῦτο
2825 2663 3060 2735 μάλιστα
3090 2660 3150 2714 τὸ
3190 2660 3414 2733 θέλημα
3469 2657 3639 2714 αὐτοῦ
3685 2657 3748 2723 ἐξ

2145 2748 2319 2821 ἀρχῆς
2345 2747 2487 2802 αὐτά
2515 2746 2904 2811 κατεσκεύασε,
2941 2745 3018 2815 τῷ
3049 2743 3289 2815 μεγέθει,
3329 2745 3416 2814 τῷ
3435 2744 3649 2807 κάλλει,
3676 2745 3747 2813 τῇ

2144 2831 2310 2896 θέσει,
2346 2834 2413 2902 τῇ
2448 2830 2721 2903 ἐνεργείᾳ,
2760 2831 2828 2901 τῇ
2863 2826 3127 2898 διακονίᾳ,
3153 2829 3265 2890 τοῖς
3313 2826 3507 2891 ἄλλοις
3541 2828 3743 2881 ἅπασιν

2142 2914 2414 2969 ἀνακινῶν
2456 2914 2555 2985 τὴν
2602 2912 2781 2984 ψυχὴν
2806 2911 2900 2965 τοῦ
2950 2907 3163 2974 θεατοῦ,
3204 2909 3302 2963 καὶ
3352 2911 3459 2982 τὴν
3504 2909 3755 2964 διάνοιαν

2142 2997 2422 3069 διεγείρων
2449 2999 2529 3061 είς
2559 2996 2621 3050 τὺ
2652 2995 2885 3066 ζητῆσαι
2910 2994 3000 3047 τὸν
3032 2992 3372 3065 δημιουργὸν
3398 2994 3503 3048 καὶ
3527 2994 3749 3067 ἀριστο-

2141 3080 2336 3153 τέχνην
2363 3079 2517 3141 Θεὸν.
2556 3078 2651 3133 καὶ
2680 3077 3055 3149 προσκυνῆσαι
3098 3076 3189 3130 τὸν
3228 3077 3557 3148 ποιήσαντα
3588 3075 3750 3134 αὐτὰ.

2144 3164 2239 3217 καὶ
2269 3162 2391 3216 ἀντὶ
2434 3160 2653 3231 βιϐλίων
2689 3160 2785 3215 καλ⁸
2826 3159 3170 3232 γραμμάτων
3202 3159 3479 3227 γενέσθαι
3511 3160 3663 3215 ἀπαν
3693 3158 3757 3211 τὸ

2143 3244 2305 3316 σῶμα
2334 3243 2434 3315 τῆς
2468 3242 2722 3308 κτίσεως.

2212 3369 2284 3439 γ’.
2302 3368 2416 3424 Οὐκ
2446 3370 2526 3433 είς
2541 3369 2869 3439 θεογνωσίαν
2893 3369 2949 3423 δέ
2984 3368 3162 3440 μόνον,
3188 3369 3331 3426 ἀλλά
3352 3372 3460 3428 καὶ
3489 3373 3578 3437 εἰς
3601 3371 3755 3429 πολι-

2142 3451 2293 3508 τείαν
2307 3455 2440 3524 ἡμῖν
2466 3452 2728 3524 μεγίστην
2744 3452 2954 3521 εἰσάγει
2974 3451 3323 3507 διδασκαλίαν
3344 3456 3423 3510 τὰ
3448 3456 3758 3524 κτίσματα.

2145 3535 2215 3590 ’0
2242 3554 2304 3590 τε
2342 3533 2450 3609 γὰρ
2485 3535 2836 3606 πλεονέκτης,
2873 3533 3093 3588 ἐπειδὰν
3137 3534 3222 3609 ἴδῃ
3270 3537 3379 3611 τὴν
3425 3540 3657 3613 ἡμέραν
3688 3541 3757 3609 τῇ

2143 3618 2300 3674 νυκτὶ
2330 3617 2787 3691 παραχωροῦσαν,
2815 3619 2911 3674 καὶ
2936 3618 3027 3675 τὸν
3054 3618 3205 3688 ἥλιον
3225 3624 3295 3693 τῇ
3331 3624 3580 3697 σελήνῃ,
3611 3623 3762 3679 αἰδε-

2145 3702 2402 3774 σθήσεται
2431 3701 2540 3755 τῶν
2565 3702 2839 3774 στοιχείων
2863 3702 2963 3772 τὴν
2984 3701 3258 3770 εὐταξίαν,
3286 3698 3402 3762 κᾶν
3438 3706 3755 3762 δυνατώτε.

2144 3803 2237 3859 ρος
2261 3781 2317 3858 ᾖ,
2340 3784 2449 3839 τῶν
2484 3785 2926 3857 καταδεεστέρων
2957 3786 3056 3839 οὐκ
3098 3785 3448 3861 ἐπιθυμήσει
3485 3791 3764 3863 πραγμά-

2140 3885 2287 3924 τωνο
2322 3867 2351 3923 δ
2399 3885 2460 3922 τε
2508 3868 2694 3940 μοιχὸς
2737 3868 2833 3924 καὶ
2875 3868 3193 3946 ἀκόλαστος,
3234 3869 3483 3927 ἐπειδὰν
3524 3873 3621 3946 ῖδῃ
3666 3872 3769 3942 τὴν

2143 3953 2414 4008 θάλατταν
2472 3948 2828 4023 μαινομένην,
2883 3945 3002 4005 εἶτα
3056 3952 3473 4032 χαλινουμένην
3517 3945 3632 4010 ὐπὸ
3674 3955 3767 4010 τὸν

2141 4035 2401 4105 αἰγιαλόν,
2430 4034 2593 4088 πάλιν
2624 4032 2731 4089 τῶν
2755 4034 3006 4089 ἀτάκτων
3043 4035 3253 4090 ὑδάτων
3283 4036 3640 4111 αἰδούμενος
3669 4038 3773 4110 τὴν

2141 4118 2412 4187 εὐταξίαν,
2438 4117 2650 4188 ταχέως
2684 4117 3036 4171 καταστεῖλαι
3064 4117 3361 4189 δυνήσεται
3415 4122 3528 4194 τὴν
3560 4122 3771 4178 ἑαυτοῦ

2143 4200 2558 4272 κορυφουμένην
2586 4199 2904 4270 ἐπιθυμίαν,
2945 4200 3040 4254 καὶ⁴
3067 4199 3143 4270 τῷ
3173 4200 3329 4273 φόϐῳ
3361 4204 3473 4258 τοῦ
3506 4203 3769 4278 Χριστοῦ

2139 4282 2437 4355 χαλινῶσαι
2462 4281 2562 4353 τὴν
2590 4283 2672 4345 είς
2699 4280 2762 4334 τὸ
2794 4282 2979 4353 πρόσω
3004 4282 3197 4352 φορὰν,
3229 4285 3332 4339 καὶ
3359 4287 3650 4343 διαλῦσαι
3677 4289 3777 4342 τὸν

2138 4366 2312 4438 ἀφρὸν
2339 4364 2555 4420 ᾶπαντα
2583 4363 2683 4434 τῆς
2721 4363 3021 4417 ἀκολάστου
3054 4364 3257 4435 ταύτης
3293 4369 3522 4440 ὁρμῆς,
3556 4372 3660 4424 καὶ
3690 4371 3776 4434 εἰς

2139 4445 2493 4519 σωφροσύνην
2529 4447 2919 4513 ἐπαναγαγεῖν.
2950 4446 3061 4500 Καὶ
3102 4448 3229 4519 περὶ
3273 4449 3678 4517 ἀναστάσεως
3720 4452 3780 4505 δέ

2137 4531 2218 4594 εἰς
2243 4528 2342 4601 τὴν
2368 4528 2562 4599 χέρσον
2591 4525 2795 4582 ἀπιδὼν
2811 4528 3049 4593 εὐκόλως
3074 4529 3374 4600 δυνήσεται
3401 4535 3775 4604 φιλοσοφεῖν,

2138 4612 2350 4668 καὶτὸν
2383 4610 2511 4683 περὶ
2543 4610 2712 4681 αὐτῆς
2759 4609 3017 4675 δέξασθαι
3053 4612 3230 4681 λόγον.
3262 4614 3463 4672 Ὅταν
3513 4619 3642 4692 γὰρ
3689 4620 3782 4690 ἴδῃ

2137 4697 2235 4768 τήν
2261 4696 2364 4766 γῆν
2392 4692 2689 4765 δεχομένην
2714 4693 2913 4747 κόκκον
2948 4694 3096 4748 σίτου
3141 4699 3398 4769 στερεὸν,
3458 4696 3600 4757 εἶτα
3638 4703 3783 4775 πρό-

2135 4797 2192 4833 τε
2201 4797 2291 4851 ρον
2319 4776 2642 4833 διαλύουσαν
2681 4777 2775 4830 καὶ
2813 4779 3113 4848 σήπουσαν,
3137 4780 3234 4833 καὶ
3266 4781 3475 4854 πολλῷ
3509 4785 3785 4857 βελτίονα

2134 4860 2420 4914 τίκτουσαν
2437 4874 2450 4887 ⁸
2481 4859 2611 4911 ὅταν
2638 4857 2722 4930 ἴδῃ
2750 4857 2847 4930 τὴν
2873 4858 3117 4928 ἄμπελον
3145 4859 3205 4913 ἐν
3232 4863 3499 4932 χειμῶνι
3544 4867 3786 4938 γυμνὴν

2135 4942 2367 5012 φύλλων,
2400 4941 2493 4995 καὶ
2545 4939 2759 5005 ἑλίκων,
2808 4941 2901 4994 καὶ
2951 4940 3211 5021 βοτρύων.
3258 4945 3366 4997 καὶ
3397 4946 3558 5001 αὐτὸ
3602 4947 3785 5021 ξηρὸν

2134 5024 2310 5092 ξύλον,
2345 5025 2421 5088 ὼς
2460 5023 2531 5077 τά
2567 5021 2787 5077 ὀστᾶτά
2832 5022 2993 5095 ξηρά,
3039 5017 3157 5077 εἶτα
3190 5023 3361 5095 ἔαρος
3418 5017 3786 5096 ἐπιστάντος

2132 5107 2230 5179 τὴν
2261 5105 2563 5178 εὐμορφίαν
2595 5103 2814 5159 ἃπασαν
2844 5105 3361 5176 ἀπολαμϐάνουσαν.
3399 5113 3473 5165 ἐν
3501 5116 3637 5179 τοῖς
3669 5114 3788 5168 σὼ-

2134 5206 2269 5260 μασι
2302 5188 2409 5243 τῶν
2439 5186 2621 5256 φυτῶν
2660 5188 2756 5241 καὶ
2797 5187 2907 5241 τῶν
2940 5190 3270 5261 σπερμάτων
3309 5193 3447 5248 τῶν
3503 5200 3669 5267 μετὰ
3725 5197 3793 5252 τὸ

2130 5271 2489 5342 διαφθαρῆναι
2531 5269 2923 5340 ἀνισταμένων,
2963 5272 3250 5344 δυνήσεται
3296 5274 3417 5327 καὶ
3471 5281 3630 5351 περὶ
3685 5281 3795 5350 τῆς

2132 5353 2324 5408 ἑαυτοῦ
2370 5352 2571 5423 σαρκὸς
2618 5352 2946 5422 φιλοσοφεῖν.
2993 5354 3066 5407 Τὸ
3114 5354 3428 5424 φιλόπονον
3483 5360 3554 5414 δὲ
3609 5362 3796 5416 πάλιν

2129 5436 2237 5490 ἀπὸ
2265 5437 2359 5490 τοῦ
2392 5434 2681 5507 μύρμηκος
2702 5437 2926 5502 εἴσεται,
2951 5437 3044 5490 καὶ
3071 5436 3131 5490 τὸ
3160 5436 3490 5506 φιλόκαλον
3529 5444 3661 5498 ἀπὸ
3687 5445 3801 5512 τῆς

2134 5519 2410 5589 μελίττης,
2444 5519 2538 5571 καὶ
2584 5516 2646 5569 τὸ
2680 5518 3012 5582 κοινωνικὸν,
3058 5519 3316 5591 καθάπερ
3375 5522 3420 5591 ἡ
3475 5522 3803 5597 Παροιμία

2196 5665 2705 5743 Ἣτεριξεεννρηίὲιξε
2740 5670 2877 5743 νρειε
2902 5670 3291 5743 ,μεῖοιββπξθμὲςειν
3324 5683 3525 5743 ﬁssis.
3574 5676 3654 5743 (ιθ
3691 5687 3811 5738 auo

2131 5731 2462 5841 :';>:l}il':';ersia
2482 5735 2560 5780 est
2587 5749 2598 5778 :
2622 5731 2701 5781 hic
2726 5733 2858 5781 enim
2875 5731 3121 5795 signiﬂc'at
3140 5731 3293 5782 etiam
3319 5731 3559 5789 mutai'e
3586 5734 3649 5789 in
3675 5731 3810 5788 ciu.
