4086 6268
497 373 604 428 Ξ85

493 487 735 541 verbium
771 505 785 542 :
826 483 965 541 Vade
996 486 1063 540 ad
1093 487 1378 558 formicam,
1411 501 1439 538 ο
1471 483 1630 554 piger,
1667 482 1937 536 et-imitare
1976 480 2080 534 vias

496 583 621 648 ejus,
651 591 698 634 et
727 582 796 636 sis
825 582 915 635 illa
945 581 1242 650 sapientior.
1288 579 1412 634 Cum
1463 580 1592 632 enim
1622 577 1699 629 illi
1730 592 1828 628 non
1873 575 1936 628 sit
1966 589 2086 644 ager

499 691 638 745 quem
666 676 820 740 colat,
851 689 942 727 nec
989 673 1125 726 ullus
1157 689 1267 726 eam
1309 681 1476 742 cogat,
1519 687 1607 724 nec
1650 670 1714 722 sit
1754 669 1804 721 in
1845 676 2085 738 potestate

495 766 708 830 domini,
755 775 901 835 parat
930 775 1102 820 testate
1140 766 1458 827 alimentum,
1489 774 1536 816 et
1567 764 1616 816 in
1654 773 1877 831 tempore
1913 761 2085 815 messis

493 873 733 927 magnum
775 857 895 930 facit
925 872 1176 910 acervum.
1243 855 1330 909 Vel
1377 855 1501 908 vade
1537 854 1606 906 ad
1652 869 1820 923 apem,
1858 861 1906 905 et
1950 851 2086 904 disce

499 951 630 1015 quod
660 952 726 1003 sit
771 950 1030 1020 Operaria,
1077 953 1222 1019 cujus
1272 948 1469 1002 labores
1513 963 1658 1018 reges
1697 955 1744 999 et
1791 945 1972 1014 privati
2017 945 2086 997 ad

494 1043 763 1098 sanitatem
795 1039 1034 1108 offerunt.
1067 1040 1218 1109 Atqui
1262 1039 1378 1093 licet
1407 1040 1470 1092 sit
1500 1037 1752 1092 imbecilla
1781 1037 1994 1102 viribus,
2031 1045 2086 1089 ut

494 1149 610 1195 qua:
637 1134 938 1203 sapientiam
972 1132 1253 1195 honorarit,
1284 1140 1515 1201 provecta
1540 1138 1610 1183 est
1637 1128 1818 1200 (Prov.
1851 1128 1901 1181 6.
1937 1127 2082 1197 6-8).

500 1224 617 1294 Ipsa
647 1225 787 1279 enim
825 1224 940 1293 apis
981 1238 1164 1278 rursus
1208 1231 1380 1276 tecum
1421 1229 1561 1291 aget,
1612 1236 1679 1274 ne
1724 1218 2082 1289 nequidquam

501 1315 948 1386 pulchritudinem
999 1330 1283 1386 corporum
1339 1313 1652 1378 admireris,
1711 1312 1922 1381 quando
1980 1327 2084 1365 non

499 1407 652 1466 adest
681 1409 848 1464 virtus
889 1409 1083 1462 anima:
1127 1424 1141 1460 :
1186 1422 1286 1463 nec
1328 1405 1720 1462 deformitatem
1770 1404 2081 1473 vilipendas,

498 1499 712 1570 quando
743 1499 901 1555 fuerit
931 1500 1150 1570 pulchre
1197 1510 1416 1554 ornatus
1457 1499 1687 1552 animus.
1723 1496 1873 1566 Quod
1915 1497 2084 1566 ipsum

497 1607 712 1663 quoque
758 1593 1068 1663 signiﬁcans
1111 1591 1321 1646 dicebat
1359 1587 1734 1645 Parcemiastes
1777 1607 1789 1642 :
1826 1587 1998 1642 Parva
2034 1589 2088 1642 in

497 1686 782 1740 volucribus
809 1687 943 1755 apis,
975 1695 1019 1740 et
1049 1685 1354 1755 principium
1380 1682 1702 1736 dulcedimun
1741 1685 1934 1752 fructus
1977 1681 2089 1750 ejus

499 1777 690 1845 (Eccli.
716 1779 804 1832 11.
833 1779 911 1847 5).
942 1777 1128 1846 Cogita
1157 1775 1285 1828 mihi
1314 1776 1576 1841 volucres,
1600 1783 1653 1828 et
1677 1789 1890 1828 omnem
1919 1773 2089 1842 philo-

499 1869 745 1938 sophiam
771 1883 838 1923 ex
877 1868 958 1922 eis
997 1867 1272 1935 suscipies.
1301 1865 1558 1933 Quocirca
1603 1863 1845 1919 Christus
1878 1879 2089 1934 quoque

500 1960 715 2016 dicebat
746 1979 759 2014 :
802 1959 1054 2030 Respicite
1083 1961 1305 2013 rolucres
1332 1958 1465 2025 cteli,
1495 1973 1608 2028 qua:
1650 1974 1740 2011 nec
1777 1967 1968 2024 serunt,
1999 1974 2088 2012 nec

500 2063 717 2117 metunt,
747 2062 792 2105 et
818 2051 976 2113 Pater
1005 2060 1163 2105 vester
1181 2050 1396 2104 cazlestis
1424 2064 1508 2102 eos
1530 2049 1622 2104 alit
1654 2047 1865 2120 (Matth.
1892 2050 1945 2103 6.
1972 2048 2085 2118 26).

583 2144 723 2199 cnim
747 2157 865 2212 qua:
892 2151 1016 2197 sunt
1047 2141 1267 2198 rationis
1309 2140 1544 2209 expertia
1585 2154 1691 2194 non
1732 2147 1856 2194 sunt
1892 2139 1960 2193 de
1991 2140 2088 2194 ali-

503 2237 696 2290 mentis
728 2234 978 2299 Sollicita,
1005 2232 1272 2304 quomodo
1303 2241 1353 2287 te
1374 2231 1650 2298 defendes,
1677 2233 1764 2302 qui
1793 2248 1858 2286 ne
1887 2235 2086 2286 tantum

502 2326 721 2396 quidem
775 2325 1017 2380 ostendis
1069 2339 1248 2378 rerum
1298 2325 1640 2392 praesentium
1688 2333 2085 2393 contemptum,

501 2426 756 2486 quantum
779 2415 938 2471 aves?
959 2413 1109 2480 Quod
1129 2414 1172 2466 si
1196 2413 1501 2467 velisetiam
1526 2423 1771 2467 ornatum
1790 2413 2086 2482 despicere,

501 2506 773 2564 docebunt
807 2515 858 2560 te
905 2505 1064 2560 flores
1103 2504 1237 2576 agri,
1281 2520 1349 2558 ne
1395 2505 1447 2558 in
1498 2513 1550 2558 te
1586 2505 1826 2559 ornando
1869 2506 2088 2562 nimium

501 2596 661 2654 studii
691 2607 744 2652 et
772 2611 948 2666 opera:
978 2611 1166 2667 ponas.
1196 2595 1349 2662 Quod
1384 2595 1556 2667 ipsum
1599 2611 1811 2668 quoque
1847 2597 2090 2654 Christus

499 2689 804 2760 signiﬁcans
832 2689 1046 2746 dicebat
1085 2706 1098 2742 :
1133 2687 1388 2759 Respicite
1438 2688 1548 2743 lilia
1591 2689 1721 2759 agri,
1765 2706 1919 2759 neque
1949 2699 2084 2756 nent,

499 2796 663 2849 neque
689 2779 942 2833 laborant.
976 2778 1134 2832 Amen
1159 2779 1272 2832 dico
1303 2777 1460 2846 vobis,
1487 2795 1578 2832 nec
1615 2779 1862 2834 Salomon
1889 2780 2089 2850 quidem

498 2872 800 2930 induebatur
825 2881 880 2926 ut
907 2888 1062 2925 unum
1093 2888 1155 2924 ea:
1178 2872 1254 2924 Itis
1286 2871 1496 2942 (Matth.
1525 2869 1578 2926 6.
1611 2871 1665 2925 8.
1699 2871 1814 2943 ‘29).
1838 2872 1970 2927 Cum
1993 2874 2092 2926 ita-

499 2980 606 3034 que
649 2965 877 3026 vestium
924 2973 1172 3018 ornatum
1218 2979 1406 3018 curare
1451 2963 1706 3030 volueris,
1737 2965 1908 3034 cogita
1947 2966 2087 3034 quod

498 3062 987 3124 quantumcumque
1015 3053 1374 3120 contenderis,
1421 3054 1522 3108 erit
1560 3069 1724 3123 penes
1770 3055 1971 3110 foenum
2013 3057 2089 3110 vi-
2141 3123 2144 3126 4

500 3144 693 3209 etoria,
723 3160 821 3200 nec
846 3145 1045 3214 poteris
1073 3158 1191 3201 cum
1224 3145 1313 3197 illo
1347 3151 1657 3201 concertare
1682 3159 1696 3198 :
1723 3153 1776 3200 et
1807 3144 1946 3201 hanc
1973 3159 2090 3199 ara-

502 3236 646 3296 tione
674 3235 900 3296 alienam
930 3236 1190 3291 insaniam
1222 3235 1536 3304 comprime.
1567 3235 1731 3290 Multa
1754 3252 1965 3306 quoque
1983 3239 2086 3292 alia

500 3326 850 3396 philosophiae
875 3326 1192 3381 documenta
1223 3335 1277 3380 et
1301 3342 1366 3384 ex
1391 3325 1576 3392 brutis,
1611 3333 1665 3379 et
1686 3342 1748 3379 ex
1774 3326 2012 3396 floribus,
2037 3339 2091 3385 ct

500 3432 565 3476 ex
592 3417 884 3472 seminibus
910 3418 1025 3486 capi
1051 3425 1295 3486 po~sunt.

577 3503 762 3562 Omnia
807 3522 960 3574 opera
997 3505 1095 3559 Dei
1134 3507 1413 3575 gratiarum
1446 3505 1696 3560 actionem
1743 3507 1961 3562 excitare
1987 3508 2092 3562 de—

501 3599 725 3656 bent.—
751 3598 803 3652 5.
837 3597 1098 3668 Confessio
1119 3608 1164 3650 et
1202 3598 1576 3667 magniﬁcentia
1623 3615 1749 3667 opus
1793 3600 1920 3666 ejus.
1979 3599 2091 3656 lloc

502 3698 607 3755 est,
637 3689 1049 3758 unumquodque
1076 3704 1209 3760 opus
1239 3688 1354 3756 ejus
1387 3705 1400 3742 :
1445 3704 1618 3758 neque
1646 3690 1786 3744 enim
1822 3689 1934 3744 hare
1963 3691 2092 3746 dicit

500 3778 570 3838 de
597 3793 704 3838 uno
730 3794 914 3850 opere.
950 3779 1102 3835 Alius
1127 3789 1303 3836 autem
1350 3779 1614 3849 interpres
1637 3781 1770 3836 dixit
1801 3798 1813 3834 :
1861 3780 2000 3836 Laus
2042 3794 2090 3838 et

501 3873 726 3943 dignitas
763 3873 989 3944 operatio
1032 3873 1175 3942 ejus;
1222 3872 1308 3925 hic
1350 3887 1499 3937 vero,
1537 3871 1818 3945 Confessio,
1853 3873 1954 3928 hoc
1983 3887 2087 3943 est,

499 3965 788 4035 gratiarum
819 3965 958 4018 actio
983 3973 1036 4017 et
1062 3964 1252 4034 gloria.
1285 3963 1713 4035 Unumquodque
1735 3967 1876 4021 enim
1903 3982 2089 4024 eorum

501 4072 621 4126 qua:
649 4057 895 4113 videntur
923 4056 1141 4123 sufﬁcit,
1180 4068 1236 4111 ut
1266 4051 1571 4113 deducatur
1595 4069 1868 4129 spectator
1891 4062 1955 4115 ad
1995 4063 2091 4133 hy-

500 4163 746 4209 mnorum
772 4159 1006 4215 cautum,
1033 4149 1099 4204 ad
1130 4149 1362 4214 Iaudem,
1387 4150 1453 4204 ad
1479 4150 1945 4221 gloriﬁcationem.
1974 4154 2088 4208 Non

501 4241 622 4300 licet
653 4242 854 4308 dicere,
891 4243 1067 4308 Quare
1107 4242 1246 4298 hoc?
1275 4243 1340 4298 ad
1382 4243 1508 4313 quid
1553 4242 1693 4298 hoc?
1736 4245 1831 4300 sed
1860 4246 2093 4302 tenebrae

503 4340 553 4382 et
587 4329 721 4395 dies,
766 4330 934 4388 fames
972 4338 1027 4387 et
1052 4331 1395 4398 abundantia,
1431 4332 1662 4391 solitudo
1691 4343 1746 4389 et
1774 4343 1914 4389 terra
1945 4336 2096 4390 inha—

503 4419 755 4486 bitabilis,
793 4431 932 4483 terra
966 4423 1172 4492 pinguis
1204 4425 1322 4479 beta
1367 4435 1569 4494 segete,
1609 4425 1714 4480 vita
1749 4435 1804 4480 et
1832 4443 1998 4494 mors,
2041 4437 2096 4483 et

506 4526 857 4580 qua‘cumque
896 4512 1162 4578 videntur,
1195 4515 1258 4568 iis
1293 4516 1382 4585 qui
1414 4532 1472 4569 ca
1519 4517 1803 4588 diligenter
1827 4517 2090 4584 ediscunt,

505 4599 780 4656 sufﬁciunt
801 4601 866 4658 ad
892 4603 1229 4662 excitandum
1265 4621 1358 4661 cos
1393 4608 1456 4661 ad
1484 4610 1772 4677 gratiarum
1803 4608 2088 4668 actionem.

511 4694 624 4756 Hoc
657 4709 750 4762 per
783 4694 1066 4762 quemdam
1093 4696 1408 4766 prophetam
1441 4700 1583 4755 Deus
1613 4702 1920 4772 signiﬁcans
1959 4703 2096 4758 dice-

508 4787 619 4848 bat,
661 4785 918 4855 supplicia
950 4802 1153 4856 ponens
1185 4805 1278 4856 pro
1306 4790 1564 4846 beneﬁcio
1607 4811 1619 4846 :
1654 4792 1822 4846 Everti
1860 4811 1941 4848 cos
1969 4796 2096 4848 sicut

503 4877 672 4936 euertit
689 4875 821 4930 Deus
835 4877 1112 4932 Sodomam
1127 4888 1170 4930 et
1186 4878 1539 4943 Gomorrham,
1557 4885 1778 4950 percussi
1795 4901 1876 4937 eos
1895 4886 2097 4953 inﬂam-

503 4973 722 5034 matione
753 4982 798 5024 et
830 4971 1002 5023 morbo
1021 4971 1159 5041 regio
1180 4971 1374 5040 (Amos.
1403 4973 1453 5028 4.
1482 4973 1562 5028 Η.
1592 4973 1669 5043 9).
1699 4975 1756 5028 Et
1789 4991 1972 5028 rursus
2005 4993 2097 5044 per

501 5065 666 5124 alium
691 5082 702 5116 :
723 5061 898 5122 Eduxi
911 5078 995 5116 eos
1011 5078 1037 5114 e
1057 5073 1189 5115 terra
1208 5061 1447 5133 Aigypti,
1469 5073 1514 5116 et
1534 5081 1559 5116 e
1579 5064 1728 5118 domo
1744 5068 1994 5122 servitutis
2013 5085 2096 5121 eos

507 5155 694 5213 redemi
718 5153 905 5227 (llic-lt.
930 5155 984 5209 ϐ.
1003 5153 1090 5226 4);
1113 5169 1394 5209 assumens
1419 5156 1674 5224 supplicia
1691 5157 1742 5210 in
1758 5157 2094 5214 beneﬁcium.

507 5247 582 5306 Ita
613 5248 730 5305 hate
757 5248 916 5305 etiam
947 5264 960 5300 :
995 5263 1115 5307 nam
1157 5248 1272 5303 iure
1297 5263 1510 5318 quoque
1541 5249 1800 5304 beneﬁcio
1838 5249 2092 5318 afﬁciunt,

508 5344 800 5409 corrigunt,
833 5339 1104 5405 erudiunt,
1137 5340 1420 5409 castigant,
1451 5341 1634 5394 vitium
1682 5351 1948 5396 resecant.
1993 5343 2097 5396 llo-

506 5432 680 5492 mines
706 5433 847 5487 enim
872 5431 987 5488 lucc
1011 5432 1223 5502 quidem
1257 5431 1455 5487 faciunt
1479 5443 1533 5486 ut
1555 5432 1814 5489 beneﬁcio
1841 5433 2090 5496 afﬁciant,

510 5520 600 5578 illa
631 5535 759 5575 vero
786 5522 925 5591 quod
955 5523 1078 5578 odio
1109 5523 1339 5579 habeant
1369 5534 1419 5578 et
1449 5534 1763 5580 :iversentur
1794 5545 1805 5579 :
1841 5525 1980 5578 Deus
2003 5540 2098 5577 au-

511 5619 619 5670 tem
671 5612 850 5670 omnia
896 5612 1020 5667 facit
1056 5615 1337 5670 dilectione
1395 5627 1606 5671 motus:
1647 5617 2094 5686 quemadmodum

512 5702 780 5768 beneﬁcio
799 5703 1035 5760 afﬁciens
1063 5708 1231 5774 posuit
1271 5709 1320 5759 in
1337 5707 1604 5775 paradiso,
1630 5718 1683 5761 ct
1699 5706 1958 5762 beneﬁcio
1983 5708 2098 5760 afﬁ-

509 5800 664 5866 ciens
684 5795 842 5878 ejecit
868 5814 894 5852 ρ
916 5797 1159 5873 paradiso
1190 5816 1200 5851 :
1238 5797 1494 5861 beneﬁcio
1522 5799 1760 5860 afﬁciens
1780 5797 1997 5861 immisit
2018 5800 2093 5855 di-

1212 373 1268 428 S.
1310 370 1587 428 JOANNIS
1623 363 2100 425 CliRYSOSTOMI
2142 363 2460 419 ARCHIEP.
2502 362 3038 420 CONSTANTINOP.
3410 386 3416 393 ·
3537 356 3549 370 ’
3657 366 3743 422 281

2198 478 2416 543 luvium,
2444 488 2498 535 et
2543 479 2800 535 beneﬁcio
2823 481 3064 535 afﬁciens
3094 480 3146 533 in
3175 479 3402 534 Sodoma
3433 485 3572 534 illum
3595 480 3750 549 ignem

2191 569 2455 637 jaculatus
2491 579 2591 626 est.
2627 571 2692 624 Et
2727 571 2981 641 quidquid
3027 571 3226 624 dixeris
3271 571 3336 625 ab
3372 586 3438 626 eo
3479 579 3754 640 gestorum,

2195 662 2606 732 unumquodque
2634 663 2756 716 facit
2793 662 2860 716 ad
2900 662 3237 718 beneﬁcium.
3275 663 3534 718 Beueltcm
3563 680 3756 734 quoque

2193 752 2452 818 afﬁciens,
2482 753 2782 823 gehennam
2809 754 3039 808 minatus
3062 765 3144 809 est
3172 771 3184 806 :
3214 764 3268 809 et
3290 755 3430 809 sicut
3456 765 3624 824 patres
3661 771 3757 810 non

2193 847 2368 900 solum
2400 846 2737 916 indulgentes
2766 846 2910 913 ﬁliis,
2952 847 3046 901 sed
3083 847 3241 900 etiam
3284 847 3641 908 verberantes.
3687 864 3760 915 pa-

2195 943 2303 991 tres
2325 946 2481 990 sunt:
2512 952 2613 992 nec
2639 939 2814 991 minus
2836 937 3200 1002 verberantes,
3225 952 3381 1007 quam
3406 937 3757 1006 indulgentes:

2194 1031 2266 1086 ita
2293 1034 2454 1082 etiam
2483 1028 2644 1084 Deus.
2672 1027 3032 1095 Quamobrem
3061 1028 3260 1084 Paulus
3288 1043 3498 1098 quoque
3525 1028 3719 1082 dicebat
3745 1047 3757 1080 :

2199 1122 2322 1188 Quis
2352 1131 2422 1176 est
2453 1123 2583 1175 enim
2615 1122 2774 1190 ﬁlius,
2799 1138 2943 1192 quem
2968 1138 3068 1174 non
3095 1121 3306 1191 castigat
3323 1120 3662 1191 pater(llebr.
3683 1119 3759 1173 l2.

2196 1214 2288 1284 7)?
2318 1215 2384 1267 Et
2412 1212 2663 1268 Salomon
2699 1230 2713 1267 :
2745 1215 2903 1278 Quem
2936 1214 3070 1266 enim
3107 1213 3271 1283 diligit
3316 1213 3585 1276 Dominus,
3621 1213 3764 1266 casti-

2193 1315 2299 1375 gat,
2330 1305 2554 1375 ﬂagellat
2581 1313 2748 1358 autem
2776 1320 2970 1358 onmem
2999 1305 3164 1373 ﬁlium
3188 1320 3333 1372 quem
3374 1305 3573 1374 recipit.
3612 1302 3766 1356 Justi-

2195 1396 2264 1448 tia
2299 1397 2407 1465 ejus
2434 1405 2600 1449 manet
2630 1397 2681 1450 in
2711 1394 2953 1449 sa'culum
2976 1395 3151 1449 sa'cnli
3178 1394 3362 1465 (Prov.
3392 1397 3446 1450 ’5.
3479 1395 3590 1466 12).

2264 1487 2321 1540 4.
2365 1487 2474 1541 lloc
2501 1487 2628 1541 mihi
2658 1487 2867 1542 videtur
2894 1487 2982 1541 hic
3003 1487 3183 1543 dicere
3213 1496 3432 1558 prepter
3472 1503 3566 1542 eos
3593 1487 3677 1558 qui
3703 1485 3771 1542 of-

2196 1577 2485 1633 fenduntur
2513 1595 2578 1632 cx
2613 1579 2774 1633 rebus
2802 1577 3060 1642 adversis,
3092 1593 3211 1648 qua:
3250 1589 3450 1647 prmter
3477 1594 3624 1648 spem
3663 1578 3772 1646 qui-

2195 1671 2418 1727 busdam
2468 1672 2741 1736 eveniunt,
2788 1669 3171 1742 propemodum
3213 1670 3294 1726 eis
3338 1669 3572 1725 suadens
3615 1681 3666 1725 et
3700 1669 3772 1724 di-

2195 1776 2324 1817 cens
2345 1779 2359 1816 :
2378 1761 2454 1817 Ne
2470 1762 2804 1818 conturberis
2818 1763 2860 1816 si
2887 1762 3063 1817 videas
3091 1761 3335 1816 homines
3355 1777 3455 1832 per
3466 1763 3773 1818 calumniam

2195 1854 2424 1914 delatos.
2447 1854 2709 1909 molestiis
2737 1853 2978 1914 affectos,
3002 1865 3054 1908 et
3081 1855 3220 1910 mala
3241 1854 3462 1926 indigne
3484 1855 3774 1924 paticn'es:

2194 1955 2374 2000 manet
2394 1945 2535 2002 enim
2565 1946 2925 2015 incorruptum
2947 1945 3225 2015 judicium,
3259 1954 3443 2000 manet
3470 1960 3603 2016 pura
3631 1953 3682 1999 et
3703 1946 3778 2000 in-

2196 2046 2343 2107 tegra
2373 2038 2659 2104 sententia,
2705 2051 2826 2106 qua:
2861 2051 2959 2106 pro
2989 2037 3194 2092 meritis
3241 2037 3536 2108 unicuique
3585 2035 3780 2090 tribuit.

2194 2130 2348 2198 Quod
2375 2131 2420 2185 si
2442 2144 2560 2184 eam
2587 2144 2735 2184 nunc
2762 2129 3014 2198 postules,
3051 2129 3171 2184 vide
3201 2145 3268 2186 ne
3312 2131 3364 2183 in
3418 2131 3649 2201 teipsnm
3679 2128 3781 2198 pri-

2196 2237 2341 2278 mum
2363 2221 2679 2277 sententiam
2703 2219 2960 2290 proferas.
2984 2219 3036 2275 Si
3063 2221 3202 2274 enim
3229 2221 3279 2273 in
3307 2235 3634 2290 unoquoque
3664 2233 3780 2289 pec-

2195 2323 2314 2372 cato
2344 2315 2485 2368 Deus
2516 2313 2736 2367 inferret
2758 2312 3072 2388 supplicium
3097 2322 3151 2366 et
3182 2313 3234 2365 in
3266 2327 3395 2367 reos
3416 2312 3656 2382 singulos
3683 2310 3788 2364 cal-

2195 2407 2372 2461 culum
2405 2407 2582 2470 ferret,
2613 2404 2722 2474 jam
2752 2403 2878 2459 olim
2909 2403 2978 2458 de
3009 2403 3187 2458 medio
3213 2404 3493 2458 sublatum
3527 2411 3672 2457 esset
3698 2400 3790 2455 hu-

2196 2511 2411 2554 manum
2442 2511 2627 2566 genus.
2659 2496 2722 2549 Et
2749 2495 2874 2564 quid
2905 2495 3025 2549 dico
3051 2493 3191 2550 hunc
3235 2506 3336 2549 aut
3377 2495 3566 2548 illum?
3593 2493 3792 2562 Supre-

2196 2602 2341 2641 mum
2372 2586 2513 2640 enim
2543 2584 2780 2641 omnium
2811 2585 3083 2638 hominum
3127 2586 3178 2639 in
3225 2587 3470 2641 medium
3503 2585 3794 2652 adducens,

2196 2679 2298 2734 hoc
2322 2679 2559 2736 conabor
2584 2679 2872 2734 ostendere
2901 2695 2916 2731 :
2946 2678 3168 2733 Paulum
3217 2695 3420 2749 nempe
3461 2680 3611 2734 illum
3657 2677 3796 2732 orbis

2199 2782 2354 2827 terra:
2383 2786 2706 2842 praeconem,
2734 2771 2823 2841 qui
2856 2771 2906 2824 in
2955 2771 3166 2825 tertium
3216 2772 3418 2826 osclum
3468 2780 3658 2842 raptus
3696 2780 3792 2824 cst.

2195 2863 2286 2933 qui
2319 2863 2370 2917 in
2395 2863 2699 2933 paradismu
2731 2863 2826 2916 fuit
2846 2862 3108 2928 sublatus,
3137 2861 3227 2931 qui
3258 2859 3364 2918 fuit
3393 2861 3798 2918 lrcmendorum

2196 2963 2650 3010 sacramentorum
2675 2953 2964 3022 particeps,
2995 2967 3088 3006 vas
3109 2947 3419 3020 electionis,
3448 2953 3654 3009 Christi
3685 2967 3799 3020 pro-

2195 3045 2390 3113 nuhus,
2422 3045 2511 3114 qui
2539 3044 2770 3100 ostendit
2791 3045 3088 3114 angelicam
3115 3044 3234 3098 vita:
3261 3045 3690 3109 institutionem,
3716 3047 3800 3116 qui

2198 3137 2406 3192 virtutis
2431 3136 2663 3192 studium
2693 3146 2896 3191 tantum
2924 3137 3073 3191 adiit.
3107 3136 3163 3191 Si
3198 3139 3348 3192 enim
3394 3139 3663 3195 noluisset
3689 3151 3804 3192 esse

2198 3232 2334 3289 lenis
2363 3241 2416 3286 et
2441 3231 2669 3300 patiens,
2699 3246 2928 3299 eumque
2954 3232 3243 3294 sustinere,
3287 3232 3389 3285 sed
3433 3231 3660 3303 quando
3689 3246 3806 3302 pecs

2195 3323 2369 3388 cabat,
2415 3321 2820 3392 blasphemabat
2859 3330 2913 3377 et
2960 3321 3413 3390 persequebatur,
3465 3326 3715 3392 protinus
3757 3324 3805 3376 in

2197 3431 2317 3470 cum
2343 3416 2541 3484 justam
2574 3413 2778 3468 tulisset
2807 3413 3146 3475 sententiam,
3170 3411 3282 3482 jam
3326 3414 3464 3467 olim
3498 3413 3806 3485 praeripuis-

2195 3519 2280 3566 set
2314 3525 2436 3564 eum
2477 3507 2827 3578 pmnitentitn.
2859 3508 3118 3574 Quocirca
3146 3507 3262 3576 ipse
3291 3525 3521 3579 quoque
3550 3525 3675 3564 cum
3700 3509 3809 3562 lucc

2197 3603 2378 3670 sciret,
2407 3601 2616 3656 dicebat
2643 3617 2656 3653 ε
2687 3599 2918 3654 Gratiam
2947 3599 3104 3652 habeo
3132 3597 3341 3653 Christo
3369 3603 3464 3669 qui
3493 3619 3576 3656 me
3605 3604 3810 3672 confor-

2197 3695 2336 3759 tavit,
2364 3694 2500 3762 quod
2520 3708 2598 3745 me
2621 3691 2819 3759 ﬁdelem
2843 3689 3164 3752 existimavit,
3195 3706 3398 3758 ponens
3424 3693 3482 3748 in
3498 3694 3814 3751 ministerio,

2197 3787 2282 3856 qui
2309 3786 2447 3853 prius
2475 3800 2612 3837 erant
2638 3781 2977 3853 blasphemus,
3003 3789 3046 3834 et
3079 3792 3439 3850 persequutor,
3476 3793 3525 3837 et
3557 3793 3814 3836 contume-

2199 3880 2394 3932 liosus:
2429 3876 2513 3940 sed
2537 3874 2934 3929 misericordiam
2969 3883 3310 3942 consequutus
3351 3892 3499 3943 sum,
3548 3889 3604 3929 ut
3648 3878 3700 3929 in
3741 3891 3818 3928 me.

2200 3973 2362 4041 primo
2392 3969 2671 4024 ostenderet
2702 3982 2898 4020 onmem
2939 3966 3251 4034 patient'am,
3289 3969 3362 4019 ad
3395 3967 3818 4037 informationem

2200 4078 2392 4125 eorum,
2422 4059 2509 4130 qui
2534 4057 2771 4112 credituri
2793 4065 2908 4110 sunt
2929 4055 3007 4108 illi
3027 4057 3078 4108 in
3101 4057 3252 4108 vitam
3281 4069 3543 4112 attentam
3573 4061 3654 4132 (l.
3684 4057 3818 4111 Tim.

2203 4155 2253 4208 1.
2287 4151 2494 4210 12.·15.
2523 4151 2630 4219 ili).
2659 4147 2791 4216 Quid
2815 4155 3015 4215 autem,
3052 4147 3404 4202 meretricem
3443 4149 3490 4203 si
3534 4151 3819 4218 primisset,

2200 4243 2536 4314 quandouam
2563 4255 2817 4294 conversa
2851 4241 3033 4294 fuisset
3059 4238 3210 4309 (Luc.
3241 4241 3295 4292 7.
3329 4243 3426 4296 57.
3457 4245 3603 4313 sqq.)
3623 4244 3649 4294 ?
3688 4241 3824 4308 Quid

2203 4351 2330 4388 vero
2353 4333 2689 4402 publicanum
2714 4330 3040 4395 Matthatum,
3063 4331 3107 4383 si
3133 4346 3238 4400 quo
3259 4339 3524 4402 tempore
3551 4333 3823 4401 publicani

2202 4425 2376 4480 ofﬁcio
2396 4424 2732 4494 fungebatur,
2753 4433 2882 4477 ante
2914 4423 3260 4476 mutationem
3292 4439 3502 4493 punias
3525 4426 3597 4480 ab
3617 4441 3686 4480 ro
3707 4441 3830 4479 exe-

2200 4519 2388 4587 gisset,
2430 4531 2605 4570 annon
2636 4513 2962 4584 pmnitentite
2994 4513 3138 4567 illum
3170 4513 3568 4582 praeripuissel
3609 4515 3827 4585 (Matth.

2202 4610 2257 4665 9.
2309 4608 2400 4678 9)?
2450 4608 2524 4662 lta
2573 4607 2732 4660 etiam
2785 4606 3046 4659 latronem
3092 4603 3241 4674 (Luc.
3283 4605 3382 4660 23.
3419 4607 3546 4679 40),
3599 4608 3675 4662 ita
3723 4623 3836 4660 Ina-

2202 4715 2298 4772 gos
2339 4698 2551 4768 (Matth.
2576 4697 2726 4763 ΞΛ),
2776 4697 2846 4750 ita
2883 4697 3041 4749 etiant
3077 4710 3536 4766 unumquemque
3583 4707 3835 4768 peccato-

2203 4810 2338 4849 rcm.
2367 4791 2502 4846 iram
2529 4791 2704 4860 itaque
2731 4791 2978 4851 sustinet,
3009 4795 3063 4840 ct
3105 4801 3202 4854 pro
3233 4789 3462 4843 meritis
3505 4789 3834 4845 retributio-

2205 4902 2348 4952 nem,
2377 4899 2576 4938 vocans
2605 4883 2846 4936 homines
2866 4880 2931 4934 ad
2958 4880 3350 4949 pmnitentiam.
3379 4882 3554 4946 Quod
3587 4883 3637 4936 si
3665 4898 3694 4934 a
3719 4896 3838 4936 cor-

2205 4977 2443 5032 rectione
2463 4975 2625 5028 alieni
2650 4972 2961 5034 manserint,
2987 4971 3184 5038 justam
3208 4972 3449 5028 omnino
3473 4973 3840 5029 sustinebunt

2204 5067 2548 5123 sententiam.
2580 5065 2841 5130 Quocirca
2887 5061 3143 5132 prepheta
3172 5076 3265 5115 eos
3308 5064 3411 5132 qui
3467 5067 3679 5134 injuria
3725 5063 3842 5118 afﬁ-

2204 5160 2439 5225 ciuntur,
2469 5157 2779 5218 consolans,
2816 5165 2870 5208 et
2893 5170 2986 5208 eos
3011 5155 3101 5220 qui
3129 5154 3388 5221 iniuriam
3428 5157 3693 5213 inferunt
3724 5156 3841 5211 ofﬁ-

2205 5253 2273 5308 cii
2309 5251 2622 5312 adtnonCIIS,
2655 5247 2927 5316 subiunxit
2967 5246 3094 5300 illud
3127 5265 3138 5297 :
3168 5245 3391 5299 Iustitia
3425 5251 3550 5319 ejus
3584 5260 3764 5304 manet
3795 5251 3845 5301 in

2206 5342 2462 5399 steculum.
2494 5338 2646 5406 Quod
2675 5349 2852 5391 autem
2898 5336 3006 5389 vult
3035 5351 3127 5405 per
3157 5335 3259 5389 hoc
3304 5336 3540 5403 dicere,
3576 5351 3668 5395 cst
3700 5341 3849 5409 ejus-

2207 5433 2348 5487 modi
2385 5453 2398 5486 :
2428 5430 2537 5485 Nec
2568 5438 2645 5492 tu,
2687 5430 2776 5498 qui
2821 5429 3008 5494 injuria
3044 5427 3292 5490 afﬁceris,
3331 5427 3650 5500 desperes,
3681 5434 3728 5485 si
3772 5432 3851 5482 vi.

2206 5534 2312 5579 tam
2345 5524 2565 5588 ﬁnieris,
2612 5522 2725 5576 fore
2755 5532 2811 5575 ut
2844 5522 2931 5589 jus
2977 5530 3122 5573 tuum
3168 5519 3430 5574 obtinens
3479 5544 3494 5577 :
3547 5535 3847 5594 postquam

2207 5618 2346 5671 enim
2414 5615 2539 5669 hinc
2601 5613 2939 5672 excesseris.
3001 5613 3240 5665 laborum
3305 5619 3852 5673 remunerationem

2207 5707 2428 5761 omnino
2467 5705 2736 5774 accipies:
2766 5719 2865 5758 nec
2901 5714 2954 5756 tu
2989 5719 3193 5766 rursus,
3222 5700 3314 5772 qui
3349 5709 3557 5758 omnia
3595 5711 3771 5778 rapis.
3802 5714 3852 5763 in

2212 5797 2446 5861 omnium
2472 5795 2606 5859 bona
2639 5791 2863 5866 invadis,
2889 5803 2938 5849 et
2963 5795 3140 5859 omnia
3163 5807 3370 5862 susque
3398 5797 3594 5876 deque
3622 5804 3851 5868 misces,
