4114 6278
430 230 461 246 1

461 377 569 435 283

461 491 627 563 φησίν
647 508 659 523 ⁸
695 491 795 545 Ἴθι
830 489 980 558 πρὸς
1003 488 1106 544 τὸν
1128 490 1429 560 μύρμηκα,
1451 483 1499 544 ὦ
1536 490 1776 561 ὀκνηρέ,
1808 493 1907 547 καὶ
1939 490 2033 559 ζή-

465 580 667 630 λωσον
698 572 806 639 τὰς
843 574 1020 639 ὀδοὺς
1059 574 1266 638 αὐτοῦ,
1312 575 1410 628 καὶ
1449 574 1627 643 γενοῦ
1660 575 1895 629 ἐκείνου
1930 589 2037 628 σο-

468 657 743 728 φώτερος.
776 655 1040 721 Ἐκεῖνος
1068 656 1180 725 γεἰρ
1206 657 1484 725 γεωργίου
1524 656 1609 726 μὴ
1638 656 2036 727 ὑπάρχοντος,

463 740 617 812 μηδὲ
647 739 753 793 τὸν
771 738 1178 809 ἀναγκάζοντα
1207 739 1381 808 ἔχων,
1401 739 1554 809 μηδὲ
1579 739 1698 795 ὑπὸ
1730 739 2039 807 δεσπότην

466 824 567 886 ὢν,
606 823 962 893 ἐτοιμάζεται
996 822 1205 890 θέρους
1249 823 1365 890 τὴν
1404 823 1650 892 τροφὴν,
1696 823 1938 892 πολλὴν
1972 841 2038 878 τε

465 905 632 971 ἐντῷ
671 904 880 976 ἀμητῷ
916 906 1164 958 ποιεῖται
1205 904 1320 973 τὴν
1351 906 1700 975 παράθεσιν.
1722 907 1792 965 Ἦ
1824 908 2036 975 πορεύ-

467 992 596 1057 θητι
638 988 788 1057 πρὸς
819 987 933 1055 τὴν
974 987 1298 1056 μέλισσαν,
1340 990 1439 1042 καὶ
1481 989 1634 1059 μάθε
1684 991 1767 1055 ὡς
1804 990 2036 1060 ἐργάτις

465 1073 667 1126 ἐστίν’
691 1068 769 1142 ἧς
792 1072 936 1135 τοὺς
954 1074 1181 1138 πόνους
1209 1071 1494 1138 βασιλεῖς
1514 1073 1611 1127 καί
1649 1072 1859 1129 ἰδιῶται
1885 1074 2036 1142 πρὸς

462 1154 694 1224 ὑγίειαν
714 1152 1150 1222 προσφέρονται
1174 1166 1221 1209 ⁸.
1245 1153 1393 1227 [269]
1411 1156 1598 1209 Καίτοι
1623 1151 1683 1209 οὖ
1693 1173 1758 1208 σα
1784 1158 1849 1226 τῇ
1876 1156 2035 1229 ῥώμῃ

463 1236 714 1306 ἀσθενὴς,
762 1237 861 1306 τὴν
905 1235 1096 1304 σοφίαν
1126 1237 1406 1306 τιμήσασα
1462 1237 1730 1308 προήχθη.
1772 1238 1882 1290 Καὶ
1926 1239 2034 1308 γὰρ

464 1322 602 1390 αὐτή
629 1338 709 1373 σοι
731 1320 891 1373 πάλιν
914 1322 946 1390 ἡ
977 1319 1195 1388 μέλιττα
1214 1320 1531 1384 διαλέξεται,
1555 1319 1695 1374 ὥστε
1727 1321 1800 1392 μὴ
1831 1320 2036 1391 θαυμά-

465 1401 577 1473 ζειν
597 1402 783 1465 ἁπλῶς
802 1401 870 1455 τὰ
898 1401 1065 1472 κάλλη
1088 1401 1197 1454 τῶν
1221 1403 1507 1474 σωμάτων,
1523 1403 1646 1457 ὅταν
1670 1403 1843 1474 ψυχῆς
1865 1402 2034 1474 ἀρετὴ

467 1486 541 1556 μὴ
568 1482 622 1557 ᾗ,
650 1484 783 1555 μηδὲ
814 1483 1165 1549 ἐξευτελίζειν
1192 1484 1289 1557 τὴν
1318 1486 1612 1558 ἀμορφίαν,
1653 1487 1782 1540 ὅταν
1814 1487 1846 1555 ἡ
1886 1485 2033 1556 ψυχὴ

463 1559 953 1637 κεκαλλωπισμένη
998 1567 1154 1641 τύχῃ.
1176 1567 1351 1638 Ὅπερ
1379 1564 1472 1620 οὖν
1500 1569 1593 1624 καὶ
1625 1569 1755 1622 αὐτὸ
1785 1567 1958 1638 δηλῶν
2004 1570 2034 1622 6

465 1650 867 1721 παροιμιαστὴς
916 1650 1088 1719 ἔλεγε·
1121 1650 1312 1719 Μικρὰ
1338 1650 1408 1704 ἐν
1439 1651 1729 1717 πετεινοῖς
1754 1651 1793 1719 η
1817 1650 2032 1720 μέλισ-

465 1749 567 1796 σα,
618 1734 713 1788 καί
763 1733 917 1802 ἀρχὴ
966 1732 1406 1802 γλυκασμάτων
1454 1737 1488 1788 d
1536 1734 1762 1802 καρπὸς
1818 1733 2029 1802 αὐτῆς.

479 1815 756 1887 Ἐννόησόν
796 1833 886 1886 μοι
912 1816 1037 1878 τούς
1078 1816 1320 1888 ὄρνιθας,
1349 1816 1445 1869 καὶ
1483 1815 1610 1887 δέξῃ
1646 1815 1856 1870 ἐκεῖθεν
1881 1816 2030 1885 φιλο-

468 1899 676 1967 σοφίαν.
701 1899 799 1952 Διά
823 1916 905 1952 τοι
935 1898 1091 1952 τοῦτο
1122 1899 1217 1953 καὶ
1244 1902 1274 1952 6
1305 1899 1538 1970 Χριστὸς
1570 1900 1772 1967 ἔλεγεν
1807 1899 2035 1968 Ἐμϐλέ-

464 1984 618 2050 ψατε
640 1984 727 2049 είς
746 1982 815 2036 τὰ
839 1981 1078 2035 πετεινὰ
1100 1981 1205 2036 τοῦ
1230 1982 1508 2050 οὐρανοῦ,
1538 1983 1630 2036 ὅτι
1656 1983 1728 2037 οὐ
1752 1983 2033 2049 σπείρου-

463 2079 588 2131 σιν,
621 2064 763 2119 οὐδὲ
794 2063 1108 2133 θερίζουσι,
1140 2063 1240 2118 καὶ
1273 2067 1306 2119 ό
1344 2064 1545 2132 Πατὴρ
1573 2063 1737 2132 ὑμῶν
1783 2066 1817 2118 d
1860 2063 2035 2132 οὐρά-

461 2164 593 2213 νιος
641 2146 835 2216 τρέφει
876 2144 1047 2200 αὐτά.
1080 2144 1144 2203 Εἰ
1192 2145 1300 2217 γὰρ
1337 2147 1405 2200 τά
1434 2146 1604 2214 ἄλογα
1628 2146 1688 2199 οὐ
1730 2147 2033 2217 μεριμνῶσι

464 2230 594 2299 περὶ
638 2229 865 2301 τροφῆς,
917 2228 1074 2281 ποίαν
1103 2227 1243 2293 ’έξεις
1270 2227 1564 2298 ἀπολογίαν
1609 2227 1741 2299 μηδὲ
1768 2226 2033 2300 τοσαύτην

462 2310 902 2382 ἐπιδεικνύμενος
948 2310 1247 2383 ὑπεροψίαν
1289 2309 1399 2363 τῶν
1448 2310 1748 2380 παρόντων,
1799 2310 1930 2381 ὅσην
1983 2312 2032 2364 οἱ

461 2392 703 2464 δρνιθεςς
739 2392 877 2446 Είδέ
918 2391 1009 2446 καὶ
1062 2391 1448 2462 καλλωπισμοῦ
1486 2392 1661 2461 βούλει
1686 2394 2033 2463 καταφρονῆ-

464 2492 572 2540 σαι,
604 2474 882 2529 παιδεύσει
919 2491 976 2526 σε
1021 2473 1089 2526 τὰ
1128 2473 1263 2544 ἄνθη
1292 2475 1386 2527 τοῦ
1422 2474 1615 2546 ἀγροῦ,
1660 2476 1733 2545 μὴ
1782 2471 1922 2527 εἷναί
1970 2491 2030 2527 σε

463 2558 809 2631 φιλόκοσμον.
832 2557 1011 2628 Ὅπερ
1035 2558 1129 2609 καὶ
1162 2557 1293 2611 αὐτὸ
1318 2556 1493 2627 δηλῶν
1514 2559 1543 2609 6
1563 2558 1793 2629 Χριστὸς
1824 2557 2028 2626 ἔλεγεν·

474 2642 841 2711 Ἐμόλέψατε
869 2643 955 2706 είς
990 2642 1063 2693 τὰ
1092 2640 1269 2707 κρίνα
1306 2640 1413 2693 τοῦ
1440 2640 1645 2709 ἀγροῦ,
1695 2640 1784 2695 ὅτι
1822 2642 1894 2695 οὐ
1925 2640 2034 2709 νή-

463 2725 694 2787 θουσιν,
743 2723 887 2778 οὐδὲ
934 2723 1244 2776 κοπιῶσιν.
1293 2721 1470 2791 Ἀμὴν
1495 2723 1649 2792 λέγω
1686 2724 1849 2793 ὑμῖν,
1888 2724 2033 2778 οὐδὲ

464 2806 746 2875 Σολομὼν
775 2805 1152 2874 περιεϐάλετο
1174 2805 1254 2871 ώς
1279 2804 1350 2858 ἒν
1376 2806 1619 2860 τούτων.
1652 2807 1818 2860 Ὅταν
1854 2807 2032 2862 τοίνυν

468 2890 654 2960 ἐθέλῃς
693 2888 1021 2951 σπουδάζειν
1082 2888 1209 2958 περὶ
1264 2888 1435 2960 κάλλη
1487 2889 1733 2958 ἱματίων,
1781 2889 2032 2961 ἐννόησον

468 2975 550 3028 δτι
578 2974 674 3025 ὅσα
703 2972 768 3026 ἂν
802 2971 1201 3043 φιλονεικήσῃς.
1226 2970 1376 3042 παρά
1404 2971 1483 3041 τῷ
1512 2972 1689 3043 χόρτῳ
1712 2971 1779 3025 τά
1813 2974 2033 3043 νικητή-

474 3074 579 3129 ρια.
615 3056 704 3110 καὶ
738 3055 799 3108 οὐ
846 3053 1051 3126 δυνήσῃ
1094 3052 1228 3125 πρὸς
1259 3056 1463 3108 ἐκεῖνον
1498 3054 1860 3126 ἁμιλληθῆναι
1882 3073 1895 3085 ·
1939 3055 2032 3108 καὶ

470 3139 765 3201 κατάλυσον
795 3136 892 3208 τὴν
942 3136 1133 3203 ἀλογον
1190 3135 1390 3207 ταύτην
1448 3137 1662 3207 μανίαν.
1713 3139 1824 3191 Καὶ
1869 3138 2032 3209 ἔτερα

467 3222 656 3287 πολλὰ,
683 3220 773 3275 καὶ
798 3219 903 3272 ἀπὸ
933 3218 1039 3271 τῶν
1069 3218 1295 3287 ἀλόγων,
1321 3221 1413 3272 καὶ
1436 3221 1542 3273 ἀπὸ
1571 3220 1679 3275 τῶν
1707 3222 1902 3287 ἀνθῶν,
1939 3225 2033 3278 καὶ

465 3306 572 3367 ἀπὸ
592 3305 699 3357 τῶν
727 3301 1052 3372 σπερμάτων
1076 3300 1191 3354 ἐστι
1214 3301 1539 3371 φιλοσοφεῖν.

548 3384 1009 3454 Ἐεομολόγησις
1033 3383 1129 3436 καὶ
1154 3384 1630 3453 μεγαλοπρέπεια
1654 3384 1721 3438 τὸ
1739 3385 1915 3455 ἔργον
1928 3388 2032 3441 αὐ-

463 3468 590 3524 τοῦ.
624 3467 932 3529 Τουτέστιν,
983 3466 1209 3520 ἕκαστον
1240 3468 1350 3519 τῶν
1382 3467 1558 3538 ἔργων
1586 3467 1783 3521 αὐτοῦ·
1822 3471 1884 3523 οὐ
1921 3469 2031 3541 γὰρ

463 3552 530 3622 δὴ
562 3550 689 3622 περὶ
713 3549 830 3611 ἐνὸς
857 3548 1019 3618 ἔργον
1051 3548 1223 3601 ταῦτά
1269 3564 1454 3619 φησιν,
1492 3550 1717 3619 Ἕτερος
1749 3551 1806 3603 δὲ
1855 3552 2031 3622 ἑρμηη

465 3633 658 3703 νευτὴς
717 3627 868 3685 εἶπεν
889 3648 904 3662 θ
954 3633 1244 3698 Ἐπαινος
1290 3632 1389 3685 καὶ
1440 3632 1669 3702 ἀξίωμα
1711 3635 1751 3701 ἠ
1783 3635 2033 3704 ἐργασία

464 3716 683 3773 αὑτοῦ·
712 3708 867 3776 οὗτος
899 3713 978 3775 δέ,
1026 3714 1513 3784 Ἐξομολόγησις,
1536 3715 1832 3781 τουτέστιν,
1868 3717 2031 3786 εὐχα-

471 3799 650 3871 ριστία
676 3798 772 3852 καὶ
802 3797 949 3863 δόξα.
979 3798 1246 3851 Ἕκαστον
1270 3798 1377 3868 γὰρ
1398 3798 1504 3851 τῶν
1527 3798 1819 3870 ὁρωμένων
1851 3801 2032 3855 ἰκανὸν

467 3883 547 3945 εἰς
578 3880 926 3952 εὐχαριστίαν
954 3878 1046 3935 τὸν
1085 3879 1283 3951 θεατὴν
1316 3881 1699 3951 παραπέμψαι,
1728 3883 1806 3945 είς
1844 3881 2029 3952 ὕμνον,

468 3964 548 4025 είς
576 3962 871 4033 εὐφημίαν,
916 3964 992 4025 εἰς
1024 3961 1348 4030 δοξολογίαν.
1391 3963 1503 4014 υύκ
1535 3962 1680 4015 ἔστιν
1712 3966 1904 4017 εἰπεῖν·
1935 3965 2034 4019 Διά

465 4045 518 4097 τί
548 4043 737 4111 τοῦτο;
773 4046 852 4106 είς
891 4044 944 4096 τί
994 4043 1183 4108 τοῦτο;
1224 4043 1359 4097 ἀλλά
1394 4045 1487 4097 καὶ
1527 4044 1587 4097 τὸ
1624 4045 1812 4108 σκότος
1855 4046 1950 4099 καὶ
1998 4048 2031 4118 ὴ

467 4125 670 4197 ἡμέρα,
700 4127 795 4180 καὶ
822 4127 850 4178 6
879 4125 1034 4195 λιμὸς
1066 4126 1159 4180 καὶ
1187 4128 1220 4198 ἡ
1252 4125 1489 4196 εὐθηνία,
1515 4127 1609 4180 καὶ
1637 4128 1670 4198 ή
1703 4127 1905 4199 ἔρημος
1940 4128 2034 4181 καὶ

466 4212 500 4280 η
534 4210 807 4280 ἀοίκητος,
838 4209 932 4263 καὶ
958 4212 990 4281 η
1020 4210 1229 4280 λιπαρὰ
1262 4210 1357 4264 καὶ
1388 4212 1421 4281 η
1450 4210 1754 4282 βαθύγειος,
1801 4212 1895 4265 καὶ
1920 4211 2033 4283 ζωὴ

466 4293 563 4349 καὶ
592 4284 838 4357 θάνατος,
868 4293 962 4346 καὶ
1000 4292 1176 4347 πάντα
1204 4293 1271 4347 τὰ
1296 4293 1546 4365 ὁρώμενα
1571 4296 1683 4356 τοῖς
1710 4294 1845 4370 μετά
1874 4295 2029 4366 ἀκρι-

466 4372 617 4436 6είας
646 4373 787 4427 αὐτά
816 4375 1317 4445 καταμανθάνουσιν
1351 4376 1511 4430 ἱκανά
1540 4376 1634 4429 καὶ
1661 4375 1861 4429 δυνατά
1898 4378 2034 4451 πρὸς

465 4456 820 4527 εὐχαριστίαν
853 4456 1137 4528 διεγεῖραι.
1170 4458 1339 4513 Τοῦτο
1372 4458 1501 4534 γοῦν
1532 4458 1707 4530 δηλῶν
1753 4458 1843 4512 διά
1889 4475 2034 4524 τινος

466 4541 744 4609 προφήτου
768 4541 796 4593 6
824 4539 954 4603 Θεὸς
978 4540 1180 4610 ἔλεγεν,
1211 4541 1326 4595 ἀντ’
1353 4542 1671 4613 εὐεργεσίας
1714 4543 1814 4606 τὰς
1862 4560 2035 4613 τιμω-

466 4620 588 4691 ρίας
626 4620 793 4683 τιθείς
811 4638 823 4651 ο
858 4619 1245 4691 Κατέστρεψα
1263 4624 1501 4690 αὐτοὺς,
1529 4625 1610 4692 ὡς
1630 4625 2035 4695 κατέστρεψεν

465 4704 500 4755 ό
536 4703 679 4770 Θεὸς
712 4702 943 4773 Σόδομα
972 4705 1070 4759 καί
1104 4708 1406 4777 Γόμορρα”
1438 4706 1704 4777 ἐπάταξα
1723 4707 1942 4774 αὐτοὺς
1964 4708 2035 4761 ἐν

466 4785 724 4854 πυρώσει
765 4787 862 4840 καὶ
908 4788 978 4840 ἐν
1005 4787 1227 4859 Ικτέρῳ.
1261 4790 1371 4842 Καὶ
1401 4789 1562 4843 πάλιν
1586 4789 1652 4842 δι’
1679 4790 1869 4843 ἄλλου·
1911 4792 2032 4843 Ἅν-

465 4869 693 4939 ήγαγον
739 4871 960 4938 αὐτοὺς
1003 4872 1070 4925 ἐκ
1110 4872 1225 4942 γῆς
1252 4872 1574 4942 Αἰγύπτου,
1608 4872 1708 4926 καί
1760 4871 1830 4938 ἐξ
1863 4873 2031 4927 οἴκου

463 4951 743 5019 δουλείας
795 4953 1223 5024 ὲλυτρωσιὶμην
1268 4955 1524 5020 αὐτούς’
1576 4955 1657 5018 είς
1714 4955 2033 5027 εὐεργεσίας

462 5034 561 5098 τάς
597 5036 866 5107 τιμωρίας
898 5037 1349 5108 μεταλαμϐάνων.
1377 5035 1533 5090 Οῦτω
1570 5037 1894 5091 καὶταῦτα·
1934 5038 2031 5092 καὶ

461 5116 571 5188 γάρ
595 5118 691 5171 καὶ
716 5118 889 5172 ταῦτα
904 5120 1310 5190 εὐεργετοῦντα,
1336 5118 1671 5190 διορθοῦντα,
1689 5119 2026 5185 παιδεύοντα,

461 5198 933 5269 παιδαγωγοῦντα,
977 5203 1311 5260 ἐκκύπτοντα
1346 5203 1450 5275 τήν
1479 5203 1675 5257 κακίαν
1706 5205 1872 5259 ἐστίν.
1902 5204 2027 5259 Ἀν-

462 5281 669 5354 θρωποι
702 5284 799 5355 μὲν
820 5286 929 5356 γὰρ
954 5286 1023 5339 τά
1052 5287 1150 5355 μὲν
1174 5287 1588 5355 εὐεργετοῦντες
1617 5285 1851 5350 ποιοῦσι,
1878 5286 1946 5343 τὰ
1973 5286 2032 5338 δὲ

465 5363 750 5438 μισοῦντες
801 5367 893 5419 καὶ
953 5368 1444 5440 ἀποστρεφόμενοι·
1498 5370 1530 5421 6
1571 5368 1629 5422 δὲ
1686 5368 1817 5431 Θεὸς
1864 5368 2033 5437 φιλῶν

462 5446 608 5499 ποιεῖ
631 5446 829 5508 πάντα,
865 5441 975 5500 οἷον
1002 5448 1301 5516 εὐεργετῶν
1329 5448 1483 5503 ἔθετο
1509 5452 1570 5503 ἐν
1596 5448 1673 5519 τῷ
1697 5449 2030 5520 παραδείσῳ,

461 5528 556 5581 καὶ
579 5527 879 5597 εὐεργετῶν
909 5529 1069 5583 πάλιν
1095 5531 1313 5596 ἐξέϐαλε
1339 5531 1434 5585 τοῦ
1469 5531 1802 5605 παραδείσου
1824 5550 1837 5562 ·
1879 5534 2034 5605 εὐερ-

461 5610 634 5678 γετῶν
668 5612 758 5664 τὸν
802 5612 1181 5682 κατακλυσμὸν
1228 5618 1535 5687 είργάσατο,
1590 5617 1684 5672 καὶ
1728 5617 2031 5688 εὐεργετῶν

523 5757 548 5790 ⁸
569 5756 667 5813 Alli
697 5758 1030 5826 προσφέρουσι.

1585 381 1949 439 Εχρυδιτιο
1985 386 2052 437 IN
2087 380 2419 440 I'SAUJILM
2457 378 2570 435 CX.

3604 381 3712 436 εει

2141 490 2202 543 τὸ
2230 489 2340 562 πῦρ
2362 492 2540 545 ἐκεῖνο
2567 490 2627 545 τὸ
2655 490 2763 546 τῶν
2793 491 3037 563 Σοδόμων
3072 490 3396 561 κατήνεγκε.
3429 491 3538 545 Καὶ
3575 492 3712 564 ὅπερ

2138 572 2204 627 ἂν
2242 576 2385 629 εἴποι
2418 591 2500 638 τις
2524 572 2634 627 τῶν
2663 574 2992 645 γενομένων,
3017 572 3247 627 ’ἑκαστον
3276 574 3355 635 εἰς
3395 574 3712 643 εὐεργεσίαν

2138 658 2300 709 ποιεῖ.
2320 656 2634 726 Εὐεργετῶν
2652 657 2746 710 καὶ
2756 656 2853 728 τὴν
2877 657 3098 725 γέενναν
3119 654 3379 725 ἠπείλησε
3396 672 3409 685 ·
3432 657 3524 709 καὶ
3549 659 3710 712 καθά-

2137 757 2243 812 περ
2282 742 2331 793 οἱ
2365 740 2599 811 πατέρες
2640 741 2700 794 οὐ
2746 741 3137 812 θεραπεύοντες
3185 739 3345 809 μόνον
3396 738 3465 791 τὰ
3501 740 3710 805 παιδία,

2136 822 2272 877 ἀλλά
2292 824 2384 877 καὶ
2401 822 2692 887 τύπτοντες
2705 824 2942 894 πατέρες
2959 822 3085 886 εἰσὶ,
3108 823 3201 875 καὶ
3216 824 3314 876 οὐκ
3331 821 3479 893 [270]
3493 822 3711 876 ἔλαττον

2136 905 2448 970 τύπτοντες,
2480 908 2513 979 ἢ
2541 907 2936 979 θεραπεύοντες
2956 925 2967 937 ·
3005 905 3145 960 οῦτω
3174 907 3238 978 δὴ
3264 907 3357 960 καὶ
3385 908 3413 960 6
3442 905 3591 968 Θεός.
3621 905 3714 959 Διὸ

2136 990 2229 1043 καὶ
2256 990 2285 1041 ὁ
2313 990 2524 1055 Παῦλος
2558 990 2708 1059 ἔλεγε
2727 1008 2742 1022 ·
2772 992 2867 1056 Τίς
2890 989 2998 1060 γάρ
3019 990 3188 1043 ἐστιν
3208 989 3357 1054 υίὸς,
3383 988 3455 1042 δν
3474 991 3547 1043 οὐ
3573 1001 3710 1042 παιο-

2134 1070 2293 1125 δεύει
2330 1072 2525 1141 πατήρ
2542 1089 2560 1136 ;
2593 1072 2705 1126 Καὶ
2739 1074 2768 1125 6
2797 1072 3077 1143 Σολομὼν
3108 1075 3209 1125 Ὃν
3233 1071 3342 1141 γὰρ
3370 1070 3566 1141 ἀγαπᾷ
3595 1072 3711 1124 lit}-

2128 1172 2281 1222 μσς,
2322 1156 2621 1210 παιδεύειο
2665 1156 2955 1225 μαστιγοῖ
2980 1156 3048 1209 δὲ
3085 1155 3280 1208 πάντα
3318 1155 3472 1217 υἱὸν,
3500 1153 3572 1207 δν
3595 1168 3711 1206 πα-

2126 1236 2459 1306 ραδέχεται.
2497 1238 2562 1291 Ἠ
2608 1237 2962 1307 δικαιοσύνη
3019 1237 3205 1292 αὑτοῦ
3246 1236 3417 1307 μένει
3471 1239 3560 1304 εις
3603 1235 3711 1292 τὸν

2133 1318 2319 1373 αἰῶνα
2342 1318 2449 1373 τοῦ
2477 1319 2693 1386 αἰῶνος
2718 1320 2769 1374 ιι.

2206 1405 2248 1459 δ’
2256 1446 2271 1460 .
2290 1405 2463 1459 Τοῦτο
2484 1406 2631 1459 δοκεῖ
2647 1423 2738 1477 μοι
2753 1404 2980 1460 ἐνταῦθα
2994 1407 3167 1460 εἰπεῖν
3181 1405 3270 1459 διά
3289 1406 3414 1469 τούς
3427 1404 3713 1460 σκανδαλιο

2134 1484 2393 1558 ζομένους
2437 1487 2574 1558 πρὸς
2620 1488 2689 1542 τά
2741 1488 3123 1558 συμπίπτοντα
3153 1489 3390 1560 δυσχερῆ
3433 1505 3544 1542 τισι
3577 1491 3711 1560 παρ’

2135 1576 2376 1643 ἐλπίδας,
2422 1577 2702 1648 μονονουχὶ
2733 1579 3014 1649 παραινῶν
3045 1578 3228 1641 αὐτοῖς
3251 1578 3345 1631 καὶ
3368 1576 3573 1645 λέγων·
3614 1578 3705 1647 Μὴ

2136 1662 2363 1733 θορυδοῦ
2421 1665 2954 1734 συκοφαντουμένους
3004 1663 3323 1736 ἀνθρώπους
3377 1664 3553 1736 δρῶν,
3607 1665 3705 1717 ἐπ-

2134 1751 2553 1823 ηρεαζομένους,
2581 1752 2731 1824 παρά
2756 1752 2854 1823 τὴν
2878 1752 3033 1817 ἀξίαν
3054 1752 3239 1816 κακῶς
3256 1752 3581 1821 πάσχονταςθ
3613 1751 3709 1822 μέ-

2133 1855 2214 1892 νει
2246 1838 2351 1910 γάρ
2379 1838 2730 1910 δικαστήριον
2755 1839 3069 1905 ἀδέκαστον,
3096 1838 3244 1909 μένει
3267 1838 3446 1909 ψῆφος
3468 1838 3704 1907 καθαρὰ,

2131 1926 2193 1979 τὸ
2240 1926 2360 1982 κατ’
2393 1925 2549 1992 ἀξίαν
2580 1926 2796 1997 ἑκάστῳ
2828 1926 3162 1997 παρέχουσα.
3207 1925 3267 1977 Et
3316 1925 3372 1977 δὲ
3410 1923 3504 1978 νῦν
3536 1926 3709 1997 αὐτὴν

2111 2011 2469 2085 -ἐπιζητοίης,
2500 2013 2601 2085 ὅρα
2632 2012 2706 2084 μὴ
2732 2012 2874 2067 κατά
2901 2010 3100 2067 σαυτοῦ
3136 2010 3352 2083 πρώτου
3386 2012 3484 2083 τὴν
3524 2012 3706 2082 ψῆφον

2134 2097 2445 2170 ἐξενέγκῃς.
2476 2099 2540 2152 Et
2569 2099 2678 2169 γὰρ
2704 2098 2893 2168 ἔμελλε
2925 2098 3047 2153 καθ’
3072 2098 3299 2154 ἕκαστον
3328 2099 3436 2153 τῶν
3466 2100 3708 2170 ἁμαρτη-

2137 2186 2321 2258 μάτων
2347 2188 2377 2242 δ
2414 2187 2549 2251 Θεὸς
2600 2188 2827 2256 ἐπάγειν
2864 2188 3155 2259 τιμωρίαν,
3204 2189 3296 2242 καὶ
3345 2189 3429 2258 ἐφ’
3475 2190 3704 2243 ἑκάστου

2131 2274 2240 2328 τῶν
2269 2274 2731 2346 πλημμελούντων
2781 2275 2881 2346 τὴν
2926 2275 3142 2329 δικαίαν
3184 2276 3464 2345 ἐπιφέρειν
3504 2274 3703 2346 ψῆφον,

2133 2360 2307 2413 πάλαι
2326 2359 2391 2413 ἂν
2410 2360 2842 2432 προανηρπάσθη
2865 2361 2926 2414 τὸ
2947 2360 3054 2413 τῶν
3077 2360 3173 2415 ἀνθ
3183 2361 3379 2431 ρώπων
3395 2361 3571 2431 γένος.
3596 2364 3706 2415 Καὶ⁹

2132 2446 2186 2501 τί
2215 2445 2358 2515 λέγω
2377 2446 2467 2500 τὸν
2495 2447 2643 2500 δεῖνα
2673 2447 2767 2500 καὶ
2798 2447 2890 2500 τὸν
2920 2446 3099 2514 δεῖνα;
3143 2447 3245 2502 Τὸν
3273 2447 3382 2519 γὰρ
3411 2450 3706 2520 κορυφαῖον

2129 2533 2239 2588 τῶν
2262 2535 2319 2587 ἐν
2347 2533 2657 2606 ἀνθρώποις
2687 2533 2941 2588 ἁπάντων
2971 2537 3050 2597 εἰς
3079 2534 3244 2606 μέσον
3272 2535 3513 2605 ἀγαγὼν,
3549 2535 3707 2591 τοῦτο

2130 2620 2297 2687 δεῖξαι
2324 2620 2679 2692 πειράσομαι,
2730 2620 2942 2677 Παῦλον
2984 2622 3190 2676 ἐκεῖνον
3234 2622 3325 2675 τὸν
3355 2624 3571 2694 κήρυκα
3608 2625 3707 2693 τῆς

2131 2708 2474 2779 οἰκουμένης,
2495 2709 2585 2762 τὸν
2602 2709 2682 2773 είς
2707 2708 2888 2780 τρίτον
2909 2709 3226 2778 ἁρπαγέντα
3249 2710 3496 2781 οὐρανὸν,
3515 2710 3606 2764 τὸν
3628 2713 3709 2774 εἰς

2134 2793 2464 2864 παράδεισον
2492 2794 2880 2864 ἀπενεχθέντα,
2910 2794 3001 2848 τὸν
3034 2795 3141 2847 τῶν
3178 2797 3419 2866 φρικτῶν
3451 2798 3705 2867 κοινωνή-

2136 2897 2302 2935 σαντα
2342 2879 2675 2952 μυστηρίων,
2699 2881 2761 2933 τὸ
2782 2880 2974 2944 σκεῦος
2999 2882 3098 2952 τῆς
3127 2883 3373 2954 ἐκλογῆς,
3412 2884 3503 2936 τὸν
3528 2901 3707 2956 νυμφ-

2134 2967 2347 3035 αγωγὸν
2386 2966 2480 3020 τοῦ
2532 2967 2790 3037 Χριστοῦ,
2832 2966 2922 3020 τὸν
2958 2969 3256 3039 ἀγγελικὴν
3301 2970 3706 3040 ἐπιδειξάμενον

2132 3053 2423 3116 πολιτείαν,
2458 3055 2547 3108 τὸν
2592 3053 2858 3125 τοσαύτην
2903 3055 3103 3125 ἀρετὴν
3140 3055 3452 3111 ἐπελθόντα.
3502 3058 3566 3111 El
3595 3056 3704 3129 γὰρ

2135 3139 2211 3212 μὴ
2243 3140 2510 3211 ἐϐουλήθη
2545 3140 2966 3213 μακροθυμῆσαι
3002 3140 3170 3211 αὐτῷ,
3204 3141 3338 3212 μηδὲ
3375 3142 3703 3214 ἀνασχέσθαι

2131 3226 2318 3294 αὐτοῦ,
2366 3227 2481 3281 ἀλλ’
2511 3227 2673 3296 ἡνίκα
2729 3227 3009 3301 ἡμάρτανε
3065 3229 3158 3281 καὶ
3214 3228 3552 3300 ἐδλασφήμει
3609 3230 3705 3284 καὶ

2131 3313 2344 3379 ἐδίωκε,
2396 3313 2540 3368 κατὰ
2586 3314 2750 3378 πόδας
2811 3316 3111 3383 ἐπαγαγεῖν
3156 3315 3303 3385 αὐτῷ
3347 3317 3444 3389 τὴν
3488 3317 3704 3372 δικαίαν

2130 3404 2332 3475 ψῆφον,
2372 3405 2537 3459 πάλαι
2571 3404 2637 3458 ἂν
2664 3405 2825 3458 αὐτὸν
2848 3407 2947 3477 τῆς
2980 3405 3263 3476 μετανοίας
3296 3408 3701 3478 προεξήρπασε.

2132 3496 2223 3549 Διὸ
2253 3496 2349 3549 καὶ
2383 3496 2546 3559 αὐτὸς
2579 3495 2750 3550 ταῦτα
2804 3496 2977 3561 εἰδὼς,
3030 3498 3183 3567 ἔλεγε
3209 3515 3223 3531 ο
3259 3499 3444 3568 Χάριν
3471 3502 3588 3569 ἔχω
3622 3500 3704 3566 τῷ

2131 3581 2623 3652 ἐνδυναμώσαντί
2653 3600 2730 3652 με
2770 3583 3022 3652 Χριστῷ,
3064 3585 3153 3639 ὅτι
3193 3587 3413 3640 πιστόν
3450 3604 3525 3657 με
3562 3586 3705 3655 ἡγή-

2132 3684 2303 3736 σατο,
2343 3671 2587 3737 θέμενος
2618 3672 2704 3736 είς
2744 3670 3071 3737 διακονίαν,
3101 3674 3207 3726 τὸν
3234 3675 3523 3743 πρότερον
3557 3675 3704 3743 ὄντα

2125 3753 2500 3824 ,βλάσφημον
2544 3756 2642 3809 καί
2692 3756 2966 3825 διώκτην,
3020 3760 3120 3812 καὶ
3188 3760 3510 3827 ὑϐριστήνο
3563 3762 3703 3814 ἀλλ’

2132 3841 2419 3909 ἠλεήθην,
2445 3842 2545 3896 ἵνα
2572 3843 2643 3896 ἐν
2668 3843 2796 3912 ἐμοὶ
2832 3844 3038 3912 πρώτῳ
3076 3844 3407 3915 ἐνδείξηται
3436 3846 3552 3914 τὴν
3587 3845 3702 3904 πᾶ·

2131 3941 2256 3980 σαν
2268 3929 2697 3996 μακροθυμίαν,
2727 3930 2875 3997 πρὸς
2899 3932 3289 3986 ὑποτύπωσιν
3310 3932 3430 3985 τῶν
3446 3934 3704 4000 μελλόν-

2132 4029 2249 4066 των
2274 4011 2435 4077 αὐτῷ
2459 4015 2765 4069 πιστεύειν
2787 4018 2876 4082 εις
2900 4015 3054 4085 ζωὴν
3087 4016 3345 4073 αἰώνιον.
3381 4020 3445 4072 Τί
3475 4020 3562 4081 δέ;
3603 4020 3702 4092 τὴν

2135 4100 2338 4172 πόρνην
2367 4102 2415 4157 εἰ
2452 4100 2698 4169 ἐκόλασε,
2748 4103 2878 4157 πότε
2919 4102 2987 4160 ἂν
3015 4104 3346 4177 μετεϐλήθη;
3387 4105 3451 4159 Τί
3485 4107 3574 4175 δέ;
3611 4109 3701 4162 τὸν

2132 4183 2367 4253 τελώνην
2395 4185 2672 4242 Ματθαϊον
2696 4188 2746 4245 εί
2774 4189 2830 4242 ἐν
2852 4188 2932 4259 τῷ
2959 4190 3136 4261 καιρῷ
3161 4191 3261 4261 τῆς
3287 4191 3575 4257 τελωνείας
3596 4194 3703 4265 πρὸ

2132 4272 2230 4342 τῆς
2262 4271 2560 4346 μεταϐολῆς
2592 4273 2749 4344 δίκην
2779 4275 3049 4348 ἀπῄτησε,
3070 4278 3169 4333 οὐκ
3194 4277 3260 4333 ἀν
3288 4281 3703 4352 προεξήρπασεν

2134 4358 2296 4415 αὐτὸν
2336 4358 2438 4428 τῆς
2477 4360 2805 4428 μετανοίας;
2842 4361 2998 4416 Οὕτω
3044 4364 3257 4419 καὶτὸν
3295 4365 3516 4440 λῃστὴν,
3562 4369 3703 4425 οὐτω

2136 4444 2229 4501 καὶ
2254 4445 2379 4509 τούς
2407 4445 2632 4514 μάγους,
2659 4445 2800 4502 οὕτω
2829 4449 2922 4503 καὶ
2965 4449 3193 4507 ἕκαστον
3222 4452 3329 4507 τῶν
3368 4455 3707 4527 ἀμαρτανόνυ

2134 4548 2261 4586 των.
2299 4531 2399 4585 Διά
2446 4547 2529 4584 τοι
2571 4531 2730 4586 τοῦτο
2755 4534 2935 4605 ἀνέχει
2969 4536 3067 4608 τὴν
3104 4538 3290 4611 ὀργὴν,
3335 4541 3431 4595 καὶ
3455 4542 3553 4614 τὴν
3584 4544 3704 4598 κατ’

2135 4615 2287 4681 ἀξίαν
2304 4615 2588 4687 ἀντίδοσιν,
2611 4618 2787 4674 καλῶν
2803 4624 2928 4687 τούς
2949 4623 3270 4698 ἀνθρώπους
3289 4628 3369 4692 είς
3393 4630 3701 4700 μετάνοιαν.

2134 4703 2199 4754 Εἰ
2234 4701 2291 4755 δέ
2325 4702 2534 4773 μένοιεν
2559 4703 2895 4777 ἀδιόρθωτοι,
2929 4711 3146 4776 πάντως
3184 4713 3576 4788 ὐποστήσονται
3604 4721 3704 4788 τὴν

2134 4789 2345 4844 δικαίαν
2370 4789 2566 4862 ψῆφον.
2597 4794 2794 4867 Διόπερ
2817 4796 2845 4848 6
2864 4796 3151 4872 Προφήτης
3175 4802 3301 4867 τούς
3326 4822 3385 4857 τε
3416 4805 3704 4877 ἀδικουμέ-

2134 4893 2257 4942 νους
2294 4879 2806 4951 παραμυθούμενος,
2838 4884 2962 4950 τούς
2994 4904 3054 4939 τε
3086 4888 3403 4955 ἀδικοῦντας
3436 4895 3700 4964 σωφρονί-

2134 4964 2261 5031 ζων,
2300 4965 2550 5035 ἐπήγαγε
2580 4967 2661 5031 τὸ,
2706 4968 2776 5021 Ἠ
2824 4970 3178 5042 δικαιοσύνη
3207 4976 3393 5029 αὑτοῦ
3416 4977 3581 5046 μένει
3615 4984 3703 5047 εἰς

2134 5052 2241 5104 τὸν
2276 5050 2480 5107 αἰῶνα.
2521 5055 2586 5107 Ὃ
2614 5054 2669 5108 δὲ
2695 5054 2940 5126 βούλεται
2967 5059 3055 5113 διὰ
3079 5062 3267 5115 τούτου
3296 5065 3487 5128 εἰπεῖν,
3524 5067 3701 5118 τοιοῦ-

2132 5137 2221 5227 τόν
2251 5139 2366 5227 ἐστι
2384 5155 2411 5227 ’γ
2441 5141 2593 5210 Μήτε
2647 5142 2734 5204 σὺ,
2777 5145 2806 5196 6
2841 5145 3209 5217 ἀδικούμενος,
3259 5149 3354 5203 ἐὰν
3395 5151 3703 5227 καταλύσης

2132 5223 2223 5278 τὸν
2246 5224 2357 5295 βίον
2386 5226 2462 5289 ὡς
2484 5227 2545 5280 οὐ
2571 5231 2679 5281 τῶν
2719 5229 2940 5285 δικαίων
2986 5233 3323 5303 τευξόμενος,
3360 5223 3698 5310 ἀπελπίσῃςι

2138 5311 2277 5401 μετά
2305 5314 2414 5401 γὰρ
2447 5314 2546 5401 τὴν
2577 5315 2827 5369 ἐντεῦθεν
2853 5321 3158 5391 ἀποδημίαν
3194 5322 3405 5388 πάντως
3446 5326 3699 5401 ἀπολήψῃ

2133 5399 2242 5452 τῶν
2276 5400 2453 5453 πόνων
2491 5400 2589 5461 τὰς
2621 5402 2888 5472 ἀμοιϐάςο
2940 5407 3076 5475 μήτε
3130 5408 3186 5460 σὺ
3233 5410 3409 5477 πάλιν,
3449 5416 3477 5467 6
3525 5399 3701 5471 πάντα

2137 5480 2395 5575 ἁρπάζων
2426 5486 2519 5575 καί
2551 5486 2885 5575 πλεονεκτῶν
2915 5494 3006 5544 καὶ
3034 5496 3295 5565 συγχέων,
3326 5498 3391 5554 ἂν
3419 5502 3476 5556 ἐν
3513 5505 3701 5575 εἰρήνῃ

2137 5569 2444 5640 καταλύσῃς
2471 5570 2561 5623 τὸν
2598 5571 2729 5642 βίον,
2776 5574 2925 5648 [27]]
2976 5577 3286 5656 θαῤῥήσῃς’
3334 5569 3703 5659 πάντωννγάρ

2199 5769 2226 5815 b
2251 5770 2345 5821 Τοῦ
2368 5769 2533 5826 αἰῶνος
2555 5770 2725 5821 dceral
2750 5773 2799 5820 iu
2830 5771 2998 5822 Morel.
3025 5781 3075 5825 ιιι
3101 5777 3148 5827 in
3177 5775 3325 5831 Savil.
