  <div class='ocr_page' id='page_1' title='image "/cluster/home/n/w/nwhite01/storage/ocr_20150623/55/mdp.39015028539511/277.png"; bbox 0 0 4086 6268; ppageno 0'>
   <div class='ocr_carea' id='block_1_1' title="bbox 434 434 541 489">
    <p class='ocr_par' dir='ltr' id='par_1_1' title="bbox 434 434 541 489">
     <span class='ocr_line' id='line_1_1' title="bbox 434 434 541 489; baseline 0.047 -5"><span class='ocrx_word' id='word_1_1' title='bbox 434 434 541 489; x_wconf 60' lang='lat'>1.95</span> 
     </span>
    </p>
   </div>
   <div class='ocr_carea' id='block_1_2' title="bbox 433 549 2001 620">
    <p class='ocr_par' dir='ltr' id='par_1_2' title="bbox 433 549 2001 620">
     <span class='ocr_line' id='line_1_2' title="bbox 433 549 2001 620; baseline -0.004 -15"><span class='ocrx_word' id='word_1_2' title='bbox 433 552 625 615; x_wconf 81' lang='grc' dir='ltr'>δώσεις</span> <span class='ocrx_word' id='word_1_3' title='bbox 688 549 844 618; x_wconf 89' lang='grc' dir='ltr'>λόγον</span> <span class='ocrx_word' id='word_1_4' title='bbox 900 551 1036 620; x_wconf 85' lang='grc' dir='ltr'>μετὰ</span> <span class='ocrx_word' id='word_1_5' title='bbox 1087 550 1186 620; x_wconf 83' lang='grc' dir='ltr'>τὴν</span> <span class='ocrx_word' id='word_1_6' title='bbox 1235 549 1483 604; x_wconf 84' lang='grc' dir='ltr'>ἐντεῦθεν</span> <span class='ocrx_word' id='word_1_7' title='bbox 1522 549 1852 619; x_wconf 80' lang='grc' dir='ltr'>ἀποδημίαν,</span> <span class='ocrx_word' id='word_1_8' title='bbox 1902 549 2001 618; x_wconf 83' lang='grc' dir='ltr'>τῆς</span> 
     </span>
    </p>
   </div>
   <div class='ocr_carea' id='block_1_3' title="bbox 435 639 2004 714">
    <p class='ocr_par' dir='ltr' id='par_1_3' title="bbox 435 639 2004 714">
     <span class='ocr_line' id='line_1_3' title="bbox 435 639 2004 714; baseline -0.003 -18"><span class='ocrx_word' id='word_1_9' title='bbox 435 643 702 714; x_wconf 78' lang='grc' dir='ltr'>πονηρίας</span> <span class='ocrx_word' id='word_1_10' title='bbox 728 642 1004 705; x_wconf 75' lang='grc' dir='ltr'>ἀποτίσεις</span> <span class='ocrx_word' id='word_1_11' title='bbox 1028 650 1048 673; x_wconf 84' lang='grc'><strong>⁸</strong></span> <span class='ocrx_word' id='word_1_12' title='bbox 1070 642 1168 705; x_wconf 87' lang='grc' dir='ltr'>τάς</span> <span class='ocrx_word' id='word_1_13' title='bbox 1193 641 1589 712; x_wconf 83' lang='grc' dir='ltr'>ἀμοιϐάς.Θεὸς</span> <span class='ocrx_word' id='word_1_14' title='bbox 1617 640 1727 711; x_wconf 88' lang='grc' dir='ltr'>γάρ</span> <span class='ocrx_word' id='word_1_15' title='bbox 1752 642 1898 693; x_wconf 81' lang='grc' dir='ltr'>ἐστιν</span> <span class='ocrx_word' id='word_1_16' title='bbox 1914 639 2004 692; x_wconf 76' lang='grc' dir='ltr'>ἀεὶ</span> 
     </span>
    </p>
   </div>
   <div class='ocr_carea' id='block_1_4' title="bbox 439 729 2003 803">
    <p class='ocr_par' dir='ltr' id='par_1_4' title="bbox 439 729 2003 803">
     <span class='ocr_line' id='line_1_4' title="bbox 439 729 2003 803; baseline -0.003 -16"><span class='ocrx_word' id='word_1_17' title='bbox 439 734 640 803; x_wconf 86' lang='grc' dir='ltr'>μένων,</span> <span class='ocrx_word' id='word_1_18' title='bbox 688 734 782 786; x_wconf 74' lang='grc' dir='ltr'>καὶ</span> <span class='ocrx_word' id='word_1_19' title='bbox 823 731 1165 803; x_wconf 84' lang='grc' dir='ltr'>δικαιοσύνην</span> <span class='ocrx_word' id='word_1_20' title='bbox 1224 734 1485 803; x_wconf 89' lang='grc' dir='ltr'>μένουσαν</span> <span class='ocrx_word' id='word_1_21' title='bbox 1518 731 1658 802; x_wconf 74' lang='grc' dir='ltr'>ἔχων</span> <span class='ocrx_word' id='word_1_22' title='bbox 1703 732 1813 793; x_wconf 81' lang='grc' dir='ltr'>ἀεὶ,</span> <span class='ocrx_word' id='word_1_23' title='bbox 1850 729 2003 783; x_wconf 81' lang='grc' dir='ltr'>οὐδὲν</span> 
     </span>
    </p>
   </div>
   <div class='ocr_carea' id='block_1_5' title="bbox 435 820 2000 895">
    <p class='ocr_par' dir='ltr' id='par_1_5' title="bbox 435 820 2000 895">
     <span class='ocr_line' id='line_1_5' title="bbox 435 820 2000 895; baseline -0.001 -20"><span class='ocrx_word' id='word_1_24' title='bbox 435 822 542 875; x_wconf 85' lang='grc' dir='ltr'>ἀπὸ</span> <span class='ocrx_word' id='word_1_25' title='bbox 568 821 659 875; x_wconf 88' lang='grc' dir='ltr'>τοῦ</span> <span class='ocrx_word' id='word_1_26' title='bbox 686 821 913 875; x_wconf 81' lang='grc' dir='ltr'>Θανάτου</span> <span class='ocrx_word' id='word_1_27' title='bbox 944 822 1390 895; x_wconf 81' lang='grc' dir='ltr'>διακοπτομένην,</span> <span class='ocrx_word' id='word_1_28' title='bbox 1417 822 1537 876; x_wconf 82' lang='grc' dir='ltr'>ούδέ</span> <span class='ocrx_word' id='word_1_29' title='bbox 1560 823 1697 894; x_wconf 81' lang='grc' dir='ltr'>πρὸς</span> <span class='ocrx_word' id='word_1_30' title='bbox 1721 820 1817 891; x_wconf 80' lang='grc' dir='ltr'>τὴν</span> <span class='ocrx_word' id='word_1_31' title='bbox 1840 822 2000 890; x_wconf 84' lang='grc' dir='ltr'>ἀμοι-</span> 
     </span>
    </p>
   </div>
   <div class='ocr_carea' id='block_1_6' title="bbox 436 910 2002 983">
    <p class='ocr_par' dir='ltr' id='par_1_6' title="bbox 436 910 2002 983">
     <span class='ocr_line' id='line_1_6' title="bbox 436 910 2002 983; baseline 0.003 -23"><span class='ocrx_word' id='word_1_32' title='bbox 436 912 537 981; x_wconf 74' lang='grc' dir='ltr'>ϐὴν</span> <span class='ocrx_word' id='word_1_33' title='bbox 563 911 671 963; x_wconf 86' lang='grc' dir='ltr'>τῶν</span> <span class='ocrx_word' id='word_1_34' title='bbox 702 911 877 965; x_wconf 88' lang='grc' dir='ltr'>πόνων</span> <span class='ocrx_word' id='word_1_35' title='bbox 904 910 1010 965; x_wconf 89' lang='grc' dir='ltr'>τῶν</span> <span class='ocrx_word' id='word_1_36' title='bbox 1037 912 1176 983; x_wconf 84' lang='grc' dir='ltr'>ὑπὲρ</span> <span class='ocrx_word' id='word_1_37' title='bbox 1206 913 1305 983; x_wconf 81' lang='grc' dir='ltr'>τῆς</span> <span class='ocrx_word' id='word_1_38' title='bbox 1332 913 1551 983; x_wconf 76' lang='grc' dir='ltr'>ἀρετῆς.</span> <span class='ocrx_word' id='word_1_39' title='bbox 1589 912 1710 965; x_wconf 70' lang='grc' dir='ltr'>οὐδὲ</span> <span class='ocrx_word' id='word_1_40' title='bbox 1736 913 1870 983; x_wconf 77' lang='grc' dir='ltr'>πρὸς</span> <span class='ocrx_word' id='word_1_41' title='bbox 1902 911 2002 981; x_wconf 83' lang='grc' dir='ltr'>τὴν</span> 
     </span>
    </p>
   </div>
   <div class='ocr_carea' id='block_1_7' title="bbox 434 1002 1798 1074">
    <p class='ocr_par' dir='ltr' id='par_1_7' title="bbox 434 1002 1798 1074">
     <span class='ocr_line' id='line_1_7' title="bbox 434 1002 1798 1074; baseline 0.002 -19"><span class='ocrx_word' id='word_1_42' title='bbox 434 1003 702 1056; x_wconf 85' lang='grc' dir='ltr'>ἀντίδοσιν</span> <span class='ocrx_word' id='word_1_43' title='bbox 723 1003 828 1056; x_wconf 88' lang='grc' dir='ltr'>τῶν</span> <span class='ocrx_word' id='word_1_44' title='bbox 862 1003 1131 1057; x_wconf 83' lang='grc' dir='ltr'>κολάσεων</span> <span class='ocrx_word' id='word_1_45' title='bbox 1152 1006 1259 1057; x_wconf 88' lang='grc' dir='ltr'>τῶν</span> <span class='ocrx_word' id='word_1_46' title='bbox 1279 1003 1367 1057; x_wconf 87' lang='grc' dir='ltr'>διά</span> <span class='ocrx_word' id='word_1_47' title='bbox 1391 1004 1488 1074; x_wconf 81' lang='grc' dir='ltr'>τὴν</span> <span class='ocrx_word' id='word_1_48' title='bbox 1514 1002 1798 1074; x_wconf 77' lang='grc' dir='ltr'>πονηρίαν.</span> 
     </span>
    </p>
   </div>
   <div class='ocr_carea' id='block_1_8' title="bbox 503 1094 1999 1165">
    <p class='ocr_par' dir='ltr' id='par_1_8' title="bbox 503 1094 1999 1165">
     <span class='ocr_line' id='line_1_8' title="bbox 503 1094 1999 1165; baseline -0.001 -15"><span class='ocrx_word' id='word_1_49' title='bbox 503 1098 731 1150; x_wconf 83' lang='grc' dir='ltr'>Μνείαν</span> <span class='ocrx_word' id='word_1_50' title='bbox 771 1095 1095 1165; x_wconf 78' lang='grc' dir='ltr'>ἐποιήσατο</span> <span class='ocrx_word' id='word_1_51' title='bbox 1130 1094 1250 1149; x_wconf 86' lang='grc' dir='ltr'>τῶν</span> <span class='ocrx_word' id='word_1_52' title='bbox 1294 1096 1640 1165; x_wconf 79' lang='grc' dir='ltr'>θαυμασίων</span> <span class='ocrx_word' id='word_1_53' title='bbox 1680 1095 1886 1150; x_wconf 86' lang='grc' dir='ltr'>αὑτοῦ.</span> <span class='ocrx_word' id='word_1_54' title='bbox 1934 1094 1999 1148; x_wconf 88' lang='grc' dir='ltr'>Τί</span> 
     </span>
    </p>
   </div>
   <div class='ocr_carea' id='block_1_9' title="bbox 434 1187 2000 1258">
    <p class='ocr_par' dir='ltr' id='par_1_9' title="bbox 434 1187 2000 1258">
     <span class='ocr_line' id='line_1_9' title="bbox 434 1187 2000 1258; baseline 0.001 -17"><span class='ocrx_word' id='word_1_55' title='bbox 434 1190 573 1252; x_wconf 81' lang='grc' dir='ltr'>ἐστι,</span> <span class='ocrx_word' id='word_1_56' title='bbox 596 1189 822 1242; x_wconf 82' lang='grc' dir='ltr'>Μνείαν</span> <span class='ocrx_word' id='word_1_57' title='bbox 862 1187 1188 1254; x_wconf 81' lang='grc' dir='ltr'>ἐποιήσατο</span> <span class='ocrx_word' id='word_1_58' title='bbox 1238 1188 1357 1243; x_wconf 87' lang='grc' dir='ltr'>τῶν</span> <span class='ocrx_word' id='word_1_59' title='bbox 1392 1190 1739 1258; x_wconf 77' lang='grc' dir='ltr'>θαυμασίων</span> <span class='ocrx_word' id='word_1_60' title='bbox 1774 1188 2000 1253; x_wconf 84' lang='grc' dir='ltr'>αὑτοῦ;</span> 
     </span>
    </p>
   </div>
   <div class='ocr_carea' id='block_1_10' title="bbox 434 1276 2000 1349">
    <p class='ocr_par' dir='ltr' id='par_1_10' title="bbox 434 1276 2000 1349">
     <span class='ocr_line' id='line_1_10' title="bbox 434 1276 2000 1349; baseline -0.001 -18"><span class='ocrx_word' id='word_1_61' title='bbox 434 1280 507 1332; x_wconf 83' lang='grc' dir='ltr'>υύ</span> <span class='ocrx_word' id='word_1_62' title='bbox 550 1277 751 1331; x_wconf 81' lang='grc' dir='ltr'>διέλιπε</span> <span class='ocrx_word' id='word_1_63' title='bbox 794 1278 1244 1349; x_wconf 88' lang='grc' dir='ltr'>θαυματουργῶν,</span> <span class='ocrx_word' id='word_1_64' title='bbox 1305 1279 1458 1348; x_wconf 80' lang='grc' dir='ltr'>φησὶ,</span> <span class='ocrx_word' id='word_1_65' title='bbox 1497 1278 1779 1348; x_wconf 78' lang='grc' dir='ltr'>διηνεκῶς.</span> <span class='ocrx_word' id='word_1_66' title='bbox 1829 1276 2000 1331; x_wconf 87' lang='grc' dir='ltr'>Τοῦτο</span> 
     </span>
    </p>
   </div>
   <div class='ocr_carea' id='block_1_11' title="bbox 432 1368 1998 1440">
    <p class='ocr_par' dir='ltr' id='par_1_11' title="bbox 432 1368 1998 1440">
     <span class='ocr_line' id='line_1_11' title="bbox 432 1368 1998 1440; baseline 0 -16"><span class='ocrx_word' id='word_1_67' title='bbox 432 1370 541 1440; x_wconf 70' lang='grc' dir='ltr'>γάρ</span> <span class='ocrx_word' id='word_1_68' title='bbox 575 1372 688 1423; x_wconf 87' lang='grc' dir='ltr'>ἐστι</span> <span class='ocrx_word' id='word_1_69' title='bbox 724 1369 806 1433; x_wconf 77' lang='grc' dir='ltr'>τὸ,</span> <span class='ocrx_word' id='word_1_70' title='bbox 840 1370 1065 1424; x_wconf 84' lang='grc' dir='ltr'>Μνείαν</span> <span class='ocrx_word' id='word_1_71' title='bbox 1104 1369 1460 1435; x_wconf 76' lang='grc' dir='ltr'>ἐποιήσατοο</span> <span class='ocrx_word' id='word_1_72' title='bbox 1499 1370 1600 1424; x_wconf 86' lang='grc' dir='ltr'>οὐκ</span> <span class='ocrx_word' id='word_1_73' title='bbox 1636 1368 1912 1424; x_wconf 88' lang='grc' dir='ltr'>ἐπαύσατο</span> <span class='ocrx_word' id='word_1_74' title='bbox 1948 1370 1998 1435; x_wconf 71' lang='grc' dir='ltr'>ι),</span> 
     </span>
    </p>
   </div>
   <div class='ocr_carea' id='block_1_12' title="bbox 430 1461 1997 1534">
    <p class='ocr_par' dir='ltr' id='par_1_12' title="bbox 430 1461 1997 1534">
     <span class='ocr_line' id='line_1_12' title="bbox 430 1461 1997 1534; baseline 0.001 -20"><span class='ocrx_word' id='word_1_75' title='bbox 430 1462 532 1515; x_wconf 79' lang='grc' dir='ltr'>οὐκ</span> <span class='ocrx_word' id='word_1_76' title='bbox 554 1461 763 1531; x_wconf 80' lang='grc' dir='ltr'>ἀπέστη</span> <span class='ocrx_word' id='word_1_77' title='bbox 795 1461 883 1515; x_wconf 81' lang='grc' dir='ltr'>διὰ</span> <span class='ocrx_word' id='word_1_78' title='bbox 906 1462 1088 1532; x_wconf 80' lang='grc' dir='ltr'>πάσης</span> <span class='ocrx_word' id='word_1_79' title='bbox 1111 1463 1305 1531; x_wconf 79' lang='grc' dir='ltr'>γενεᾶς</span> <span class='ocrx_word' id='word_1_80' title='bbox 1341 1461 1595 1533; x_wconf 86' lang='grc' dir='ltr'>θαύματα</span> <span class='ocrx_word' id='word_1_81' title='bbox 1614 1461 1997 1534; x_wconf 74' lang='grc' dir='ltr'>ἐργαζόμενος,</span> 
     </span>
    </p>
   </div>
   <div class='ocr_carea' id='block_1_13' title="bbox 431 1551 2000 1624">
    <p class='ocr_par' dir='ltr' id='par_1_13' title="bbox 431 1551 2000 1624">
     <span class='ocr_line' id='line_1_13' title="bbox 431 1551 2000 1624; baseline 0.001 -19"><span class='ocrx_word' id='word_1_82' title='bbox 431 1553 525 1606; x_wconf 76' lang='grc' dir='ltr'>καὶ</span> <span class='ocrx_word' id='word_1_83' title='bbox 556 1552 683 1615; x_wconf 79' lang='grc' dir='ltr'>τοὺς</span> <span class='ocrx_word' id='word_1_84' title='bbox 707 1552 910 1622; x_wconf 85' lang='grc' dir='ltr'>παχυτέ</span> <span class='ocrx_word' id='word_1_85' title='bbox 921 1569 1046 1624; x_wconf 90' lang='grc' dir='ltr'>ρους</span> <span class='ocrx_word' id='word_1_86' title='bbox 1072 1552 1351 1623; x_wconf 84' lang='grc' dir='ltr'>διεγείρων</span> <span class='ocrx_word' id='word_1_87' title='bbox 1372 1552 1459 1607; x_wconf 85' lang='grc' dir='ltr'>διά</span> <span class='ocrx_word' id='word_1_88' title='bbox 1477 1552 1585 1606; x_wconf 88' lang='grc' dir='ltr'>τῶν</span> <span class='ocrx_word' id='word_1_89' title='bbox 1608 1551 1925 1623; x_wconf 86' lang='grc' dir='ltr'>τεραστίων.</span> <span class='ocrx_word' id='word_1_90' title='bbox 1943 1553 2000 1606; x_wconf 90' lang='grc' dir='ltr'><strong>Ὀ</strong></span> 
     </span>
    </p>
   </div>
   <div class='ocr_carea' id='block_1_14' title="bbox 433 1644 2004 1716">
    <p class='ocr_par' dir='ltr' id='par_1_14' title="bbox 433 1644 2004 1716">
     <span class='ocr_line' id='line_1_14' title="bbox 433 1644 2004 1716; baseline -0.001 -17"><span class='ocrx_word' id='word_1_91' title='bbox 433 1646 531 1716; x_wconf 73' lang='grc' dir='ltr'>μὲν</span> <span class='ocrx_word' id='word_1_92' title='bbox 562 1646 670 1715; x_wconf 83' lang='grc' dir='ltr'>γάρ</span> <span class='ocrx_word' id='word_1_93' title='bbox 697 1644 894 1715; x_wconf 70' lang='grc' dir='ltr'>ὑψηλὸς</span> <span class='ocrx_word' id='word_1_94' title='bbox 919 1646 1013 1698; x_wconf 73' lang='grc' dir='ltr'>καὶ</span> <span class='ocrx_word' id='word_1_95' title='bbox 1032 1644 1317 1714; x_wconf 86' lang='grc' dir='ltr'>φιλόσοφος</span> <span class='ocrx_word' id='word_1_96' title='bbox 1335 1644 1488 1698; x_wconf 77' lang='grc' dir='ltr'>οὐδὲν</span> <span class='ocrx_word' id='word_1_97' title='bbox 1507 1645 1754 1714; x_wconf 82' lang='grc' dir='ltr'>δεήσεται</span> <span class='ocrx_word' id='word_1_98' title='bbox 1778 1645 1886 1699; x_wconf 86' lang='grc' dir='ltr'>τῶν</span> <span class='ocrx_word' id='word_1_99' title='bbox 1908 1661 2004 1716; x_wconf 83' lang='grc' dir='ltr'>ση-</span> 
     </span>
    </p>
   </div>
   <div class='ocr_carea' id='block_1_15' title="bbox 433 1733 2002 1805">
    <p class='ocr_par' dir='ltr' id='par_1_15' title="bbox 433 1733 2002 1805">
     <span class='ocr_line' id='line_1_15' title="bbox 433 1733 2002 1805; baseline 0.001 -19"><span class='ocrx_word' id='word_1_100' title='bbox 433 1736 620 1793; x_wconf 80' lang='grc' dir='ltr'>μείων·</span> <span class='ocrx_word' id='word_1_101' title='bbox 642 1734 930 1802; x_wconf 79' lang='grc' dir='ltr'>Μακάριοι</span> <span class='ocrx_word' id='word_1_102' title='bbox 948 1733 1057 1805; x_wconf 86' lang='grc' dir='ltr'>γάρ</span> <span class='ocrx_word' id='word_1_103' title='bbox 1071 1736 1124 1786; x_wconf 72' lang='lat' dir='ltr'>ot</span> <span class='ocrx_word' id='word_1_104' title='bbox 1142 1734 1228 1803; x_wconf 81' lang='grc' dir='ltr'>μὴ</span> <span class='ocrx_word' id='word_1_105' title='bbox 1251 1733 1495 1801; x_wconf 75' lang='grc' dir='ltr'>ειδότες,</span> <span class='ocrx_word' id='word_1_106' title='bbox 1517 1734 1618 1789; x_wconf 76' lang='grc' dir='ltr'>καὶ</span> <span class='ocrx_word' id='word_1_107' title='bbox 1637 1737 2002 1790; x_wconf 81' lang='grc' dir='ltr'>πιστεύσαν-</span> 
     </span>
    </p>
   </div>
   <div class='ocr_carea' id='block_1_16' title="bbox 429 1825 1993 1897">
    <p class='ocr_par' dir='ltr' id='par_1_16' title="bbox 429 1825 1993 1897">
     <span class='ocr_line' id='line_1_16' title="bbox 429 1825 1993 1897; baseline 0.001 -19"><span class='ocrx_word' id='word_1_108' title='bbox 429 1843 548 1891; x_wconf 84' lang='grc' dir='ltr'>τες.</span> <span class='ocrx_word' id='word_1_109' title='bbox 590 1825 804 1897; x_wconf 83' lang='grc' dir='ltr'>Ἐπειδὴ</span> <span class='ocrx_word' id='word_1_110' title='bbox 854 1826 910 1878; x_wconf 78' lang='grc' dir='ltr'>δὲ</span> <span class='ocrx_word' id='word_1_111' title='bbox 957 1826 1118 1890; x_wconf 80' lang='grc' dir='ltr'>αὐτὸς</span> <span class='ocrx_word' id='word_1_112' title='bbox 1160 1827 1221 1879; x_wconf 80' lang='grc' dir='ltr'>οὐ</span> <span class='ocrx_word' id='word_1_113' title='bbox 1268 1825 1470 1879; x_wconf 88' lang='grc' dir='ltr'>τούτων</span> <span class='ocrx_word' id='word_1_114' title='bbox 1522 1826 1745 1897; x_wconf 81' lang='grc' dir='ltr'>κήδεται</span> <span class='ocrx_word' id='word_1_115' title='bbox 1799 1828 1993 1896; x_wconf 88' lang='grc' dir='ltr'>μόνων,</span> 
     </span>
    </p>
   </div>
   <div class='ocr_carea' id='block_1_17' title="bbox 430 1913 1998 1988">
    <p class='ocr_par' dir='ltr' id='par_1_17' title="bbox 430 1913 1998 1988">
     <span class='ocr_line' id='line_1_17' title="bbox 430 1913 1998 1988; baseline 0 -19"><span class='ocrx_word' id='word_1_116' title='bbox 430 1913 568 1969; x_wconf 86' lang='grc' dir='ltr'>ἀλλά</span> <span class='ocrx_word' id='word_1_117' title='bbox 588 1915 682 1968; x_wconf 74' lang='grc' dir='ltr'>καὶ</span> <span class='ocrx_word' id='word_1_118' title='bbox 700 1915 807 1967; x_wconf 86' lang='grc' dir='ltr'>τῶν</span> <span class='ocrx_word' id='word_1_119' title='bbox 834 1917 1174 1986; x_wconf 79' lang='grc' dir='ltr'>παχυτέρων,</span> <span class='ocrx_word' id='word_1_120' title='bbox 1192 1915 1312 1969; x_wconf 83' lang='grc' dir='ltr'>καθ’</span> <span class='ocrx_word' id='word_1_121' title='bbox 1337 1917 1573 1988; x_wconf 74' lang='grc' dir='ltr'>ἑκάστην</span> <span class='ocrx_word' id='word_1_122' title='bbox 1596 1918 1781 1988; x_wconf 79' lang='grc' dir='ltr'>σχεδὸν</span> <span class='ocrx_word' id='word_1_123' title='bbox 1805 1918 1998 1986; x_wconf 79' lang='grc' dir='ltr'>γενεὰν</span> 
     </span>
    </p>
   </div>
   <div class='ocr_carea' id='block_1_18' title="bbox 431 2006 1999 2082">
    <p class='ocr_par' dir='ltr' id='par_1_18' title="bbox 431 2006 1999 2082">
     <span class='ocr_line' id='line_1_18' title="bbox 431 2006 1999 2082; baseline 0.003 -23"><span class='ocrx_word' id='word_1_124' title='bbox 431 2006 859 2079; x_wconf 77' lang='grc' dir='ltr'>θαυματουργῶν</span> <span class='ocrx_word' id='word_1_125' title='bbox 902 2007 962 2060; x_wconf 82' lang='grc' dir='ltr'>οὑ</span> <span class='ocrx_word' id='word_1_126' title='bbox 1005 2008 1256 2063; x_wconf 87' lang='grc' dir='ltr'>παύεται.</span> <span class='ocrx_word' id='word_1_127' title='bbox 1287 2009 1468 2080; x_wconf 83' lang='grc' dir='ltr'>Ἰκανὴ</span> <span class='ocrx_word' id='word_1_128' title='bbox 1512 2010 1609 2080; x_wconf 78' lang='grc' dir='ltr'>μὲν</span> <span class='ocrx_word' id='word_1_129' title='bbox 1649 2012 1754 2082; x_wconf 84' lang='grc' dir='ltr'>γάρ</span> <span class='ocrx_word' id='word_1_130' title='bbox 1786 2010 1999 2080; x_wconf 78' lang='grc' dir='ltr'>θαυμα-</span> 
     </span>
    </p>
   </div>
   <div class='ocr_carea' id='block_1_19' title="bbox 429 2098 1997 2173">
    <p class='ocr_par' dir='ltr' id='par_1_19' title="bbox 429 2098 1997 2173">
     <span class='ocr_line' id='line_1_19' title="bbox 429 2098 1997 2173; baseline 0.004 -21"><span class='ocrx_word' id='word_1_131' title='bbox 429 2098 654 2169; x_wconf 89' lang='grc' dir='ltr'>τουργία</span> <span class='ocrx_word' id='word_1_132' title='bbox 692 2100 839 2151; x_wconf 77' lang='grc' dir='ltr'>πᾶσα</span> <span class='ocrx_word' id='word_1_133' title='bbox 871 2098 978 2151; x_wconf 89' lang='grc' dir='ltr'>τῶν</span> <span class='ocrx_word' id='word_1_134' title='bbox 1022 2100 1377 2171; x_wconf 81' lang='grc' dir='ltr'>όρωμένωνή</span> <span class='ocrx_word' id='word_1_135' title='bbox 1421 2101 1627 2165; x_wconf 80' lang='grc' dir='ltr'>κτίσις’</span> <span class='ocrx_word' id='word_1_136' title='bbox 1677 2102 1791 2156; x_wconf 83' lang='grc' dir='ltr'>ἀλλ’</span> <span class='ocrx_word' id='word_1_137' title='bbox 1846 2103 1997 2173; x_wconf 83' lang='grc' dir='ltr'>ὅμως</span> 
     </span>
    </p>
   </div>
   <div class='ocr_carea' id='block_1_20' title="bbox 427 2187 1999 2260">
    <p class='ocr_par' dir='ltr' id='par_1_20' title="bbox 427 2187 1999 2260">
     <span class='ocr_line' id='line_1_20' title="bbox 427 2187 1999 2260; baseline 0.003 -20"><span class='ocrx_word' id='word_1_138' title='bbox 427 2188 706 2258; x_wconf 80' lang='grc' dir='ltr'>διεγείρων</span> <span class='ocrx_word' id='word_1_139' title='bbox 727 2187 834 2240; x_wconf 89' lang='grc' dir='ltr'>τῶν</span> <span class='ocrx_word' id='word_1_140' title='bbox 860 2187 1066 2240; x_wconf 80' lang='grc' dir='ltr'>πολλῶν</span> <span class='ocrx_word' id='word_1_141' title='bbox 1099 2188 1196 2259; x_wconf 79' lang='grc' dir='ltr'>τὴν</span> <span class='ocrx_word' id='word_1_142' title='bbox 1221 2187 1488 2259; x_wconf 77' lang='grc' dir='ltr'>ρᾳθυμίαν</span> <span class='ocrx_word' id='word_1_143' title='bbox 1515 2190 1572 2241; x_wconf 86' lang='grc' dir='ltr'>ἐν</span> <span class='ocrx_word' id='word_1_144' title='bbox 1599 2188 1749 2259; x_wconf 82' lang='grc' dir='ltr'>μέσῳ</span> <span class='ocrx_word' id='word_1_145' title='bbox 1771 2189 1848 2260; x_wconf 83' lang='grc' dir='ltr'>τῷ</span> <span class='ocrx_word' id='word_1_146' title='bbox 1876 2190 1999 2245; x_wconf 83' lang='grc' dir='ltr'>θεά-</span> 
     </span>
    </p>
   </div>
   <div class='ocr_carea' id='block_1_21' title="bbox 426 2276 1996 2349">
    <p class='ocr_par' dir='ltr' id='par_1_21' title="bbox 426 2276 1996 2349">
     <span class='ocr_line' id='line_1_21' title="bbox 426 2276 1996 2349; baseline 0.003 -22"><span class='ocrx_word' id='word_1_147' title='bbox 426 2293 540 2348; x_wconf 87' lang='grc' dir='ltr'>τρῳ</span> <span class='ocrx_word' id='word_1_148' title='bbox 569 2276 742 2347; x_wconf 87' lang='grc' dir='ltr'>τούτῳ</span> <span class='ocrx_word' id='word_1_149' title='bbox 764 2276 932 2330; x_wconf 85' lang='grc' dir='ltr'>πολλά</span> <span class='ocrx_word' id='word_1_150' title='bbox 949 2277 1294 2331; x_wconf 82' lang='grc' dir='ltr'>ἐπεδείκνυτο</span> <span class='ocrx_word' id='word_1_151' title='bbox 1321 2278 1600 2349; x_wconf 81' lang='grc' dir='ltr'>τεράστια,</span> <span class='ocrx_word' id='word_1_152' title='bbox 1641 2281 1735 2332; x_wconf 73' lang='grc' dir='ltr'>καὶ</span> <span class='ocrx_word' id='word_1_153' title='bbox 1768 2279 1875 2349; x_wconf 81' lang='grc' dir='ltr'>ίδίᾳ</span> <span class='ocrx_word' id='word_1_154' title='bbox 1902 2280 1996 2332; x_wconf 76' lang='grc' dir='ltr'>καὶ</span> 
     </span>
    </p>
   </div>
   <div class='ocr_carea' id='block_1_22' title="bbox 428 2361 1995 2439">
    <p class='ocr_par' dir='ltr' id='par_1_22' title="bbox 428 2361 1995 2439">
     <span class='ocr_line' id='line_1_22' title="bbox 428 2361 1995 2439; baseline 0.001 -18"><span class='ocrx_word' id='word_1_155' title='bbox 428 2370 603 2438; x_wconf 83' lang='grc' dir='ltr'>κοινῇ,</span> <span class='ocrx_word' id='word_1_156' title='bbox 636 2361 743 2421; x_wconf 70' lang='grc' dir='ltr'>οἷον</span> <span class='ocrx_word' id='word_1_157' title='bbox 769 2367 829 2420; x_wconf 78' lang='grc' dir='ltr'>τὸ</span> <span class='ocrx_word' id='word_1_158' title='bbox 861 2369 955 2421; x_wconf 74' lang='grc' dir='ltr'>ἐπὶ</span> <span class='ocrx_word' id='word_1_159' title='bbox 985 2370 1080 2421; x_wconf 91' lang='grc' dir='ltr'>τοῦ</span> <span class='ocrx_word' id='word_1_160' title='bbox 1111 2367 1512 2438; x_wconf 79' lang='grc' dir='ltr'>κατακλυσμοῦ,</span> <span class='ocrx_word' id='word_1_161' title='bbox 1544 2368 1604 2420; x_wconf 76' lang='grc' dir='ltr'>τὸ</span> <span class='ocrx_word' id='word_1_162' title='bbox 1627 2368 1719 2422; x_wconf 74' lang='grc' dir='ltr'>ἐπὶ</span> <span class='ocrx_word' id='word_1_163' title='bbox 1744 2368 1846 2437; x_wconf 80' lang='grc' dir='ltr'>τῆς</span> <span class='ocrx_word' id='word_1_164' title='bbox 1868 2386 1995 2439; x_wconf 91' lang='grc' dir='ltr'>συγ-</span> 
     </span>
    </p>
   </div>
   <div class='ocr_carea' id='block_1_23' title="bbox 427 2457 1996 2530">
    <p class='ocr_par' dir='ltr' id='par_1_23' title="bbox 427 2457 1996 2530">
     <span class='ocr_line' id='line_1_23' title="bbox 427 2457 1996 2530; baseline 0.003 -20"><span class='ocrx_word' id='word_1_165' title='bbox 427 2458 635 2529; x_wconf 89' lang='grc' dir='ltr'>χύσεως</span> <span class='ocrx_word' id='word_1_166' title='bbox 658 2457 764 2510; x_wconf 91' lang='grc' dir='ltr'>τῶν</span> <span class='ocrx_word' id='word_1_167' title='bbox 792 2458 1068 2527; x_wconf 87' lang='grc' dir='ltr'>γλωσσῶν,</span> <span class='ocrx_word' id='word_1_168' title='bbox 1108 2458 1176 2512; x_wconf 85' lang='grc' dir='ltr'>τὰ</span> <span class='ocrx_word' id='word_1_169' title='bbox 1205 2460 1297 2512; x_wconf 69' lang='grc' dir='ltr'>ἐπὶ</span> <span class='ocrx_word' id='word_1_170' title='bbox 1341 2461 1448 2513; x_wconf 91' lang='grc' dir='ltr'>τῶν</span> <span class='ocrx_word' id='word_1_171' title='bbox 1487 2460 1757 2530; x_wconf 81' lang='grc' dir='ltr'>Σοδόμων,</span> <span class='ocrx_word' id='word_1_172' title='bbox 1795 2459 1864 2514; x_wconf 81' lang='grc' dir='ltr'>τὰ</span> <span class='ocrx_word' id='word_1_173' title='bbox 1904 2462 1996 2515; x_wconf 79' lang='grc' dir='ltr'>ἐπὶ</span> 
     </span>
    </p>
   </div>
   <div class='ocr_carea' id='block_1_24' title="bbox 425 2548 1993 2620">
    <p class='ocr_par' dir='ltr' id='par_1_24' title="bbox 425 2548 1993 2620">
     <span class='ocr_line' id='line_1_24' title="bbox 425 2548 1993 2620; baseline 0.003 -19"><span class='ocrx_word' id='word_1_174' title='bbox 425 2548 520 2602; x_wconf 85' lang='grc' dir='ltr'>τοῦ</span> <span class='ocrx_word' id='word_1_175' title='bbox 548 2548 817 2620; x_wconf 78' lang='grc' dir='ltr'>Ἀϐραὰμ,</span> <span class='ocrx_word' id='word_1_176' title='bbox 853 2549 922 2603; x_wconf 86' lang='grc' dir='ltr'>τά</span> <span class='ocrx_word' id='word_1_177' title='bbox 952 2550 1043 2603; x_wconf 80' lang='grc' dir='ltr'>ἐπὶ</span> <span class='ocrx_word' id='word_1_178' title='bbox 1069 2549 1162 2603; x_wconf 86' lang='grc' dir='ltr'>τοῦ</span> <span class='ocrx_word' id='word_1_179' title='bbox 1204 2551 1407 2616; x_wconf 73' lang='grc' dir='ltr'>Ἰσαὰκ,</span> <span class='ocrx_word' id='word_1_180' title='bbox 1431 2553 1500 2606; x_wconf 84' lang='grc' dir='ltr'>τά</span> <span class='ocrx_word' id='word_1_181' title='bbox 1533 2554 1624 2606; x_wconf 70' lang='grc' dir='ltr'>ἐπὶ</span> <span class='ocrx_word' id='word_1_182' title='bbox 1649 2552 1744 2606; x_wconf 87' lang='grc' dir='ltr'>τοῦ</span> <span class='ocrx_word' id='word_1_183' title='bbox 1778 2552 1993 2619; x_wconf 88' lang='grc' dir='ltr'>Ἰακὼϐ,</span> 
     </span>
    </p>
   </div>
   <div class='ocr_carea' id='block_1_25' title="bbox 425 2643 1995 2718">
    <p class='ocr_par' dir='ltr' id='par_1_25' title="bbox 425 2643 1995 2718">
     <span class='ocr_line' id='line_1_25' title="bbox 425 2643 1995 2718; baseline 0.005 -22"><span class='ocrx_word' id='word_1_184' title='bbox 425 2643 495 2698; x_wconf 80' lang='grc' dir='ltr'>τά</span> <span class='ocrx_word' id='word_1_185' title='bbox 527 2644 586 2697; x_wconf 86' lang='grc' dir='ltr'>ἐν</span> <span class='ocrx_word' id='word_1_186' title='bbox 621 2643 897 2716; x_wconf 77' lang='grc' dir='ltr'>Αἰγύπτῳ,</span> <span class='ocrx_word' id='word_1_187' title='bbox 939 2644 1008 2698; x_wconf 77' lang='grc' dir='ltr'>τὰ</span> <span class='ocrx_word' id='word_1_188' title='bbox 1052 2646 1110 2699; x_wconf 88' lang='grc' dir='ltr'>ἐν</span> <span class='ocrx_word' id='word_1_189' title='bbox 1141 2648 1206 2718; x_wconf 82' lang='grc' dir='ltr'>τῇ</span> <span class='ocrx_word' id='word_1_190' title='bbox 1256 2645 1418 2718; x_wconf 83' lang='grc' dir='ltr'>ἐξόδῳ</span> <span class='ocrx_word' id='word_1_191' title='bbox 1449 2647 1558 2700; x_wconf 89' lang='grc' dir='ltr'>τῶν</span> <span class='ocrx_word' id='word_1_192' title='bbox 1602 2648 1894 2713; x_wconf 87' lang='grc' dir='ltr'>Ἰουδαίων,</span> <span class='ocrx_word' id='word_1_193' title='bbox 1924 2650 1995 2704; x_wconf 83' lang='grc' dir='ltr'>τά</span> 
     </span>
    </p>
   </div>
   <div class='ocr_carea' id='block_1_26' title="bbox 427 2734 1994 2812">
    <p class='ocr_par' dir='ltr' id='par_1_26' title="bbox 427 2734 1994 2812">
     <span class='ocr_line' id='line_1_26' title="bbox 427 2734 1994 2812; baseline 0.006 -26"><span class='ocrx_word' id='word_1_194' title='bbox 427 2736 484 2786; x_wconf 86' lang='grc' dir='ltr'>ἐν</span> <span class='ocrx_word' id='word_1_195' title='bbox 509 2736 573 2805; x_wconf 75' lang='grc' dir='ltr'>τῇ</span> <span class='ocrx_word' id='word_1_196' title='bbox 603 2735 813 2806; x_wconf 82' lang='grc' dir='ltr'>ἐρήμῳ,</span> <span class='ocrx_word' id='word_1_197' title='bbox 852 2736 920 2790; x_wconf 73' lang='grc' dir='ltr'>τὰ</span> <span class='ocrx_word' id='word_1_198' title='bbox 958 2738 1014 2790; x_wconf 83' lang='grc' dir='ltr'>ἐν</span> <span class='ocrx_word' id='word_1_199' title='bbox 1042 2739 1108 2808; x_wconf 82' lang='grc' dir='ltr'>τῇ</span> <span class='ocrx_word' id='word_1_200' title='bbox 1150 2741 1220 2808; x_wconf 80' lang='grc' dir='ltr'>γῇ</span> <span class='ocrx_word' id='word_1_201' title='bbox 1267 2739 1366 2808; x_wconf 82' lang='grc' dir='ltr'>τῆς</span> <span class='ocrx_word' id='word_1_202' title='bbox 1416 2734 1798 2812; x_wconf 77' lang='grc' dir='ltr'>Παλαιστίνης,</span> <span class='ocrx_word' id='word_1_203' title='bbox 1840 2741 1908 2795; x_wconf 89' lang='grc' dir='ltr'>τά</span> <span class='ocrx_word' id='word_1_204' title='bbox 1934 2744 1994 2795; x_wconf 89' lang='grc' dir='ltr'>ἐν</span> 
     </span>
    </p>
   </div>
   <div class='ocr_carea' id='block_1_27' title="bbox 429 2826 1995 2900">
    <p class='ocr_par' dir='ltr' id='par_1_27' title="bbox 429 2826 1995 2900">
     <span class='ocr_line' id='line_1_27' title="bbox 429 2826 1995 2900; baseline 0.004 -21"><span class='ocrx_word' id='word_1_205' title='bbox 429 2826 727 2891; x_wconf 82' lang='grc' dir='ltr'>Βαϐυλῶνι,</span> <span class='ocrx_word' id='word_1_206' title='bbox 759 2828 827 2881; x_wconf 79' lang='grc' dir='ltr'>τὰ</span> <span class='ocrx_word' id='word_1_207' title='bbox 861 2828 998 2899; x_wconf 79' lang='grc' dir='ltr'>μετὰ</span> <span class='ocrx_word' id='word_1_208' title='bbox 1032 2829 1131 2900; x_wconf 76' lang='grc' dir='ltr'>τὴν</span> <span class='ocrx_word' id='word_1_209' title='bbox 1167 2830 1446 2895; x_wconf 76' lang='grc' dir='ltr'>ἐπάνοδον,</span> <span class='ocrx_word' id='word_1_210' title='bbox 1476 2830 1543 2884; x_wconf 82' lang='grc' dir='ltr'>τὰ</span> <span class='ocrx_word' id='word_1_211' title='bbox 1576 2832 1670 2885; x_wconf 74' lang='grc' dir='ltr'>ἐπὶ</span> <span class='ocrx_word' id='word_1_212' title='bbox 1700 2832 1809 2887; x_wconf 89' lang='grc' dir='ltr'>τῶν</span> <span class='ocrx_word' id='word_1_213' title='bbox 1835 2834 1995 2887; x_wconf 81' lang='grc' dir='ltr'>Μακ-</span> 
     </span>
    </p>
   </div>
   <div class='ocr_carea' id='block_1_28' title="bbox 425 2916 1993 2991">
    <p class='ocr_par' dir='ltr' id='par_1_28' title="bbox 425 2916 1993 2991">
     <span class='ocr_line' id='line_1_28' title="bbox 425 2916 1993 2991; baseline 0.004 -22"><span class='ocrx_word' id='word_1_214' title='bbox 425 2916 694 2982; x_wconf 85' lang='grc' dir='ltr'>καϐαίων,</span> <span class='ocrx_word' id='word_1_215' title='bbox 750 2917 817 2971; x_wconf 82' lang='grc' dir='ltr'>τὰ</span> <span class='ocrx_word' id='word_1_216' title='bbox 862 2917 998 2987; x_wconf 87' lang='grc' dir='ltr'>μετά</span> <span class='ocrx_word' id='word_1_217' title='bbox 1042 2920 1140 2989; x_wconf 82' lang='grc' dir='ltr'>τὴν</span> <span class='ocrx_word' id='word_1_218' title='bbox 1171 2920 1403 2989; x_wconf 82' lang='grc' dir='ltr'>Χριστοῦ</span> <span class='ocrx_word' id='word_1_219' title='bbox 1436 2920 1769 2991; x_wconf 82' lang='grc' dir='ltr'>παρουσίαν,</span> <span class='ocrx_word' id='word_1_220' title='bbox 1819 2922 1887 2976; x_wconf 69' lang='grc' dir='ltr'>τὰ</span> <span class='ocrx_word' id='word_1_221' title='bbox 1936 2924 1993 2976; x_wconf 85' lang='grc' dir='ltr'>ἐν</span> 
     </span>
    </p>
   </div>
   <div class='ocr_carea' id='block_1_29' title="bbox 423 3009 1990 3085">
    <p class='ocr_par' dir='ltr' id='par_1_29' title="bbox 423 3009 1990 3085">
     <span class='ocr_line' id='line_1_29' title="bbox 423 3009 1990 3085; baseline 0.004 -24"><span class='ocrx_word' id='word_1_222' title='bbox 423 3010 560 3079; x_wconf 81' lang='grc' dir='ltr'>αὐτῇ</span> <span class='ocrx_word' id='word_1_223' title='bbox 599 3012 663 3079; x_wconf 80' lang='grc' dir='ltr'>τῇ</span> <span class='ocrx_word' id='word_1_224' title='bbox 707 3010 1013 3080; x_wconf 71' lang='grc' dir='ltr'>παρουσία,</span> <span class='ocrx_word' id='word_1_225' title='bbox 1046 3009 1117 3063; x_wconf 88' lang='grc' dir='ltr'>τά</span> <span class='ocrx_word' id='word_1_226' title='bbox 1166 3012 1325 3082; x_wconf 84' lang='grc' dir='ltr'>μέχρι</span> <span class='ocrx_word' id='word_1_227' title='bbox 1365 3014 1606 3082; x_wconf 85' lang='grc' dir='ltr'>σήμερον</span> <span class='ocrx_word' id='word_1_228' title='bbox 1645 3014 1923 3084; x_wconf 89' lang='grc' dir='ltr'>γινόμενα,</span> <span class='ocrx_word' id='word_1_229' title='bbox 1957 3016 1990 3085; x_wconf 86' lang='grc' dir='ltr'>ή</span> 
     </span>
    </p>
   </div>
   <div class='ocr_carea' id='block_1_30' title="bbox 424 3100 1992 3177">
    <p class='ocr_par' dir='ltr' id='par_1_30' title="bbox 424 3100 1992 3177">
     <span class='ocr_line' id='line_1_30' title="bbox 424 3100 1992 3177; baseline 0.004 -23"><span class='ocrx_word' id='word_1_230' title='bbox 424 3100 771 3164; x_wconf 81' lang='grc' dir='ltr'>κατάπτωσις</span> <span class='ocrx_word' id='word_1_231' title='bbox 794 3101 900 3153; x_wconf 87' lang='grc' dir='ltr'>τῶν</span> <span class='ocrx_word' id='word_1_232' title='bbox 944 3101 1347 3174; x_wconf 87' lang='grc' dir='ltr'>Ἱεροσολύμων,</span> <span class='ocrx_word' id='word_1_233' title='bbox 1377 3106 1411 3176; x_wconf 85' lang='grc' dir='ltr'>ή</span> <span class='ocrx_word' id='word_1_234' title='bbox 1449 3105 1701 3177; x_wconf 79' lang='grc' dir='ltr'>οἰκοδομὴ</span> <span class='ocrx_word' id='word_1_235' title='bbox 1729 3107 1826 3176; x_wconf 87' lang='grc' dir='ltr'>τῆς</span> <span class='ocrx_word' id='word_1_236' title='bbox 1869 3107 1992 3161; x_wconf 76' lang='grc' dir='ltr'>Ἐκ-</span> 
     </span>
    </p>
   </div>
   <div class='ocr_carea' id='block_1_31' title="bbox 424 3189 1990 3264">
    <p class='ocr_par' dir='ltr' id='par_1_31' title="bbox 424 3189 1990 3264">
     <span class='ocr_line' id='line_1_31' title="bbox 424 3189 1990 3264; baseline 0.004 -21"><span class='ocrx_word' id='word_1_237' title='bbox 424 3189 672 3259; x_wconf 84' lang='grc' dir='ltr'>κλησίας,</span> <span class='ocrx_word' id='word_1_238' title='bbox 696 3205 725 3242; x_wconf 91' lang='grc' dir='ltr'>ο</span> <span class='ocrx_word' id='word_1_239' title='bbox 752 3190 908 3259; x_wconf 85' lang='grc' dir='ltr'>λόγος</span> <span class='ocrx_word' id='word_1_240' title='bbox 932 3193 960 3244; x_wconf 84' lang='grc' dir='ltr'>ὁ</span> <span class='ocrx_word' id='word_1_241' title='bbox 987 3192 1260 3262; x_wconf 76' lang='grc' dir='ltr'>πανταχοῦ</span> <span class='ocrx_word' id='word_1_242' title='bbox 1298 3193 1524 3264; x_wconf 82' lang='grc' dir='ltr'>τρέχων,</span> <span class='ocrx_word' id='word_1_243' title='bbox 1556 3195 1584 3248; x_wconf 89' lang='grc' dir='ltr'>ό</span> <span class='ocrx_word' id='word_1_244' title='bbox 1613 3194 1701 3248; x_wconf 83' lang='grc' dir='ltr'>διὰ</span> <span class='ocrx_word' id='word_1_245' title='bbox 1731 3196 1990 3264; x_wconf 85' lang='grc' dir='ltr'>κυμάτων</span> 
     </span>
    </p>
   </div>
   <div class='ocr_carea' id='block_1_32' title="bbox 422 3279 1990 3361">
    <p class='ocr_par' dir='ltr' id='par_1_32' title="bbox 422 3279 1990 3361">
     <span class='ocr_line' id='line_1_32' title="bbox 422 3279 1990 3361; baseline 0.006 -28"><span class='ocrx_word' id='word_1_246' title='bbox 422 3279 625 3350; x_wconf 78' lang='grc' dir='ltr'>ἀρθεὶς,</span> <span class='ocrx_word' id='word_1_247' title='bbox 651 3282 679 3332; x_wconf 89' lang='grc' dir='ltr'>ό</span> <span class='ocrx_word' id='word_1_248' title='bbox 718 3280 807 3334; x_wconf 76' lang='grc' dir='ltr'>διὰ</span> <span class='ocrx_word' id='word_1_249' title='bbox 856 3282 1103 3353; x_wconf 83' lang='grc' dir='ltr'>πολέμων</span> <span class='ocrx_word' id='word_1_250' title='bbox 1132 3282 1417 3355; x_wconf 71' lang='grc' dir='ltr'>αὐξηθεὶς,</span> <span class='ocrx_word' id='word_1_251' title='bbox 1473 3287 1524 3340; x_wconf 86' lang='grc' dir='ltr'>οἱ</span> <span class='ocrx_word' id='word_1_252' title='bbox 1558 3286 1666 3339; x_wconf 82' lang='grc' dir='ltr'>τῶν</span> <span class='ocrx_word' id='word_1_253' title='bbox 1697 3288 1990 3361; x_wconf 87' lang='grc' dir='ltr'>μαρτύρων</span> 
     </span>
    </p>
   </div>
   <div class='ocr_carea' id='block_1_33' title="bbox 420 3368 1989 3443">
    <p class='ocr_par' dir='ltr' id='par_1_33' title="bbox 420 3368 1989 3443">
     <span class='ocr_line' id='line_1_33' title="bbox 420 3368 1989 3443; baseline 0.01 -22"><span class='ocrx_word' id='word_1_254' title='bbox 420 3368 599 3438; x_wconf 81' lang='grc' dir='ltr'>δῆμοι,</span> <span class='ocrx_word' id='word_1_255' title='bbox 631 3369 700 3422; x_wconf 73' lang='grc' dir='ltr'>τά</span> <span class='ocrx_word' id='word_1_256' title='bbox 734 3370 868 3424; x_wconf 83' lang='grc' dir='ltr'>ἄλλα</span> <span class='ocrx_word' id='word_1_257' title='bbox 900 3372 1133 3430; x_wconf 75' lang='grc' dir='ltr'>ἅπαντα.</span> <span class='ocrx_word' id='word_1_258' title='bbox 1178 3376 1355 3430; x_wconf 85' lang='grc' dir='ltr'>Πολλά</span> <span class='ocrx_word' id='word_1_259' title='bbox 1390 3377 1448 3431; x_wconf 89' lang='grc' dir='ltr'>δέ</span> <span class='ocrx_word' id='word_1_260' title='bbox 1495 3377 1560 3432; x_wconf 85' lang='grc' dir='ltr'>ἀν</span> <span class='ocrx_word' id='word_1_261' title='bbox 1608 3394 1692 3443; x_wconf 86' lang='grc' dir='ltr'>τις</span> <span class='ocrx_word' id='word_1_262' title='bbox 1725 3381 1820 3435; x_wconf 69' lang='grc' dir='ltr'>καὶ</span> <span class='ocrx_word' id='word_1_263' title='bbox 1846 3381 1989 3437; x_wconf 60' lang='lat' dir='ltr'>tam</span> 
     </span>
    </p>
   </div>
   <div class='ocr_carea' id='block_1_34' title="bbox 424 3459 1985 3537">
    <p class='ocr_par' dir='ltr' id='par_1_34' title="bbox 424 3459 1985 3537">
     <span class='ocr_line' id='line_1_34' title="bbox 424 3459 1985 3537; baseline 0.01 -27"><span class='ocrx_word' id='word_1_264' title='bbox 424 3459 521 3511; x_wconf 79' lang='grc' dir='ltr'>ἴδοι</span> <span class='ocrx_word' id='word_1_265' title='bbox 554 3461 646 3512; x_wconf 70' lang='grc' dir='ltr'>καὶ</span> <span class='ocrx_word' id='word_1_266' title='bbox 674 3463 731 3513; x_wconf 87' lang='grc' dir='ltr'>ἐν</span> <span class='ocrx_word' id='word_1_267' title='bbox 768 3462 915 3532; x_wconf 70' lang='grc' dir='ltr'>οἰκίᾳ</span> <span class='ocrx_word' id='word_1_268' title='bbox 941 3464 1203 3534; x_wconf 89' lang='grc' dir='ltr'>γενόμενα</span> <span class='ocrx_word' id='word_1_269' title='bbox 1233 3465 1505 3537; x_wconf 88' lang='grc' dir='ltr'>θαύματα,</span> <span class='ocrx_word' id='word_1_270' title='bbox 1535 3469 1629 3522; x_wconf 73' lang='grc' dir='ltr'>καὶ</span> <span class='ocrx_word' id='word_1_271' title='bbox 1665 3470 1722 3524; x_wconf 84' lang='grc' dir='ltr'>ἐν</span> <span class='ocrx_word' id='word_1_272' title='bbox 1745 3470 1985 3525; x_wconf 84' lang='grc' dir='ltr'>πόλεσιν.</span> 
     </span>
    </p>
   </div>
   <div class='ocr_carea' id='block_1_35' title="bbox 421 3547 1986 3633">
    <p class='ocr_par' dir='ltr' id='par_1_35' title="bbox 421 3547 1986 3633">
     <span class='ocr_line' id='line_1_35' title="bbox 421 3547 1986 3633; baseline 0.01 -34"><span class='ocrx_word' id='word_1_273' title='bbox 421 3547 583 3633; x_wconf 46' lang='lat' dir='ltr'>um</span> <span class='ocrx_word' id='word_1_274' title='bbox 602 3548 738 3612; x_wconf 85' lang='grc' dir='ltr'>τέως</span> <span class='ocrx_word' id='word_1_275' title='bbox 763 3549 829 3602; x_wconf 68' lang='grc' dir='ltr'>τὲ</span> <span class='ocrx_word' id='word_1_276' title='bbox 852 3550 1131 3618; x_wconf 80' lang='grc' dir='ltr'>καθολικά,</span> <span class='ocrx_word' id='word_1_277' title='bbox 1150 3554 1242 3607; x_wconf 79' lang='grc' dir='ltr'>καὶ</span> <span class='ocrx_word' id='word_1_278' title='bbox 1264 3556 1433 3610; x_wconf 69' lang='grc' dir='ltr'>ἅπασι</span> <span class='ocrx_word' id='word_1_279' title='bbox 1449 3558 1582 3628; x_wconf 85' lang='grc' dir='ltr'>δῆλα</span> <span class='ocrx_word' id='word_1_280' title='bbox 1605 3560 1699 3614; x_wconf 73' lang='grc' dir='ltr'>καὶ</span> <span class='ocrx_word' id='word_1_281' title='bbox 1715 3560 1986 3633; x_wconf 82' lang='grc' dir='ltr'>γνώριμα,</span> 
     </span>
    </p>
   </div>
   <div class='ocr_carea' id='block_1_36' title="bbox 427 3631 1989 3716">
    <p class='ocr_par' dir='ltr' id='par_1_36' title="bbox 427 3631 1989 3716">
     <span class='ocr_line' id='line_1_36' title="bbox 427 3631 1989 3716; baseline 0.01 -30"><span class='ocrx_word' id='word_1_282' title='bbox 427 3631 461 3685; x_wconf 78' lang='grc' dir='ltr'>ἀ</span> <span class='ocrx_word' id='word_1_283' title='bbox 503 3635 624 3688; x_wconf 82' lang='grc' dir='ltr'>καθ’</span> <span class='ocrx_word' id='word_1_284' title='bbox 662 3636 896 3707; x_wconf 78' lang='grc' dir='ltr'>ἑκάστην</span> <span class='ocrx_word' id='word_1_285' title='bbox 944 3639 1149 3706; x_wconf 89' lang='grc' dir='ltr'>γίνεται</span> <span class='ocrx_word' id='word_1_286' title='bbox 1193 3642 1407 3710; x_wconf 83' lang='grc' dir='ltr'>γενεὰν,</span> <span class='ocrx_word' id='word_1_287' title='bbox 1446 3644 1666 3716; x_wconf 73' lang='grc' dir='ltr'>ἴδωμεν.</span> <span class='ocrx_word' id='word_1_288' title='bbox 1713 3631 1860 3700; x_wconf 84' lang='grc' dir='ltr'>Πόσα</span> <span class='ocrx_word' id='word_1_289' title='bbox 1893 3631 1989 3703; x_wconf 76' lang='grc' dir='ltr'>ἐπὶ</span> 
     </span>
    </p>
   </div>
   <div class='ocr_carea' id='block_1_37' title="bbox 432 3721 1984 3803">
    <p class='ocr_par' dir='ltr' id='par_1_37' title="bbox 432 3721 1984 3803">
     <span class='ocr_line' id='line_1_37' title="bbox 432 3721 1984 3803; baseline 0.009 -28"><span class='ocrx_word' id='word_1_290' title='bbox 432 3721 715 3777; x_wconf 84' lang='grc' dir='ltr'>Ἰουλιανοῦ</span> <span class='ocrx_word' id='word_1_291' title='bbox 753 3724 846 3777; x_wconf 90' lang='grc' dir='ltr'>τοῦ</span> <span class='ocrx_word' id='word_1_292' title='bbox 886 3727 1089 3792; x_wconf 79' lang='grc' dir='ltr'>πάντας</span> <span class='ocrx_word' id='word_1_293' title='bbox 1132 3730 1355 3802; x_wconf 62' lang='grc' dir='ltr'>ἀσεϐείᾳ</span> <span class='ocrx_word' id='word_1_294' title='bbox 1399 3734 1718 3802; x_wconf 81' lang='grc' dir='ltr'>νικήσαντος</span> <span class='ocrx_word' id='word_1_295' title='bbox 1775 3734 1984 3803; x_wconf 84' lang='grc' dir='ltr'>γέγονε,</span> 
     </span>
    </p>
   </div>
   <div class='ocr_carea' id='block_1_38' title="bbox 418 3811 1984 3892">
    <p class='ocr_par' dir='ltr' id='par_1_38' title="bbox 418 3811 1984 3892">
     <span class='ocr_line' id='line_1_38' title="bbox 418 3811 1984 3892; baseline 0.01 -31"><span class='ocrx_word' id='word_1_296' title='bbox 418 3814 517 3881; x_wconf 84' lang='grc' dir='ltr'>τῆς</span> <span class='ocrx_word' id='word_1_297' title='bbox 533 3811 852 3882; x_wconf 84' lang='grc' dir='ltr'>Ἐκκλησίας</span> <span class='ocrx_word' id='word_1_298' title='bbox 877 3812 1284 3887; x_wconf 85' lang='grc' dir='ltr'>πολεμουμένης</span> <span class='ocrx_word' id='word_1_299' title='bbox 1306 3836 1321 3881; x_wconf 86' lang='grc'><strong>;</strong></span> <span class='ocrx_word' id='word_1_300' title='bbox 1361 3819 1504 3873; x_wconf 86' lang='grc' dir='ltr'>πόσα</span> <span class='ocrx_word' id='word_1_301' title='bbox 1533 3819 1625 3872; x_wconf 76' lang='grc' dir='ltr'>ἐπὶ</span> <span class='ocrx_word' id='word_1_302' title='bbox 1649 3820 1984 3892; x_wconf 82' lang='grc' dir='ltr'>Μαξιμίνσυ;</span> 
     </span>
    </p>
   </div>
   <div class='ocr_carea' id='block_1_39' title="bbox 419 3902 1989 3984">
    <p class='ocr_par' dir='ltr' id='par_1_39' title="bbox 419 3902 1989 3984">
     <span class='ocr_line' id='line_1_39' title="bbox 419 3902 1989 3984; baseline 0.011 -30"><span class='ocrx_word' id='word_1_303' title='bbox 419 3902 562 3956; x_wconf 81' lang='grc' dir='ltr'>πόσα</span> <span class='ocrx_word' id='word_1_304' title='bbox 594 3904 699 3975; x_wconf 71' lang='grc' dir='ltr'>πρὸ</span> <span class='ocrx_word' id='word_1_305' title='bbox 724 3904 832 3957; x_wconf 87' lang='grc' dir='ltr'>τῶν</span> <span class='ocrx_word' id='word_1_306' title='bbox 862 3905 1083 3959; x_wconf 81' lang='grc' dir='ltr'>ἐκείνων</span> <span class='ocrx_word' id='word_1_307' title='bbox 1108 3907 1401 3978; x_wconf 86' lang='grc' dir='ltr'>βασιλέων;</span> <span class='ocrx_word' id='word_1_308' title='bbox 1439 3914 1503 3966; x_wconf 71' lang='lat' dir='ltr'><strong><em>El</em></strong></span> <span class='ocrx_word' id='word_1_309' title='bbox 1530 3913 1590 3967; x_wconf 77' lang='grc' dir='ltr'>δὲ</span> <span class='ocrx_word' id='word_1_310' title='bbox 1621 3913 1874 3984; x_wconf 84' lang='grc' dir='ltr'>βούλεσθε</span> <span class='ocrx_word' id='word_1_311' title='bbox 1896 3919 1989 3973; x_wconf 80' lang='grc' dir='ltr'>καὶ</span> 
     </span>
    </p>
   </div>
   <div class='ocr_carea' id='block_1_40' title="bbox 418 3992 1986 4076">
    <p class='ocr_par' dir='ltr' id='par_1_40' title="bbox 418 3992 1986 4076">
     <span class='ocr_line' id='line_1_40' title="bbox 418 3992 1986 4076; baseline 0.011 -32"><span class='ocrx_word' id='word_1_312' title='bbox 418 3992 487 4045; x_wconf 70' lang='grc' dir='ltr'>τὰ</span> <span class='ocrx_word' id='word_1_313' title='bbox 519 3994 611 4047; x_wconf 70' lang='grc' dir='ltr'>ἐπὶ</span> <span class='ocrx_word' id='word_1_314' title='bbox 640 3996 738 4065; x_wconf 77' lang='grc' dir='ltr'>τῆς</span> <span class='ocrx_word' id='word_1_315' title='bbox 785 3998 979 4065; x_wconf 81' lang='grc' dir='ltr'>γενεᾶς</span> <span class='ocrx_word' id='word_1_316' title='bbox 1020 3998 1300 4069; x_wconf 86' lang='grc' dir='ltr'>συμϐάντα</span> <span class='ocrx_word' id='word_1_317' title='bbox 1327 4002 1427 4072; x_wconf 87' lang='grc' dir='ltr'>τῆς</span> <span class='ocrx_word' id='word_1_318' title='bbox 1458 4004 1758 4076; x_wconf 77' lang='grc' dir='ltr'>ἡμετέρας,</span> <span class='ocrx_word' id='word_1_319' title='bbox 1801 4001 1911 4062; x_wconf 73' lang='grc' dir='ltr'>οἷον</span> <span class='ocrx_word' id='word_1_320' title='bbox 1936 4011 1986 4063; x_wconf 86' lang='grc' dir='ltr'>οἱ</span> 
     </span>
    </p>
   </div>
   <div class='ocr_carea' id='block_1_41' title="bbox 420 4086 1984 4170">
    <p class='ocr_par' dir='ltr' id='par_1_41' title="bbox 420 4086 1984 4170">
     <span class='ocr_line' id='line_1_41' title="bbox 420 4086 1984 4170; baseline 0.012 -34"><span class='ocrx_word' id='word_1_321' title='bbox 420 4086 642 4156; x_wconf 68' lang='grc' dir='ltr'>σταυροὶ</span> <span class='ocrx_word' id='word_1_322' title='bbox 681 4087 731 4139; x_wconf 89' lang='grc' dir='ltr'>οἱ</span> <span class='ocrx_word' id='word_1_323' title='bbox 776 4086 917 4141; x_wconf 86' lang='grc' dir='ltr'>κατά</span> <span class='ocrx_word' id='word_1_324' title='bbox 962 4089 1071 4143; x_wconf 79' lang='grc' dir='ltr'>τῶν</span> <span class='ocrx_word' id='word_1_325' title='bbox 1116 4090 1345 4163; x_wconf 85' lang='grc' dir='ltr'>ίματίων</span> <span class='ocrx_word' id='word_1_326' title='bbox 1387 4097 1715 4165; x_wconf 87' lang='grc' dir='ltr'>χαραγέντες</span> <span class='ocrx_word' id='word_1_327' title='bbox 1768 4099 1984 4170; x_wconf 84' lang='grc' dir='ltr'>ἀθρόον,</span> 
     </span>
    </p>
   </div>
   <div class='ocr_carea' id='block_1_42' title="bbox 421 4174 1985 4258">
    <p class='ocr_par' dir='ltr' id='par_1_42' title="bbox 421 4174 1985 4258">
     <span class='ocr_line' id='line_1_42' title="bbox 421 4174 1985 4258; baseline 0.011 -30"><span class='ocrx_word' id='word_1_328' title='bbox 421 4174 511 4228; x_wconf 85' lang='grc' dir='ltr'>τοῦ</span> <span class='ocrx_word' id='word_1_329' title='bbox 549 4176 877 4244; x_wconf 79' lang='grc' dir='ltr'>Ἀπόλλωνος</span> <span class='ocrx_word' id='word_1_330' title='bbox 905 4180 965 4234; x_wconf 80' lang='grc' dir='ltr'>τὸ</span> <span class='ocrx_word' id='word_1_331' title='bbox 1008 4183 1149 4253; x_wconf 77' lang='grc' dir='ltr'>ἱερὸν</span> <span class='ocrx_word' id='word_1_332' title='bbox 1180 4185 1241 4237; x_wconf 80' lang='grc' dir='ltr'>τὸ</span> <span class='ocrx_word' id='word_1_333' title='bbox 1271 4185 1500 4256; x_wconf 86' lang='grc' dir='ltr'>σκηπτῷ</span> <span class='ocrx_word' id='word_1_334' title='bbox 1526 4188 1870 4258; x_wconf 79' lang='grc' dir='ltr'>κατενεχθέν,</span> <span class='ocrx_word' id='word_1_335' title='bbox 1893 4190 1985 4245; x_wconf 88' lang='grc' dir='ltr'>τοῦ</span> 
     </span>
    </p>
   </div>
   <div class='ocr_carea' id='block_1_43' title="bbox 419 4266 1984 4351">
    <p class='ocr_par' dir='ltr' id='par_1_43' title="bbox 419 4266 1984 4351">
     <span class='ocr_line' id='line_1_43' title="bbox 419 4266 1984 4351; baseline 0.012 -33"><span class='ocrx_word' id='word_1_336' title='bbox 419 4266 572 4329; x_wconf 86' lang='grc' dir='ltr'>ἀγίου</span> <span class='ocrx_word' id='word_1_337' title='bbox 605 4267 879 4342; x_wconf 86' lang='grc' dir='ltr'>μάρτυρος</span> <span class='ocrx_word' id='word_1_338' title='bbox 907 4272 1122 4328; x_wconf 88' lang='grc' dir='ltr'>Βαϐύλα</span> <span class='ocrx_word' id='word_1_339' title='bbox 1148 4275 1243 4329; x_wconf 91' lang='grc' dir='ltr'>τοῦ</span> <span class='ocrx_word' id='word_1_340' title='bbox 1289 4277 1347 4329; x_wconf 84' lang='grc' dir='ltr'>ἐν</span> <span class='ocrx_word' id='word_1_341' title='bbox 1376 4277 1560 4348; x_wconf 81' lang='grc' dir='ltr'>Δάφνῃ</span> <span class='ocrx_word' id='word_1_342' title='bbox 1591 4280 1624 4351; x_wconf 80' lang='grc' dir='ltr'><strong>ἡ</strong></span> <span class='ocrx_word' id='word_1_343' title='bbox 1674 4281 1984 4351; x_wconf 80' lang='grc' dir='ltr'>μετάθεσις,</span> 
     </span>
    </p>
   </div>
   <div class='ocr_carea' id='block_1_44' title="bbox 418 4358 1984 4444">
    <p class='ocr_par' dir='ltr' id='par_1_44' title="bbox 418 4358 1984 4444">
     <span class='ocr_line' id='line_1_44' title="bbox 418 4358 1984 4444; baseline 0.011 -35"><span class='ocrx_word' id='word_1_344' title='bbox 418 4358 565 4429; x_wconf 78' lang='grc' dir='ltr'>καὶὴ</span> <span class='ocrx_word' id='word_1_345' title='bbox 605 4360 815 4432; x_wconf 85' lang='grc' dir='ltr'>φανερά</span> <span class='ocrx_word' id='word_1_346' title='bbox 844 4362 966 4433; x_wconf 86' lang='grc' dir='ltr'>νίκη</span> <span class='ocrx_word' id='word_1_347' title='bbox 999 4364 1032 4434; x_wconf 82' lang='grc' dir='ltr'><strong>ἡ</strong></span> <span class='ocrx_word' id='word_1_348' title='bbox 1069 4364 1211 4421; x_wconf 84' lang='grc' dir='ltr'>κατά</span> <span class='ocrx_word' id='word_1_349' title='bbox 1242 4366 1335 4422; x_wconf 78' lang='grc' dir='ltr'>τοῦ</span> <span class='ocrx_word' id='word_1_350' title='bbox 1363 4367 1636 4439; x_wconf 88' lang='grc' dir='ltr'>δαίμονος,</span> <span class='ocrx_word' id='word_1_351' title='bbox 1665 4371 1760 4427; x_wconf 86' lang='grc' dir='ltr'>τοῦ</span> <span class='ocrx_word' id='word_1_352' title='bbox 1788 4372 1984 4444; x_wconf 86' lang='grc' dir='ltr'>ταμίου</span> 
     </span>
    </p>
   </div>
   <div class='ocr_carea' id='block_1_45' title="bbox 416 4447 1984 4537">
    <p class='ocr_par' dir='ltr' id='par_1_45' title="bbox 416 4447 1984 4537">
     <span class='ocr_line' id='line_1_45' title="bbox 416 4447 1984 4537; baseline 0.012 -38"><span class='ocrx_word' id='word_1_353' title='bbox 416 4447 526 4501; x_wconf 88' lang='grc' dir='ltr'>τῶν</span> <span class='ocrx_word' id='word_1_354' title='bbox 554 4448 844 4518; x_wconf 80' lang='grc' dir='ltr'>βασιλικῶν</span> <span class='ocrx_word' id='word_1_355' title='bbox 871 4456 1166 4524; x_wconf 82' lang='grc' dir='ltr'>χρημάτων</span> <span class='ocrx_word' id='word_1_356' title='bbox 1189 4456 1218 4509; x_wconf 85' lang='grc' dir='ltr'>ὁ</span> <span class='ocrx_word' id='word_1_357' title='bbox 1243 4459 1538 4528; x_wconf 86' lang='grc' dir='ltr'>παράδοξος</span> <span class='ocrx_word' id='word_1_358' title='bbox 1568 4462 1815 4527; x_wconf 85' lang='grc' dir='ltr'>θάνατος,</span> <span class='ocrx_word' id='word_1_359' title='bbox 1845 4466 1984 4537; x_wconf 79' lang='grc' dir='ltr'>αὐτὴ</span> 
     </span>
    </p>
   </div>
   <div class='ocr_carea' id='block_1_46' title="bbox 417 4539 1983 4618">
    <p class='ocr_par' dir='ltr' id='par_1_46' title="bbox 417 4539 1983 4618">
     <span class='ocr_line' id='line_1_46' title="bbox 417 4539 1983 4618; baseline 0.011 -27"><span class='ocrx_word' id='word_1_360' title='bbox 417 4542 450 4609; x_wconf 84' lang='grc' dir='ltr'>ή</span> <span class='ocrx_word' id='word_1_361' title='bbox 483 4539 576 4592; x_wconf 90' lang='grc' dir='ltr'>τοῦ</span> <span class='ocrx_word' id='word_1_362' title='bbox 613 4541 875 4610; x_wconf 77' lang='grc' dir='ltr'>βασιλέως</span> <span class='ocrx_word' id='word_1_363' title='bbox 910 4547 1208 4618; x_wconf 87' lang='grc' dir='ltr'>ἀναίρεσις,</span> <span class='ocrx_word' id='word_1_364' title='bbox 1240 4550 1408 4604; x_wconf 80' lang='grc' dir='ltr'>αὐτοῦ</span> <span class='ocrx_word' id='word_1_365' title='bbox 1454 4552 1547 4605; x_wconf 81' lang='grc' dir='ltr'>τοῦ</span> <span class='ocrx_word' id='word_1_366' title='bbox 1581 4553 1868 4607; x_wconf 86' lang='grc' dir='ltr'>Ἰουλιανοῦ</span> <span class='ocrx_word' id='word_1_367' title='bbox 1889 4554 1983 4608; x_wconf 84' lang='grc' dir='ltr'>τοῦ</span> 
     </span>
    </p>
   </div>
   <div class='ocr_carea' id='block_1_47' title="bbox 419 4626 1985 4709">
    <p class='ocr_par' dir='ltr' id='par_1_47' title="bbox 419 4626 1985 4709">
     <span class='ocr_line' id='line_1_47' title="bbox 419 4626 1985 4709; baseline 0.009 -30"><span class='ocrx_word' id='word_1_368' title='bbox 419 4626 626 4690; x_wconf 75' lang='grc' dir='ltr'>πάντας</span> <span class='ocrx_word' id='word_1_369' title='bbox 654 4629 878 4701; x_wconf 78' lang='grc' dir='ltr'>ἀσεϐείᾳ</span> <span class='ocrx_word' id='word_1_370' title='bbox 891 4634 1226 4702; x_wconf 78' lang='grc' dir='ltr'>νικήσαντος,</span> <span class='ocrx_word' id='word_1_371' title='bbox 1259 4638 1405 4709; x_wconf 74' lang='grc' dir='ltr'>καὶὴ</span> <span class='ocrx_word' id='word_1_372' title='bbox 1436 4640 1527 4692; x_wconf 90' lang='grc' dir='ltr'>τοῦ</span> <span class='ocrx_word' id='word_1_373' title='bbox 1561 4639 1703 4694; x_wconf 89' lang='grc' dir='ltr'>θείου</span> <span class='ocrx_word' id='word_1_374' title='bbox 1732 4640 1824 4694; x_wconf 80' lang='grc' dir='ltr'>τοῦ</span> <span class='ocrx_word' id='word_1_375' title='bbox 1847 4642 1985 4696; x_wconf 85' lang='grc' dir='ltr'>ἐκεί-</span> 
     </span>
    </p>
   </div>
   <div class='ocr_carea' id='block_1_48' title="bbox 417 4716 1980 4802">
    <p class='ocr_par' dir='ltr' id='par_1_48' title="bbox 417 4716 1980 4802">
     <span class='ocr_line' id='line_1_48' title="bbox 417 4716 1980 4802; baseline 0.01 -33"><span class='ocrx_word' id='word_1_376' title='bbox 417 4732 509 4770; x_wconf 87' lang='grc' dir='ltr'>νου</span> <span class='ocrx_word' id='word_1_377' title='bbox 544 4716 806 4780; x_wconf 79' lang='grc' dir='ltr'>ἀπώλεια,</span> <span class='ocrx_word' id='word_1_378' title='bbox 827 4719 935 4772; x_wconf 89' lang='grc' dir='ltr'>τῶν</span> <span class='ocrx_word' id='word_1_379' title='bbox 974 4721 1265 4792; x_wconf 75' lang='grc' dir='ltr'>σκωλήκων</span> <span class='ocrx_word' id='word_1_380' title='bbox 1289 4726 1345 4777; x_wconf 77' lang='lat' dir='ltr'>al</span> <span class='ocrx_word' id='word_1_381' title='bbox 1375 4729 1568 4797; x_wconf 80' lang='grc' dir='ltr'>πηγαὶ,</span> <span class='ocrx_word' id='word_1_382' title='bbox 1598 4728 1758 4800; x_wconf 75' lang='grc' dir='ltr'>ἕτερα</span> <span class='ocrx_word' id='word_1_383' title='bbox 1793 4732 1980 4802; x_wconf 90' lang='grc' dir='ltr'>μυρία,</span> 
     </span>
    </p>
   </div>
   <div class='ocr_carea' id='block_1_49' title="bbox 415 4804 1981 4890">
    <p class='ocr_par' dir='ltr' id='par_1_49' title="bbox 415 4804 1981 4890">
     <span class='ocr_line' id='line_1_49' title="bbox 415 4804 1981 4890; baseline 0.01 -32"><span class='ocrx_word' id='word_1_384' title='bbox 415 4807 444 4858; x_wconf 77' lang='grc' dir='ltr'>ό</span> <span class='ocrx_word' id='word_1_385' title='bbox 471 4804 654 4875; x_wconf 84' lang='grc' dir='ltr'>λιμὸς,</span> <span class='ocrx_word' id='word_1_386' title='bbox 701 4807 729 4859; x_wconf 89' lang='grc' dir='ltr'>ό</span> <span class='ocrx_word' id='word_1_387' title='bbox 778 4806 1021 4877; x_wconf 78' lang='grc' dir='ltr'>αὐχμὸς,</span> <span class='ocrx_word' id='word_1_388' title='bbox 1073 4809 1107 4881; x_wconf 84' lang='grc' dir='ltr'>ή</span> <span class='ocrx_word' id='word_1_389' title='bbox 1138 4811 1245 4863; x_wconf 86' lang='grc' dir='ltr'>τῶν</span> <span class='ocrx_word' id='word_1_390' title='bbox 1274 4812 1479 4868; x_wconf 81' lang='grc' dir='ltr'>ὑδάτων</span> <span class='ocrx_word' id='word_1_391' title='bbox 1519 4818 1746 4881; x_wconf 87' lang='grc' dir='ltr'>σπάνις,</span> <span class='ocrx_word' id='word_1_392' title='bbox 1800 4821 1833 4890; x_wconf 83' lang='grc' dir='ltr'>ὴ</span> <span class='ocrx_word' id='word_1_393' title='bbox 1866 4823 1981 4890; x_wconf 86' lang='grc' dir='ltr'>μετ’</span> 
     </span>
    </p>
   </div>
   <div class='ocr_carea' id='block_1_50' title="bbox 417 4896 1983 4980">
    <p class='ocr_par' dir='ltr' id='par_1_50' title="bbox 417 4896 1983 4980">
     <span class='ocr_line' id='line_1_50' title="bbox 417 4896 1983 4980; baseline 0.007 -27"><span class='ocrx_word' id='word_1_394' title='bbox 417 4896 580 4953; x_wconf 83' lang='grc' dir='ltr'>αὑτοῦ</span> <span class='ocrx_word' id='word_1_395' title='bbox 623 4900 743 4961; x_wconf 79' lang='grc' dir='ltr'>ταῖς</span> <span class='ocrx_word' id='word_1_396' title='bbox 794 4898 1010 4953; x_wconf 84' lang='grc' dir='ltr'>πόλεσιν</span> <span class='ocrx_word' id='word_1_397' title='bbox 1054 4902 1394 4971; x_wconf 84' lang='grc' dir='ltr'>ἐμπεσοῦσα,</span> <span class='ocrx_word' id='word_1_398' title='bbox 1450 4905 1544 4958; x_wconf 71' lang='grc' dir='ltr'>καὶ</span> <span class='ocrx_word' id='word_1_399' title='bbox 1592 4906 1755 4979; x_wconf 71' lang='grc' dir='ltr'>ἕτερα</span> <span class='ocrx_word' id='word_1_400' title='bbox 1814 4911 1983 4980; x_wconf 89' lang='grc' dir='ltr'>μυρία</span> 
     </span>
    </p>
   </div>
   <div class='ocr_carea' id='block_1_51' title="bbox 416 4989 705 5062">
    <p class='ocr_par' dir='ltr' id='par_1_51' title="bbox 416 4989 705 5062">
     <span class='ocr_line' id='line_1_51' title="bbox 416 4989 705 5062; baseline 0.003 -18"><span class='ocrx_word' id='word_1_401' title='bbox 416 4989 705 5062; x_wconf 75' lang='grc' dir='ltr'>πανταχοῦ.</span> 
     </span>
    </p>
   </div>
   <div class='ocr_carea' id='block_1_52' title="bbox 486 5078 1983 5159">
    <p class='ocr_par' dir='ltr' id='par_1_52' title="bbox 486 5078 1983 5159">
     <span class='ocr_line' id='line_1_52' title="bbox 486 5078 1983 5159; baseline 0.008 -24"><span class='ocrx_word' id='word_1_402' title='bbox 486 5081 548 5136; x_wconf 87' lang='grc' dir='ltr'>ε’.</span> <span class='ocrx_word' id='word_1_403' title='bbox 572 5081 681 5136; x_wconf 89' lang='lat' dir='ltr'>Kal</span> <span class='ocrx_word' id='word_1_404' title='bbox 696 5085 753 5138; x_wconf 87' lang='grc' dir='ltr'>ἐν</span> <span class='ocrx_word' id='word_1_405' title='bbox 775 5083 1108 5159; x_wconf 81' lang='grc' dir='ltr'>Παλαιστίνῃ</span> <span class='ocrx_word' id='word_1_406' title='bbox 1124 5084 1193 5139; x_wconf 88' lang='grc' dir='ltr'>τά</span> <span class='ocrx_word' id='word_1_407' title='bbox 1204 5085 1323 5139; x_wconf 89' lang='grc' dir='ltr'>τότε</span> <span class='ocrx_word' id='word_1_408' title='bbox 1342 5089 1618 5159; x_wconf 87' lang='grc' dir='ltr'>συμϐάντα</span> <span class='ocrx_word' id='word_1_409' title='bbox 1638 5088 1857 5158; x_wconf 76' lang='grc' dir='ltr'>ἔγνωτε.</span> <span class='ocrx_word' id='word_1_410' title='bbox 1871 5078 1983 5147; x_wconf 82' lang='lat' dir='ltr'>Kal</span> 
     </span>
    </p>
   </div>
   <div class='ocr_carea' id='block_1_53' title="bbox 416 5170 1983 5251">
    <p class='ocr_par' dir='ltr' id='par_1_53' title="bbox 416 5170 1983 5251">
     <span class='ocr_line' id='line_1_53' title="bbox 416 5170 1983 5251; baseline 0.008 -27"><span class='ocrx_word' id='word_1_411' title='bbox 416 5170 523 5243; x_wconf 70' lang='grc' dir='ltr'>γὰρ</span> <span class='ocrx_word' id='word_1_412' title='bbox 542 5174 703 5244; x_wconf 78' lang='grc' dir='ltr'>ἡνίκα</span> <span class='ocrx_word' id='word_1_413' title='bbox 726 5174 816 5228; x_wconf 84' lang='grc' dir='ltr'>τὸν</span> <span class='ocrx_word' id='word_1_414' title='bbox 839 5174 966 5229; x_wconf 76' lang='grc' dir='ltr'>ναὸν</span> <span class='ocrx_word' id='word_1_415' title='bbox 988 5177 1192 5231; x_wconf 83' lang='grc' dir='ltr'>ἐκεῖνον</span> <span class='ocrx_word' id='word_1_416' title='bbox 1212 5177 1301 5230; x_wconf 80' lang='grc' dir='ltr'>τὸν</span> <span class='ocrx_word' id='word_1_417' title='bbox 1320 5181 1385 5250; x_wconf 82' lang='grc' dir='ltr'>τῇ</span> <span class='ocrx_word' id='word_1_418' title='bbox 1408 5178 1572 5251; x_wconf 74' lang='grc' dir='ltr'>ψήφῳ</span> <span class='ocrx_word' id='word_1_419' title='bbox 1587 5179 1680 5234; x_wconf 90' lang='grc' dir='ltr'>τοῦ</span> <span class='ocrx_word' id='word_1_420' title='bbox 1698 5181 1831 5235; x_wconf 88' lang='grc' dir='ltr'>Θεοῦ</span> <span class='ocrx_word' id='word_1_421' title='bbox 1854 5182 1983 5237; x_wconf 86' lang='grc' dir='ltr'>καθ-</span> 
     </span>
    </p>
   </div>
   <div class='ocr_carea' id='block_1_54' title="bbox 417 5256 1980 5345">
    <p class='ocr_par' dir='ltr' id='par_1_54' title="bbox 417 5256 1980 5345">
     <span class='ocr_line' id='line_1_54' title="bbox 417 5256 1980 5345; baseline 0.004 -26"><span class='ocrx_word' id='word_1_422' title='bbox 417 5263 698 5333; x_wconf 83' lang='grc' dir='ltr'>αιρεθέντα</span> <span class='ocrx_word' id='word_1_423' title='bbox 721 5264 1086 5337; x_wconf 82' lang='grc' dir='ltr'>ἀνοικοδομεῖν</span> <span class='ocrx_word' id='word_1_424' title='bbox 1108 5266 1387 5321; x_wconf 83' lang='grc' dir='ltr'>ἐϐούλοντο</span> <span class='ocrx_word' id='word_1_425' title='bbox 1402 5256 1660 5334; x_wconf 83' lang='grc' dir='ltr'>Ἰουδαῖοι,</span> <span class='ocrx_word' id='word_1_426' title='bbox 1687 5271 1798 5343; x_wconf 85' lang='grc' dir='ltr'>πῦρ</span> <span class='ocrx_word' id='word_1_427' title='bbox 1827 5256 1980 5345; x_wconf 68' lang='lat'>[272]</span> 
     </span>
    </p>
   </div>
   <div class='ocr_carea' id='block_1_55' title="bbox 416 5355 1981 5435">
    <p class='ocr_par' dir='ltr' id='par_1_55' title="bbox 416 5355 1981 5435">
     <span class='ocr_line' id='line_1_55' title="bbox 416 5355 1981 5435; baseline 0.007 -28"><span class='ocrx_word' id='word_1_428' title='bbox 416 5355 482 5408; x_wconf 83' lang='grc' dir='ltr'>ἐκ</span> <span class='ocrx_word' id='word_1_429' title='bbox 522 5357 630 5409; x_wconf 87' lang='grc' dir='ltr'>τῶν</span> <span class='ocrx_word' id='word_1_430' title='bbox 687 5356 949 5427; x_wconf 85' lang='grc' dir='ltr'>θεμελίων</span> <span class='ocrx_word' id='word_1_431' title='bbox 993 5357 1305 5431; x_wconf 83' lang='grc' dir='ltr'>ἐκπηδῆσαν</span> <span class='ocrx_word' id='word_1_432' title='bbox 1344 5360 1587 5425; x_wconf 78' lang='grc' dir='ltr'>ἅπαντας</span> <span class='ocrx_word' id='word_1_433' title='bbox 1632 5362 1828 5435; x_wconf 78' lang='grc' dir='ltr'>ήλασε,</span> <span class='ocrx_word' id='word_1_434' title='bbox 1886 5364 1981 5418; x_wconf 76' lang='grc' dir='ltr'>καὶ</span> 
     </span>
    </p>
   </div>
   <div class='ocr_carea' id='block_1_56' title="bbox 420 5450 1979 5527">
    <p class='ocr_par' dir='ltr' id='par_1_56' title="bbox 420 5450 1979 5527">
     <span class='ocr_line' id='line_1_56' title="bbox 420 5450 1979 5527; baseline 0.008 -28"><span class='ocrx_word' id='word_1_435' title='bbox 420 5451 687 5519; x_wconf 79' lang='grc' dir='ltr'>μαρτυρεῖ</span> <span class='ocrx_word' id='word_1_436' title='bbox 708 5452 769 5503; x_wconf 82' lang='grc' dir='ltr'>τὸ</span> <span class='ocrx_word' id='word_1_437' title='bbox 798 5450 956 5523; x_wconf 79' lang='grc' dir='ltr'>ἔργον</span> <span class='ocrx_word' id='word_1_438' title='bbox 983 5452 1266 5507; x_wconf 86' lang='grc' dir='ltr'>ἀτέλεστον</span> <span class='ocrx_word' id='word_1_439' title='bbox 1290 5455 1499 5525; x_wconf 82' lang='grc' dir='ltr'>μεῖναν.</span> <span class='ocrx_word' id='word_1_440' title='bbox 1530 5457 1853 5527; x_wconf 80' lang='grc' dir='ltr'>Οίκτίρμων</span> <span class='ocrx_word' id='word_1_441' title='bbox 1881 5457 1979 5512; x_wconf 78' lang='grc' dir='ltr'>καί</span> 
     </span>
    </p>
   </div>
   <div class='ocr_carea' id='block_1_57' title="bbox 468 5613 1982 5691">
    <p class='ocr_par' dir='ltr' id='par_1_57' title="bbox 468 5613 1982 5691">
     <span class='ocr_line' id='line_1_57' title="bbox 468 5613 1982 5691; baseline 0.011 -30"><span class='ocrx_word' id='word_1_442' title='bbox 468 5619 485 5639; x_wconf 84' lang='grc'><strong>⁸</strong></span> <span class='ocrx_word' id='word_1_443' title='bbox 529 5613 611 5691; x_wconf 63' lang='lat' dir='ltr'>S_ip</span> <span class='ocrx_word' id='word_1_444' title='bbox 638 5616 805 5691; x_wconf 64' lang='lat' dir='ltr'>_Sayjl.</span> <span class='ocrx_word' id='word_1_445' title='bbox 849 5619 1061 5691; x_wconf 51' lang='lat' dir='ltr'>elﬁeg.</span> <span class='ocrx_word' id='word_1_446' title='bbox 1107 5621 1279 5691; x_wconf 76' lang='lat' dir='ltr'>Mqrel.</span> <span class='ocrx_word' id='word_1_447' title='bbox 1327 5636 1444 5691; x_wconf 49' lang='lat' dir='ltr'><strong>gero</strong></span> <span class='ocrx_word' id='word_1_448' title='bbox 1478 5631 1563 5685; x_wconf 82' lang='grc' dir='ltr'>τῆς</span> <span class='ocrx_word' id='word_1_449' title='bbox 1597 5627 1820 5691; x_wconf 78' lang='grc' dir='ltr'>πονηρίας</span> <span class='ocrx_word' id='word_1_450' title='bbox 1855 5628 1982 5678; x_wconf 80' lang='grc' dir='ltr'>ἀπά-</span> 
     </span>
    </p>
   </div>
   <div class='ocr_carea' id='block_1_58' title="bbox 417 5681 1529 5745">
    <p class='ocr_par' dir='ltr' id='par_1_58' title="bbox 417 5681 1529 5745">
     <span class='ocr_line' id='line_1_58' title="bbox 417 5681 1529 5745; baseline 0.011 -23"><span class='ocrx_word' id='word_1_451' title='bbox 417 5690 523 5745; x_wconf 72' lang='grc' dir='ltr'>σης,</span> <span class='ocrx_word' id='word_1_452' title='bbox 539 5681 839 5745; x_wconf 58' lang='lat' dir='ltr'>gqntqutigm</span> <span class='ocrx_word' id='word_1_453' title='bbox 861 5681 1147 5745; x_wconf 58' lang='lat' dir='ltr'>relinquens</span> <span class='ocrx_word' id='word_1_454' title='bbox 1173 5681 1529 5745; x_wconf 69' lang='lat' dir='ltr'>imperfect:qu</span> 
     </span>
    </p>
   </div>
   <div class='ocr_carea' id='block_1_59' title="bbox 415 5737 1980 5851">
    <p class='ocr_par' dir='ltr' id='par_1_59' title="bbox 415 5737 1980 5851">
     <span class='ocr_line' id='line_1_59' title="bbox 415 5737 1980 5851; baseline 0.013 -69"><span class='ocrx_word' id='word_1_455' title='bbox 415 5737 635 5851; x_wconf 50' lang='lat'>“213::</span> <span class='ocrx_word' id='word_1_456' title='bbox 667 5738 907 5827; x_wconf 76' lang='grc' dir='ltr'>ἐπαύσατο</span> <span class='ocrx_word' id='word_1_457' title='bbox 928 5737 1101 5793; x_wconf 72' lang='lat' dir='ltr'>deérat</span> <span class='ocrx_word' id='word_1_458' title='bbox 1132 5746 1183 5794; x_wconf 77' lang='lat' dir='ltr'><strong>in</strong></span> <span class='ocrx_word' id='word_1_459' title='bbox 1205 5737 1376 5797; x_wconf 73' lang='grc' dir='ltr'>ιιὶπει.</span> <span class='ocrx_word' id='word_1_460' title='bbox 1403 5748 1504 5798; x_wconf 78' lang='lat' dir='ltr'>Sed</span> <span class='ocrx_word' id='word_1_461' title='bbox 1527 5746 1736 5800; x_wconf 72' lang='lat' dir='ltr'>habetur</span> <span class='ocrx_word' id='word_1_462' title='bbox 1758 5746 1808 5800; x_wconf 84' lang='lat' dir='ltr'>in</span> <span class='ocrx_word' id='word_1_463' title='bbox 1827 5749 1980 5803; x_wconf 80' lang='lat' dir='ltr'>Savil.</span> 
     </span>
    </p>
   </div>
   <div class='ocr_carea' id='block_1_60' title="bbox 1178 415 3017 491">
    <p class='ocr_par' dir='ltr' id='par_1_60' title="bbox 1178 415 3017 491">
     <span class='ocr_line' id='line_1_60' title="bbox 1178 415 3017 491; baseline 0.003 -6"><span class='ocrx_word' id='word_1_464' title='bbox 1178 428 1235 485; x_wconf 89' lang='lat' dir='ltr'>S.</span> <span class='ocrx_word' id='word_1_465' title='bbox 1273 430 1554 486; x_wconf 69' lang='lat' dir='ltr'>JOANNIS</span> <span class='ocrx_word' id='word_1_466' title='bbox 1589 415 2075 485; x_wconf 71' lang='lat' dir='ltr'>CHRYSOS&#39;I&#39;OMI</span> <span class='ocrx_word' id='word_1_467' title='bbox 2107 418 2428 489; x_wconf 72' lang='lat' dir='ltr'>ARCillEP.</span> <span class='ocrx_word' id='word_1_468' title='bbox 2466 428 3017 491; x_wconf 77' lang='lat' dir='ltr'>CONST.\NTINOP.</span> 
     </span>
    </p>
   </div>
   <div class='ocr_carea' id='block_1_61' title="bbox 3573 436 3680 492">
    <p class='ocr_par' dir='ltr' id='par_1_61' title="bbox 3573 436 3680 492">
     <span class='ocr_line' id='line_1_61' title="bbox 3573 436 3680 492; baseline -0.009 0"><span class='ocrx_word' id='word_1_469' title='bbox 3573 436 3680 492; x_wconf 74' lang='lat'>286</span> 
     </span>
    </p>
   </div>
   <div class='ocr_carea' id='block_1_62' title="bbox 2102 548 3680 625">
    <p class='ocr_par' dir='ltr' id='par_1_62' title="bbox 2102 548 3680 625">
     <span class='ocr_line' id='line_1_62' title="bbox 2102 548 3680 625; baseline 0.006 -24"><span class='ocrx_word' id='word_1_470' title='bbox 2102 548 2374 619; x_wconf 72' lang='grc' dir='ltr'>ἐλεήμων</span> <span class='ocrx_word' id='word_1_471' title='bbox 2400 554 2433 608; x_wconf 84' lang='grc' dir='ltr'><em>ὀ</em></span> <span class='ocrx_word' id='word_1_472' title='bbox 2462 555 2674 624; x_wconf 81' lang='grc' dir='ltr'>Κύριος</span> <span class='ocrx_word' id='word_1_473' title='bbox 2689 555 2915 624; x_wconf 73' lang='grc' dir='ltr'>τροφὴν</span> <span class='ocrx_word' id='word_1_474' title='bbox 2942 554 3123 608; x_wconf 78' lang='grc' dir='ltr'>ἔδωκε</span> <span class='ocrx_word' id='word_1_475' title='bbox 3149 554 3270 621; x_wconf 83' lang='grc' dir='ltr'>τοῖς</span> <span class='ocrx_word' id='word_1_476' title='bbox 3289 554 3680 625; x_wconf 58' lang='grc' dir='ltr'>φοϐουμένοις</span> 
     </span>
    </p>
   </div>
   <div class='ocr_carea' id='block_1_63' title="bbox 2102 642 3678 717">
    <p class='ocr_par' dir='ltr' id='par_1_63' title="bbox 2102 642 3678 717">
     <span class='ocr_line' id='line_1_63' title="bbox 2102 642 3678 717; baseline 0.004 -23"><span class='ocrx_word' id='word_1_477' title='bbox 2102 642 2306 705; x_wconf 81' lang='grc' dir='ltr'>αὐτόν.</span> <span class='ocrx_word' id='word_1_478' title='bbox 2365 645 2727 714; x_wconf 82' lang='grc' dir='ltr'>’Δπαγγείλας</span> <span class='ocrx_word' id='word_1_479' title='bbox 2763 647 2924 701; x_wconf 83' lang='grc' dir='ltr'>αὐτοῦ</span> <span class='ocrx_word' id='word_1_480' title='bbox 2958 646 3055 710; x_wconf 77' lang='grc' dir='ltr'>τὰς</span> <span class='ocrx_word' id='word_1_481' title='bbox 3096 648 3432 717; x_wconf 75' lang='grc' dir='ltr'>εὐεργεσίας,</span> <span class='ocrx_word' id='word_1_482' title='bbox 3459 648 3558 710; x_wconf 81' lang='grc' dir='ltr'>τάς</span> <span class='ocrx_word' id='word_1_483' title='bbox 3589 647 3678 700; x_wconf 64' lang='grc' dir='ltr'>διὰ</span> 
     </span>
    </p>
   </div>
   <div class='ocr_carea' id='block_1_64' title="bbox 2102 732 3678 811">
    <p class='ocr_par' dir='ltr' id='par_1_64' title="bbox 2102 732 3678 811">
     <span class='ocr_line' id='line_1_64' title="bbox 2102 732 3678 811; baseline 0.004 -26"><span class='ocrx_word' id='word_1_484' title='bbox 2102 732 2212 786; x_wconf 89' lang='grc' dir='ltr'>τῶν</span> <span class='ocrx_word' id='word_1_485' title='bbox 2241 734 2554 806; x_wconf 82' lang='grc' dir='ltr'>θαυμάτων,</span> <span class='ocrx_word' id='word_1_486' title='bbox 2590 739 2689 802; x_wconf 82' lang='grc' dir='ltr'>τὰς</span> <span class='ocrx_word' id='word_1_487' title='bbox 2723 739 2812 793; x_wconf 83' lang='grc' dir='ltr'>διὰ</span> <span class='ocrx_word' id='word_1_488' title='bbox 2843 741 2951 793; x_wconf 89' lang='grc' dir='ltr'>τῶν</span> <span class='ocrx_word' id='word_1_489' title='bbox 2991 739 3188 809; x_wconf 77' lang='grc' dir='ltr'>ἔργων,</span> <span class='ocrx_word' id='word_1_490' title='bbox 3218 741 3316 811; x_wconf 79' lang='grc' dir='ltr'>τὴν</span> <span class='ocrx_word' id='word_1_491' title='bbox 3347 739 3678 810; x_wconf 84' lang='grc' dir='ltr'>κηδεμονίαν</span> 
     </span>
    </p>
   </div>
   <div class='ocr_carea' id='block_1_65' title="bbox 2101 823 3676 902">
    <p class='ocr_par' dir='ltr' id='par_1_65' title="bbox 2101 823 3676 902">
     <span class='ocr_line' id='line_1_65' title="bbox 2101 823 3676 902; baseline -0.01 -7"><span class='ocrx_word' id='word_1_492' title='bbox 2101 823 2201 894; x_wconf 73' lang='grc' dir='ltr'>τὴν</span> <span class='ocrx_word' id='word_1_493' title='bbox 2231 825 2368 897; x_wconf 77' lang='grc' dir='ltr'>ὑπὲρ</span> <span class='ocrx_word' id='word_1_494' title='bbox 2395 827 2551 898; x_wconf 76' lang='grc' dir='ltr'>ἡμῶν</span> <span class='ocrx_word' id='word_1_495' title='bbox 2580 830 2974 902; x_wconf 89' lang='grc' dir='ltr'>γεγενημένην.</span> <span class='ocrx_word' id='word_1_496' title='bbox 3003 831 3100 885; x_wconf 77' lang='grc' dir='ltr'>καὶ</span> <span class='ocrx_word' id='word_1_497' title='bbox 3124 828 3301 899; x_wconf 82' lang='grc' dir='ltr'>τούτῳ</span> <span class='ocrx_word' id='word_1_498' title='bbox 3332 829 3493 883; x_wconf 90' lang='grc' dir='ltr'>πάλιν</span> <span class='ocrx_word' id='word_1_499' title='bbox 3522 826 3676 892; x_wconf 76' lang='grc' dir='ltr'>αὔξει</span> 
     </span>
    </p>
   </div>
   <div class='ocr_carea' id='block_1_66' title="bbox 2101 913 3675 990">
    <p class='ocr_par' dir='ltr' id='par_1_66' title="bbox 2101 913 3675 990">
     <span class='ocr_line' id='line_1_66' title="bbox 2101 913 3675 990; baseline 0.001 -24"><span class='ocrx_word' id='word_1_500' title='bbox 2101 913 2192 966; x_wconf 70' lang='grc' dir='ltr'>τὸν</span> <span class='ocrx_word' id='word_1_501' title='bbox 2224 914 2404 984; x_wconf 85' lang='grc' dir='ltr'>λόγον,</span> <span class='ocrx_word' id='word_1_502' title='bbox 2433 919 2646 983; x_wconf 82' lang='grc' dir='ltr'>δεικνὺς</span> <span class='ocrx_word' id='word_1_503' title='bbox 2673 922 2755 974; x_wconf 80' lang='grc' dir='ltr'>ὅτι</span> <span class='ocrx_word' id='word_1_504' title='bbox 2792 921 3027 974; x_wconf 86' lang='grc' dir='ltr'>τοσαῦτα</span> <span class='ocrx_word' id='word_1_505' title='bbox 3056 920 3151 974; x_wconf 77' lang='grc' dir='ltr'>καὶ</span> <span class='ocrx_word' id='word_1_506' title='bbox 3185 916 3489 990; x_wconf 86' lang='grc' dir='ltr'>τηλικαῦτα</span> <span class='ocrx_word' id='word_1_507' title='bbox 3515 917 3675 986; x_wconf 82' lang='grc' dir='ltr'>ποιή-</span> 
     </span>
    </p>
   </div>
   <div class='ocr_carea' id='block_1_67' title="bbox 2105 1004 3674 1082">
    <p class='ocr_par' dir='ltr' id='par_1_67' title="bbox 2105 1004 3674 1082">
     <span class='ocr_line' id='line_1_67' title="bbox 2105 1004 3674 1082; baseline -0.009 -11"><span class='ocrx_word' id='word_1_508' title='bbox 2105 1021 2203 1070; x_wconf 83' lang='grc' dir='ltr'>σας</span> <span class='ocrx_word' id='word_1_509' title='bbox 2229 1008 2370 1079; x_wconf 78' lang='grc' dir='ltr'>ὑπὲρ</span> <span class='ocrx_word' id='word_1_510' title='bbox 2392 1012 2490 1079; x_wconf 82' lang='grc' dir='ltr'>τῆς</span> <span class='ocrx_word' id='word_1_511' title='bbox 2508 1012 2780 1081; x_wconf 85' lang='grc' dir='ltr'>σωτηρίας</span> <span class='ocrx_word' id='word_1_512' title='bbox 2801 1012 2899 1082; x_wconf 81' lang='grc' dir='ltr'>τῆς</span> <span class='ocrx_word' id='word_1_513' title='bbox 2913 1011 3021 1064; x_wconf 88' lang='grc' dir='ltr'>τῶν</span> <span class='ocrx_word' id='word_1_514' title='bbox 3041 1011 3363 1081; x_wconf 82' lang='grc' dir='ltr'>ἀνθρώπων,</span> <span class='ocrx_word' id='word_1_515' title='bbox 3386 1008 3483 1062; x_wconf 73' lang='grc' dir='ltr'>καὶ</span> <span class='ocrx_word' id='word_1_516' title='bbox 3509 1004 3674 1059; x_wconf 76' lang='grc' dir='ltr'>παντὶ</span> 
     </span>
    </p>
   </div>
   <div class='ocr_carea' id='block_1_68' title="bbox 2100 1098 3672 1170">
    <p class='ocr_par' dir='ltr' id='par_1_68' title="bbox 2100 1098 3672 1170">
     <span class='ocr_line' id='line_1_68' title="bbox 2100 1098 3672 1170; baseline -0.001 -19"><span class='ocrx_word' id='word_1_517' title='bbox 2100 1099 2289 1170; x_wconf 87' lang='grc' dir='ltr'>τρόπῳ</span> <span class='ocrx_word' id='word_1_518' title='bbox 2317 1103 2611 1167; x_wconf 84' lang='grc' dir='ltr'>παιδεύσας</span> <span class='ocrx_word' id='word_1_519' title='bbox 2637 1105 2850 1170; x_wconf 75' lang='grc' dir='ltr'>αὐτοὺς,</span> <span class='ocrx_word' id='word_1_520' title='bbox 2882 1105 2977 1158; x_wconf 80' lang='grc' dir='ltr'>καὶ</span> <span class='ocrx_word' id='word_1_521' title='bbox 3007 1104 3275 1157; x_wconf 80' lang='grc' dir='ltr'>παιδεύων</span> <span class='ocrx_word' id='word_1_522' title='bbox 3303 1103 3383 1164; x_wconf 88' lang='grc' dir='ltr'>είς</span> <span class='ocrx_word' id='word_1_523' title='bbox 3425 1100 3524 1170; x_wconf 77' lang='grc' dir='ltr'>τὴν</span> <span class='ocrx_word' id='word_1_524' title='bbox 3553 1098 3672 1152; x_wconf 79' lang='grc' dir='ltr'>θεο-</span> 
     </span>
    </p>
   </div>
   <div class='ocr_carea' id='block_1_69' title="bbox 2101 1184 3669 1262">
    <p class='ocr_par' dir='ltr' id='par_1_69' title="bbox 2101 1184 3669 1262">
     <span class='ocr_line' id='line_1_69' title="bbox 2101 1184 3669 1262; baseline -0.003 -23"><span class='ocrx_word' id='word_1_525' title='bbox 2101 1187 2340 1255; x_wconf 84' lang='grc' dir='ltr'>γνωσίαν</span> <span class='ocrx_word' id='word_1_526' title='bbox 2383 1190 2477 1243; x_wconf 75' lang='grc' dir='ltr'>καὶ</span> <span class='ocrx_word' id='word_1_527' title='bbox 2505 1190 2605 1262; x_wconf 83' lang='grc' dir='ltr'>τὴν</span> <span class='ocrx_word' id='word_1_528' title='bbox 2648 1192 2822 1262; x_wconf 81' lang='grc' dir='ltr'>ἄκραν</span> <span class='ocrx_word' id='word_1_529' title='bbox 2855 1190 3190 1261; x_wconf 69' lang='grc' dir='ltr'>φιλοσοφίαν,</span> <span class='ocrx_word' id='word_1_530' title='bbox 3236 1189 3331 1243; x_wconf 72' lang='grc' dir='ltr'>καὶ</span> <span class='ocrx_word' id='word_1_531' title='bbox 3360 1184 3669 1256; x_wconf 87' lang='grc' dir='ltr'>διακρατῶν</span> 
     </span>
    </p>
   </div>
   <div class='ocr_carea' id='block_1_70' title="bbox 2101 1274 3749 1357">
    <p class='ocr_par' dir='ltr' id='par_1_70' title="bbox 2101 1274 3749 1357">
     <span class='ocr_line' id='line_1_70' title="bbox 2101 1274 3749 1357; baseline -0.004 -24"><span class='ocrx_word' id='word_1_532' title='bbox 2101 1281 2279 1335; x_wconf 78' lang='grc' dir='ltr'>αὐτῶν</span> <span class='ocrx_word' id='word_1_533' title='bbox 2307 1282 2403 1354; x_wconf 82' lang='grc' dir='ltr'>τὴν</span> <span class='ocrx_word' id='word_1_534' title='bbox 2438 1282 2606 1357; x_wconf 79' lang='grc' dir='ltr'>ζωὴν,</span> <span class='ocrx_word' id='word_1_535' title='bbox 2644 1285 2705 1337; x_wconf 85' lang='grc' dir='ltr'>ού</span> <span class='ocrx_word' id='word_1_536' title='bbox 2747 1285 2886 1339; x_wconf 79' lang='grc' dir='ltr'>κατά</span> <span class='ocrx_word' id='word_1_537' title='bbox 2922 1284 3140 1355; x_wconf 77' lang='grc' dir='ltr'>ὀφειλὴν</span> <span class='ocrx_word' id='word_1_538' title='bbox 3176 1281 3335 1336; x_wconf 90' lang='grc' dir='ltr'>τοῦτο</span> <span class='ocrx_word' id='word_1_539' title='bbox 3378 1274 3670 1351; x_wconf 79' lang='grc' dir='ltr'>ἐργάζεται</span> <span class='ocrx_word' id='word_1_540' title='bbox 3726 1315 3749 1341; x_wconf 73' lang='grc'>,</span> 
     </span>
    </p>
   </div>
   <div class='ocr_carea' id='block_1_71' title="bbox 2102 1367 3669 1450">
    <p class='ocr_par' dir='ltr' id='par_1_71' title="bbox 2102 1367 3669 1450">
     <span class='ocr_line' id='line_1_71' title="bbox 2102 1367 3669 1450; baseline -0.015 -7"><span class='ocrx_word' id='word_1_541' title='bbox 2102 1376 2268 1447; x_wconf 81' lang='grc' dir='ltr'>(ὅπερ</span> <span class='ocrx_word' id='word_1_542' title='bbox 2303 1377 2530 1449; x_wconf 78' lang='grc' dir='ltr'>μεγίστη</span> <span class='ocrx_word' id='word_1_543' title='bbox 2561 1378 2718 1450; x_wconf 84' lang='grc' dir='ltr'>χάρις</span> <span class='ocrx_word' id='word_1_544' title='bbox 2749 1379 2943 1444; x_wconf 69' lang='grc' dir='ltr'>ἐστὶν),</span> <span class='ocrx_word' id='word_1_545' title='bbox 2981 1374 3118 1430; x_wconf 88' lang='grc' dir='ltr'>ἀλλά</span> <span class='ocrx_word' id='word_1_546' title='bbox 3160 1375 3226 1428; x_wconf 79' lang='grc' dir='ltr'>δι’</span> <span class='ocrx_word' id='word_1_547' title='bbox 3255 1373 3400 1426; x_wconf 78' lang='grc' dir='ltr'>ἔλεον</span> <span class='ocrx_word' id='word_1_548' title='bbox 3426 1372 3518 1425; x_wconf 75' lang='grc' dir='ltr'>καὶ</span> <span class='ocrx_word' id='word_1_549' title='bbox 3552 1367 3669 1437; x_wconf 78' lang='grc' dir='ltr'>φιλ-</span> 
     </span>
    </p>
   </div>
   <div class='ocr_carea' id='block_1_72' title="bbox 2092 1456 3669 1542">
    <p class='ocr_par' dir='ltr' id='par_1_72' title="bbox 2092 1456 3669 1542">
     <span class='ocr_line' id='line_1_72' title="bbox 2092 1456 3669 1542; baseline -0.004 -25"><span class='ocrx_word' id='word_1_550' title='bbox 2092 1464 2433 1542; x_wconf 68' lang='grc' dir='ltr'>μνορωπίαν,</span> <span class='ocrx_word' id='word_1_551' title='bbox 2476 1468 2573 1537; x_wconf 82' lang='grc' dir='ltr'>οὐχ</span> <span class='ocrx_word' id='word_1_552' title='bbox 2602 1468 2677 1532; x_wconf 86' lang='grc' dir='ltr'>ὡς</span> <span class='ocrx_word' id='word_1_553' title='bbox 2717 1468 2878 1532; x_wconf 76' lang='grc' dir='ltr'>αὐτὸς</span> <span class='ocrx_word' id='word_1_554' title='bbox 2922 1468 3172 1538; x_wconf 87' lang='grc' dir='ltr'>δεόμενος</span> <span class='ocrx_word' id='word_1_555' title='bbox 3194 1463 3392 1530; x_wconf 82' lang='grc' dir='ltr'>αὐτῶν,</span> <span class='ocrx_word' id='word_1_556' title='bbox 3431 1458 3568 1516; x_wconf 88' lang='grc' dir='ltr'>ἀλλά</span> <span class='ocrx_word' id='word_1_557' title='bbox 3601 1456 3669 1511; x_wconf 84' lang='grc' dir='ltr'>δι’</span> 
     </span>
    </p>
   </div>
   <div class='ocr_carea' id='block_1_73' title="bbox 2099 1553 3670 1630">
    <p class='ocr_par' dir='ltr' id='par_1_73' title="bbox 2099 1553 3670 1630">
     <span class='ocr_line' id='line_1_73' title="bbox 2099 1553 3670 1630; baseline 0 -21"><span class='ocrx_word' id='word_1_558' title='bbox 2099 1557 2408 1629; x_wconf 86' lang='grc' dir='ltr'>ἀγαθότητα</span> <span class='ocrx_word' id='word_1_559' title='bbox 2442 1559 2631 1629; x_wconf 89' lang='grc' dir='ltr'>μόνην.</span> <span class='ocrx_word' id='word_1_560' title='bbox 2663 1559 2904 1630; x_wconf 69' lang='grc' dir='ltr'>Τροφὴν</span> <span class='ocrx_word' id='word_1_561' title='bbox 2926 1560 3108 1613; x_wconf 79' lang='grc' dir='ltr'>ἔδωκε</span> <span class='ocrx_word' id='word_1_562' title='bbox 3138 1557 3263 1625; x_wconf 80' lang='grc' dir='ltr'>τοῖς</span> <span class='ocrx_word' id='word_1_563' title='bbox 3281 1553 3670 1627; x_wconf 65' lang='grc' dir='ltr'>φοϐουμένοις</span> 
     </span>
    </p>
   </div>
   <div class='ocr_carea' id='block_1_74' title="bbox 2098 1644 3668 1722">
    <p class='ocr_par' dir='ltr' id='par_1_74' title="bbox 2098 1644 3668 1722">
     <span class='ocr_line' id='line_1_74' title="bbox 2098 1644 3668 1722; baseline -0.002 -21"><span class='ocrx_word' id='word_1_564' title='bbox 2098 1649 2304 1703; x_wconf 79' lang='grc' dir='ltr'>αὐτόν.</span> <span class='ocrx_word' id='word_1_565' title='bbox 2329 1649 2372 1700; x_wconf 88' lang='grc' dir='ltr'><strong>Τ</strong></span> <span class='ocrx_word' id='word_1_566' title='bbox 2378 1649 2482 1712; x_wconf 91' lang='grc' dir='ltr'>ίνος</span> <span class='ocrx_word' id='word_1_567' title='bbox 2509 1651 2693 1704; x_wconf 69' lang='grc' dir='ltr'>ἕνεκεν</span> <span class='ocrx_word' id='word_1_568' title='bbox 2717 1652 2841 1715; x_wconf 77' lang='grc' dir='ltr'>τοὺς</span> <span class='ocrx_word' id='word_1_569' title='bbox 2858 1650 3220 1722; x_wconf 90' lang='grc' dir='ltr'>φοϐουμένους</span> <span class='ocrx_word' id='word_1_570' title='bbox 3244 1647 3476 1702; x_wconf 81' lang='grc' dir='ltr'>ἐνταῦθα</span> <span class='ocrx_word' id='word_1_571' title='bbox 3500 1644 3668 1698; x_wconf 88' lang='grc' dir='ltr'>τέθει-</span> 
     </span>
    </p>
   </div>
   <div class='ocr_carea' id='block_1_75' title="bbox 2099 1735 3669 1811">
    <p class='ocr_par' dir='ltr' id='par_1_75' title="bbox 2099 1735 3669 1811">
     <span class='ocr_line' id='line_1_75' title="bbox 2099 1735 3669 1811; baseline -0.001 -21"><span class='ocrx_word' id='word_1_572' title='bbox 2099 1753 2226 1803; x_wconf 89' lang='grc' dir='ltr'>κεν;</span> <span class='ocrx_word' id='word_1_573' title='bbox 2263 1739 2338 1792; x_wconf 88' lang='grc' dir='ltr'>Οὐ</span> <span class='ocrx_word' id='word_1_574' title='bbox 2360 1739 2471 1809; x_wconf 90' lang='grc' dir='ltr'>γάρ</span> <span class='ocrx_word' id='word_1_575' title='bbox 2493 1738 2557 1811; x_wconf 80' lang='grc' dir='ltr'>δὴ</span> <span class='ocrx_word' id='word_1_576' title='bbox 2607 1740 2798 1811; x_wconf 86' lang='grc' dir='ltr'>μόνους</span> <span class='ocrx_word' id='word_1_577' title='bbox 2835 1742 3031 1804; x_wconf 79' lang='grc' dir='ltr'>αὐτοὺς</span> <span class='ocrx_word' id='word_1_578' title='bbox 3060 1741 3269 1811; x_wconf 84' lang='grc' dir='ltr'>τρέφει.</span> <span class='ocrx_word' id='word_1_579' title='bbox 3313 1739 3422 1792; x_wconf 73' lang='grc' dir='ltr'>Καὶ</span> <span class='ocrx_word' id='word_1_580' title='bbox 3474 1735 3582 1806; x_wconf 90' lang='grc' dir='ltr'>γάρ</span> <span class='ocrx_word' id='word_1_581' title='bbox 3608 1737 3669 1788; x_wconf 88' lang='grc' dir='ltr'>ἐν</span> 
     </span>
    </p>
   </div>
   <div class='ocr_carea' id='block_1_76' title="bbox 2096 1823 3667 1900">
    <p class='ocr_par' dir='ltr' id='par_1_76' title="bbox 2096 1823 3667 1900">
     <span class='ocr_line' id='line_1_76' title="bbox 2096 1823 3667 1900; baseline -0.003 -20"><span class='ocrx_word' id='word_1_582' title='bbox 2096 1828 2174 1897; x_wconf 83' lang='grc' dir='ltr'>τῷ</span> <span class='ocrx_word' id='word_1_583' title='bbox 2201 1827 2716 1900; x_wconf 74' lang='grc' dir='ltr'>Εὐαγγελίῳφησὶν,</span> <span class='ocrx_word' id='word_1_584' title='bbox 2749 1828 2869 1882; x_wconf 85' lang='grc' dir='ltr'>Ὅτι</span> <span class='ocrx_word' id='word_1_585' title='bbox 2899 1829 3215 1883; x_wconf 71' lang='grc' dir='ltr'>ἀνατέλλει</span> <span class='ocrx_word' id='word_1_586' title='bbox 3238 1825 3346 1880; x_wconf 85' lang='grc' dir='ltr'>τὸν</span> <span class='ocrx_word' id='word_1_587' title='bbox 3379 1824 3553 1892; x_wconf 75' lang='grc' dir='ltr'>ἥλιον</span> <span class='ocrx_word' id='word_1_588' title='bbox 3567 1823 3667 1877; x_wconf 73' lang='grc' dir='ltr'>ἐπί</span> 
     </span>
    </p>
   </div>
   <div class='ocr_carea' id='block_1_77' title="bbox 2096 1914 3666 1987">
    <p class='ocr_par' dir='ltr' id='par_1_77' title="bbox 2096 1914 3666 1987">
     <span class='ocr_line' id='line_1_77' title="bbox 2096 1914 3666 1987; baseline -0.001 -19"><span class='ocrx_word' id='word_1_589' title='bbox 2096 1916 2399 1983; x_wconf 82' lang='grc' dir='ltr'>πονηροὺς</span> <span class='ocrx_word' id='word_1_590' title='bbox 2430 1917 2530 1971; x_wconf 82' lang='grc' dir='ltr'>καὶ</span> <span class='ocrx_word' id='word_1_591' title='bbox 2576 1917 2853 1987; x_wconf 74' lang='grc' dir='ltr'>ἀγαθοὺς,</span> <span class='ocrx_word' id='word_1_592' title='bbox 2889 1917 2987 1971; x_wconf 81' lang='grc' dir='ltr'>καί</span> <span class='ocrx_word' id='word_1_593' title='bbox 3023 1917 3230 1986; x_wconf 78' lang='grc' dir='ltr'>βρέχει</span> <span class='ocrx_word' id='word_1_594' title='bbox 3268 1916 3366 1969; x_wconf 78' lang='grc' dir='ltr'>ἐπὶ</span> <span class='ocrx_word' id='word_1_595' title='bbox 3399 1914 3666 1979; x_wconf 79' lang='grc' dir='ltr'>δικαίους</span> 
     </span>
    </p>
   </div>
   <div class='ocr_carea' id='block_1_78' title="bbox 2097 1996 3663 2077">
    <p class='ocr_par' dir='ltr' id='par_1_78' title="bbox 2097 1996 3663 2077">
     <span class='ocr_line' id='line_1_78' title="bbox 2097 1996 3663 2077; baseline -0.003 -15"><span class='ocrx_word' id='word_1_596' title='bbox 2097 2007 2196 2062; x_wconf 79' lang='grc' dir='ltr'>καὶ</span> <span class='ocrx_word' id='word_1_597' title='bbox 2223 1996 2488 2075; x_wconf 77' lang='grc' dir='ltr'>ἀδίκους.</span> <span class='ocrx_word' id='word_1_598' title='bbox 2542 2006 2666 2072; x_wconf 85' lang='grc' dir='ltr'>Πῶς</span> <span class='ocrx_word' id='word_1_599' title='bbox 2695 2004 2785 2062; x_wconf 73' lang='grc' dir='ltr'>οὖν</span> <span class='ocrx_word' id='word_1_600' title='bbox 2812 2005 2954 2073; x_wconf 74' lang='grc' dir='ltr'>εἷπε,</span> <span class='ocrx_word' id='word_1_601' title='bbox 2985 2008 3118 2074; x_wconf 83' lang='grc' dir='ltr'>Τοῖς</span> <span class='ocrx_word' id='word_1_602' title='bbox 3145 2003 3536 2077; x_wconf 66' lang='grc' dir='ltr'>φοϐουμένοις</span> <span class='ocrx_word' id='word_1_603' title='bbox 3554 2005 3663 2057; x_wconf 72' lang='grc' dir='ltr'>αὑ-</span> 
     </span>
    </p>
   </div>
   <div class='ocr_carea' id='block_1_79' title="bbox 2097 2081 3664 2167">
    <p class='ocr_par' dir='ltr' id='par_1_79' title="bbox 2097 2081 3664 2167">
     <span class='ocr_line' id='line_1_79' title="bbox 2097 2081 3664 2167; baseline -0.006 -18"><span class='ocrx_word' id='word_1_604' title='bbox 2097 2097 2203 2149; x_wconf 79' lang='grc' dir='ltr'>τόν</span> <span class='ocrx_word' id='word_1_605' title='bbox 2227 2113 2244 2159; x_wconf 89' lang='lat'><strong><em>;</em></strong></span> <span class='ocrx_word' id='word_1_606' title='bbox 2274 2081 2489 2167; x_wconf 76' lang='grc' dir='ltr'>Τροφὴν</span> <span class='ocrx_word' id='word_1_607' title='bbox 2516 2096 2748 2151; x_wconf 86' lang='grc' dir='ltr'>ἐνταῦθα</span> <span class='ocrx_word' id='word_1_608' title='bbox 2775 2097 2920 2149; x_wconf 84' lang='grc' dir='ltr'>δοκεῖ</span> <span class='ocrx_word' id='word_1_609' title='bbox 2946 2112 3036 2166; x_wconf 90' lang='grc' dir='ltr'>μοι</span> <span class='ocrx_word' id='word_1_610' title='bbox 3060 2094 3239 2161; x_wconf 81' lang='grc' dir='ltr'>λέγειν</span> <span class='ocrx_word' id='word_1_611' title='bbox 3259 2093 3320 2146; x_wconf 88' lang='grc' dir='ltr'>ού</span> <span class='ocrx_word' id='word_1_612' title='bbox 3346 2090 3444 2162; x_wconf 81' lang='grc' dir='ltr'>τὴν</span> <span class='ocrx_word' id='word_1_613' title='bbox 3482 2105 3664 2158; x_wconf 83' lang='grc' dir='ltr'>σωμα-</span> 
     </span>
    </p>
   </div>
   <div class='ocr_carea' id='block_1_80' title="bbox 2095 2178 3662 2256">
    <p class='ocr_par' dir='ltr' id='par_1_80' title="bbox 2095 2178 3662 2256">
     <span class='ocr_line' id='line_1_80' title="bbox 2095 2178 3662 2256; baseline -0.004 -20"><span class='ocrx_word' id='word_1_614' title='bbox 2095 2181 2271 2255; x_wconf 76' lang='grc' dir='ltr'>τικὴν,</span> <span class='ocrx_word' id='word_1_615' title='bbox 2301 2184 2435 2239; x_wconf 89' lang='grc' dir='ltr'>ἀλλά</span> <span class='ocrx_word' id='word_1_616' title='bbox 2454 2185 2553 2256; x_wconf 82' lang='grc' dir='ltr'>τὴν</span> <span class='ocrx_word' id='word_1_617' title='bbox 2574 2185 2673 2254; x_wconf 81' lang='grc' dir='ltr'>τῆς</span> <span class='ocrx_word' id='word_1_618' title='bbox 2696 2184 2894 2255; x_wconf 76' lang='grc' dir='ltr'>ψυχῆς.</span> <span class='ocrx_word' id='word_1_619' title='bbox 2950 2180 3049 2237; x_wconf 84' lang='grc' dir='ltr'>Διά</span> <span class='ocrx_word' id='word_1_620' title='bbox 3078 2182 3234 2235; x_wconf 89' lang='grc' dir='ltr'>τοῦτο</span> <span class='ocrx_word' id='word_1_621' title='bbox 3263 2186 3356 2235; x_wconf 78' lang='grc' dir='ltr'>καὶ</span> <span class='ocrx_word' id='word_1_622' title='bbox 3392 2180 3522 2250; x_wconf 73' lang='grc' dir='ltr'>περὶ</span> <span class='ocrx_word' id='word_1_623' title='bbox 3552 2178 3662 2231; x_wconf 88' lang='grc' dir='ltr'>τῶν</span> 
     </span>
    </p>
   </div>
   <div class='ocr_carea' id='block_1_81' title="bbox 2097 2268 3673 2347">
    <p class='ocr_par' dir='ltr' id='par_1_81' title="bbox 2097 2268 3673 2347">
     <span class='ocr_line' id='line_1_81' title="bbox 2097 2268 3673 2347; baseline -0.001 -21"><span class='ocrx_word' id='word_1_624' title='bbox 2097 2275 2259 2340; x_wconf 82' lang='grc' dir='ltr'>φοϐου</span> <span class='ocrx_word' id='word_1_625' title='bbox 2268 2276 2444 2347; x_wconf 86' lang='grc' dir='ltr'>μένων</span> <span class='ocrx_word' id='word_1_626' title='bbox 2464 2276 2765 2345; x_wconf 76' lang='grc' dir='ltr'>διαλέγεται</span> <span class='ocrx_word' id='word_1_627' title='bbox 2791 2275 2948 2347; x_wconf 85' lang='grc' dir='ltr'>μόνον</span> <span class='ocrx_word' id='word_1_628' title='bbox 2962 2291 2975 2304; x_wconf 90' lang='grc'><strong>·</strong></span> <span class='ocrx_word' id='word_1_629' title='bbox 3000 2273 3136 2346; x_wconf 84' lang='grc' dir='ltr'>α’ύτη</span> <span class='ocrx_word' id='word_1_630' title='bbox 3161 2274 3266 2345; x_wconf 81' lang='grc' dir='ltr'>γὰρ</span> <span class='ocrx_word' id='word_1_631' title='bbox 3287 2271 3495 2335; x_wconf 83' lang='grc' dir='ltr'>τούτοις</span> <span class='ocrx_word' id='word_1_632' title='bbox 3515 2268 3673 2325; x_wconf 68' lang='grc' dir='ltr'>ἐστῖν</span> 
     </span>
    </p>
   </div>
   <div class='ocr_carea' id='block_1_82' title="bbox 2095 2362 3665 2441">
    <p class='ocr_par' dir='ltr' id='par_1_82' title="bbox 2095 2362 3665 2441">
     <span class='ocr_line' id='line_1_82' title="bbox 2095 2362 3665 2441; baseline -0.004 -19"><span class='ocrx_word' id='word_1_633' title='bbox 2095 2368 2469 2440; x_wconf 81' lang='grc' dir='ltr'>ἀφωρισμένη.</span> <span class='ocrx_word' id='word_1_634' title='bbox 2501 2370 2708 2439; x_wconf 86' lang='grc' dir='ltr'>Ὥσπερ</span> <span class='ocrx_word' id='word_1_635' title='bbox 2731 2369 2839 2441; x_wconf 86' lang='grc' dir='ltr'>γὰρ</span> <span class='ocrx_word' id='word_1_636' title='bbox 2872 2370 3129 2441; x_wconf 86' lang='grc' dir='ltr'>τρέφεται</span> <span class='ocrx_word' id='word_1_637' title='bbox 3158 2368 3332 2438; x_wconf 88' lang='grc' dir='ltr'>σῶμα,</span> <span class='ocrx_word' id='word_1_638' title='bbox 3364 2364 3503 2418; x_wconf 75' lang='grc' dir='ltr'>οὕτω</span> <span class='ocrx_word' id='word_1_639' title='bbox 3538 2362 3665 2435; x_wconf 55' lang='grc' dir='ltr'>τρέφ-</span> 
     </span>
    </p>
   </div>
   <div class='ocr_carea' id='block_1_83' title="bbox 2094 2453 3662 2530">
    <p class='ocr_par' dir='ltr' id='par_1_83' title="bbox 2094 2453 3662 2530">
     <span class='ocr_line' id='line_1_83' title="bbox 2094 2453 3662 2530; baseline -0.003 -19"><span class='ocrx_word' id='word_1_640' title='bbox 2094 2474 2250 2526; x_wconf 84' lang='grc' dir='ltr'>φεται</span> <span class='ocrx_word' id='word_1_641' title='bbox 2288 2458 2382 2511; x_wconf 72' lang='grc' dir='ltr'>καὶ</span> <span class='ocrx_word' id='word_1_642' title='bbox 2413 2458 2579 2529; x_wconf 77' lang='grc' dir='ltr'>ψυχή.</span> <span class='ocrx_word' id='word_1_643' title='bbox 2622 2460 2730 2512; x_wconf 87' lang='lat' dir='ltr'>Kal</span> <span class='ocrx_word' id='word_1_644' title='bbox 2765 2459 2846 2511; x_wconf 81' lang='grc' dir='ltr'>ὅτι</span> <span class='ocrx_word' id='word_1_645' title='bbox 2878 2459 3136 2530; x_wconf 81' lang='grc' dir='ltr'>τρέφεται</span> <span class='ocrx_word' id='word_1_646' title='bbox 3183 2458 3378 2511; x_wconf 88' lang='grc' dir='ltr'>ἀκουε·</span> <span class='ocrx_word' id='word_1_647' title='bbox 3421 2458 3542 2510; x_wconf 81' lang='grc' dir='ltr'>Οὐκ</span> <span class='ocrx_word' id='word_1_648' title='bbox 3567 2453 3662 2506; x_wconf 78' lang='grc' dir='ltr'>ἐπ’</span> 
     </span>
    </p>
   </div>
   <div class='ocr_carea' id='block_1_84' title="bbox 2093 2546 3666 2620">
    <p class='ocr_par' dir='ltr' id='par_1_84' title="bbox 2093 2546 3666 2620">
     <span class='ocr_line' id='line_1_84' title="bbox 2093 2546 3666 2620; baseline -0.003 -18"><span class='ocrx_word' id='word_1_649' title='bbox 2093 2550 2246 2618; x_wconf 75' lang='grc' dir='ltr'>ἄρτῳ</span> <span class='ocrx_word' id='word_1_650' title='bbox 2278 2552 2445 2620; x_wconf 83' lang='grc' dir='ltr'>μόνῳ</span> <span class='ocrx_word' id='word_1_651' title='bbox 2483 2548 2719 2618; x_wconf 82' lang='grc' dir='ltr'>ζήσεται</span> <span class='ocrx_word' id='word_1_652' title='bbox 2762 2550 3098 2619; x_wconf 73' lang='grc' dir='ltr'>ἄνθρωπος,</span> <span class='ocrx_word' id='word_1_653' title='bbox 3154 2548 3292 2603; x_wconf 74' lang='grc' dir='ltr'>ἀλλ’</span> <span class='ocrx_word' id='word_1_654' title='bbox 3335 2547 3434 2601; x_wconf 77' lang='grc' dir='ltr'>ἐπὶ</span> <span class='ocrx_word' id='word_1_655' title='bbox 3482 2546 3666 2600; x_wconf 72' lang='grc' dir='ltr'>παντὶ-</span> 
     </span>
    </p>
   </div>
   <div class='ocr_carea' id='block_1_85' title="bbox 2088 2637 3661 2711">
    <p class='ocr_par' dir='ltr' id='par_1_85' title="bbox 2088 2637 3661 2711">
     <span class='ocr_line' id='line_1_85' title="bbox 2088 2637 3661 2711; baseline -0.006 -14"><span class='ocrx_word' id='word_1_656' title='bbox 2088 2641 2304 2711; x_wconf 74' lang='grc' dir='ltr'>ῥήματι</span> <span class='ocrx_word' id='word_1_657' title='bbox 2329 2641 2775 2711; x_wconf 66' lang='grc' dir='ltr'>ἐκπορευομένῳ</span> <span class='ocrx_word' id='word_1_658' title='bbox 2794 2641 2890 2696; x_wconf 83' lang='grc' dir='ltr'>διὰ</span> <span class='ocrx_word' id='word_1_659' title='bbox 2916 2644 3212 2711; x_wconf 85' lang='grc' dir='ltr'>στόματος</span> <span class='ocrx_word' id='word_1_660' title='bbox 3238 2639 3404 2694; x_wconf 85' lang='grc' dir='ltr'>Θεοῦ.</span> <span class='ocrx_word' id='word_1_661' title='bbox 3444 2637 3661 2707; x_wconf 77' lang='grc' dir='ltr'>Ταύτην</span> 
     </span>
    </p>
   </div>
   <div class='ocr_carea' id='block_1_86' title="bbox 2091 2729 3660 2804">
    <p class='ocr_par' dir='ltr' id='par_1_86' title="bbox 2091 2729 3660 2804">
     <span class='ocr_line' id='line_1_86' title="bbox 2091 2729 3660 2804; baseline -0.003 -19"><span class='ocrx_word' id='word_1_662' title='bbox 2091 2729 2183 2786; x_wconf 81' lang='grc' dir='ltr'>οὖν</span> <span class='ocrx_word' id='word_1_663' title='bbox 2209 2733 2356 2800; x_wconf 84' lang='grc' dir='ltr'>λέγει</span> <span class='ocrx_word' id='word_1_664' title='bbox 2393 2733 2491 2803; x_wconf 81' lang='grc' dir='ltr'>τὴν</span> <span class='ocrx_word' id='word_1_665' title='bbox 2527 2731 2750 2803; x_wconf 73' lang='grc' dir='ltr'>τροφὴν,</span> <span class='ocrx_word' id='word_1_666' title='bbox 2786 2732 2852 2804; x_wconf 80' lang='grc' dir='ltr'>ἣν</span> <span class='ocrx_word' id='word_1_667' title='bbox 2890 2731 3181 2803; x_wconf 79' lang='grc' dir='ltr'>ἐξαιρέτως</span> <span class='ocrx_word' id='word_1_668' title='bbox 3224 2730 3392 2784; x_wconf 74' lang='grc' dir='ltr'>ἔδωκε</span> <span class='ocrx_word' id='word_1_669' title='bbox 3419 2731 3533 2792; x_wconf 74' lang='grc' dir='ltr'>τοῖς</span> <span class='ocrx_word' id='word_1_670' title='bbox 3561 2744 3660 2798; x_wconf 59' lang='grc' dir='ltr'>φο»</span> 
     </span>
    </p>
   </div>
   <div class='ocr_carea' id='block_1_87' title="bbox 2092 2819 3661 2896">
    <p class='ocr_par' dir='ltr' id='par_1_87' title="bbox 2092 2819 3661 2896">
     <span class='ocr_line' id='line_1_87' title="bbox 2092 2819 3661 2896; baseline -0.004 -20"><span class='ocrx_word' id='word_1_671' title='bbox 2092 2824 2373 2894; x_wconf 86' lang='grc' dir='ltr'>ϐουμένοις</span> <span class='ocrx_word' id='word_1_672' title='bbox 2400 2823 2581 2887; x_wconf 72' lang='grc' dir='ltr'>αὑτὸν,</span> <span class='ocrx_word' id='word_1_673' title='bbox 2613 2824 2711 2896; x_wconf 85' lang='grc' dir='ltr'>τὴν</span> <span class='ocrx_word' id='word_1_674' title='bbox 2733 2822 2821 2877; x_wconf 83' lang='grc' dir='ltr'>διὰ</span> <span class='ocrx_word' id='word_1_675' title='bbox 2851 2823 2943 2878; x_wconf 85' lang='grc' dir='ltr'>τοῦ</span> <span class='ocrx_word' id='word_1_676' title='bbox 2975 2823 3134 2891; x_wconf 92' lang='grc' dir='ltr'>λόγου</span> <span class='ocrx_word' id='word_1_677' title='bbox 3169 2820 3533 2882; x_wconf 81' lang='grc' dir='ltr'>διδασκαλίαν,</span> <span class='ocrx_word' id='word_1_678' title='bbox 3561 2819 3661 2890; x_wconf 79' lang='grc' dir='ltr'>τὴν</span> 
     </span>
    </p>
   </div>
   <div class='ocr_carea' id='block_1_88' title="bbox 2091 2908 3662 2985">
    <p class='ocr_par' dir='ltr' id='par_1_88' title="bbox 2091 2908 3662 2985">
     <span class='ocr_line' id='line_1_88' title="bbox 2091 2908 3662 2985; baseline -0.002 -19"><span class='ocrx_word' id='word_1_679' title='bbox 2091 2913 2390 2977; x_wconf 84' lang='grc' dir='ltr'>παίδευσιν,</span> <span class='ocrx_word' id='word_1_680' title='bbox 2433 2912 2531 2985; x_wconf 80' lang='grc' dir='ltr'>τὴν</span> <span class='ocrx_word' id='word_1_681' title='bbox 2578 2913 2894 2981; x_wconf 81' lang='grc' dir='ltr'>φιλοσοφίαν</span> <span class='ocrx_word' id='word_1_682' title='bbox 2940 2911 3174 2967; x_wconf 75' lang='grc' dir='ltr'>ἃπασαν.</span> <span class='ocrx_word' id='word_1_683' title='bbox 3232 2908 3662 2977; x_wconf 75' lang='grc' dir='ltr'>Μνησθήσεταο</span> 
     </span>
    </p>
   </div>
   <div class='ocr_carea' id='block_1_89' title="bbox 2089 3001 3665 3070">
    <p class='ocr_par' dir='ltr' id='par_1_89' title="bbox 2089 3001 3665 3070">
     <span class='ocr_line' id='line_1_89' title="bbox 2089 3001 3665 3070; baseline -0.003 -13"><span class='ocrx_word' id='word_1_684' title='bbox 2089 3006 2176 3070; x_wconf 82' lang='grc' dir='ltr'>είς</span> <span class='ocrx_word' id='word_1_685' title='bbox 2202 3004 2310 3057; x_wconf 85' lang='grc' dir='ltr'>τὸν</span> <span class='ocrx_word' id='word_1_686' title='bbox 2334 3003 2519 3059; x_wconf 81' lang='grc' dir='ltr'>αἰῶνα</span> <span class='ocrx_word' id='word_1_687' title='bbox 2546 3004 2833 3069; x_wconf 78' lang='grc' dir='ltr'>διαθήκης</span> <span class='ocrx_word' id='word_1_688' title='bbox 2853 3003 3058 3058; x_wconf 82' lang='grc' dir='ltr'>αὐτοῦ.</span> <span class='ocrx_word' id='word_1_689' title='bbox 3082 3004 3250 3058; x_wconf 86' lang='grc' dir='ltr'>Πάλιν</span> <span class='ocrx_word' id='word_1_690' title='bbox 3280 3001 3665 3056; x_wconf 82' lang='grc' dir='ltr'>καταστέλλων</span> 
     </span>
    </p>
   </div>
   <div class='ocr_carea' id='block_1_90' title="bbox 2087 3092 3658 3167">
    <p class='ocr_par' dir='ltr' id='par_1_90' title="bbox 2087 3092 3658 3167">
     <span class='ocr_line' id='line_1_90' title="bbox 2087 3092 3658 3167; baseline -0.001 -20"><span class='ocrx_word' id='word_1_691' title='bbox 2087 3094 2196 3148; x_wconf 89' lang='grc' dir='ltr'>τῶν</span> <span class='ocrx_word' id='word_1_692' title='bbox 2239 3094 2501 3149; x_wconf 86' lang='grc' dir='ltr'>Ἰουδαίων</span> <span class='ocrx_word' id='word_1_693' title='bbox 2549 3095 2647 3167; x_wconf 81' lang='grc' dir='ltr'>τὴν</span> <span class='ocrx_word' id='word_1_694' title='bbox 2688 3095 2974 3160; x_wconf 87' lang='grc' dir='ltr'>ἀπόνοιαν,</span> <span class='ocrx_word' id='word_1_695' title='bbox 3013 3096 3106 3149; x_wconf 76' lang='grc' dir='ltr'>καὶ</span> <span class='ocrx_word' id='word_1_696' title='bbox 3145 3095 3236 3148; x_wconf 82' lang='grc' dir='ltr'>τὸν</span> <span class='ocrx_word' id='word_1_697' title='bbox 3279 3093 3445 3162; x_wconf 83' lang='grc' dir='ltr'>τῦφον</span> <span class='ocrx_word' id='word_1_698' title='bbox 3478 3092 3658 3146; x_wconf 82' lang='grc' dir='ltr'>αὐτῶν</span> 
     </span>
    </p>
   </div>
   <div class='ocr_carea' id='block_1_91' title="bbox 2090 3182 3652 3257">
    <p class='ocr_par' dir='ltr' id='par_1_91' title="bbox 2090 3182 3652 3257">
     <span class='ocr_line' id='line_1_91' title="bbox 2090 3182 3652 3257; baseline -0.002 -17"><span class='ocrx_word' id='word_1_699' title='bbox 2090 3187 2543 3257; x_wconf 85' lang='grc' dir='ltr'>ὑποτεμνόμενος,</span> <span class='ocrx_word' id='word_1_700' title='bbox 2579 3186 2776 3257; x_wconf 79' lang='grc' dir='ltr'>μᾶλλον</span> <span class='ocrx_word' id='word_1_701' title='bbox 2800 3184 2856 3238; x_wconf 88' lang='grc' dir='ltr'>δέ</span> <span class='ocrx_word' id='word_1_702' title='bbox 2888 3186 3121 3250; x_wconf 83' lang='grc' dir='ltr'>δεικνὺς,</span> <span class='ocrx_word' id='word_1_703' title='bbox 3147 3186 3227 3239; x_wconf 83' lang='grc' dir='ltr'>ὅτι</span> <span class='ocrx_word' id='word_1_704' title='bbox 3265 3185 3373 3238; x_wconf 86' lang='grc' dir='ltr'>τῶν</span> <span class='ocrx_word' id='word_1_705' title='bbox 3411 3182 3652 3253; x_wconf 79' lang='grc' dir='ltr'>ἀγαθῶν,</span> 
     </span>
    </p>
   </div>
   <div class='ocr_carea' id='block_1_92' title="bbox 2088 3270 3650 3347">
    <p class='ocr_par' dir='ltr' id='par_1_92' title="bbox 2088 3270 3650 3347">
     <span class='ocr_line' id='line_1_92' title="bbox 2088 3270 3650 3347; baseline -0.003 -17"><span class='ocrx_word' id='word_1_706' title='bbox 2088 3270 2165 3330; x_wconf 84' lang='grc' dir='ltr'>ὧν</span> <span class='ocrx_word' id='word_1_707' title='bbox 2196 3276 2538 3347; x_wconf 86' lang='grc' dir='ltr'>ἀπήλαυσαν,</span> <span class='ocrx_word' id='word_1_708' title='bbox 2567 3275 2627 3329; x_wconf 83' lang='grc' dir='ltr'>ού</span> <span class='ocrx_word' id='word_1_709' title='bbox 2661 3275 2749 3328; x_wconf 87' lang='grc' dir='ltr'>διά</span> <span class='ocrx_word' id='word_1_710' title='bbox 2783 3274 2880 3346; x_wconf 82' lang='grc' dir='ltr'>τὴν</span> <span class='ocrx_word' id='word_1_711' title='bbox 2917 3274 3072 3342; x_wconf 81' lang='grc' dir='ltr'>ἀξίαν</span> <span class='ocrx_word' id='word_1_712' title='bbox 3101 3276 3420 3346; x_wconf 85' lang='grc' dir='ltr'>ἀπήλαυσαν</span> <span class='ocrx_word' id='word_1_713' title='bbox 3445 3273 3544 3343; x_wconf 81' lang='grc' dir='ltr'>τὴν</span> <span class='ocrx_word' id='word_1_714' title='bbox 3575 3275 3650 3326; x_wconf 87' lang='grc' dir='ltr'>οί-</span> 
     </span>
    </p>
   </div>
   <div class='ocr_carea' id='block_1_93' title="bbox 2088 3365 3655 3438">
    <p class='ocr_par' dir='ltr' id='par_1_93' title="bbox 2088 3365 3655 3438">
     <span class='ocr_line' id='line_1_93' title="bbox 2088 3365 3655 3438; baseline -0.001 -18"><span class='ocrx_word' id='word_1_715' title='bbox 2088 3367 2259 3435; x_wconf 85' lang='grc' dir='ltr'>κείαν,</span> <span class='ocrx_word' id='word_1_716' title='bbox 2291 3367 2426 3422; x_wconf 89' lang='grc' dir='ltr'>ἀλλά</span> <span class='ocrx_word' id='word_1_717' title='bbox 2460 3366 2548 3421; x_wconf 85' lang='grc' dir='ltr'>διά</span> <span class='ocrx_word' id='word_1_718' title='bbox 2577 3366 2674 3438; x_wconf 81' lang='grc' dir='ltr'>τὴν</span> <span class='ocrx_word' id='word_1_719' title='bbox 2715 3367 2893 3436; x_wconf 83' lang='grc' dir='ltr'>φιλίαν</span> <span class='ocrx_word' id='word_1_720' title='bbox 2923 3365 3085 3421; x_wconf 85' lang='grc' dir='ltr'>αὐτοῦ</span> <span class='ocrx_word' id='word_1_721' title='bbox 3111 3367 3207 3438; x_wconf 82' lang='grc' dir='ltr'>τὴν</span> <span class='ocrx_word' id='word_1_722' title='bbox 3238 3366 3371 3437; x_wconf 85' lang='grc' dir='ltr'>πρὸς</span> <span class='ocrx_word' id='word_1_723' title='bbox 3399 3367 3524 3430; x_wconf 73' lang='grc' dir='ltr'>τοὺς</span> <span class='ocrx_word' id='word_1_724' title='bbox 3553 3383 3655 3419; x_wconf 79' lang='grc' dir='ltr'>πα-</span> 
     </span>
    </p>
   </div>
   <div class='ocr_carea' id='block_1_94' title="bbox 2086 3460 3655 3533">
    <p class='ocr_par' dir='ltr' id='par_1_94' title="bbox 2086 3460 3655 3533">
     <span class='ocr_line' id='line_1_94' title="bbox 2086 3460 3655 3533; baseline -0.004 -16"><span class='ocrx_word' id='word_1_725' title='bbox 2086 3463 2269 3533; x_wconf 84' lang='grc' dir='ltr'>τέρας,</span> <span class='ocrx_word' id='word_1_726' title='bbox 2292 3461 2386 3515; x_wconf 75' lang='grc' dir='ltr'>καὶ</span> <span class='ocrx_word' id='word_1_727' title='bbox 2412 3461 2511 3526; x_wconf 82' lang='grc' dir='ltr'>τὰς</span> <span class='ocrx_word' id='word_1_728' title='bbox 2553 3461 2828 3532; x_wconf 74' lang='grc' dir='ltr'>συνθήκας</span> <span class='ocrx_word' id='word_1_729' title='bbox 2863 3461 2962 3525; x_wconf 82' lang='grc' dir='ltr'>τάς</span> <span class='ocrx_word' id='word_1_730' title='bbox 2998 3460 3132 3532; x_wconf 81' lang='grc' dir='ltr'>πρὸς</span> <span class='ocrx_word' id='word_1_731' title='bbox 3159 3461 3399 3525; x_wconf 83' lang='grc' dir='ltr'>ἐκείνους</span> <span class='ocrx_word' id='word_1_732' title='bbox 3432 3476 3655 3531; x_wconf 84' lang='grc' dir='ltr'>γεγενη-</span> 
     </span>
    </p>
   </div>
   <div class='ocr_carea' id='block_1_95' title="bbox 2090 3550 3653 3625">
    <p class='ocr_par' dir='ltr' id='par_1_95' title="bbox 2090 3550 3653 3625">
     <span class='ocr_line' id='line_1_95' title="bbox 2090 3550 3653 3625; baseline -0.004 -16"><span class='ocrx_word' id='word_1_733' title='bbox 2090 3555 2277 3624; x_wconf 76' lang='grc' dir='ltr'>μένας,</span> <span class='ocrx_word' id='word_1_734' title='bbox 2321 3553 2453 3625; x_wconf 85' lang='grc' dir='ltr'>φησί</span> <span class='ocrx_word' id='word_1_735' title='bbox 2472 3570 2486 3586; x_wconf 86' lang='grc'><strong>·</strong></span> <span class='ocrx_word' id='word_1_736' title='bbox 2521 3554 2947 3621; x_wconf 77' lang='grc' dir='ltr'>Μνησθήσεται</span> <span class='ocrx_word' id='word_1_737' title='bbox 2971 3554 3058 3618; x_wconf 83' lang='grc' dir='ltr'>είς</span> <span class='ocrx_word' id='word_1_738' title='bbox 3088 3552 3195 3605; x_wconf 83' lang='grc' dir='ltr'>τὸν</span> <span class='ocrx_word' id='word_1_739' title='bbox 3235 3552 3421 3605; x_wconf 75' lang='grc' dir='ltr'>αἰῶνα</span> <span class='ocrx_word' id='word_1_740' title='bbox 3450 3550 3653 3616; x_wconf 78' lang='grc' dir='ltr'>διαθή-</span> 
     </span>
    </p>
   </div>
   <div class='ocr_carea' id='block_1_96' title="bbox 2086 3638 3654 3711">
    <p class='ocr_par' dir='ltr' id='par_1_96' title="bbox 2086 3638 3654 3711">
     <span class='ocr_line' id='line_1_96' title="bbox 2086 3638 3654 3711; baseline -0.002 -18"><span class='ocrx_word' id='word_1_741' title='bbox 2086 3656 2198 3708; x_wconf 80' lang='grc' dir='ltr'>κης</span> <span class='ocrx_word' id='word_1_742' title='bbox 2217 3638 2399 3693; x_wconf 81' lang='grc' dir='ltr'>αὐτοῦ</span> <span class='ocrx_word' id='word_1_743' title='bbox 2418 3656 2434 3670; x_wconf 86' lang='grc'><strong>·</strong></span> <span class='ocrx_word' id='word_1_744' title='bbox 2486 3640 2627 3710; x_wconf 81' lang='grc' dir='ltr'>ὅπερ</span> <span class='ocrx_word' id='word_1_745' title='bbox 2681 3641 2774 3693; x_wconf 72' lang='grc' dir='ltr'>καὶ</span> <span class='ocrx_word' id='word_1_746' title='bbox 2802 3639 3034 3710; x_wconf 81' lang='grc' dir='ltr'>Μωῦσῆς</span> <span class='ocrx_word' id='word_1_747' title='bbox 3064 3638 3428 3711; x_wconf 86' lang='grc' dir='ltr'>παρήγγειλεν</span> <span class='ocrx_word' id='word_1_748' title='bbox 3471 3640 3654 3702; x_wconf 78' lang='grc' dir='ltr'>αὐτοῖς</span> 
     </span>
    </p>
   </div>
   <div class='ocr_carea' id='block_1_97' title="bbox 2085 3726 3652 3798">
    <p class='ocr_par' dir='ltr' id='par_1_97' title="bbox 2085 3726 3652 3798">
     <span class='ocr_line' id='line_1_97' title="bbox 2085 3726 3652 3798; baseline -0.001 -18"><span class='ocrx_word' id='word_1_749' title='bbox 2085 3726 2345 3780; x_wconf 77' lang='grc' dir='ltr'>εἰσιοῦσιν</span> <span class='ocrx_word' id='word_1_750' title='bbox 2377 3728 2456 3790; x_wconf 91' lang='grc' dir='ltr'>είς</span> <span class='ocrx_word' id='word_1_751' title='bbox 2480 3728 2579 3798; x_wconf 78' lang='grc' dir='ltr'>τὴν</span> <span class='ocrx_word' id='word_1_752' title='bbox 2608 3728 2710 3798; x_wconf 78' lang='grc' dir='ltr'>γῆν</span> <span class='ocrx_word' id='word_1_753' title='bbox 2739 3728 2838 3797; x_wconf 84' lang='grc' dir='ltr'>τῆς</span> <span class='ocrx_word' id='word_1_754' title='bbox 2868 3727 3195 3796; x_wconf 82' lang='grc' dir='ltr'>ἐπαγγελίας</span> <span class='ocrx_word' id='word_1_755' title='bbox 3221 3727 3403 3794; x_wconf 86' lang='grc' dir='ltr'>λέγειν</span> <span class='ocrx_word' id='word_1_756' title='bbox 3432 3726 3528 3780; x_wconf 70' lang='grc' dir='ltr'>καὶ</span> <span class='ocrx_word' id='word_1_757' title='bbox 3563 3726 3652 3779; x_wconf 76' lang='grc' dir='ltr'>ἐν·</span> 
     </span>
    </p>
   </div>
   <div class='ocr_carea' id='block_1_98' title="bbox 2085 3813 3652 3885">
    <p class='ocr_par' dir='ltr' id='par_1_98' title="bbox 2085 3813 3652 3885">
     <span class='ocr_line' id='line_1_98' title="bbox 2085 3813 3652 3885; baseline -0.001 -18"><span class='ocrx_word' id='word_1_758' title='bbox 2085 3816 2247 3867; x_wconf 84' lang='grc' dir='ltr'>νοεῖν.</span> <span class='ocrx_word' id='word_1_759' title='bbox 2295 3814 2430 3869; x_wconf 82' lang='grc' dir='ltr'>Ἐὰν</span> <span class='ocrx_word' id='word_1_760' title='bbox 2457 3813 2565 3885; x_wconf 84' lang='grc' dir='ltr'>γὰρ</span> <span class='ocrx_word' id='word_1_761' title='bbox 2596 3814 3020 3883; x_wconf 79' lang='grc' dir='ltr'>οίκοδομήσῃς,</span> <span class='ocrx_word' id='word_1_762' title='bbox 3061 3814 3214 3884; x_wconf 73' lang='grc' dir='ltr'>φησὶ,</span> <span class='ocrx_word' id='word_1_763' title='bbox 3249 3813 3459 3877; x_wconf 79' lang='grc' dir='ltr'>πόλεις</span> <span class='ocrx_word' id='word_1_764' title='bbox 3501 3815 3652 3881; x_wconf 67' lang='grc' dir='ltr'>λαμ-</span> 
     </span>
    </p>
   </div>
   <div class='ocr_carea' id='block_1_99' title="bbox 2086 3902 3651 3973">
    <p class='ocr_par' dir='ltr' id='par_1_99' title="bbox 2086 3902 3651 3973">
     <span class='ocr_line' id='line_1_99' title="bbox 2086 3902 3651 3973; baseline -0.001 -17"><span class='ocrx_word' id='word_1_765' title='bbox 2086 3903 2259 3970; x_wconf 82' lang='grc' dir='ltr'>πρὰς,</span> <span class='ocrx_word' id='word_1_766' title='bbox 2279 3904 2375 3957; x_wconf 80' lang='grc' dir='ltr'>καὶ</span> <span class='ocrx_word' id='word_1_767' title='bbox 2402 3904 2690 3972; x_wconf 76' lang='grc' dir='ltr'>περιϐάλῃ</span> <span class='ocrx_word' id='word_1_768' title='bbox 2714 3904 2979 3958; x_wconf 76' lang='grc' dir='ltr'>πλοῦτον</span> <span class='ocrx_word' id='word_1_769' title='bbox 2998 3902 3331 3973; x_wconf 84' lang='grc' dir='ltr'>χρημάτων,</span> <span class='ocrx_word' id='word_1_770' title='bbox 3348 3902 3435 3971; x_wconf 79' lang='grc' dir='ltr'>μὴ</span> <span class='ocrx_word' id='word_1_771' title='bbox 3455 3902 3651 3967; x_wconf 78' lang='grc' dir='ltr'>είπῃς,</span> 
     </span>
    </p>
   </div>
   <div class='ocr_carea' id='block_1_100' title="bbox 2086 3989 3653 4059">
    <p class='ocr_par' dir='ltr' id='par_1_100' title="bbox 2086 3989 3653 4059">
     <span class='ocr_line' id='line_1_100' title="bbox 2086 3989 3653 4059; baseline -0.001 -16"><span class='ocrx_word' id='word_1_772' title='bbox 2086 3989 2175 4044; x_wconf 83' lang='grc' dir='ltr'>ὅτι</span> <span class='ocrx_word' id='word_1_773' title='bbox 2209 3990 2312 4045; x_wconf 90' lang='grc' dir='ltr'>Διὰ</span> <span class='ocrx_word' id='word_1_774' title='bbox 2335 3991 2449 4058; x_wconf 80' lang='grc' dir='ltr'>τὴν</span> <span class='ocrx_word' id='word_1_775' title='bbox 2476 3990 2874 4057; x_wconf 83' lang='grc' dir='ltr'>δικαιοσύνην</span> <span class='ocrx_word' id='word_1_776' title='bbox 2896 4007 3016 4059; x_wconf 87' lang='grc' dir='ltr'>μου</span> <span class='ocrx_word' id='word_1_777' title='bbox 3045 3989 3231 4043; x_wconf 85' lang='grc' dir='ltr'>ταῦτα</span> <span class='ocrx_word' id='word_1_778' title='bbox 3261 3989 3526 4058; x_wconf 72' lang='grc' dir='ltr'>γέγονεν,</span> <span class='ocrx_word' id='word_1_779' title='bbox 3545 3990 3653 4042; x_wconf 67' lang='grc' dir='ltr'>ιιι-</span> 
     </span>
    </p>
   </div>
   <div class='ocr_carea' id='block_1_101' title="bbox 2085 4075 3647 4144">
    <p class='ocr_par' dir='ltr' id='par_1_101' title="bbox 2085 4075 3647 4144">
     <span class='ocr_line' id='line_1_101' title="bbox 2085 4075 3647 4144; baseline 0 -13"><span class='ocrx_word' id='word_1_780' title='bbox 2085 4077 2165 4131; x_wconf 77' lang='grc' dir='ltr'><em>λὰ</em></span> <span class='ocrx_word' id='word_1_781' title='bbox 2196 4077 2294 4131; x_wconf 78' lang='grc' dir='ltr'>διὰ</span> <span class='ocrx_word' id='word_1_782' title='bbox 2316 4079 2421 4142; x_wconf 79' lang='grc' dir='ltr'>τὰς</span> <span class='ocrx_word' id='word_1_783' title='bbox 2454 4077 2765 4144; x_wconf 79' lang='grc' dir='ltr'>συνιθ-ήκας</span> <span class='ocrx_word' id='word_1_784' title='bbox 2787 4076 2893 4143; x_wconf 87' lang='grc' dir='ltr'>τὰς</span> <span class='ocrx_word' id='word_1_785' title='bbox 2915 4077 3065 4144; x_wconf 83' lang='grc' dir='ltr'>πρὸς</span> <span class='ocrx_word' id='word_1_786' title='bbox 3079 4075 3219 4141; x_wconf 78' lang='grc' dir='ltr'>τοὺς</span> <span class='ocrx_word' id='word_1_787' title='bbox 3243 4076 3496 4144; x_wconf 77' lang='grc' dir='ltr'>πατέρας</span> <span class='ocrx_word' id='word_1_788' title='bbox 3512 4091 3647 4131; x_wconf 78' lang='grc' dir='ltr'>σου.</span> 
     </span>
    </p>
   </div>
   <div class='ocr_carea' id='block_1_102' title="bbox 2087 4162 3652 4235">
    <p class='ocr_par' dir='ltr' id='par_1_102' title="bbox 2087 4162 3652 4235">
     <span class='ocr_line' id='line_1_102' title="bbox 2087 4162 3652 4235; baseline -0.002 -18"><span class='ocrx_word' id='word_1_789' title='bbox 2087 4164 2251 4217; x_wconf 79' lang='grc' dir='ltr'>Οὐδὲν</span> <span class='ocrx_word' id='word_1_790' title='bbox 2281 4164 2387 4235; x_wconf 85' lang='grc' dir='ltr'>γὰρ</span> <span class='ocrx_word' id='word_1_791' title='bbox 2417 4165 2671 4226; x_wconf 82' lang='grc' dir='ltr'>ἀπονοίας</span> <span class='ocrx_word' id='word_1_792' title='bbox 2708 4165 2885 4234; x_wconf 88' lang='grc' dir='ltr'>χεῖρον</span> <span class='ocrx_word' id='word_1_793' title='bbox 2905 4179 2919 4193; x_wconf 75' lang='grc' dir='ltr'>ο</span> <span class='ocrx_word' id='word_1_794' title='bbox 2974 4162 3061 4216; x_wconf 78' lang='grc' dir='ltr'>διὰ</span> <span class='ocrx_word' id='word_1_795' title='bbox 3094 4162 3251 4216; x_wconf 79' lang='grc' dir='ltr'>τοῦτο</span> <span class='ocrx_word' id='word_1_796' title='bbox 3274 4164 3435 4215; x_wconf 80' lang='grc' dir='ltr'>παντὶ</span> <span class='ocrx_word' id='word_1_797' title='bbox 3468 4163 3652 4232; x_wconf 77' lang='grc' dir='ltr'>τρόπῳ</span> 
     </span>
    </p>
   </div>
   <div class='ocr_carea' id='block_1_103' title="bbox 2085 4246 3655 4320">
    <p class='ocr_par' dir='ltr' id='par_1_103' title="bbox 2085 4246 3655 4320">
     <span class='ocr_line' id='line_1_103' title="bbox 2085 4246 3655 4320; baseline -0.001 -16"><span class='ocrx_word' id='word_1_798' title='bbox 2085 4250 2179 4304; x_wconf 79' lang='grc' dir='ltr'>καὶ</span> <span class='ocrx_word' id='word_1_799' title='bbox 2192 4248 2479 4313; x_wconf 87' lang='grc' dir='ltr'>διαπαντὸς</span> <span class='ocrx_word' id='word_1_800' title='bbox 2503 4252 2530 4303; x_wconf 90' lang='grc' dir='ltr'>ό</span> <span class='ocrx_word' id='word_1_801' title='bbox 2546 4251 2676 4313; x_wconf 83' lang='grc' dir='ltr'>Θεὸς</span> <span class='ocrx_word' id='word_1_802' title='bbox 2694 4248 2947 4302; x_wconf 82' lang='grc' dir='ltr'>ἐκκόπτει</span> <span class='ocrx_word' id='word_1_803' title='bbox 2969 4249 3136 4319; x_wconf 80' lang='grc' dir='ltr'>αὐτὴν</span> <span class='ocrx_word' id='word_1_804' title='bbox 3159 4247 3414 4318; x_wconf 84' lang='grc' dir='ltr'>συνεχῶς.</span> <span class='ocrx_word' id='word_1_805' title='bbox 3453 4246 3569 4320; x_wconf 66' lang='grc' dir='ltr'>Ἰσγ</span> <span class='ocrx_word' id='word_1_806' title='bbox 3583 4248 3655 4302; x_wconf 66' lang='grc' dir='ltr'>ίνν</span> 
     </span>
    </p>
   </div>
   <div class='ocr_carea' id='block_1_104' title="bbox 2083 4333 3652 4406">
    <p class='ocr_par' dir='ltr' id='par_1_104' title="bbox 2083 4333 3652 4406">
     <span class='ocr_line' id='line_1_104' title="bbox 2083 4333 3652 4406; baseline -0.001 -17"><span class='ocrx_word' id='word_1_807' title='bbox 2083 4336 2272 4406; x_wconf 74' lang='grc' dir='ltr'>ἔργων</span> <span class='ocrx_word' id='word_1_808' title='bbox 2290 4335 2475 4391; x_wconf 84' lang='grc' dir='ltr'>αὐτοῦ</span> <span class='ocrx_word' id='word_1_809' title='bbox 2500 4334 2817 4404; x_wconf 64' lang='grc' dir='ltr'>ἀνήγγειλε</span> <span class='ocrx_word' id='word_1_810' title='bbox 2837 4334 2914 4401; x_wconf 84' lang='grc' dir='ltr'>τῷ</span> <span class='ocrx_word' id='word_1_811' title='bbox 2936 4333 3062 4400; x_wconf 78' lang='grc' dir='ltr'>,λαῷ</span> <span class='ocrx_word' id='word_1_812' title='bbox 3085 4334 3291 4399; x_wconf 82' lang='grc' dir='ltr'>αὐτοῦ,</span> <span class='ocrx_word' id='word_1_813' title='bbox 3313 4335 3420 4390; x_wconf 84' lang='grc' dir='ltr'>τοῦ</span> <span class='ocrx_word' id='word_1_814' title='bbox 3442 4334 3571 4391; x_wconf 43' lang='grc' dir='ltr'>δοὶίμε-</span> <span class='ocrx_word' id='word_1_815' title='bbox 3587 4352 3652 4388; x_wconf 77' lang='grc' dir='ltr'>αι</span> 
     </span>
    </p>
   </div>
   <div class='ocr_carea' id='block_1_105' title="bbox 2082 4420 3651 4493">
    <p class='ocr_par' dir='ltr' id='par_1_105' title="bbox 2082 4420 3651 4493">
     <span class='ocr_line' id='line_1_105' title="bbox 2082 4420 3651 4493; baseline -0.001 -17"><span class='ocrx_word' id='word_1_816' title='bbox 2082 4422 2287 4490; x_wconf 81' lang='grc' dir='ltr'>αὐτοῖς</span> <span class='ocrx_word' id='word_1_817' title='bbox 2301 4424 2706 4493; x_wconf 77' lang='grc' dir='ltr'>κληρονομίαν</span> <span class='ocrx_word' id='word_1_818' title='bbox 2726 4422 2929 4477; x_wconf 79' lang='grc' dir='ltr'>ἐθνῶν.</span> <span class='ocrx_word' id='word_1_819' title='bbox 2970 4420 3101 4476; x_wconf 77' lang='grc' dir='ltr'>Ἀπὸ</span> <span class='ocrx_word' id='word_1_820' title='bbox 3116 4423 3221 4475; x_wconf 88' lang='grc' dir='ltr'>τῶν</span> <span class='ocrx_word' id='word_1_821' title='bbox 3238 4421 3537 4477; x_wconf 76' lang='grc' dir='ltr'>καθολικῶ·</span> <span class='ocrx_word' id='word_1_822' title='bbox 3563 4423 3651 4475; x_wconf 74' lang='grc' dir='ltr'>ἐπὶ</span> 
     </span>
    </p>
   </div>
   <div class='ocr_carea' id='block_1_106' title="bbox 2082 4509 3651 4582">
    <p class='ocr_par' dir='ltr' id='par_1_106' title="bbox 2082 4509 3651 4582">
     <span class='ocr_line' id='line_1_106' title="bbox 2082 4509 3651 4582; baseline -0.001 -19"><span class='ocrx_word' id='word_1_823' title='bbox 2082 4510 2151 4563; x_wconf 87' lang='grc' dir='ltr'>τά</span> <span class='ocrx_word' id='word_1_824' title='bbox 2177 4510 2378 4581; x_wconf 80' lang='grc' dir='ltr'>μερικὰ</span> <span class='ocrx_word' id='word_1_825' title='bbox 2415 4510 2642 4581; x_wconf 82' lang='grc' dir='ltr'>μετάγει</span> <span class='ocrx_word' id='word_1_826' title='bbox 2665 4510 2754 4563; x_wconf 86' lang='grc' dir='ltr'>τὸν</span> <span class='ocrx_word' id='word_1_827' title='bbox 2779 4510 2934 4577; x_wconf 91' lang='grc' dir='ltr'>λόγον</span> <span class='ocrx_word' id='word_1_828' title='bbox 2954 4527 2967 4540; x_wconf 76' lang='grc'><strong><em>⁸</em></strong></span> <span class='ocrx_word' id='word_1_829' title='bbox 3001 4510 3108 4564; x_wconf 75' lang='grc' dir='ltr'>ἀπὸ</span> <span class='ocrx_word' id='word_1_830' title='bbox 3134 4511 3241 4562; x_wconf 87' lang='grc' dir='ltr'>τῶν</span> <span class='ocrx_word' id='word_1_831' title='bbox 3273 4510 3415 4564; x_wconf 86' lang='grc' dir='ltr'>κατά</span> <span class='ocrx_word' id='word_1_832' title='bbox 3449 4509 3549 4582; x_wconf 64' lang='grc' dir='ltr'>τὴν</span> <span class='ocrx_word' id='word_1_833' title='bbox 3571 4511 3651 4562; x_wconf 80' lang='grc' dir='ltr'>οἰ-</span> 
     </span>
    </p>
   </div>
   <div class='ocr_carea' id='block_1_107' title="bbox 2084 4590 3646 4665">
    <p class='ocr_par' dir='ltr' id='par_1_107' title="bbox 2084 4590 3646 4665">
     <span class='ocr_line' id='line_1_107' title="bbox 2084 4590 3646 4665; baseline -0.001 -19"><span class='ocrx_word' id='word_1_834' title='bbox 2084 4593 2353 4665; x_wconf 87' lang='grc' dir='ltr'>κουμένην</span> <span class='ocrx_word' id='word_1_835' title='bbox 2392 4593 2697 4663; x_wconf 84' lang='grc' dir='ltr'>γενομένων</span> <span class='ocrx_word' id='word_1_836' title='bbox 2722 4632 2736 4657; x_wconf 97' lang='grc'>,</span> <span class='ocrx_word' id='word_1_837' title='bbox 2782 4590 2873 4646; x_wconf 81' lang='grc' dir='ltr'>ἐπὶ</span> <span class='ocrx_word' id='word_1_838' title='bbox 2914 4594 2979 4647; x_wconf 68' lang='grc' dir='ltr'>τὰ</span> <span class='ocrx_word' id='word_1_839' title='bbox 3027 4593 3295 4656; x_wconf 84' lang='grc' dir='ltr'>Ἰουδαίοις</span> <span class='ocrx_word' id='word_1_840' title='bbox 3344 4591 3646 4663; x_wconf 81' lang='grc' dir='ltr'>συμϐάντα.</span> 
     </span>
    </p>
   </div>
   <div class='ocr_carea' id='block_1_108' title="bbox 2083 4670 3649 4750">
    <p class='ocr_par' dir='ltr' id='par_1_108' title="bbox 2083 4670 3649 4750">
     <span class='ocr_line' id='line_1_108' title="bbox 2083 4670 3649 4750; baseline -0.003 -15"><span class='ocrx_word' id='word_1_841' title='bbox 2083 4676 2333 4735; x_wconf 84' lang='grc' dir='ltr'>Μάλιστα</span> <span class='ocrx_word' id='word_1_842' title='bbox 2361 4678 2439 4742; x_wconf 85' lang='grc' dir='ltr'>δέ,</span> <span class='ocrx_word' id='word_1_843' title='bbox 2465 4680 2519 4733; x_wconf 83' lang='grc' dir='ltr'>εί</span> <span class='ocrx_word' id='word_1_844' title='bbox 2541 4696 2625 4742; x_wconf 90' lang='grc' dir='ltr'>τις</span> <span class='ocrx_word' id='word_1_845' title='bbox 2646 4670 2885 4750; x_wconf 75' lang='grc' dir='ltr'>ἀκριϐῶς</span> <span class='ocrx_word' id='word_1_846' title='bbox 2912 4679 3204 4744; x_wconf 80' lang='grc' dir='ltr'>ἐξετάσειε.</span> <span class='ocrx_word' id='word_1_847' title='bbox 3236 4680 3330 4732; x_wconf 67' lang='grc' dir='ltr'>καὶ</span> <span class='ocrx_word' id='word_1_848' title='bbox 3355 4678 3527 4736; x_wconf 80' lang='grc' dir='ltr'>ταῦτα</span> <span class='ocrx_word' id='word_1_849' title='bbox 3554 4696 3649 4732; x_wconf 89' lang='grc' dir='ltr'>κα-</span> 
     </span>
    </p>
   </div>
   <div class='ocr_carea' id='block_1_109' title="bbox 2083 4765 3645 4838">
    <p class='ocr_par' dir='ltr' id='par_1_109' title="bbox 2083 4765 3645 4838">
     <span class='ocr_line' id='line_1_109' title="bbox 2083 4765 3645 4838; baseline -0.002 -15"><span class='ocrx_word' id='word_1_850' title='bbox 2083 4767 2309 4823; x_wconf 87' lang='grc' dir='ltr'>θολικῶν</span> <span class='ocrx_word' id='word_1_851' title='bbox 2339 4767 2523 4837; x_wconf 81' lang='grc' dir='ltr'>ἐπέχει</span> <span class='ocrx_word' id='word_1_852' title='bbox 2548 4767 2721 4833; x_wconf 81' lang='grc' dir='ltr'>τάξιν.</span> <span class='ocrx_word' id='word_1_853' title='bbox 2768 4767 2850 4821; x_wconf 88' lang='grc' dir='ltr'>Τά</span> <span class='ocrx_word' id='word_1_854' title='bbox 2883 4767 2987 4838; x_wconf 85' lang='grc' dir='ltr'>γὰρ</span> <span class='ocrx_word' id='word_1_855' title='bbox 3023 4768 3103 4831; x_wconf 88' lang='grc' dir='ltr'>είς</span> <span class='ocrx_word' id='word_1_856' title='bbox 3133 4766 3330 4828; x_wconf 78' lang='grc' dir='ltr'>αὐτοὺς</span> <span class='ocrx_word' id='word_1_857' title='bbox 3360 4765 3645 4837; x_wconf 79' lang='grc' dir='ltr'>γινόμενα,</span> 
     </span>
    </p>
   </div>
   <div class='ocr_carea' id='block_1_110' title="bbox 2079 4852 3649 4925">
    <p class='ocr_par' dir='ltr' id='par_1_110' title="bbox 2079 4852 3649 4925">
     <span class='ocr_line' id='line_1_110' title="bbox 2079 4852 3649 4925; baseline -0.003 -16"><span class='ocrx_word' id='word_1_858' title='bbox 2079 4858 2192 4920; x_wconf 79' lang='grc' dir='ltr'>τοῖς</span> <span class='ocrx_word' id='word_1_859' title='bbox 2222 4855 2401 4919; x_wconf 81' lang='grc' dir='ltr'>ἀλλοις</span> <span class='ocrx_word' id='word_1_860' title='bbox 2428 4855 2761 4909; x_wconf 88' lang='grc' dir='ltr'>διδασκαλίαι</span> <span class='ocrx_word' id='word_1_861' title='bbox 2787 4855 3047 4922; x_wconf 90' lang='grc' dir='ltr'>ἐγίνοντο,</span> <span class='ocrx_word' id='word_1_862' title='bbox 3082 4855 3177 4908; x_wconf 68' lang='grc' dir='ltr'>καὶ</span> <span class='ocrx_word' id='word_1_863' title='bbox 3199 4855 3246 4907; x_wconf 91' lang='grc' dir='ltr'>οί</span> <span class='ocrx_word' id='word_1_864' title='bbox 3270 4852 3514 4925; x_wconf 82' lang='grc' dir='ltr'>πόλεμοι,</span> <span class='ocrx_word' id='word_1_865' title='bbox 3556 4854 3649 4906; x_wconf 70' lang='grc' dir='ltr'>καὶ</span> 
     </span>
    </p>
   </div>
   <div class='ocr_carea' id='block_1_111' title="bbox 2080 4939 3647 5014">
    <p class='ocr_par' dir='ltr' id='par_1_111' title="bbox 2080 4939 3647 5014">
     <span class='ocr_line' id='line_1_111' title="bbox 2080 4939 3647 5014; baseline -0.003 -17"><span class='ocrx_word' id='word_1_866' title='bbox 2080 4943 2150 4997; x_wconf 83' lang='grc' dir='ltr'>τὰ</span> <span class='ocrx_word' id='word_1_867' title='bbox 2173 4943 2427 5014; x_wconf 86' lang='grc' dir='ltr'>τρόπαια,</span> <span class='ocrx_word' id='word_1_868' title='bbox 2447 4942 2540 4996; x_wconf 76' lang='grc' dir='ltr'>καὶ</span> <span class='ocrx_word' id='word_1_869' title='bbox 2562 4943 2617 4998; x_wconf 81' lang='lat' dir='ltr'>al</span> <span class='ocrx_word' id='word_1_870' title='bbox 2643 4944 2788 4995; x_wconf 90' lang='grc' dir='ltr'>νῖκαι</span> <span class='ocrx_word' id='word_1_871' title='bbox 2809 4942 2928 4994; x_wconf 77' lang='grc' dir='ltr'>ἀντὶ</span> <span class='ocrx_word' id='word_1_872' title='bbox 2945 4939 3292 5013; x_wconf 82' lang='grc' dir='ltr'>κηρύγματος</span> <span class='ocrx_word' id='word_1_873' title='bbox 3316 4941 3516 5012; x_wconf 73' lang='grc' dir='ltr'>ἤρκουν</span> <span class='ocrx_word' id='word_1_874' title='bbox 3536 4944 3647 5004; x_wconf 84' lang='grc' dir='ltr'>τοῖς</span> 
     </span>
    </p>
   </div>
   <div class='ocr_carea' id='block_1_112' title="bbox 2082 5026 3648 5100">
    <p class='ocr_par' dir='ltr' id='par_1_112' title="bbox 2082 5026 3648 5100">
     <span class='ocr_line' id='line_1_112' title="bbox 2082 5026 3648 5100; baseline -0.003 -18"><span class='ocrx_word' id='word_1_875' title='bbox 2082 5030 2455 5100; x_wconf 85' lang='grc' dir='ltr'>προσέχουσιν.</span> <span class='ocrx_word' id='word_1_876' title='bbox 2477 5030 2553 5082; x_wconf 86' lang='grc' dir='ltr'>Οὐ</span> <span class='ocrx_word' id='word_1_877' title='bbox 2575 5028 2679 5099; x_wconf 88' lang='grc' dir='ltr'>γάρ</span> <span class='ocrx_word' id='word_1_878' title='bbox 2696 5027 2983 5098; x_wconf 82' lang='grc' dir='ltr'>ἀκολουθίᾳ</span> <span class='ocrx_word' id='word_1_879' title='bbox 2999 5026 3331 5098; x_wconf 77' lang='grc' dir='ltr'>ἀνθρωπίνῃ.</span> <span class='ocrx_word' id='word_1_880' title='bbox 3350 5026 3486 5079; x_wconf 89' lang='grc' dir='ltr'>ἀλλά</span> <span class='ocrx_word' id='word_1_881' title='bbox 3510 5026 3648 5097; x_wconf 80' lang='grc' dir='ltr'>ὑπὲρ</span> 
     </span>
    </p>
   </div>
   <div class='ocr_carea' id='block_1_113' title="bbox 2080 5112 3646 5186">
    <p class='ocr_par' dir='ltr' id='par_1_113' title="bbox 2080 5112 3646 5186">
     <span class='ocr_line' id='line_1_113' title="bbox 2080 5112 3646 5186; baseline -0.002 -16"><span class='ocrx_word' id='word_1_882' title='bbox 2080 5118 2237 5185; x_wconf 86' lang='grc' dir='ltr'>λόγον</span> <span class='ocrx_word' id='word_1_883' title='bbox 2262 5116 2436 5170; x_wconf 88' lang='grc' dir='ltr'>ταῦτα</span> <span class='ocrx_word' id='word_1_884' title='bbox 2465 5116 2764 5171; x_wconf 83' lang='grc' dir='ltr'>συνέϐαινε.</span> <span class='ocrx_word' id='word_1_885' title='bbox 2804 5112 2939 5169; x_wconf 85' lang='grc' dir='ltr'>Ποία</span> <span class='ocrx_word' id='word_1_886' title='bbox 2966 5113 3076 5186; x_wconf 78' lang='grc' dir='ltr'>γὰρ</span> <span class='ocrx_word' id='word_1_887' title='bbox 3115 5113 3404 5179; x_wconf 88' lang='grc' dir='ltr'>ἀκολουθία</span> <span class='ocrx_word' id='word_1_888' title='bbox 3441 5114 3646 5182; x_wconf 86' lang='grc' dir='ltr'>ἐκείνη,</span> 
     </span>
    </p>
   </div>
   <div class='ocr_carea' id='block_1_114' title="bbox 2084 5199 3648 5270">
    <p class='ocr_par' dir='ltr' id='par_1_114' title="bbox 2084 5199 3648 5270">
     <span class='ocr_line' id='line_1_114' title="bbox 2084 5199 3648 5270; baseline -0.003 -14"><span class='ocrx_word' id='word_1_889' title='bbox 2084 5203 2452 5268; x_wconf 79' lang='grc' dir='ltr'>σαλπιζόντων</span> <span class='ocrx_word' id='word_1_890' title='bbox 2487 5201 2667 5256; x_wconf 78' lang='grc' dir='ltr'>αὐτῶν</span> <span class='ocrx_word' id='word_1_891' title='bbox 2699 5200 2771 5256; x_wconf 86' lang='grc' dir='ltr'>τά</span> <span class='ocrx_word' id='word_1_892' title='bbox 2808 5199 2962 5270; x_wconf 88' lang='grc' dir='ltr'>τείχη</span> <span class='ocrx_word' id='word_1_893' title='bbox 3006 5200 3473 5263; x_wconf 88' lang='grc' dir='ltr'>καταϐάλλεσθαι,</span> <span class='ocrx_word' id='word_1_894' title='bbox 3552 5201 3648 5254; x_wconf 76' lang='grc' dir='ltr'>καὶ</span> 
     </span>
    </p>
   </div>
   <div class='ocr_carea' id='block_1_115' title="bbox 2080 5286 3647 5360">
    <p class='ocr_par' dir='ltr' id='par_1_115' title="bbox 2080 5286 3647 5360">
     <span class='ocr_line' id='line_1_115' title="bbox 2080 5286 3647 5360; baseline -0.002 -17"><span class='ocrx_word' id='word_1_895' title='bbox 2080 5293 2312 5360; x_wconf 78' lang='grc' dir='ltr'>γυναῖκα</span> <span class='ocrx_word' id='word_1_896' title='bbox 2352 5286 2759 5359; x_wconf 81' lang='grc' dir='ltr'>στρατηγοῦσαν</span> <span class='ocrx_word' id='word_1_897' title='bbox 2796 5292 2952 5358; x_wconf 74' lang='grc' dir='ltr'>νικᾷν</span> <span class='ocrx_word' id='word_1_898' title='bbox 2982 5287 3076 5340; x_wconf 82' lang='grc' dir='ltr'>καὶ</span> <span class='ocrx_word' id='word_1_899' title='bbox 3107 5287 3497 5356; x_wconf 82' lang='grc' dir='ltr'>περιγίνεσθαι,</span> <span class='ocrx_word' id='word_1_900' title='bbox 3554 5287 3647 5340; x_wconf 73' lang='grc' dir='ltr'>καὶ</span> 
     </span>
    </p>
   </div>
   <div class='ocr_carea' id='block_1_116' title="bbox 2081 5372 3713 5446">
    <p class='ocr_par' dir='ltr' id='par_1_116' title="bbox 2081 5372 3713 5446">
     <span class='ocr_line' id='line_1_116' title="bbox 2081 5372 3713 5446; baseline -0.002 -17"><span class='ocrx_word' id='word_1_901' title='bbox 2081 5376 2292 5431; x_wconf 87' lang='grc' dir='ltr'>παιδίον</span> <span class='ocrx_word' id='word_1_902' title='bbox 2328 5374 2522 5446; x_wconf 80' lang='grc' dir='ltr'>μικρὸν</span> <span class='ocrx_word' id='word_1_903' title='bbox 2552 5373 2916 5445; x_wconf 79' lang='grc' dir='ltr'>βαρϐαρικοὺς</span> <span class='ocrx_word' id='word_1_904' title='bbox 2936 5372 3202 5442; x_wconf 84' lang='grc' dir='ltr'>πολέμους</span> <span class='ocrx_word' id='word_1_905' title='bbox 3228 5372 3518 5426; x_wconf 80' lang='grc' dir='ltr'>καταλύειν</span> <span class='ocrx_word' id='word_1_906' title='bbox 3538 5373 3646 5425; x_wconf 71' lang='grc' dir='ltr'>ἀπὸ</span> <span class='ocrx_word' id='word_1_907' title='bbox 3710 5384 3713 5389; x_wconf 83' lang='lat'><strong><em>&#39;</em></strong></span> 
     </span>
    </p>
   </div>
   <div class='ocr_carea' id='block_1_117' title="bbox 2079 5453 3645 5530">
    <p class='ocr_par' dir='ltr' id='par_1_117' title="bbox 2079 5453 3645 5530">
     <span class='ocr_line' id='line_1_117' title="bbox 2079 5453 3645 5530; baseline -0.004 -17"><span class='ocrx_word' id='word_1_908' title='bbox 2079 5457 2229 5513; x_wconf 87' lang='grc' dir='ltr'>λίθου</span> <span class='ocrx_word' id='word_1_909' title='bbox 2280 5458 2443 5530; x_wconf 80' lang='grc' dir='ltr'>βολῆς</span> <span class='ocrx_word' id='word_1_910' title='bbox 2469 5459 2635 5529; x_wconf 82' lang='grc' dir='ltr'>μιᾶς;</span> <span class='ocrx_word' id='word_1_911' title='bbox 2682 5457 2791 5512; x_wconf 80' lang='lat' dir='ltr'>Kal</span> <span class='ocrx_word' id='word_1_912' title='bbox 2829 5457 2991 5527; x_wconf 77' lang='grc' dir='ltr'>ἕτερα</span> <span class='ocrx_word' id='word_1_913' title='bbox 3020 5456 3077 5509; x_wconf 77' lang='grc' dir='ltr'>δὲ</span> <span class='ocrx_word' id='word_1_914' title='bbox 3112 5455 3247 5510; x_wconf 80' lang='grc' dir='ltr'>ἀλλα</span> <span class='ocrx_word' id='word_1_915' title='bbox 3276 5454 3428 5527; x_wconf 73' lang='lat'>[2&#39;15]</span> <span class='ocrx_word' id='word_1_916' title='bbox 3472 5453 3645 5524; x_wconf 61' lang='grc' dir='ltr'>παρά·</span> 
     </span>
    </p>
   </div>
   <div class='ocr_carea' id='block_1_118' title="bbox 2078 5537 3643 5609">
    <p class='ocr_par' dir='ltr' id='par_1_118' title="bbox 2078 5537 3643 5609">
     <span class='ocr_line' id='line_1_118' title="bbox 2078 5537 3643 5609; baseline -0.003 -14"><span class='ocrx_word' id='word_1_917' title='bbox 2078 5542 2205 5607; x_wconf 79' lang='grc' dir='ltr'>δοξα</span> <span class='ocrx_word' id='word_1_918' title='bbox 2225 5541 2445 5595; x_wconf 88' lang='grc' dir='ltr'>τοιαῦτα</span> <span class='ocrx_word' id='word_1_919' title='bbox 2491 5539 2820 5595; x_wconf 80' lang='grc' dir='ltr'>συνέϐαινεν.</span> <span class='ocrx_word' id='word_1_920' title='bbox 2861 5539 3016 5593; x_wconf 76' lang='grc' dir='ltr'>Οὕτω</span> <span class='ocrx_word' id='word_1_921' title='bbox 3049 5538 3157 5592; x_wconf 88' lang='grc' dir='ltr'>τῶν</span> <span class='ocrx_word' id='word_1_922' title='bbox 3182 5538 3453 5609; x_wconf 84' lang='grc' dir='ltr'>πολεμίων</span> <span class='ocrx_word' id='word_1_923' title='bbox 3479 5537 3643 5608; x_wconf 73' lang='grc' dir='ltr'>ἐκρά-</span> 
     </span>
    </p>
   </div>
   <div class='ocr_carea' id='block_1_119' title="bbox 2078 5620 3646 5699">
    <p class='ocr_par' dir='ltr' id='par_1_119' title="bbox 2078 5620 3646 5699">
     <span class='ocr_line' id='line_1_119' title="bbox 2078 5620 3646 5699; baseline -0.004 -16"><span class='ocrx_word' id='word_1_924' title='bbox 2078 5644 2270 5699; x_wconf 86' lang='grc' dir='ltr'>τησαν,</span> <span class='ocrx_word' id='word_1_925' title='bbox 2319 5627 2463 5683; x_wconf 78' lang='grc' dir='ltr'>οὕτω</span> <span class='ocrx_word' id='word_1_926' title='bbox 2494 5629 2592 5699; x_wconf 83' lang='grc' dir='ltr'>τῆς</span> <span class='ocrx_word' id='word_1_927' title='bbox 2620 5627 2977 5697; x_wconf 85' lang='grc' dir='ltr'>Παλαιστίνης</span> <span class='ocrx_word' id='word_1_928' title='bbox 3008 5626 3276 5694; x_wconf 75' lang='grc' dir='ltr'>ἐξέϐαλον.</span> <span class='ocrx_word' id='word_1_929' title='bbox 3337 5625 3508 5679; x_wconf 81' lang='grc' dir='ltr'>Ὅταν</span> <span class='ocrx_word' id='word_1_930' title='bbox 3551 5620 3646 5678; x_wconf 83' lang='grc' dir='ltr'>οῦν</span> 
     </span>
    </p>
   </div>
   <div class='ocr_carea' id='block_1_120' title="bbox 2079 5710 3646 5785">
    <p class='ocr_par' dir='ltr' id='par_1_120' title="bbox 2079 5710 3646 5785">
     <span class='ocr_line' id='line_1_120' title="bbox 2079 5710 3646 5785; baseline -0.005 -15"><span class='ocrx_word' id='word_1_931' title='bbox 2079 5715 2234 5785; x_wconf 84' lang='grc' dir='ltr'>λέγῃ,</span> <span class='ocrx_word' id='word_1_932' title='bbox 2275 5714 2484 5783; x_wconf 84' lang='grc' dir='ltr'>Ἰσχὺν</span> <span class='ocrx_word' id='word_1_933' title='bbox 2496 5713 2684 5784; x_wconf 75' lang='grc' dir='ltr'>ἔργων</span> <span class='ocrx_word' id='word_1_934' title='bbox 2711 5711 2897 5768; x_wconf 84' lang='grc' dir='ltr'>αὐτοῦ</span> <span class='ocrx_word' id='word_1_935' title='bbox 2924 5712 3243 5783; x_wconf 70' lang='grc' dir='ltr'>ἀνήγγειλε</span> <span class='ocrx_word' id='word_1_936' title='bbox 3276 5710 3357 5776; x_wconf 82' lang='grc' dir='ltr'>τῷ</span> <span class='ocrx_word' id='word_1_937' title='bbox 3381 5711 3508 5774; x_wconf 70' lang='grc' dir='ltr'>λαῷ</span> <span class='ocrx_word' id='word_1_938' title='bbox 3547 5711 3646 5764; x_wconf 82' lang='grc' dir='ltr'>αὺ-</span> 
     </span>
    </p>
   </div>
   <div class='ocr_carea' id='block_1_121' title="bbox 2084 5792 3644 5873">
    <p class='ocr_par' dir='ltr' id='par_1_121' title="bbox 2084 5792 3644 5873">
     <span class='ocr_line' id='line_1_121' title="bbox 2084 5792 3644 5873; baseline -0.004 -16"><span class='ocrx_word' id='word_1_939' title='bbox 2084 5802 2209 5870; x_wconf 85' lang='grc' dir='ltr'>τοῦ,</span> <span class='ocrx_word' id='word_1_940' title='bbox 2237 5801 2387 5857; x_wconf 80' lang='grc' dir='ltr'>οὑδέν</span> <span class='ocrx_word' id='word_1_941' title='bbox 2418 5800 2546 5855; x_wconf 85' lang='grc' dir='ltr'>ἀλλο</span> <span class='ocrx_word' id='word_1_942' title='bbox 2571 5799 2737 5870; x_wconf 88' lang='grc' dir='ltr'>λέγει,</span> <span class='ocrx_word' id='word_1_943' title='bbox 2764 5800 2797 5873; x_wconf 72' lang='grc' dir='ltr'><strong>ἢ</strong></span> <span class='ocrx_word' id='word_1_944' title='bbox 2820 5802 2902 5856; x_wconf 84' lang='grc' dir='ltr'>ὅτι</span> <span class='ocrx_word' id='word_1_945' title='bbox 2930 5802 3200 5871; x_wconf 72' lang='grc' dir='ltr'>ἐπέδειξεν</span> <span class='ocrx_word' id='word_1_946' title='bbox 3230 5798 3390 5855; x_wconf 72' lang='grc' dir='ltr'>αἰτοῦ</span> <span class='ocrx_word' id='word_1_947' title='bbox 3423 5798 3521 5872; x_wconf 71' lang='grc' dir='ltr'>τὴν</span> <span class='ocrx_word' id='word_1_948' title='bbox 3554 5792 3644 5851; x_wconf 69' lang='grc' dir='ltr'>δά-</span> 
     </span>
    </p>
   </div>
  </div>
