4086 6268
370 415 479 473 9.85

375 529 636 594 conﬁdas,
662 527 707 583 si
737 527 791 582 in
821 541 950 598 pace
983 526 1146 579 vitam
1182 522 1385 579 ﬁnieris
1437 541 1450 577 :
1501 532 1780 594 postquam
1819 518 1961 574 enim

376 624 500 676 hinc
530 619 848 684 excesseris,
882 617 1122 672 omnium
1163 615 1354 671 reddes
1384 614 1668 680 rationem,
1714 611 1964 682 nequitia:

371 715 552 770 debila
592 713 787 767 solves.
819 711 959 766 Deus
985 711 1128 765 enim
1151 725 1367 780 semper
1394 722 1636 773 manens,
1660 717 1962 762 manentem

369 823 592 876 semper
621 806 781 860 habet
807 805 1090 874 justitiam,
1133 804 1218 858 cui
1258 818 1403 858 mors
1433 801 1566 857 nihil
1605 799 1860 856 rescindit
1897 798 1965 854 de

367 897 815 952 remuneratione
837 896 1078 951 laborum
1105 910 1202 964 pro
1227 894 1423 949 virtute
1448 901 1840 962 susceptorum,
1864 905 1964 946 nec

372 991 439 1044 de
466 989 797 1057 irrogatione
822 987 1206 1056 suppliciorum
1237 1001 1355 1055 qua:
1387 984 1651 1039 debentur
1677 982 1888 1037 sceleri.

446 1083 702 1136 Miracula
745 1098 939 1152 semper
983 1080 1118 1133 Deus
1165 1081 1303 1148 facit.
1327 1079 1466 1133 -4,
1516 1077 1813 1131 Memoriam
1847 1077 1966 1146 fecit

373 1173 684 1225 mirabilium
726 1187 952 1225 suorum.
1002 1169 1136 1236 Quid
1182 1177 1299 1234 est,
1342 1168 1638 1222 Memoriam
1665 1167 1778 1236 fecit
1809 1167 1964 1219 mira-

371 1264 548 1316 bilium
572 1263 818 1317 suorum?
844 1261 1160 1331 Numquam,
1190 1260 1380 1331 inquit,
1408 1257 1663 1314 miracula
1687 1257 1861 1312 facere
1885 1258 1963 1311 in-

373 1355 622 1410 termisit.
653 1354 766 1409 l-loc
793 1353 934 1409 enim
964 1362 1067 1421 est,
1097 1353 1392 1407 Memoriam
1419 1352 1554 1422 fecit,
1578 1366 1684 1406 non
1711 1350 1959 1416 cessavit,

371 1466 480 1504 non
532 1451 737 1504 destitit
771 1465 866 1519 per
905 1464 1120 1504 omnem
1163 1450 1562 1517 generationem
1602 1447 1780 1504 facere
1809 1448 1964 1501 mira-

371 1544 515 1605 cula,
547 1551 603 1596 et
627 1557 722 1610 per
749 1556 837 1596 res
862 1541 1204 1595 admirabiles
1239 1541 1473 1594 excitare
1505 1539 1816 1594 crassiores.
1858 1537 1960 1605 Qui

370 1645 459 1691 est
496 1637 637 1689 enim
669 1634 883 1689 excelso
911 1634 1090 1688 animo
1129 1642 1184 1687 et
1226 1632 1577 1702 philosotihiae
1617 1631 1819 1699 dedito,
1851 1647 1958 1688 non

369 1743 514 1795 opus
549 1726 762 1782 habebit
787 1727 956 1796 signis
989 1744 1002 1779 :
1035 1724 1180 1779 Beati
1222 1726 1364 1780 enim
1391 1725 1476 1794 qui
1504 1741 1605 1778 non
1633 1723 1880 1785 viderunt,
1913 1733 1960 1777 et

368 1819 692 1872 crediderunt
717 1816 898 1888 (Joan.
923 1817 1013 1872 20.
1046 1816 1158 1888 29).
1187 1816 1448 1885 Quoniam
1481 1824 1658 1870 autem
1703 1815 1818 1886 ipse
1852 1831 1958 1870 non

367 1925 563 1964 eorum
596 1909 960 1963 tantummodo
990 1923 1170 1963 curam
1195 1909 1352 1978 gerit,
1395 1906 1490 1962 sed
1521 1907 1682 1961 etiam
1726 1906 1959 1960 crassio-

365 2017 514 2067 rum,
541 2001 594 2054 in
621 2000 766 2056 omni
813 2000 926 2056 fere
959 2000 1302 2070 generatione
1333 2015 1437 2053 non
1481 2007 1657 2053 cessat
1703 1997 1958 2052 miracula

363 2093 552 2147 edere.
591 2091 730 2146 Satis
752 2091 966 2161 quidem
990 2105 1238 2160 magnum
1267 2101 1349 2145 est
1374 2089 1685 2145 miraculum
1708 2090 1957 2143 universa

365 2202 556 2241 eorum
597 2201 717 2256 qua:
754 2184 1002 2240 videntur
1038 2184 1239 2239 creatio
1267 2201 1279 2237 :
1311 2182 1406 2240 sed
1449 2191 1625 2238 tamen
1666 2183 1956 2236 multorum

361 2279 670 2334 socordiam
701 2281 961 2343 excitans,
989 2278 1041 2332 in
1069 2276 1246 2332 medio
1268 2275 1372 2331 hoc
1397 2275 1607 2330 theatro
1627 2285 1682 2330 et
1708 2275 1954 2344 privatim

364 2379 421 2424 et
459 2369 674 2440 publice
720 2370 887 2423 multa
913 2367 1152 2424 ostendit
1179 2367 1466 2432 mirabilia,
1495 2367 1631 2421 sicut
1668 2365 1953 2438 diluvium,

364 2463 675 2532 linguarum
728 2460 1128 2524 confusionem,
1178 2458 1532 2514 Sodomorum
1577 2457 1955 2526 conﬂagratio-

363 2569 515 2618 nem,
549 2568 670 2622 qua:
699 2551 945 2616 Abrahw,
973 2567 1090 2621 qua:
1113 2549 1279 2616 Isaac,
1307 2565 1426 2619 qua:
1452 2549 1616 2605 Jacob
1637 2556 1953 2614 evenerunt,

363 2659 485 2714 qua:
517 2645 570 2697 in
600 2641 834 2713 Egypto
862 2641 999 2696 facta
1027 2651 1170 2703 sunt,
1211 2657 1329 2711 qua:
1358 2642 1408 2694 in
1437 2642 1579 2696 exitu
1620 2640 1954 2707 Judzeorum,

363 2751 485 2805 qum.
517 2735 570 2788 in
597 2733 905 2798 solitudine,
937 2749 1056 2802 (μω
1086 2734 1136 2787 in
1169 2733 1485 2799 Palaestina,
1513 2748 1634 2802 qua:
1665 2733 1953 2802 Babylone,

365 2843 488 2898 qua:
517 2836 637 2896 post
658 2825 910 2892 reditum,
935 2839 1052 2894 qua:
1079 2834 1318 2895 tempore
1340 2823 1814 2888 Macchabaeorum,
1838 2837 1958 2890 qua:

376 2926 495 2986 post
516 2915 712 2970 Christi
736 2916 1043 2984 adventum,
1071 2931 1188 2986 qua:
1225 2917 1276 2969 in
1316 2914 1435 2983 ipso
1475 2915 1728 2979 adventu,
1760 2929 1879 2984 quae
1904 2915 1956 2967 in

377 3011 520 3066 diem
549 3011 866 3064 hodiernum
899 3024 1067 3079 usque
1093 3010 1243 3076 fiunt,
1279 3009 1431 3063 ruina
1477 3007 1955 3080 Jerosolyniorum,

371 3100 652 3156 aediﬁcatio
673 3101 946 3165 Ecclesiae,
967 3099 1186 3155 verbum
1217 3099 1357 3168 quod
1380 3115 1806 3169 quoquoversum
1837 3114 1959 3165 per—

369 3194 535 3259 vadit,
551 3192 692 3262 quod
715 3207 812 3262 per
831 3190 1022 3246 ﬂuctus
1050 3192 1286 3260 erigitur,
1314 3207 1408 3262 per
1433 3191 1568 3245 bella
1582 3189 1955 3258 ampliﬁcatur,

366 3293 673 3354 martyrum
713 3282 906 3346 turbae,
939 3281 1148 3352 aliaque
1169 3283 1368 3336 omnia.
1397 3282 1557 3336 Multa
1584 3291 1761 3336 autem
1791 3280 1958 3336 videri

364 3384 592 3446 possunt
619 3383 674 3430 et
695 3374 960 3443 privatim,
985 3383 1038 3427 ct
1059 3375 1109 3426 in
1137 3373 1318 3440 domo,
1346 3374 1473 3428 etin
1498 3375 1801 3429 civitatibus
1823 3372 1958 3428 facta

364 3467 646 3522 miracula.
675 3466 779 3522 Sed
809 3481 928 3535 qua:
957 3473 1082 3520 sunt
1106 3467 1394 3536 generalia,
1424 3474 1480 3520 et
1514 3466 1762 3522 omnibus
1792 3466 1958 3522 mani-

363 3558 501 3613 festa
536 3572 602 3612 ac
630 3558 859 3628 cognita,
898 3565 953 3611 et
991 3571 1111 3626 quae
1140 3555 1274 3610 ﬁunt
1302 3556 1354 3610 in
1385 3572 1695 3628 unaquaque.
1735 3573 1959 3628 genera-

362 3652 535 3716 tione,
566 3648 860 3704 videamus.
892 3651 1030 3716 Quot
1053 3647 1264 3702 Juliauo
1299 3648 1613 3718 imperante,
1655 3649 1744 3720 qui
1771 3664 1958 3704 omnes

363 3743 646 3812 impietate
703 3740 1007 3810 superavit,
1062 3739 1186 3794 dum
1240 3750 1633 3810 oppugnaretur
1682 3741 1954 3806 Ecclesia,

361 3833 505 3886 facta
532 3831 697 3885 sunt?
717 3840 845 3901 quot
869 3830 1195 3884 Maximino?
1219 3839 1348 3900 quot
1371 3839 1494 3886 ante
1519 3833 1647 3886 istos
1670 3833 1960 3902 Imperato-

362 3925 497 3980 res?
529 3923 637 3978 Sed
666 3923 710 3977 si
739 3923 924 3988 vnltis,
970 3938 1033 3977 ea
1073 3923 1233 3976 etiam
1269 3938 1388 3993 quae
1428 3924 1481 3976 in
1523 3934 1700 3978 nostra
1731 3939 1961 3995 genera-

361 4019 515 4072 tione
541 4023 858 4079 evenerunt,
891 4029 1085 4084 nempe
1113 4027 1301 4068 cruces
1331 4023 1551 4083 repente
1578 4016 1630 4070 in
1665 4017 1956 4070 veStimen-

360 4110 438 4166 tis
476 4108 751 4176 impressa;
788 4105 903 4176 (a),
946 4103 1208 4175 Apollinis
1255 4107 1507 4176 templum
1553 4105 1772 4161 fulmine
1808 4107 1958 4177 deje-

360 4216 547 4271 ctum,
603 4207 772 4261 sancti
827 4205 1077 4278 martyris
1125 4205 1338 4276 Babyla:
1373 4205 1462 4275 qui
1503 4206 1556 4260 in
1601 4205 1816 4276 Daphne
1846 4216 1960 4263 erat

367 4299 655 4354 translatio
681 4299 780 4368 (b),
810 4305 864 4352 et
890 4309 1074 4368 aperta
1105 4298 1362 4352 adversus
1389 4298 1687 4352 dii-nionem
1714 4299 1956 4368 victoria,

359 4391 658 4460 queestoris
711 4389 1066 4458 imperatoriae
1112 4391 1350 4458 pecunia:
1402 4390 1671 4459 inopinata
1718 4407 1862 4446 mors
1905 4401 1959 4447 et

359 4481 722 4546 admirabilis,
752 4481 916 4550 ipsius
945 4480 1286 4547 Imperatoris
1313 4482 1509 4545 caedes,
1539 4483 1704 4551 ipsius
1744 4484 1956 4552 inquam

361 4573 590 4639 Juliani,
622 4573 710 4642 qui
739 4586 926 4627 omnes
969 4571 1242 4640 impietate
1267 4571 1490 4639 vicerat,
1522 4583 1576 4628 et
1618 4575 1864 4629 avunculi
1905 4575 1960 4629 il-

360 4665 471 4719 lius
512 4665 776 4730 interitus,
808 4665 1069 4718 vermium
1117 4663 1317 4726 fontes,
1361 4664 1570 4733 aliaque
1600 4665 1961 4720 innumerabi-

365 4755 460 4821 lia,
507 4752 700 4816 fames,
745 4754 960 4808 siccitas
1002 4761 1056 4806 et
1096 4753 1370 4817 sterilitas,
1410 4768 1666 4823 aquarum
1715 4758 1958 4825 penuria,

363 4860 488 4913 quis
522 4860 624 4898 una
655 4861 776 4900 cum
812 4860 878 4900 eo
909 4845 1155 4900 civitates
1191 4845 1402 4907 invasit,
1432 4855 1486 4900 et
1514 4845 1614 4899 alia
1654 4846 1848 4918 ubique
1874 4849 1957 4902 in-

364 4953 613 4993 numera.

439 5031 493 5084 5.
539 5029 615 5084 Ea
643 5044 854 5098 quoque
901 5046 1019 5099 qua!
1069 5031 1120 5085 in
1153 5030 1434 5086 Palaestina
1476 5040 1600 5086 tunc
1643 5045 1956 5102 evenerunt,

362 5120 724 5190 eognovistis.
750 5122 976 5188 Quando
1004 5124 1144 5177 enim
1170 5122 1297 5177 illud
1326 5125 1602 5193 templum,
1629 5126 1808 5182 divina
1829 5143 1956 5184 sen-

364 5214 534 5267 tentia
564 5212 821 5279 dirutum,
846 5230 1027 5269 rursus
1053 5215 1320 5270 ardiﬁcare
1346 5217 1592 5272 volebant
1613 5218 1804 5285 Judaei,
1825 5220 1959 5291 ignis

435 5363 506 5435 (a)
540 5371 636 5435 llat-
666 5377 836 5435 crnces
874 5365 922 5413 in
967 5366 1272 5416 vestimentis
1318 5368 1567 5435 impressae
1609 5371 1923 5435 observanda:
1943 5413 1958 5435 ,

371 5425 546 5493 quales
569 5426 717 5493 etiam
753 5428 878 5493 visas
913 5439 1026 5476 esse
1051 5438 1268 5477 narratur
1297 5425 1458 5493 multis
1484 5439 1650 5492 postea
1677 5432 1852 5493 elapsis
1873 5425 1962 5485 sae:

371 5487 512 5557 culis,
537 5487 731 5550 quando
756 5488 803 5557 in
826 5496 1021 5557 Terram
1043 5498 1270 5557 sanctam
1281 5505 1342 5557 ex_
1350 5487 1622 5557 peditiones
1635 5487 1962 5557 suscipieban-

375 5556 468 5616 tur.
488 5557 602 5607 Quae
627 5561 746 5616 vero
769 5551 833 5597 de
860 5549 1041 5616 templo
1068 5551 1300 5616 Azollinis
1323 5549 1524 5614 fulmine
1549 5564 1690 5616 tacto,
1717 5549 1781 5606 dé
1807 5566 1960 5608 trans-

376 5609 552 5675 latione
596 5611 750 5675 sancti
797 5609 1036 5675 Babylie,
1059 5609 1183 5670 ete.,
1223 5611 1440 5675 pluribus
1475 5609 1724 5666 narrantur
1761 5621 1808 5669 in
1853 5621 1960 5672 Vita

375 5671 714 5742 girysostomi.
739 5671 905 5742 Deque
929 5674 1003 5723 his
1021 5674 1117 5742 jam
1143 5671 1344 5737 plurium
1367 5678 1488 5728 dixit
1524 5679 1890 5742 Chryscstomus
1913 5671 1959 5733 in

380 5734 594 5796 tineomio
616 5740 660 5781 S.
690 5734 888 5796 Babylze,
914 5734 1046 5783 'I'oui.
1075 5735 1092 5784 Ι
1102 5736 1135 5785 l.

439 5794 508 5857 (ὁ)
541 5802 652 5843 llaec
671 5797 761 5844 sub
779 5794 964 5846 Juliano
986 5798 1108 5847 facta
1133 5806 1208 5848 cst
1232 5798 1541 5860 reliquiarum
1565 5806 1828 5856 translatio.

1495 406 1856 466 EXPOSITIO
1895 404 1959 460 IN
1999 403 2317 462 PSALMUM
2345 406 2456 470 CX.

3551 411 3658 468 286

2073 517 2160 587 qui
2188 531 2218 572 e
2246 517 2600 574 fundamentis
2626 519 2820 575 exsiliit
2838 534 3025 575 omnes
3050 520 3244 589 abegit,
3269 530 3322 576 ct
3347 521 3397 576 id
3431 530 3665 579 testatur

2072 621 2206 677 Opus
2234 608 2376 677 quod
2409 611 2603 665 mansit
2631 611 3020 681 imperfectum.
3049 613 3338 668 Misericors
3365 625 3408 666 et
3444 615 3656 670 misera-

2069 707 2148 751 tor
2176 696 2425 754 Dominus
2464 702 2516 755 5.
2550 718 2714 756 escam
2761 703 2895 756 dedit
2925 703 3208 757 timentibus
3247 720 3318 758 se.
3369 703 3655 775 Postquam

2071 789 2405 844 annuntiavit
2454 791 2545 844 Dei
2599 791 2878 859 beneﬁcia,
2907 808 3026 862 quae
3061 809 3155 863 per
3200 793 3454 847 miracula
3484 804 3536 848 et
3565 811 3660 864 per

2067 889 2230 945 Opera
2274 886 2489 947 accepta
2536 889 2680 944 sunt,
2713 895 2774 935 ac
2798 895 2980 936 curam
3013 897 3170 951 quam
3198 882 3370 936 nostri
3416 883 3573 953 gerit,
3607 886 3657 938 in

2069 982 2136 1021 eo
2165 983 2376 1023 rursum
2422 971 2711 1041 ampliﬁcat
2743 972 3060 1039 orationem,
3092 973 3378 1029 ostendens
3409 991 3527 1029 eum
3569 976 3657 1046 qui

2069 1068 2148 1115 tot
2189 1071 2243 1116 et
2285 1072 2425 1116 tanta
2459 1063 2584 1117 fecit
2628 1079 2722 1133 pro
2749 1065 2921 1118 salute
2953 1065 3246 1130 hominum,
3278 1077 3331 1120 et
3381 1082 3474 1121 eos
3512 1066 3660 1123 omni

2069 1153 2276 1208 ratione
2300 1155 2552 1220 erudivit,
2575 1163 2629 1209 et
2651 1156 2824 1210 erudit
2852 1157 2901 1210 in
2932 1157 3022 1210 Dei
3049 1159 3348 1227 cognitione
3371 1160 3424 1213 et.
3449 1174 3657 1213 summa

2068 1243 2426 1313 philosophia,
2457 1260 2745 1316 eorumque
2775 1248 2934 1300 vitam
2980 1250 3121 1302 fovet
3158 1255 3213 1303 et
3257 1249 3517 1311 sustinet,
3551 1265 3655 1305 non

2068 1332 2169 1387 hoc
2199 1332 2376 1390 facere
2405 1348 2471 1389 ex
2499 1334 2678 1390 debito
2710 1336 2882 1406 (quod
2931 1349 3013 1392 est
3044 1339 3270 1392 maxima
3311 1339 3536 1410 gratia),
3562 1341 3653 1395 sed

2065 1433 2282 1493 propter
2311 1439 2458 1478 suam
2510 1426 2847 1480 clementiam
2893 1436 2947 1482 et
2993 1427 3430 1493 miscricordiam,
3463 1445 3566 1483 non
3601 1439 3655 1486 ut

2063 1515 2151 1583 qui
2182 1514 2309 1584 ipsis
2335 1525 2504 1584 egeat,
2538 1516 2631 1571 sed
2665 1525 2880 1587 propter
2936 1520 3102 1573 solam
3145 1535 3295 1575 suam
3341 1522 3655 1579 bonitatem.

2069 1603 2250 1657 Escam
2272 1604 2410 1658 dedit
2439 1606 2724 1660 timentibus
2749 1624 2820 1661 se.
2840 1607 2952 1673 Qua
2983 1609 3049 1662 de
3070 1617 3228 1663 causa
3249 1625 3342 1664 cos
3362 1610 3450 1680 qui
3483 1611 3650 1680 ipsum

2069 1694 2256 1749 timent
2296 1694 2383 1750 hic
2423 1697 2643 1766 posuit?
2685 1713 2856 1768 neque
2886 1700 3027 1753 enim
3071 1715 3164 1754 eos
3191 1701 3336 1756 solos
3381 1703 3566 1756 nutrit.
3597 1703 3651 1756 l'n

2065 1779 2352 1857 Evangelio
2381 1789 2520 1842 enim
2540 1788 2693 1843 dicit:
2719 1790 2818 1856 Qui
2851 1792 3002 1846 solem
3022 1793 3145 1846 oriri
3176 1795 3296 1864 facit
3316 1812 3467 1865 super
3495 1798 3656 1851 malos

2061 1888 2107 1931 et
2145 1880 2319 1946 bonos,
2344 1891 2391 1934 et
2419 1881 2544 1950 pluit
2569 1899 2719 1953 super
2737 1884 2906 1952 justas
2931 1892 2980 1938 et
3004 1884 3220 1954 iniustos
3241 1885 3449 1958 (Jlattlt.
3470 1888 3652 1959 5.45).

2062 1970 2340 2037 Quomodo
2371 1988 2498 2042 ergo
2522 1973 2673 2038 dixit,
2693 1973 3008 2030 Timentibus
3033 1977 3132 2031 se?
3163 1975 3258 2032 llic
3287 1980 3416 2033 mihi
3446 1980 3653 2036 videtur

2070 2062 2252 2118 dicere
2298 2063 2607 2119 alimentum
2641 2081 2746 2120 non
2778 2069 3040 2136 corporis,
3071 2067 3163 2123 sed
3206 2071 3386 2123 animi.
3439 2069 3503 2124 Et
3535 2072 3654 2126 ideo

2069 2155 2302 2226 loquitur
2346 2158 2520 2212 solum
2546 2157 2613 2213 de
2646 2159 2952 2214 timentibus
2980 2179 2994 2214 :
3029 2159 3080 2215 id
3125 2163 3264 2216 enim
3306 2172 3386 2217 est
3412 2163 3490 2217 eis
3515 2166 3650 2218 assi-

2063 2259 2304 2319 gnatum.
2363 2249 2495 2306 Nam
2537 2253 2985 2322 quemadmodum
3032 2255 3263 2308 nutritur
3311 2271 3533 2326 corpus,
3580 2258 3649 2312 ita

2061 2340 2292 2395 nutritur
2317 2341 2516 2396 anima.
2545 2342 2698 2410 Quod
2728 2352 2903 2398 autem
2936 2345 3218 2412 nutriatur,
3247 2346 3367 2399 audi
3403 2363 3416 2398 :
3451 2339 3572 2400 Non
3600 2348 3653 2401 in

2059 2431 2167 2486 solo
2199 2448 2327 2502 pane
2353 2434 2476 2487 vivet
2512 2434 2684 2500 homo,
2712 2435 2800 2489 sed
2828 2435 2877 2486 in
2910 2435 3046 2488 onmi
3074 2435 3222 2489 verba
3247 2437 3382 2503 quod
3403 2437 3654 2508 egreditur

2063 2541 2152 2593 per
2186 2541 2241 2579 os
2291 2522 2383 2579 Dei
2415 2525 2541 2595 (Id.
2587 2527 2640 2580 4.
2689 2525 2788 2599 4).
2849 2525 2960 2582 Hoc
3005 2543 3133 2596 ergo
3180 2529 3308 2582 dicit
3359 2533 3654 2584 nutrimen-

2062 2625 2193 2680 tum,
2212 2617 2352 2686 quod
2380 2617 2539 2672 etiam
2568 2618 2709 2672 dedit
2741 2619 3006 2688 przeeipuc
3031 2621 3109 2674 eis
3130 2620 3216 2690 qui
3243 2621 3413 2690 ipsum
3441 2622 3650 2688 timent,

2061 2709 2354 2765 doctrinam
2389 2727 2482 2779 per
2505 2726 2826 2776 sermonem,
2849 2709 3224 2776 eruditionem,
3245 2708 3454 2768 omnem
3477 2712 3652 2783 philo-

2061 2801 2326 2870 sophiam.
2376 2801 2574 2855 Memor
2604 2803 2697 2855 erit
2725 2805 2776 2855 in
2802 2803 3043 2856 steculum
3066 2805 3348 2857 testamenti
3372 2805 3469 2858 sui.
3513 2805 3655 2858 Rur-

2065 2906 2156 2947 sus
2195 2893 2499 2946 Judaaorum
2547 2895 2902 2963 arrogantiam
2945 2896 3324 2964 comprimens,
3373 2907 3426 2951 et
3469 2913 3652 2952 eorum

2068 2980 2261 3036 fastum
2288 2993 2592 3053 amputans,
2625 2984 2706 3038 vel
2737 2984 2909 3054 potius
2936 2985 3222 3041 ostendens
3251 3003 3345 3042 eos
3373 3005 3491 3058 qure
3515 2991 3652 3043 bona

2063 3074 2375 3142 consequuti
2424 3082 2567 3140 sunt,
2601 3089 2662 3128 ea
2712 3090 2816 3127 non
2864 3086 3221 3146 consequutos
3267 3092 3386 3134 esse
3437 3089 3656 3150 propter

2068 3178 2162 3218 sua
2194 3165 2402 3231 merita,
2436 3164 2529 3219 sed
2573 3175 2793 3235 propter
2840 3167 3004 3236 ipsius
3032 3168 3326 3223 amicitiam.
3367 3169 3420 3225 in
3465 3188 3652 3227 eorum

2063 3265 2332 3322 parentes,
2354 3264 2407 3308 et
2433 3265 2648 3325 propter
2675 3266 2823 3326 pacta
2848 3271 2964 3326 qua:
2984 3271 3103 3313 cum
3128 3260 3233 3315 illis
3255 3260 3471 3326 fecerat,
3490 3263 3650 3319 dicit:

2063 3342 2261 3399 Memor
2288 3347 2378 3399 erit
2408 3347 2459 3400 in
2483 3348 2723 3402 steculum
2755 3351 3036 3403 testamenti
3062 3351 3144 3404 sui
3171 3367 3190 3406 .°
3219 3352 3361 3422 quod
3395 3357 3652 3424 prcecepit

2063 3438 2222 3491 etiam
2254 3435 2428 3492 Moses
2469 3438 2548 3492 eis
2594 3439 2910 3493 intrantibus
2952 3440 3002 3494 in
3049 3451 3242 3497 terram
3289 3445 3655 3513 promissionis

2062 3527 2240 3582 dicere
2290 3539 2342 3583 et
2385 3531 2639 3600 cogitare.
2675 3532 2757 3600 (a)
2787 3532 2847 3587 Si
2875 3534 3014 3588 enim
3063 3535 3413 3604 (edi/icaveris,
3463 3539 3651 3609 inquit,

2062 3619 2205 3670 urbes
2255 3621 2547 3688 praeclaras,
2594 3630 2641 3674 et
2693 3623 2919 3692 pecunia:
2963 3619 3164 3678 divitias
3218 3627 3540 3698 adipiscaris,
3591 3647 3654 3684 ne

2061 3707 2267 3772 dixeris,
2315 3707 2534 3778 Propter
2574 3726 2736 3764 meam
2772 3712 3025 3782 justitiam
3068 3713 3174 3768 hac
3201 3716 3338 3785 facta
3366 3729 3501 3781 sunt,
3543 3720 3650 3783 sed,

2064 3794 2281 3868 Propter
2306 3807 2455 3868 pacta
2496 3800 2621 3853 inita
2649 3807 2761 3854 cum
2797 3803 3020 3872 patribus
3061 3806 3157 3858 tuis
3197 3801 3375 3876 (Deut.
3403 3808 3456 3863 9.
3487 3809 3539 3862 4.
3573 3809 3649 3879 5).

2063 3887 2202 3942 Nihil
2251 3899 2334 3944 est
2378 3893 2518 3944 enim
2567 3891 2804 3947 deterius
2854 3897 3188 3964 arrogantia,
3239 3907 3293 3951 et
3343 3899 3463 3953 ideo
3507 3901 3654 3958 omni

2063 3979 2222 4034 modo
2249 3990 2302 4034 et
2330 3982 2535 4037 ratione
2565 3983 2702 4037 Deus
2731 3999 2847 4039 eam
2876 3986 3084 4041 assidue
3113 3998 3338 4042 resecat.
3382 3989 3433 4044 6.
3473 3989 3651 4044 Virtu-

2064 4080 2162 4124 tem
2189 4079 2398 4141 operum
2446 4089 2651 4126 suorum
2682 4078 2998 4130 (inituutiaril
3045 4079 3233 4146 papula
3260 4097 3372 4146 suo,
3409 4081 3458 4134 7.
3491 4093 3544 4134 ut
3571 4084 3653 4136 det

2063 4164 2162 4218 illis
2190 4163 2515 4218 hereditatem
2543 4169 2782 4236 gentium.
2808 4169 2850 4221 A
2879 4171 3214 4238 generalibus
3238 4173 3427 4226 transit
3453 4174 3517 4228 ad
3540 4177 3652 4229 sin-

2062 4255 2260 4324 gularia
2291 4272 2308 4311 :
2339 4256 2407 4310 ab
2437 4257 2501 4311 iis
2531 4271 2650 4327 qua:
2693 4259 2826 4312 facta
2855 4271 2977 4313 sunt
3019 4259 3070 4313 in
3114 4260 3244 4316 orbe
3275 4271 3557 4332 terrarum,
3585 4268 3650 4320 ad

2063 4363 2126 4402 ea
2155 4363 2272 4417 quse
2300 4357 2591 4403 evenerunt
2619 4348 2835 4404 Judaris.
2862 4351 3210 4421 Quamquam,
3244 4355 3286 4407 si
3318 4356 3436 4423 quis
3467 4372 3527 4410 ea
3568 4356 3650 4412 di-

2065 4440 2292 4510 ligenter
2335 4440 2782 4508 consideraverit,
2828 4458 2891 4497 ea
2941 4459 3152 4514 quoque
3193 4446 3434 4502 obtinent
3475 4450 3651 4506 locum

2063 4529 2410 4600 generalium.
2441 4529 2571 4597 Qua:
2601 4533 2740 4585 enim
2773 4532 2823 4585 in
2855 4532 2975 4588 illos
3007 4534 3139 4588 facta
3167 4545 3310 4602 sunt,
3329 4537 3652 4597 documenta

2063 4621 2181 4675 aliis
2206 4621 2570 4692 praebuerunt,
2599 4631 2652 4678 et
2679 4623 2835 4690 bella,
2863 4633 2916 4678 et
2942 4633 3162 4695 Impiea,
3186 4636 3238 4682 et
3263 4629 3496 4685 victoria:
3540 4632 3654 4687 luo--

2065 4720 2190 4767 runt
2219 4714 2282 4768 iis
2311 4715 2399 4783 qui
2425 4715 2707 4768 attendunt
2730 4715 2898 4769 instar
2927 4717 3339 4786 prmdicationis.
3364 4715 3477 4776 Non
3509 4725 3653 4779 enim

2066 4803 2299 4856 humano
2329 4819 2476 4859 more
2502 4814 2556 4859 et
2584 4805 2789 4871 ordine,
2819 4805 2914 4861 sed
2941 4823 3101 4878 supra
3141 4812 3400 4866 rationem
3431 4829 3492 4867 ea
3520 4828 3648 4869 evo-

2067 4893 2304 4947 niebant.
2349 4893 2586 4960 Quanam
2630 4897 2770 4951 enim
2824 4913 2999 4952 rerum
3047 4903 3425 4970 consequentia
3458 4901 3652 4960 factum

2066 4993 2167 5046 est,
2202 4991 2258 5037 ut
2281 4985 2359 5039 eis
2388 4985 2509 5039 tuba
2537 4988 2846 5043 canentibus
2871 4990 3066 5045 naenia
3092 5000 3425 5056 corruerent,
3453 5002 3508 5048 et
3535 5010 3654 5048 mu-

2068 5075 2165 5130 lier
2190 5077 2391 5133 ducens
2421 5080 2711 5134 exercitum
2744 5081 2982 5136 vinceret
3020 5091 3074 5137 ct
3101 5085 3345 5152 superior
3381 5086 3650 5152 evaderet,

2067 5177 2120 5222 et
2151 5184 2342 5237 parvus
2368 5169 2576 5241 puellus
2612 5170 2755 5240 jactu
2785 5176 2940 5226 unius
2977 5173 3165 5242 lapidis
3207 5175 3340 5227 bella
3383 5175 3652 5233 barbarica

2067 5261 2354 5317 conﬁceret
2385 5262 2520 5334 (los.
2545 5263 2598 5318 6.
2620 5264 2710 5318 20.
2731 5261 2858 5317 Jud.
2883 5265 2934 5318 4.
2967 5263 3014 5316 1.
3044 5257 3202 5338 tReg.
3229 5270 3312 5322 l7.
3336 5269 3469 5339 49)?
3495 5271 3654 5327 Multa

2067 5366 2278 5422 quoque
2309 5352 2408 5405 alia
2438 5352 2770 5408 incredibilia
2800 5364 2852 5408 et
2879 5356 3126 5423 opinione
3173 5359 3372 5426 majora
3403 5363 3481 5415 eis
3516 5378 3647 5416 eve-

2070 5444 2308 5498 niebant.
2345 5441 2416 5496 Ita
2457 5443 2638 5499 hostes
2680 5445 2938 5508 vicerunt,
2971 5447 3037 5500 ita
3077 5464 3141 5502 ex
3173 5449 3446 5505 Palwslitta
3485 5470 3649 5522 expu-

2071 5536 2512 5603 lerunt.Quando
2554 5552 2682 5607 ergo
2726 5537 2871 5606 dicit,
2916 5536 3155 5594 Virtutem
3202 5559 3408 5614 aperum
3437 5561 3651 5600 suorum

2131 5690 2204 5752 (rt)
2237 5695 2640 5764 Qusesequuntur
2664 5693 2857 5764 (mmino
2878 5692 3074 5744 diverse
3095 5697 3260 5759 jaceat
3281 5698 3326 5747 in
3343 5698 3650 5749 Deute'o'm-

2069 5756 2258 5866 Illiobltl
2284 5751 2467 5862 vidiuis.
2493 5753 2718 5803 Nimirum
2739 5751 3314 5816 tlliq'sostornus'seiisiim
3340 5775 3372 5810 n'
3390 5765 3494 5819 ag's
3504 5765 3646 5814 (tuan

2071 5831 2159 5866 τρι·
2197 5828 2223 5864 ει
2245 5825 2290 5869 5|.
2320 5820 2364 5863 ὐ
2388 5825 2413 5861 3
2441 5845 2454 5860 .
