4114 6278
453 444 555 500 287

455 558 772 612 annuntiavit
818 557 1003 627 papula
1038 572 1149 620 suo,
1182 556 1311 611 nihil
1356 555 1497 610 aliud
1527 556 1675 624 dicit,
1706 571 1866 627 quam
1910 572 2033 611 ettm

454 667 606 706 suam
631 650 931 704 ostendisse
971 650 1281 718 potentiam,
1313 648 1442 704 dum
1472 664 1577 703 non
1618 658 1819 704 tantum
1852 660 2038 720 gentes

454 740 692 809 ejiceret,
718 738 811 794 sed
839 754 903 793 eo
934 739 1091 793 modo
1114 739 1349 809 ejiceret,
1379 756 1484 809 quo
1524 741 1752 794 maxime
1796 748 2041 809 poterant

454 849 800 903 cognoscere,
824 835 921 889 etsi
945 835 1118 904 priora
1143 834 1496 900 sufﬁciebant,
1514 833 1726 905 quando
1750 843 1863 887 erat
1888 833 2037 903 plaga

456 927 690 979 immissa
733 927 784 979 in
816 941 909 980 eos
938 926 1188 981 divinitus
1218 944 1231 979 :
1261 937 1313 981 et
1353 942 1419 980 eo
1455 925 1681 981 ducente
1721 926 2034 990 exercitum,

455 1020 521 1073 de
554 1018 787 1072 hostium
821 1019 978 1073 rebus
1007 1018 1414 1073 decernebatur.
1444 1019 1556 1072 Non
1581 1019 1721 1073 enim
1756 1034 1849 1087 per
1878 1018 2036 1072 verba

454 1116 683 1175 tantum,
703 1107 796 1163 sed
822 1109 979 1162 etiam
1013 1123 1106 1176 per
1134 1109 1266 1162 facta
1299 1123 1392 1163 eos
1413 1108 1654 1171 docebat,
1681 1124 1777 1179 per
1805 1109 2034 1172 calceos,

454 1214 550 1269 per
591 1209 788 1266 vestes,
821 1216 916 1269 per
961 1202 1287 1265 alimentum,
1342 1215 1437 1269 per
1482 1200 1655 1254 lucem
1700 1201 1943 1254 diurnam
1986 1209 2039 1252 et

454 1301 789 1358 nocturnam,
841 1309 934 1362 per
977 1294 1194 1358 nubem,
1241 1307 1334 1361 per
1376 1291 1536 1357 bella,
1570 1306 1665 1360 per
1709 1306 1909 1360 pacem,
1945 1306 2038 1360 per

455 1395 677 1455 troptca,
713 1401 806 1454 per
842 1385 1235 1455 agriculturam,
1270 1400 1364 1454 per
1394 1385 1632 1454 pluvias:
1666 1383 1843 1436 omnia
1883 1383 2035 1437 deni-

452 1492 557 1545 que
585 1490 766 1529 vocem
796 1476 1110 1531 emittebant
1138 1476 1417 1530 Dominum
1464 1474 1827 1545 prmdicantia,
1860 1483 1915 1529 et
1939 1489 2034 1527 ex-

456 1579 710 1621 czecatam
755 1576 986 1621 mentem
1036 1567 1384 1634 stimulantia,
1423 1581 1522 1622 nec
1566 1565 1731 1620 ullum
1784 1578 2034 1633 umquam

452 1666 663 1727 tempus
690 1658 1052 1713 intermissum
1084 1666 1186 1722 est,
1225 1656 1276 1711 in
1320 1671 1427 1727 quo
1472 1671 1577 1711 non
1604 1654 1898 1725 frequentia
1942 1670 2036 1709 sna

452 1749 603 1819 signa
630 1747 942 1803 ostenderit.
979 1746 1149 1817 Opera
1184 1762 1427 1800 manuum
1460 1747 1589 1816 ejus,
1619 1745 1799 1799 veritas
1825 1753 1872 1799 et
1887 1745 2035 1812 judi-

451 1840 607 1892 cium.
639 1838 927 1907 Postquam
971 1836 1037 1891 de
1083 1838 1202 1906 ejus
1246 1837 1480 1906 potentia
1524 1835 1792 1901 disseruit,
1825 1833 2038 1890 disserit

452 1930 614 1984 etiam
649 1928 717 1984 de
759 1929 905 1998 justo
942 1927 1162 1998 judicio,
1198 1928 1337 1998 quod
1385 1943 1491 1983 non
1531 1929 1704 1983 solum
1747 1930 2034 1998 potentiam

453 2019 690 2076 ostendit
715 2019 766 2073 itt
798 2019 865 2073 iis
888 2036 1007 2089 quae
1035 2018 1177 2083 fecit,
1207 2020 1299 2075 sed
1328 2019 1488 2075 etiam
1511 2021 1728 2075 multam
1754 2020 2035 2090 justitiam.

454 2109 635 2180 Neque
655 2110 797 2164 enim
835 2118 1020 2180 gentes
1052 2112 1166 2165 sine
1196 2125 1353 2165 causa
1384 2111 1607 2180 expulit,
1632 2110 1843 2180 quando
1870 2109 2038 2164 voluit

453 2201 665 2258 Judieos
707 2201 1065 2266 introducere,
1098 2200 1193 2256 sed
1223 2201 1382 2258 etiam
1405 2202 1526 2270 jure
1552 2202 1772 2271 expulit.
1820 2202 1884 2255 Et
1917 2201 2036 2255 ideo

452 2294 575 2348 alibi
613 2308 822 2364 quoque
862 2293 1068 2348 dicebat
1096 2293 1269 2348 Moses
1301 2310 1315 2347 :
1349 2291 1591 2348 Nondum
1621 2294 1751 2347 enim
1791 2294 2037 2364 completa

452 2394 569 2440 sunt
614 2396 817 2456 peccata
865 2384 1271 2439 Antorrltworunt
1308 2384 1460 2455 (Gen.
1504 2387 1588 2440 l5.
1627 2385 1740 2458 16).
1789 2386 1913 2440 llaec
1938 2402 2034 2439 au-

454 2487 561 2531 tem
591 2493 695 2531 non
735 2477 906 2530 solum
933 2478 1034 2531 dici
1068 2486 1290 2547 possunt
1315 2478 1379 2531 de
1405 2477 1621 2542 induis,
1651 2489 1704 2531 et
1733 2477 1800 2532 tle
1825 2478 1887 2531 iis
1916 2494 2035 2546 qua:

376 2616 382 2621 .
456 2569 564 2624 illis
593 2577 907 2632 evenerunt,
932 2568 1025 2623 sed
1055 2584 1236 2623 rursus
1256 2569 1515 2639 generalis
1553 2579 1631 2623 est
1663 2569 1852 2622 oratio.
1877 2567 2034 2634 Qua:-

454 2673 680 2728 cnntque
706 2659 846 2714 enim
887 2660 954 2713 ab
984 2674 1047 2714 eo
1074 2660 1206 2715 facta
1238 2670 1377 2726 sunt,
1410 2662 1604 2714 veritas
1641 2671 1761 2714 sunt
1800 2670 1852 2715 et
1892 2660 2033 2730 judi-

455 2752 594 2805 cium
625 2769 639 2817 ;
683 2751 961 2821 judicium,
992 2752 1096 2807 hoc
1139 2761 1221 2808 est
1243 2752 1467 2822 justitia.
1513 2754 1658 2809 Solet
1683 2763 1857 2808 autem
1886 2769 2028 2822 sa'pc

456 2840 730 2910 Scriptura
760 2842 1035 2897 veritatem
1085 2858 1278 2899 vocare
1323 2844 1681 2898 clementiam.
1709 2845 1856 2910 Quod
1908 2860 2034 2914 ergo

455 2930 604 2996 diett,
637 2941 714 2985 est
745 2931 1006 3001 ejusmodi
1042 2951 1054 2985 :
1084 2947 1202 2986 cum
1236 2933 1437 3001 justitia
1476 2944 1528 2987 et
1555 2935 1832 2989 clementia
1858 2935 2034 2989 omnia

459 3023 669 3078 miscuit
693 3034 747 3078 et
769 3025 1101 3093 temperavit.
1134 3024 1190 3078 Si
1218 3025 1356 3079 enim
1387 3025 1498 3080 sola
1516 3025 1651 3096 juris
1678 3027 1881 3081 ratione
1909 3041 2036 3082 usus

458 3120 623 3179 esset,
654 3113 830 3166 omnia
871 3114 1167 3182 pcriissent.

528 3204 582 3260 6.
627 3205 691 3259 Et
735 3205 854 3260 ideo
898 3204 985 3260 hic
1013 3206 1125 3276 ipse
1147 3222 1356 3278 quoque
1399 3207 1657 3279 propheta
1702 3207 1825 3262 alibi
1859 3207 2032 3263 dicit:

458 3292 544 3348 Ne
568 3294 724 3350 intres
745 3295 797 3348 in
806 3296 1060 3367 judicium
1080 3313 1194 3350 cum
1218 3314 1355 3351 servo
1378 3309 1463 3352 tuo
1495 3314 1514 3351 :
1537 3299 1773 3368 quoniam
1812 3316 1912 3353 non
1948 3300 2034 3369 ju-

457 3383 757 3452 sti/imbitur
775 3386 824 3439 in
848 3397 1115 3456 conspectu
1147 3398 1231 3441 tuo
1252 3389 1413 3443 omnis
1433 3390 1597 3444 vivens
1619 3389 1784 3461 (Psal.
1810 3392 1930 3446 H2.
1954 3392 2033 3459 2).

460 3472 530 3527 Et
560 3488 742 3529 rursus
777 3476 882 3530 :Si
925 3478 1206 3546 iniquitates
1249 3480 1598 3545 observaveris,
1650 3481 1881 3549 Domine,
1929 3482 2036 3537 Do-

459 3564 611 3630 mine,
642 3566 751 3634 quis
776 3567 1031 3621 sustinebit
1053 3568 1221 3641 (I’sal.
1253 3569 1373 3625 129.
1409 3571 1504 3642 3)?
1531 3572 1889 3644 Quaecumque
1909 3589 2037 3644 ergo

460 3656 527 3707 ab
556 3670 621 3709 eo
648 3654 797 3723 ﬁunt,
822 3655 903 3710 ltis
929 3658 1165 3729 utrisque
1194 3660 1348 3729 plena
1375 3671 1515 3715 sunt.
1547 3662 1675 3717 Nam
1699 3664 1810 3718 sive
1829 3679 2037 3719 summo

460 3748 802 3818 tantumjure
833 3750 1068 3805 ofﬁcium
1094 3753 1353 3822 exigeret,
1383 3755 1560 3809 omnia
1591 3755 1899 3821 interirent;
1924 3757 2037 3812 sive

458 3838 569 3892 sola
597 3848 832 3895 uteretur
849 3841 1150 3909 clementia,
1174 3845 1478 3914 complures
1498 3846 1845 3903 redderentur
1867 3851 2035 3919 negli-

456 3932 747 3999 gentiores.
797 3933 1056 4001 Quocirca
1099 3937 1319 3992 salutem
1379 3938 1653 3995 hominum
1703 3943 1932 4010 varians,
1969 3943 2034 3998 ad

456 4043 643 4083 eorum
672 4026 1055 4083 correctionem
1079 4027 1162 4083 ltis
1191 4030 1428 4099 utrisque
1458 4046 1584 4086 usus
1609 4039 1708 4087 est.
1749 4034 1800 4087 8.
1836 4032 2037 4088 Fidelia

457 4120 625 4173 omnia
641 4119 881 4174 mandata
891 4120 1022 4190 ejus.
1048 4119 1100 4174 Id
1119 4120 1257 4190 quod
1283 4121 1332 4174 itt
1358 4122 1534 4177 multis
1548 4123 1697 4191 locis,
1720 4122 1807 4178 hic
1826 4141 2037 4195 quoque

459 4211 599 4278 facit,
631 4225 660 4264 a
688 4211 945 4280 sapientia
976 4226 1094 4280 qua:
1114 4220 1196 4266 est
1226 4212 1276 4265 in
1306 4212 1586 4282 multiplici
1607 4229 1671 4270 ac
1708 4215 1854 4268 vario
1887 4230 2039 4271 erea-

460 4310 695 4357 turarum
725 4300 956 4370 opificio,
988 4311 1037 4355 et
1069 4301 1136 4355 ab
1166 4301 1280 4372 ejus
1309 4302 1635 4371 providentia
1667 4302 1731 4357 ad
1753 4304 1868 4373 ejus
1895 4304 2038 4375 leges

459 4393 745 4457 transiens,
775 4402 829 4447 et
877 4394 1018 4447 illam
1055 4403 1260 4464 p'trtem
1312 4395 1659 4465 providentia:
1707 4411 1893 4451 rursus
1928 4404 2038 4450 tra-

457 4492 632 4539 ctans.
664 4481 776 4535 Non
808 4482 984 4537 solum
999 4484 1139 4536 enim
1166 4483 1305 4553 quod
1337 4484 1495 4539 talem
1525 4495 1575 4539 et
1603 4494 1798 4539 tantam
1827 4496 2037 4541 creatu-

462 4587 574 4626 ram
606 4571 922 4635 condiderit,
949 4573 1041 4626 sed
1073 4575 1232 4626 etiam
1262 4575 1402 4642 quod
1430 4575 1598 4645 legem
1623 4576 1836 4641 tulerit,
1870 4577 2041 4634 homi-

461 4678 588 4716 num
620 4676 788 4731 genus
808 4663 1059 4716 correxit.
1086 4663 1154 4716 Et
1180 4664 1297 4719 ideo
1319 4667 1372 4719 in
1395 4666 1600 4722 decimo
1621 4678 1807 4723 octavo
1827 4669 2041 4726 Psthno

460 4769 581 4807 cum
625 4760 875 4821 utrasque
905 4751 999 4807 has
1031 4763 1205 4822 partes
1230 4755 1514 4823 divisisset,
1544 4758 1800 4829 incipiens
1828 4761 2039 4831 quidem

460 4844 594 4898 dixit
627 4860 639 4896 :
673 4840 797 4896 (Σαδιί
823 4852 1059 4905 enarrant
1087 4844 1299 4915 gloriam
1324 4844 1421 4900 Dei
1461 4845 1629 4917 (Psal.
1666 4848 1753 4904 18.
1787 4851 1842 4918 1)
1875 4868 1890 4905 :
1920 4866 2039 4905 eum

460 4946 635 4989 autem
662 4933 726 4987 ad
752 4933 983 4988 medium
1014 4938 1268 4999 venisset,
1300 4946 1351 4990 et
1372 4935 1440 4990 de
1455 4938 1725 4993 creatione
1746 4941 2042 4997 orationem

459 5025 798 5089 ahSolvisset,
829 5026 1134 5095 suhjttuxit:
1166 5026 1272 5081 Lex
1303 5025 1508 5082 Domini
1533 5029 1858 5085 immaculata
1877 5075 1890 5097 ,
1923 5050 2045 5089 con-

460 5128 653 5171 vertens
682 5118 877 5171 animos
904 5134 922 5171 :
949 5117 1471 5189 ptwceptuntDontini
1485 5120 1728 5188 lucidum,
1752 5122 2045 5180 illuminans

460 5209 632 5264 oculos
664 5209 820 5280 (Ibid.
852 5227 898 5264 v.
927 5212 979 5264 8.
1012 5210 1091 5280 9).

544 5301 696 5357 Varia
728 5314 1090 5373 prwceptortmt
1117 5320 1332 5374 genera;
1357 5320 1499 5359 nova:
1524 5306 1644 5378 legis
1668 5320 1918 5379 pra’cepta
1947 5328 2046 5365 non

462 5395 706 5464 abrogant
731 5404 930 5460 vetera;
947 5394 1076 5466 leges
1095 5395 1329 5451 humana:
1348 5408 1703 5453 attonwntanea:
1721 5410 1767 5455 et
1782 5401 2046 5468 obscurae;

466 5486 596 5553 leges
625 5485 806 5539 divina:
830 5488 983 5541 clara:
1005 5496 1050 5540 et
1070 5489 1590 5559 permanentes.—lta
1620 5492 1705 5546 hic
1723 5494 1879 5548 etiam
1899 5506 2046 5563 post-

464 5589 624 5644 quam
652 5575 785 5628 dixit
823 5576 890 5630 de
930 5578 1202 5633 miraculis
1226 5622 1241 5647 ,
1265 5590 1317 5634 et
1342 5587 1459 5649 ejtts
1487 5582 1884 5639 admirabilibus
1921 5601 2049 5656 epe-

468 5665 635 5728 ribus,
666 5679 807 5718 nune
825 5667 1128 5735 aggreditur
1143 5669 1322 5725 dicere
1337 5671 1403 5726 de
1421 5672 1716 5742 praeceptis,
1741 5674 1817 5729 sic
1832 5674 2044 5734 dicens:

473 5754 679 5814 Fidelia
718 5757 887 5808 omnia
942 5759 1182 5812 mandata
1224 5761 1354 5831 ejus,
1390 5763 1688 5829 conﬁrmata
1733 5765 1784 5818 in
1810 5768 2048 5823 saeculum

465 5846 661 5916 sa'culi,
688 5849 826 5918 facta
847 5848 895 5905 iu
926 5849 1131 5903 veritate
1160 5860 1202 5904 ct
1222 5850 1483 5921 α’ίμιὶιαιρ.
1509 5854 1622 5910 Non
1658 5855 1851 5913 frustra
1881 5859 2042 5915 dixit.

1172 442 1209 495 S
1267 442 1545 498 JOANNIS
1593 440 2070 498 CIIRYSOSTOMI
2123 442 2440 501 AllClllEP.
2481 412 3016 502 CONSTANTINOP.

3628 444 3733 498 288

2151 561 2353 627 Omnia,
2386 561 2479 616 sed
2520 571 2750 617 tractans
2793 561 3069 630 multiplex
3116 576 3280 631 genus
3325 571 3733 630 praceptorum,

2147 654 2321 722 posuit
2350 652 2485 707 hanc
2515 653 2821 706 dictionem.
2848 652 2980 707 Sunt
3018 651 3160 705 enim
3203 649 3464 720 prrecepta
3505 651 3733 704 creatio-

2146 745 2250 811 uis,
2281 759 2400 815 qum
2421 744 2669 798 observat
2696 742 2871 797 onmis
2893 752 3156 806 creatura,
3188 741 3348 796 solet
3373 741 3518 803 luna,
3546 739 3663 795 dies
3685 750 3737 795 et
3802 768 3823 786 κ.
3850 742 3855 753 ”

2146 853 2271 904 nox,
2297 846 2351 891 et
2374 837 2568 904 sidera,
2599 844 2860 903 terrwque
2886 844 2939 889 et
2961 843 3164 888 natura-
3180 847 3387 888 cursus.
3414 832 3549 886 Sunt
3574 832 3734 886 etiam

2147 937 2406 999 praecepta
2459 944 2577 998 qua:
2623 927 2744 982 data
2789 936 2912 981 sunt
2957 936 3161 985 natura:
3198 923 3267 977 ab
3322 923 3492 990 initio,
3522 922 3737 994 quando

2149 1021 2298 1074 tinxit
2326 1020 2616 1083 hominem,
2641 1019 2705 1071 de
2731 1018 2923 1086 quibus
2943 1016 3070 1070 dicit
3100 1014 3293 1070 Paulus
3324 1032 3337 1068 :
3363 1014 3582 1082 Quando
3602 1016 3734 1068 enim

2142 1121 2328 1181 gentes,
2361 1126 2474 1181 qua:
2503 1110 2660 1181 legent
2683 1126 2779 1162 non
2802 1107 3002 1172 habent,
3026 1124 3137 1176 qua:
3156 1107 3277 1177 legis
3296 1114 3414 1160 sunt
3440 1115 3625 1159 natura
3650 1111 3734 1178 fa-

2143 1204 2281 1256 ciunt
2300 1243 2315 1268 ,
2342 1204 2379 1256 ii
2407 1203 2564 1272 legem
2602 1218 2700 1255 non
2730 1201 2994 1265 habentes,
3021 1199 3240 1268 sibit'psis
3268 1208 3383 1253 sunt
3422 1198 3505 1253 lca:
3547 1198 3729 1269 (Rom.

2142 1293 2200 1346 2.
2232 1293 2342 1363 14).
2373 1294 2439 1347 Et
2466 1307 2651 1347 rursus
2678 1310 2691 1345 :
2722 1291 3048 1345 (.‘ondelcctor
3070 1291 3202 1344 enim
3229 1291 3325 1360 legi
3348 1288 3441 1343 Dei
3459 1291 3733 1344 secundum

2143 1382 2426 1437 interiorem
2453 1382 2706 1436 hominem
2737 1381 2753 1449 (
2783 1381 2930 1433 Rom.
2956 1381 3008 1433 7.
3032 1378 3144 1449 22).
3172 1380 3305 1434 Sunt
3335 1381 3493 1433 etiam
3526 1394 3727 1449 przece-

2143 1483 2229 1543 pta
2259 1489 2379 1544 qua:
2404 1472 2598 1542 scripta
2623 1481 2765 1527 sunt.
2797 1471 2921 1525 llaec
2942 1470 3118 1524 omnia
3144 1477 3472 1524 manserunt.
3501 1468 3655 1537 Quod
3684 1467 3731 1524 si

2143 1565 2251 1619 sint
2274 1564 2434 1620 etiam
2455 1563 2631 1634 aliqua
2662 1563 2930 1629 abrogata,
2963 1576 3068 1615 non
3097 1561 3155 1615 in
3180 1560 3353 1630 pejus,
3381 1559 3474 1614 sed
3518 1559 3577 1614 in
3611 1575 3727 1614 me-

2142 1658 2243 1713 lius
2260 1665 2458 1712 mutata
2475 1665 2619 1711 sunt.
2634 1655 2766 1729 Illud
2788 1656 2951 1720 enim,
2972 1654 3089 1707 Non
3102 1654 3296 1708 occides
3314 1652 3506 1725 (Exod.
3519 1652 3725 1723 ‘20.!5),

2142 1764 2249 1803 non
2271 1758 2351 1803 est
2367 1748 2697 1817 abrogatum,
2718 1747 2808 1802 sed
2828 1756 2905 1801 est
2929 1744 3307 1816 atnpliticatum
3327 1762 3339 1796 :
3359 1753 3414 1799 et
3439 1743 3590 1809 illud,
3610 1743 3728 1798 Non

2140 1840 2447 1894 adulterabis
2476 1838 2580 1909 (Ib.
2605 1855 2651 1892 v.
2678 1838 2768 1908 14)
2790 1879 2805 1903 ,
2842 1851 2945 1891 non
2980 1844 3062 1890 est
3093 1836 3379 1899 sublatum,
3419 1833 3514 1889 sed
3558 1834 3730 1903 majus

2130 1934 2386 1989 effectum
2422 1941 2524 1987 est.
2558 1930 2621 1985 Et
2653 1930 2772 1985 ideo
2801 1929 3048 1994 dicebat,
3079 1926 3200 1981 Non
3223 1928 3333 1980 veni
3356 1926 3546 1980 solvere
3572 1926 3727 1994 legent

2140 2036 2229 2080 aut
2258 2025 2551 2096 prophetas,
2582 2024 2670 2077 sed
2694 2023 2969 2091 adimpltre
2999 2020 3210 2092 (Matth.
3242 2019 3295 2075 5.
3326 2017 3435 2091 l7).
3456 2018 3555 2085 Qui
3583 2019 3726 2075 enim

2141 2134 2248 2174 non
2278 2117 2543 2183 irascitur,
2577 2115 2743 2169 multo
2769 2114 2934 2183 magis
2962 2128 2990 2166 a
3022 2112 3169 2167 caede
3199 2112 3489 2166 abstinebit
3518 2129 3531 2165 :
3559 2120 3613 2166 et
3637 2114 3727 2181 qui

2140 2208 2424 2279 impudicis
2445 2208 2613 2261 oculis
2641 2221 2743 2260 non
2770 2206 2981 2273 aSpiCil,
3012 2203 3221 2274 longius
3246 2204 3313 2258 ab
3347 2203 3609 2259 adulterio
3637 2218 3728 2258 se-

2141 2301 2248 2357 det.
2282 2300 2388 2356 Lex
2421 2314 2546 2369 ergo
2591 2298 2693 2353 hoc
2727 2298 2886 2353 habet
2925 2298 2974 2350 itt
3019 2297 3204 2366 primis
3230 2297 3506 2363 eximium,
3534 2311 3728 2364 nempe

2139 2391 2591 2447 immortalitatem
2619 2399 2673 2443 et
2698 2389 3102 2459 perpetuitatem
3127 2427 3142 2454 ,
3169 2387 3256 2443 lex
3281 2402 3473 2457 nempe
3501 2388 3728 2442 creatio-

2140 2485 2256 2547 nis,
2284 2484 2365 2537 lex
2400 2491 2627 2548 natura},
2664 2481 2745 2534 lex
2781 2479 3142 2549 philosophice,
3176 2486 3230 2533 et
3258 2478 3339 2534 lex
3379 2478 3509 2533 Novi
3544 2478 3730 2532 TeSta-

2138 2578 2325 2632 menti.
2357 2576 2480 2630 Ideo
2523 2575 2649 2629 dicit
2679 2592 2692 2626 :
2726 2573 2915 2627 Cwlnm
2962 2581 3009 2625 et
3048 2581 3182 2626 terra
3226 2570 3547 2635 transibunt,
3582 2570 3729 2624 verba

2139 2681 2305 2724 autem
2335 2685 2445 2722 mea
2473 2684 2574 2721 non
2600 2666 2878 2721 transibunt
2910 2664 3120 2736 (Matth.
3154 2663 3245 2718 24.
3278 2665 3370 2734 55)
3396 2682 3409 2717 :
3439 2665 3725 2719 ostendens

2140 2776 2325 2816 eorum
2368 2758 2813 2814 immobilitatem.
2841 2757 3203 2826 Quaecumque
3241 2757 3383 2810 enim
3432 2757 3543 2811 vult
3588 2756 3725 2811 Deus

2141 2867 2378 2919 manere,
2422 2866 2483 2905 ea
2527 2859 2743 2905 manent
2772 2858 3061 2920 perpetuo,
3096 2858 3149 2902 et
3195 2847 3325 2902 nihil
3369 2857 3451 2902 est
3491 2848 3631 2919 quod
3662 2863 3727 2903 ea

2139 2954 2368 2999 moveat.
2400 2942 2564 2996 Facta
2591 2943 2644 2997 in
2673 2943 2880 2996 veritate
2902 2951 2947 2995 et
2973 2942 3223 3011 a'quitate.
3249 2940 3383 3006 Quid
3410 2949 3511 3000 est.
3544 2939 3610 2993 In
3638 2955 3724 2994 ve-

2139 3036 2285 3089 ritate
2311 3044 2357 3089 et
2387 3034 2622 3105 wqttitote
2640 3033 2667 3086 .9
2688 3031 2829 3088 Nihil
2855 3040 2936 3087 est
2955 3073 2969 3100 ,
3000 3031 3201 3102 inquit,
3232 3030 3283 3084 in
3309 3034 3387 3085 eis
3413 3031 3685 3101 obliquum
3708 3074 3726 3097 ,

2140 3127 2269 3182 nihil
2314 3133 2649 3191 contortum,
2685 3125 2814 3179 nihil
2854 3124 3177 3189 obscurum,
3208 3122 3339 3176 nihil
3387 3122 3453 3178 ad
3502 3124 3729 3193 gratiam

2141 3219 2320 3283 ullam,
2368 3226 2459 3271 aut
2504 3215 2712 3281 odium,
2740 3215 2831 3271 sed
2863 3216 3039 3270 omnia
3083 3213 3147 3269 ad
3190 3215 3387 3269 bonum
3435 3225 3490 3270 et
3528 3215 3727 3269 utilita-

2143 3320 2301 3374 tem;
2350 3322 2456 3361 non
2510 3305 2646 3360 sicut
2701 3306 2847 3377 leges
2901 3304 3214 3371 hominum,
3246 3320 3364 3375 qua:
3416 3321 3603 3375 magna
3659 3316 3724 3360 ex

2143 3409 2289 3469 parte
2327 3407 2449 3453 sunt
2493 3407 2915 3462 momentanem,
2943 3406 2997 3451 et
3044 3396 3314 3460 obscurae,
3349 3404 3403 3450 et
3428 3411 3547 3465 qua:
3586 3395 3724 3449 mul-

2144 3500 2252 3546 tum
2302 3490 2496 3545 habent
2540 3505 2605 3544 ex
2660 3489 2891 3542 homine.
2922 3488 3002 3542 Ex
3046 3488 3289 3542 humanis
3327 3489 3467 3542 enim
3519 3498 3726 3557 pertur-

2142 3582 2442 3637 bationibus
2488 3580 2668 3634 multae
2715 3595 2856 3649 saepe
2904 3580 3046 3649 leges
3097 3580 3215 3634 latae
3257 3589 3399 3634 sunt.
3453 3579 3724 3635 Inimicum

2141 3674 2282 3727 enim
2306 3672 2583 3735 ulciscens,
2608 3670 2690 3725 vel
2712 3670 2884 3725 amico
2902 3670 3185 3739 gratiﬁcari
3205 3670 3409 3736 volens,
3434 3672 3626 3741 scripta
3655 3671 3724 3725 ita

2141 3773 2396 3836 concepta
2417 3763 2733 3832 composuit.
2758 3764 2827 3817 At
2850 3777 2952 3818 non
2975 3773 3096 3817 sunt
3116 3763 3260 3833 leges
3280 3763 3471 3818 divina:
3495 3763 3726 3832 ejusmo-

2141 3858 2216 3924 di,
2239 3858 2331 3913 sed
2355 3865 2568 3912 manent
2587 3856 2698 3910 sole
2718 3855 2988 3919 clariores,
3011 3863 3310 3925 qumrcntes
3332 3854 3608 3910 utilitatem
3635 3871 3719 3912 eo-

2141 3965 2257 4004 rum
2279 3947 2472 4018 quibus
2509 3948 2767 4012 feruntur,
2798 3946 3117 4001 deducentes
3142 3959 3236 4001 eos
3263 3946 3328 4001 ad
3356 3946 3621 4009 virtutem,
3666 3956 3719 4001 et

2141 4039 2207 4094 ad
2252 4052 2431 4095 rerum
2457 4039 2736 4093 veritatem
2762 4055 2777 4103 ;
2806 4053 2910 4091 non
2938 4037 3003 4091 ad
3030 4037 3143 4092 hare
3165 4036 3458 4102 mendacia,
3490 4038 3720 4103 divitias,

2145 4131 2376 4200 inquam,
2407 4136 2461 4183 et
2481 4131 2803 4198 potentiam;
2834 4127 2947 4182 haec
2967 4127 3108 4181 enim
3135 4126 3263 4182 falsa
3285 4136 3408 4182 sunt
3433 4143 3446 4191 ;
3477 4143 3594 4197 qua:
3632 4128 3723 4182 Dei

2141 4233 2316 4274 autem
2346 4229 2489 4285 sunt,
2530 4228 2655 4273 sunt
2675 4219 2867 4272 veritas
2895 4233 3102 4288 :neque
3125 4218 3391 4288 quomodo
3419 4220 3544 4272 liant
3571 4218 3728 4271 ditio-

2144 4326 2249 4378 res,
2282 4326 2454 4380 neque
2480 4309 2749 4380 quomodo
2774 4311 3054 4380 prtcsentia
3078 4319 3448 4381 assequamur,
3479 4310 3570 4365 sed
3596 4326 3728 4379 quo-

2146 4402 2302 4457 modo
2328 4401 2516 4456 futuris
2542 4400 2644 4455 frui
2675 4401 2897 4470 possint,
2925 4400 3199 4457 docentes.
3222 4403 3296 4457 De
3325 4402 3465 4456 veris
3494 4414 3546 4456 et
3564 4402 3725 4456 rectis

2143 4495 2327 4561 rebus,
2350 4503 2403 4548 et
2422 4509 2540 4564 qua:
2562 4493 2691 4549 nihil
2712 4494 2909 4549 habent
2929 4509 3258 4564 perversum,
3281 4498 3457 4551 omnia
3478 4497 3728 4551 dixerunt

2145 4585 2249 4638 illa:
2279 4585 2440 4654 leges.
2475 4582 2678 4638 Fidelia
2706 4586 2877 4639 omnia
2905 4586 3147 4639 mandata
3174 4588 3302 4657 ejus.
3331 4587 3466 4653 Quid
3506 4597 3605 4654 est,
3633 4588 3726 4640 Fi—

2146 4677 2319 4732 delia?
2346 4677 2543 4742 Firma,
2585 4679 2872 4733 manentia.
2906 4678 3017 4733 Etsi
3045 4681 3185 4735 enim
3230 4681 3610 4744 transiliantur,
3642 4696 3730 4736 sc-

2146 4777 2377 4839 quuutur
2402 4769 2678 4839 supplicia,
2709 4776 2763 4824 et
2809 4784 2870 4823 ea
2901 4770 3118 4824 minime
3156 4770 3560 4837 labefactentur,
3592 4781 3644 4825 et
3686 4771 3728 4824 si

2149 4857 2390 4912 homines
2434 4873 2494 4912 ea
2536 4858 3010 4928 transgrediantur,
3059 4859 3198 4915 Deus
3227 4872 3404 4915 tamen
3453 4876 3516 4916 ea
3562 4860 3733 4915 vindi-

2149 4959 2253 5005 cat.
2293 4950 2372 5006 Ne
2401 4967 2526 5019 ergo
2555 4967 2616 5006 ea
2646 4951 2845 5007 dixeris
2871 4952 3010 5008 dicta
3041 4967 3163 5008 esse
3204 4953 3483 5011 minaciter
3507 4962 3599 5009 aut
3635 4953 3732 5024 hy-

2153 5044 2436 5113 perbolice.
2463 5043 2630 5099 Nemo
2656 5045 2824 5114 legem
2856 5044 3052 5110 ferens,
3083 5045 3210 5100 dicit
3241 5054 3443 5100 tantum
3474 5056 3531 5099 ιιι
3560 5046 3731 5100 mine-

2152 5144 2257 5201 tur,
2287 5135 2380 5190 sed
2409 5136 2569 5190 etiam
2598 5144 2657 5189 ut
2685 5141 2921 5206 castiget.
2951 5136 3005 5192 Si
3034 5149 3208 5193 autem
3245 5154 3346 5194 non
3376 5139 3527 5194 valde
3546 5141 3734 5196 credas

2151 5227 2220 5282 de
2245 5228 2451 5293 futuris,
2484 5227 2678 5281 faciant
2709 5229 2797 5283 tibi
2827 5229 2982 5283 ﬁdem
3012 5232 3301 5299 prmterita.
3331 5231 3483 5297 Quod
3515 5231 3611 5287 fuit
3638 5233 3734 5286 ita-

2152 5332 2254 5389 que
2280 5328 2520 5387 tempore
2553 5315 2663 5371 Noe
2686 5316 2964 5386 diluvium,
2990 5333 3043 5373 et
3070 5320 3419 5376 Sodomorum
3445 5322 3735 5393 cenﬁagra-V

2157 5408 2251 5472 tio,
2299 5416 2354 5462 et
2394 5405 2685 5463 Pharaonis
2733 5409 2971 5476 exitium,
3017 5419 3073 5465 et
3118 5410 3420 5467 Judzeorum
3468 5414 3732 5477 interitus,

2153 5498 2500 5570 captivitates,
2533 5508 2588 5554 et
2614 5498 2775 5563 bella,
2806 5501 2856 5555 in
2888 5501 3114 5557 minisne
3142 5506 3515 5573 constiterunt,
3549 5521 3615 5561 an
3643 5506 3734 5561 deo

2155 5590 2310 5646 ducta
2341 5599 2464 5645 sunt
2488 5588 2554 5644 ad
2576 5605 2755 5646 rerum
2783 5592 3241 5662 experimentum?
3269 5595 3421 5663 Quod
3448 5597 3491 5651 si
3522 5612 3583 5652 ea
3612 5580 3735 5653 vere

2155 5684 2288 5739 facta
2331 5690 2476 5751 sunt,
2512 5697 2633 5754 qua:
2678 5693 2829 5739 erant
2866 5686 2918 5740 in
2962 5685 3172 5756 ﬁgura:
3212 5689 3379 5742 multo
3417 5690 3585 5761 magis
3619 5704 3734 5759 qua:

2156 5784 2279 5829 sunt
2307 5774 2359 5828 in
2397 5774 2638 5842 veritate,
2671 5791 2777 5847 quo
2815 5777 2984 5846 major
3011 5777 3108 5832 fuit
3142 5778 3496 5834 admissurqu
3537 5780 3735 5851 impro-

2158 5867 2291 5921 bitas
2310 5875 2431 5938 post
2461 5875 2658 5924 tantam
2689 5868 3004 5927 medicinam
3030 5882 3081 5928 et
3113 5873 3733 5935 correctionem.9.1tzd'
