4114 6278
391 271 495 333 9,87

388 402 573 457 ναμιν,
626 381 728 452 οὐχ
756 381 955 456 ἅπλῶς,
997 383 1274 438 ὲκὸάλλων
1304 383 1372 437 τὰ
1415 381 1563 450 ἔθνη,
1612 374 1966 457 amwa

386 455 632 536 τοιούτῳ,
665 464 732 518 δι’
775 457 837 517 οὗ
880 455 1112 536 μάλιστα
1148 466 1377 536 ἠδύνατο
1411 463 1607 517 εἰδέναι
1644 459 1850 530 σαφῶς,
1890 455 1968 519 ὡς

390 554 440 604 εί
476 550 572 603 καὶ
598 548 668 601 τὰ
704 547 945 618 πρότερα
966 548 1146 617 ἢρκει,
1171 550 1260 602 ὅτε
1278 560 1303 589 ιι
1333 546 1589 618 θεήλατος
1621 539 1689 615 ἦν
1716 545 1750 613 ή
1782 538 1966 609 πληγὴ

393 635 512 689 κατ’
546 630 763 687 ἐκείνων
803 631 1082 702 γινομένη,
1114 633 1207 685 καὶ
1244 629 1406 684 αὑτοῦ
1448 626 1877 700 στρατηγοῦντος
1897 621 1968 675 τά

402 718 502 771 τῶν
529 714 799 786 πολεμίων
823 714 1068 787 ἐκρίνετο
1088 716 1406 787 πράγματα,
1428 713 1502 767 Οὐ
1528 712 1637 783 γὰρ
1665 710 1728 781 δὴ
1764 709 1850 762 διὰ
1871 710 1967 779 ρη-

401 801 601 871 μάτων,
640 796 775 851 ἀλλά
819 799 913 851 καὶ
953 797 1041 851 διά
1078 799 1419 870 πραγμάτων
1459 796 1655 858 αὑτοὺς
1692 791 1963 852 ἐπαίδευε,

398 883 463 937 δι’
486 880 865 951 ὑποδημάτων,
899 879 986 934 διά
1019 881 1265 951 ἱματίων,
1290 880 1376 934 διὰ
1416 880 1642 950 τροφῆς,
1672 875 1758 929 διά
1789 875 1968 944 φωτὸς

397 964 705 1037 νυκτερινοῦ
736 965 829 1018 καὶ
856 963 1138 1036 ήμερινοῦ,
1170 964 1259 1018 διά
1294 964 1542 1032 νεφέλης,
1566 962 1654 1015 διὰ
1691 959 1962 1029 πολέμων.

394 1049 478 1103 διὰ
505 1048 746 1118 εἰρήνης,
776 1046 863 1099 διὰ
890 1046 1183 1116 τροπαίων,
1213 1046 1300 1100 διὰ
1330 1045 1620 1116 γεωργίας,
1653 1042 1742 1096 διὰ
1772 1041 1960 1102 ὑετῶν,

393 1133 487 1187 καί
510 1132 687 1185 πάντα
708 1129 888 1201 φωνὴν
917 1129 1067 1198 ἠφίει
1087 1129 1178 1182 τὸν
1204 1129 1478 1199 Δεσπότην
1504 1126 1962 1197 ἀνακηρύττοντα,

394 1216 487 1269 καὶ
512 1215 613 1284 τὴν
641 1212 1058 1282 πεπωρωμένην
1082 1211 1260 1265 αὑτῶν
1285 1211 1522 1265 διάνοιαν
1546 1208 1961 1269 κατανύττοντα,

392 1300 487 1354 καὶ
516 1298 693 1361 οὐδεὶς
720 1296 909 1367 χρόνος
948 1295 1214 1359 ἐνέλιπεν,
1247 1298 1304 1351 ἐν
1328 1288 1373 1363 ᾧ
1417 1295 1491 1365 μὴ
1537 1294 1733 1363 συνεχῆ
1764 1292 1964 1361 σημεῖα

392 1380 559 1437 αὑτοῦ
591 1380 953 1434 ἐπεδείκνυτο.
1000 1379 1185 1447 Ἔργα
1220 1376 1432 1448 χειρῶν
1477 1376 1684 1439 αὐτοῦ,
1716 1374 1966 1439 ἀλήθεια

393 1466 490 1520 καὶ
530 1464 747 1533 κρίσις.
813 1460 1027 1530 Ἐπειδὴ
1066 1460 1193 1531 περὶ
1229 1462 1328 1530 τῆς
1365 1460 1643 1530 δυνάμεως
1675 1456 1839 1511 αὑτοῦ
1883 1456 1965 1510 δι-

392 1549 610 1618 ελέχθη,
628 1545 930 1614 διαλέγεται
959 1543 1055 1597 καὶ
1092 1544 1220 1614 περὶ
1247 1544 1343 1614 τῆς
1365 1543 1779 1614 δικαιοκρισίας,
1806 1538 1963 1593 ὅτιού

399 1631 559 1701 μόνον
605 1629 829 1700 δύναμιν
873 1628 931 1680 ἐν
959 1620 1042 1688 οἷς
1082 1625 1254 1678 ἐποίει
1288 1625 1407 1679 τότε
1438 1625 1802 1686 ἐπεδείκνυτο,
1830 1620 1966 1676 ἀλλά

394 1714 493 1765 κα)⁵
530 1710 726 1779 πολλὴν
764 1708 861 1779 τήν
906 1706 1272 1777 δικαιοσύνην.
1340 1706 1473 1760 Οὐδὲ
1510 1706 1618 1778 γάρ
1649 1705 1837 1768 ἅπλῶς
1874 1704 1964 1771 ἐξ·

396 1792 557 1847 έὸαλε
582 1793 649 1846 τά
671 1791 818 1861 ἔθνη,
841 1790 1029 1862 ἐπειδὴ
1045 1788 1326 1852 Ἰουδαίους
1353 1790 1667 1858 είσαγαγεῖν
1692 1787 1962 1849 ἐϐούλετο,

394 1874 532 1929 ἀλλά
571 1874 705 1944 μετά
735 1872 829 1926 τοῦ
858 1872 1087 1927 δικαίου.
1127 1872 1226 1926 Διά
1250 1871 1410 1925 τοῦτο
1452 1874 1545 1925 καὶ
1581 1869 1815 1943 ἀλλαχοῦ
1852 1869 1966 1922 έλε-

395 1977 492 2028 γεν
532 1961 576 2012 ό,
602 1957 840 2026 Μωῦσῆς
863 1972 876 1987 ·
941 1956 1119 2010 Οὔπω
1164 1956 1274 2026 γὰρ
1318 1956 1856 2025 ἀναπεπλήρωνται
1905 1956 1965 2009 αἱ

395 2045 668 2113 ἁμαρτίαι
696 2041 816 2096 τῶν
851 2041 1231 2111 Ἀμορραίων.
1272 2041 1453 2095 Ταῦτα
1484 2042 1542 2095 δέ
1574 2042 1673 2094 οὑκ
1706 2042 1798 2095 61:1
1832 2042 1965 2094 Ἰου-

394 2126 557 2181 δαίων
585 2125 731 2177 ἔστιν
759 2126 932 2177 εἰπεῖν
966 2125 1144 2195 μόνον,
1182 2124 1274 2176 καὶ⁵
1306 2123 1415 2177 τῶν
1461 2123 1689 2187 ἐκείνοις
1736 2122 1967 2193 συμϐαι-

397 2208 614 2269 νόντων,
656 2206 793 2261 ἀλλά
824 2206 983 2260 πάλιν
1018 2205 1300 2269 καθολικὸς
1344 2209 1373 2259 6
1412 2205 1571 2275 λόγος
1600 2206 1736 2260 ἐστί.
1781 2206 1964 2259 Πάντα

397 2292 505 2362 γάρ
559 2289 627 2345 τά
674 2291 765 2343 ὑπ’
814 2289 977 2344 αὑτοῦ
1027 2289 1293 2359 γενόμενα
1335 2289 1562 2360 ἀλήθεια
1602 2290 1697 2344 καὶ
1743 2289 1960 2361 κρίσις·

397 2374 595 2447 κρίσις,
621 2372 865 2426 τουτέστι
892 2370 1227 2443 δικαιοσύνη.
1268 2367 1424 2427 Οἶδεν
1459 2372 1516 2426 δέ
1560 2372 1814 2444 ἀλήθειαν
1838 2370 1967 2424 πολ-

394 2457 552 2522 λάκις
595 2458 628 2526 ή
675 2453 867 2525 Γραφὴ
915 2453 1007 2507 καὶ
1050 2453 1148 2525 τὴν
1190 2454 1599 2527 φιλανθρωπίαν
1639 2455 1836 2523 λέγειν.
1898 2456 1965 2508 Ὀ

394 2539 573 2593 τοίνυν
598 2539 768 2607 λέγει,
808 2537 1048 2591 τοιοῦτόν
1084 2538 1252 2602 ἐστιν,
1286 2537 1368 2590 ὅτι
1396 2537 1533 2607 μετά
1562 2537 1661 2606 τῆς
1689 2534 1964 2589 δικαιοσύ-

395 2638 492 2692 νης
530 2624 625 2676 καὶ
663 2619 1072 2691 φιλανθρωπίας
1114 2618 1185 2672 τά
1226 2620 1403 2674 πάντα
1435 2619 1707 2690 ἀνέμιξεν.
1753 2618 1816 2672 El
1862 2617 1966 2689 γὰρ

393 2706 461 2778 δὴ
493 2706 651 2776 μόνον
680 2702 759 2775 τῷ
806 2701 899 2757 τοῦ
934 2700 1142 2756 δικαίου
1185 2701 1450 2773 ἐκέχρητο
1495 2702 1659 2772 λόγῳ,
1694 2700 1872 2755 πάντα
1900 2700 1966 2754 ἂν

399 2787 684 2843 ἀπολώλει.

476 2905 551 2970 ς’.
568 2905 655 2958 Διὸ
671 2903 763 2957 καὶ
779 2895 935 2965 οὗτος
948 2902 976 2955 6
994 2900 1277 2973 προφήτης
1293 2899 1526 2971 ἀλλαχοῦ
1541 2900 1715 2969 λέγει’
1734 2899 1832 2968 Μὴ
1845 2900 1967 2952 εἱσ-

405 2988 587 3056 ἐλθῃς
614 2989 699 3053 είς
722 2986 925 3054 κρίσιν
940 2986 1088 3054 μετὰ
1113 2982 1221 3038 τοῦ
1241 2983 1467 3037 δούλου
1491 2997 1607 3038 σου
1626 3001 1639 3013 ·
1672 2982 1761 3037 ὅτι
1788 2986 1861 3037 οὐ
1882 2982 1970 3037 δι-

403 3070 789 3137 καιωθήσεται
804 3067 1058 3122 ἐνώπιόν
1075 3082 1191 3126 σου
1211 3063 1330 3130 πᾶς
1350 3064 1478 3128 ζῶν.
1499 3066 1607 3122 Καὶ
1627 3066 1809 3121 πάλινο
1834 3067 1969 3121 Ἐὰν

398 3155 647 3223 ἀνομίας
666 3150 1081 3220 παρατηρήσῃ,
1111 3149 1305 3217 Κύριε,
1345 3150 1543 3217 Κύριε,
1589 3150 1681 3216 τίς
1699 3153 1968 3219 ὑποστη-

397 3252 596 3300 σεται;
624 3234 807 3288 Πάντα
831 3232 1009 3286 τοίνυν
1027 3231 1095 3286 τά
1112 3232 1203 3286 ὑπ’
1233 3231 1398 3286 αὑτοῦ
1422 3233 1679 3304 γινόμενα
1692 3233 1969 3305 ἑκατέρων

396 3319 558 3390 γέμει
598 3318 820 3372 τούτων.
872 3318 971 3371 "Av
1004 3332 1063 3369 τε
1086 3317 1193 3388 γὰρ
1238 3316 1298 3370 τὸ
1322 3318 1529 3371 δίκαιον
1556 3318 1757 3389 ἀπαιτῇ
1788 3318 1968 3389 μόνον,

395 3402 575 3456 πάντα
610 3402 676 3455 ἂν
699 3400 960 3471 διεφθάρη
980 3415 995 3429 ·
1039 3400 1088 3451 εί
1116 3397 1175 3452 δὲ
1201 3398 1581 3472 φιλανθρωπίᾳ
1606 3400 1746 3473 μόνῃ
1768 3401 1969 3476 κέχρη-

395 3503 509 3548 ται,
540 3488 589 3539 οὶ
616 3485 835 3547 πλείους
876 3484 943 3538 ἂν
972 3482 1211 3551 ἐγίνοντο
1253 3482 1633 3555 ῥᾳθυμότεροι.
1692 3485 1789 3539 Διά
1813 3486 1970 3540 τοῦτο

396 3568 689 3625 ποικίλλων
727 3568 826 3638 τὴν
871 3566 1142 3637 σωτηρίαν
1187 3565 1296 3619 τῶν
1328 3564 1653 3636 ἀνθρώπων,
1688 3568 1970 3641 ἑκατέροις

394 3653 606 3715 τούτοις
636 3653 717 3714 είς
754 3651 855 3720 τὴν
891 3649 1175 3720 διόρθωσιν
1205 3649 1383 3702 αὐτῶν
1418 3648 1701 3720 κέχρηται.
1756 3651 1970 3706 Πισταὶ

396 3736 587 3791 πᾶσαι
629 3736 690 3788 αὶ
733 3733 973 3788 ἐντολαὶ
1019 3733 1225 3789 αὑτοῦ.
1281 3733 1457 3804 Ὅπερ
1499 3733 1763 3805 πολλαχοῦ
1805 3738 1966 3803 ποιεῖ,

394 3819 554 3873 τοῦτο
575 3819 668 3872 καὶ
697 3815 928 3871 ἐνταῦθα
960 3815 1271 3887 ἐργάζεται,
1300 3815 1410 3869 ἀπὸ
1439 3815 1541 3887 τῆς
1569 3817 1758 3886 σοφίας
1787 3818 1886 3889 τῆς
1910 3819 1969 3873 ἐν

394 3909 462 3978 τῇ
492 3906 710 3979 ποικίλῃ
747 3904 1075 3975 δημιουργίᾳ
1115 3902 1211 3958 καὶ
1254 3902 1357 3973 τῆς
1398 3903 1718 3974 κηδεμονίας
1748 3905 1841 3959 61:1
1870 3907 1969 3977 τὴν

394 3989 717 4062 νομοθεσίαν
751 3987 1110 4059 μεταϐαίνων,
1153 3986 1247 4039 καὶ
1276 3984 1435 4039 τοῦτο
1464 3988 1623 4042 πάλιν
1664 3988 1827 4043 κινῶν
1870 3991 1971 4062 τῆς

396 4072 653 4144 προνοίας
675 4072 736 4126 τὸ
768 4071 954 4143 μέρος.
987 4071 1062 4123 Οὑ
1090 4068 1203 4140 γὰρ
1216 4069 1279 4140 δὴ
1311 4069 1468 4139 μόνον
1488 4069 1565 4141 τῷ
1583 4070 1765 4125 κτίσαι
1792 4072 1970 4126 κτίσιν

394 4155 661 4227 τοσαύτην
678 4176 683 4179 η
701 4156 795 4208 καὶ
834 4152 1181 4224 τηλικαύτην,
1222 4151 1356 4205 ἀλλά
1386 4151 1464 4223 τῷ
1489 4151 1581 4206 τὸν
1609 4154 1773 4224 νόμον
1800 4154 1969 4210 θεῖναι

395 4239 458 4293 τὸ
494 4238 604 4292 τῶν
636 4236 937 4310 ἀνθρώπων
979 4234 1254 4306 διώρθωσε
1291 4234 1467 4303 γένος.
1527 4236 1619 4290 Διὸ
1661 4237 1755 4291 καὶ
1804 4241 1864 4292 ἐν
1892 4238 1969 4312 τῷ

395 4321 847 4391 ὀκτωκαιδεκάτῳ
878 4319 1076 4390 ψαλμῷ
1100 4319 1385 4390 ἀμφότερα
1423 4320 1594 4374 ταῦτα
1619 4321 1688 4375 τά
1723 4323 1865 4394 μέρη
1889 4324 1968 4378 δι-

397 4402 554 4469 ελὼν,
574 4402 873 4475 ἀρχόμενος
903 4402 998 4472 μὲν
1021 4401 1233 4470 ἔλεγεν·
1272 4405 1337 4456 Ol
1362 4402 1604 4471 οὐρανοὶ
1625 4404 1969 4473 διηγοῦνται

396 4484 585 4550 δόξαν
613 4485 791 4539 Θεοῦ·
848 4485 986 4555 πρὸς
1018 4484 1075 4537 66
1103 4493 1166 4537 το
1196 4491 1360 4554 μέσον
1384 4484 1573 4549 ἐλθὼν,
1603 4487 1696 4540 καὶ¹
1723 4486 1813 4541 τὸν
1842 4489 1970 4559 περὶ

397 4568 497 4637 τῆς
542 4568 772 4631 κτίσεως
810 4566 1117 4638 ἀπαρτίσας
1142 4567 1298 4636 λόγον
1344 4569 1623 4639 ἐπήγαγεν
1641 4586 1655 4600 ·
1703 4569 1757 4623 ’0
1786 4572 1970 4639 νόμος

398 4651 618 4718 Κυρίου
659 4650 920 4720 ἄμωμος,
979 4650 1351 4720 ἐπιστρέφων
1377 4650 1582 4721 ψυχάς
1604 4668 1620 4683 ο
1666 4653 1704 4721 ἢ
1749 4653 1968 4723 ἐντολὴ

399 4732 619 4801 Κιφίου
644 4732 975 4803 τηλαυγὴς,
1012 4730 1347 4803 φωτίζουσα
1376 4735 1732 4804 ὀφθαλμούς.
1798 4784 1809 4799 ,

470 4848 625 4903 Οῦτω
652 4848 717 4920 δὴ
759 4849 852 4902 καὶ
892 4847 1146 4912 ἐνταῦθα,
1175 4847 1343 4901 εἰπὼν
1383 4850 1509 4920 περὶ
1536 4849 1644 4903 τῶν
1672 4851 1968 4922 τεραστίων

400 4934 493 4988 καὶ
522 4926 631 4986 τῶν
672 4933 965 5004 θαυμάτων
1009 4931 1205 4995 αὑτοῦ,
1260 4933 1354 4986 καὶ
1394 4933 1501 4987 τῶν
1532 4933 1730 5005 ἔργων,
1765 4937 1843 4999 είς
1870 4938 1968 5009 τὴν

396 5017 526 5086 περὶ
567 5016 674 5069 τῶν
715 5015 943 5070 ἐντολῶν
981 5016 1234 5070 ὑπόθεσιν
1276 5018 1638 5089 μεταχειρίζει
1676 5022 1770 5075 τὸν
1811 5021 1968 5091 λόγον

399 5098 550 5171 [274]
581 5098 723 5154 οὕτω
744 5100 946 5169 λέγων’
975 5099 1185 5155 Πισταὶ
1201 5099 1389 5155 πᾶσαι
1416 5104 1475 5154 αὶ
1500 5102 1740 5158 ἐντολαὶ
1758 5105 1965 5170 αὐτοῦ,

395 5182 811 5252 ἐστηριγμέναι
839 5185 925 5248 εὶς
962 5184 1067 5236 τὸν
1101 5181 1286 5237 αίῶνα
1317 5182 1423 5238 τοῦ
1456 5183 1688 5252 αὶῶνος,
1725 5200 1969 5256 πεποιη-

393 5264 568 5333 μέναι
606 5265 676 5318 ὲν
716 5266 966 5332 ἀληθείῃ
994 5265 1090 5318 καὶ
1119 5266 1413 5333 εὐθύτητι.
1463 5267 1574 5338 Οὑχ
1607 5268 1793 5332 ἁπλῶς
1822 5267 1965 5336 εἷπε,

396 5351 613 5417 Πᾶσαι,
646 5350 782 5404 ἀλλά
817 5350 950 5405 πολὺ
987 5350 1139 5418 γένος
1179 5351 1408 5407 ἐντολῶν
1440 5354 1731 5425 ἀνακινῶν,
1763 5356 1965 5429 ταύτην

393 5432 608 5486 τέθεικε
638 5434 735 5505 τήν
754 5433 917 5500 λέξιν.
966 5434 1075 5487 Καὶ
1096 5433 1203 5505 γάρ
1244 5435 1452 5491 ἐντολαί
1481 5439 1617 5497 είσιν
1641 5441 1696 5494 αί
1722 5440 1822 5512 τῆς
1845 5443 1967 5496 κτί-

463 5651 489 5683 ἰ
514 5648 668 5702 Sui].
690 5651 781 5713 ὅτι,
803 5650 891 5700 sed
915 5650 992 5700 ὅτε
1021 5651 1138 5716 Reg.

1550 259 1916 321 EXPOSITIO
1957 259 2022 312 ΠΝ
2062 258 2391 317 PSALMUM
2433 260 2546 316 CX.

3536 261 3641 319 288

2072 386 2231 434 σεως,
2265 372 2331 438 ἀς
2359 374 2606 447 διατηρεῖ
2636 376 2781 430 πᾶσα
2812 376 2845 447 ή
2881 374 3081 440 κτίσις,
3114 374 3262 445 ἥλιος
3285 376 3378 430 καὶ
3422 376 3640 448 σελήνη.

2069 462 2252 533 ἡμέρα
2293 463 2387 519 καὶ
2432 464 2558 532 νὺξ,
2589 466 2683 520 καὶ
2708 465 2953 539 ἀστέρες,
2981 466 3076 520 καὶ
3099 465 3203 535 γῆς
3237 465 3265 504 δ
3304 465 3398 519 καὶ
3431 463 3644 533 φύσεως

2065 548 2285 619 δρόμος.
2319 549 2559 604 Ἐντολαί
2587 554 2724 606 εἰσιν
2753 554 2807 606 αί
2828 554 2894 624 τῇ
2920 551 3080 622 φύσει
3106 550 3342 605 δοθεῖσαι
3368 550 3427 615 ἐξ
3446 550 3640 621 ἀρχῆς,

2067 633 2157 685 ὅτε
2186 633 2277 686 τὸν
2303 633 2587 706 ἄνθρωπον
2606 635 2860 700 ἔπλαττε,
2892 637 3019 709 περὶ
3043 629 3118 690 ὧν
3144 652 3308 706 φησιν
3344 636 3373 688 6
3401 634 3640 698 Παῦλος⁶

2070 715 2248 768 Ὅταν
2285 716 2395 786 γὰρ
2425 716 2569 787 ἔθνη
2587 758 2602 783 ,
2634 720 2706 774 τὰ
2746 718 2834 790 μὴ
2863 721 3051 790 νόμον
3081 718 3330 788 ἔχοντα,
3362 716 3542 786 φύσει
3570 716 3645 770 τὰ

2066 798 2172 852 τοῦ
2197 801 2382 869 νόμου
2407 800 2569 870 ποιῇ,
2600 799 2765 858 οὗτοι
2794 805 2982 871 νόμον
3007 801 3095 871 μὴ
3119 802 3381 870 ἔχοντες,
3408 798 3645 863 ἑαυτοῖς

2066 882 2183 934 εισι
2225 883 2426 951 νόμος.
2467 885 2578 937 Καὶ
2607 885 2796 938 πάλιν
2829 884 3171 954 Συνήδομαι
3220 882 3329 953 γὰρ
3365 878 3443 946 τῷ
3482 880 3643 950 νόμφ

2067 963 2173 1018 τοῦ
2223 966 2371 1019 Θεοῦ
2402 967 2549 1021 κατὰ
2582 970 2688 1021 τὸν
2727 968 2850 1022 ἔσω
2886 967 3215 1036 ἄνθρωπον.
3261 963 3501 1019 Ἐντολαί
3535 966 3643 1017 εἰσι

2068 1047 2162 1100 καὶ
2185 1050 2241 1100 αί
2280 1049 2538 1119 γραπταί.
2578 1051 2687 1104 Καὶ
2732 1045 2894 1104 αὑται
2931 1053 3100 1104 πᾶσαι
3134 1051 3525 1120 μεμενήκασιν.
3578 1049 3641 1101 El

2065 1128 2122 1181 δέ
2151 1146 2294 1194 τινες
2324 1132 2716 1200 κατελύθησαν,
2761 1133 2861 1186 οὑκ
2891 1132 2982 1185 61:1
3014 1132 3075 1185 τὸ
3098 1135 3298 1203 χεῖρον,
3330 1129 3443 1184 ἀλλ’
3467 1131 3558 1183 61:1
3582 1128 3645 1182 τὸ

2068 1209 2273 1279 βέλτιον
2311 1213 2890 1286 μεταρρυθμισθεῖσαι.
2925 1215 2996 1267 Τὸ
3026 1213 3154 1285 γὰρ,
3189 1217 3271 1267 Οὐ
3299 1215 3641 1283 φονεύσεις.

2065 1294 2124 1345 οὑ
2154 1295 2442 1367 κατελύθη,
2467 1295 2580 1350 ἀλλ’
2612 1296 2850 1369 ἐπετάθη
2870 1314 2884 1328 ·
2930 1298 3024 1351 καὶ
3049 1298 3130 1361 τὸ,
3167 1300 3248 1351 Οὐ
3272 1297 3640 1366 μοιχεύσεις,

2064 1376 2164 1429 οὑκ
2196 1377 2500 1449 ἠφανίσθη,
2540 1379 2679 1433 ἀλλά
2714 1379 2897 1451 μεῖζον
2927 1380 3136 1448 γέγονε.
3191 1379 3281 1432 Διὸ
3308 1379 3399 1431 καὶ
3433 1378 3640 1446 ἔλεγεν,

2071 1459 2189 1512 Οὐκ
2220 1455 2411 1527 ἦλθον
2438 1462 2771 1517 καταλῦσαι
2805 1461 2911 1516 τὸν
2938 1463 3143 1530 νόμον,
3170 1460 3209 1529 ἣ
3241 1460 3383 1526 τοὺς
3415 1459 3643 1531 προφή-

2066 1554 2192 1603 τας.
2222 1539 2382 1595 ἀλλὰ
2414 1543 2748 1612 πληρῶσαι.
2796 1545 2854 1597 '0
2880 1543 2987 1617 γάρ
3018 1545 3092 1615 μὴ
3124 1540 3494 1615 ὀργιζόμενος,
3513 1540 3643 1593 πολ-

2065 1621 2141 1693 λῷ
2168 1623 2367 1693 μᾶλλον
2390 1625 2483 1678 τοῦ
2506 1627 2666 1696 φόνου
2688 1627 2970 1696 ἀφέξεται⁸
3005 1627 3100 1681 καὶ
3127 1628 3155 1680 6
3178 1626 3253 1698 μὴ
3280 1623 3491 1694 βλέπων
3514 1624 3645 1676 ἀκο-

2065 1704 2279 1771 λάστοις
2319 1708 2633 1779 ὀφθαλμοῖς,
2678 1711 3009 1782 μακρότερον
3050 1710 3150 1781 τῆς
3195 1707 3435 1780 μοιχείας
3475 1705 3641 1774 ἐσκή-

2066 1807 2252 1844 νωται.
2312 1792 2369 1846 Ὀ
2397 1793 2577 1847 τοίνυν
2617 1794 2782 1863 νόμος
2810 1793 2969 1848 τοῦτο
3004 1795 3237 1864 μάλιστα
3263 1792 3376 1863 ἔχει
3413 1791 3473 1844 τὸ
3500 1789 3643 1854 ἐξαί-

2069 1890 2245 1943 ρετον,
2276 1874 2336 1928 τὸ
2372 1877 2659 1942 ἀθάνατον,
2693 1878 2755 1931 τὸ
2786 1877 3054 1949 διηνεκὲς,
3084 1876 3179 1930 καὶ
3208 1878 3236 1929 6
3262 1875 3363 1945 τῆς
3389 1873 3641 1937 κτίσεως,

2067 1957 2159 2009 καὶ
2190 1959 2218 2010 6
2246 1960 2492 2026 φυσικὸς,
2523 1961 2618 2013 καὶ
2642 1962 2670 2013 6
2692 1960 2793 2030 τῆς
2819 1958 3157 2029 φιλοσοφίας,
3179 1958 3273 2011 κα)⁴
3309 1956 3408 2027 τῆς
3434 1954 3642 2024 Καινῆς

2066 2039 2361 2112 Διαθήκης.
2420 2043 2511 2095 Διό
2544 2060 2707 2113 φησιν
2739 2059 2753 2075 ο
2793 2044 2847 2095 '0
2896 2041 3151 2111 οὐρανὸς
3188 2040 3283 2095 καὶ
3324 2039 3363 2107 ἡ
3392 2037 3467 2113 Τῆ
3495 2053 3643 2107 παρ’

2065 2124 2416 2178 ελεύσονται
2437 2162 2453 2188 ,
2500 2127 2555 2178 οι
2582 2124 2649 2178 δὲ
2674 2126 2842 2195 λόγοι
2862 2141 2983 2193 μου
3011 2125 3083 2177 οὐ
3117 2121 3204 2193 μὴ
3236 2121 3643 2190 παρελεύσον-

2067 2227 2160 2264 ται
2184 2227 2196 2240 ·
2238 2211 2300 2265 τὺ
2331 2213 2585 2284 ἀκίνητον
2616 2212 2798 2267 αὑτῶν
2838 2210 3033 2283 δηλῶν.
3088 2212 3274 2265 Πάντα
3306 2210 3415 2281 γάρ
3448 2209 3548 2262 ὅσα
3573 2207 3642 2262 ἂν

2068 2297 2322 2369 βούληται
2356 2299 2537 2370 μένειν
2572 2299 2601 2351 6
2644 2299 2806 2363 Θεὸς,
2849 2300 3000 2369 μένει
3035 2297 3325 2368 διηνεκῶς,
3367 2296 3462 2350 καὶ
3490 2293 3642 2348 οὑδέν

2067 2387 2182 2439 ἐστι
2219 2387 2280 2440 τὸ
2317 2388 2499 2442 κινοῦν
2529 2388 2687 2443 αὑτά.
2724 2387 3130 2457 Πεποιημέναι
3161 2386 3230 2440 ἐν
3266 2384 3517 2453 ἀληθείᾳ
3542 2381 3644 2436 καὶ

2065 2476 2360 2543 εὐθύτητι.
2417 2476 2482 2528 Τί
2526 2478 2709 2542 ἐστιν,
2762 2477 2859 2529 Ἐν
2900 2475 3154 2544 ἀληθείᾳ
3192 2473 3291 2527 καὶ
3331 2472 3642 2537 εὐθύτητιί

2068 2562 2231 2615 Οὑδὲν
2268 2563 2480 2628 αὑταῖς,
2515 2564 2670 2635 φησὶ,
2718 2563 2956 2629 σκολιὸν,
3001 2563 3151 2616 οὐδὲν
3184 2558 3641 2631 στραγγαλιῶδες.

2067 2648 2217 2701 οὐδὲν
2245 2649 2469 2719 ἀσαφὲς,
2522 2652 2674 2704 οὐδὲν
2704 2651 2841 2723 πρὸς
2881 2650 3041 2722 χάριν
3072 2648 3214 2712 τινὰ,
3246 2648 3279 2718 ἢ
3322 2647 3640 2717 ἀπέχθειαν,

2068 2734 2200 2788 ἀλλά
2227 2737 2400 2790 πάντα
2426 2737 2563 2808 πρὸς
2577 2738 2637 2791 τὸ
2656 2738 2932 2809 συμφέρον
2953 2737 3044 2791 καὶ
3061 2734 3336 2797 λυσιτελές
3350 2750 3364 2765 ·
3388 2734 3450 2787 οὑ
3474 2731 3642 2788 καθάο

2068 2840 2173 2892 περ
2196 2826 2246 2877 οἱ
2284 2824 2613 2895 ἀνθρώπινοι
2647 2827 2823 2897 νόμοι,
2857 2825 2994 2879 πολὺ
3048 2825 3144 2894 μὲν
3179 2822 3392 2894 ἔχοντες
3420 2820 3481 2875 τὸ
3521 2821 3641 2873 ἐπίο

2068 2927 2256 2981 κηρον,
2278 2912 2411 2966 πολὺ
2430 2912 2488 2966 δὲ
2511 2914 2572 2967 τὸ
2592 2913 2824 2983 ἀσαφὲς,
2845 2914 2979 2967 πολὺ
2996 2911 3051 2966 δὲ
3069 2911 3130 2965 τὸ
3149 2910 3506 2982 ἀνθρώπινον.
3530 2908 3642 2963 Καὶ

2067 2994 2175 3066 γὰρ
2204 2995 2311 3048 ἀπὸ
2343 2994 2699 3067 ἀνθρωπίνων
2725 2996 2914 3050 παθῶν
2941 2996 3126 3049 πολλοὶ⁵
3154 2993 3413 3057 πολλάκις
3447 2991 3636 3061 ἐτέθηο

2070 3100 2186 3138 σαν.
2242 3085 2351 3138 Καὶ
2375 3084 2481 3156 γὰρ
2510 3087 2602 3139 τὸν
2631 3085 2821 3157 ἐχθρὸν
2855 3086 3213 3157 ἀμυνόμενος,
3251 3083 3285 3155 ἢ
3320 3082 3459 3153 φίλῳ
3485 3080 3635 3153 χαρί-

2068 3171 2254 3237 ζεσθαι
2286 3173 2621 3246 βουλόμενος,
2671 3174 2813 3229 οὕτω
2852 3175 2924 3229 τά
2971 3176 3274 3246 γράμματα
3324 3172 3639 3242 συνέθηκεν.

2081 3260 2219 3313 Ἀλλ’
2247 3262 2346 3333 οὑχ
2388 3264 2437 3316 οἱ
2477 3262 2609 3317 θεῖοι
2653 3262 2917 3327 τοιοῦτοι,
2959 3262 3073 3316 ἀλλ’
3112 3260 3261 3333 ήλίου
3296 3257 3640 3331 φαιδρότεροι

2072 3350 2321 3420 μένουσι,
2398 3351 2459 3405 τὸ
2517 3351 2793 3425 συμφέρον
2849 3350 2958 3406 τῶν
3003 3348 3473 3423 νομοθετουμένων
3520 3347 3643 3400 ἐπι-

2069 3436 2388 3509 ζητοῦντες,
2433 3439 2691 3511 καὶπρὸς
2749 3439 2947 3510 ἀρετὴν
3002 3439 3198 3503 αὑτοὺς
3253 3436 3638 3504 ἐπανάγοντες,

2068 3526 2162 3579 καὶ
2199 3525 2335 3597 πρὸς
2363 3525 2461 3597 τὴν
2488 3526 2597 3579 τῶν
2631 3527 2968 3599 πραγμάτων
2992 3525 3268 3597 ἀλήθειαν,
3309 3512 3371 3578 οὑ
3414 3523 3549 3595 πρὸς
3573 3521 3642 3574 τά

2067 3612 2232 3684 ψευδῆ
2268 3613 2468 3680 ταῦτα,
2510 3612 2735 3669 πλοῦτον
2768 3614 2912 3683 λέγω
2949 3615 3044 3668 καὶ
3082 3612 3396 3667 δυναστείαν
3434 3609 3641 3679 (ταῦτα

2068 3700 2175 3770 γάρ
2200 3698 2399 3771 ψευδῆ·
2449 3699 2519 3753 τὰ
2559 3701 2616 3755 66
2641 3700 2733 3754 τοῦ
2764 3701 2898 3754 Θεοῦ
2930 3701 3207 3770 ἀλήθεια),
3245 3700 3346 3771 οὑχ
3374 3700 3520 3761 ὅπως
3543 3695 3638 3765 γέ-

2068 3799 2242 3836 νοιντο
2265 3782 2654 3856 εὐπορώτεροι,
2683 3779 2789 3837 οὐδ’
2820 3785 2964 3848 ὅπως
2998 3783 3104 3836 τῶν
3134 3782 3413 3854 παρόντων
3448 3777 3638 3832 ἐπιτύ-

2069 3882 2245 3935 χοιεν,
2295 3864 2409 3920 ἀλλ’
2450 3866 2597 3930 ὅπως
2627 3866 2735 3920 τῶν
2763 3867 3060 3938 μελλόντων
3088 3864 3473 3927 ἀπολαύσαιεν,
3494 3860 3641 3915 διδά-

2071 3969 2314 4017 σκοντες.
2374 3953 2512 4026 Περὶ
2546 3953 2657 4007 τῶν
2693 3953 2907 4024 ἀληθῶν
2943 3953 3283 4024 πραγμάτων
3321 3950 3415 4004 καὶ
3440 3947 3637 4021 ὀρθῶν,

2068 4039 2163 4094 καὶ
2191 4039 2342 4094 οὐδὲν
2369 4041 2602 4111 ἐχόντων
2620 4039 3068 4112 διεστραμμένον,
3090 4041 3299 4092 ἅπαντα
3326 4036 3479 4090 εἷπον
3505 4037 3641 4088 ἐκεῖ·

2067 4143 2147 4182 νοι
2180 4128 2230 4181 οἱ
2264 4129 2438 4199 νόμοι.
2482 4128 2696 4183 Πισταὶ
2727 4126 2917 4184 πᾶσαι
2957 4129 3016 4180 αὶ
3051 4126 3291 4181 ἐντολαὶ
3328 4124 3533 4179 αὑτοῦ.
3574 4123 3639 4176 Τί

2069 4213 2206 4279 ἐστι,
2235 4214 2485 4277 Πισταί;
2510 4213 2754 4280 Βέὸαιαι,
2785 4213 3065 4284 μένουσαι.
3107 4213 3225 4266 Κᾶν
3254 4210 3363 4283 γὰρ
3395 4210 3640 4281 παρασα⁴

2069 4299 2256 4366 θῶσιν,
2299 4302 2355 4355 αί
2388 4302 2645 4373 τιμωρίαι
2673 4301 2892 4355 ἐπονται
2914 4338 2930 4361 ,
2982 4300 3077 4353 καὶ
3114 4293 3275 4354 αὑται
3298 4300 3358 4352 οὑ
3386 4298 3639 4353 σαλεύον-

2068 4403 2192 4442 ται·
2244 4390 2295 4443 εί
2317 4388 2375 4443 66
2405 4388 2679 4461 ἄνθρωποι
2717 4385 3058 4458 παραδῶσιν,
3109 4387 3222 4440 ἀλλ’
3249 4389 3278 4440 6
3307 4386 3439 4450 Θεὸς
3469 4386 3636 4451 αὑτὰς

2068 4475 2290 4530 ἐκδικεῖ.
2323 4475 2414 4547 Μὴ
2437 4477 2614 4530 τοίνυν
2645 4475 2790 4544 λέγε,
2811 4476 2893 4529 ὅτι
2918 4475 3055 4547 πρὸς
3082 4475 3309 4547 ἀπειλὴν
3336 4475 3544 4549 εἴρηται
3569 4475 3641 4528 τὰ

2068 4564 2353 4635 εὶρημένα,
2399 4564 2432 4634 ἢ
2475 4562 2866 4634 ὑπερϐολικῶς.
2928 4562 3115 4626 Οὐδεὶς
3151 4562 3452 4633 νομοθετῶν
3500 4563 3640 4634 πρὸς

2068 4652 2296 4723 ἀπειλὴν
2348 4652 2496 4720 λέγει
2538 4652 2719 4723 μόνον,
2774 4651 2910 4706 ἀλλά
2954 4652 3048 4705 καὶ
3081 4651 3216 4725 πρὸς
3240 4652 3635 4723 σωφρονισμόν.

2069 4738 2131 4791 El
2156 4737 2214 4791 66
2243 4739 2302 4791 οὑ
2339 4739 2541 4808 σφόδρα
2564 4739 2838 4804 πιστεύεις
2870 4739 3010 4809 ὑπὲρ
3036 4740 3145 4794 τῶν
3177 4740 3498 4811 μελλόντων,
3527 4739 3637 4793 ἀπὸ

2067 4825 2176 4879 τῶν
2219 4825 2593 4897 παρελθόντων
2644 4825 2885 4898 λάμϐανε
2928 4828 3026 4898 τὴν
3054 4828 3342 4892 ἀπόδειξιν.
3410 4827 3469 4881 Ὀ
3507 4827 3637 4894 γοῦν

2072 4911 2222 4985 [2175]
2256 4914 2348 4967 61:1
2375 4913 2469 4967 τοῦ
2495 4914 2618 4967 Νῶε
2637 4913 3035 4985 κατακλυσμὸς,
3064 4916 3159 4967 καὶ
3179 4915 3212 4985 ή
3234 4915 3325 4967 61:1
3354 4913 3461 4966 τῶν
3491 4912 3640 4965 Σοδό-

2073 5019 2187 5072 μων
2233 5003 2590 5073 πυρπόλησις,
2631 5003 2726 5057 καὶ.
2770 5005 2803 5072 ἡ
2852 5004 2945 5057 61:1
2981 5002 3073 5057 τοῦ
3118 5002 3317 5074 Φαραὼ
3370 5000 3634 5064 ἀπώλεια,

2070 5090 2162 5143 καὶ
2183 5092 2216 5160 ή
2241 5090 2345 5144 τῶν
2361 5090 2625 5144 Ἰουδαίων
2651 5090 3011 5162 πανωλεθρία,
3034 5089 3128 5144 καὶ
3160 5092 3216 5141 αἱ
3247 5088 3635 5159 αἱχμαλωσίαι,

2068 5176 2161 5230 καὶ
2188 5178 2236 5229 οί
2265 5177 2510 5248 πόλεμοι,
2542 5173 2649 5247 ἆρα
2673 5176 2901 5249 ἀπειλῆς
2924 5178 3081 5242 είσιν,
3109 5177 3141 5249 ἢ
3168 5176 3360 5247 πείρας
3380 5175 3640 5246 πραγμά-

2066 5281 2207 5330 των;
2243 5265 2305 5317 El
2330 5264 2386 5318 66
2416 5264 2485 5318 τά
2509 5267 2566 5317 ἐν
2601 5264 2679 5334 τῷ
2710 5264 2863 5335 τύπῳ
2881 5263 3092 5332 γέγονε,
3122 5261 3300 5333 πολλῷ
3328 5262 3526 5333 μᾶλλον
3568 5264 3636 5318 τά

2067 5353 2126 5404 ἐν
2157 5354 2223 5422 τῇ
2256 5352 2503 5422 ἀληθείᾳ,
2546 5353 2656 5421 ὅσῳ
2689 5352 2782 5405 καὶ
2816 5352 3018 5422 μείζων
3055 5353 3089 5421 ή
3127 5351 3362 5421 πονηρία
3400 5350 3508 5405 τῶν
3533 5353 3636 5405 αὑ-

2066 5439 2177 5501 τοῖς
2191 5436 2604 5508 τετολμημένων
2628 5437 2769 5509 μετά
2788 5436 3054 5508 τοσαύτην
3078 5436 3371 5509 θεραπείαν
3391 5438 3484 5495 καὶ
3500 5440 3638 5513 διόρο

2131 5660 2160 5701 ι»
2182 5658 2342 5710 Malim
2361 5661 2441 5708 καὶ
2476 5665 2553 5722 γῆ.
2589 5660 2689 5712 Sed
2713 5662 2822 5713 sine
2866 5662 3161 5714 auctoritate
3189 5677 3303 5715 mss.
3330 5664 3451 5716 nitu!
3477 5669 3631 5715 muto.
