4086 6268
464 310 568 364 289

459 427 645 480 θωσιν.
679 425 988 493 Λύτρωσιν
1011 423 1328 476 ἀπέστειλε
1359 423 1390 474 ό
1421 421 1632 487 Κύριος
1660 417 1739 483 τῷ
1768 418 1896 482 λαῷ
1924 419 2028 471 αὐ·

459 509 585 564 τοῦ.
653 507 811 565 Κατά
852 506 947 578 μὲν
992 505 1092 575 τὴν
1134 504 1369 576 ἱστορίαν
1394 545 1409 569 ,
1461 502 1560 572 τὴν
1608 501 1717 553 τῶν
1767 499 2029 554 Ἰουδαίων

460 590 769 662 ἐλευθερίαν
793 589 925 661 φησί
947 605 962 621 ο
992 586 1135 641 κατά
1159 587 1217 640 δὲ
1240 588 1338 656 τὴν
1366 584 1676 655 ἀναγωγὴν,
1709 584 1808 655 τὴν
1833 583 1928 654 τῆς
1953 584 2031 634 οἱ-

459 691 556 727 κου
566 672 750 743 μένης,
777 671 805 724 ὃ
828 673 919 724 καὶ
948 670 1007 724 τὸ
1039 671 1164 741 ἑξῆς
1198 670 1351 739 δηλοῖ
1375 685 1388 699 ·
1426 668 1796 723 Ἐνετείλατο
1818 667 1905 731 εἰς
1923 664 2031 719 τὸν

459 755 646 813 αἰῶνα
681 754 973 823 διαθήκην
993 754 1198 808 αὐτοῦ.
1235 754 1345 824 Τὴν
1369 751 1579 823 Καινὴν
1603 748 1836 805 ἐνταῦθα
1860 746 2026 817 λέγει’

460 838 646 911 ἐπειδὴ
700 838 809 909 γὰρ
859 836 1075 905 ἐντολῆς
1117 834 1359 906 ἐμνήσθη
1399 835 1492 888 καὶ
1540 834 1736 905 νόμου,
1789 826 1943 895 οὗτος
1973 831 2031 884 δέ

461 920 768 992 παρεϐάθη,
792 920 886 973 καὶ
907 919 1196 990 εἰργάσατο
1214 917 1403 989 ὀργὴν.
1424 917 1607 988 φησὶν,
1625 918 1704 969 ὅτι
1724 915 2032 984 Λύτρωσιν

461 1003 780 1058 ἀπέστειλε
838 1000 918 1067 τῷ
944 999 1070 1065 λαῷ
1092 1001 1299 1066 αὑτοῦ,
1329 1000 1580 1070 καθάπερ
1606 998 1700 1052 καὶ
1732 997 1894 1059 αὐτὸς
1914 995 2031 1049 ἐλε-

461 1104 587 1154 γεν·
624 1088 745 1141 Οὐκ
768 1082 978 1156 ἦλθον,
1012 1085 1113 1137 ἵνα
1149 1084 1328 1151 κρίνω
1353 1082 1460 1136 τὸν
1484 1082 1735 1151 κόσμον,
1765 1080 1903 1135 ἀλλ’
1932 1080 2033 1132 ἵνα

462 1169 642 1223 σώσω
671 1168 779 1222 τόν
820 1169 1069 1236 κόσμον.
1123 1166 1339 1235 Ἐπειδὴ
1377 1165 1485 1236 γὰρ
1517 1163 1981 1235 παραϐαινόμενος
2003 1173 2030 1202 ιι

461 1253 489 1303 ὁ
517 1251 678 1321 νόμος
706 1248 960 1314 ἐκόλαζεν
985 1265 1000 1280 ο
1044 1249 1097 1301 Ὀ
1129 1249 1239 1317 γὰρ
1262 1247 1446 1314 νόμος
1483 1246 1689 1316 ὀργὴν,
1725 1245 1875 1317 φησὶ,
1905 1259 2032 1297 κατ-

461 1331 756 1401 εργάζεται
780 1350 795 1365 θ
826 1327 898 1387 οὗ
924 1330 1035 1400 γὰρ
1063 1332 1171 1384 οὐκ
1208 1330 1341 1383 ἐστι
1372 1330 1573 1398 νόμος,
1603 1327 1744 1382 οὐδὲ
1771 1325 2033 1395 παράϐα-

464 1430 595 1479 σις·
647 1414 761 1476 καὶ,
795 1413 1024 1477 Πάντες
1061 1412 1328 1481 ἥμαρτον
1369 1412 1465 1465 καί
1504 1409 1895 1478 ὑστεροῦνται
1925 1407 2035 1475 τῆς

463 1496 647 1564 δόξης
682 1496 788 1550 τοῦ
823 1495 989 1561 Θεοῦ,
1030 1494 1425 1563 δικαιούμενοι
1463 1492 1689 1561 δωρεὰν
1732 1490 1807 1560 τῇ
1849 1489 2035 1545 αὐτοῦ

464 1578 657 1655 χάριτι
680 1596 694 1609 ⁸
721 1579 809 1632 διὰ
826 1578 983 1632 τοῦτο
1011 1576 1182 1641 οὕτως
1209 1573 1328 1630 εἷπε
1344 1592 1357 1606 ·
1381 1576 1691 1645 Λύτρωσιν
1718 1572 2036 1628 ἀπέστειλε

462 1666 678 1733 Κύριος
707 1663 787 1728 τῷ
823 1662 950 1729 ,λαῷ
981 1662 1190 1716 αὑτοῦ.

533 1746 608 1818 η’.
625 1747 762 1807 Ἀλλ’
780 1747 929 1816 ὅμως
945 1745 1063 1799 οὐδὲ
1082 1746 1115 1813 ἡ
1140 1742 1404 1814 λύτρωσις
1417 1741 1622 1807 ἁπλῶς,
1640 1741 1773 1795 ἀλλά
1790 1738 1925 1811 μετά
1939 1737 2035 1809 τὴν

463 1828 733 1900 λύτρωσιν
765 1829 856 1882 καὶ
888 1827 1073 1898 νόμος,
1100 1826 1188 1879 ἵνα
1212 1826 1308 1895 τῆς
1334 1825 1554 1895 χάριτος
1578 1823 1733 1890 ἀξίαν
1765 1820 2038 1887 ἐπιδειξώ-

469 1910 608 1981 μεθα
657 1911 757 1977 τὴν
788 1909 1080 1963 πολιτείαν.
1116 1909 1312 1976 Ἅγιον
1348 1907 1447 1960 καί
1474 1905 1728 1975 φοϐερὸν
1751 1905 1816 1958 τὸ
1852 1904 2038 1973 ὄνομα

466 1993 672 2049 αὐτοῦ.
715 1993 932 2064 Ἐπειδὴ
956 1993 1064 2064 γάρ
1094 1992 1375 2062 ἐνενόησεν
1402 1991 1617 2045 ἅπαντα
1644 1989 1712 2043 τὰ
1733 1989 2035 2059 ἀνακηρύτ-

465 2095 624 2131 τοντα
661 2076 824 2130 αὐτοῦ
875 2076 974 2147 τὴν
1016 2074 1357 2145 κηδεμονίαν.
1405 2073 1503 2143 τὴν
1536 2072 1808 2143 πρόνοιαν,
1850 2071 1948 2142 τὴν
1978 2071 2038 2125 ἐν

465 2163 533 2231 τῇ
563 2159 795 2230 Παλαιᾷ,
822 2156 918 2228 τὴν
948 2162 1005 2212 ἐν
1037 2162 1102 2229 τῇ
1134 2158 1328 2228 Καινῇ,
1359 2155 1457 2226 τὴν
1487 2157 1544 2209 ἐν
1565 2161 1678 2218 τοῖς
1706 2153 1903 2226 ἔργοις,
1937 2153 2038 2225 τὴν

465 2241 554 2296 διὰ
587 2241 695 2295 τῶν
725 2241 974 2303 ἐντολῶν,
1004 2240 1102 2311 τὴν
1117 2239 1203 2293 διὰ
1228 2239 1336 2292 τῶν
1359 2237 1671 2308 θαυμάτων,
1697 2237 1794 2307 τὴν
1815 2235 1902 2288 διὰ
1931 2235 2038 2289 τῶν

465 2325 784 2395 τεραστίων,
834 2323 1020 2387 ἔνθους
1060 2323 1368 2393 γενόμενος,
1411 2321 1505 2374 καὶ
1543 2320 1837 2388 ἐκπλαγεὶς
1871 2317 2036 2372 αὐτοῦ

466 2408 564 2479 τὴν
589 2406 996 2478 μεγαλωσύνην,
1023 2409 1101 2471 εἰς
1130 2404 1432 2473 δοξολογίαν
1456 2403 1711 2458 καταλύει
1735 2402 1827 2456 τὸν
1859 2401 2035 2470 λόγον,

469 2491 638 2563 ὕμνον
671 2489 955 2560 ἀναφέρων
991 2491 1070 2552 εἰς
1099 2489 1188 2541 τὸν
1223 2487 1394 2540 ταῦτα
1428 2486 1785 2557 πεποιηκότα.
1831 2485 2040 2552 ’Ἂγιον

469 2564 567 2628 καὶ
595 2572 847 2642 φοϐερὸν
884 2570 948 2624 τὸ
998 2569 1184 2637 ὄνομα
1218 2567 1405 2625 αὐτοῦ
1431 2585 1445 2598 ·
1496 2569 1790 2634 τουτέστιν,
1836 2566 2040 2638 ἐκπλή-

471 2644 605 2725 ξεως
632 2656 821 2727 γέμον,
845 2653 1119 2723 θαύματος
1152 2651 1368 2707 πολλοῦ.
1401 2652 1465 2703 Εἰ
1490 2651 1546 2704 δὲ
1568 2650 1628 2704 τὸ
1648 2650 1818 2723 ὄνομα
1843 2649 2033 2713 αὐτοῦ,

468 2742 619 2810 πόσῳ
646 2738 842 2809 μᾶλλον
873 2739 905 2807 ή
931 2735 1121 2801 οὐσίας
1162 2733 1286 2798 Πῶς
1309 2734 1367 2788 δὲ
1391 2733 1452 2787 τὸ
1474 2733 1646 2804 ὅνομα
1677 2732 1842 2787 αὐτοῦ
1883 2733 2039 2800 ἅγιον

469 2824 560 2877 καὶ
598 2820 866 2892 φοϐερόν;
938 2818 1197 2889 Δαίμονες
1237 2817 1368 2872 αὐτὸ
1412 2816 1713 2887 τρέμουσι,
1759 2817 2039 2888 νοσήματα

468 2905 598 2960 αὐτὸ
626 2904 847 2968 δέδοικε,
874 2902 1047 2972 τούτῳ
1080 2899 1404 2971 κεχρημένοι
1430 2899 1509 2970 τῷ
1549 2898 1770 2970 ὀνόματι
1816 2900 1869 2953 οἰ
1901 2898 2039 2953 ἀπό-

472 2989 644 3042 στολοι
669 2987 767 3058 τὴν
791 2984 1116 3055 οἰκουμένην
1140 2982 1506 3054 κατώρθωσαν
1531 2982 1814 3053 cinae-av}.
1854 2981 2043 3052 Τούτῳ

468 3074 497 3124 ὁ
528 3068 687 3124 Δαυῒδ
715 3068 836 3124 ἀντὶ¹
866 3066 1031 3125 ὅπλου
1060 3065 1426 3137 χρησάμενος,
1467 3065 1557 3118 τὸν
1588 3064 1860 3136 βάρϐαρον
1900 3066 2042 3118 ἐκεῖ-

469 3170 559 3207 νον
592 3152 895 3224 κατήνεγκε
921 3166 937 3183 ⁸
996 3140 1170 3220 τούτῳ
1197 3148 1266 3202 τὰ
1311 3148 1480 3219 μυρία
1526 3146 1858 3219 κατωρθώθη
1900 3146 2042 3219 πρά-

469 3253 655 3306 γματα
678 3252 692 3265 ·
729 3234 903 3306 τούτῳ
930 3233 1029 3306 τὴν
1053 3232 1204 3304 ἱερὲιν
1233 3230 1735 3304 μυσταγωγούμεθα
1756 3247 2040 3301 μυσταγωερ

470 3319 614 3387 γίαν.
633 3316 859 3371 Ἐννοῶν
879 3317 1054 3370 τοίνυν
1081 3316 1182 3370 ὅσα
1210 3313 1499 3387 ἐργάζεται
1522 3312 1772 3385 θαύματα
1790 3312 1851 3366 τὸ
1872 3312 2041 3384 ὄνομα

471 3399 658 3464 αὐτοῦ,
684 3401 815 3462 ὅσας
839 3397 1177 3469 εὐεργεσίας,
1211 3397 1328 3461 πῶς
1358 3398 1485 3461 τούς
1517 3396 1788 3460 ἐναντίους
1815 3395 2038 3459 διαλύει,

472 3483 590 3547 πῶς
613 3484 739 3546 τοὺς
764 3482 998 3544 οἰκείους
1030 3481 1404 3551 ἀσφαλίζεται,
1452 3480 1546 3535 καὶ
1577 3480 1876 3552 πράγματα
1907 3480 2041 3534 ἀνα-

472 3565 813 3635 λογιζόμενος
865 3563 1259 3634 ὐπερϐαίνοντα
1302 3563 1517 3632 φύσεως
1558 3563 1896 3629 ἀκολουθίαν,
1946 3563 2043 3617 καὶ

471 3647 705 3703 νικῶντα
726 3645 983 3718 λογισμὸν
1015 3644 1336 3717 ἀνθρώπων,
1364 3646 1526 3716 φησίν
1547 3660 1560 3675 ·
1591 3645 1788 3716 ’Λγιον
1807 3646 1907 3701 καί
1932 3664 2041 3715 φοι

470 3730 647 3800 ϐερὸν
677 3731 741 3784 τὸ
779 3730 967 3799 ὄνομα
1000 3728 1208 3782 αὐτοῦ.
1272 3730 1335 3781 Εἰ
1384 3729 1442 3783 δέ
1471 3729 1645 3797 ἅγιον,
1676 3729 1847 3798 ἁγίων
1873 3730 2042 3784 δεῖται

473 3815 758 3887 στομάτων
783 3814 920 3886 πρὸς
949 3812 1291 3884 ὐμνολογίαν,
1317 3812 1490 3882 ἁγίων
1517 3811 1611 3865 καὶ
1640 3813 1913 3883 καθαρῶν.

540 3899 714 3970 Ἀρχή
741 3899 966 3967 σοφίας
984 3897 1168 3967 φόϐος
1195 3896 1438 3963 Κυρίου.
1467 3895 1724 3962 Σύνεσις
1750 3889 1819 3949 δὲ
1848 3896 2040 3969 ἀγαθὴ

470 3982 623 4038 πᾶσι
655 3981 778 4048 τοῖς
805 3981 1088 4034 ποιοῦσιν
1111 3979 1324 4047 αὑτήν.
1349 3978 1414 4032 Τί
1443 3979 1608 4044 ἐστιν,
1644 3978 1832 4048 ἀρχή;
1860 3978 2041 4050 Πηγὴ,

473 4066 617 4135 ῥίζα,
657 4062 929 4127 ὑπόθεσις.
978 4061 1195 4133 Ἐπειδὴ
1224 4060 1333 4133 γὰρ
1358 4059 1593 4114 τοσαῦτα
1622 4062 1716 4121 καὶ
1745 4060 2043 4135 τηλικαῦτα

470 4145 591 4202 εἷπε
626 4148 756 4220 περὶ
784 4145 878 4201 τοῦ
914 4146 1013 4216 τῆς
1051 4145 1374 4217 οἰκουμένης
1403 4145 1692 4212 Δεσπότου,
1726 4145 1824 4202 καὶ
1848 4146 2045 4201 τοσαύ-

470 4249 571 4302 της
597 4229 913 4303 ἐκπλήξεως
943 4228 1096 4301 [176]
1133 4227 1459 4299 ἐνεπλήσθη,
1490 4227 1685 4297 ἐπάγει
1726 4227 1886 4283 τοῦτο
1912 4229 2043 4285 ἀκο-

471 4314 694 4377 λούθως,
723 4313 909 4367 λοιπὸν
931 4313 1164 4376 δεικνὺς,
1192 4312 1274 4365 ὅτι
1306 4314 1336 4365 ό
1357 4310 1548 4365 τοῦτον
1576 4311 1908 4383 φοϐούμενος
1937 4314 2044 4368 πά*

475 4414 574 4467 σης
597 4395 977 4467 ἐμπίμπλαται
1010 4393 1223 4464 σοφίας,
1272 4396 1368 4452 καὶ
1399 4394 1616 4458 συνετὸς
1646 4394 1876 4464 γίνεται.
1910 4393 2044 4452 Εἶτα

475 4475 562 4528 ἴνα
597 4477 669 4545 μή
700 4490 785 4536 τις
808 4472 1004 4543 νομίσῃ
1046 4472 1205 4542 μέχρι
1235 4472 1333 4542 τῆς
1360 4471 1616 4540 γνώσεως
1654 4469 1795 4527 εἶναι
1837 4473 1906 4528 τὰ
1942 4476 2043 4545 τῆς

477 4552 701 4621 σοφίας,
747 4551 1019 4622 ἐπήγαγεο
1080 4551 1346 4618 Σύνεσις,
1374 4549 1445 4603 δὲ
1483 4550 1676 4621 ἀγαθὴ
1721 4550 1875 4607 πᾶσι
1919 4554 2043 4620 τοῖς

474 4633 754 4687 ποιοῦσιν
772 4632 985 4699 αὐτήν.
1014 4632 1088 4685 Οὐ
1116 4632 1224 4703 γὰρ
1243 4632 1404 4703 ἀρκεῖ
1429 4633 1629 4699 πίστις,
1660 4633 1727 4689 ἂν
1755 4634 1830 4708 μὴ
1864 4640 2039 4711 προσῇ

478 4720 569 4770 καὶ
604 4714 844 4770 πολιτεία
889 4716 951 4785 τῇ
994 4714 1172 4767 πίστει
1211 4713 1599 4784 συμϐαίνουσα.
1651 4716 1778 4783 Πῶς
1814 4719 1869 4771 δὲ
1900 4719 2043 4792 ἀρχὴ

474 4797 662 4867 σοφίας
693 4795 853 4866 φόϐος
884 4795 1127 4867 Κυρίου;
1168 4796 1354 4868 Πάσης
1392 4797 1719 4853 ἀπαλλάττει
1754 4802 2040 4872 πονηρίας,

472 4883 651 4936 πᾶσαν
683 4880 884 4952 ἀρετὴν
913 4879 1188 4949 κατορθοῖ.
1236 4880 1435 4947 Σοφίαν
1465 4882 1523 4934 δέ
1553 4882 1615 4935 οὐ
1648 4882 1746 4955 τὴν
1775 4887 1833 4937 ἐν
1865 4887 2044 4957 ῥήμα-

474 4984 578 5033 σιν,
604 4964 740 5020 ἀλλά
759 4964 856 5035 τὴν
884 4963 941 5015 ἐν
972 4962 1260 5033 πράγμασι
1284 4961 1449 5032 λέγει.
1488 4965 1640 5017 Ἐπεὶ
1660 4966 1754 5018 καὶ
1775 4968 1824 5018 οί
1844 4965 2043 5031 ἔξωθεν

471 5050 663 5121 σοφίαν
687 5048 846 5102 10610
870 5046 1156 5119 ὡρίσαντο,
1192 5045 1350 5100 θείων
1392 5046 1486 5101 καὶ
1517 5037 1871 5120 ἀνθρωπίνων
1901 5067 2044 5122 πρα-

469 5136 695 5204 γμάτων
743 5133 1052 5200 διάγνωσιν.
1111 5128 1327 5198 Ταύτην
1375 5129 1432 5183 δέ
1480 5130 1578 5202 τὴν
1631 5131 1828 5204 τέχνην
1880 5134 1909 5186 ὁ
1946 5134 2041 5188 τοῦ

469 5217 603 5272 Θεοῦ
644 5217 805 5289 φόϐος
834 5215 1094 5278 διδάσκει,
1138 5213 1400 5285 πονηρίαν
1430 5214 1654 5282 ἀνελὼν,
1702 5216 1903 5289 ἀρετὴν
1941 5235 2037 5287 φυ.

532 5374 559 5402 ι
581 5373 705 5436 ηερ,
728 5370 1117 5436 παραγινόμενος.
1142 5367 1243 5419 Sed
1261 5374 1463 5431 prastat
1485 5370 1635 5421 lectio
1664 5371 1786 5420 editi
1806 5376 2043 5436 παραϐαι-

473 5450 497 5481 ν
643 5451 678 5481 '.

497 5450 852 5560 οξεξῗηιὶιιιιιιε
894 5493 1144 5544 Hcrvelus
1186 5492 1324 5560 hunc_
1360 5493 1518 5542 locum
1546 5499 1783 5555 γοητεῖαι,
1812 5509 1898 5560 per
1931 5496 2041 5547 uni-

472 5566 663 5605 versum
705 5557 868 5604 orbem
892 5562 1045 5619 terra:
1088 5567 1152 5619 se_
1173 5554 1409 5619 pra'clqre
1448 5563 1711 5619 gesserunt.
1752 5554 1847 5607 min
1884 5562 2041 5608 anim-

473 5618 737 5665 advorlens
777 5618 1094 5684 κατώρθωσαν
1140 5614 1221 5664 hic
1261 5614 1421 5664 active
1449 5614 1670 5684 hosﬁum
1698 5619 1787 5684 τὴν
1820 5622 2043 5684 οἰκουμέ-

470 5688 783 5789 ἔέἶτιὲέεέξὲιῗᾶ
821 5676 1214 5738 vel-tenduntque
1236 5688 1369 5736 esse,
1412 5676 1688 5733 miioenum
1710 5681 1873 5733 orbem
1897 5676 2043 5734 τεὴ-ω

1171 303 1230 357 5.
1265 300 1546 358 JOANNIS
1578 256 2065 356 CHM’SOSTOM}
2103 291 2418 351 ARCIHEP.
2462 288 3008 348 CONSTANTINOP.

3607 285 3714 343 τοι)

2139 414 2331 479 τεύων,
2352 411 2461 465 τῶν
2488 408 2774 480 παρόντων
2801 405 3074 478 ὑπερορᾷν
3102 366 3559 475 παρδσκευάζων,
3578 403 3713 471 πρὸς

2137 498 2229 552 τὸν
2247 496 2475 570 οὐρανὸν
2494 494 2771 567 μεθιστὰς.
2796 492 2862 544 Τί
2881 491 2937 544 δὲ
2956 490 3059 558 τῆς
3077 485 3333 557 τοιαύτης
3345 484 3524 570 ψυχῆς
3542 483 3718 570 σοφωέ

2139 567 2334 652 τερον
2362 579 2437 634 Οὐ
2454 578 2546 633 τὸν
2565 576 2838 648 ἀκροατὴν
2863 574 2920 629 δὲ
2947 571 3180 627 ἐνταῦθα
3203 570 3354 652 ζητεῖ
3374 569 3559 652 μόΥονν

2141 648 2233 719 καλ
2277 663 2369 716 τὸν
2413 661 2661 732 ποιητήν.
2710 660 2965 723 Σύνεσις
3017 653 3087 709 δὲ
3138 651 3331 724 ἀγαθὴ
3388 649 3542 706 πᾶσι
3596 648 3720 715 τοῖς

2141 745 2424 800 ποιοῦσιν
2456 742 2668 809 αὐτήν-ο
2699 739 2969 807 τουτέστι,
2992 740 3104 802 τοῖς
3136 735 3349 790 ποιοῦσι
3379 735 3477 806 τὴν
3504 734 3716 804 σοφίαν,

2142 830 2236 883 καὶ
2263 829 2349 882 διά
2376 829 2483 882 τῶν
2532 826 2709 899 ἔργων
2741 822 3227 892 ἐπιδεικνυμένοις,
3275 818 3489 881 σύνεσις
3513 816 3714 888 ἀγαθή.

2141 913 2413 979 Σύνεσις,
2448 907 2621 976 εἶπεν,
2647 908 2860 980 ἀγαθὴ,
2886 907 2968 960 ὅτι
2987 906 3102 960 ἔστι
3122 905 3215 959 καὶ
3238 903 3453 965 σύνεσις
3482 900 3717 972 πονηρὰ,

2141 995 2215 1060 ὡς
2259 996 2386 1050 ὅταν
2430 994 2564 1067 λέγῃ
2589 1011 2602 1027 ο
2641 995 2826 1063 Σοφοι
2851 993 2969 1045 εισι
3009 989 3117 1044 τοῦ
3153 986 3557 1054 κακοποιῆσαι
3586 1000 3601 1017 ⁸
3651 984 3717 1038 τό

2140 1078 2210 1132 δὲ
2246 1080 2439 1133 καλὸν
2471 1075 2721 1146 ποιῆσαι
2750 1078 2860 1129 οὐκ
2898 1074 3195 1144 ἔγνωσαν.
3247 1070 3387 1124 Ἀλλ’
3427 1069 3589 1132 αὐτὸς
3621 1068 3719 1139 τὴν

2142 1160 2236 1215 ἐπὶ
2261 1164 2360 1232 τῆς
2395 1162 2596 1233 ἀρετῆς
2624 1159 2838 1212 σύνεσιν
2868 1157 3035 1228 ζητεῖ.

2225 1244 2287 1298 Ἠ
2313 1231 2548 1308 αίνέσις
2579 1240 2765 1296 αὐτοῦ
2785 1240 2955 1309 μένει
2982 1241 3069 1303 εις
3096 1238 3205 1290 τὸν
3233 1232 3421 1290 αἰῶνα
3453 1234 3560 1290 τοῦ
3587 1231 3720 1288 ait?»

2141 1342 2267 1391 νος.
2298 1325 2434 1378 Ποία
2454 1326 2693 1388 αίνεσις;
2728 1323 2849 1377 εἰπέ
2883 1338 2994 1393 μοι.
3044 1320 3107 1373 Ἥ
3135 1317 3472 1389 εὐχαριστία,
3501 1318 3535 1388 η
3572 1315 3717 1380 8050-

2143 1414 2319 1484 λογία,
2353 1417 2386 1486 ἡ
2417 1415 2504 1469 διά
2535 1415 2645 1469 τῶν
2667 1414 2842 1486 ἔργων
2873 1411 3137 1482 γενομένη
3172 1409 3458 1473 ἀθάνατος,
3493 1407 3587 1462 καὶ
3616 1405 3720 1479 πρὸ

2142 1498 2368 1559 τούτων,
2412 1498 2551 1569 αὐτὴ
2588 1499 2622 1569 ὴ
2672 1499 2739 1569 τῇ
2789 1494 2945 1566 οὐσίᾳ
2991 1493 3154 1547 αὐτοῦ
3197 1491 3716 1563 συγκεκληρωμένη.

2158 1580 2448 1643 Ἀθάνατος
2493 1580 2591 1650 μὲν
2633 1579 2744 1651 γὰρ
2774 1580 2803 1633 ὁ
2832 1577 2983 1645 Θεὸς,
3010 1577 3105 1631 καὶ
3141 1575 3265 1631 καθ’
3295 1574 3484 1629 ἐαυτὸν
3519 1573 3723 1644 σφόδρα

2145 1663 2355 1729 αἰνετός
2377 1680 2390 1694 ο
2421 1663 2630 1727 αἰνετὸς
2661 1663 2718 1716 δέ
2753 1663 2845 1715 καὶ
2882 1664 3008 1716 ὅταν
3048 1661 3306 1731 ἐννοήσῃς
3344 1657 3440 1731 τὴν
3474 1658 3719 1729 μεγαλω-

2148 1747 2313 1819 σύνην
2340 1746 2505 1801 αὐτοῦ
2539 1747 2633 1800 καὶ
2657 1749 2727 1800 τὰ
2750 1745 2883 1801 ἄλλα
2907 1746 3084 1799 πάντα
3103 1757 3118 1772 ⁸
3145 1744 3353 1807 αἰνετδς
3378 1742 3472 1796 καὶ
3498 1741 3586 1795 διὰ
3614 1742 3723 1794 τῶν

2146 1829 2344 1902 ἔργων,
2372 1831 2499 1884 ὅταν
2541 1829 2657 1903 ἴδῃς
2686 1828 2852 1883 αὐτοῦ
2874 1828 2974 1900 τὴν
3007 1826 3194 1896 σοφίαν
3236 1827 3324 1880 διά
3362 1826 3472 1880 τῶν
3508 1824 3720 1896 ὁρωμέ-

2146 1931 2274 1970 νων.
2325 1913 2508 1968 Ταῦτα
2553 1914 2608 1967 δὲ
2658 1912 2805 1983 λέγει
2846 1913 2925 1976 εἰς
2973 1910 3321 1983 εὐχαριστίαν
3373 1910 3720 1982 προτρέπων,

2148 1997 2242 2050 καὶ
2273 1996 2487 2060 δεικνὺς
2519 1995 2776 2066 οὐδεμιᾶς
2801 1993 3128 2065 συγγνώμης
3160 1993 3319 2056 ὄντας
3357 1992 3562 2059 ἀξίους,
3604 1993 3723 2047 οὐδέ

2146 2080 2246 2149 τῆς
2295 2078 2584 2149 τυχούσης,
2636 2079 2762 2142 τοὺς
2802 2076 3247 2147 δυσχεραίνοντας
3282 2074 3421 2147 πρὸς
3463 2075 3533 2129 τὰ
3573 2076 3725 2144 γενό-

2151 2177 2306 2232 μενα.
2336 2162 2504 2214 Ὅταν
2539 2161 2648 2230 γὰρ
2671 2163 2705 2231 ἡ
2735 2161 2937 2223 αῐνεσις
2965 2157 3162 2223 αὐτοῦ,
3193 2158 3287 2211 καὶ
3312 2158 3346 2228 ἡ
3384 2156 3722 2228 εὐχαριστία,

2149 2243 2244 2297 καὶ
2271 2246 2304 2316 ἡ
2334 2243 2609 2311 δοξολογία
2648 2241 2821 2305 οὕτως
2922 2241 3150 2312 φανερὰ,
3181 2240 3275 2294 καὶ
3298 2239 3462 2311 δήλη,
3494 2241 3589 2294 καὶ
3632 2255 3729 2294 σαι

2150 2328 2275 2398 φὴς.
2304 2329 2398 2380 καὶ
2435 2328 2725 2397 ἀκίνητος,
2768 2324 2862 2378 καὶ
2908 2324 3211 2395 πεπηγυῖα,
3255 2322 3350 2377 καὶ
3385 2323 3606 2394 μονίμη,
3652 2323 3727 2386 ὼς

2149 2411 2244 2464 καὶ
2302 2408 2568 2472 ἀθάνατος
2617 2405 2757 2461 εἶναι
2780 2445 2794 2471 ,
2843 2406 3146 2478 ἀπέραντος
3202 2406 3297 2459 καὶ
3351 2404 3724 2470 ἀτελεύτητος,

2148 2493 2343 2545 ἐκεῖνοι
2375 2491 2431 2544 δὲ
2476 2490 2676 2560 ταύτην
2709 2488 3025 2559 ἀγνοοῦντες
3066 2487 3324 2542 τάναντία
3355 2487 3727 2557 φθέγγωνται·

2148 2575 2302 2629 οὐδὲν
2325 2575 2511 2646 ἕτερον
2534 2573 2567 2644 ἢ
2591 2571 2730 2645 πρὸς
2748 2571 2815 2625 τὰ
2838 2571 2990 2642 ἡλίου
3019 2570 3222 2643 σφόδρα
3253 2571 3565 2643 σαφέστερα
3588 2570 3733 2624 ἀντι-

2148 2656 2397 2725 λέγουσι,
2427 2656 2520 2709 καὶ
2554 2656 2771 2718 ἑκόντες
2802 2654 3224 2724 τυφλώττουσιν.
3255 2653 3390 2707 Οὐδὲ
3422 2653 3531 2725 γὰρ
3557 2653 3728 2725 πρόσ-

2149 2739 2338 2813 καιρός
2372 2740 2541 2802 ἐστιν,
2582 2739 2668 2792 ἵνα
2703 2737 3063 2808 ἀγνοήσωσιν,
3095 2736 3220 2790 οὐτε
3254 2736 3481 2809 ἀμαυρά
3515 2753 3597 2800 τις
3635 2736 3732 2791 καὶ

2150 2821 2396 2893 ἀσαφὴς,
2444 2821 2581 2874 ἀλλά
2605 2821 2698 2874 καὶ
2727 2819 2883 2891 δήλη,
2925 2820 3020 2874 καὶ
3059 2820 3310 2890 διηνεκὴς
3348 2819 3442 2872 καὶ
3468 2818 3731 2882 ἀθάνατος

2149 2904 2237 2957 ἀεὶ
2265 2905 2525 2974 μένουσα,
2556 2903 2651 2956 καὶ
2672 2901 2823 2966 τέλος
2848 2902 3103 2956 οὐδέποτε
3138 2902 3352 2973 ἔχουσα.

2533 3029 2642 3082 ΕΙΣ
2679 3029 2815 3082 ΤΟΝ
2853 3029 2982 3082 ΡιΑν
3019 3028 3338 3084 ΨΔΛΜΟΝ.

2264 3135 2568 3205 Μακάριος
2589 3132 2752 3204 ἀνὴρ
2785 3138 2817 3189 ό
2843 3135 3213 3205 φοϐούμενος
3243 3136 3351 3190 τὸν
3369 3137 3608 3205 Κύριον.

2221 3235 2294 3288 α’.
2310 3233 2522 3305 Σφόδρα
2544 3250 2634 3303 μοι
2650 3232 2798 3286 δοκεῖ
2810 3231 2887 3303 τῷ
2902 3232 3046 3286 τέλει
3068 3231 3162 3286 τοῦ
3176 3233 3282 3307 πρὸ
3310 3233 3498 3288 τούτου
3516 3233 3733 3308 ψαλμοῦ

2150 3317 2377 3373 ἕπεσθαι
2400 3316 2463 3369 τὸ
2494 3316 2800 3388 προοίμιον,
2823 3315 2919 3370 καὶ
2949 3315 3137 3388 ὥσπερ
3164 3316 3222 3372 ἓν
3250 3316 3409 3388 σῶμα
3439 3314 3577 3373 εἶναι
3604 3336 3733 3373 συν-

2151 3401 2276 3472 εχὲς
2304 3399 2398 3453 καὶ
2446 3398 2807 3470 συνημμένον.
2854 3400 3003 3453 Ἐκεῖ
3032 3401 3132 3470 μὲν
3161 3401 3271 3474 γάρ
3299 3416 3465 3473 φησιν
3484 3442 3501 3468 ,
3549 3402 3731 3473 Ἀρχὴ

2150 3486 2373 3554 σοφίας
2393 3484 2578 3553 φόϐος
2608 3484 2860 3551 Κυρίου’
2888 3483 3124 3538 ἐνταῦθα
3152 3484 3232 3550 δὲ,
3249 3486 3556 3556 Μακάριος
3573 3488 3732 3561 ἀνὴρ

2150 3570 2184 3621 ό
2206 3567 2573 3635 φοϐούμενος
2592 3564 2701 3619 τὸν
2729 3567 2968 3633 Κύριον,
2994 3566 3203 3639 ἑτέροις
3231 3569 3329 3640 μὲν
3358 3571 3589 3642 ῥήμασι,
3619 3574 3733 3634 τοῖς

2150 3650 2208 3703 δὲ
2253 3649 2434 3714 αὐτοῖς
2480 3650 2716 3719 νοήμασι
2768 3649 3037 3704 παιδεύων
3085 3651 3181 3704 106
3233 3652 3365 3705 Θεοῦ
3409 3654 3501 3707 τὸν
3545 3655 3728 3722 φόϐον.

2165 3732 2312 3786 Ἐκεῖ
2343 3732 2438 3802 μὲν
2466 3730 2575 3803 γὰρ
2610 3731 2770 3785 αὐτὸν
2802 3731 2964 3800 σοφὸν
2989 3731 3191 3804 ἔφησεν
3217 3730 3355 3789 εἶναι
3374 3752 3388 3766 ’
3417 3736 3648 3793 ἐνταῦθα
3675 3739 3733 3793 δὲ

2157 3812 2313 3886 [277]
2347 3813 2649 3885 μακάριονο
2684 3814 2746 3868 τὸ
2777 3814 2831 3868 δὲ
2857 3815 3027 3878 ὅντως
3058 3817 3326 3887 μακάριον
3358 3817 3534 3884 τοῦτο,
3566 3821 3643 3887 ὡς
3664 3824 3734 3877 τά

2152 3914 2216 3966 γε
2243 3897 2379 3951 ἀλλα
2409 3897 2588 3952 πάντα
2630 3897 2926 3968 ματαιότης
2969 3900 3062 3952 καὶ
3094 3899 3222 3953 σκιά
3244 3941 3260 3966 ,
3291 3901 3386 3955 καὶ
3428 3901 3561 3972 ψιλὰ
3590 3904 3732 3977 πρά-

2152 3996 2367 4051 γματα·
2417 3979 2519 4034 κᾶν
2569 3980 2799 4035 πλοῦτον
2844 3979 3028 4053 εἴπῃς,
3092 3982 3197 4037 κᾶν
3243 3982 3583 4049 δυναστείαν,
3630 3988 3731 4042 κᾶν

2155 4062 2401 4134 σώματος
2442 4061 2622 4133 ὤραν,
2667 4061 2770 4116 κᾶν
2815 4064 3110 4133 χρημάτων
3151 4064 3461 4137 περιϐολήν.
3506 4069 3731 4134 Φύλλοις

2151 4145 2261 4216 γάρ
2287 4144 2429 4198 ἔοικε
2456 4146 2879 4210 καταπίπτουσι,
2916 4147 3008 4200 καὶ
3032 4150 3210 4212 σκιαῖς
3236 4150 3728 4221 παρατρεχούσαις,

2153 4229 2247 4282 καὶ
2285 4228 2558 4298 ὀνείρασιν
2590 4228 3010 4299 ἀφιπταμένοις.
3040 4230 3084 4282 Τ
3086 4230 3115 4283 ὸ
3141 4231 3197 4284 δὲ
3246 4231 3416 4295 ὅντως
3461 4236 3731 4307 μακάρων

2152 4311 2329 4365 τοῦτο.
2376 4307 2509 4363 Εἶτα
2529 4351 2544 4370 ,
2571 4312 2760 4382 ἐπειδὴ
2795 4311 2889 4365 καὶ
2918 4311 3171 4383 δαίμονες
3209 4314 3510 4371 δεδοίκασιν
3543 4318 3727 4384 αὐτὸν,

2153 4393 2248 4447 καὶ
2276 4393 2592 4464 φρίττουσιν
2611 4433 2625 4456 ,
2671 4395 2760 4449 ἵνα
2815 4394 2889 4467 μὴ
2914 4396 3142 4471 νομίσῃς
3171 4397 3327 4453 τοῦτο
3353 4401 3513 4472 μόνον
3541 4404 3730 4476 ἀρκεῖν

2153 4478 2232 4540 εἰς
2257 4476 2551 4546 σωτηρίαν,
2584 4477 2720 4548 ὅπερ
2747 4478 2859 4533 ἀνω
2881 4479 3168 4552 πεποίηκε,
3188 4480 3347 4536 τοῦτο
3373 4484 3466 4537 καὶ
3496 4487 3728 4541 ἐνταῦθα

2153 4562 2315 4613 ποιεῖ.
2363 4559 2629 4631 Καθάπερ
2659 4559 2766 4632 γὰρ
2794 4561 2910 4615 ἐκεῖ
2944 4561 3136 4628 εἰπὼν,
3169 4564 3341 4634 Ἀρχὴ
3369 4569 3591 4638 σοφίας
3620 4572 3729 4641 φά-

2153 4644 2255 4709 ϐος
2288 4643 2528 4710 Κυρίου,
2570 4643 2849 4712 ἐπήγαγε·
2878 4646 3133 4712 Σύνεσις
3173 4648 3365 4716 ἀγαθὴ
3402 4648 3555 4705 πᾶσι
3607 4653 3730 4719 τοῖς

2152 4723 2433 4778 ποιοῦσιν
2480 4725 2707 4794 αὐτὴν,
2745 4729 2856 4790 τοῖς
2898 4726 3129 4798 δόγμασι
3164 4730 3262 4800 τὴν
3327 4732 3730 4803 συμϐαίνουσαν

2153 4807 2425 4861 πολιτείαν
2463 4808 2712 4879 ἀναρτῶν
2729 4825 2745 4842 ο
2770 4808 2915 4863 οὕτω
2943 4808 3006 4880 δὴ
3034 4812 3127 4865 καὶ
3159 4812 3409 4878 ἐνταῦθα,
3441 4816 3611 4871 εἰπὼν
3638 4817 3725 4871 τὸν

2153 4889 2338 4960 φόϐον,
2361 4890 2460 4943 οὐκ
2488 4892 2693 4945 ἐκεῖνον
2724 4891 2884 4961 μόνον
2907 4890 3054 4962 λέγει
3080 4895 3171 4948 τὸν
3198 4897 3306 4950 ἀπὸ
3326 4899 3423 4969 τῆς
3451 4900 3726 4967 γνώσεως,

2150 4972 2211 5055 δν
2232 4975 2326 5027 καὶ
2356 4973 2608 5045 δαίμονες
2638 4974 2851 5044 ἔχουσιν
2873 4990 2888 5007 °
2915 4975 3052 5029 ἀλλὰ
3078 4977 3352 5032 καὶτοῦτο
3374 4982 3729 5055 προστίθησιν

2151 5053 2324 5123 λέγων
2368 5055 2471 5109 Ἐν
2506 5055 2636 5121 ταῖς
2662 5057 2940 5123 ἐντολαῖς
2973 5059 3161 5113 αὐτοῦ
3186 5053 3430 5129 θελήσει
3470 5053 3725 5135 σφόδρα.

2151 5138 2323 5190 Τοῦτο
2345 5138 2402 5190 δὲ
2432 5135 2577 5202 εἷπε,
2600 5139 2713 5209 βίον
2734 5140 2982 5195 ἀπαιτῶν
2999 5143 3094 5197 καί⁵
3116 5143 3389 5201 πολιτείαν
3413 5147 3701 5219 ἡκριϐωμέ
3716 5179 3731 5190 -

2151 5237 2272 5290 νην,
2301 5220 2394 5273 καὶ
2415 5220 2591 5293 ψυχὴν
2618 5222 2925 5293 φιλόσοφον.
2955 5224 3065 5278 Καὶ
3084 5226 3186 5280 οὐκ
3210 5223 3351 5291 εἷπε,
3371 5228 3484 5292 Τὰς
3508 5232 3730 5296 ἐντολὰς

2151 5303 2318 5358 αὐτοῦ
2339 5306 2572 5375 ποιησει,
2595 5304 2751 5367 ἀλλὰ,
2776 5306 3053 5375 Θελήσει,
3073 5308 3258 5380 ἕτερόν
3280 5328 3333 5363 τι
3361 5313 3523 5366 πλέον
3540 5316 3729 5384 ἐπιζη-

2150 5385 2280 5441 τῶν.
2330 5388 2487 5441 Ποῖον
2527 5387 2591 5459 δὴ
2633 5388 2822 5456 τοῦτο;
2881 5389 2956 5443 Τὸ
3014 5391 3154 5461 μετά
3203 5395 3510 5468 προθυμίας
3559 5398 3726 5462 αὐτὰς

2151 5472 2327 5523 ποιεῖν
2344 5485 2358 5498 ·
2392 5469 2453 5522 τὸ
2476 5480 2497 5516 ο
2523 5470 2759 5541 ἐραστὰς
2786 5472 2967 5526 αὐτῶν
2988 5470 3128 5528 εἶναι
3160 5477 3419 5549 σφοδρούς
3441 5495 3455 5509 ·
3488 5480 3550 5533 τὸ
3572 5497 3725 5551 μετα-

2150 5551 2366 5605 διώκειν
2404 5554 2583 5608 αὐτῶν
2607 5555 2676 5607 τὰ
2702 5557 3053 5628 ἐπιτάγματα
3075 5573 3089 5587 ο
3118 5559 3178 5611 τὸ
3219 5560 3391 5630 φιλεῖν
3425 5563 3619 5632 αὐτὰς,
3651 5563 3724 5635 μὴ

2222 5745 2244 5773 ο
2272 5742 2325 5793 ιιι
2349 5742 2521 5794 Hal-el.
2544 5747 2599 5795 τό
2632 5746 2829 5814 aberat;
2853 5752 2942 5801 sed
2963 5754 3013 5803 in
3046 5755 3156 5806 aliis
3178 5759 3546 5821 exemplaribus
3565 5765 3663 5811 cst.
