4086 6268
395 267 496 322 ὲ89

389 383 691 450 emptionem
731 381 864 436 misit
897 379 1140 435 Dominus
1187 377 1374 448 populo
1400 394 1510 434 suo.
1542 376 1692 446 Quod
1719 374 1784 430 ad
1812 374 1980 430 histo-

393 477 522 530 riam
550 473 766 548 quidem
793 475 1002 540 attinet,
1032 473 1158 528 dicit
1182 473 1479 528 libertatem
1510 469 1813 526 Iudmorum
1841 488 1852 523 :
1887 467 1980 524 sed

388 569 431 621 si
484 567 536 621 id
573 567 896 640 accipiamus
923 565 1235 637 aliogogice,
1277 565 1577 620 libertatem
1614 562 1758 616 orbis
1799 569 1976 627 terrm,

393 658 536 730 quod
577 659 737 714 etiam
767 655 1028 729 signiﬁcat
1058 657 1109 712 id
1147 657 1287 729 quod
1318 655 1556 727 sequitur
1586 671 1598 709 :
1634 653 1980 715 Mandavit-in

386 762 627 804 ceternum
674 758 1020 806 testamentum
1070 765 1234 804 suum.
1266 748 1364 804 Hic
1404 747 1611 803 Novum
1646 745 1813 800 dicit:
1845 759 1977 814 quo-

390 843 530 896 niam
563 841 706 895 enim
736 840 976 894 meminit
1002 839 1234 894 mandati
1269 849 1321 894 et
1363 838 1514 908 legis,
1546 853 1608 892 ea
1649 845 1823 900 autem
1870 851 1974 889 non

386 935 478 987 fuit
508 932 814 998 observata,
844 941 898 987 et
919 933 1048 986 iram
1095 932 1319 1002 peperit,
1362 930 1486 985 dicit
1515 946 1532 985 :
1562 928 1974 999 Redemptionem

384 1025 516 1080 misit
542 1022 732 1094 populo
753 1039 866 1090 suo,
896 1023 1340 1098 quemadmodum
1361 1023 1474 1091 ipse
1494 1036 1704 1092 quoque
1728 1020 1969 1075 dicebat:

382 1114 502 1170 Non
533 1115 648 1170 veni
683 1123 739 1176 ut
757 1114 983 1185 judicent
1013 1113 1277 1181 mundum,
1307 1113 1398 1168 sed
1420 1121 1476 1166 ut
1515 1127 1702 1167 servem
1728 1109 1973 1165 mundum

380 1207 562 1279 (Joan.
586 1207 672 1262 12.
703 1207 816 1281 47).
845 1206 1104 1273 Quoniam
1130 1207 1271 1260 enim
1300 1205 1384 1260 lex
1414 1219 1520 1259 non
1548 1203 1848 1268 observata,
1869 1217 1969 1272 pu-

379 1301 557 1356 niebat
587 1317 603 1352 ι
635 1299 740 1354 Lex
760 1299 913 1364 enim,
943 1298 1132 1369 inquit,
1159 1298 1289 1352 iram
1308 1304 1546 1368 Operatur
1564 1313 1582 1350 :
1602 1296 1684 1350 ubi
1710 1295 1842 1349 enim
1867 1310 1968 1348 non

375 1401 446 1446 est
475 1392 578 1456 lex,
607 1407 697 1444 nec
721 1390 1024 1460 trangressio
1057 1388 1231 1460 (Rom.
1272 1389 1325 1443 4.
1355 1386 1445 1460 15)
1474 1405 1488 1441 :
1518 1397 1592 1455 et,
1627 1386 1813 1442 Omnes
1854 1402 1969 1457 pec-

374 1491 635 1548 cauerunt,
677 1491 725 1537 et
759 1492 905 1552 egent
931 1482 1098 1554 gloria
1136 1481 1254 1546 Dei,
1291 1479 1561 1552 justiﬁcati
1599 1480 1773 1552 gratis,
1801 1481 1967 1552 gratia

373 1573 534 1643 ipsius
563 1572 671 1642 (Id.
692 1575 746 1627 5.
773 1573 862 1627 23.
885 1573 976 1644 2t)
1006 1591 1021 1628 :
1050 1581 1330 1644 propterea
1358 1573 1436 1628 sic
1453 1573 1611 1640 dixit,
1635 1570 1964 1644 Redemptio-

373 1681 489 1718 nem
512 1665 642 1726 misit
662 1663 908 1719 Dominus
931 1665 1119 1734 populo
1143 1680 1255 1718 suo.

448 1755 500 1808 7.
529 1756 635 1811 Nec
664 1765 745 1811 est
775 1767 952 1812 tamen
976 1754 1310 1812 solummodo
1337 1755 1651 1827 redemptio,
1680 1755 1774 1812 sed
1801 1757 1961 1813 etiam

371 1857 496 1916 post
547 1847 962 1918 redemptionem
1002 1849 1086 1904 lex
1138 1857 1255 1913 est,
1296 1858 1357 1903 ut
1400 1849 1521 1906 vitae
1577 1849 1961 1904 institutionem

370 1938 719 2012 ostendamus
744 1939 958 2009 dignam
983 1939 1166 2010 gratia.
1193 1938 1436 1994 Sanctum
1464 1949 1510 1994 et
1539 1940 1757 1994 terribile
1781 1957 1962 1995 nomen

365 2031 498 2098 ejus.
533 2029 814 2099 Postquam
842 2030 984 2088 enim
1023 2030 1275 2102 Cogitavit
1313 2031 1492 2084 omnia
1530 2031 1818 2099 prmdicare
1844 2031 1960 2101 ejus

363 2134 549 2176 curam
579 2134 641 2174 ac
665 2120 1073 2189 providentiam,
1101 2136 1260 2192 quam
1283 2121 1514 2176 ostendit
1541 2129 1645 2176 tam
1675 2122 1726 2176 in
1755 2120 1956 2187 Veteri,

365 2224 526 2279 quam
559 2211 611 2264 in
650 2210 820 2277 Novo,
853 2220 962 2266 tam
1002 2211 1055 2266 in
1081 2211 1228 2266 factis
1266 2221 1320 2266 et
1356 2213 1628 2282 operibus,
1666 2228 1824 2282 quam
1863 2227 1960 2283 per

363 2310 654 2371 prmcepta,
705 2317 866 2373 quam
912 2317 1006 2372 per
1047 2302 1300 2358 miracula
1344 2318 1407 2358 ac
1446 2303 1680 2374 prodigia
1719 2321 1732 2358 :
1779 2304 1958 2360 divino

359 2392 552 2461 spiritu
597 2391 826 2461 afﬂatus,
872 2401 927 2448 et
962 2393 1078 2463 ejus
1125 2393 1398 2449 admirans
1439 2394 1800 2465 majestatem,
1843 2395 1960 2450 finit

360 2483 661 2538 orationem
693 2484 744 2537 in
775 2485 1180 2552 gloriticatione,
1219 2487 1268 2542 ei
1305 2487 1394 2557 qui
1434 2486 1550 2542 haec
1593 2486 1717 2543 fecit
1745 2488 1955 2543 laudem

359 2574 616 2630 offerens.
661 2575 908 2631 Sanctum
949 2587 992 2632 et
1022 2577 1239 2631 terribile
1277 2595 1456 2632 nomen
1497 2580 1645 2650 ejus;
1688 2579 1791 2634 hoc
1837 2587 1952 2645 est,

358 2668 579 2738 plenum
616 2675 854 2738 stupore,
899 2671 1110 2740 plenum
1155 2671 1524 2726 admiratione.
1566 2671 1718 2740 Quod
1763 2673 1806 2726 si
1854 2672 1956 2728 tale

358 2768 446 2815 est
486 2760 603 2828 ejus
642 2775 858 2827 nomen,
892 2771 1090 2831 quanto
1117 2762 1284 2833 magis
1318 2762 1647 2817 substantia?
1676 2762 1954 2831 Quomodo

361 2859 542 2904 autem
585 2858 667 2904 est
705 2850 820 2920 ejus
847 2867 1037 2906 nomen
1078 2863 1317 2907 sanctum
1347 2864 1400 2908 et
1427 2853 1706 2909 terribile?
1741 2853 1795 2907 ld
1829 2870 1956 2924 per-

368 2940 647 2996 timescunt
688 2952 742 2997 et
783 2943 1199 2998 contremiscunt
1226 2945 1516 3009 dmmones,
1562 2945 1614 3001 id
1642 2948 1811 3002 morbi
1844 2947 1952 3001 for-

370 3029 585 3084 midunt.
635 3031 714 3086 Eo
762 3035 978 3089 nomine
1024 3037 1107 3090 usi
1149 3036 1374 3106 apostoli
1417 3037 1721 3092 universum
1767 3037 1952 3094 orbem

365 3131 522 3176 terra:
569 3135 935 3181 correxerunt.
979 3128 1057 3182 Eo
1106 3129 1268 3185 David
1309 3145 1579 3186 armorum
1626 3131 1746 3186 loco
1789 3145 1949 3199 usus,

358 3213 645 3268 barbarum
670 3216 814 3270 illum
839 3219 1151 3286 prostravit;
1174 3235 1239 3276 eo
1262 3235 1348 3276 res
1367 3221 1786 3278 innumerabiles
1806 3230 1952 3278 recte

354 3314 414 3359 et
439 3306 693 3376 praeclare
720 3316 883 3378 gesta:
914 3319 1071 3376 sunt;
1094 3325 1159 3366 eo
1183 3311 1347 3368 sacris
1372 3312 1640 3368 initiamur
1660 3315 1947 3386 mysteriis.

351 3396 719 3454 Considerans
756 3414 882 3470 ergo
922 3410 1051 3471 quot
1091 3411 1148 3457 et
1184 3413 1378 3473 quanta
1413 3404 1572 3460 faciat
1608 3405 1725 3476 ejus
1751 3419 1949 3463 nomen

352 3487 638 3556 miracula,
679 3499 809 3560 quot
856 3491 1130 3547 beneficiis
1166 3493 1378 3559 alliciat,
1411 3510 1516 3566 quo
1545 3505 1699 3566 pacto
1729 3495 1952 3570 dissipet

349 3579 715 3648 adversarios,
746 3597 874 3638 suos
900 3583 1196 3652 confirmet,
1227 3595 1281 3641 et
1308 3601 1394 3642 res
1421 3588 1558 3657 apud
1588 3604 1648 3646 se
1672 3600 1946 3661 reputans,

348 3686 476 3742 quae
517 3686 731 3727 omnem
763 3682 963 3729 natura:
993 3679 1426 3748 consequentiam
1455 3689 1508 3736 et
1546 3678 1831 3754 humanam
1859 3697 1947 3737 ra-

349 3763 561 3819 tionem
602 3775 873 3833 superant,
915 3765 1062 3834 dicit,
1110 3767 1356 3823 Sanctum
1409 3780 1454 3824 et
1498 3771 1718 3826 terribile
1769 3789 1950 3828 nomen

348 3855 488 3924 ejus.
521 3854 672 3922 Quod
704 3859 748 3908 si
777 3868 858 3911 est
886 3869 1144 3922 sanctum,
1175 3868 1357 3915 sancta
1392 3875 1602 3932 quoque
1631 3878 1724 3918 ora
1751 3861 1948 3920 habere

347 3961 491 4017 opus
510 3958 590 4000 est
612 3947 676 4001 ad
698 3962 818 4002 eum
851 3949 1189 4016 laudandum,
1215 3960 1418 4019 sancta,
1443 3954 1652 4023 inquam
1672 3997 1688 4022 ,
1718 3965 1771 4010 et
1793 3971 1944 4025 pura.

433 4038 532 4093 Ubi
546 4043 662 4110 fons
676 4040 935 4110 sapientia:
945 4042 1245 4112 reperiatur;
1255 4045 1514 4114 sapientia:
1529 4045 1777 4116 definitio;
1794 4061 1948 4116 opera

348 4133 508 4187 etiam
531 4135 996 4190 necessaria.-lO.
1021 4135 1229 4191 Initium
1250 4139 1513 4208 sapientia:
1541 4139 1690 4193 timor
1717 4139 1944 4196 Domini.

348 4225 655 4278 Intellectus
696 4226 854 4280 bonus
899 4229 1130 4282 omnibus
1174 4229 1468 4300 facientibus
1516 4246 1646 4284 eum.
1680 4231 1814 4300 Quid
1840 4241 1942 4300 est,

348 4314 610 4368 Initium?
647 4315 807 4380 Fons,
835 4318 1012 4381 radix,
1048 4318 1468 4375 fundamentum.
1504 4321 1762 4388 Quoniam
1802 4325 1944 4380 enim

350 4416 434 4460 tot
459 4414 515 4461 et
544 4414 688 4460 tanta
719 4406 851 4460 dixit
879 4408 948 4462 de
979 4408 1198 4464 Domino
1224 4410 1369 4466 orbis
1398 4420 1572 4478 terrze,
1603 4421 1654 4467 et
1682 4423 1826 4469 tanta
1855 4430 1944 4470 re-

350 4497 530 4566 pletus
577 4505 662 4552 est
705 4498 1052 4563 admiratione
1095 4517 1108 4556 :
1162 4501 1263 4556 hoc
1310 4502 1606 4575 subjungit,
1656 4506 1944 4562 ostendens

349 4589 632 4660 deinceps,
675 4604 795 4645 eum
825 4592 913 4662 qui
946 4592 1116 4662 ipsum
1145 4594 1295 4649 timet
1319 4595 1526 4665 impleri
1554 4597 1698 4652 omni
1727 4597 1942 4669 sapien-

353 4685 446 4748 tia,
487 4694 543 4737 et
570 4683 882 4753 prudentem
911 4685 1156 4741 evadere.
1190 4686 1391 4743 Deinde
1431 4703 1499 4744 ne
1524 4690 1642 4759 quis
1668 4691 1942 4746 existima-

352 4787 437 4831 ret
500 4777 817 4846 sapientiam
870 4793 975 4833 non
1029 4779 1320 4848 procedere
1360 4780 1495 4835 ultra
1549 4781 1940 4852 cognitionem,

353 4867 632 4936 subjunxit
659 4885 672 4920 :
707 4865 998 4923 Intellectus
1024 4868 1185 4924 bonus
1222 4870 1449 4924 omnibus
1475 4872 1772 4942 facientibus
1804 4890 1937 4929 eum.

353 4955 470 5012 Non
499 4957 697 5014 sufficit
724 4959 863 5014 enim
893 4959 1051 5026 fides,
1083 4961 1181 5015 nisi
1221 4961 1360 5016 adsit
1385 4961 1545 5020 etiam
1576 4964 1696 5018 vita:
1730 4965 1941 5021 institu-

357 5056 468 5106 tum
500 5047 621 5104 fidei
644 5050 986 5104 conveniens.
1010 5051 1290 5117 Quomodo
1314 5060 1398 5107 est
1417 5061 1592 5108 autem
1623 5053 1829 5111 initium
1858 5073 1944 5112 sa~

356 5138 572 5207 pientias
601 5140 760 5194 timor
791 5141 1037 5196 Domini?
1060 5142 1141 5206 Ab
1167 5144 1311 5198 omni
1334 5143 1461 5199 vitio
1487 5145 1704 5213 liberat,
1727 5162 1941 5204 omnem

356 5231 607 5288 virtutem
633 5232 828 5303 dirigit.
865 5234 998 5288 Dicit
1027 5246 1200 5288 autem
1241 5237 1576 5306 sapientiam,
1609 5253 1714 5293 non
1744 5256 1862 5309 quas
1888 5243 1940 5297 in

360 5321 558 5390 verbis,
590 5322 688 5377 sed
716 5339 833 5393 qua:
872 5323 924 5378 in
955 5325 1114 5380 rebus
1143 5327 1240 5381 sita
1269 5337 1367 5381 est.
1409 5327 1543 5383 Nam
1569 5331 1776 5387 externi
1804 5348 1940 5403 quo-

355 5428 459 5482 que
499 5411 802 5485 philosophi
831 5408 1518 5488 deﬁnieruntsapientiam,
1549 5421 1847 5479 divinarum
1888 5436 1942 5482 et

355 5507 728 5567 humanarum
751 5525 927 5567 rerum
955 5511 1330 5584 cognitionem.
1389 5513 1534 5579 llaiic
1563 5524 1737 5573 autem
1767 5526 1937 5574 artem

358 5596 514 5655 docet
542 5601 634 5655 Det
673 5601 848 5667 timor,
889 5603 1276 5672 improbitatem
1308 5606 1571 5674 auferens,
1601 5620 1654 5664 et
1691 5610 1938 5674 virtutem

356 5690 620 5764 inserens,
661 5700 718 5751 ut
742 5698 1021 5768 praesentia
1058 5707 1462 5766 contemnantur
1486 5699 1743 5771 eflicicns,
1787 5713 1841 5759 et
1883 5704 1934 5760 in

1527 258 1888 317 LXI‘OSITIO
1929 254 1992 313 IN
2034 255 2354 315 PSALMUM
2397 259 2529 314 CXI.

3576 273 3682 330 29")

2091 373 2280 431 cmlum
2314 377 2613 434 traducens.
2645 379 2780 448 Quid
2808 391 2888 436 est
2919 381 3218 454 lmjusmodi
3247 388 3420 443 anima
3464 393 3677 464 sapien-

2091 465 2230 521 tius?
2273 467 2388 523 Non
2433 471 2622 540 quaerit
2667 482 2842 527 autem
2884 472 2969 528 hic
3017 474 3187 529 solum
3229 476 3548 544 auditorem,
3579 492 3674 538 sed

2087 558 2246 612 etiam
2286 558 2562 615 factorem.
2599 561 2893 619 Intellectus
2938 575 3106 620 autem
3143 565 3301 622 bonus
3334 570 3564 626 omnibus
3594 576 3674 645 fa-

2085 648 2327 704 cientibus
2370 667 2480 704 eum
2507 667 2526 705 :
2554 652 2654 707 hoc
2679 663 2779 717 est,
2823 654 2884 709 iis
2911 655 3000 726 qui
3041 657 3356 728 sapientiam
3396 673 3671 728 exercent,

2085 749 2137 795 et
2160 756 2277 796 eam
2304 741 2454 798 factis
2475 744 2778 812 Ostendunt,
2807 745 2976 801 bonus
3002 757 3084 802 est
3110 750 3427 806 intellectus.
3457 751 3669 809 Intelle-

2083 841 2188 886 ctus
2216 832 2392 899 bonus,
2439 835 2627 902 inquit,
2653 837 2900 906 quoniam
2937 849 3020 894 est
3055 843 3214 896 etiam
3246 843 3418 900 malus
3462 846 3646 904 intellc

2081 931 2216 988 ctus,
2243 931 2300 978 ut
2320 925 2530 994 quando
2558 926 2684 981 dicit
2712 946 2725 981 :
2761 928 3027 1000 Sapientes
3054 941 3244 987 suntut
3271 935 3403 990 male
3428 939 3618 1008 faciant
3645 958 3666 995 :

2081 1013 2262 1069 bonum
2288 1024 2453 1070 autem
2480 1019 2646 1088 facere
2671 1035 2772 1073 non
2800 1032 3038 1076 noverunt
3067 1022 3197 1096 (Jer.
3218 1026 3274 1082 4.
3298 1025 3412 1101 22).
3432 1029 3549 1099 Ipse
3575 1047 3668 1086 au-

2081 1114 2184 1162 tem
2216 1108 2406 1178 quaerit
2432 1123 2552 1164 eum
2582 1110 2908 1169 intellectum
2930 1155 2946 1181 ,
2975 1117 3064 1186 qui
3092 1117 3144 1172 in
3174 1119 3368 1176 virtute
3393 1121 3526 1177 situs
3556 1136 3660 1179 est.
3695 1144 3701 1183 1

2146 1195 2286 1253 Laus
2331 1198 2426 1254 Dei
2471 1216 2585 1270 qua:
2629 1203 2713 1256 sit.
2739 1233 2811 1244 --
2852 1203 3100 1261 Laudatio
3139 1209 3248 1279 ejus
3282 1221 3463 1266 manet
3483 1212 3538 1266 in
3561 1193 3701 1278 δαν-ί

2076 1289 2244 1352 culum
2271 1291 2464 1345 steculi.
2497 1291 2750 1359 Quaenam
2775 1336 2790 1362 ,
2823 1295 2942 1364 dic,
2994 1313 3202 1368 qumso,
3251 1315 3312 1356 ea
3343 1303 3460 1357 laus
3479 1304 3504 1356 ἵ
3524 1304 3662 1360 Gra-
3693 1285 3696 1292 ’

2076 1379 2266 1434 tiarum
2307 1382 2479 1451 actio,
2510 1383 2857 1454 glorificatio,
2902 1404 3020 1458 qum
3063 1405 3156 1460 per
3183 1407 3346 1462 opera
3396 1394 3529 1449 facta
3581 1407 3662 1452 est

2073 1471 2431 1530 immortalis:
2478 1483 2534 1530 et
2582 1486 2707 1532 ante
2755 1477 2870 1535 haec
2913 1495 2976 1536 ea
3021 1497 3139 1552 quae
3186 1485 3302 1554 ejus
3349 1487 3661 1544 substantiae

2070 1563 2321 1619 attributa
2380 1577 2480 1620 εει.
2538 1565 2677 1624 Deus
2714 1570 2856 1625 enim
2915 1581 2998 1627 est
3058 1573 3405 1646 immortalis,
3461 1589 3519 1634 et
3566 1596 3661 1650 per

2068 1666 2129 1709 se
2170 1654 2324 1711 valde
2373 1655 2652 1714 laudabilis
2699 1677 2714 1715 :
2768 1661 3048 1719 laudabilis
3096 1675 3274 1722 autem
3327 1679 3409 1724 est
3460 1672 3656 1738 etiam,

2069 1747 2283 1818 quando
2311 1748 2427 1820 ejus
2455 1749 2789 1820 majestatem
2835 1755 2974 1824 apud
3019 1764 3070 1812 te
3097 1760 3559 1832 considerateris,
3601 1777 3656 1821 et

2069 1837 2170 1892 alia
2224 1839 2440 1906 omnia;
2490 1840 2768 1898 laudabilis
2814 1860 3024 1916 quoque
3071 1855 3154 1902 est
3197 1860 3417 1922 propter
3457 1870 3656 1924 opera,

2069 1929 2282 1999 quando
2307 1931 2504 1987 videris
2525 1934 2641 2002 ejus
2679 1935 2992 2005 sapientiam
3029 1953 3125 2008 per
3149 1955 3210 1995 ea
3241 1956 3360 2012 qua:
3385 1945 3654 2001 videntur.

2069 2019 2195 2075 Haec
2229 2029 2406 2076 autem
2436 2023 2566 2078 dicit
2612 2024 2901 2083 adhortans
2929 2029 2994 2083 ad
3037 2031 3324 2100 gratiarum
3353 2038 3653 2106 actionem,

2066 2117 2122 2165 et
2143 2110 2431 2166 ostendens
2472 2114 2615 2168 nulla
2661 2129 2782 2170 esse
2812 2116 3001 2188 dignos
3033 2122 3185 2175 venia
3205 2164 3220 2190 ,
3252 2126 3340 2195 qui
3368 2141 3484 2196 qua:
3523 2129 3656 2185 lium

2066 2218 2208 2274 aegre
2245 2202 2436 2259 ferunt.
2469 2204 2692 2273 Quando
2713 2209 2858 2263 enim
2887 2209 3006 2280 ejus
3049 2211 3316 2283 laudatio,
3363 2219 3652 2288 gratiarum

2065 2297 2236 2362 actio,
2277 2305 2330 2352 et
2357 2298 2676 2368 gloriticatio
2701 2309 2783 2356 est
2820 2302 2957 2358 adeo
2982 2305 3302 2374 manifesta,
3355 2311 3498 2366 clara
3548 2317 3652 2368 im-

2065 2388 2417 2460 mobilisque,
2448 2398 2502 2444 et
2527 2390 2676 2445 firma
2704 2406 2766 2448 ac
2797 2393 3002 2450 stabilis
3024 2437 3040 2464 ,
3065 2407 3123 2452 ut
3148 2399 3308 2455 etiam
3340 2403 3410 2456 sit
3436 2404 3656 2460 immor-

2065 2482 2186 2536 talis
2211 2490 2265 2536 et
2310 2481 2415 2537 line
2453 2498 2676 2550 carens,
2711 2484 2784 2540 illi
2815 2495 2992 2542 autem
3038 2504 3155 2544 eam
3185 2491 3525 2562 ignorantes,
3567 2496 3651 2551 lo-

2063 2581 2298 2642 quuntur
2317 2573 2583 2628 contraria
2615 2592 2626 2627 :
2654 2574 2786 2630 nihil
2809 2576 2951 2633 aliud
2971 2594 3128 2649 quam
3159 2581 3222 2635 iis
3243 2597 3360 2652 qum
3387 2595 3510 2640 sunt
3536 2587 3651 2643 sole

2063 2661 2219 2731 longe
2237 2662 2462 2718 clariora
2485 2664 2892 2733 contradicunt,
2915 2677 2967 2724 et
2987 2679 3180 2738 sponte
3208 2674 3511 2729 cmcutiunt.
3532 2675 3647 2732 Non

2061 2762 2144 2809 est
2172 2756 2315 2810 enim
2345 2755 2412 2810 ad
2442 2763 2684 2826 tempus,
2716 2765 2774 2812 ut
2803 2771 2922 2813 eam
2973 2761 3252 2830 ignorent,
3284 2780 3382 2820 nec
3424 2768 3649 2824 obscura

2061 2855 2116 2900 et
2141 2861 2247 2901 non
2273 2847 2549 2902 manifesta
2571 2888 2585 2913 ,
2629 2848 2720 2904 sed
2751 2851 2915 2918 clara,
2939 2861 3192 2921 perpetua
3216 2863 3268 2908 et
3295 2855 3605 2913 immortalis
3628 2902 3644 2927 ,

2060 2951 2275 3011 semper
2298 2955 2555 3009 manens,
2587 2951 2641 2996 et
2673 2943 2830 2997 linem
2862 2959 3150 3014 numquam
3177 2947 3398 3003 habens.

2550 3033 2616 3089 IN
2657 3031 2973 3092 PSALMUM
3009 3037 3146 3092 CXI.

2364 3128 2414 3181 1.
2449 3127 2635 3181 Beatus
2663 3128 2739 3182 uir
2763 3129 2850 3196 qui
2873 3129 3009 3183 timet
3039 3129 3331 3185 Dominum.

2132 3221 2182 3275 Ι.
2223 3219 2394 3291 Ilujus
2410 3220 2594 3292 psalmi
2617 3237 2731 3274 cum
2757 3222 3067 3290 prlecedente
3094 3225 3345 3294 affinitas;
3371 3227 3520 3280 timor
3550 3228 3645 3284 Dei

2057 3311 2195 3365 solus
2219 3310 2288 3363 ad
2325 3311 2538 3366 salutem
2584 3326 2684 3365 non
2724 3312 2920 3382 sufficit.
2952 3342 3024 3352 —
3049 3311 3176 3368 Mihi
3229 3313 3437 3371 videtur
3485 3317 3642 3388 hujus

2058 3401 2255 3457 Psalmi
2281 3403 2592 3473 prooemium
2615 3404 2855 3474 apprime
2885 3405 3036 3475 sequi
3065 3404 3225 3462 linem
3251 3409 3603 3479 prmcedentts
3621 3451 3639 3480 ,

2057 3503 2250 3550 etesse
2275 3495 2434 3550 veluti
2474 3495 2737 3568 quoddam
2765 3511 2960 3567 corpus
2999 3501 3308 3555 continuum
3339 3510 3391 3556 et
3416 3503 3643 3574 conjun-

2057 3597 2220 3643 ctum.
2241 3589 2349 3643 Illic
2374 3589 2514 3644 enim
2547 3588 2694 3652 dicit,
2727 3588 2938 3644 Initium
2965 3593 3227 3662 sapientiae
3256 3595 3404 3649 timor
3431 3596 3641 3652 Domini

2057 3678 2230 3752 (Psal.
2267 3681 2389 3736 110.
2422 3681 2544 3752 10);
2576 3682 2662 3737 hic
2689 3692 2888 3751 autem,
2913 3683 3100 3740 Beatus
3121 3686 3196 3740 vir
3219 3689 3305 3758 qui
3349 3689 3485 3744 timet
3523 3689 3634 3744 Do-

2055 3774 2280 3842 minum,
2312 3775 2433 3830 aliis
2452 3775 2646 3840 verbis,
2677 3775 2864 3831 eadem
2893 3785 3070 3833 autem
3094 3780 3353 3835 sententia
3375 3823 3391 3848 ,
3438 3783 3639 3840 docens

2056 3866 2301 3920 timorem
2330 3867 2557 3922 Domini.
2582 3865 2690 3921 lllic
2717 3867 2860 3921 enim
2889 3867 3022 3922 dixit
3051 3884 3172 3924 esse
3191 3873 3519 3940 sapientem;
3550 3874 3638 3930 hic

2053 3973 2182 4016 vero
2208 3960 2420 4015 beatum
2452 3979 2463 4012 :
2499 3959 2612 4014 haec
2652 3969 2828 4014 autem
2859 3976 2981 4015 vera
3009 3971 3092 4016 est
3120 3962 3422 4032 beatitudo,
3453 3983 3638 4037 quem-

2053 4052 2338 4108 admodum
2378 4051 2479 4105 alia
2509 4051 2721 4122 quidem
2766 4052 2942 4106 omnia
2988 4060 3116 4107 sunt
3153 4057 3377 4124 vanitas,
3428 4059 3632 4127 umbra,

2054 4163 2245 4220 resque
2271 4146 2584 4212 levissimae;
2616 4145 2728 4201 sive
2757 4145 2902 4201 dicas
2931 4146 3158 4212 divitias,
3190 4149 3302 4205 sive
3324 4153 3632 4220 potentiam,

2053 4242 2166 4297 sive
2212 4237 2451 4309 corporis
2503 4235 2985 4313 pulchritudinem,
3045 4237 3158 4293 sive
3216 4239 3321 4293 vim
3373 4243 3633 4310 pecunire.

2052 4329 2348 4389 Suntenim
2393 4327 2586 4382 similia
2615 4327 2754 4382 loliis
2793 4324 3138 4391 cadentibus,
3169 4336 3222 4383 et
3252 4330 3454 4386 tnnhris
3494 4348 3636 4402 prm-

2055 4419 2504 4487 tercurrentibus,
2545 4427 2601 4475 et
2641 4417 2866 4474 somniis
2895 4419 3248 4474 evolantibus.
3283 4421 3406 4476 llazc
3455 4433 3633 4479 autem

2051 4529 2174 4571 vera
2207 4522 2291 4569 est
2333 4509 2626 4567 beatitudo.
2656 4509 2879 4573 Deinde,
2912 4509 3162 4580 quoniam
3189 4511 3458 4570 dasmones
3506 4531 3638 4586 quo-

2053 4620 2155 4676 que
2180 4619 2302 4660 eum
2328 4610 2582 4657 verentur
2630 4610 2684 4655 et
2710 4600 3113 4670 pertimescunt,
3139 4617 3205 4656 ne
3245 4611 3400 4672 putes
3427 4605 3526 4662 hoc
3556 4622 3638 4663 so-

2053 4699 2161 4753 lum
2209 4695 2454 4752 sufﬁcere
2497 4695 2562 4750 ad
2595 4695 2852 4757 salutem,
2887 4693 3028 4764 quod
3059 4697 3304 4764 superius
3332 4696 3492 4765 fecit,
3548 4699 3636 4756 hic

2051 4803 2263 4858 quoque
2285 4785 2428 4841 facit.
2456 4784 2912 4852 Quemadmodum
2939 4784 3080 4840 enim
3108 4799 3226 4840 cum
3255 4786 3361 4842 illic
3387 4788 3633 4856 dixisset,

2052 4879 2261 4935 Initium
2281 4879 2540 4950 sapientia:
2563 4879 2711 4932 timor
2731 4875 2967 4944 Domini,
3001 4877 3301 4948 subjunxit,
3339 4879 3634 4938 Intellectus

2051 4972 2210 5027 bonus
2229 4970 2458 5024 onmibus
2489 4967 2784 5039 facientibus
2803 4984 2935 5032 eum,
2950 4968 3315 5024 convenientia
3339 4969 3459 5023 vita:
3483 4971 3632 5026 insti-

2051 5072 2162 5119 tuta
2188 5060 2520 5131 dogmatibus
2540 5058 2859 5129 adjungcns:
2890 5057 2959 5110 ita
2985 5057 3070 5112 hic
3098 5058 3256 5111 etiam
3276 5073 3392 5112 cum
3411 5058 3630 5117 dixisset

2053 5155 2336 5219 timorem,
2369 5166 2475 5206 non
2507 5150 2654 5204 illum
2699 5149 2870 5202 solum
2915 5148 3044 5202 dicit
3085 5149 3174 5216 qui
3220 5163 3284 5203 ex
3330 5150 3629 5220 cognitione

2050 5245 2242 5311 oritur,
2270 5258 2430 5313 quem
2462 5241 2656 5295 habent
2682 5240 2841 5294 etiam
2865 5239 3160 5303 ‘dmmones,
3207 5239 3300 5292 scd
3329 5239 3430 5295 hoc
3472 5243 3632 5300 etiam

2050 5337 2232 5408 adjicit
2255 5335 2468 5398 dicens,
2501 5331 2568 5386 In
2594 5331 2844 5386 mandatis
2891 5331 2998 5400 ejus
3021 5330 3147 5384 volet
3172 5332 3342 5386 nimis.
3376 5333 3500 5390 ΙΙωο
3541 5352 3636 5392 au-

2053 5439 2157 5482 tem
2179 5426 2345 5492 dixit,
2378 5425 2594 5494 exigens
2618 5430 2920 5477 accuratam
2962 5421 3084 5474 vitae
3123 5422 3508 5481 institutionem
3536 5470 3550 5492 ,
3578 5440 3633 5484 et

2051 5517 2283 5574 animam
2311 5530 2492 5569 amore
2521 5513 2794 5583 sapientia:
2826 5510 3122 5581 prmditam.
3156 5511 3270 5567 Non
3301 5514 3452 5583 dixit,
3487 5517 3633 5572 Ma..-

2049 5609 2169 5666 data
2186 5610 2302 5678 ejus
2319 5606 2494 5672 faciet,
2523 5605 2636 5668 sed,
2673 5601 2838 5668 Volet,
2863 5601 3060 5670 aliquid
3083 5604 3309 5674 amplius
3333 5610 3628 5678 requirens.

2053 5703 2314 5773 Quidnam
2360 5710 2536 5756 autem
2569 5698 2670 5754 hoc
2713 5697 2828 5753 est?
2874 5697 2948 5752 Ea
2979 5694 3153 5755 facere
3193 5714 3313 5755 cum
3363 5703 3540 5759 studio
3579 5713 3632 5758 et
