4086 6268
380 333 479 387 9.91

385 444 546 502 animi
570 440 846 498 alacritate
884 460 896 493 :
929 451 1048 491 esse
1079 431 1422 487 vehementes
1442 440 1627 482 eorum
1655 428 1919 476 amatores
1951 434 1965 471 :

384 539 529 609 jussa
557 548 741 590 eorum
774 524 1020 599 persequi
1050 541 1063 577 :
1095 535 1275 578 amare
1296 534 1357 573 ea
1386 531 1489 571 non
1520 521 1740 586 prOpter
1761 523 1969 565 merce-

390 605 510 684 dem
536 640 655 697 quae
698 630 779 678 est
831 634 927 690 pro
977 616 1104 687 ipsis
1132 609 1395 683 proposita
1422 649 1435 672 ,
1465 605 1559 661 sed
1608 610 1824 697 propter
1848 610 1972 656 eum

389 719 480 791 qui
508 690 595 772 illa
615 712 826 776 statuit;
858 711 1107 764 virtutem
1136 718 1256 757 cum
1282 700 1551 768 voluptate
1568 690 1975 791 persequitur-ru

302 794 314 807 ’
395 782 611 883 propter
631 816 826 862 metum
854 802 1131 874 gehennae,
1153 811 1253 851 nec
1278 800 1493 864 prepter
1520 788 1692 843 minas
1708 782 1972 885 supplicii'2

397 881 496 959 nec
520 908 735 973 prepter
757 892 1162 967 promissionem
1188 885 1357 956 regni,
1380 881 1474 937 sed
1491 889 1709 951 propter
1735 890 1857 931 eum
1887 881 1976 943 qui

397 970 542 1066 lt-ges
571 992 707 1048 tulit.
752 987 1051 1057 Quinetiam
1077 982 1199 1036 alibi
1241 979 1341 1033 hoc
1394 975 1547 1040 facit,
1578 970 1980 1066 ostendens‘vo-

402 1058 676 1157 ligantem,
700 1098 855 1154 quam
884 1079 1023 1150 capit
1049 1092 1116 1133 ex
1146 1071 1425 1144 prmceptis
1447 1068 1538 1122 Dei
1563 1084 1576 1118 :
1600 1064 1767 1132 Quam
1786 1058 1978 1157 dulcia,

402 1181 599 1250 inquit,
639 1175 867 1249 faucibus
893 1172 1015 1226 meis
1041 1166 1241 1236 eloquia
1281 1173 1369 1216 tua
1390 1203 1404 1225 ,
1435 1174 1586 1228 super
1621 1155 1719 1208 mel
1747 1152 1822 1250 ori
1872 1166 1982 1250 meo

405 1242 732 1347 (manus.
763 1267 888 1335 tos)
919 1266 934 1318 ι
965 1262 1075 1317 lloe
1100 1260 1259 1312 etiam
1288 1252 1510 1347 requirit
1538 1248 1767 1347 Paulus,
1801 1245 1871 1298 ita
1898 1242 1982 1347 di-

405 1335 535 1424 cens
565 1366 789 1420 obscure
817 1367 870 1413 et
893 1350 1223 1425 aenigmatice
1249 1365 1264 1402 :
1296 1346 1438 1401 Sicut
1481 1339 1724 1399 habuistis
1764 1335 1986 1390 membra

404 1469 564 1516 vestra
592 1471 733 1512 serva
778 1447 1113 1506 immunditia:
1152 1451 1198 1498 et
1235 1437 1499 1510 iniustitia:
1535 1434 1602 1486 ad
1640 1430 1937 1501 injustitiam
1968 1442 1987 1480 :

405 1556 474 1608 ita
500 1550 724 1606 exhibete
746 1543 967 1599 membra
996 1552 1158 1594 uestra
1199 1551 1342 1590 serva
1371 1529 1585 1603 justitia:
1609 1525 1677 1580 ad
1704 1518 1985 1592 sanctiﬁca.

407 1646 590 1698 tionem
621 1640 793 1710 (Rom.
826 1635 881 1692 6.
911 1632 1024 1704 l9).
1814 1709 1840 1710 η
2006 1692 2007 1695 η

480 1709 728 1788 Alacritas
770 1723 1053 1782 necessaria
1088 1722 1143 1775 in
1196 1717 1293 1774 Dei
1342 1712 1601 1786 prazceptis
1627 1709 1887 1764 obeundis.
1920 1736 1991 1747 —

411 1826 522 1881 lloc
545 1831 647 1888 est,
676 1818 809 1878 Cum
832 1824 1030 1887 quanto
1054 1811 1229 1866 studio
1258 1809 1299 1875 ί,
1319 1822 1437 1861 cum
1467 1811 1663 1874 quanta
1693 1799 1856 1855 animi
1881 1799 1991 1853 ala-

412 1916 601 1972 critate
642 1908 931 1981 nequitiam
988 1899 1367 1964 sectabamini,
1410 1906 1463 1950 et
1505 1896 1549 1951 si
1597 1893 1798 1947 nullum
1849 1898 1993 1945 esset

416 2005 693 2077 prtemium
719 1980 1049 2070 propositum
1075 2035 1091 2061 ,
1130 1991 1223 2047 sed
1249 1999 1434 2046 contra
1487 2001 1659 2056 ptente
1688 1992 1744 2039 et.
1786 1980 1993 2051 suppli-

414 2074 556 2153 cium
589 2108 747 2149 :eum
779 2096 922 2145 tanta
955 2086 1201 2142 virtutem
1227 2077 1526 2137 sectemini.
1558 2077 1624 2130 Et
1653 2084 1829 2130 tamen
1861 2074 1996 2125 hanc

416 2201 628 2259 quoque
655 2194 958 2238 mensuram
1007 2176 1140 2232 dixit
1167 2188 1226 2229 se
1266 2172 1481 2242 exigere
1510 2169 1589 2224 eis
1640 2164 1993 2221 moderatam.

420 2256 557 2333 lilaec—
571 2275 712 2332 enim
739 2272 998 2337 dicturus,
1032 2266 1103 2321 ita
1134 2263 1384 2334 loquitur,
1418 2259 1710 2312 Humanum
1734 2256 1846 2309 dico
1873 2269 1996 2324 pro-

418 2382 528 2432 pter
551 2365 897 2437 inﬁrmitatem
926 2359 1093 2414 carnis
1116 2365 1294 2411 uestra:
1326 2350 1487 2425 (Ibid.
1516 2365 1564 2403 υ.
1598 2347 1684 2420 19)
1716 2365 1727 2399 :
1759 2344 1999 2437 indicans

419 2435 668 2531 oportere
697 2470 803 2510 non
834 2452 1093 2508 minorem
1119 2446 1400 2502 ostendere
1428 2443 1480 2498 in
1507 2441 1698 2496 virtute
1737 2435 1999 2531 cupidita:

424 2524 531 2607 tem
555 2591 570 2615 ,
598 2563 754 2619 quam
801 2545 853 2599 in
881 2542 1011 2597 vitio
1040 2536 1390 2594 ostendimus.
1422 2532 1479 2587 ld
1524 2541 1608 2585 est
1650 2539 1828 2584 autem
1860 2524 2003 2596 quod

425 2642 553 2698 dicit
580 2659 592 2694 :
616 2639 673 2694 Si
705 2652 809 2691 non
835 2632 1077 2690 eamdem
1100 2629 1349 2684 virtutem
1377 2622 1741 2686 ostenderint,
1774 2631 2000 2689 quanam

423 2731 766 2791 excusatione
793 2735 1027 2791 utentur,
1057 2731 1147 2777 aut
1175 2717 1441 2789 quomodo
1470 2715 1680 2771 veniam
1710 2724 2002 2780 assequen-

427 2838 532 2893 tur,
559 2824 646 2895 qui
678 2836 745 2877 ne
793 2834 913 2876 cum
961 2815 1147 2871 eadem
1176 2811 1386 2883 quidem
1439 2806 1729 2878 cupiditate
1776 2801 1843 2857 ad
1885 2815 2003 2895 eam

427 2889 725 2974 accedunt?
774 2910 842 2965 Et
881 2908 1003 2963 ideo
1042 2905 1131 2959 hic
1174 2915 1384 2972 quoque
1414 2898 1670 2969 propheta
1717 2893 1893 2947 dixit:
1937 2889 2007 2943 In

429 3009 680 3066 mandatis
725 3007 834 3076 ejus
876 3001 1003 3054 mlet
1032 2996 1198 3051 nimis.
1239 2994 1338 3062 Qui
1371 2991 1515 3047 enim
1555 3003 1676 3043 eum
1723 2983 1910 3076 metuit
1951 2989 2009 3036 ut

430 3110 669 3172 oportet,
698 3073 917 3164 suscipit
941 3091 1052 3160 ejus
1080 3093 1340 3158 praecepta
1371 3096 1491 3137 cum
1520 3091 1706 3147 magna
1723 3073 2006 3172 aviditate:

431 3163 488 3251 ei.
512 3195 632 3249 ideo
657 3206 806 3247 amor
843 3163 900 3245 in
927 3183 1280 3255 legislatorem
1330 3174 1538 3230 facilem
1565 3181 1618 3227 ct
1641 3178 1841 3242 gratam
1886 3163 2012 3219 facit

435 3289 639 3357 legem,
686 3281 1055 3357 etsivideatur
1100 3275 1330 3343 aliquam
1382 3267 1581 3323 habere
1619 3261 2009 3357 difﬁcultatem.

435 3350 603 3433 Nemo
625 3354 808 3429 autem
833 3370 973 3442 quod
997 3368 1121 3424 dico
1152 3359 1546 3434 reprehendat,
1577 3356 1620 3411 si
1648 3353 1734 3409 tali
1764 3350 2014 3442 exemplo

438 3483 565 3527 usus
610 3482 748 3521 sum.
778 3441 907 3518 Nam
951 3459 1146 3515 Paulus
1174 3468 1388 3525 quoque
1416 3462 1481 3505 eo
1501 3462 1627 3504 usus
1652 3452 1766 3512 est,
1816 3444 1893 3499 sic
1934 3441 2014 3496 di-

437 3574 566 3616 cens
591 3576 603 3612 :
634 3557 777 3613 Sicut
802 3550 1094 3608 exhibuistis
1127 3546 1345 3601 membra
1383 3551 1545 3597 vestra
1572 3554 1713 3595 serva
1735 3532 2017 3590 immundis

440 3656 553 3719 tite,
579 3652 650 3704 ita
676 3646 899 3703 exhibete
916 3642 1148 3716 justitite.
1179 3638 1279 3706 Qui
1307 3631 1604 3691 meretricis
1630 3631 1807 3700 itaque
1835 3640 2018 3719 amore

439 3717 626 3817 captus
655 3750 756 3805 est,
787 3736 996 3795 etiamsi
1048 3731 1310 3805 afﬁciatur
1338 3727 1537 3817 probro
1579 3732 1633 3779 et
1662 3717 1978 3817 contumelia
2000 3758 2016 3784 ,

439 3808 650 3896 etiamsi
694 3830 1032 3893 verberetur,
1064 3822 1270 3880 etiamsi
1318 3835 1377 3875 se
1404 3816 1628 3887 turpiter
1670 3821 1725 3868 et
1767 3808 2053 3865 indecore

442 3938 612 4002 gerat,
639 3922 846 3981 etiamsi
873 3917 1172 3989 expellatur
1208 3929 1238 3967 a
1262 3909 1432 3983 patria
1453 3949 1469 3975 ,
1499 3903 1707 4002 etiamsi
1749 3899 1905 4002 bonis
1927 3911 2023 3967 pa-

445 3992 609 4079 ierttis
635 4023 927 4077 evertatur,
956 4007 1164 4067 etiamsi
1186 4004 1354 4076 patris
1374 3995 1741 4057 benevolentia
1767 3992 2021 4065 privetur,

447 4111 654 4170 etiamsi
706 4106 951 4181 graviora
976 4101 1226 4174 patiatur,
1256 4112 1316 4152 ea
1336 4094 1433 4150 fert
1452 4088 1684 4163 jucunde
1704 4096 1757 4143 et
1779 4084 2027 4141 lubenter

444 4214 664 4278 propter
688 4213 924 4256 amorem
954 4193 1297 4265 impudicum.

520 4268 785 4366 Praecpta
811 4289 905 4345 Dei
944 4285 1119 4359 gravia
1156 4298 1256 4336 non
1282 4285 1417 4334 sunt.
1444 4305 1515 4316 —
1541 4270 1691 4341 Quod
1723 4270 1765 4325 si
1794 4268 1881 4366 illa

449 4356 717 4457 voluptate
744 4356 1038 4450 suscipiunt
1060 4417 1075 4443 ,
1104 4369 1371 4445 quomodo
1402 4383 1508 4423 non
1545 4364 1711 4419 multo
1741 4359 1908 4431 magis
1936 4356 2028 4411 Dei

451 4452 736 4551 praecepta,
767 4486 885 4544 qua:
911 4477 1033 4524 sunt
1057 4463 1331 4528 salutaria,
1358 4468 1412 4514 ct
1435 4457 1617 4529 glorise
1640 4452 1813 4551 plena,
1843 4456 1897 4504 et
1921 4460 2036 4551 tua-

452 4538 608 4643 quam
627 4538 1046 4632 bobis—prccbent
1073 4551 1481 4625 philoSOphiam,
1509 4557 1561 4602 et
1586 4544 1815 4600 animam
1846 4538 2035 4643 melio-

455 4633 567 4718 ch
587 4655 839 4719 efﬁciunt,
868 4658 1076 4720 oportet
1101 4660 1220 4699 eum
1241 4656 1427 4713 magna
1455 4640 1720 4707 voluptate
1742 4633 2033 4701 suscipere,

455 4764 510 4811 et
542 4734 672 4806 nihil
705 4728 823 4802 esse
854 4741 1072 4796 difﬁcile
1101 4739 1152 4791 in
1183 4736 1261 4791 eis
1286 4729 1632 4788 existimare?
1665 4724 2035 4780 Difﬁcultatem

452 4846 598 4903 enim
638 4854 744 4895 non
774 4845 957 4890 natura
1000 4836 1383 4899 praeceptorum
1411 4863 1424 4889 ,
1465 4820 1557 4875 sed
1587 4818 1873 4872 multorum
1905 4813 2041 4867 solet

455 4931 699 4994 socordia
722 4925 953 4984 efﬁcere.
995 4920 1173 4986 itaque
1196 4917 1236 4970 si
1266 4915 1382 4982 quis
1416 4927 1476 4967 ea
1511 4925 1629 4965 cum
1657 4907 1831 4963 studio
1854 4916 1907 4961 et
1932 4904 2042 4958 alzi—

457 5030 647 5085 eritate
677 5018 841 5076 animi
867 5011 1143 5082 suscipiat,
1166 5005 1366 5061 videbit
1386 5018 1443 5059 ea
1473 5015 1592 5057 esse
1614 4999 1751 5054 levia
1769 5007 1821 5052 et
1847 4994 2040 5068 facilia.

458 5119 718 5187 Quocirca
746 5107 958 5169 dicebat
987 5103 1227 5159 Christus
1262 5117 1276 5152 :
1304 5096 1334 5149 ,1
1343 5110 1493 5167 ugum
1516 5107 1679 5146 meum
1707 5103 1859 5187 suave
1880 5096 1969 5187 est,
1999 5096 2045 5142 et

459 5178 587 5269 o-nus
632 5221 799 5261 meum
835 5203 938 5255 leue
975 5192 1184 5269 (Matth.
1219 5190 1306 5245 Η.
1334 5186 1445 5258 50).
1496 5184 1558 5239 Et
1596 5189 1655 5237 ut
1689 5180 1825 5235 scias
1849 5193 1909 5234 ea
1944 5178 2047 5233 hoc

463 5304 622 5361 modo
644 5315 702 5357 se
731 5297 949 5358 habere,
978 5297 1032 5343 et
1061 5285 1344 5342 multorum
1373 5276 1671 5334 socordiam
1698 5289 1760 5329 ea
1786 5286 1905 5343 qua:
1925 5278 2049 5324 sunt

465 5394 639 5450 facilia
658 5432 677 5458 ,
704 5387 931 5445 reddere
956 5379 1187 5437 difﬁcilia
1216 5421 1232 5444 ,
1263 5371 1495 5429 studium
1532 5376 1708 5423 autem
1737 5380 1800 5421 ac
1822 5362 2051 5458 diligen-

470 5493 597 5542 tiam
647 5453 817 5537 facilia
839 5521 852 5544 ,
898 5493 960 5532 ea
991 5488 1108 5545 quae
1146 5477 1270 5525 sunt
1307 5462 1503 5534 alioqui
1530 5458 1763 5517 difficilia
1795 5476 1808 5512 :
1839 5453 2053 5527 quando

435 5577 663 5633 'tnanna
711 5571 1021 5627 fruebantur
1063 5562 1263 5628 Judaei,
1313 5557 1365 5613 id
1408 5566 1463 5612 et
1501 5569 1641 5626 aegre
1688 5550 1958 5614 ferebant,
2000 5555 2057 5602 et

532 5713 551 5745 ι
579 5709 710 5772 Haec,
742 5708 861 5772 Cum
880 5707 1061 5772 quanto
1089 5699 1251 5772 studio
1276 5700 1394 5772 (μεθ’
1419 5699 1535 5772 eam
1556 5693 1806 5772 επουδῆς),
1832 5693 2041 5742 deerant

474 5774 524 5824 in
548 5757 858 5833 biorel'.,ised
879 5757 1126 5815 habentur
1149 5762 1198 5813 iu
1220 5757 1374 5813 Savil.
1402 5767 1456 5811 et
1476 5762 1525 5810 in
1556 5757 1671 5808 Mss.

1111 318 1166 376 S.
1206 313 1481 373 JOANNIS
1514 300 1984 368 CHRYSOSTOMI
2023 294 2341 359 ARCHIEP.
2381 296 2911 356 CONS’I‘ANTINOP.

3560 293 3663 351 E292

2077 424 2305 470 mortem
2345 414 2705 483 exoptabant:
2736 412 2931 468 Paulus
2976 418 3155 466 autem
3199 424 3319 465 cum
3368 407 3507 465 fame
3535 425 3665 465 con-

2082 504 2286 560 ﬁictans
2300 504 2564 575 gaudebat
2578 513 2632 559 et
2651 501 2946 559 exsiliebat.
2968 502 3034 557 Et
3056 501 3128 556 illi
3151 498 3363 571 quidem
3385 499 3663 556 dicebant:

2081 596 2263 650 Anima
2288 605 2461 651 nostra
2481 612 2638 650 vacua
2663 603 2734 650 est
2760 595 2813 649 in
2835 589 3020 647 manna
3039 591 3224 664 (Num.
3256 592 3341 646 li.
3370 590 3445 661 6).
3468 588 3671 645 Edui-

2080 688 2145 740 sti
2168 702 2260 740 nos
2294 694 2348 740 ut
2392 685 2726 754 interficeres,
2772 701 2829 738 eo
2870 683 3004 754 quod
3033 700 3132 737 non
3162 690 3324 737 essent
3348 692 3671 736 monumenta

2082 780 2134 832 in
2174 777 2404 850 ZEg'ypto
2437 776 2456 847 (
2482 778 2649 833 Exod.
2674 779 2763 834 M.
2795 779 2855 834 il
2882 778 2937 849 )?
2986 777 3185 832 Paulus
3214 783 3391 830 autem
3419 775 3666 831 dicebat:

2085 869 2292 925 Gaudeo
2314 873 2368 925 in
2406 870 2722 940 passionibus
2747 871 2869 925 meis
2892 912 2908 937 ,
2943 878 2990 923 et
3014 869 3226 939 suppleo
3260 884 3320 923 ea
3354 884 3467 938 qua:
3490 869 3672 922 desunt

2084 963 2434 1035 afﬂictionibus
2463 963 2669 1030 Christi,
2696 963 2748 1017 in
2769 979 2921 1017 carne
2940 978 3051 1016 mea
3077 960 3293 1033 (Coloss.
3325 965 3376 1016 1.
3393 961 3507 1031 24).
3534 961 3669 1028 Qui-

2087 1055 2309 1109 busnam
2339 1053 2720 1124 passionibus?
2770 1053 2964 1117 Fame,
2993 1053 3116 1119 siti,
3159 1052 3397 1107 nuditate
3420 1094 3436 1119 ,
3476 1060 3531 1106 et
3553 1051 3672 1106 aliis

2087 1145 2354 1200 omnibus.
2402 1144 2467 1199 In
2494 1145 2746 1198 mandatis
2771 1146 2880 1216 ejus
2904 1144 3034 1199 volet
3059 1144 3228 1198 nimis.
3270 1142 3551 1211 Quomodo
3578 1158 3644 1198 au
3662 1172 3674 1181 -

2091 1243 2196 1290 tem
2224 1236 2325 1290 hoc
2361 1234 2496 1290 ﬁet?
2540 1234 2596 1290 Si
2638 1235 2800 1289 Deum
2836 1234 3002 1303 probe
3029 1234 3310 1289 timeamus
3329 1243 3383 1288 et
3407 1247 3669 1298 amemus,

2089 1327 2136 1382 si
2166 1327 2402 1397 ejusdem
2434 1326 2642 1380 virtutis
2681 1335 2921 1380 naturam
2954 1324 3371 1380 consideremus.
3407 1326 3544 1379 Ante
3571 1325 3673 1379 alia

2090 1418 2233 1474 enim
2264 1420 2478 1487 praemia
2519 1417 2677 1472 habet
2706 1417 2755 1470 in
2786 1417 2959 1485 seipsa
2987 1416 3491 1471 remunerationem.
3540 1414 3673 1470 Nam

2094 1509 2138 1563 si
2169 1524 2274 1563 non
2297 1508 2592 1565 mtechatus
2618 1508 2800 1574 fueris,
2823 1508 2866 1561 si
2894 1522 2999 1562 non
3026 1506 3228 1563 cuidem
3264 1505 3480 1574 feceris,
3503 1507 3674 1578 cogita

2093 1608 2288 1669 quanta
2312 1599 2503 1655 frueris
2519 1600 2788 1670 voluptate
2807 1615 2909 1654 non
2935 1599 3317 1655 condemnatus
3339 1614 3370 1653 a
3395 1601 3674 1656 conscien-

2098 1692 2167 1744 tia
2196 1701 2303 1753 tua,
2324 1706 2502 1746 coram
2528 1691 2630 1745 tuis
2653 1707 2757 1746 non
2778 1691 3121 1757 erubescens,
3141 1691 3287 1761 puris
3301 1705 3487 1746 omnes
3513 1692 3677 1747 oculis

2097 1781 2332 1836 intuens.
2358 1781 2552 1837 Verum
2584 1780 2793 1837 adulter
2816 1797 2922 1836 non
2951 1791 3033 1837 est
3060 1782 3342 1852 ejusmodi,
3371 1782 3465 1838 sed
3494 1797 3680 1839 omnes

2097 1874 2285 1930 metuit
2298 1888 2360 1929 ac
2375 1873 2639 1938 formidat,
2656 1882 2710 1929 et
2723 1874 2805 1928 vel
2823 1873 2962 1942 ipsas
2980 1872 3194 1927 umbras
3213 1872 3369 1928 habet
3384 1882 3678 1944 suspectas.

2168 1965 2224 2020 2.
2255 1964 2460 2020 Rursus
2488 1979 2680 2019 avarus
2717 1973 2774 2019 et
2817 1963 3024 2019 invidus
3049 1962 3235 2019 eadem
3275 1963 3529 2032 patietur.
3581 1964 3683 2032 Qui

2099 2065 2183 2112 est
2209 2064 2387 2111 autem
2414 2056 2548 2111 liber
2579 2054 2647 2109 ab
2672 2054 2754 2109 bis
2778 2095 2794 2122 ,
2840 2063 3025 2109 contra
3053 2068 3114 2110 se
3147 2053 3383 2110 habebit.
3407 2053 3464 2108 2.
3491 2051 3685 2110 Potens

2100 2149 2153 2202 in
2179 2157 2312 2203 terra
2340 2148 2433 2202 erit
2471 2163 2638 2202 semen
2666 2149 2797 2219 ejus.
2843 2146 2991 2202 Solet
3020 2145 3297 2217 Scriptura
3325 2159 3471 2218 saepe
3497 2161 3682 2203 semen

2103 2256 2297 2296 vocare
2322 2254 2429 2296 non
2473 2240 2523 2294 id
2568 2239 2712 2311 quod
2759 2238 2996 2294 nascitur
3021 2254 3084 2294 ex
3112 2246 3316 2294 natum
3341 2238 3561 2306 ordine,
3588 2240 3688 2295 sed

2105 2332 2246 2402 quod
2277 2347 2341 2386 ex
2382 2332 2641 2387 societate
2684 2329 2912 2386 virtutis.
2964 2328 3220 2398 Quocirca
3252 2329 3448 2385 Paulus
3472 2344 3687 2402 quoque

2105 2424 2462 2494 interpretans
2487 2423 2637 2491 illud,
2669 2422 2779 2476 Tibi
2806 2432 2851 2476 et
2870 2422 3046 2476 semini
3068 2429 3153 2476 tuo
3173 2419 3303 2476 dabo
3324 2430 3510 2475 terram
3531 2422 3686 2488 hanc,

2105 2519 2315 2574 dicebat
2338 2538 2351 2572 :
2382 2519 2504 2573 Non
2527 2519 2662 2574 enim
2682 2533 2849 2572 omnes
2874 2517 2959 2586 qui
2987 2526 3182 2572 suntex
3207 2515 3393 2586 Israel,
3421 2518 3459 2571 ii
3486 2517 3689 2573 Israel:

2108 2627 2264 2681 neque
2291 2612 2410 2682 quia
2429 2621 2544 2665 sunt
2560 2627 2724 2664 semen
2744 2609 2977 2673 Abrahae,
3008 2625 3178 2664 omnes
3200 2608 3316 2679 ﬁlii,
3345 2608 3435 2663 sed
3453 2608 3507 2663 in
3536 2607 3690 2663 Isaac

2107 2704 2360 2757 vocabitur
2386 2704 2471 2757 tibi
2491 2718 2658 2758 semen
2683 2700 2858 2774 (Rom.
2883 2701 2937 2756 9.
2957 2701 3037 2771 7).
3060 2699 3129 2754 Et
3152 2713 3338 2755 rursus
3366 2718 3380 2755 :
3413 2699 3479 2754 In
3505 2701 3695 2755 semine

2096 2804 2193 2866 ⁸ειιο
2221 2795 2569 2850 benedicentur
2594 2811 2763 2850 omnes
2787 2803 2955 2867 gentes
2981 2793 3122 2863 (Gal.
3154 2795 3206 2850 '5.
3235 2792 3312 2863 8).
3365 2792 3520 2861 Quod
3543 2794 3687 2848 enim

2110 2905 2215 2944 non
2242 2889 2439 2944 dictum
2467 2890 2536 2945 sit
2563 2889 2630 2945 de
2653 2889 2871 2953 Judaeis,
2895 2902 2981 2944 res
3001 2889 3129 2960 ipsa:
3149 2888 3385 2943 indicant
3410 2906 3423 2943 :
3450 2887 3540 2959 qui
3568 2897 3695 2942 sunt

2111 2983 2253 3037 enim
2281 2981 2379 3050 ipsi
2420 2981 2559 3051 pleni
2594 2981 3000 3047 maledictione,
3046 2979 3315 3052 quomodo
3358 2979 3553 3035 fuerint
3576 2981 3694 3035 aliis

2112 3088 2270 3128 causa
2296 3072 2726 3128 benedictionis?
2763 3071 2857 3127 sed
2902 3072 3030 3128 dicit
3072 3073 3140 3128 de
3171 3072 3404 3127 Ecclesia
3425 3114 3440 3139 ,
3470 3087 3588 3143 qum
3626 3087 3695 3127 ea

2115 3165 2367 3220 societate
2417 3163 2540 3219 ﬁdei
2584 3164 2699 3232 ejus
2740 3178 2921 3219 semen
2952 3179 3072 3220 esse
3106 3163 3318 3219 dicitur.
3374 3163 3534 3218 Tales
3571 3171 3698 3217 sunt

2115 3272 2262 3326 ergo,
2285 3255 2373 3326 qui
2393 3265 2513 3311 sunt
2539 3256 2730 3310 virtute
2746 3254 2973 3325 priediti,
2993 3264 3047 3311 et
3074 3255 3165 3310 filii
3185 3270 3391 3321 eorum,
3416 3254 3505 3326 qui
3528 3254 3694 3310 Deum

2120 3348 2324 3402 titnent.
2358 3345 2543 3401 Potens
2566 3346 2619 3400 in
2643 3355 2778 3401 terra
2801 3347 2895 3401 erit
2923 3362 3091 3401 semen
3119 3347 3248 3417 ejus.

2198 3438 2411 3494 Virtutis
2459 3455 2684 3506 merces;
2732 3439 2925 3494 virtutis
2969 3449 3014 3494 et
3061 3440 3166 3494 vitii
3204 3438 3406 3494 collatio
3448 3456 3556 3511 per~
3579 3456 3700 3494 con-

2121 3531 2298 3585 traria.
2321 3542 2397 3570 —'
2411 3530 2585 3598 Quare
2609 3502 2760 3594 dixit,
2785 3528 2853 3584 In
2881 3529 3060 3584 terra?
3088 3529 3156 3586 Ut
3183 3502 3489 3586 ostenderet
3509 3530 3559 3585 id
3583 3545 3702 3585 esse
3790 3502 3803 3515 ’

2121 3623 2281 3679 etiam
2307 3631 2590 3692 antequam
2636 3620 2762 3677 hinc
2807 3621 3094 3686 excedant,
3127 3632 3181 3678 et
3219 3632 3500 3692 antequam
3528 3620 3701 3675 bono-

2124 3729 2239 3769 rum
2269 3728 2387 3784 quae
2412 3714 2517 3768 illic
2546 3721 2667 3768 sunt
2690 3712 2885 3768 faciant
2902 3712 3217 3784 periculum.
3247 3712 3703 3781 Quemadmodum

2125 3805 2264 3861 enim
2290 3804 2399 3859 dixi
2427 3814 2580 3859 antea
2603 3845 2618 3871 ,
2659 3804 2826 3859 virtus
2857 3804 2908 3858 in
2946 3804 3056 3874 ipsa
3082 3805 3392 3875 operatione
3423 3804 3582 3860 habet
3620 3820 3707 3860 re-

2128 3898 2548 3952 munerationem
2594 3897 2753 3952 etiam
2792 3905 2915 3951 ante
2960 3897 3197 3966 przcmia.
3249 3896 3401 3964 Quod
3444 3896 3589 3952 enim
3616 3896 3707 3967 qui

2130 3988 2251 4043 talis
2287 3995 2402 4053 est,
2436 3986 2629 4042 habeat
2654 4001 2837 4042 semen
2881 3995 3098 4057 potens,
3143 3997 3196 4042 et
3240 3989 3328 4059 qui
3371 3996 3456 4044 est
3496 3987 3711 4043 virtutis

2130 4081 2378 4152 praesidio
2405 4081 2660 4145 munitus,
2690 4080 2758 4135 sit
2784 4080 3022 4135 omnium
3053 4080 3473 4150 potentissimus,
3504 4079 3709 4136 docue-

2133 4184 2255 4231 runt
2289 4175 2537 4245 apostoli,
2578 4173 2927 4229 Ostenderunt
2952 4174 3244 4244 protihetze.
3276 4172 3530 4230 Similiter
3552 4175 3714 4229 etiam

2134 4267 2392 4322 Dominus
2421 4266 2491 4320 de
2529 4264 2613 4321 his
2648 4262 2985 4335 signiﬁcans.
3030 4265 3160 4321 dicit
3192 4283 3205 4319 :
3239 4264 3552 4336 Quicumque
3574 4266 3714 4319 audit

2134 4374 2385 4414 sermones
2411 4374 2565 4421 meos,
2589 4367 2635 4411 et
2661 4358 2784 4426 facit
2812 4372 2915 4425 eos,
2944 4357 3304 4412 assimilabitur
3327 4359 3433 4411 viro
3460 4357 3715 4427 prudenti,

2136 4449 2219 4520 qui
2248 4448 2514 4518 ludificabit
2539 4446 2744 4501 domum
2768 4464 2914 4502 suam
2938 4464 3088 4519 super
3118 4458 3351 4518 petram;
3389 4457 3435 4503 et
3461 4447 3718 4502 descendit

2140 4543 2331 4610 pluvia,
2364 4551 2599 4594 venerunt
2627 4540 2792 4611 ﬂuvii,
2824 4540 3071 4609 ﬂeuerunt
3108 4540 3238 4594 venti
3256 4556 3274 4604 ;
3318 4549 3363 4592 et
3388 4539 3644 4593 irruertmt
3668 4538 3721 4591 in

2141 4634 2347 4687 domum
2373 4630 2540 4695 illaut,
2568 4640 2614 4684 et
2643 4648 2743 4685 non
2770 4630 2946 4685 cecidit
2978 4650 2990 4684 :
3017 4640 3124 4684 erat
3162 4631 3293 4684 enim
3321 4629 3537 4700 fundata
3569 4645 3722 4700 supra

2144 4735 2335 4795 petram
2363 4722 2573 4795 (Matth.
2601 4722 2654 4776 7.
2682 4720 2773 4776 24.
2803 4720 2919 4793 25).
2952 4712 3093 4789 Quot
3120 4719 3430 4790 populorum
3456 4720 3721 4783 incursus,

2145 4824 2274 4887 quot
2303 4817 2394 4869 ira:
2424 4824 2789 4886 tyrannorum,
2833 4821 2963 4884 quot
2988 4827 3165 4877 enses,
3194 4821 3322 4881 quot
3345 4810 3568 4876 lanceas,
3600 4820 3727 4880 quot

2150 4909 2271 4970 tela,
2302 4917 2430 4979 quot
2454 4907 2718 4972 fornaces,
2748 4916 2874 4977 quot
2891 4905 3181 4959 belluarum
3204 4904 3412 4969 dentes,
3439 4910 3570 4973 quot
3587 4918 3727 4975 pra:-

2148 5000 2362 5069 cipitia,
2417 5008 2547 5068 quot
2584 4998 2783 5063 maria,
2830 5004 2956 5066 quat
2986 4995 3224 5059 insidize,
3269 5002 3399 5063 quot
3425 4992 3730 5057 calumniae,

2150 5095 2279 5157 quot
2307 5087 2727 5143 machinationes
2755 5084 2968 5142 fueiunt
2992 5084 3271 5139 concitata:
3300 5083 3558 5137 adversus
3599 5096 3733 5152 apo-
3759 5138 3769 5161 ί

2153 5180 2362 5235 stolos?
2407 5178 2549 5234 Nihil
2594 5189 2769 5233 tamen
2813 5192 2908 5233 eos
2946 5175 3303 5246 supplantavit
3335 5191 3350 5229 :
3380 5174 3474 5230 sed
3520 5174 3734 5229 fuerunt

2156 5272 2238 5327 his
2264 5270 2513 5326 omnibus
2535 5268 2874 5335 excelsiores,
2903 5267 3336 5338 praetervolantes
3361 5281 3547 5321 eorum
3575 5279 3731 5319 aruo.
3757 5313 3766 5347 ἱ

2156 5363 2338 5427 dines,
2366 5363 2456 5433 qui
2499 5362 2628 5431 ipsis
2655 5359 3073 5425 insidiabantur,
3117 5365 3172 5413 et
3211 5358 3354 5427 ipsos
3401 5355 3738 5411 insidiatores

2160 5455 2497 5511 traducentes
2537 5455 2589 5508 in
2633 5466 2757 5507 suas
2806 5464 3003 5522 partes.
3060 5449 3202 5505 Nihil
3244 5457 3327 5503 est
3373 5448 3518 5503 enim
3547 5448 3736 5505 virtute

2161 5546 2429 5618 potentius
2458 5562 2470 5598 :
2497 5559 2559 5599 ea
2585 5552 2638 5599 et
2665 5552 2813 5613 petra
2844 5550 2926 5597 est
2949 5538 3202 5601 solidior,
3233 5548 3288 5593 et
3316 5537 3597 5593 adamante
3627 5536 3737 5590 for-

2164 5643 2267 5698 tior
2298 5659 2310 5695 :
2351 5637 2797 5711 quemadmodum
2826 5650 3010 5691 rursus
3036 5633 3271 5704 nequitia
3311 5632 3445 5686 nihil
3465 5639 3552 5689 est
3568 5630 3734 5683 vilius.

2174 5737 2303 5793 nihil
2334 5731 2649 5787 imbecillius
2670 5771 2686 5798 ,
2712 5729 2919 5787 etiamsi
2950 5730 3066 5798 quis
3092 5727 3163 5783 sit
3202 5727 3437 5781 munitus
3466 5722 3664 5779 inﬁnita
3696 5722 3738 5774 vi
