4086 6268
362 401 468 458 ἓθδ

359 517 701 582 occuparent,
725 517 777 561 ct
798 520 948 560 error
978 503 1169 572 ubique
1194 513 1331 556 essm
1357 501 1596 562 diffusus,
1621 500 1700 552 sol
1725 499 1940 568 justitize

361 621 425 658 ex
455 604 561 655 imo
585 609 800 654 exortus
825 606 925 652 est.
949 594 1207 662 Quoniam
1233 593 1372 649 enim
1401 603 1526 648 tunc
1552 593 1790 646 homines
1811 591 1943 645 cgelo

363 695 544 748 relicto
573 691 734 744 Deum
765 689 817 741 itt
851 686 1004 742 terris
1039 684 1343 756 qua-rebant
1364 723 1380 749 ,
1411 698 1474 738 ex
1506 700 1570 736 cn
1602 670 1716 737 loco
1743 682 1818 736 eis
1847 698 1939 750 ap-

363 787 534 852 paruit
560 823 574 844 ,
604 798 662 836 sc
691 780 755 834 ad
785 794 967 834 eorum
999 775 1412 832 inbecillitatem
1439 774 1724 829 detnittcns
1745 815 1760 840 ,
1795 784 1850 827 ut
1874 771 1940 826 ad

359 873 690 928 altitudinem
719 871 975 923 infinitam
1004 867 1275 924 creberet.

431 967 791 1034 Argumentum
843 959 1218 1015 rcsxrrectionis
1275 959 1570 1012 maxiutum.
1624 987 1696 998 --
1738 955 1939 1010 Miseri-

357 1074 488 1120 cors,
518 1067 564 1110 et
595 1057 875 1120 miseratur,
907 1063 951 1107 et
988 1054 1158 1123 justus
1205 1051 1448 1105 Dominus
1489 1051 1642 1104 licus.
1681 1049 1939 1118 Quoniam

357 1149 491 1203 dixit
520 1148 633 1216 ejus
658 1147 913 1215 justitiam
955 1159 1198 1207 manere,
1229 1151 1282 1197 et
1323 1143 1414 1196 illo
1456 1143 1612 1195 modo
1636 1141 1942 1196 consolatus

359 1249 478 1297 est;
509 1238 655 1291 multi
681 1248 855 1290 autetn
886 1233 1276 1296 tttisericordcs,
1305 1242 1358 1285 et
1383 1231 1470 1301 qui
1502 1241 1644 1286 recte
1672 1232 1755 1285 hic
1781 1232 1940 1285 vitam

359 1338 551 1397 a,;unt,
578 1330 839 1383 contraria
870 1328 956 1382 hic
981 1327 1322 1396 experiuntur
1348 1344 1361 1379 :
1393 1324 1544 1380 affert
1566 1325 1722 1378 aliam
1751 1337 1941 1378 conso-

359 1423 607 1476 lationem
635 1421 836 1482 dicens,
874 1419 1176 1481 Misericors,
1211 1428 1256 1471 et
1284 1418 1562 1478 miscrator,
1594 1425 1640 1468 ct
1671 1417 1842 1486 justus
1870 1424 1940 1468 rst

358 1514 607 1569 Dominus
638 1531 658 1568 :
687 1514 950 1584 duplicem
993 1512 1112 1565 inde
1158 1511 1375 1565 eiiciens
1412 1508 1938 1572 denutttstratimtettt.

357 1609 410 1662 Si
428 1609 566 1662 enim
581 1616 660 1660 est
679 1606 998 1668 misericors,
1013 1614 1063 1659 et
1077 1605 1138 1657 iis
1154 1603 1240 1672 qtti
1260 1611 1499 1672 peccant,
1519 1600 1713 1672 szrpius
1734 1601 1938 1664 veniam

358 1701 634 1765 concedit,
665 1699 832 1752 multo
867 1699 1034 1766 magis
1072 1713 1165 1750 eos
1192 1697 1280 1766 qui
1313 1711 1370 1749 se
1409 1704 1551 1748 recte
1579 1707 1763 1763 gerunt
1791 1734 1806 1756 ,
1833 1709 1958 1748 non.

359 1793 615 1860 relinquet
644 1792 1002 1852 incoronatos,
1031 1797 1304 1856 postquam
1327 1785 1450 1840 hinc
1469 1786 1812 1840 excesserint.
1836 1785 1938 1840 Sed

357 1883 454 1936 etsi
485 1882 572 1933 hic
597 1896 701 1934 non
732 1880 938 1944 reddat,
967 1879 1182 1932 omnino
1213 1878 1318 1932 illic
1347 1876 1549 1931 reddet.
1579 1875 1781 1931 Deinde
1809 1876 1938 1930 sub-

354 1971 529 2042 junxit
556 1974 737 2036 etiam,
760 1970 937 2022 Justus
962 1985 979 2022 :
1002 1969 1141 2038 quod
1167 1969 1210 2022 si
1232 1967 1406 2038 justus
1425 1967 1515 2033 sit,
1544 1975 1600 2021 ut
1624 1977 1725 2033 est,
1755 1967 1942 2022 reddet

361 2065 646 2134 unicuique
676 2061 962 2117 secundum
995 2061 1201 2126 merita,
1233 2060 1436 2115 etiamsi
1467 2059 1553 2114 hic
1579 2075 1682 2114 non
1711 2060 1894 2114 reddat
1924 2078 1937 2114 :

356 2154 496 2227 quod
523 2167 604 2207 est
634 2153 714 2208 vel
760 2153 1044 2206 maximum
1086 2160 1452 2221 argumentum
1484 2149 1670 2204 futttrte
1699 2167 1938 2206 resurre-

357 2247 566 2301 ctionis.
608 2243 830 2312 Quando
867 2244 1008 2296 enim
1057 2243 1203 2296 multi
1248 2259 1310 2296 ex
1358 2242 1420 2295 iis
1457 2243 1546 2312 qui
1584 2252 1710 2296 sunt
1749 2242 1941 2294 virtute

359 2337 564 2405 ptaediti
587 2378 600 2400 ,
626 2346 918 2390 cernuntur
956 2333 1094 2387 mala
1136 2333 1297 2387 multa
1330 2332 1602 2401 perpessi,
1633 2343 1685 2386 et
1715 2332 1938 2401 improbi

359 2431 575 2499 impune
602 2439 658 2483 et
681 2443 866 2482 secure
897 2428 1072 2481 vivere
1102 2443 1115 2478 :
1145 2425 1356 2479 ubinam
1403 2426 1620 2494 recipiet
1652 2423 1938 2493 unusquis-

358 2537 463 2591 que
494 2537 589 2590 pro
624 2520 846 2581 merit-is,
876 2519 919 2572 si
957 2533 1062 2572 non
1090 2518 1158 2572 sit
1186 2517 1356 2570 futura
1389 2519 1726 2582 resurrectio,
1757 2527 1811 2571 et
1837 2514 1940 2569 alia

361 2615 487 2671 vita,
509 2609 763 2678 judicium
791 2619 844 2662 et
871 2607 1268 2661 reumncratio?
1296 2606 1493 2661 Deinde
1517 2607 1765 2675 quoniam
1789 2604 1943 2674 justi-

359 2703 446 2754 tize
475 2701 796 2754 mentionem
837 2698 1031 2752 faciens
1052 2740 1067 2763 ,
1097 2699 1285 2752 terruit
1312 2698 1638 2760 auditorem,
1669 2707 1724 2752 ut
1751 2698 1841 2764 qui
1871 2697 1941 2750 sit

361 2793 663 2847 redditurus
691 2791 948 2844 rationem
990 2800 1365 2860 peccatorum,
1397 2792 1504 2846 cito
1532 2790 1683 2844 alfert
1713 2790 1941 2844 medica-

359 2893 628 2946 mentum,
665 2881 848 2937 dicens
880 2896 892 2931 :
924 2882 978 2935 5.
1021 2879 1290 2933 Iucundus
1320 2881 1468 2933 ltomo
1494 2882 1579 2951 qui
1609 2884 1867 2936 utisrrea'ur
1893 2890 1941 2934 et

361 2974 662 3037 commodat,
693 2974 920 3041 disponet
949 2988 1199 3025 sermones
1225 2989 1341 3024 suos
1369 2973 1420 3024 in
1439 2972 1656 3041 judicio.

430 3069 482 3120 4.
524 3066 656 3120 Vide
680 3075 823 3136 quot
873 3065 1084 3135 pra‘tnia
1133 3066 1378 3134 proponit
1417 3064 1614 3118 homini
1645 3066 1888 3120 clrmcntl
1923 3083 1937 3121 :

359 3161 498 3228 quod
527 3159 726 3213 fructus
741 3161 865 3227 ejus
890 3167 1107 3212 maneat
1147 3167 1437 3226 perpetuo,
1469 3158 1608 3226 quod
1640 3157 1941 3212 liberandus

360 3255 430 3304 sit
471 3268 498 3304 a
543 3252 953 3312 mutationibus,
996 3249 1136 3320 quod
1182 3249 1342 3303 Deum
1389 3249 1688 3302 imitaturus
1725 3250 1830 3314 sit;
1860 3259 1942 3303 est

360 3344 501 3396 enim
537 3344 672 3394 licus
701 3343 1036 3403 tttiscrieors;
1067 3340 1205 3409 quod
1251 3349 1462 3408 peccata
1503 3341 1550 3393 ci
1595 3339 1700 3393 sint
1737 3341 1939 3394 condo-

361 3435 556 3488 nanda.
588 3435 696 3488 lluc
721 3434 860 3486 enim
889 3434 985 3486 sibi
1015 3434 1120 3486 vult
1167 3432 1312 3499 illud,
1345 3431 1662 3499 Dispeusubit
1691 3448 1940 3486 sermones

359 3543 478 3582 suos
504 3525 554 3576 in
572 3525 809 3594 judicio;
837 3523 887 3576 id
915 3533 1015 3588 est,
1045 3523 1400 3577 Patrocinium
1430 3532 1798 3591 consequetur,
1835 3539 1937 3577 ncn

358 3616 531 3670 deerit
557 3615 603 3668 ei
629 3613 887 3678 defensio,
916 3628 1018 3666 non
1049 3614 1150 3666 erit
1175 3613 1223 3666 ei
1253 3620 1375 3666 tunc
1402 3611 1790 3674 condemnatio,
1817 3628 1936 3668 cum

358 3711 696 3779 eleemosyua
735 3705 1096 3761 defensionem
1139 3705 1186 3759 ei
1229 3704 1448 3774 pulchre
1472 3715 1762 3774 comparet.
1793 3706 1938 3760 Alius

353 3813 534 3858 nutent
565 3803 828 3871 interpres
853 3801 984 3854 dixit
1011 3818 1024 3852 :
1059 3798 1368 3868 Dispcnsuns
1406 3812 1483 3850 res
1511 3813 1629 3850 snas
1657 3813 1768 3849 cum
1789 3798 1938 3866 judi-

357 3898 455 3952 cio.
489 3896 602 3950 lloc
629 3903 731 3958 est,
759 3893 982 3948 Fruetur
1009 3906 1196 3961 magna
1228 3891 1592 3960 prosperitate,
1627 3889 1756 3942 nihil
1783 3890 1850 3943 ab
1875 3905 1939 3943 eo

353 3987 674 4057 suscipietttr
699 3984 839 4054 quod
865 3985 934 4039 sit
958 3982 1242 4036 absurdum
1271 3993 1324 4035 et
1352 3981 1603 4044 alienum,
1631 3989 1686 4033 ttt
1713 3981 1798 4049 qtti
1829 3980 1940 4034 fue-

349 4082 430 4135 rit
459 4082 691 4150 optimus
729 4079 1077 4148 dispensator.
1108 4075 1204 4142 Qui
1237 4074 1376 4127 enim
1409 4083 1487 4126 ost
1523 4073 1752 4127 crudelis
1777 4083 1829 4126 et
1856 4073 1935 4126 itt-

349 4176 651 4237 bmnamts,
678 4182 732 4228 et
770 4169 1130 4225 misericordia
1172 4182 1276 4222 nou
1318 4175 1592 4229 movetur,
1626 4174 1709 4220 est
1746 4181 1773 4217 a
1815 4179 1936 4218 vera

357 4265 696 4337 dispensandi
743 4265 948 4318 ratione
989 4262 1214 4316 alienus.
1255 4258 1390 4326 Quid
1433 4257 1572 4312 enim
1621 4257 1785 4325 pOSsil.
1821 4269 1938 4310 esse

355 4358 460 4411 hoc
485 4356 714 4425 gravius,
744 4369 900 4422 quam
928 4368 1050 4406 cum
1082 4352 1124 4404 is
1153 4351 1242 4420 qui
1273 4359 1354 4402 est
1379 4347 1616 4402 aditurus
1647 4345 1936 4416 periculum

357 4447 580 4508 animm,
615 4445 850 4514 pecuniis
882 4443 1082 4512 parcit,
1114 4450 1168 4494 et
1212 4440 1354 4494 illam
1395 4435 1652 4506 negligit?
1680 4435 1934 4502 Quocirca

355 4537 598 4592 Christus
619 4549 827 4604 quoque
855 4534 1000 4586 illum
1028 4532 1256 4584 laudavit
1283 4542 1640 4588 (BGOltttlttllm,
1663 4525 1750 4595 qui
1775 4541 1938 4594 quan-

356 4628 427 4681 do
455 4635 569 4679 erat
598 4623 863 4677 rocaudus
898 4622 948 4673 itt
976 4620 1276 4689 periculum
1305 4659 1319 4681 ,
1347 4617 1628 4671 schedulas
1656 4615 1889 4668 dissolvit
1915 4655 1929 4680 ,

355 4730 410 4774 et
436 4718 503 4772 de
530 4731 593 4770 co
618 4716 756 4786 quod
785 4714 1077 4769 debebatur
1113 4711 1326 4765 rescidit
1358 4716 1374 4779 (
1401 4710 1522 4764 Luc.
1553 4710 1639 4764 16.
1668 4709 1756 4776 8).
1791 4709 1933 4775 Quo.

357 4809 518 4865 ntodo
541 4806 682 4862 enim
715 4821 817 4858 non
841 4812 921 4856 est
941 4801 1246 4866 absurdum,
1276 4812 1328 4852 ut
1351 4802 1441 4868 qui
1464 4801 1524 4853 in
1553 4798 1798 4868 prmseuti
1819 4799 1937 4868 qui-

355 4905 476 4958 dem
510 4901 612 4955 vita
651 4906 776 4952 sunt
815 4897 865 4951 itt
905 4894 1142 4966 periculo
1165 4934 1177 4953 ,
1209 4892 1383 4944 omnia
1412 4906 1504 4944 sua
1535 4889 1850 4958 profundant
1881 4899 1937 4944 ut

340 4994 646 5067 perieulum
672 4989 932 5045 redimunt
959 5005 971 5040 :
997 5001 1116 5040 cum
1138 4994 1312 5036 autem
1337 4982 1547 5035 veniant
1567 4983 1620 5035 in
1645 4982 1934 5049 periculum

355 5104 422 5142 nc
443 5085 717 5141 tradantur
740 5080 1021 5150 supplicio,
1047 5093 1149 5129 nou
1174 5085 1386 5129 utantur
1404 5073 1587 5128 cadent
1609 5073 1936 5126 meouomia?

342 5182 420 5236 ‘I'It
450 5181 566 5235 ideo
591 5176 903 5249 prudentem
928 5173 1349 5242 dispensatorem
1371 5166 1499 5221 dicit
1521 5164 1933 5230 misericordem,

354 5282 411 5326 ut
437 5272 525 5342 qui
557 5267 717 5323 multa
747 5265 931 5338 pmteis
957 5272 1129 5323 eumt,
1163 5259 1400 5330 pecuniis
1427 5258 1613 5312 cadum
1635 5297 1648 5319 ,
1679 5267 1825 5309 veste
1851 5271 1935 5310 rc-

350 5378 539 5433 gnum,
557 5364 703 5430 ~pane
728 5370 778 5414 et
809 5357 996 5428 poculo
1020 5354 1224 5422 frigida:
1253 5352 1386 5405 bona
1417 5350 1610 5405 futura.
1634 5347 1770 5414 Quid
1788 5352 1935 5403 enim

355 5453 583 5508 conferri
624 5459 796 5521 potest
823 5465 942 5504 cum
979 5447 1083 5502 hac
1113 5443 1507 5514 diSpcnsatioue
1527 5482 1543 5508 ,
1579 5440 1788 5510 quando
1819 5445 1937 5510 quis

349 5561 418 5601 ea
461 5545 594 5599 dans
621 5560 740 5612 qua:
779 5551 1034 5613 pereunt,
1065 5541 1252 5601 fluunt,
1297 5545 1352 5590 et
1399 5536 1685 5593 itum-euut,
1721 5547 1783 5586 ea
1819 5549 1937 5603 qua:

349 5646 483 5694 sunt
509 5635 703 5698 futura,
733 5642 788 5688 et
813 5649 932 5703 qua!
965 5641 1086 5686 sunt
1115 5629 1401 5684 immobilia
1429 5627 1723 5692 accipit,.et
1755 5641 1847 5692 per
1875 5639 1936 5679 ea

362 5729 418 5784 in
438 5725 686 5796 pratscnti
713 5723 814 5777 vita
841 5725 1122 5777 securitate
1149 5720 1378 5774 fruitur?
1407 5719 1528 5772 Ideo
1556 5719 1702 5780 dicit,
1733 5716 1938 5784 Dispen-

346 5821 483 5875 mfu't
510 5831 760 5872 sermones
782 5831 896 5868 suos
923 5816 974 5866 in
997 5819 1211 5887 judicio.
1240 5818 1352 5884 Vel,
1383 5827 1435 5870 ut
1463 5819 1596 5874 alius
1618 5817 1745 5872 dixit
1772 5815 1934 5872 iutur-

1071 391 1130 446 S.
1168 389 1442 445 JOANNIS
1477 387 1950 445 CIIRYSOSTUMI
1994 388 2307 443 ARCIIIEP.
2337 390 2864 449 CONSTANTINOP.

3523 399 3627 453 296

2050 514 2190 568 pres,
2221 499 2527 570 Dispensuus
2553 521 2630 558 res
2660 521 2776 558 suns
2801 521 2913 558 cum
2937 506 3146 573 iudicio.
3174 505 3226 560 ltt
3248 523 3478 574 quonam
3505 511 3630 565 dicit

2041 589 2261 657 jtnlicio,
2286 591 2384 644 nisi
2417 593 2466 644 in
2494 593 2578 648 die
2610 595 2825 649 futuro?
2851 595 2944 650 Vel
2968 595 3095 651 dicit
3123 611 3240 650 eum
3269 599 3425 652 etiam
3453 600 3628 654 omnia

2045 695 2137 734 sua
2166 683 2363 750 optime
2393 683 2904 752 administraturum,
2929 703 3025 743 nec
3049 687 3280 743 futurum
3310 690 3358 744 itt
3381 691 3460 745 eis
3479 692 3630 761 quid-

2046 789 2200 841 quam
2240 774 2517 829 emtfusum
2544 818 2558 843 ,
2597 777 2688 832 sed
2731 779 2906 832 omnia
2957 779 3069 834 fore
3110 781 3296 836 ordine
3335 783 3627 850 collocata,

2043 868 2326 939 omniaque
2355 881 2499 924 reeta
2529 871 2610 925 via
2637 880 2692 926 et
2723 873 3096 943 consequentia
3130 888 3442 942 processura
3463 917 3476 938 ,
3509 877 3629 930 ttul-

2045 960 2146 1014 lam
2180 960 2291 1013 lore
2319 960 2369 1012 itt
2400 960 2478 1013 eis
2508 961 2983 1030 perturbationem,
3007 964 3208 1018 nullum
3238 965 3514 1034 strepitum
3539 976 3630 1021 aut

2045 1049 2327 1102 tumultum
2348 1091 2362 1114 ,
2394 1065 2513 1106 cum
2555 1051 2891 1124 cleemosyua
2923 1053 3111 1107 reddat
3143 1053 3221 1108 eis
3250 1055 3426 1109 omnia
3459 1055 3628 1110 facilia

2044 1149 2098 1193 et
2117 1141 2384 1208 expedita.
2405 1141 2554 1208 Quod
2577 1145 2734 1197 etiam
2759 1143 2986 1198 reddens
3007 1145 3337 1200 manifestius
3364 1147 3628 1216 interpres

2043 1230 2178 1286 alius
2206 1232 2336 1286 dixit
2368 1249 2381 1285 :
2414 1231 2726 1302 Dispensans
2755 1251 2834 1288 res
2869 1252 2988 1290 suas
3019 1252 3133 1289 cum
3163 1237 3381 1306 judicio.
3410 1238 3460 1292 ls
3486 1238 3626 1293 enim

2043 1332 2128 1379 est
2165 1323 2469 1379 miserit-ars
2491 1366 2506 1390 ,
2535 1327 2622 1395 qui
2661 1341 2748 1381 res
2787 1340 2910 1380 suas
2938 1343 3057 1381 cmn
3085 1327 3284 1398 judicio
3311 1328 3580 1399 dispensat
3608 1347 3623 1384 :

2045 1425 2100 1470 ut
2129 1415 2265 1470 alius
2293 1418 2469 1485 quivis
2499 1429 2580 1472 est
2614 1417 2784 1474 fructu
2815 1434 3032 1485 vacuus,
3057 1422 3143 1488 qui
3183 1430 3266 1476 cst
3302 1437 3330 1474 a
3361 1437 3485 1476 Vera
3512 1424 3628 1478 dis-

2044 1508 2300 1578 pcnsaudi
2369 1511 2575 1564 ratione
2629 1511 2855 1566 alienus.
2894 1511 2945 1566 6.
2992 1513 3124 1576 Quia
3160 1514 3212 1567 in
3255 1525 3492 1568 atteritum
3528 1532 3628 1570 non

2043 1600 2446 1653 ronnuovcbitur.
2477 1600 2578 1668 Qui
2616 1611 2788 1670 potest
2817 1601 3044 1658 conferri
3073 1618 3192 1658 cum
3226 1605 3321 1658 hac
3355 1607 3629 1676 dispensa-

2046 1691 2188 1744 tione
2213 1731 2228 1754 ,
2259 1690 2470 1760 quando
2507 1693 2625 1761 quis
2668 1694 2825 1748 talem
2863 1695 3000 1750 viam
3043 1695 3335 1762 invenerit,
3362 1713 3480 1766 qum
3506 1713 3627 1751 eum

2045 1781 2234 1836 liberet
2271 1782 2340 1835 ab
2365 1783 2647 1851 inopinatis
2674 1785 2915 1851 casibus,
2943 1793 2999 1840 ct
3023 1794 3169 1840 extra
3200 1787 3320 1840 vitae
3349 1785 3537 1841 fluctus
3573 1787 3627 1842 in

2045 1881 2196 1939 portu
2226 1873 2513 1927 conuituat
2536 1916 2550 1938 ,
2578 1889 2642 1930 ac
2670 1889 2790 1930 cum
2830 1875 2898 1929 sit
2942 1877 3099 1930 homo
3121 1917 3138 1937 ,
3171 1876 3298 1930 niltil
3339 1877 3626 1932 humanum

2043 1963 2322 2029 sustineat,
2351 1965 2432 2020 vel
2458 1966 2715 2020 sustineat
2737 1967 2974 2036 quidem,
3003 1967 3095 2021 sed
3125 1982 3454 2036 nequaquam
3478 1984 3628 2022 ever-

2045 2056 2220 2110 tatur?
2264 2056 2372 2109 lloc
2416 2065 2497 2110 est
2534 2057 2676 2110 enim
2717 2057 3055 2120 admirabile,
3097 2058 3308 2126 quando
3350 2073 3454 2111 non
3489 2059 3628 2113 cedit

2046 2145 2424 2200 tentatioaibus
2450 2159 2547 2199 nec
2581 2145 2648 2200 ab
2675 2139 2752 2199 eis
2781 2147 3148 2216 prosternitur.
3181 2146 3316 2214 Quid
3347 2147 3505 2201 vero?
3534 2165 3626 2201 an-

2046 2251 2149 2291 non
2180 2239 2430 2291 commoti
2471 2245 2595 2292 sunt
2632 2237 2780 2290 multi
2821 2237 3230 2292 misericordes?
3263 2237 3625 2309 Nequaquam.

2044 2327 2174 2382 Nam
2201 2327 2298 2382 etsi
2329 2342 2587 2397 pauperes
2616 2325 2737 2381 facti
2767 2328 2872 2380 sint
2893 2369 2906 2392 ,
2929 2335 2984 2381 et
3011 2327 3074 2381 ad
3103 2338 3393 2382 extremam
3419 2327 3627 2386 dedrcti

2047 2421 2468 2485 mendicitatem,
2495 2431 2649 2492 atque
2680 2421 2730 2476 in
2760 2437 3024 2476 aerumnas
3056 2431 3110 2476 ct
3137 2423 3465 2477 calamitates
3495 2423 3628 2478 inei-

2047 2510 2240 2578 derint,
2270 2512 2486 2567 minime
2515 2523 2686 2566 tamen
2703 2513 2884 2567 eversi
2917 2524 3039 2567 sunt
3070 2531 3082 2566 :
3113 2513 3402 2584 cogitantes
3427 2530 3486 2568 ea
3512 2529 3627 2584 qua!

2045 2619 2075 2658 a
2103 2619 2161 2659 se
2190 2604 2323 2659 facta
2359 2612 2480 2659 sunt
2510 2605 2585 2676 (a)
2607 2647 2620 2672 ,
2655 2605 2743 2658 Dei
2777 2604 3196 2661 benevolentiam
3232 2617 3284 2661 et
3324 2607 3625 2676 praesidium

2044 2697 2109 2751 ad
2140 2711 2197 2752 se
2223 2695 2580 2760 attrahentes,
2611 2707 2663 2752 et
2688 2696 2913 2752 validam
2944 2698 3172 2769 aliquam
3204 2699 3501 2770 fortemque
3531 2717 3626 2754 an.

2045 2803 2222 2843 coram
2247 2830 2262 2856 ,
2306 2805 2497 2860 nempe
2538 2789 2726 2843 bonam
2756 2791 3133 2845 conscientiam
3159 2833 3174 2857 ,
3207 2791 3479 2846 habentes.
3511 2791 3625 2847 Non

2044 2879 2175 2936 dixit
2205 2882 2414 2952 itaque,
2443 2881 2650 2937 insidiis
2679 2898 2782 2938 non
2813 2893 3150 2952 appetentur,
3181 2885 3303 2946 sed,
3337 2885 3449 2939 Non
3478 2901 3625 2939 cont-

2046 2973 2415 3030 movebuntur.
2457 2975 2607 3042 Quod
2647 2981 2804 3030 etiam
2837 2978 2968 3032 dixit
2995 2979 3240 3033 Christus
3276 2977 3344 3034 de
3385 2979 3505 3043 illo,
3539 2980 3625 3050 qtti

2045 3067 2323 3122 a‘dilicavit
2351 3081 2507 3137 supra
2534 3081 2734 3138 petram
2764 3069 2974 3141 (Matth.
3001 3072 3050 3124 7.
3074 3071 3165 3143 25)
3193 3090 3206 3125 :
3231 3087 3334 3126 non
3356 3073 3494 3143 quod
3523 3091 3625 3129 non

2045 3160 2116 3214 sit
2148 3169 2514 3228 tempestatem
2555 3176 2807 3232 passurus
2826 3205 2840 3229 ,
2869 3163 2960 3218 sed
2989 3164 3128 3234 quod
3154 3166 3313 3220 etiam
3341 3176 3628 3234 tempesta.

2046 3260 2151 3308 tem
2189 3254 2487 3318 sustinens,
2520 3255 2737 3310 minime
2775 3257 2844 3310 sit
2877 3259 3212 3312 evertendas.
3245 3257 3356 3312 Hoc
3379 3269 3461 3313 est
3485 3261 3624 3316 enim

2044 3344 2374 3407 admirabile,
2399 3359 2502 3400 non
2528 3345 2735 3414 quando
2757 3347 3086 3401 cessantibus
3109 3348 3486 3403 teutatiouibus
3513 3365 3626 3403 ont-

2044 3433 2200 3489 nibus
2229 3435 2278 3488 in
2311 3443 2423 3489 tuto
2451 3434 2639 3501 fuerit,
2673 3437 2765 3491 sed
2801 3437 3011 3506 quando
3044 3437 3486 3508 frequentissimis
3509 3455 3625 3494 ma-

2043 3525 2216 3580 chinis
2244 3527 2532 3594 impetitus,
2565 3537 2819 3596 perpetuo
2849 3529 3080 3583 manebit
3109 3530 3412 3583 immobilis.
3448 3529 3626 3600 Neque

2044 3618 2185 3670 enim
2215 3616 2324 3670 fieri
2354 3626 2545 3686 potest,
2576 3627 2630 3670 ut
2658 3618 2832 3671 anima
2867 3618 3014 3675 dives
3045 3619 3408 3674 misericordia
3437 3621 3626 3675 obrua-

2046 3716 2130 3762 tur
2156 3723 2402 3780 umquam
2429 3723 2456 3760 a
2480 3709 2727 3778 gravibus
2755 3709 2914 3762 animi
2945 3710 3444 3778 perturbationibus.
3473 3712 3527 3767 7.
3562 3712 3624 3766 1η

2043 3799 2286 3853 memoria
2318 3808 2508 3852 aeterna
2542 3801 2633 3852 erit
2657 3800 2850 3868 justus.
2879 3798 3011 3854 Vide
3042 3800 3211 3868 ipsum
3241 3817 3342 3860 non
3375 3801 3544 3855 solum
3573 3803 3624 3856 itt

2045 3899 2282 3958 tempore
2313 3891 2452 3954 vitzc,
2483 3891 2572 3944 sed
2602 3891 2760 3946 etiam
2797 3901 2911 3958 post
2945 3901 3166 3946 mortem
3198 3893 3497 3960 complures
3525 3893 3621 3946 do-

2044 3995 2166 4035 cere
2196 3992 2248 4034 et
2274 3983 2569 4036 instituere.
2597 3981 2873 4047 Quomodo
2903 3998 3028 4051 ergo
3056 3983 3181 4036 dum
3213 3984 3368 4048 vivit,
3399 3985 3622 4053 patietur

2043 4072 2239 4142 aliqttid
2269 4074 2414 4138 ntali,
2443 4073 2653 4141 quando
2679 4073 2838 4127 etiam
2867 4074 3097 4131 moriens
3127 4084 3207 4128 est
3233 4076 3350 4130 aliis
3377 4077 3622 4146 magister

2045 4164 2476 4233 tranquillitatis?
2513 4163 2578 4223 Ut
2608 4164 2748 4218 enim
2792 4167 2962 4220 sciant
2989 4165 3070 4219 vel
3110 4167 3199 4238 qui
3239 4178 3358 4221 sunt
3396 4169 3624 4232 maxime

2042 4255 2320 4318 increduli,
2355 4255 2578 4310 fructum
2607 4256 2721 4323 ejus
2757 4271 2972 4310 manere
3000 4257 3350 4314 immortalem
3380 4258 3428 4311 itt
3456 4259 3619 4324 caelis,

2044 4345 2167 4400 hinc
2193 4345 2283 4402 dat
2307 4345 2424 4414 ejus
2449 4346 2523 4400 rei
2555 4346 2932 4414 experientiam
2965 4367 2978 4402 :
3007 4347 3218 4400 defosso
3243 4349 3382 4402 enim
3410 4360 3460 4401 et
3485 4358 3618 4410 terra

2039 4441 2232 4495 obruto
2255 4455 2498 4508 corpore,
2528 4439 2778 4493 memoria
2803 4441 2918 4508 ejus
2945 4440 3138 4508 ubique
3163 4441 3548 4499 circumfertur.

2126 4531 2292 4586 i’irtus
2314 4547 2463 4600 quant
2493 4531 2685 4601 efﬁcax.
2709 4562 2777 4571 —
2805 4532 2947 4592 Talis
2988 4543 3066 4586 est
3108 4535 3317 4588 virtutis
3341 4535 3571 4603 potentia
3603 4553 3616 4588 :

2045 4641 2148 4681 non
2188 4623 2329 4680 cedit
2376 4624 2618 4692 tempori,
2648 4639 2755 4683 non
2803 4625 3081 4682 marcescit
3116 4624 3476 4679 diuturnitate.
3513 4626 3618 4680 Hoc

2043 4730 2217 4773 autem
2248 4716 2306 4771 fit
2340 4724 2546 4784 propter
2579 4715 2807 4770 salutem
2854 4716 3112 4768 malorum
3149 4718 3186 4768 '.
3221 4716 3296 4774 illi
3336 4720 3478 4770 enim
3515 4733 3617 4779 non

2042 4809 2238 4867 habent
2275 4821 2408 4877 opus
2451 4804 2608 4864 laude
2651 4805 2921 4860 hominum
2956 4825 2969 4861 :
3001 4807 3086 4876 qui
3132 4817 3310 4861 autem
3345 4809 3526 4861 vivunt
3568 4812 3616 4862 itt

2042 4902 2272 4972 nequitia
2291 4943 2305 4967 ,
2335 4901 2438 4956 illis
2465 4909 2622 4970 egent
2667 4901 2924 4960 encoutjis
2947 4939 2963 4965 ,
2993 4909 3050 4959 ut
3099 4915 3164 4957 ex
3206 4899 3367 4958 laude
3391 4916 3575 4959 eorum
3599 4945 3613 4967 ,

2105 5147 2120 5177 ¹
2160 5143 2268 5203 Alii,
2294 5142 2724 5206 propin-salutem
2767 5141 3038 5192 multorum.
3079 5144 3169 5192 Sed
3196 5157 3308 5206 vox,
3347 5142 3623 5201 mutarunt,

2015 5211 2018 5213 ’
2042 5205 2439 5268 muliusquadrat
2460 5205 2517 5252 ad
2542 5208 2724 5253 seriem
2745 5239 2759 5261 ,
2784 5213 2837 5252 ut
2861 5219 2922 5252 ex
2947 5207 3270 5266 sequentibus
3289 5205 3464 5266 liquet.

2107 5270 2178 5330 (a)
2215 5266 2456 5330 Ιιὶϐςςξᾳο,
2479 5279 2675 5324 ιννοοῦντις
2693 5279 2740 5316 τὰ
2764 5279 2972 5330 ititth
2995 5279 3126 5324 αὖτνδῑς.
3148 5275 3288 5315 Porro
3320 5269 3424 5315 [nec
3442 5268 3523 5330 du;
3541 5266 3618 5322 hci

2042 5326 2184 5382 modo
2209 5328 2434 5391 intelligi
2457 5335 2654 5388 possunt
2679 5341 2690 5376 :
2720 5326 2828 5391 vel.
2845 5327 3098 5391 cogitantes
3121 5341 3177 5376 eo
3200 5341 3373 5391 quia“
3407 5342 3458 5378 se
3492 5329 3619 5391 [item

2042 5398 2166 5448 sunt,
2185 5387 2565 5449 utvertitlnterl
2582 5401 2682 5450 res.
2702 5389 2800 5446 vel,
2823 5387 3079 5450 cogitantes
3101 5387 3327 5450 qmn'sibt'
3340 5425 3354 5442 .
3380 5387 3618 5450 aut,'ergn

2043 5467 2094 5504 se
2117 5455 2244 5514 facta
2267 5457 2391 5500 sunt.
2419 5448 2583 5514 neque
2606 5448 2743 5514 facile
2765 5448 3027 5514 estdicere
3053 5448 3157 5498 utra
3180 5453 3242 5498 sit
3266 5451 3439 5498 melior
3468 5448 3615 5499 inter-

2077 5507 2267 5562 relatio.
2291 5513 2332 5560 Si
2361 5507 2518 5573 priore
2539 5511 2678 5559 modo
2702 5507 2962 5570 intelligas,
2984 5524 3160 5573 sensus
3185 5514 3278 5560 erit
3301 5521 3428 5573 {Non
3453 5513 3615 5573 turtur.

2077 5530 2267 5562 rctauo.
2291 5530 2332 5560 δΙ
2361 5530 2518 5573 ρΙΊΟΓυ
2539 5530 2678 5559 111000
2702 5530 2962 5570 ιιιιιτιιιδνάδ,
2984 5530 3160 5560 86115115
3185 5530 3278 5560 01⁷11,
3301 5530 3428 5561 ζέκση
3453 5530 3615 5560 utrm»

2046 5530 2221 5626 lduntur
2252 5580 2382 5633 gesta
2406 5587 2492 5620 sua
2513 5584 2674 5625 secum
2698 5577 2986 5633 reputantes,
3011 5572 3144 5624 homo
3166 5572 3468 5624 conscii-mia
3491 5572 3616 5622 testi-

2045 5635 2201 5687 nwm‘o
2222 5635 2515 5697 gaudentes;
2537 5634 2590 5697 si
2604 5635 2870 5697 testeriore
2885 5671 2898 5689 ,
2921 5635 2990 5682 sic
3008 5634 3336 5697 accipiendum
3360 5637 3454 5697 erit
3478 5648 3499 5697 εΔ
3521 5643 3614 5687 .vau

2045 5693 2453 5748 common-buntur
2485 5695 2741 5755 cogitantes
2779 5693 2969 5746 solitum
2996 5695 3080 5744 Dei
3112 5693 3238 5755 ‘erqa
3268 5710 3318 5745 se
3350 5695 3612 5752 beneﬁcen-

2046 5760 2164 5812 tiom
2181 5794 2194 5810 .
2218 5771 2281 5808 ea:
2305 5755 2515 5819 pristinis
2537 5753 2627 5806 sibi
2643 5755 2826 5807 collatis
2849 5755 2980 5808 bouis
3008 5770 3102 5820 par
3123 5753 3217 5813 sibi
3238 5770 3421 5820 stmter
3444 5761 3611 5818 μαισςη

2051 5822 2140 5876 tua"
2155 5820 2474 5884 pturocjnium
2493 5828 2756 5884 sperantes.
