4114 6278
386 297 494 354 997

385 418 504 480 quae
531 404 789 480 praeclare
814 405 882 459 ab
922 402 1040 459 aliis
1082 409 1229 472 gesta
1264 406 1407 465 sunt,
1439 397 1565 451 iiant
1595 394 1805 480 virtutis
1851 399 1965 447 stu-

386 476 651 557 diosiores
671 540 686 559 .
711 507 766 553 et
803 495 1089 567 aliquando
1133 494 1425 548 liberentur
1453 505 1482 544 a
1513 488 1663 543 vitio.
1698 476 1801 542 Ubi
1842 490 1969 538 sunt

387 606 519 661 ergo
539 591 628 661 qui
653 588 897 658 sepulcra
926 596 1233 656 sumptuosa
1261 582 1545 646 mdiﬁcant,
1578 580 1825 649 aedesque
1849 581 1966 631 ind-

389 683 610 752 gnilicas
629 674 908 734 excitant?
940 676 1168 730 Audiant
1202 673 1327 745 quid
1351 680 1747 728 monumentum
1778 680 1968 740 perpe-

394 784 540 827 tuum
570 769 782 826 efﬁciat.
811 767 927 822 Non
956 764 1189 835 lapidum
1211 763 1506 819 exstructio
1526 804 1540 827 ,
1568 776 1667 817 nec
1693 766 1967 814 murorum

391 863 618 917 ambitus
661 867 716 914 et
745 867 947 922 turres,
976 852 1077 913 sed
1117 854 1376 911 bonorum
1420 867 1639 924 cperam
1687 849 1962 905 exuibitio.

392 951 518 1007 llaec
556 959 731 1004 autem
759 948 906 1018 ponit
944 956 1160 1017 propter
1204 959 1299 1001 eos
1327 945 1414 1014 qui
1455 951 1580 997 sunt
1606 941 1760 997 valde
1788 940 1964 994 incre-

388 1045 495 1100 duli
516 1085 531 1103 .
555 1052 609 1099 et
649 1041 820 1097 futura
851 1050 953 1095 nun
980 1037 1257 1093 attendunt
1278 1079 1293 1101 ,
1330 1045 1386 1090 ut
1413 1051 1532 1090 cum
1558 1051 1587 1090 a
1617 1031 1965 1104 prmsen’tibns

386 1145 444 1191 et
469 1136 533 1189 iis
552 1151 669 1206 quin
695 1142 951 1202 apparent
976 1146 1071 1187 eos
1095 1127 1637 1196 abduxerit,deducat
1657 1125 1721 1180 ad
1749 1124 1920 1178 futura
1945 1139 1958 1176 :

389 1237 441 1281 et
468 1226 670 1294 alioqui
697 1223 931 1279 ostendit
958 1222 1229 1285 virtutem,
1261 1229 1316 1274 ut
1338 1235 1480 1288 sirpe
1506 1217 1634 1281 dixi,
1658 1215 1814 1271 etiam
1842 1222 1965 1267 ante

389 1316 478 1371 illa
522 1314 736 1385 pnemia
764 1353 779 1377 ,
806 1311 1004 1366 habere
1035 1311 1089 1364 in
1135 1310 1309 1380 seipsa
1352 1308 1856 1363 remunerationem.
1888 1303 1963 1357 Ab

387 1406 645 1460 auditione
661 1403 794 1457 mala
818 1418 918 1456 non
943 1402 1149 1455 timebit.
1181 1400 1346 1466 Alius,
1376 1392 1626 1452 Nuntium
1656 1396 1842 1450 malum
1862 1406 1964 1449 non

386 1496 593 1548 timebit.
621 1492 1072 1561 Quemadmodum
1099 1506 1203 1545 non
1241 1490 1374 1544 dixit
1396 1489 1642 1557 superius
1667 1528 1681 1553 ,
1709 1500 1830 1542 eum
1857 1498 1973 1541 non'

387 1602 509 1641 esse
558 1584 842 1655 petendum
883 1581 1087 1637 insidiis
1113 1621 1127 1647 ,
1161 1580 1253 1635 sed
1294 1579 1500 1634 insidiis
1536 1578 1825 1648 appetitum
1857 1592 1962 1632 non

386 1692 510 1731 esse
546 1674 985 1731 commovendum
1020 1690 1033 1726 :
1066 1673 1134 1726 ita
1164 1670 1250 1726 hic
1290 1671 1449 1724 etiam
1500 1680 1603 1722 non
1646 1666 1811 1733 dicit,
1842 1674 1962 1721 eum

389 1783 496 1821 non
522 1781 641 1822 esse
666 1765 967 1819 auditurum
995 1761 1191 1816 malum
1219 1761 1462 1816 nuntium
1485 1800 1500 1827 ,
1532 1758 1626 1814 sed
1653 1750 1959 1812 audientem

388 1858 608 1913 minime
634 1855 1057 1911 l'ormidaturum.
1156 1917 1163 1925 ο

460 1951 514 2005 5.
538 1950 608 2002 A’t
630 1949 717 2018 qui
746 1948 855 2011 liet,
879 1955 935 2000 ut
961 1960 1067 2000 non
1096 1940 1524 1999 iormidethive
1551 1938 1746 1996 bellum
1775 1939 1964 1996 viderit

387 2039 707 2104 adventare,
752 2042 870 2094 sive
923 2045 1079 2092 terra:
1109 2042 1310 2090 mot'um
1343 2034 1535 2105 oppida
1562 2028 1807 2101 diruere,
1845 2036 1965 2088 sive

389 2133 623 2186 latrones
671 2139 723 2184 et
752 2143 1025 2185 murorum
1073 2127 1355 2183 eilossores
1381 2127 1565 2181 omnia
1587 2126 1828 2195 eripere,
1851 2124 1964 2180 sive

387 2220 642 2276 barbaros
684 2219 1020 2275 incursiones
1070 2217 1279 2283 facere,
1304 2219 1418 2273 .9ch
1447 2217 1688 2272 morbum
1736 2224 1969 2270 mortem

387 2311 618 2366 minitari
644 2352 659 2378 ,
687 2312 799 2366 sive
826 2311 957 2365 iram
979 2310 1172 2379 judici‘s
1199 2352 1214 2375 ,
1245 2311 1357 2364 siVe
1379 2309 1750 2378 quodcumque
1780 2304 1960 2373 aliud",

387 2405 607 2459 minime
647 2403 991 2465 extimescet;
1024 2416 1146 2456 suas
1175 2400 1315 2457 enim
1361 2414 1489 2470 epes
1524 2409 1681 2453 antea
1720 2398 1967 2468 deposuit

384 2486 438 2549 in
478 2495 598 2549 loco
636 2493 932 2557 tutissimo,
968 2500 1022 2548 et
1049 2507 1115 2548 ex
1153 2505 1258 2561 quo
1303 2506 1404 2545 non
1454 2498 1675 2560 possunt
1702 2489 1831 2558 eripi
1864 2507 1879 2543 :
1911 2496 1965 2543 et

385 2586 695 2641 imminente
735 2594 905 2640 morte
934 2600 1038 2640 non
1086 2584 1243 2638 modo
1275 2598 1378 2638 non
1409 2581 1594 2636 metuit
1626 2622 1640 2646 ,
1664 2581 1758 2637 sed
1802 2581 1962 2637 etiam

385 2676 605 2731 festinat
624 2677 1013 2746 quamprimum
1044 2674 1095 2727 in
1118 2688 1179 2730 ca
1203 2674 1314 2728 loca
1364 2673 1657 2728 concedere
1676 2714 1691 2737 ,
1723 2671 1808 2725 uhi
1839 2677 1965 2727 sunt

385 2769 502 2834 ejus
527 2772 755 2821 merces".
781 2762 880 2821 Ubi
904 2772 984 2820 est
1002 2766 1141 2819 enim
1165 2765 1426 2818 thesaurus
1457 2763 1706 2826 heminis,
1740 2763 1845 2816 illic
1874 2778 1963 2816 cor

388 2861 500 2930 ejus
529 2857 734 2930 (Matth.
770 2858 823 2913 6.
852 2857 966 2928 2|).
991 2857 1119 2911 Nam
1163 2857 1206 2910 si
1235 2864 1580 2919 mercatores,
1617 2855 1704 2924 qui
1744 2850 1960 2909 domum

392 2950 554 3008 Inulta‘
581 2953 741 3004 o'nera‘
768 2948 1158 3018 praemiseruut',
1180 2954 1473 3018 properant
1496 2945 1732 3015 quotidie
1756 2954 1812 2999 nt
1837 2959 1962 3000 snas

390 3040 603 3095 videant
625 3039 832 3094 divitias
855 3054 870 3090 :
898 3038 1064 3091 multo
1085 3038 1252 3106 magis
1280 3036 1385 3100 hic,
1408 3037 1497 3105 qui
1529 3037 1589 3090 in-
1608 3035 1754 3090 caelis
1773 3048 1962 3090 omnes

282 3130 288 3141 ’
388 3143 513 3186 suas
536 3128 809 3184 facultates
835 3136 991 3183 antea
1011 3127 1293 3198 deposuit,
1316 3128 1460 3182 volet
1483 3142 1511 3180 a
1535 3127 1695 3182 rebus
1725 3142 1981 3196 prieseus

383 3219 533 3275 titius
555 3218 772 3273 ai‘ulsns
813 3217 878 3273 ad
908 3216 1115 3272 futuras
1160 3214 1435 3271 festinare.
1466 3215 1613 3271 Niliil'
1630 3230 1758 3286 ergo
1788 3216 1963 3287 ei'po-

387 3310 523 3366 (erit
558 3311 813 3366 timorem
848 3309 1105 3364 iucutere.
1140 3305 1387 3362 Paratum
1412 3322 1502 3361 cor
1529 3308 1641 3379 ejus
1678 3318 1883 3377 sperare
1908 3308 1962 3361 in

386 3398 630 3457 Domino.
669 3396 821 3457 A‘lius
843 3443 859 3467 ,
888 3398 1123 3455 Firmum
1162 3416 1250 3454 cor
1277 3401 1429 3472 ejus‘:
1454 3399 1960 3470 idem'signiiicans,

384 3498 443 3547 et
471 3488 825 3562 interpretans
851 3490 1012 3559 illud,
1044 3489 1307 3544 Paratum.
1331 3489 1482 3554 Quod
1519 3499 1695 3544 autem
1736 3489 1865 3544 dicit
1882 3497 1964 3544 est

385 3581 649 3652 ejusmodi
677 3598 692 3634 :
722 3578 863 3635 Nihil
902 3589 985 3635 est
1021 3579 1162 3650 quod
1201 3595 1323 3635 eum
1365 3580 1679 3647 labefactet,
1709 3570 1961 3636 et'rebns

387 3673 742 3744 praesentibus
765 3668 1006 3727 addicat:
1029 3672 1122 3728 sed
1146 3681 1291 3728 totus
1331 3683 1558 3742 quantus
1582 3683 1686 3737 e.-t,
1705 3672 1771 3726 ad
1796 3672 1961 3728 Deuui

385 3765 710 3832 extenditur,
732 3775 784 3821 et
812 3776 958 3836 spem
984 3765 1127 3821 illam
1152 3773 1457 3835 exspectat,
1489 3774 1549 3819 et‘
1574 3765 1637 3819 in'
1657 3765 1745 3819 illa
1766 3779 1962 3835 exspe-

386 3858 633 3914 ctatione
663 3867 939 3930 perpetuo
963 3856 1231 3928 deﬁgitur,
1261 3871 1360 3911 nec
1397 3856 1466 3911 ab
1496 3855 1607 3911 ulla
1628 3871 1687 3911 re
1716 3856 1962 3925 praesenti

385 3953 671 4020 mollescit,
697 3953 993 4017 abducitur,
1024 3959 1121 4007 aut‘
1136 3950 1464 4006 distrahitur.
1490 3940 1811 4005 T-alcs‘enim
1841 3954 1965 4004 sunt

387 4047 722 4116 negotiorum
754 4042 1140 4100 sollicitudines
1172 4061 1186 4097 :
1213 4050 1445 4099 mentem
1473 4042 1748 4108 dividunt,
1778 4052 1841 4097 et~
1866 4058 1987 4097 eoa»

387 4137 697 4207 gitationem
736 4136 1056 4191 distrahunt:
1093 4134 1323 4191 Necesse
1350 4146 1432 4190 est
1472 4137 1633 4206 igitur
1674 4148 1860 4189 rursus
1885 4133 1967 4188 di!-

386 4243 514 4283 cere
558 4226 687 4282 illud
731 4229 1092 4297 evangelicum
1120 4245 1132 4280 2
1161 4225 1270 4283 Ubi
1303 4235 1377 4282 est
1405 4227 1667 4281 thesaurus
1693 4225 1960 4291 hominis,

387 4320 497 4374 illic
524 4328 598 4373 est
624 4321 775 4374 etiam
797 4336 884 4373 cor
912 4318 1261 4392 ejus(uauh.
1290 4319 1342 4373 6.
1371 4318 1483 4387 2i).
1518 4319 1572 4374 8.
1603 4316 1966 4386 Con/innatum

387 4418 461 4463 est
495 4418 583 4464 cor
609 4411 747 4480 ejus,
773 4426 873 4463 non
899 4409 1303 4462 commovebitur.
1335 4408 1525 4464 Vidisti
1554 4421 1674 4464 eum
1722 4408 1809 4478 qui
1834 4406 1968 4461 aedi-

388 4499 515 4581 ticat
561 4509 719 4568 supra
749 4498 979 4568 petram?
1004 4497 1140 4566 Quid
1169 4499 1309 4551 enim
1342 4507 1514 4567 potest
1545 4498 1731 4552 timere
1766 4497 1853 4568 qui
1883 4505 1967 4552 est

386 4600 444 4646 et
465 4588 638 4644 nudus
666 4597 722 4645 et
742 4591 1033 4654 accinctus,
1060 4590 1367 4660 nullamque
1396 4590 1487 4644 ulli
1515 4592 1717 4659 praebet
1741 4589 1983 4643 ansam?-

386 4680 520 4750 q’uid
566 4684 741 4749 potest
785 4681 1006 4747 timere,
1035 4681 1122 4752 qui
1165 4680 1329 4737 habet
1372 4680 1547 4735 Deum
1574 4680 1888 4736 clementem
1913 4687 1971 4735 et

389 4770 819 4840 prepitiumﬁta
863 4778 924 4824 ut
950 4771 1296 4840 utrinque'sit
1336 4778 1516 4833 tutus,
1539 4780 1594 4825 et
1629 4785 1692 4824 ex
1735 4782 1969 4838 superno

388 4859 611 4926 auxilio,
640 4870 694 4915 et
714 4872 780 4916 ex
806 4876 890 4928 ea,
923 4862 975 4916 in
1002 4874 1104 4932 qua
1133 4860 1219 4916 hic
1247 4862 1464 4916 inferius
1485 4862 1647 4931 degit,
1677 4862 1964 4928 ﬁaeilitate,

388 4959 495 5008 nec
515 4951 801 5023 quidquam
835 4969 958 5009 eum
986 4955 1303 5009 labefactare
1331 4955 1551 5023 pulerit,
1583 4969 1687 5007 non
1714 4953 1967 5008 damnum

390 5047 655 5115 pecuniae,
677 5061 779 5102 non
812 5047 1025 5117 probra,
1052 5063 1154 5102 non
1176 5048 1474 5102 calumniae.
1502 5045 1683 5117 Neque
1711 5049 1854 5102 enim
1882 5046 1970 5101 lla-

393 5137 486 5194 bet
529 5139 582 5193 in
609 5154 713 5210 quo
759 5139 1014 5207 laniatur,
1045 5140 1135 5211 qui
1183 5140 1306 5194 hinc
1346 5140 1396 5192 in
1427 5139 1613 5193 cirlum
1652 5138 1970 5209 commigra-

391 5230 547 5294 verit,
563 5231 614 5285 in
630 5231 903 5303 regionem
920 5231 986 5286 ad
1006 5247 1163 5300 quam
1176 5231 1363 5287 sceleri
1380 5240 1430 5285 et
1452 5231 1655 5285 insidiis
1680 5230 1853 5285 nullus
1874 5238 1972 5301 pa-

391 5332 470 5379 tet
488 5325 684 5380 aditus.
716 5320 932 5388 Nam,ut
948 5325 1112 5395 probe
1135 5325 1322 5386 nostis,
1339 5338 1524 5378 omnes
1547 5323 1750 5378 insidize
1779 5330 1972 5393 parati-

390 5424 483 5471 tnr
509 5417 594 5471 vel
621 5417 877 5486 pecuniis,
907 5417 988 5472 vel
1019 5432 1115 5487 pro
1146 5416 1403 5485 pecuniis,
1433 5424 1488 5469 et
1507 5426 1666 5469 omne
1695 5414 1968 5469 hominum

389 5506 627 5562 studium
652 5507 704 5562 in
728 5505 810 5560 his
839 5507 1067 5575 ponitur.
1100 5506 1271 5560 Donec
1301 5506 1540 5575 despiciat
1573 5505 1800 5559 inimicos
1828 5521 1964 5559 suos.

390 5595 524 5662 Quis
553 5605 633 5650 est
651 5596 766 5664 ejus
795 5595 1057 5656 inimicus,
1075 5594 1174 5649 nisi
1192 5595 1313 5649 mali
1344 5594 1703 5658 diemones,et
1727 5594 1839 5664 ipse
1856 5593 1971 5649 dia-

389 5686 566 5742 holtts?
583 5685 635 5742 9.
656 5686 923 5754 Disponit.
948 5684 1081 5740 dedit
1102 5683 1428 5758 pauperibus;
1453 5681 1651 5753 j"s.'itia
1678 5684 1782 5754 ejus
1804 5691 1969 5738 manet

1477 270 1833 336 EXPO’SI’HG
1867 274 1933 332 'tN
1975 271 2294 331 PSA‘LMUM
2331 275 2467 330 CXI.

3541 281 3644 338 298

2068 390 2121 443 in
2141 391 2400 444 surculum.
2432 391 2711 461 Postquam
2737 393 3090 465 cleemosynae
3120 405 3170 451 et
3196 399 3562 455 commodandi
3588 412 3659 457 et'
3720 426 3727 431 ·

2070 483 2360 537 miseremli
2374 485 2632 547 meminit:
2651 495 2777 541 sunt
2803 495 2978 542 autem
2999 490 3180 543 multa:
3210 505 3472 547 niensurze
3498 495 3644 552 elec-

2070 570 2324 644 r'uosynse;
2359 573 2442 628 hic
2470 575 2610 628 enim
2632 577 2721 630 dat
2760 577 2934 631 minus
2957 618 2972 642 ,
3000 578 3090 634 ille
3118 592 3245 636 vero
3268 584 3535 653 amplius:
3559 589 3642 643 vi-

2069 656 2290 719 deamus
2333 674 2616 736 quemnam
2661 664 2788 723 dicit
2841 671 3236 729 misericordem
3263 716 3277 742 ,
3326 692 3520 734 eumne
3555 684 3644 750 qui

2069 755 2269 824 praebet
2310 772 2375 811 ex
2422 758 2763 827 abundantia,
2809 774 2877 815 an
2912 776 3032 817 eum
3074 765 3162 833 qui
3206 781 3329 822 suas
3369 768 3644 826 facultates

2069 847 2332 904 exhaurit.
2377 843 2589 905 Certum
2634 863 2713 907 est
2745 853 2891 923 quod
2929 870 3049 910 enm
3081 859 3169 926 qui
3210 860 3492 928 exhaurit,
3522 879 3643 920 eum

2068 938 2158 1008 qui
2188 955 2243 994 re
2273 955 2365 995 sua
2388 941 2609 1012 largiter
2632 945 2799 998 utitur
2828 961 2842 997 :
2874 946 3013 1014 quod
3044 948 3202 1002 etiam
3235 950 3429 1007 l’aulus
3453 958 3643 1024 quaerit

2068 1030 2251 1091 dicens
2282 1050 2296 1087 :
2326 1032 2424 1097 Qui
2452 1034 2663 1087 seminat
2690 1037 2742 1089 iu
2767 1035 3187 1093 benedictionibus
3205 1083 3221 1108 ,
3253 1052 3405 1097 metet
3419 1045 3567 1099 etiam
3592 1047 3643 1107 in

2068 1121 2488 1177 benedictionibus
2520 1124 2593 1195 (2.
2630 1120 2752 1178 Cor.
2783 1126 2837 1181 9.
2883 1126 2961 1196 6).
2991 1124 3123 1184 Vide
3167 1140 3346 1186 autem
3376 1137 3644 1204 quomodo

2071 1213 2327 1283 propheta
2357 1215 2558 1285 optime
2581 1228 2705 1268 usos
2726 1224 2807 1269 eSt
2831 1216 3153 1275 dictionibus
3176 1221 3214 1274 ί.
3238 1222 3353 1278 Νοιι
3388 1225 3530 1297 enipi
3562 1226 3644 1281 di-

2073 1303 2188 1371 xit,
2219 1296 2409 1370 Dedit,
2437 1305 2554 1370 vel,
2583 1304 2891 1374 Distribuit,
2916 1308 3040 1377 sed,
3073 1308 3319 1382 Dispersit
3340 1356 3354 1379 ,
3381 1314 3550 1372 simul‘
3589 1326 3647 1373 et

2068 1393 2185 1464 ejus
2213 1393 2299 1465 qui
2331 1395 2530 1462 prrebet
2559 1395 2853 1466 largitatem
2885 1400 3190 1466 ostendens,
3222 1411 3274 1458 et
3293 1417 3406 1458 rem
3428 1418 3644 1461 semen-

2071 1496 2176 1541 tem
2209 1486 2506 1540 nominans.
2525 1480 2682 1542 Tales
2707 1489 2846 1544 enim
2874 1499 2998 1544 sunt
3016 1492 3104 1560 qui
3123 1493 3414 1549 seminant:
3438 1495 3646 1567 disper-

2066 1585 2197 1646 gunt
2216 1592 2332 1647 quia
2354 1587 2477 1632 sunt
2504 1580 2731 1647 reposita
2751 1620 2766 1644 ,
2794 1589 2844 1634 et
2872 1596 2990 1650 qua:
3019 1590 3139 1637 sunt
3160 1586 3436 1641 manifesta
3458 1586 3646 1644 dimit-

2072 1664 2188 1721 tant
2210 1674 2268 1720 ut
2295 1666 2465 1722 futura
2499 1669 2784 1740 accipiant.
2822 1670 2937 1725 lloc
2961 1682 3044 1727 est
3072 1672 3385 1733 collectione
3415 1679 3638 1733 melius:

2068 1758 2138 1813 ita
2165 1758 2305 1813 enim
2327 1758 2633 1830 dispergere
2654 1760 2819 1816 multo
2845 1761 3036 1818 melius
3056 1772 3159 1831 est,
3181 1779 3338 1834 quam
3367 1769 3640 1839 colligere.

2072 1846 2457 1919 Disperguntnr
2483 1851 2722 1921 pecunia:
2742 1891 2755 1918 ,
2789 1860 2843 1905 ct
2871 1852 3139 1923 colligitur
3163 1854 3366 1925 justit‘ia
3400 1858 3644 1931 :dispcr-

2066 1948 2261 2009 guntur
2286 1956 2405 2012 quae
2452 1954 2556 1996 non
2599 1955 2848 2011 manent,
2881 1953 2936 1999 ut
2973 1946 3313 2015 acquirantnr
3354 1940 3642 2008 manentia.

2069 2031 2183 2088 Hoc
2218 2033 2388 2104 ipsum
2434 2032 2630 2089 iaciunt
2671 2036 2828 2091 etiam
2859 2038 3126 2108 agricolae.
3173 2040 3288 2096 Scd‘
3326 2042 3399 2097 illi
3429 2045 3644 2114 quidem

2069 2140 2163 2194 pro
2203 2124 2420 2181 incertis
2449 2142 2464 2191 ;
2494 2135 2576 2182 est
2603 2128 2744 2182 enim
2775 2137 2913 2184 terra
2942 2147 3061 2201 quae
3099 2135 3355 2205 suscipit:
3388 2145 3444 2192 tu
3465 2149 3653 2195 autem-

2069 2216 2121 2270 in
2150 2232 2306 2271 manu
2339 2213 2453 2283 Dei',
2478 2218 2615 2273 unde
2637 2219 2748 2274 ﬁeri
2777 2235 2879 2276 non
2907 2232 3079 2290 potest
3102 2236 3157 2279 ut
3182 2227 3392 2295 perdas.
3418 2227 3646 2296 Quando

2066 2323 2193 2377 ergo
2221 2308 2415 2364 videris
2446 2326 2630 2365 aurum
2673 2327 2793 2367 esse
2835 2314 3118 2383 pulchrum
3144 2358 3156 2382 ,
3180 2299 3232 2372 et
3256 2319 3455 2375 veritus
3484 2306 3646 2380 fueris

2068 2398 2118 2453 id
2147 2399 2375 2469 ejicere,
2408 2402 2623 2456 veniant
2675 2403 2766 2457 tibi
2795 2404 2845 2458 in
2877 2416 3108 2462 mentem
3152 2409 3185 2463 ii
3217 2411 3304 2481 qui
3336 2402 3653 2480 seminam;

2068 2488 2101 2542 ii
2131 2490 2218 2558 qni
2258 2487 2608 2559 fcenerantur,
2634 2492 2666 2545 ii
2697 2494 2785 2563 qui
2810 2504 3136 2550 mercaturas
3165 2510 3455 2565 exercent,
3485 2503 3572 2575 qui
3612 2520 3642 2559 a

2065 2587 2275 2649 sumptu
2297 2590 2348 2634 et
2378 2580 2907 2653 impcnsisincipinnt
2931 2626 2945 2647 ,
2977 2600 3095 2640 cum
3129 2595 3301 2642 tamen
3334 2589 3553 2647 incertis
3581 2592 3657 2649 ea'

2067 2669 2226 2724 rebus
2251 2671 2610 2726 committant:
2635 2688 2755 2727 nam
2773 2683 2827 2729 et
2853 2674 3041 2731 ﬂuetus
3066 2686 3119 2732 e‘t
3141 2686 3293 2733 terrm
3311 2681 3478 2749 sinus,
3496 2680 3643 2739 debi-

2068 2767 2347 2831 torumque
2372 2764 2706 2833 syngraphm,
2739 2764 2914 2820 omnia
2943 2777 3065 2823 sunt
3087 2769 3305 2824 incerta.
3325 2771 3477 2844 Si-pe
3496 2777 3638 2830 enim

2068 2851 2118 2904 in
2166 2862 2309 2907 sorte
2357 2853 2607 2911 damnum
2659 2867 2980 2926 acceperunt
3017 2858 3408 2917 fmueratores:
3451 2864 3653 2920 cmlum’

2065 2951 2239 2996 autem
2268 2942 2354 3013 qui
2376 2943 2502 2997 colit
2525 2944 2774 3014 agricola,
2792 2946 2918 3001 nihil
2944 2947 3131 3004 horum
3156 2953 3357 3017 metuit,
3383 2953 3474 3008 scd
3496 2965 3548 3010 et
3575 2955 3651 3011 de

2065 3041 2209 3087 sorte
2229 3074 2244 3099 ,
2275 3041 2329 3088 et
2357 3033 2424 3088 de
2466 3034 2669 3090 femore
2698 3040 2875 3106 potest
2917 3052 3036 3094 esse
3061 3054 3279 3096 securus
3298 3082 3314 3109 ,
3351 3043 3394 3097 si
3423 3044 3525 3100 hoc
3553 3046 3639 3101 di-

2065 3124 2291 3179 cendum
2329 3124 2401 3181 sit
2443 3125 2616 3181 lienus
2655 3134 2709 3183 et
2733 3143 2840 3182 non
2883 3140 3028 3186 sorte
3054 3131 3213 3201 longe
3236 3135 3481 3204 amplius.
3514 3136 3653 3195 Sors’

2065 3216 2208 3269 enim
2236 3225 2318 3271 est
2363 3217 2623 3286 pecunia;
2671 3217 2845 3275 lienus
2880 3229 3055 3276 autem
3100 3232 3320 3293 regnum
3365 3214 3641 3283 caelorum.

2070 3305 2255 3360 Vidisti
2300 3314 2539 3361 naturam
2586 3309 2797 3376 mutui,
2847 3311 2988 3382 quod
3030 3311 3188 3369 habet
3232 3330 3448 3373 usuram
3496 3329 3644 3377 sorte

2067 3395 2220 3466 longe
2266 3397 2567 3468 majorem?
2595 3398 2663 3454 Et
2691 3399 2806 3457 haec
2842 3401 3054 3472 quidem
3102 3406 3154 3459 in
3186 3406 3364 3463 futuro
3387 3426 3402 3464 :
3425 3410 3478 3464 in
3510 3426 3645 3481 pra:-

2065 3489 2198 3543 scnti
2227 3496 2402 3544 autem
2434 3506 2675 3562 magnam
2699 3494 2998 3550 libertatem
3024 3501 3388 3570 consequeris,
3420 3502 3527 3558 eris
3554 3520 3643 3558 re—

2066 3591 2245 3637 motus
2289 3581 2358 3637 ab
2395 3583 2644 3639 omnibus
2689 3584 2894 3641 insidiis
2917 3628 2933 3654 ,
2968 3588 3408 3646 calumniatoru'm
3434 3601 3488 3649 et
3517 3595 3645 3649 insi-

2066 3670 2329 3731 diatorum
2373 3678 2717 3747 cupiditatem
2764 3680 3110 3751 exstingues;
3138 3682 3283 3739 vives
3314 3699 3501 3741 secure
3530 3695 3642 3741 toto

2067 3766 2188 3821 vita:
2223 3775 2480 3837 tempore,
2511 3777 2567 3823 ut
2590 3769 2680 3839 qui
2701 3785 2797 3826 nec
2821 3772 3031 3840 angaris
3061 3772 3418 3831 sollicitudine
3445 3776 3512 3832 de
3539 3779 3642 3832 tuis

2068 3860 2240 3924 bonis,
2259 3870 2314 3917 et
2331 3878 2425 3931 spe
2447 3863 2739 3918 futurorum
2763 3864 3020 3920 bonorum
3056 3866 3295 3937 erigaris.
3325 3866 3495 3923 Cornu
3534 3872 3645 3943 ejus

2067 3954 2365 4009 exaltabitur
2412 3956 2464 4008 in
2516 3956 2700 4027 gloria.
2731 3957 2881 4023 Quod
2912 3967 2995 4013 est
3036 3960 3264 4015 maxime
3289 3963 3643 4031 expetendum

2070 4045 2390 4111 hominibus,
2408 4046 2511 4103 lioc
2539 4049 2683 4117 ponit
2705 4050 2936 4114 assidue,
2961 4048 3299 4119 splendorem
3321 4060 3374 4106 et
3397 4052 3643 4122 gloriam,

2070 4155 2186 4208 quae
2223 4147 2275 4193 et
2302 4137 2408 4193 illic
2443 4154 2537 4195 eos
2565 4140 2793 4208 excipiet
2812 4181 2827 4204 ,
2853 4149 2909 4196 et
2939 4143 3024 4196 hic
3061 4141 3139 4196 eis
3159 4141 3330 4197 aderit
3355 4144 3571 4202 abunde
3593 4152 3653 4202 et

2065 4233 2302 4301 largiter.
2343 4228 2514 4286 Nemo
2560 4237 2644 4287 est
2667 4231 2808 4286 enim
2838 4231 2974 4287 adeo
3002 4231 3178 4287 clarus
3223 4241 3278 4287 et
3307 4233 3559 4306 insignis,
3587 4242 3649 4293 ut

2070 4336 2391 4375 lltiSCl‘lCOl‘S.

2141 4414 2193 4468 6.
2221 4404 2284 4468 Et
2311 4413 2356 4469 si
2397 4413 2507 4481 vis,
2534 4413 2717 4482 accipe
2759 4428 2854 4469 eos
2878 4413 2966 4484 qui
3007 4413 3058 4469 in
3101 4414 3244 4470 circo
3267 4416 3396 4472 etin
3425 4415 3646 4477 theatris

2070 4515 2271 4562 temere
2306 4521 2400 4561 sua
2444 4516 2770 4561 consumunt
2801 4525 2817 4562 :
2845 4506 2948 4563 duc
2985 4507 3038 4561 in
3069 4509 3299 4565 medium
3338 4512 3645 4569 misericor-

2069 4599 2193 4653 dem
2215 4639 2229 4662 ,
2260 4606 2314 4652 et
2357 4606 2483 4652 tunc
2512 4596 2716 4652 videbis
2743 4605 2974 4667 quantus
3000 4599 3079 4652 sit'
3097 4582 3375 4670 utriusque
3403 4600 3606 4658 ll‘netus
3630 4621 3648 4669 ;

2069 4689 2336 4761 quomodo
2361 4703 2480 4744 eum
2508 4688 2721 4759 quidem
2749 4702 2937 4744 omnes
2962 4694 3218 4758 perpetuo
3248 4691 3459 4747 laudant
3484 4695 3651 4748 etad-

2073 4780 2351 4847 mirantur,
2369 4792 2705 4833 communem
2726 4788 2928 4848 patrem
2945 4786 3000 4834 et
3022 4788 3230 4850 poi-tum
3248 4782 3649 4840 existimantes:

2072 4872 2145 4926 illi
2176 4880 2354 4926 autem
2382 4886 2502 4926 cum
2532 4871 2620 4925 illa
2659 4871 2833 4924 solum
2859 4869 2946 4925 die
2976 4870 3280 4941 importuno
3314 4872 3542 4942 quodam
3592 4880 3647 4927 et

2076 4964 2359 5021 temerario
2406 4967 2606 5033 impetu
2653 4962 3049 5035 applauscrint,
3085 4973 3264 5032 postea
3295 4963 3653 5017 criminantur

2075 5070 2127 5110 ut
2148 5055 2419 5112 crudelem
2434 5062 2488 5111 et
2507 5054 2873 5120 inhumanum,
2897 5062 2953 5108 ut
2980 5052 3151 5108 inanis
3173 5053 3354 5122 gloriae
3375 5053 3648 5122 cupidum,

2075 5159 2132 5203 ut
2157 5143 2578 5218 intemperantiae
2605 5146 2932 5213 ministrum;
2957 5154 3012 5201 et
3036 5158 3255 5199 servum
3270 5132 3647 5214 improbitatis.

2073 5239 2177 5297 Sed
2205 5247 2261 5295 et
2304 5239 2349 5294 si
2393 5238 2448 5293 in
2490 5238 2837 5293 conventibus
2866 5235 3186 5306 quandoque
3223 5234 3295 5290 de
3319 5235 3484 5290 rebus
3505 5236 3654 5305 ejus-

2078 5330 2221 5385 modi
2273 5330 2464 5399 agitur,
2493 5327 2707 5384 illorum
2751 5326 2964 5397 quidem
3012 5333 3267 5381 notantur
3292 5336 3571 5396 sumptus,
3600 5336 3656 5385 et

2078 5421 2540 5493 reprehenduntur
2559 5421 2847 5491 impensae;
2883 5420 2981 5474 hos
3009 5425 3186 5474 autem
3217 5431 3377 5473 nemo
3412 5428 3495 5474 est
3521 5419 3656 5475 adeo

2143 5628 2160 5658 ι
2196 5632 2342 5687 neg.,
2375 5619 2562 5685 optimis
2593 5633 2706 5671 usus
2737 5624 2808 5670 est
2841 5614 3164 5687 dictionibus;
3198 5617 3289 5668 sed
3327 5618 3499 5671 melior
3528 5618 3657 5674 Editi

2084 5689 2231 5741 lectio
2256 5677 2347 5747 Est,
2372 5677 2658 5749 quamquam
2683 5691 2846 5747 posset
2870 5682 3014 5733 etiam
3037 5677 3118 5732 illa
3140 5687 3288 5762 stare.
