4114 6278
437 261 543 316 2M

436 375 714 446 impudens
740 369 791 426 ei
817 372 1108 425 sceleratus
1129 411 1142 428 .
1176 369 1261 438 qui
1293 365 1499 420 etiamsi
1525 365 1593 419 sit
1615 363 1802 418 millies
1823 343 2014 416 erude-

435 471 499 524 lis
525 477 577 523 et
608 466 949 540 inhumanus,-
980 478 1083 514 non
1117 435 1294 513 laudet
1321 469 1372 512 et
1399 458 1723 511 admiretur.-
1743 435 2016 521 Ejusmodi

437 565 577 617 enim
607 563 690 612 res
721 554 804 610 est
830 553 1027 618 virttis,
1058 561 1114 605 ut
1141 553 1300 605 etiam
1327 549 1394 603 ab
1419 549 1480 601 iis
1507 547 1596 615 qui
1628 545 1766 598 illam
1799 558 1902 596 not-
1931 554 2017 595 se“-

433 645 666 724 quunlur
710 628 948 702 laudetur
978 663 990 697 :
1023 642 1465 712 quemadmodum
1505 638 1687 691 vilium
1737 636 1802 688 iis
1857 633 2017 686 etiam

433 723 522 812 qui
553 741 600 794 ei
632 749 753 792 sunt
783 737 944 791 dediti
967 776 979 794 ,
1016 736 1084 787 sit
1114 747 1337 786 exosum
1366 738 1419 783 et
1468 726 1882 796 reprehensione
1910 723 2022 790 ple-

437 849 583 887 num.
616 829 793 898 Itaque
817 828 933 880 illos
954 823 1164 893 quidem
1189 836 1288 875 nec
1316 820 1349 874 ii
1377 819 1465 889 qui
1489 818 1753 885 accipiunt
1774 814 1982 867 laudant
2002 853 2016 875 ,

435 921 743 975 nierclrices
767 961 780 984 ,
815 919 1024 984 inquam
1052 954 1066 977 ,
1097 914 1294 982 auriga:
1323 953 1337 976 ,
1368 919 1422 965 et
1447 910 1725 963 saltatores
1747 947 1762 972 ,
1805 905 1895 958 sed
1928 919 2021 957 eos

433 1017 595 1070 etiam
624 1013 950 1066 insectantur
982 1025 993 1060 :
1024 1006 1162 1059 hunc
1194 1005 1368 1057 autem
1415 1016 1519 1055 non
1559 999 1729 1052 solum
1759 1008 2019 1065 pauperes

434 1103 521 1176 qui
550 1111 889 1172 acet-perunt,
923 1083 1014 1153 sed
1048 1097 1080 1149 ii
1105 1077 1262 1149 etiam
1286 1093 1350 1172 ad
1375 1107 1507 1162 quos
1536 1088 1662 1142 nihil
1687 1086 1840 1141 rediit
1869 1089 1940 1140 ex‘
1962 1084 2021 1136 li-

438 1167 712 1251 beralitate
738 1204 924 1244 omnes
945 1177 1275 1242 tniral-uutur
1298 1167 1350 1236 et
1380 1180 1647 1233 amabunt.
1673 1177 1759 1231 l0.
1783 1174 2022 1228 Peccator

435 1287 614 1342 rizlebit
645 1296 690 1340 et
719 1289 960 1337 irascetur
982 1277 1242 1333 .‘deutibus
1270 1273 1374 1327 suis
1401 1273 1574 1340 fremet
1602 1277 1647 1321 et
1678 1264 2023 1320 tabescet.Ta-

436 1380 502 1434 iis
531 1393 616 1433 res
645 1385 728 1431 est
758 1365 924 1426 virtus
947 1387 960 1423 :
982 1369 1108 1422 vitio
1133 1364 1304 1436 gravis
1325 1373 1378 1417 et
1411 1355 1648 1414 molesta.
1670 1353 2024 1425 Quemad'nnoa

434 1471 560 1521 dum
588 1467 726 1522 enim
760 1446 894 1538 ignis
923 1459 1168 1514 accendit
1199 1455 1401 1525 Spiuas,
1436 1449 1504 1506 ila
1536 1449 1692 1504 etiam
1726 1441 2022 1515 benignitas

435 1560 638 1614 {credes
665 1536 907 1610 lietuines
938 1553 1109 1605 irritat
1140 1565 1152 1599 :
1186 1563 1248 1602 ea
1278 1545 1419 1601 enim
1464 1541 1672 1596 illorum
1714 1536 2020 1605 improbita-

436 1663 540 1705 tem
573 1631 913 1716 reprehendit
937 1655 988 1696 et
1017 1641 1255 1694 accusat.
1286 1635 1390 1691 Sed
1443 1632 1561 1686 vide
1606 1636 1725 1685 e'um
1750 1671 1763 1694 ,
1809 1643 1874 1680 ne
1902 1628 2021 1680 cum

435 1714 874 1807 itividiaqttidem
913 1728 1204 1807 extabescit
1229 1766 1244 1792 ,
1273 1714 1469 1779 audere
1507 1734 1761 1774 accusare
1784 1760 1798 1782 ,
1831 1729 1880 1772 et
1911 1717 2025 1771 cla-

437 1829 554 1886 rhm
583 1827 788 1882 virtutis
825 1825 1097 1892 aspectum
1131 1803 1350 1878 iulderi,
1380 1813 1473 1868 sed
1502 1815 1686 1866 mente
1715 1808 1927 1879 quidem
1959 1805 2021 1860 li-

437 1917 714 1991 quescere,
743 1928 796 1970 et
820 1902 1067 1971 dentibus
1096 1911 1336 1965 dolorem
1362 1905 1665 1970 ostendere,
1692 1909 1795 1957 non
1826 1901 2025 1956 audere

436 2009 505 2066 an
523 2018 615 2064 'em
639 1992 855 2063 verbum
881 2003 1138 2074 proferre,
1154 2000 1246 2055 sed
1281 1998 1480 2053 tantiim
1503 1998 1619 2065 angi
1639 2005 1691 2049 et
1710 1992 2021 2048 exeruciari.

524 2087 638 2155 i'itit’
667 2083 890 2170 fmditas,‘
920 2079 1114 2148 virtutis
1140 2083 1398 2159 splendor.
1421 2117 1493 2128 ——
1522 2088 1649 2140 Tale
1677 2094 1758 2140 est
1776 2085 1915 2139 enim
1945 2084 2027 2136 'vi.-.

448 2187 582 2248 lium
611 2210 624 2247 :
648 2188 854 2244 etiamsi
878 2185 941 2240 ad
972 2186 1082 2254 ipsa
1117 2191 1322 2250 sceptra
1346 2177 1664 2242 ascenderit,
1697 2177 1911 2243 etjuxta
1934 2190 2025 2228 eos

437 2301 464 2339 δ
488 2277 664 2347 etet-it,
687 2279 913 2353 quorum
940 2286 1061 2331 sunt
1079 2276 1246 2345 capita
1264 2275 1434 2328 cincta
1461 2271 1777 2332 diademate,
1796 2274 1877 2324 est
1899 2282 2020 2320 om-

438 2379 582 2431 nium
605 2372 1035 2443 ahjectissimum,
1065 2377 1119 2422 et
1139 2367 1366 2420 maxime
1407 2362 1832 2425 formidolowm,
1863 2369 1916 2413 et
1953 2358 2026 2412 si-

440 2465 565 2522 iiiile
591 2476 669 2521 est
692 2463 846 2517 alicui
867 2459 1105 2530 strepitui
1131 2473 1191 2511 ac
1209 2455 1472 2514 tumultui,
1493 2461 1545 2508 et
1566 2453 1695 2505 mari
1722 2448 2024 2512 insanienti,

439 2551 646 2615 etiarnsi
672 2550 739 2611 sit
767 2556 991 2609 maxima
1010 2553 1257 2620 stipatum
1279 2545 1512 2619 potentia
1536 2563 1549 2598 :
1573 2542 2020 2614 quemadmodum

441 2633 611 2706 virtus
656 2667 686 2704 e
730 2645 1015 2702 ebuli‘ario.
1045 2642 1176 2696 Nam
1224 2640 1346 2695 licet
1376 2638 1441 2692 ad
1483 2646 1775 2692 extremam
1807 2633 2018 2687 redacta

441 2746 510 2798 sit
540 2739 789 2811 inopiam,
824 2749 877 2792 et
902 2718 970 2790 sit
1000 2716 1052 2790 in
1083 2735 1194 2803 ipso
1224 2745 1470 2796 carcere,
1501 2737 1583 2783 est
1611 2726 1823 2796 regibus
1852 2724 2031 2794 splen-

441 2816 639 2901 didior,
665 2827 960 2900 inaguaque
983 2826 1170 2881 fruitur
1194 2822 1501 2884 Securitate,
1525 2834 1587 2874 ac
1612 2817 1762 2871 sedet
1792 2817 1844 2868 in
1875 2823 2029 2883 portu

443 2905 605 2979 nullis
650 2922 848 2992 agitato
879 2910 1153 2978 ﬂuetibus,
1187 2929 1292 2966 non
1350 2910 1508 2963 modo
1547 2907 1674 2962 nihil
1721 2908 1926 2975 patiens
1961 2905 2030 2958 ab

444 2990 722 3087 improbis,
741 2994 833 3064 sed
856 3009 939 3063 Vel
966 3009 1079 3077 ipso
1099 3004 1311 3059 silentio
1333 2990 1513 3054 ulcisci
1531 2996 1716 3066 pote'ns
1735 2994 2026 3064 improbus,

443 3116 498 3166 Et
528 3085 615 3162 Vde
668 3099 1003 3174 improbitate
1050 3095 1320 3152 eXtremas
1370 3093 1556 3161 pinnas
1607 3088 1844 3158 exigens.
1893 3085 2031 3153 Quid

457 3199 598 3253 enim
632 3177 878 3251 πήξει-ἴω
906 3174 1120 3246 homine
1149 3201 1269 3241 esse
1313 3192 1522 3254 potest,
1552 3174 1647 3248 qui
1673 3179 1792 3232 vivit
1831 3178 1881 3230 in
1909 3191 2030 3232 sce-

448 3290 580 3355 lere,
611 3271 822 3357 quando
855 3293 1201 3353 pra‘terquam
1225 3274 1364 3347 quod
1405 3271 1603 3328 seriiat
1626 3269 1861 3338 pecuniis
1881 3309 1894 3332 ,
1927 3283 2032 3322 crc-

444 3392 788 3448 terurumque
819 3363 1026 3429 laudem
1053 3385 1200 3425 suam
1232 3365 1442 3437 poenam
1465 3363 1766 3427 existimat,
1789 3369 1842 3413 et
1863 3360 1975 3429 ipse
2001 3372 2032 3413 a

449 3472 629 3543 Seipso
655 3447 968 3538 supplicium
997 3463 1187 3532 exigit,
1217 3474 1365 3513 suam
1388 3447 1766 3510 conscientiam
1790 3451 2030 3513 lanians,

451 3570 686 3619 tuentem
715 3555 1044 3617 excrucians,
1068 3565 1120 3606 et
1150 3550 1382 3619 seipsum
1413 3532 1514 3600 sibi
1544 3541 1846 3598 Carniﬁcem
1877 3539 2029 3594 exhi-

457 3653 632 3708 bens?
663 3648 846 3703 \‘idisti
878 3645 1084 3698 virtutis
1114 3636 1480 3697 excellentiam
1511 3645 1564 3690 et
1590 3624 1917 3704 potentiam?
1948 3631 2028 3685 \i-

453 3745 575 3800 disti
601 3739 1012 3797 imbecillitatem
1036 3742 1090 3788 et
1115 3731 1380 3786 miseriam
1409 3724 1694 3798 nequitite?
1721 3722 1824 3778 Sed
1854 3738 1960 3777 non
1983 3721 2035 3776 iii

457 3819 558 3893 lloc
583 3836 697 3891 solo
722 3834 838 3903 ejus
883 3826 1124 3885 consistit
1152 3822 1422 3879 calamitas
1448 3861 1462 3884 ,
1488 3817 1582 3874 sed
1613 3818 1772 3871 etiam
1819 3815 1871 3868 in
1917 3815 2036 3869 aliis

457 3916 732 4004 pluribus:
762 3925 900 4004 quod
941 3925 1111 3994 ipsum
1151 3932 1359 3989 quoque
1385 3904 1687 3985 signiﬁcans
1726 3908 2036 3978 subiunxit,

455 3997 640 4079 ilicens
665 4040 680 4076 :
709 3997 1021 4074 Desiderium
1049 4023 1366 4085 peccatorum
1397 4007 1590 4078 peribit.
1623 4003 1759 4073 Quid
1787 4012 1866 4058 est
1886 4043 1901 4068 ,
1934 3997 2038 4056 De-

456 4098 694 4170 sirlcrium
731 4111 1048 4182 pactam-um
1084 4101 1304 4176 peribit?
1329 4100 1647 4168 Numquam,
1674 4095 1860 4164 inquit,
1893 4091 2037 4146 sisti-

462 4197 566 4262 iur.
595 4194 726 4274 Quia
750 4201 890 4259 enim
917 4205 1126 4274 “eaqua:
1169 4193 1437 4250 desiderat
1458 4234 1472 4257 ,
1496 4200 1616 4244 sunt
1648 4187 1786 4241 lluxa
1823 4193 1877 4239 et
1902 4200 2036 4253 prce-

463 4273 830 4359 iereurrentia,
852 4273 1173 4346 desiderium
1195 4283 1406 4355 quoque
1433 4284 1519 4336 res
1540 4280 1794 4341 imitatur,
1817 4284 1872 4330 ut
1900 4273 2038 4344 quod

460 4391 824 4456 exstiuguatur
863 4393 917 4436 et
957 4388 1175 4451 pereat,
1204 4385 1261 4432 et
1303 4375 1497 4428 nullam
1546 4370 1775 4424 radicem
1826 4365 2038 4419 habeat.

461 4481 614 4550 Quod
646 4482 687 4533 si
713 4472 832 4532 latis
857 4485 940 4531 est
963 4457 1050 4528 hic
1077 4469 1369 4542 peccatoris
1395 4475 1562 4519 status
1579 4504 1592 4525 ,
1624 4461 1794 4530 cogita
1813 4462 2042 4529 Quonam

464 4555 626 4630 modo
653 4587 711 4626 se
736 4567 950 4624 habebit
979 4567 1029 4618 in
1077 4564 1252 4616 loturo
1283 4557 1496 4612 stecolo.
1534 4555 1610 4610 Ne
1648 4553 1762 4607 haec
1790 4555 1918 4622 ergo
1947 4563 2008 4619 p2

465 4667 682 4723 tiutnur,
715 4659 850 4712 hanc
881 4657 1016 4709 viam
1048 4653 1310 4722 fugiamus
1331 4690 1346 4716 ,
1378 4647 1522 4700 illam
1552 4645 1810 4714 eligamus
1833 4682 1849 4708 ,
1877 4641 1928 4695 in
1958 4633 2044 4692 illa

467 4763 724 4830 perpetuo
752 4748 1073 4822 gradiantur,
1105 4753 1214 4799 tuta
1235 4785 1250 4807 ,
1280 4737 1690 4809 inexpugnabili,
1718 4736 1867 4805 plena
1894 4733 2043 4786 volu-

465 4848 649 4923 ptatis,
675 4860 794 4916 qua:
837 4839 1029 4896 referta
1053 4847 1138 4914 est
1159 4836 1324 4919 gloria
1345 4873 1360 4898 ,
1392 4847 1509 4900 qua:
1535 4829 1721 4882 cadum
1766 4825 1920 4879 nobis
1954 4839 2046 4876 ac-

463 4917 653 5013 quirit,
676 4934 796 5008 qua:
826 4934 878 4987 in
903 4929 1151 5012 omnibus
1173 4917 1265 4980 Dei
1295 4923 1447 4977 nobis
1474 4917 1892 4976 benevolentiam
1921 4932 2049 4969 con-

467 5033 632 5097 ciliat,
663 5043 782 5100 qua:
809 5025 934 5080 facit
977 5029 1034 5076 tit
1079 5015 1531 5090 philosmihetnur,
1564 5026 1678 5080 qum
1709 5020 1783 5061 tot
1825 5018 1877 5062 et
1907 5016 2049 5060 tanta

471 5128 525 5181 iii
553 5133 610 5179 Se
640 5099 774 5177 bona
801 5117 1036 5174 continet
1055 5156 1068 5179 ,
1100 5119 1291 5182 quanta
1342 5123 1408 5160 ne
1449 5115 1618 5157 oratio
1644 5100 1856 5172 quidem
1884 5099 2050 5168 expli-

467 5216 592 5274 care
614 5209 807 5287 poterit
833 5230 844 5264 :
877 5225 996 5286 qua:
1021 5189 1177 5262 detur
1204 5201 1450 5257 omnibus
1478 5196 1630 5252 uehis
1651 5193 1906 5262 consepti
1931 5208 2051 5264 gra-

470 5307 541 5364 tia
562 5309 620 5362 ibt
649 5298 1010 5360 misericordia
1029 5339 1043 5361 ,
1067 5305 1170 5350 etc.

948 5410 1013 5467 ΙΝ
1054 5402 1370 5464 i’SALMUM
1411 5398 1566 5456 CXII.

471 5512 521 5569 l.
571 5491 814 5571 laudate,
849 5503 1012 5574 pueri,
1055 5499 1347 5558 Dominum,
1388 5493 1591 5547 laudate
1617 5503 1796 5542 nomen
1826 5471 2048 5538 Domini.

541 5625 594 5678 l.
621 5621 762 5675 tam
807 5617 904 5674 Dei
945 5614 1067 5686 quid
1111 5608 1416 5681 diﬁicultatis
1446 5605 1658 5667 habeat;
1709 5615 1889 5655 nomen
1945 5595 2051 5648 Do-

476 5714 597 5771 mini
642 5718 731 5785 per
780 5717 867 5765 ne:
915 5720 965 5762 ut
1005 5703 1412 5777 glorificandum.
1471 5728 1539 5739 εν-
1585 5695 1759 5751 Multae
1803 5693 1858 5747 in
1897 5689 2045 5746 Scri-

1143 255 1199 310 S.
1241 251 1519 308 JUANNIS
1556 245 2032 304 CllRYSOSTUMl
2071 243 2390 322 AllGlllEP.
2431 241 2969 301 CONSTANTl-NOP.

3609 245 3715 300 330

2127 359 2298 429 pluris
2371 358 2673 438 huiusmodi
2743 357 2926 412 laudes
2995 366 3487 412 commemorantur
3543 374 3555 408 :
3608 372 3713 408 non

2123 462 2205 505 est
2249 451 2390 529 enim
2435 432 2560 520 quid
2613 448 2728 503 leve
2759 490 2772 511 ,
2846 436 2938 502 sed
3014 432 3332 502 sacrificium
3395 445 3659 516 quoddam
3697 487 3712 508 ,

2125 544 2180 596 ει
2237 542 2436 596 oblatio
2491 541 2600 594 Deo
2623 549 2840 609 accepta
2892 559 2906 592 :
2951 537 3470 605 Sdcriﬁciumcuitn,
3525 537 3713 606 inquit,

2125 633 2294 688 laudis
2347 633 2650 704 gloriﬁcabit
2704 649 2781 686 nte
2839 622 3012 702 (Psal.
3070 631 3156 685 49.
3209 632 3326 700 25).
3385 631 3449 684 Et
3481 632 3711 683 rtirsiis:

2127 707 2366 779 Laudabo
2415 742 2594 778 nomen
2643 723 2737 777 Dei
2783 725 2880 777 mei
2929 739 3044 776 cum
3090 723 3327 787 cantico,
3376 716 3716 792 magni/icabo

2123 818 2291 887 ipsum
2319 819 2369 870 in
2402 805 2552 870 laude
2579 834 2596 869 :
2627 825 2673 869 et
2714 809 2924 884 placebit
2963 814 3071 868 Deo
3113 831 3264 880 super
3297 813 3502 866 uitulum
3544 816 3716 866 uouet-

2128 909 2256 970 lum,
2309 917 2503 960 cornua
2545 907 2900 976 pro'duceutem
2939 914 2986 958 et
3025 904 3245 974 ungulas
3288 901 3476 973 (I’sal.
3507 900 3592 957 68.
3623 904 3715 956 3|.

2126 997 2238 1065 δίε).
2269 997 2416 1053 Sacri
2468 1005 2681 1066 quoque
2731 979 2846 1048 libri
2902 994 2950 1047 id
2997 1009 3139 1063 sa‘pe
3184 991 3516 1063 principium,
3545 991 3599 1046 el
3625 994 3716 1058 qui

2127 1098 2425 1152 servantur,
2471 1103 2567 1156 pro
2612 1086 2816 1156 magnis
2851 1084 3136 1153 gratiarum
3177 1083 3471 1136 a‘eioaihus
3508 1082 3557 1135 id
3585 1083 3718 1136 olle-

2126 1188 2266 1232 runt.
2317 1179 2382 1230 Et
2406 1193 2689 1248 quamnam
2721 1176 2901 1239 habet,
2933 1176 3159 1244 inquies,
3192 1175 3292 1229 hoc
3317 1167 3716 1228 difﬁcultatem?

2125 1272 2206 1325 cui
2239 1279 2414 1323 autem
2444 1269 2525 1323 vel
2564 1267 2780 1322 humilis
2820 1278 2874 1321 et
2903 1267 3124 1334 abiecta:
3151 1265 3470 1320 conditionis
3497 1267 3546 1318 id
3581 1282 3716 1333 prae-

2125 1372 2286 1427 stare,
2316 1371 2369 1416 et
2415 1363 2582 1416 Deum
2615 1359 2831 1416 laudare
2859 1375 2964 1413 non
2993 1370 3073 1412 est
3102 1356 3298 1413 facile?
3345 1346 3402 1414 Si
3449 1365 3560 1414 rem
3595 1358 3718 1413 dili-

2123 1461 2313 1523 genter
2343 1461 2398 1508 et
2425 1461 2611 1507 exacte
2654 1451 2924 1511 didiceris,
2971 1448 3177 1503 videbis
3206 1461 3258 1502 et
3283 1450 3515 1503 laborem
3546 1449 3633 1518 qui
3664 1451 3716 1501 in

2127 1560 2184 1598 re
2206 1545 2385 1624 inest,
2413 1553 2465 1597 et
2517 1543 2718 1596 lucrum
2765 1541 2903 1610 quod
2933 1556 2998 1594 ex
3029 1556 3088 1594 ea
3121 1533 3428 1610 percipitur.
3478 1539 3716 1593 Primum

2126 1637 2340 1708 quidem
2378 1623 2490 1689 luce
2517 1629 2632 1688 laus
2659 1650 2685 1686 a
2712 1633 2869 1703 justis
2898 1634 3206 1701 requiritur,
3235 1643 3286 1687 et
3316 1642 3529 1701 Oportet
3549 1633 3708 1686 vitam

2135 1731 2279 1800 prius
2318 1731 2465 1785 recte
2505 1725 2906 1789 insiituentetn,
2955 1725 3183 1795 hymnos
3229 1725 3298 1778 ita
3349 1727 3456 1778 Deo
3503 1740 3715 1778 canere.

2130 1821 2251 1875 Non
2283 1830 2355 1875 est
2401 1820 2534 1874 enim
2581 1818 2796 1890 pulchra
2840 1817 2950 1870 laus
2988 1817 3039 1868 in
3077 1832 3162 1868 ore
3194 1817 3470 1885 peccatoris
3511 1803 3712 1887 (Eccli.

2129 1917 2216 1971 15.
2250 1915 2328 1987 9).
2379 1914 2626 1970 Secundo
2653 1929 2757 1968 non
2785 1912 2960 1967 verbis
2986 1912 3181 1975 solum,
3231 1909 3324 1963 sed
3366 1907 3525 1962 etiam
3568 1907 3720 1961 factis

2129 2009 2344 2064 laudare
2385 2015 2616 2079 Oportet,
2667 2016 2722 2060 et
2766 2005 2899 2058 hanc
2947 2003 3152 2057 Iaudem
3196 2002 3332 2054 Deus
3381 2000 3609 2054 maxime
3640 2013 3722 2052 re-

2129 2101 2309 2171 quirit,
2349 2088 2486 2153 hanc
2529 2098 2749 2168 gloriam
2783 2115 2794 2150 :
2825 2081 3012 2148 Luceat
3053 2094 3216 2155 enim,
3265 2091 3459 2160 inquit,
3509 2092 3598 2143 lux
3638 2105 3721 2142 ve-

2129 2205 2234 2248 stra
2273 2208 2442 2246 coram
2477 2175 2780 2254 hominibus,
2827 2198 2877 2240 ut
2920 2174 3118 2240 rideant
3159 2199 3312 2254 Opera
3360 2192 3518 2234 vestra
3557 2179 3711 2243 bona,

2133 2296 2179 2340 et
2228 2284 2510 2355 gloriﬁcent
2537 2265 2744 2334 Patrem
2795 2289 3014 2332 vestrum
3043 2277 3127 2347 qui
3153 2285 3225 2328 est
3253 2275 3304 2326 in
3334 2274 3468 2326 clelis
3499 2271 3720 2343 (Matth.

2130 2365 2184 2432 5.
2233 2377 2344 2446 16).
2393 2374 2466 2428 lla
2513 2370 2729 2428 laudant
2775 2357 3083 2442 Cheruhim.
3133 2367 3392 2434 Quocirca
3436 2363 3721 2446 propheta

2135 2482 2346 2539 quoque
2387 2480 2505 2519 cum
2539 2449 2680 2517 illam
2706 2462 2980 2532 mysticam
3012 2458 3244 2512 audisset
3275 2442 3576 2520 melodiatn,
3635 2468 3725 2506 sc-

2131 2537 2301 2628 ipsum
2345 2559 2598 2613 miserum
2656 2554 2907 2625 praedicat
2949 2552 3133 2606 dicens
3185 2567 3198 2602 :
3251 2537 3352 2602 Hei
3395 2547 3538 2612 mihi,
3585 2537 3724 2618 quod

2133 2654 2280 2708 homo
2309 2667 2440 2714 sum,
2489 2651 2691 2712 impura
2728 2630 2914 2700 habens
2952 2639 3106 2710 labia,
3152 2641 3198 2696 et
3237 2641 3404 2694 habito
3451 2641 3504 2694 in
3558 2638 3726 2692 medio

2133 2743 2307 2814 populi
2345 2743 2547 2811 impura
2594 2731 2729 2793 labia
2770 2737 2997 2814 habentis
3065 2735 3083 2803 (
3107 2719 3235 2788 Isai.
3265 2732 3316 2787 6.
3346 2729 3440 2804 5).
3497 2731 3562 2784 Et
3605 2729 3726 2784 ideo

2131 2851 2251 2890 eum
2313 2832 2556 2902 pra-cipit
2603 2829 2786 2884 laudes
2830 2813 3046 2891 oll‘errc,
3095 2826 3275 2896 incipit
3303 2840 3331 2876 a
3361 2823 3726 2893 superioribus

2141 2925 2514 2996 potestatibus,
2568 2923 2648 2977 sic
2686 2923 2870 2976 dicens
2905 2939 2918 2975 :
2951 2907 3176 2996 Laudare
3220 2904 3492 2971 Dominum
3529 2913 3592 2968 de
3627 2928 3727 2967 ca:s

2133 2994 2216 3086 lis,
2265 3017 2470 3070 latrante
2505 3031 2618 3068 eum
2658 3029 2828 3068 omnes
2857 2995 3024 3083 angeli
3057 3011 3168 3080 ejus
3212 3007 3378 3086 (Psal.
3411 2994 3532 3061 “8.
3564 3007 3614 3059 l.
3641 3004 3721 3072 2).

2133 3111 2353 3182 Oportet
2382 3109 2558 3177 itaque
2597 3105 2840 3176 angelum
2887 3102 3022 3168 ﬁeri,
3054 3112 3107 3156 et
3129 3101 3198 3154 ita
3227 3085 3461 3153 laudare.
3488 3096 3564 3152 Ne
3593 3098 3723 3165 ergo

2135 3202 2272 3256 hanc
2305 3200 2514 3254 laudem
2545 3213 2657 3254 rem
2694 3211 2814 3252 esse
2842 3196 3012 3250 levem
3041 3193 3406 3248 existimemus
3436 3207 3450 3244 :
3481 3188 3575 3244 sed
3601 3193 3726 3243 ante

2135 3308 2197 3348 os
2227 3303 2468 3367 nostrum
2499 3291 2605 3343 vita
2633 3298 2812 3344 nostra
2850 3287 3018 3357 ipsam
3063 3290 3239 3348 sonet,
3283 3291 3440 3352 atque
3470 3291 3591 3335 ante
3626 3280 3726 3333 lio-

2136 3399 2291 3454 gnam
2319 3385 2440 3435 vita:
2467 3381 2764 3436 institutum
2793 3378 3008 3432 clamet.
3039 3375 3110 3429 Ita
3134 3374 3346 3445 quidem
3377 3373 3457 3426 vel
3490 3378 3726 3425 tacentes

2140 3475 2302 3529 Deum
2349 3471 2568 3526 laudare
2609 3483 2936 3539 possumus:
2970 3468 3038 3521 ita
3083 3466 3242 3521 etiam
3284 3465 3558 3533 loquentes
3599 3463 3728 3517 ede-

2140 3579 2260 3619 mus
2288 3561 2704 3617 modulationem
2735 3559 2855 3612 vitae
2883 3556 3310 3612 convenientem.
3355 3553 3470 3607 Non
3499 3552 3601 3606 hoc
3629 3567 3728 3606 all-‘-

2141 3665 2246 3711 tem
2294 3654 2465 3709 solum
2509 3665 2574 3707 ex
2607 3651 2817 3705 Psalmo
2861 3650 3040 3704 dicere
3083 3661 3388 3718 possumus,
3440 3644 3535 3700 sed
3562 3645 3723 3699 etiam

2140 3746 2282 3819 quod
2311 3759 2498 3801 omnes
2527 3742 2686 3798 ducat
2711 3741 2778 3796 ad
2807 3740 3202 3814 symphoniam,
3249 3748 3302 3793 et
3337 3737 3558 3793 chorum
3590 3736 3726 3790 inte-

2143 3856 2298 3912 grum
2362 3847 2578 3894 statuat;
2654 3837 2767 3891 Non
2818 3835 2957 3889 enim
3008 3849 3168 3888 unum
3210 3842 3409 3887 tantum
3457 3839 3548 3883 aut
3589 3828 3725 3884 duos

2141 3931 2446 4000 alloquitur,
2489 3927 2584 3984 sed
2629 3927 2928 3981 universum
2972 3923 3245 3994 populum.
3286 3919 3722 3990 thuemadmo-

2141 4025 2268 4077 dum
2315 4021 2554 4076 Christus
2597 4032 2697 4072 nos
2731 4016 3000 4070 deducens
3049 4005 3116 4068 ad
3164 4013 3437 4067 caritatem
3496 4019 3552 4066 et
3598 4025 3729 4064 con-

2143 4107 2377 4170 eoi-diam
2405 4153 2420 4176 ,
2471 4111 2619 4180 jubet
2682 4121 2993 4163 communes
3045 4113 3230 4174 preces
3298 4102 3517 4164 oil‘erri,
3552 4110 3606 4155 et
3661 4099 3728 4153 ab

2147 4205 2396 4260 universa
2446 4199 2679 4256 Ec‘cl‘ésia
2729 4202 2997 4265 tamquam
3054 4181 3120 4249 ali
3160 4201 3262 4248 una
3305 4208 3528 4261 persona
3574 4190 3673 4244 dici
3705 4229 3722 4254 ,

2149 4295 2302 4349 Pater
2351 4303 2518 4347 noster
2561 4306 2582 4346 :
2630 4300 2718 4353 et,
2768 4270 2956 4341 Panem
3001 4285 3228 4339 nostriln‘t
3272 4272 3617 4353 quatidiauum
3660 4282 3729 4332 da

2147 4389 2290 4444 nobis
2341 4385 2491 4439 hodie
2519 4401 2536 4436 :
2568 4394 2656 4448 et,
2705 4365 2915 4434 Dimitte
2968 4372 3109 4430 nobis
3151 4363 3314 4429 debita
3356 4383 3544 4437 nostra,
3597 4371 3728 4425 sicut

2149 4491 2196 4536 e'
2239 4495 2330 4532 nos
2369 4475 2708 4529 dimittimus:
2746 4481 2792 4525 et
2831 4486 2891 4523 ne
2918 4486 3007 4522 nos
3028 4470 3239 4521 inducas
3282 4467 3332 4518 in
3379 4467 3725 4528 tentatiouem,

2148 4571 2236 4628 πά
2278 4552 2434 4623 libera
2485 4578 2575 4620 nos
2618 4580 2648 4616 a
2687 4561 2821 4616 maia
2851 4560 3062 4633 (Matth.
3108 4558 3161 4613 6.
3205 4557 3258 4612 9.
3304 4557 3385 4610 ll.
3439 4555 3526 4609 12.
3574 4555 3660 4619 l3)
3709 4569 3723 4604 :

2151 4663 2347 4732 ubique
2403 4661 2561 4714 't'ttens
2607 4654 2794 4726 plurali
2840 4653 3083 4714 nomine,
3136 4658 3190 4702 et
3243 4646 3554 4716 pra‘cipiens
3610 4643 3730 4697 uui-

2152 4753 2361 4822 cuiqne,
2408 4750 2520 4803 sive
2569 4745 2714 4800 solus
2755 4746 2892 4807 Oret,
2934 4742 3044 4795 sive
3089 4755 3208 4794 cum
3239 4737 3377 4797 aliis,
3417 4750 3512 4805 pro
3555 4732 3733 4786 fratri-

2153 4843 2252 4898 bus
2293 4841 2488 4894 σηιξη-θ
2537 4839 2832 4891 oratiOuem
2871 4834 2887 4886 ':
2940 4831 3010 4886 ita
3059 4830 3218 4884 etiam
3279 4825 3534 4897 propheta
3578 4827 3735 4876 vocat

2153 4943 2344 4989 Omnes
2372 4929 2527 5005 simul
2555 4928 2620 4980 ad
2649 4925 2963 5005 concentum
2991 4920 3270 4984 orationis,
3303 4928 3357 4972 et
3383 4916 3514 4971 dicit
3554 4932 3566 4967 :
3596 4913 3736 4966 Lau-

2155 5025 2274 5077 date
2298 5036 2477 5074 nomen
2500 5002 2723 5072 Domini.
2745 5014 2880 5081 Quid
2913 5013 3069 5083 igitur
3095 5011 3194 5064 sibi
3224 5010 3331 5063 vult
3364 5007 3477 5062 hanc
3504 5004 3737 5074 adjectio

2157 5110 2428 5170 nominis?
2471 5094 2694 5163 Maxime
2740 5105 2953 5174 quidem
2987 5092 3217 5168 expliCat
3267 5099 3599 5153 aﬂ'ectionetn
3656 5089 3739 5148 di-

2156 5205 2326 5260 centis
2376 5220 2390 5254 :
2437 5199 2700 5269 significat
2751 5197 2910 5250 etiam
2963 5193 3160 5262 aliquid
3211 5181 3376 5244 aliud.
3432 5186 3736 5254 Quidnam?

2160 5297 2232 5354 Ut
2279 5311 2470 5350 nomen
2516 5294 2632 5361 ejus
2664 5305 2757 5360 per
2798 5302 2898 5343 nes
2946 5285 3290 5357 gloriﬁcetur,
3337 5283 3393 5336 tit
3435 5291 3500 5334 ex
3557 5288 3738 5332 nostra

2161 5401 2373 5459 quoque
2414 5386 2516 5438 vita
2571 5367 2814 5436 videatur
2851 5377 3164 5435 laudabile:
3211 5369 3294 5429 est
3338 5373 3477 5426 enim
3524 5369 3737 5438 quidem

2160 5495 2348 5535 natura
2403 5479 2504 5530 tale
2551 5491 2566 5527 :
2614 5472 2724 5526 vult
2772 5482 2946 5524 autem
2998 5469 3135 5522 hanc
3168 5479 3378 5534 quoque
3407 5460 3612 5514 laudem
3647 5471 3744 5528 per

2162 5583 2359 5628 rectam
2405 5578 2600 5622 nostra:
2642 5566 2766 5618 vitm
2817 5561 3202 5615 institutionem
3233 5553 3502 5608 illustrari.
3575 5550 3637 5604 Et
3685 5557 3744 5601 ut

2161 5662 2299 5718 scias
2349 5659 2420 5714 ita
2471 5673 2609 5723 esse,
2661 5653 2780 5708 vide
2825 5667 2943 5721 qua:
2995 5646 3424 5718 consequuntur;
3475 5639 3746 5710 subiungit
