4114 6278
308 289 408 351 τω

308 413 451 464 enim
485 423 500 462 :
533 405 589 460 '3.
619 405 701 460 Sit
727 419 909 457 nomen
928 403 1135 457 Domini
1159 401 1498 469 benedictum,
1526 420 1587 458 ea
1616 404 1707 457 hoc
1736 418 1889 473 nunc,

307 504 355 557 et
385 517 544 571 usque
568 500 620 553 in
650 498 1053 564 saeuiumﬂuid
1074 497 1250 552 dicis?
1281 512 1385 550 non
1411 498 1510 552 erit
1536 497 1892 563 benedictum,

456 601 513 646 tu
561 598 807 659 precatus
855 589 972 644 sis?
1012 586 1177 644 Vides
1225 603 1349 644 eum
1399 604 1503 642 non
1533 587 1802 643 dicerede
1830 600 1895 645 ea

307 694 433 754 Qua:
476 683 553 736 illi
574 679 727 735 adein
749 678 1142 745 benedictione,
1173 687 1231 734 et
1252 689 1337 734 est
1356 679 1471 748 ejus
1512 688 1715 734 nam
1738 680 1893 733 attri~

312 776 462 840 litim,
498 773 588 828 sed
615 771 681 827 de
705 784 766 826 ea
794 783 915 840 qua:
944 770 1001 824 iit
1028 785 1121 839 per
1143 770 1423 825 homines?
1469 770 1662 824 Paulus
1680 782 1893 839 quoque

310 864 381 924 ibo
408 883 471 921 ω
495 865 737 921 aribcns
762 865 895 920 dicit.
923 881 937 917 :
972 862 1266 932 Glori/icate
1293 879 1406 916 vero
1427 862 1590 917 Deum
1609 862 1662 916 in
1685 877 1898 932 corpore

311 972 471 1015 oestro
511 967 559 1012 at
580 959 641 1012 in
671 957 856 1028 spiritu
890 965 1053 1009 castra
1092 956 1170 1024 (ι.
1212 953 1329 1009 Cor.
1377 955 1430 1009 ϐ.
1454 952 1570 1025 ‘20).
1621 953 1739 1023 Ipso
1763 966 1891 1022 ergo

306 1060 393 1108 est
413 1051 571 1114 altus,
602 1058 659 1102 et
686 1060 911 1118 magnus
932 1058 988 1103 et
1017 1046 1293 1101 laudabilis
1323 1060 1417 1114 per
1441 1045 1675 1115 seipsum
1699 1061 1715 1109 ;
1750 1043 1891 1114 apud

307 1144 555 1198 homines
583 1150 763 1196 autem
794 1139 919 1194 talis
940 1153 1152 1209 quoque
1181 1138 1429 1204 ci‘iicitur,
1480 1135 1692 1206 quando
1721 1135 1808 1204 qui
1839 1136 1889 1188 ei

304 1234 567 1299 serviunt,
597 1232 766 1287 talem
787 1232 947 1285 vitam
975 1229 1334 1292 ostenderint,
1367 1238 1425 1282 ut
1447 1228 1768 1298 quicumque
1793 1242 1886 1282 cos

305 1324 509 1389 vitlem,
549 1318 805 1378 laudibus.
838 1330 893 1377 et
936 1320 1391 1376 benedictionibus
1443 1320 1722 1373 Dominum
1766 1332 1888 1387 pre-

300 1427 618 1487 sequuntur.
663 1415 775 1469 [loc
821 1414 989 1482 ipsum
1035 1428 1133 1467 nos
1168 1426 1377 1482 quoque
1412 1411 1464 1465 in
1496 1410 1886 1478 precationibus

299 1505 460 1576 jussit
485 1505 743 1559 Dominus
768 1519 979 1572 semper
1019 1504 1197 1557 dicere
1220 1544 1235 1566 ,
1283 1511 1560 1571 precantes
1588 1520 1608 1574 ε⁷
1635 1502 1880 1571 Sanctiﬁ-

299 1608 445 1651 catus
488 1612 673 1649 iumen
707 1607 849 1649 tuum
900 1593 1111 1666 (lauta.
1142 1593 1176 1647 ϐ
1224 1593 1282 1661 9)
1314 1611 1329 1649 :
1363 1593 1463 1648 hoc
1492 1602 1592 1657 est,
1644 1593 1745 1647 Per
1790 1608 1886 1647 no-

299 1696 471 1742 stram
536 1702 745 1757 quoque
810 1686 972 1739 vitam
1032 1684 1372 1757 gloriﬁcetur.
1423 1684 1882 1753 Quemadmodum

299 1779 457 1833 enim
486 1777 631 1832 dum
663 1777 798 1831 male
839 1777 1082 1840 vivitms,
1113 1778 1450 1832 contumeliis
1473 1786 1527 1832 et
1550 1776 1761 1848 probris
1801 1777 1882 1831 al-

300 1868 484 1922 Iei‘tur
512 1884 526 1920 :
562 1868 630 1923 ita
659 1867 791 1921 dum
818 1867 1024 1922 virtutis
1059 1882 1242 1922 curam
1265 1868 1517 1939 gerimus,
1561 1869 1727 1939 gloria
1767 1870 1883 1923 alii-

298 1960 462 2025 eitur,
493 1958 849 2023 benedicitur,
877 1966 933 2012 et
956 1958 1335 2014 sanctiﬁcalur.
1380 1959 1532 2025 Quod
1573 1976 1699 2031 ergo
1729 1961 1877 2025 dicit,

297 2059 386 2104 est
429 2050 693 2119 ejusmmli
720 2068 734 2104 :
766 2048 871 2107 Fac
902 2059 963 2104 ut:
985 2065 1086 2104 nos
1112 2062 1366 2120 perpetuo
1396 2060 1540 2107 recte
1582 2062 1637 2106 et
1682 2067 1747 2107 ex
1776 2053 1882 2106 νίν-

298 2151 416 2197 tute
459 2144 719 2207 vivamus,
784 2152 846 2197 uti
893 2143 963 2196 sit
1011 2158 1203 2197 nomen
1242 2152 1386 2198 tuum
1441 2156 1539 2212 per
1577 2160 1675 2199 nos
1718 2145 1879 2199 etiam

293 2234 656 2289 lsi-ncilicttuu.
712 2235 767 2289 5.
817 2234 860 2288 A
887 2235 1009 2289 satis
1038 2244 1148 2288 ortu
1175 2251 1330 2305 usque
1356 2239 1429 2288 ad
1445 2251 1710 2303 occasum,
1761 2238 1881 2290 lun-

293 2326 463 2379 dttbt'be
514 2342 701 2379 nomen
742 2325 966 2379 Domini.
1018 2326 1183 2380 Vides
1229 2340 1361 2381 cum:
1402 2342 1592 2381 novam
1644 2328 1884 2383 exordiri

293 2418 698 2487 retupublieam,
748 2427 807 2472 eo
842 2419 1051 2487 aperire
1077 2418 1402 2472 nobilitatem
1429 2418 1717 2474 Ecclesiaz?
1759 2420 1883 2474 Non

293 2511 522 2579 amplius
565 2511 717 2564 enim
755 2509 816 2562 itr
867 2509 1144 2563 Palaestina
1186 2511 1378 2573 solum,
1431 2525 1532 2565 nec
1572 2511 1623 2564 in
1668 2510 1872 2578 ludum,

291 2603 391 2656 sed
419 2601 611 2670 ubique
639 2610 921 2655 terramm.
953 2600 1181 2668 Quando
1207 2612 1387 2655 autem
1416 2601 1530 2656 haec
1558 2612 1871 2669 everterunt,

291 2695 407 2748 nisi-
440 2694 652 2762 quandu
695 2702 874 2746 nostra
903 2692 1129 2749 ﬂoruere
1149 2694 1179 2744 ’ὓ
1226 2694 1371 2749 Olim
1394 2695 1667 2748 enimnon
1698 2695 1879 2751 solum

290 2783 840 2839 uou-beuedicehatur
878 2784 929 2838 in
960 2784 1258 2850 Palaestino,
1312 2785 1405 2840 sed
1435 2787 1592 2841 etiam
1621 2785 1881 2855 blasphe--

292 2875 561 2940 tui-batur,
614 2885 667 2930 et
709 2874 1003 2930 maledictis
1039 2876 1400 2931 incessebatur
1427 2886 1640 2946 propter
1660 2877 1879 2932 Judaios

293 2965 399 3034 ψήέ
434 2965 485 3017 itu
531 2979 601 3019 eu-
637 2966 963 3021 habitabant.
996 2964 1216 3038 Propter
1243 2983 1328 3021 vos
1355 2969 1520 3034 enim,
1554 2968 1742 3038 inquit,
1773 2985 1879 3022 ηοε-¹

290 3065 411 3108 ttwn
459 3072 631 3109 meum
667 3053 1041 3127 blasphematur
1084 3057 1212 3111 inter
1259 3067 1435 3129 gentes
1467 3058 1619 3132 (lsai.
1656 3059 1746 3119 59.
1788 3058 1867 3133 5).

286 3147 447 3203 Nunc
493 3159 667 3203 autem
707 3150 900 3218 ubique
944 3158 1205 3204 terrarum
1254 3151 1497 3207 laudibus
1546 3153 1868 3208 celebratur.

283 3239 441 3313 Quod
465 3241 676 3311 quidem
704 3241 836 3301 alius
857 3252 1067 3311 quoque
1095 3241 1347 3312 prepheta
1373 3243 1696 3314 significans,
1720 3245 1869 3302 dice-

284 3331 385 3389 bat
424 3349 438 3386 :
486 3331 762 3402 Apparebit
800 3331 1066 3400 Dominus,
1113 3342 1157 3386 et
1196 3334 1365 3404 perdet
1403 3351 1574 3390 omnes
1602 3336 1721 3391 deos
1748 3353 1871 3407 gen-

283 3422 451 3487 tium,
494 3431 539 3475 et
578 3422 856 3475 adorabunt
884 3439 1001 3475 eum
1024 3424 1361 3493 unusquisque
1380 3425 1432 3478 in
1470 3426 1579 3479 loco
1616 3441 1708 3480 suo
1745 3426 1871 3496 (8ο-

285 3514 449 3582 phon.
475 3513 530 3567 2.
562 3514 672 3582 ll).
705 3514 769 3568 Et
794 3529 977 3568 rursus
1000 3516 1135 3569 alius
1164 3533 1178 3569 :
1205 3515 1340 3582 Quia
1376 3525 1422 3571 et
1459 3518 1512 3572 in
1550 3519 1693 3573 nobis
1728 3521 1869 3575 clau-

280 3605 471 3657 dentur
510 3614 684 3674 portat,
714 3614 886 3658 etnon
912 3607 1234 3660 succendetur
1269 3607 1429 3662 altare
1468 3625 1632 3663 meum
1664 3612 1822 3682 gratis
1848 3627 1870 3666 :

280 3697 617 3765 quoniamut:
641 3710 756 3751 ortu
783 3698 909 3750 solis
928 3714 1083 3764 usque
1119 3699 1193 3752 ad‘
1231 3716 1471 3755 occasum
1496 3719 1674 3758 nomen
1702 3721 1873 3760 meum

280 3789 635 3860 glorificamus
677 3799 749 3845 est
789 3791 852 3844 in
885 3791 1133 3861 gentibus.
1161 3802 1209 3847 et
1253 3793 1307 3846 in
1348 3797 1485 3849 omni
1521 3796 1628 3851 loco
1658 3797 1881 3865 θίγεν-ίαν

282 3880 570 3951 thymiama
610 3882 803 3937 nomini
845 3898 974 3947 meo,
1020 3893 1067 3938 et
1111 3900 1297 3955 purum
1343 3888 1649 3956 sacri/icium
1689 3888 1866 3962 (Mat.

284 3971 346 4028 ξ.
396 3972 480 4027 to.
526 3973 637 4042 tt).

360 4085 417 4139 2.
459 4084 623 4140 Vides
649 4085 917 4157 quomodo
941 4101 1029 4143 res
1057 4086 1303 4143 Judaicas
1349 4090 1642 4155 contraxit,
1682 4098 1737 4146 et
1780 4106 1870 4148 re-

288 4177 512 4247 pressit,
556 4185 611 4230 et
657 4177 851 4248 ubique
880 4186 1140 4233 terrarum
1167 4180 1586 4236 ecclesiasticam
1614 4183 1736 4238 vitae
1764 4183 1871 4239 for-

286 4283 435 4325 mam
461 4268 723 4337 dilatavit,
754 4278 811 4325 et
830 4271 1026 4325 euitqu
1049 4273 1461 4347 praenuntiavit?
1489 4275 1586 4342 Qui
1602 4276 1740 4330 enim
1757 4276 1873 4332 lucc

288 4363 423 4421 dicit
445 4361 723 4434 propheta,
751 4363 848 4417 fuit
871 4373 989 4434 post
1013 4365 1239 4420 reditum
1261 4382 1325 4422 ex
1350 4366 1618 4439 Babylone
1642 4387 1655 4424 :
1679 4379 1733 4425 et
1751 4371 1871 4426 ideo

291 4454 411 4511 haec
441 4464 566 4510 tunc
587 4455 854 4526 praedixit,
912 4472 980 4512 ne
1021 4458 1260 4513 dicerent
1285 4458 1455 4515 Judaii
1481 4476 1601 4516 eum
1633 4463 1773 4532 loqui
1803 4464 1871 4518 de

292 4548 561 4602 conclusis
596 4547 725 4618 ipsis
778 4562 841 4601 ac
889 4546 1116 4607 desertis
1163 4549 1213 4604 in
1257 4550 1545 4622 Babylone.
1588 4553 1870 4626 Postquam

292 4642 438 4696 enim
470 4641 558 4696 illa
586 4649 901 4706 cessassent,
926 4652 979 4695 et
996 4641 1093 4711 ipsi
1123 4641 1201 4696 ad'
1218 4642 1448 4712 priorem
1473 4647 1670 4702 reversi
1691 4656 1871 4703 essent

292 4731 701 4800 rempublicam,
731 4747 792 4787 ea
819 4731 946 4787 dicit
966 4733 1209 4803 angelus,
1235 4734 1541 4804 signiﬁcans
1561 4752 1742 4791 eorum
1773 4738 1871 4794 de-

293 4823 642 4879 vastatiunem
664 4836 784 4892 qua:
813 4823 911 4877 fuit
929 4833 1169 4894 tempore
1200 4823 1507 4895 Vespasiani
1534 4837 1589 4881 et
1607 4828 1733 4894 Titi,
1753 4838 1879 4898 post.

292 4932 455 4986 quant
492 4930 596 4970 non
625 4917 726 4971 erit
749 4916 1005 4988 deinceps
1031 4918 1250 4972 mutatio
1290 4919 1432 4972 illius
1472 4920 1871 4977 devastationis.

296 5006 446 5062 Illam
473 5008 616 5065 enim
643 5019 982 5079 consequuta:
1025 5019 1147 5064 sunt
1188 5025 1275 5066 res
1319 5011 1592 5067 Ecclesia).
1641 5012 1709 5068 Et
1751 5015 1874 5070 ideo

295 5098 446 5161 dicit,
480 5097 728 5170 Magnum
753 5116 934 5155 nomen
953 5117 1114 5155 meum
1138 5102 1190 5156 in
1217 5103 1485 5174 gentibus;
1513 5107 1611 5160 hoc
1636 5117 1737 5172 est,
1767 5107 1865 5163 be-

296 5190 590 5255 uedictum,
610 5206 703 5260 per
721 5192 910 5247 bonam
931 5193 1164 5261 ipsorum
1180 5196 1337 5249 vitam
1355 5196 1624 5252 laudatum
1651 5216 1872 5268 :quem-

296 5281 582 5337 admodum
627 5284 714 5339 hic
755 5300 967 5355 quoque
992 5284 1155 5342 dicit:
1187 5286 1509 5343 Benedictum
1552 5307 1734 5345 nomen
1772 5286 1878 5347 Do-

299 5391 448 5431 num.

371 5490 697 5564 Magni/ictui
724 5504 819 5548 aut.
839 5492 1061 5549 benedici
1087 5493 1247 5551 Deum
1277 5515 1310 5551 a
1342 5499 1482 5554 nobis
1527 5501 1667 5570 quod
1685 5503 1770 5557 sit.
1801 5534 1874 5546 —

299 5582 353 5640 4.
385 5583 628 5643 Eadm
651 5603 801 5658 super
827 5600 1203 5659 omnesgeutes.
1214 5590 1478 5649 Dominus.
1503 5594 1669 5652 Vides
1692 5613 1878 5656 rursus

298 5689 493 5748 centes-
509 5679 635 5752 ejus
663 5682 873 5738 cultum
904 5683 1189 5754 suscipere,
1237 5692 1291 5742 et
1329 5702 1433 5744 nou
1484 5703 1641 5745 unam
1670 5697 1871 5748 tantum

1450 286 1807 345 EXPOSI’HO
1848 284 1917 340 1N
1941 285 2261 347 PSALMUM
2295 294 2459 351 CXII.

3469 313 3588 377 '302

1998 419 2090 463 aut
2125 411 2288 480 duas,
2331 425 2424 470 aut
2470 425 2614 485 tros,
2664 420 2755 477 sed
2784 439 3130 497 quaecumque
3177 438 3302 484 sunt
3357 432 3409 486 in
3453 437 3584 493 orbe

1996 507 2303 560 terrarum?
2343 509 2478 577 Quid
2531 521 2613 565 est
2666 511 2765 567 hac
2823 517 3098 585 prephetia
3155 520 3397 576 clarius?
3436 524 3582 591 Quo-

1998 595 2157 650 modo
2186 607 2363 652 autem
2384 609 2469 656 est
2486 603 2729 659 excelsus
2748 620 2911 675 super
2937 623 3126 664 omnes
3153 613 3386 681 gentes?
3426 616 3580 682 Quo—-

1997 687 2140 742 niam.
2190 704 2311 745 eum
2343 694 2765 762 magniﬁcamus,
2799 714 2903 753 non
2950 702 3000 756 ei
3039 704 3269 773 aliquam
3318 707 3578 762 addentes

1995 778 2326 836 alli.udinem
2340 782 2365 835 ?
2380 783 2560 839 Absit:
2580 787 2673 842 sed
2689 787 3043 859 dogmatibus,
3060 795 3227 861 cultu,
3243 797 3574 861 adoratione,

1994 880 2054 929 ct
2096 875 2307 930 caeteris
2330 876 2610 945 omnibus;
2642 897 2744 936 neu
2776 885 2971 953 aliquid
3006 886 3205 941 humile
3224 898 3278 943 et
3305 888 3572 959 abjectum

1992 966 2061 1020 de
2087 980 2152 1021 εδ
2174 968 2489 1036 cogitantes,
2516 981 2576 1025 ut
2602 971 2793 1040 Judaei,
2820 975 2914 1029 sed
2950 978 3119 1032 multo
3149 980 3349 1047 majora
3393 989 3449 1035 et
3489 982 3573 1036 al-

1994 1059 2152 1113 liora.
2197 1060 2345 1116 Talis
2365 1073 2444 1116 est
2471 1064 2613 1118 enim
2660 1064 2773 1120 huic
2802 1076 2981 1122 nostra
3008 1070 3315 1139 reipublicae
3344 1070 3520 1127 forma
3555 1091 3571 1127 :

1991 1159 2193 1218 quanto
2215 1152 2400 1206 etelum
2431 1162 2513 1208 est
2534 1163 2672 1209 terra
2702 1157 2879 1224 altius,
2905 1169 3052 1213 tanto
3084 1161 3195 1216 lucc
3210 1162 3367 1217 altior
3382 1167 3569 1219 veteri.

1994 1239 2061 1294 Et
2107 1241 2229 1297 ideo
2250 1241 2379 1298 dicit
2402 1263 2414 1297 :
2442 1237 2690 1300 Excelsus
2713 1264 2866 1317 super
2893 1265 3064 1308 omnes
3088 1263 3257 1323 gentes
3297 1253 3568 1311 Dominus.

1990 1334 2201 1388 Etenim
2219 1351 2338 1389 cum
2360 1351 2482 1390 cum
2509 1352 2604 1406 per
2626 1338 2825 1393 cultum
2851 1340 3143 1397 attollimus
3161 1382 3176 1411 ,
3204 1343 3341 1398 illud
3359 1360 3570 1417 quoque

1992 1425 2212 1490 scimus,
2242 1441 2358 1481 nmc
2385 1442 2503 1483 esse
2519 1430 2798 1485 humiliore
2823 1432 2982 1488 modo
3010 1434 3170 1502 dicta,
3194 1445 3249 1491 et
3267 1437 3330 1492 ad
3354 1448 3568 1507 captum

1987 1523 2227 1572 nostrum
2256 1519 2669 1574 accommodata.
2700 1521 2874 1589 Quare
2900 1525 2999 1579 etsi
3027 1525 3133 1581 sint
3160 1528 3212 1580 in
3236 1527 3387 1583 Novo
3409 1546 3567 1597 quam

1952 1620 1965 1623 ‘
1989 1608 2041 1663 iu
2073 1609 2251 1666 Veteri
2282 1610 2490 1675 altiora,
2520 1622 2644 1668 sunt
2670 1624 2844 1669 tamen
2870 1617 2989 1685 ejus
3014 1618 3268 1687 dignitate
3296 1621 3451 1690 longe
3482 1623 3569 1675 in-

1986 1697 2200 1755 teriora.
2220 1701 2290 1758 Et
2307 1703 2427 1758 ideo
2444 1704 2640 1760 Paulus
2664 1707 2940 1776 utriusque
2965 1709 3285 1778 cognitionis
3306 1712 3346 1775 ί,
3376 1718 3565 1781 etquae

1986 1807 2128 1848 nunc
2153 1804 2254 1861 est,
2282 1803 2336 1850 et
2361 1811 2480 1865 qua:
2514 1804 2638 1851 tunc
2667 1798 2717 1852 in
2762 1796 2942 1853 futuro
2969 1801 3164 1855 sarculo
3211 1801 3385 1857 futura
3431 1812 3513 1858 est
3544 1845 3560 1870 ,

1984 1883 2337 1940 dilfereutiam
2366 1887 2659 1942 ostendens
2680 1930 2693 1950 ,
2750 1887 2995 1943 dicebat:
3029 1891 3243 1956 Quando
3271 1907 3412 1946 emm
3438 1910 3564 1960 par-

1983 1977 2149 2042 cuius,
2178 1979 2431 2047 sapiebam
2460 1988 2521 2031 ut
2542 1979 2802 2047 parvulus,
2853 1981 3132 2052 cogitabam
3174 1992 3231 2037 ut
3275 1985 3514 2052 parvulus
3539 2001 3560 2038 :
3595 2019 3599 2023 -

1987 2069 2187 2136 quando
2215 2079 2385 2122 autem
2415 2070 2581 2139 factus
2599 2086 2709 2124 sum
2732 2072 2828 2136 vir,
2853 2073 3091 2126 evacuuvi
3120 2088 3233 2141 quae
3268 2081 3421 2127 erant
3435 2089 3556 2143 par-

1980 2160 2085 2214 snli
2109 2159 2127 2230 (
2153 2160 2197 2213 i.
2223 2158 2341 2213 Cor.
2364 2161 2451 2214 1‘5.
2474 2158 2583 2233 Η).
2611 2162 2678 2215 Et
2705 2176 2908 2225 rursus,
2938 2163 3020 2217 Ea:
3034 2173 3176 2233 parte
3190 2166 3557 2233 cognoscimus,

1982 2261 2029 2305 et
2052 2268 2113 2306 ea:
2141 2260 2284 2321 parte
2304 2252 2682 2322 prophetamus.
2731 2252 2798 2306 Et
2839 2253 3064 2309 videmus
3087 2272 3221 2309 nunc
3243 2257 3442 2326 quidem
3470 2274 3561 2326 per

1979 2343 2237 2411 speculum
2265 2341 2323 2394 in
2338 2342 2620 2411 (enigmata,
2649 2351 2765 2396 tunc
2785 2351 2948 2397 autem
2970 2344 3100 2413 facie
3114 2344 3182 2397 ad
3200 2345 3379 2415 faciem
3395 2345 3556 2417 (Ibid.

1981 2449 2028 2485 υ.
2056 2432 2107 2486 9.
2138 2430 2374 2502 1%).Pcr
2422 2434 2536 2487 haec
2574 2433 2716 2488 enim
2762 2434 2997 2490 ostendit
3037 2434 3174 2490 hanc
3201 2436 3559 2506 cognitionem

1978 2526 2046 2579 ab
2076 2526 2161 2579 illa
2185 2534 2387 2580 tantum
2414 2524 2623 2589 abesse,
2656 2536 2912 2598 quantum
2961 2542 3094 2598 puer
3118 2545 3146 2583 a
3176 2529 3293 2585 vim
3321 2531 3408 2600 qui
3436 2546 3558 2599 per-

1976 2617 2125 2672 venit
2148 2616 2215 2671 ad
2245 2614 2531 2686 perfectam
2556 2624 2790 2673 natalem.
2838 2616 3011 2690 Super
3044 2617 3197 2673 stelas
3232 2619 3396 2689 gloria
3420 2619 3551 2690 ejus.

1975 2707 2235 2777 Quoniam
2266 2707 2399 2764 dixit
2435 2708 2504 2764 de
2540 2708 2707 2765 laude
2742 2717 2798 2764 et
2842 2710 3163 2766 exultatione
3203 2726 3335 2780 quae
3362 2710 3420 2764 iit
3461 2729 3561 2781 per

1976 2808 2177 2854 rectam
2207 2800 2333 2853 vitae
2355 2800 2604 2855 humanae
2633 2800 3041 2863 institutionem,
3071 2808 3126 2856 ct
3163 2800 3326 2854 Deum
3356 2801 3425 2855 ita
3457 2816 3555 2855 ex-

1974 2891 2179 2955 tollere,
2211 2890 2283 2946 ita
2313 2890 2562 2958 laudaret,
2604 2891 2679 2945 ita
2714 2892 3054 2961 magniﬁcare
3089 2890 3397 2946 exhortatus
3428 2903 3506 2947 est
3530 2935 3546 2958 ,

1975 2984 2040 3039 ad
2089 2976 2345 3053 majorem
2380 2984 2633 3038 virtutem
2677 2984 2902 3039 incitans
2934 2983 3165 3039 ostendit
3204 2984 3418 3057 ubinam
3450 2984 3553 3039 hoc

1973 3078 2202 3131 maxime
2252 3073 2365 3132 ﬂat;
2393 3075 2620 3133 Ubinam
2664 3091 2794 3147 ergo
2843 3078 2944 3131 hoc
2973 3077 3073 3130 iit?
3120 3077 3174 3131 ln
3223 3078 3386 3133 cadis.
3438 3077 3561 3135 Illic

1972 3169 2113 3224 enim
2143 3177 2225 3225 est
2270 3169 2387 3239 ejus
2428 3168 2614 3240 gloria.
2646 3168 2832 3238 Angeli
2871 3183 3099 3238 namque
3145 3184 3264 3222 eum
3313 3169 3563 3224 maxime

1970 3259 2289 3330 gloriﬁcent,
2332 3274 2443 3314 non
2475 3275 2542 3314 ex
2585 3273 2678 3315 suo
2724 3266 2908 3314 natura
2935 3259 3128 3324 solum,
3156 3258 3259 3314 sed
3280 3259 3438 3314 etiam
3482 3274 3551 3313 en

1971 3350 2272 3408 obedientiu
2312 3349 2587 3405 hominum
2630 3349 2822 3419 quibus
2852 3349 3192 3414 ministrant,
3223 3349 3559 3403 voluntatem

1970 3451 2030 3499 et
2068 3452 2332 3513 prtecepta
2385 3442 2507 3512 ejus
2555 3449 2741 3521 eximite
2796 3442 3151 3511 periicientes.
3201 3439 3324 3495 Ideo
3372 3440 3504 3495 dicit
3529 3481 3546 3508 ,

1972 3533 2432 3600 Potentes-virtute,
2462 3534 2701 3613 facientes
2718 3530 2921 3587 verbum
2940 3531 3051 3598 eius
3077 3531 3095 3595 (
3115 3530 3258 3586 Psal.
3287 3530 3410 3586 “3%.
3430 3531 3548 3600 20).

1972 3627 2262 3697 Propterea
2291 3626 2343 3681 in
2372 3625 2659 3696 evangeliis
2702 3640 2913 3695 quoque
2936 3624 3095 3694 jussit
3123 3625 3367 3679 Christus
3393 3638 3562 3679 orare

1972 3729 2027 3776 et
2047 3720 2248 3786 dicere,
2276 3717 2656 3772 Fiat’voluntas
2678 3727 2786 3781 tua,
2818 3718 2947 3771 sicut
2968 3718 3020 3770 in
3043 3716 3187 3781 creto,
3227 3726 3274 3771 et
3317 3720 3369 3770 in
3414 3726 3561 3770 terra,

1974 3811 2197 3885 ('M'atth.
2227 3808 2415 3881 6.10).
2447 3809 2559 3864 Hoc
2604 3816 2705 3874 est,
2736 3806 3332 3878 quemadmodumeum
3354 3807 3557 3860 sancti-

1971 3906 2132 3965 ﬁcaut
2152 3903 2344 3974 angeli,
2372 3902 2440 3956 ab
2465 3901 2619 3958 omni
2638 3901 2850 3972 quidem
2882 3901 3011 3955 vitio
3038 3900 3267 3964 liberati,
3299 3900 3560 3955 virtutem.

1970 4007 2147 4053 autem
2169 4004 2353 4051 exacte
2378 4003 2801 4065 persequentes:
2837 3993 2907 4047 ita
2934 3993 3093 4046 etiam
3122 4006 3222 4045 nos
3258 3991 3402 4061 digni
3452 3991 3550 4044 ha-

1971 4090 2232 4151 beantur,
2280 4087 2371 4156 qui
2415 4086 2587 4155 ipsum
2631 4083 3043 4139 sanetilieemus.
3089 4083 3203 4137 Hoc
3249 4082 3431 4151 ipxum’
3465 4081 3561 4136 hic'

1972 4194 2182 4251 quoque
2210 4177 2531 4247 signiﬁcans,
2554 4174 2669 4243 subj
2679 4175 2856 4228 unxit:
2884 4173 3053 4244 Super
3070 4172 3221 4227 caelos
3239 4174 3401 4244 gloria
3416 4190 3546 4244 ejus.

1972 4273 2087 4328 Non
2109 4270 2282 4327 solum
2316 4270 2459 4325 enim
2488 4268 2540 4321 i'n
2581 4275 2727 4320 terra
2763 4265 2967 4320 videbis
3000 4264 3393 4319 hascreaturas
3431 4280 3561 4334 quur

1975 4374 2281 4426 cernuntur,
2311 4375 2411 4415 nec
2434 4358 2863 4430 pulcherrimum
2881 4355 3233 4424 ordinem-qui
3263 4356 3412 4410 estin
3443 4370 3556 4408 Cu:—

1975 4458 2051 4525 lo,
2073 4455 2166 4510 sed
2197 4451 2425 4508 ascende
2450 4467 2480 4505 a
2510 4447 2953 4525 sensibilibusad
2984 4446 3312 4516 spiritantia,
3343 4446 3407 4501 ad
3436 4447 3559 4516 pul-w

1975 4546 2326 4604 claritudinem
2367 4543 2574 4597 illarum
2614 4539 3067 4602 substantiarum,
3098 4538 3164 4592 ad
3211 4539 3561 4608 splendorem

1975 4641 2125 4698 illius
2142 4637 2447 4708 reipublicae
2469 4653 2483 4688 :
2507 4643 2563 4691 et
2582 4642 2706 4689 tunc
2733 4633 2871 4689 scies
2896 4632 3163 4704 quomodo
3196 4642 3280 4689 est
3316 4634 3368 4689 in
3407 4635 3565 4690 caelis

1974 4734 2143 4805 gloria
2165 4732 2302 4801 ejus.

2048 4826 2189 4882 Deus
2230 4841 2322 4880 cur
2348 4824 2401 4878 in
2428 4823 2553 4878 carlo
2580 4822 2808 4877 habitare
2841 4822 3057 4876 dicatur.
3080 4852 3154 4863 --
3177 4822 3230 4876 5.
3275 4821 3400 4889 Quis
3422 4824 3553 4877 sicut

1978 4920 2227 4977 Dominus
2255 4919 2389 4972 Deus
2414 4925 2600 4983 noster,
2620 4915 2707 4986 qui
2725 4915 2780 4968 in
2798 4914 2917 4968 altis
2945 4914 3152 4978 habitat,
3188 4915 3240 4967 6.
3270 4924 3315 4967 et
3342 4912 3559 4966 humilia

1977 5014 2215 5087 respicit?
2243 5015 2435 5068 Annon
2473 5010 2684 5065 videtur
2724 5023 2972 5078 magnum
3025 5021 3145 5062 esse
3188 5005 3328 5075 quod
3354 5005 3559 5058 dictum

1979 5110 2100 5166 est?
2125 5107 2229 5164 Sed
2262 5106 2472 5175 quando
2495 5100 2918 5158 consideravcris
2942 5099 3010 5153 de
3030 5112 3261 5169 quonam
3286 5094 3335 5150 id
3346 5096 3557 5151 dictum

1980 5205 2069 5267 sit,
2099 5202 2201 5256 hoc
2228 5201 2383 5269 longe
2406 5198 2511 5253 erit
2546 5194 2875 5253 eoiol‘erius.
2919 5188 3016 5255 Ita,
3061 5189 3211 5244 sicuti
3241 5188 3395 5254 dixi,
3449 5203 3555 5243 non

1980 5301 2184 5365 oportet
2213 5293 2265 5347 in
2278 5290 2454 5347 verbis
2472 5287 2600 5343 solis
2623 5286 2834 5352 sistere,
2863 5282 2957 5338 sed
2979 5289 3155 5335 mente
3176 5279 3557 5335 conscenderet

2048 5533 2064 5565 ι
2100 5538 2239 5592 Reg,
2260 5523 2734 5593 Paulusdeclarabat
2752 5562 2765 5581 ,
2790 5521 2914 5572 ham:
2945 5518 3257 5593 cogttittonem
3275 5529 3482 5593 tantum.
3500 5517 3562 5571 ab

1984 5593 2097 5655 orbe
2121 5579 2365 5655 teFrarum
2396 5586 2596 5655 distare,
2620 5579 2852 5655 quantum
3125 5588 3193 5631 est
3216 5581 3418 5655 inferior
3427 5584 3561 5655 tiro,

1987 5654 2069 5716 qui
2091 5655 2155 5716 ad
2180 5652 2438 5716 perfectam
2464 5647 2647 5716 devenit
2671 5652 2893 5716 (etatem;
2916 5648 2961 5694 el
2986 5647 3229 5707 utriusque
3263 5647 3560 5711 cognitionis.

2127 5710 2277 5765 lectio
2293 5710 2493 5776 quadrat
2515 5710 2573 5760 ad
2597 5710 2799 5761 seriem.
