4018 6268
467 312 574 369 ωδ

463 431 742 498 Quomodo
761 428 902 483 enim
933 428 984 481 in
1009 428 1151 482 c.t-lis
1175 425 1392 485 habitat.
1425 426 1512 493 qui
1538 424 1724 478 cadum
1751 433 1804 478 et
1839 432 2034 476 terram

465 519 695 588 implet?
725 519 811 584 qui
841 518 1033 586 ubique
1056 530 1287 584 praesens
1311 514 1424 568 est?
1462 515 1550 583 qui
1581 512 1742 567 dicit:
1783 510 1912 565 Deus
1951 528 2044 578 ap-

466 614 808 681 propinquans
837 625 927 679 ego
955 624 1067 661 sunt.
1089 648 1104 671 ,
1145 616 1190 660 et
1218 623 1316 659 non
1354 604 1490 659 Deus
1528 606 1705 674 procul
1746 603 1896 675 (Jer.
1931 604 2038 680 .23.

465 702 581 774 εὖ).
606 703 702 768 Qui
732 717 929 754 mensus
972 710 1042 753 est
1081 701 1257 752 caelum
1289 697 1474 767 palmo,
1508 709 1552 750 et
1598 707 1782 750 terram
1819 696 2042 766 pugillo;

464 794 551 864 qui
581 793 799 847 continet
834 791 1072 843 ambitum
1118 799 1264 842 terra:
1307 790 1323 857 (
1359 787 1486 840 lsai.
1515 787 1715 842 40.1‘2.
1744 787 1879 855 2‘2)?
1929 784 2037 841 Sed

469 884 719 953 quoniam
752 882 1063 951 loquebatur
1091 889 1215 934 tunc
1239 894 1358 932 cunt
1388 877 1616 941 Jtnlzeis,
1673 888 1947 946 propterea
1977 891 2043 930 eo

465 989 713 1031 sermone
754 990 880 1029 usus
905 983 987 1029 est
1007 1017 1020 1035 .
1048 973 1296 1043 paulatim
1318 972 1528 1041 erigens
1548 985 1731 1025 eorum
1762 970 2042 1038 cogitatio-

469 1082 616 1129 nem,
652 1074 706 1119 et
728 1074 954 1119 mentem
986 1065 1183 1118 sensim
1204 1063 1462 1117 extollens
1490 1072 1540 1115 et
1564 1060 1815 1115 eveheus.
1841 1061 2043 1114 Idcirco

468 1173 574 1211 non
602 1156 735 1210 dixit
761 1155 1114 1219 solummodo,
1152 1154 1250 1218 Qui
1278 1153 1329 1206 in
1359 1152 1474 1205 altis
1504 1152 1711 1216 habitat,
1758 1160 1801 1205 et
1832 1150 2042 1202 humilia

466 1249 666 1318 respicit
695 1264 714 1303 .'
744 1248 835 1302 sed
867 1261 985 1300 cum
1030 1247 1174 1314 prius
1214 1246 1456 1307 dixisset,
1490 1245 1612 1311 Quis
1639 1244 1769 1297 sicut
1793 1242 2042 1297 Dominus

468 1337 606 1391 Deus
619 1346 800 1399 noster,
819 1346 928 1389 tum
943 1335 1231 1403 snbjnnxit,
1250 1334 1351 1401 Qui
1366 1333 1542 1386 inultis
1558 1334 1764 1397 habitat,
1799 1342 1845 1385 et
1872 1333 2010 1385 humi
2020 1361 2041 1371 -

465 1428 537 1481 lia
553 1427 772 1495 respicit,
793 1427 1079 1481 ostendens
1093 1442 1317 1493 quanam
1334 1425 1569 1477 decansa
1595 1424 1717 1476 illud
1748 1423 2038 1478 secundum

463 1517 676 1582 dixerit,
693 1533 881 1587 nempe
899 1515 1395 1587 prepterludaicam
1412 1515 1819 1569 imln-eillitatem
1834 1515 2042 1568 simula-

461 1614 954 1677 crastupeutem,et
985 1607 1178 1662 deosin
1195 1606 1323 1660 locis
1337 1607 1613 1674 ettemplis
1637 1607 1915 1661 eonclttsos
1949 1606 2042 1660 ad-

466 1709 731 1754 orantem.
759 1699 883 1755 Ideo
918 1700 1118 1753 inducit
1156 1700 1409 1767 paulatim
1427 1698 1895 1766 comparationem,
1917 1699 2039 1753 licet

467 1790 602 1844 citra
640 1790 1088 1859 comparationem
1130 1790 1267 1843 Deus
1285 1804 1471 1842 omnes
1497 1789 2038 1858 superemineatmed

469 1881 535 1935 ad
558 1881 973 1936 imbecillitatem
1002 1883 1298 1935 auditorum
1318 1925 1330 1944 ,
1360 1883 1497 1936 sicut
1526 1880 1631 1935 dixi
1656 1924 1669 1945 ,
1700 1898 1870 1951 netpte
1899 1883 2038 1936 enim

467 1972 689 2026 cessabo
713 1973 814 2027 hoc
840 1973 1053 2028 assidue
1078 1973 1277 2037 dicere,
1298 1974 1589 2027 orationem
1617 1975 1916 2027 concinnat.
1937 1974 2041 2028 Ne-

466 2081 573 2134 que
606 2066 746 2120 enim
789 2066 1058 2135 quaerebat
1106 2075 1162 2120 ttt
1207 2075 1331 2119 tunc
1360 2065 1557 2120 diceret
1586 2066 1780 2134 aliquid
1822 2066 2036 2135 digtnnu

467 2155 560 2209 Dei
591 2156 781 2226 gloria,
810 2156 902 2210 sed
931 2165 986 2210 ut
1012 2156 1151 2226 quod
1175 2156 1396 2222 diceret,
1421 2157 1487 2209 ab
1507 2156 1584 2210 eis
1610 2159 1725 2225 capi
1755 2169 1950 2226 posset.
1974 2159 2041 2213 Et

464 2245 586 2301 ideo
618 2246 863 2314 paulatim
885 2261 976 2300 eos
1001 2246 1267 2301 sustollit:
1299 2256 1352 2302 et
1396 2257 1571 2300 tamen
1613 2263 1678 2303 ne
1705 2248 1781 2302 sic
1823 2248 2035 2316 quidem

464 2343 741 2404 permanet
762 2336 811 2389 in
832 2335 1145 2403 humilitate,
1168 2337 1259 2391 sed
1282 2350 1463 2390 rursus
1486 2337 1656 2404 aperit
1683 2338 1937 2405 quosdam
1955 2337 2039 2392 al-

467 2427 631 2479 tiores
679 2441 886 2480 sensns.
917 2425 1202 2495 Postquam
1228 2426 1367 2480 enim
1393 2425 1546 2493 dixit,
1581 2425 1682 2491 Qui
1722 2429 1775 2481 in
1803 2429 1918 2482 altis
1944 2428 2036 2482 Ita-

465 2518 610 2581 lu'tat,
637 2532 684 2570 et
709 2516 918 2569 humilia
945 2518 1145 2585 respicit
1176 2532 1194 2571 :
1221 2533 1402 2571 rursus
1422 2517 1487 2571 ad
1511 2518 1697 2572 altiora
1738 2520 2033 2575 orationem

466 2610 730 2664 extollens
758 2609 885 2663 dicit
914 2627 927 2664 :
963 2608 1027 2662 In
1051 2611 1174 2663 ctelo
1203 2620 1248 2662 et
1276 2610 1328 2663 in
1360 2620 1493 2663 terra
1530 2626 1550 2665 :
1584 2610 1871 2666 ostendens
1914 2628 2033 2666 eum

462 2717 584 2756 esse
612 2702 825 2770 ubique,
875 2712 927 2756 et
974 2701 1075 2766 hic,
1109 2712 1162 2755 et
1204 2701 1328 2755 illic.
1357 2701 1474 2756 Non
1502 2702 1642 2756 enim
1689 2709 1951 2772 tamquam
1984 2702 2035 2757 in

463 2794 596 2847 eat-lo
618 2792 871 2856 inclusus,
903 2794 1116 2861 I‘CSplCll
1139 2792 1346 2846 eminus
1367 2808 1485 2863 qua:
1510 2792 1641 2853 ﬁunt
1667 2795 1718 2847 in
1746 2803 1908 2859 terra,
1940 2793 2034 2849 sed

463 2886 659 2955 ubique
687 2901 921 2954 prtcsens
941 2896 995 2940 et
1016 2886 1264 2939 omnibus
1288 2888 1564 2942 assistens.

533 2979 586 3032 5.
633 2977 818 3032 Vdisti
861 2979 1127 3047 quomodo
1174 2979 1423 3048 paulatim
1460 2989 1692 3036 mentem
1734 2982 2033 3038 audltorum

458 3070 685 3124 sustollit
708 3070 820 3138 (a)?
849 3070 1046 3125 Deinde
1062 3069 1487 3126 ctnnauditorem
1517 3088 1546 3126 a
1571 3066 1708 3127 terra
1736 3074 2030 3139 extulisset.

458 3162 593 3215 etin
623 3163 755 3216 cado
779 3162 1094 3216 collocasset
1137 3181 1151 3215 :
1195 3178 1379 3217 rursus
1408 3178 1701 3231 procurans
1742 3173 1798 3220 ttt
1837 3166 2035 3236 aliquid

468 3253 641 3323 majus
669 3255 847 3308 animo
877 3253 1331 3324 apprehenderet,
1358 3255 1502 3310 venit
1525 3255 1591 3310 ad
1618 3255 1762 3312 aliud
1789 3257 1905 3328 ejus
1936 3274 2033 3329 po-

461 3344 641 3400 tentia:
667 3345 940 3408 indicium,
968 3344 1184 3400 dicens:
1215 3346 1268 3399 7.
1299 3344 1564 3400 Suscitans
1591 3365 1621 3400 a
1655 3357 1787 3400 terra
1813 3350 2031 3419 inopem,

462 3447 510 3488 et
533 3435 597 3487 de
621 3444 839 3488 stercore
862 3437 1056 3505 erigens
1081 3452 1375 3505 pauperem.
1395 3435 1594 3503 Magna:
1614 3447 1694 3491 est
1714 3439 1854 3492 enim
1876 3448 2035 3509 atque

460 3529 596 3580 adeo
627 3525 905 3581 ineﬁabilis
940 3528 1218 3594 potentias,
1251 3542 1408 3596 parva
1438 3528 1714 3583 extollere.
1748 3529 1887 3584 Alibi
1935 3547 2030 3584 au-

460 3602 570 3674 tem
599 3618 921 3671 contrarium
949 3633 1159 3688 quoque
1181 3620 1323 3688 ponit
1350 3619 1502 3682 alius,
1534 3619 1672 3688 quod
1691 3635 1875 3689 magna
1894 3636 2028 3691 quo-

458 3725 562 3779 que
590 3708 870 3778 deprimat,
914 3710 992 3763 sic
1034 3710 1216 3763 dicens
1246 3728 1260 3765 :
1301 3709 1541 3763 Dividens
1567 3712 1916 3767 contritione»:
1943 3731 2031 3768 su-

458 3819 549 3871 per
574 3801 941 3873 fortitudinem,
970 3813 1015 3856 et
1055 3803 1307 3857 miseriam
1349 3820 1506 3871 supra
1530 3805 1892 3859 munimentum
1939 3808 2035 3861 ad-

458 3896 676 3966 iungens
703 3892 885 3963 (Amos
925 3894 977 3949 5.
1025 3894 1103 3962 9).
1148 3893 1244 3948 llic
1268 3894 1480 3963 quidem
1510 3905 1656 3951 certe
1684 3896 1880 3951 dictum
1908 3907 1985 3953 est
2012 3938 2029 3965 ,

454 3985 596 4055 quod
628 3985 793 4054 possit
816 3985 1033 4054 pusillos
1059 3984 1281 4054 erigere.
1312 3985 1409 4040 Est
1431 3986 1609 4055 itaque
1622 3988 2027 4054 generaIISora-

455 4081 552 4133 tio.
583 4078 734 4145 Quod
760 4078 805 4132 si
834 4078 956 4147 quis
979 4078 1092 4132 haec
1117 4079 1274 4133 etiam
1308 4079 1694 4149 velitaccipere
1714 4081 2024 4150 anagogiee,

451 4170 651 4225 videbit
677 4172 775 4224 hoc
797 4169 991 4224 factum
1021 4184 1141 4225 esse
1168 4170 1219 4223 in
1253 4169 1524 4240 gentibus,
1553 4171 1752 4224 videbit
1783 4171 1884 4225 hoc
1902 4187 2029 4225 eve-

452 4262 597 4315 nisse
626 4260 680 4314 in
706 4260 858 4315 nobis
887 4259 1189 4313 hominibus
1217 4270 1457 4329 tempore
1504 4259 1764 4314 adventus
1810 4261 2026 4315 Christi.

452 4351 588 4419 Quid
614 4351 755 4406 enim
782 4360 894 4405 erat
923 4360 1101 4404 uestra
1130 4361 1315 4405 natura
1354 4353 1670 4421 pauperins?
1693 4351 1820 4405 Eam
1852 4361 2026 4408 tamen

454 4442 629 4495 erexit
653 4451 709 4496 et
733 4442 945 4497 sustulit
979 4443 1030 4495 in
1058 4444 1245 4496 ca-lunt
1268 4459 1390 4498 eum
1422 4444 1615 4497 nostris
1644 4444 1891 4511 primitiis
1914 4487 1929 4506 .
1960 4455 2017 4499 et

456 4532 732 4585 constituit
760 4533 1033 4586 sedentem
1081 4533 1132 4585 in
1154 4534 1298 4588 curiis
1324 4534 1375 4587 in
1408 4534 1603 4587 throno
1633 4534 1824 4587 Patris.
1872 4533 1935 4587 Et
1967 4538 2030 4590 de

453 4635 671 4679 stercore
689 4626 882 4693 erigens
906 4640 1195 4695 pauperem,
1225 4626 1279 4681 8.
1307 4636 1360 4679 ut
1380 4627 1589 4681 collocet
1615 4644 1729 4682 eum
1756 4643 1869 4681 cum
1890 4630 2030 4698 prin-

450 4715 669 4787 cipibus,
714 4732 827 4769 cum
867 4716 1174 4786 principibus
1222 4718 1395 4787 populi
1421 4719 1517 4774 sui.
1547 4718 1761 4773 Stercus
1786 4720 1870 4773 hic
1900 4720 2032 4775 dicit

454 4809 731 4870 vilitatem.
759 4819 834 4874 et,
862 4822 981 4876 qua:
1001 4823 1064 4861 ex
1092 4824 1150 4860 ea
1186 4809 1263 4871 lit,
1293 4810 1622 4876 repentinam
1652 4810 2022 4875 munitionem,

453 4899 744 4956 ostendens
768 4901 816 4955 ei
860 4913 980 4953 esse
1021 4899 1198 4952 omnia
1241 4899 1410 4953 lacilia
1437 4910 1489 4953 et
1514 4900 1778 4969 expedita.
1831 4901 2028 4958 Deinde

453 4995 645 5050 transit
670 4994 734 5047 ad
756 4992 897 5047 aliud
930 4996 1120 5056 majus.
1145 4991 1420 5057 Quodnam
1455 4992 1593 5046 hoc?
1622 4992 1771 5060 Quod
1805 5011 1908 5047 non
1937 5010 2027 5048 so-

451 5088 560 5143 luat
590 5095 761 5156 potest
786 5101 872 5140 res
904 5083 1190 5139 transferre
1208 5123 1223 5145 ,
1250 5094 1303 5138 et
1331 5082 1618 5138 humilibus
1638 5085 1764 5139 dare
1789 5087 2028 5139 anetori-

444 5186 638 5248 tatem,
666 5180 759 5234 sed
785 5180 949 5250 ipsius
969 5179 1127 5232 etiam
1159 5187 1361 5230 natura:
1394 5186 1759 5231 trausmovere
1790 5177 1985 5232 limites
2007 5219 2022 5243 ,

449 5288 504 5332 et
543 5291 660 5332 eam
683 5315 698 5338 ,
728 5288 845 5344 quae
887 5282 1003 5327 erat
1026 5270 1243 5328 sterilis.
1277 5279 1498 5323 matrem
1533 5267 1769 5323 efﬁcere.
1818 5268 1879 5322 Et
1910 5269 2029 5324 ideo

452 5367 723 5437 sulijunxit
754 5385 766 5420 :
798 5366 853 5417 9.
889 5364 991 5431 Qui
1012 5360 1241 5416 habitare
1266 5361 1387 5432 facit
1405 5361 1622 5415 sterilem
1644 5360 1694 5412 in
1722 5358 1893 5424 domo,
1918 5377 2029 5415 ma-

450 5468 577 5512 trem
605 5473 753 5524 super
773 5455 893 5524 ﬁliis
921 5455 1194 5510 (tetantem.
1221 5450 1373 5519 Quod
1407 5450 1619 5523 quidem
1646 5448 1841 5504 factum
1864 5461 1951 5506 est
1977 5451 2025 5504 in

512 5567 585 5629 (η)
621 5574 669 5616 In
711 5573 892 5629 Grtcco.
930 5582 1052 5629 ςτιροῖ
1079 5578 1145 5625 τήν
1168 5573 1326 5629 Cadmum
1348 5581 1417 5615 «at
1448 5574 1662 5629 ἀιριεόνταη.
1691 5562 2030 5629 Interpretatio

451 5623 737 5678 sci‘verbuni
759 5635 909 5680 esset.
933 5623 1021 5677 alis
1038 5623 1228 5677 instruit
1251 5633 1469 5679 mentem.
1492 5626 1536 5673 id
1556 5632 1649 5679 est.
1667 5623 1725 5671 ad
1749 5623 2028 5672 sublimiora

451 5688 793 5737 consideraxuta
818 5689 1036 5737 informat
1061 5689 1380 5749 tdoneamque
1412 5687 1570 5736 reddit
1591 5699 1603 5747 ;
1631 5698 1722 5748 qua
1747 5685 2025 5746 metaphora

452 5753 485 5801 tt
500 5756 843 5808 concumbunt:
871 5752 1012 5799 utitur
1036 5750 1405 5811 chrysostmnus.

1166 310 1222 364 S.
1262 308 1538 365 JOANNIS
1576 304 2057 363 CIIRYSOSTOMI
2098 305 2414 360 ARCHIEi‘.
2455 307 2991 365 CONSTANTINOP.

3624 310 3732 366 ὅθι

2150 424 2323 482 Anna,
2347 422 2485 490 quod
2511 423 2707 477 factum
2741 423 2793 478 iu
2821 423 2940 478 aliis
2971 424 3443 480 inntnnerabililnts
3468 426 3487 494 (
3510 426 3554 480 l.
3592 424 3732 499 Reg.

2150 511 2221 579 1).
2251 511 2433 565 Vidisti
2459 512 2712 582 hymnum
2737 513 3071 582 perfection?
3095 515 3269 569 vidisti
3300 515 3555 585 hymnum
3571 530 3731 570 cotu-

2147 602 2385 671 pletunt?
2416 603 2552 657 Dixit
2582 620 2643 657 ea
2664 620 2782 674 qua:
2812 606 3114 661 universum
3139 605 3324 660 orbem
3356 616 3514 662 terra:
3540 622 3729 663 ωτι-οι

2145 706 2294 751 ctura
2326 706 2516 758 erant,
2563 697 2831 765 quomodo
2872 709 2982 753 erat
3024 708 3327 754 cessaturus
3370 698 3676 755 .lndaismus
3706 734 3730 766 .

2145 785 2413 853 quomodo
2439 800 2569 839 nova
2604 787 2853 842 Ecclesie
2878 788 3172 856 respublica
3202 799 3318 842 erat
3364 789 3415 842 in
3466 789 3730 858 splendo-

2149 892 2258 929 rt-nt
2282 878 2507 938 exitura,
2533 878 2800 945 quomodo
2826 888 2940 932 erat
2968 879 3161 946 ubique
3186 878 3516 933 oﬁ‘crendum
3559 882 3738 933 sacri-

2147 964 2344 1018 ficium.
2376 966 2574 1020 Deinde
2598 966 2837 1021 efﬁciens
2863 976 2921 1020 ttt
2945 968 3025 1022 vel
3052 969 3406 1023 erassiorihus
3427 969 3531 1023 litlc
3562 969 3729 1038 digna

2145 1069 2282 1111 esset
2311 1057 2502 1123 oratio,
2551 1074 2614 1112 ex
2644 1060 2707 1112 iis
2737 1076 2852 1129 qua:
2877 1060 2986 1127 jatn
3025 1060 3175 1124 ﬁunt,
3215 1075 3334 1128 quae
3377 1070 3503 1114 sunt
3549 1060 3732 1116 futura

2146 1152 2446 1205 conﬁrmat.
2480 1151 2629 1217 Quod
2661 1162 2835 1206 autem
2867 1152 3010 1215 dicit,
3041 1162 3124 1207 est
3143 1152 3403 1222 ejusmodi
3430 1170 3443 1206 :
3471 1152 3549 1207 Ne
3582 1152 3614 1206 d
3640 1152 3732 1206 fli-

2144 1242 2240 1296 das
2271 1244 2494 1296 fututam
2529 1253 2724 1297 tantam
2757 1245 3123 1308 mutationem,
3167 1252 3223 1298 et
3262 1244 3511 1314 disjectas
3539 1254 3731 1312 gentes

2145 1349 2264 1388 esse
2287 1343 2537 1388 venturas
2575 1335 2865 1401 maximam
2896 1336 2947 1388 in
2991 1335 3237 1404 gloriam.
3267 1334 3383 1389 Non
3423 1335 3573 1391 vides
3611 1335 3732 1390 lucc

2146 1427 2257 1478 ﬁeri
2286 1426 2561 1494 quotidie?
2583 1426 2761 1480 extolli
2783 1425 3032 1491 humiles,
3060 1435 3113 1480 et
3134 1426 3327 1480 sedere
3356 1442 3476 1479 cum
3519 1426 3731 1495 princi—

2146 1518 2332 1585 pibqu
2361 1533 2462 1571 non
2490 1517 2636 1571 vides
2665 1525 2927 1580 naturam,
2950 1533 3069 1585 qtta:
3095 1526 3209 1569 erat
3230 1532 3414 1570 manca
3442 1516 3723 1583 etmut'l‘t,

2144 1610 2356 1678 corrigi,
2388 1609 2598 1663 steriles
2638 1618 2836 1662 matres
2864 1608 3015 1662 ﬁeri?
3050 1609 3176 1661 'l'ale
3203 1607 3328 1676 quid
3356 1608 3517 1661 etiam
3543 1608 3728 1663 evenit

2147 1700 2196 1752 in
2224 1700 2482 1753 Ecclesia.
2515 1699 2640 1752 Erat
2669 1698 2889 1763 sterilis,
2918 1698 3011 1752 sed
3039 1700 3322 1752 mttltornm
3347 1699 3572 1752 ﬁliorum
3601 1714 3725 1752 ma-

2146 1797 2225 1843 ter
2251 1788 2385 1843 facta
2417 1798 2519 1841 est.
2571 1788 2830 1854 Quocirca
2875 1788 3000 1841 dicit
3022 1787 3182 1841 Isaias
3211 1804 3225 1840 :
3254 1786 3675 1849 Lcetare,steritis
3699 1828 3721 1852 ,

2142 1895 2255 1949 qua:
2283 1895 2381 1932 non
2420 1879 2557 1945 paris
2578 1891 2599 1942 ;
2625 1895 2829 1948 erumpe
2855 1889 2899 1930 et
2929 1878 3113 1941 clamo,
3154 1894 3265 1946 qua:
3303 1878 3421 1931 non
3447 1880 3668 1947 parturis
3696 1895 3719 1932 :

2142 1969 2378 2034 quoniam
2409 1968 2556 2019 multi
2596 1977 2712 2020 sunt
2738 1968 2832 2033 ﬁlii
2861 1967 3070 2021 deserta:
3094 1968 3254 2038 magis
3281 1984 3434 2037 quam
3473 1969 3580 2037 ejus
3609 1982 3726 2035 qua

2143 2059 2288 2111 habet
2322 2059 2482 2111 virum
2522 2057 2541 2128 (
2572 2056 2699 2110 lsai.
2735 2058 2823 2111 54.
2860 2057 2910 2127 1)
2939 2074 2952 2111 :
2990 2057 3168 2112 hocin
3199 2058 3435 2111 Ecclesia
3484 2057 3722 2111 futurum

2143 2150 2524 2219 pratnttntians.
2574 2149 2832 2214 Quocirca
2879 2149 2963 2202 hie
3015 2164 3226 2218 quoque
3275 2148 3569 2202 orationem
3616 2147 3725 2203 hoc

2143 2241 2262 2294 loco
2278 2241 2486 2303 clausit,
2530 2240 2864 2308 prophetiam
2896 2239 2998 2293 ﬁde
3020 2240 3231 2305 dignam
3274 2240 3399 2293 hinc
3437 2238 3675 2293 efficiens
3700 2280 3718 2303 ,

2141 2347 2205 2386 ex
2234 2332 2316 2395 i's,
2345 2347 2463 2401 qua:
2498 2331 2608 2401 jam
2659 2330 2794 2385 laeta
2840 2340 3002 2399 sunt,
3033 2331 3100 2385 ab
3145 2331 3261 2400 ejus
3306 2332 3722 2401 magnitietntia.

2141 2424 2498 2493 Quacumque
2528 2422 2670 2476 enim
2700 2423 2808 2477 Deo
2836 2422 3006 2476 visum
3038 2422 3252 2487 fuerint,
3296 2432 3419 2476 sunt
3463 2420 3602 2477 factu
3632 2420 3721 2475 fa-

2141 2515 2281 2568 cilia.
2312 2514 2493 2568 Potest
2520 2515 2661 2568 enim
2695 2522 3048 2568 transmutare
3076 2521 3339 2575 naturam,
3365 2523 3419 2568 et
3446 2514 3722 2568 humilita-

2145 2615 2249 2660 tem
2279 2605 2568 2660 transl'erre
2597 2605 2647 2658 in
2685 2604 3015 2657 altitudinem
3040 2644 3055 2668 ,
3102 2612 3156 2657 et
3205 2619 3381 2658 mores
3423 2603 3716 2673 corrigere.

2140 2697 2272 2752 Cum
2305 2698 2418 2751 haec
2439 2713 2566 2765 ergo
2589 2697 2817 2751 sciamus
2844 2696 3043 2761 omnia,
3071 2711 3190 2765 qum
3220 2705 3400 2750 nostra
3432 2707 3555 2749 sunt
3579 2695 3717 2749 aﬁ‘e-

2142 2804 2340 2853 ramus,
2392 2798 2447 2843 et
2491 2791 2637 2844 omni
2694 2788 2930 2842 fruentur
2952 2788 3140 2857 gloria,
3189 2797 3242 2842 et
3272 2787 3337 2842 ad
3393 2786 3718 2841 ittellahilem

2139 2881 2490 2936 ascendemus
2518 2880 2873 2942 altitudinem,
2907 2880 2995 2933 Dei
3022 2880 3218 2934 auxilio
3239 2880 3393 2933 freti:
3425 2880 3507 2933 cui
3544 2878 3718 2949 gloria

2139 2981 2193 3027 et
2245 2973 2498 3041 potentia,
2532 2971 2673 3025 Patri
2721 2981 2774 3025 et
2818 2971 2950 3025 Filio
2978 2981 3033 3025 et
3056 2970 3270 3039 Spiritui
3321 2980 3528 3037 sancto,
3571 2985 3719 3025 nunc

2140 3074 2195 3121 et
2214 3079 2450 3134 semper,
2471 3074 2525 3118 et
2549 3064 2600 3118 in
2626 3063 2815 3117 satcula
2844 3063 3181 3116 saeculorum.
3212 3062 3403 3117 Amen.

2597 3198 2661 3253 ΙΝ
2699 3194 3021 3254 PSALMUM
3059 3196 3239 3251 CXIII.
3306 3208 3311 3213 '

2140 3313 2191 3369 i.
2236 3312 2298 3367 lu
2319 3314 2453 3367 exitu
2491 3307 2653 3365 Israel
2674 3310 2736 3366 de
2767 3309 3018 3380 .IEggpto,
3049 3309 3226 3361 domus
3243 3304 3404 3361 Iacob
3436 3306 3499 3360 de
3526 3306 3717 3387 populo

2210 3406 2443 3468 barbaro,
2471 3402 2524 3458 2.
2555 3406 2687 3474 facta
2714 3413 2785 3458 est
2813 3401 2998 3457 Judaza
3036 3400 3364 3469 sanctiﬁcatio
3390 3400 3517 3470 ejus,
3549 3396 3717 3452 Israel

2209 3508 2424 3572 potestas
2453 3499 2582 3569 ejus.

2212 3613 2264 3667 Ι.
2304 3610 2541 3679 Magnam
2570 3608 2653 3663 hic
2686 3617 2910 3662 testatur
2950 3606 3040 3661 Dei
3084 3604 3456 3673 benignitatem
3487 3612 3542 3658 ct
3566 3618 3718 3658 mau-

2137 3700 2490 3755 suetudincm.
2544 3699 2837 3766 Quamnam
2888 3695 3057 3751 hanc?
3108 3695 3257 3763 Quod
3311 3709 3434 3749 cum
3483 3695 3714 3764 prTmuut

2136 3790 2369 3846 ostendit
2394 3789 2711 3859 potentiam;
2741 3797 2865 3842 tunc
2891 3795 2946 3841 ut
2976 3788 3089 3855 ipse
3114 3785 3361 3839 adoretur
3386 3785 3566 3853 exigit.
3600 3783 3717 3839 lloc

2137 3884 2277 3939 enim
2305 3883 2610 3953 signiﬁcans
2632 3881 2842 3935 dicebat
2870 3897 2883 3933 :
2910 3878 2973 3933 In
3018 3879 3153 3932 exitu
3186 3877 3349 3931 Israel
3369 3878 3431 3930 de
3455 3875 3711 3947 .Egypto,

2138 3979 2272 4047 facta
2298 3984 2370 4029 est
2405 3973 2593 4029 Iudaea
2631 3971 2965 4035 sanctificatio
3014 3970 3144 4040 ejus.
3191 3968 3342 4023 Tunc
3378 3968 3518 4021 enim
3560 3983 3713 4021 suam

2136 4068 2368 4124 ostendit
2400 4067 2683 4135 potentiam
2721 4080 2813 4133 per
2850 4064 3000 4133 signa
3044 4078 3162 4132 qua:
3203 4061 3254 4115 in
3294 4060 3525 4133 Egypto
3576 4058 3711 4112 facta

2135 4173 2278 4225 sunt,
2305 4170 2358 4214 et
2390 4176 2481 4228 per
2509 4175 2570 4214 ea
2594 4175 2711 4227 qua:
2739 4158 2788 4210 in
2817 4155 3031 4211 deserto
3061 4174 3073 4208 :
3109 4164 3233 4210 tunc
3267 4156 3426 4210 etiam
3461 4152 3710 4222 populum

2134 4253 2231 4306 sihi
2260 4250 2429 4306 eﬁ'ecit
2455 4246 2786 4303 familiarem.
2808 4244 2921 4302 Hoc
2942 4249 3112 4316 ipsum
3131 4246 3288 4299 etiam
3310 4243 3495 4300 let-ilio
3519 4244 3709 4298 Adam.

2133 4339 2267 4399 Cum
2297 4342 2436 4397 enim
2463 4341 2609 4411 prius
2640 4340 2890 4394 mundum
2935 4338 3147 4394 fecisset
3167 4380 3180 4402 ,
3212 4348 3267 4393 et
3293 4354 3404 4391 sua:
3433 4337 3708 4407 sapientia:

2133 4447 2187 4490 et
2208 4426 2455 4504 potentiae
2486 4435 2587 4486 vim
2617 4433 2956 4494 ostendisset,
2980 4433 3048 4486 ita
3079 4431 3230 4486 ﬁnxit
3251 4431 3541 4496 hominem,
3565 4441 3617 4485 et
3646 4431 3714 4484 ab

2134 4543 2200 4583 eo
2227 4527 2401 4594 exegit
2438 4525 2820 4579 adorationetn.
2866 4523 2940 4578 lla
2970 4524 3128 4579 etiam
3170 4522 3470 4592 unigenitns
3499 4522 3590 4575 Dei
3620 4520 3712 4574 Fs-

2133 4614 2236 4672 lius
2265 4631 2385 4670 cum
2432 4616 2656 4683 primum
2694 4609 2841 4683 signa
2887 4613 3202 4682 pr:ebuisset
3238 4613 3400 4666 multa
3444 4623 3495 4667 et
3541 4612 3716 4666 omnis

2131 4708 2361 4780 generis,
2389 4715 2512 4760 tunc
2541 4705 2696 4759 ﬁdem
2723 4704 2916 4774 exegit.
2941 4704 3196 4770 Quocirca
3219 4703 3282 4757 iis
3306 4703 3516 4771 quidem
3540 4702 3628 4770 qui
3650 4701 3715 4754 ab

2134 4799 2283 4855 initio
2310 4798 2375 4851 ad
2396 4812 2513 4851 eum
2537 4794 2876 4861 accedebant,
2909 4804 2964 4848 ut
2983 4794 3071 4864 qui
3098 4794 3210 4863 ejus
3237 4794 3453 4864 pignora
3483 4807 3586 4845 non
3615 4791 3712 4843 hac

2134 4890 2336 4953 berent,
2389 4903 2486 4942 nec
2538 4896 2905 4957 argumentum
2949 4885 3280 4947 divinitatis,
3338 4900 3442 4937 non
3480 4883 3712 4948 dicebat,

2133 4981 2377 5043 Creditis,
2411 4996 2495 5035 tne
2526 4994 2682 5048 posse
2706 4977 2807 5032 hoc
2843 4976 3054 5031 facere?
3081 4975 3172 5029 sed
3200 4975 3347 5045 signa
3379 4976 3717 5030 solummodo

2132 5072 2465 5127 ostendebat.
2514 5069 2618 5125 Sed
2665 5078 2940 5137 postquam
2990 5068 3183 5137 ubique
3235 5082 3329 5135 per
3378 5067 3715 5121 Palzestinam

2134 5162 2377 5226 deposuit
2400 5176 2509 5216 sua:
2539 5160 2862 5214 monimenta
2890 5159 3158 5227 pateatne,
3183 5158 3381 5212 mutilis
3401 5161 3716 5229 corporibus

2133 5253 2426 5310 retin-dium
2457 5253 2702 5313 efferens.
2730 5252 2911 5306 vititnn
2942 5252 3231 5320 expellens,
3257 5251 3325 5305 de
3355 5267 3519 5320 regno
3549 5252 3716 5305 dissc-
3763 5272 3778 5290 ι

2134 5365 2278 5412 rens,
2310 5348 2453 5416 leges
2481 5346 2737 5400 salutares
2765 5345 3039 5406 sanciens,
3083 5356 3208 5398 tunc
3249 5345 3409 5398 etiam
3441 5343 3601 5398 ﬁdem
3627 5360 3719 5399 ex-

2133 5441 2237 5510 egit
2256 5439 2324 5493 ab
2343 5438 2426 5504 iis,
2454 5438 2541 5505 qui
2562 5436 2901 5492 accedebant.
2920 5436 3173 5490 Ilomines
3188 5436 3327 5490 enim
3351 5435 3537 5490 volunt
3575 5438 3718 5507 prius

2134 5531 2412 5599 imperium
2435 5529 2697 5592 obtinere,
2728 5538 2781 5582 et
2809 5537 2934 5582 tunc
2955 5527 3332 5598 aggrediuntur
3361 5527 3675 5582 benefacere
3699 5545 3713 5581 :

2135 5623 2277 5677 Deus
2305 5631 2479 5674 autem
2504 5619 2685 5688 incipit
2711 5634 2738 5671 a
2772 5618 3062 5674 beneficiis.
3089 5617 3153 5672 Et
3176 5616 3299 5685 quid
3326 5616 3448 5671 dico
3488 5617 3591 5672 alia
3620 5616 3715 5671 be-

2138 5713 2345 5777 neﬁcia,
2376 5727 2496 5767 eunt
2522 5712 2680 5767 etiam
2701 5726 2911 5766 crucem
2939 5709 3107 5781 ipsam
3132 5706 3476 5775 sustinuerit,
3508 5719 3561 5764 et
3588 5714 3718 5759 tunc
