4114 6278
551 366 657 422 505

518 490 727 562 ηεργων
775 483 1181 554 ἐπιδειξάμενος
1228 485 1329 554 τήν
1372 482 1732 553 κηδεμονίανς
1780 483 1950 536 Τοῦτο
1999 479 2127 549 γοῦν

550 577 647 631 καὶ
692 575 722 626 ό
763 571 976 642 ψαλμδς
1024 572 1260 625 ἐνταῦθα
1300 569 1475 641 δηλῶν
1528 571 1732 639 ἔλεγενο
1788 572 1886 623 Ἐν
1943 568 2133 635 ἐξόδῳ

561 660 809 729 Ἰσραὴλ
837 659 906 723 ἐξ
923 660 1244 729 Αἰγύπτου,
1277 659 1447 713 οίκου
1476 660 1687 713 Ἰακὼϐ
1710 658 1781 712 ἐκ
1799 661 1955 712 λαου
1979 658 2133 723 ,βαρ-

549 750 767 816 ϐιίρου,
812 747 1064 817 ἐγενήθη
1118 746 1368 800 Ἰουδαία
1411 745 1678 815 ἁγίασμα
1719 744 1927 800 αὐτοῦ.
1960 745 2130 796 Τουτ-

550 837 717 896 ίστιν,
736 836 793 886 ἐν
820 837 886 904 τῇ
918 832 1099 902 ἐξόδῳ,
1127 835 1184 885 ἐν
1210 835 1276 903 τῇ
1309 832 1618 904 ἀπαλλαγῇ,
1654 834 1712 885 ἐν
1736 835 1801 902 τῇ
1824 830 2129 901 ἐλευθερία,

547 920 649 992 τῆς
671 919 964 989 Αἰγύπτου.
986 921 1093 971 Kal
1119 918 1423 988 oﬁx‘dnh'bq
1450 915 1622 983 εἶπεν,
1646 920 1969 988 Αἰγύπτου.
1994 916 2132 975 ἀλλά

550 1007 879 1081 προσέθηκε,
915 1005 1075 1061 Λαοῦ
1115 1005 1452 1075 ,βαρϐάρου-
1490 1006 1569 1076 τῷ
1607 1006 1829 1076 ὀνόματι
1875 1004 1983 1059 τῶν
2032 1021 2130 1056 πο-

548 1096 751 1165 λεμίων
790 1094 885 1167 τὴν
926 1094 1251 1164 κηδεμονίαν
1285 1090 1659 1162 ἐνδειξάμενος
1693 1091 1787 1144 τοῦ
1815 1091 1973 1144 Θεοῦ.
2008 1089 2130 1143 Τῶν

548 1184 657 1252 γὰρ
688 1181 937 1251 χαλεπῶν
968 1181 1208 1241 ἐκείνων,
1244 1181 1334 1232 καὶ
1375 1179 1685 1250 ἀνημέρων,
1730 1178 1825 1231 καὶ
1858 1177 2130 1253 βαρϐαρι-

550 1268 786 1339 κώτερον
826 1267 1180 1337 διακειμένων
1211 1265 1521 1335 Αἰγυπτίων
1549 1266 1648 1318 οὑκ
1692 1265 1758 1319 ἂν
1790 1264 2129 1336 ἠδυνήθησαν

547 1356 948 1427 ἀπαλλαγῆναι,
983 1358 1032 1409 εἰ
1065 1355 1140 1426 μὴ
1169 1355 1269 1424 τῆς
1297 1354 1563 1424 κραταιᾶς
1595 1353 1915 1424 ἀπήλαυσαν
1949 1352 2130 1423 χειρὸς

550 1443 644 1498 καὶ
681 1443 777 1511 τῆς
809 1441 989 1509 δεξιᾶς
1034 1442 1132 1511 τῆς
1170 1441 1405 1512 ἀμάχου.
1448 1440 1559 1493 Καὶ
1604 1440 1712 1511 γάρ
1751 1439 1954 1511 θηρίων
1989 1435 2130 1510 ἦσαν

548 1526 893 1599 ἀγριώτεροι,
932 1527 1027 1582 καὶ
1061 1528 1267 1599 πέτρας
1308 1528 1678 1600 σκληρότεροι,
1712 1528 1930 1598 μυρίαις
1975 1527 2132 1583 παιό-

550 1632 700 1685 μενοι
730 1615 986 1682 πληγαῖς,
1013 1615 1108 1669 καὶ
1145 1618 1246 1669 οὑκ
1283 1617 1593 1680 ἐνδιδόντες.
1620 1615 1802 1670 Εἰπὼν
1830 1615 2008 1670 τοίνυν
2037 1615 2130 1669 τὸν

548 1702 676 1759 λαὸν
696 1698 990 1771 βάρϐαρον,
1014 1702 1184 1768 ἔδειξε
1233 1702 1328 1759 τοῦ
1373 1703 1509 1757 Θεοῦ
1556 1705 1654 1774 τῆς
1702 1703 1983 1772 δυνάμεως
2030 1704 2131 1775 τὴν

550 1789 876 1859 ὑπερϐολὴν,
901 1789 985 1843 ὅτι
1022 1788 1116 1840 τὸν
1149 1787 1291 1843 οὕτω
1333 1788 1627 1861 βάρϐαρον,
1661 1789 1752 1847 τὸν
1780 1788 1952 1853 οὓτως
1978 1789 2129 1860 ὠμὸν

549 1873 645 1928 νῦν
686 1875 784 1942 μὲν
827 1874 1033 1936 ἔπεισε,
1073 1874 1169 1931 νῦν
1214 1875 1275 1931 δὲ
1330 1878 1420 1930 καὶ
1467 1876 1671 1931 ἄκοντα
1714 1877 2127 1946 κατηνάγκασεν

550 1961 767 2028 ἀφεῖναι
796 1962 923 2023 τοὺς
948 1961 1190 2026 δούλους,
1221 1962 1318 2017 καὶ
1345 1963 1783 2033 φιλονεικοῦντας
1807 1964 2032 2036 ὕστερον
2058 1965 2126 2035 τῇ

552 2046 791 2120 θαλάττῃ
832 2047 1137 2121 παρέδωκε,
1170 2051 1266 2104 καὶ
1298 2050 1441 2104 οὑτω
1489 2052 1583 2107 τὸν
1615 2052 1744 2108 λαὸν
1788 2050 2128 2122 ἠλευθέρωσε

548 2135 641 2187 τὸν
669 2133 883 2189 ἐαυτοῦ.

619 2244 686 2296 Τί
710 2245 767 2299 δέ
799 2247 967 2309 ἐστιν,
1007 2244 1292 2319 Ἐτενήθη
1335 2246 1586 2301 Ἰουδαία
1613 2247 1879 2315 ἁγίασμα
1906 2244 2091 2299 αὑτοῦ
2108 2262 2127 2309 ;

561 2331 708 2386 Ἀντὶ
736 2332 852 2397 τοῦ,
891 2332 1020 2395 λαὸς
1062 2333 1212 2406 αύτῷ
1238 2334 1534 2406 λατρεύων,
1563 2333 1690 2397 λαὸς
1719 2333 1870 2404 αὑτῷ
1905 2332 2127 2386 ἀνακεί-

553 2436 731 2490 μενος,
764 2419 890 2483 λαὸς
931 2419 1081 2491 αὑτῷ
1118 2421 1485 2493 ᾠκειωμένος.
1522 2422 1798 2492 Ἀγίασμα
1829 2422 1886 2473 δὲ
1924 2420 2129 2491 κυρίως

551 2505 765 2572 ἐλέγετο
787 2508 815 2558 ὁ
839 2506 986 2570 ναὸς,
1013 2508 1082 2560 τά
1098 2507 1286 2575 ἄδυτα,
1310 2508 1379 2562 τά
1409 2510 1577 2577 Ἀγια
1609 2508 1718 2561 τῶν
1738 2508 1929 2575 ἁγίων,
1964 2507 2130 2566 mea,

551 2608 657 2663 περ
686 2590 835 2662 [295]
859 2593 957 2657 xal,
970 2595 1244 2666 Ζαχαρίας
1267 2596 1475 2666 εἰσάγει
1493 2596 1644 2660 τινὰς
1669 2595 2002 2668 ἐρωτῶντας,
2031 2593 2127 2647 καὶ

549 2677 823 2748 λέγοντας·
853 2681 1157 2750 Εἰσῆλθεν
1182 2677 1299 2738 ὦδε
1327 2684 1394 2739 τὸ
1427 2684 1767 2756 ἀγίασμα·ἢ
1800 2683 2128 2752 νηστεύσο-

542 2783 661 2837 per
676 2783 696 2831 ,'
720 2769 846 2839 περί
872 2768 973 2839 τῆς
994 2770 1255 2825 ἐπανόδου
1284 2771 1382 2841 τῆς
1413 2772 1645 2826 κιϐωτοῦ
1698 2773 1792 2825 καὶ
1815 2772 1923 2824 τῶν
1951 2769 2124 2827 ἄλλων

549 2855 804 2909 ἁπάντων
825 2856 1019 2928 δηλῶν.
1051 2858 1335 2928 Ἐγεννήθη
1368 2859 1626 2915 Ἰουδαία
1637 2860 1902 2929 ἀγίασμα
1914 2858 2122 2914 αὐτοῦ.

549 2942 667 3011 Πρὸ
704 2941 813 3013 γὰρ
867 2942 1060 2998 τούτου
1106 2946 1410 3017 ἀκάθαρτός
1459 2965 1542 3010 τις
1577 2942 1647 3017 ἦν
1700 2947 1793 3001 καὶ
1834 2946 2035 3015 ἐναγὴς
2091 2946 2124 3016 ή

550 3027 703 3099 χώρα
726 3046 740 3060 ·
772 3030 959 3101 ἐπειδὴ
997 3031 1053 3084 δὲ
1085 3032 1383 3103 ἐπανῆλθεν
1411 3035 1439 3090 ὁ
1476 3033 1623 3098 λαὸς,
1657 3033 1872 3100 ἐγένετο
1902 3034 1934 3101 ἡ
1975 3031 2126 3096 πόλις

547 3116 795 3186 ἀγίασμα
838 3114 1034 3174 αὑτοῦ·
1077 3119 1371 3184 τουτέστιν,
1412 3120 1662 3190 ἀγίασμα
1701 3121 1865 3191 ἤγετο
1901 3119 1987 3173 διὰ
2027 3122 2125 3190 τῆς

548 3203 865 3268 ἐποπτείας,
925 3205 1016 3259 διά
1053 3206 1164 3262 τῶν
1207 3206 1427 3272 θυσιιῖιν,
1478 3206 1567 3259 διά
1594 3211 1693 3277 τῆς
1735 3207 2009 3277 λατρείας,
2039 3207 2126 3261 διὰ

547 3292 648 3363 τῆς
694 3290 862 3360 άλλης
904 3294 1174 3361 άγιστίας.
1213 3293 1460 3363 Ἰσραὴλ
1513 3294 1766 3357 ἐξουσία
1812 3293 2016 3348 αὑτοῦ.
2058 3293 2123 3347 Τί

549 3377 717 3439 ἐστιν,
759 3378 997 3445 Ἰσραὴλ
1027 3381 1277 3445 ἐξουσία
1297 3381 1515 3446 αὺτοῦ;
1552 3381 1687 3434 Ὑπὸ
1712 3383 1808 3453 τὴν
1832 3382 2005 3452 ἀρχὴν
2029 3382 2125 3441 αὑ-

548 3461 666 3523 τοῦ,
697 3465 849 3531 φησί.
880 3467 1074 3520 Καίτοι
1116 3471 1267 3521 πάσα
1296 3471 1328 3539 ή
1360 3469 1649 3539 οἰκουμένη
1683 3470 1787 3521 ὑπὸ
1819 3468 1918 3541 τὴν
1959 3467 2121 3526 αὑτοῦ

548 3549 724 3618 ἀρχὴν
772 3544 860 3620 ἦν,
913 3550 1027 3604 ἀλλ’
1075 3549 1219 3607 οἷτοι
1270 3556 1363 3608 καὶ
1416 3557 1534 3608 κατ’
1580 3557 1855 3609 οἰκείωσιν
1905 3557 2118 3629 ἐτέραν.

559 3632 776 3705 Ἐπειδὴ
805 3638 897 3690 καὶ
944 3640 1278 3710 προφητείας
1310 3641 1573 3712 ἐδέχοντο,
1599 3643 1693 3699 καὶ
1730 3642 1997 3714 διελέγετο
2026 3643 2123 3696 αὐ-

546 3725 680 3786 τοῖς,
716 3724 810 3779 καὶ
840 3723 910 3778 τά
941 3727 1061 3778 κατ’
1098 3727 1293 3791 αὐτοὺς
1342 3728 1610 3799 ᾠκονόμει
1670 3728 1953 3800 μειζόνως.
1987 3726 2122 3785 Εἶτα

547 3810 672 3865 καθ’
703 3810 887 3881 ἓτερον
931 3812 987 3864 δὲ
1020 3814 1217 3882 τρόπον
1259 3815 1351 3868 καὶ
1384 3815 1511 3878 λαὸς
1542 3817 1709 3871 αὑτοῦ
1758 3817 2117 3890 ἐχρημάτιζε.

546 3899 657 3955 Kal
694 3899 802 3968 γάρ
832 3895 910 3968 τῷ
948 3899 1178 3968 νεύματι
1212 3899 1288 3974 τῷ
1342 3903 1550 3959 ἐκείνου
1599 3903 1861 3967 πολλάκις
1907 3906 2002 3958 καὶ
2039 3907 2121 3971 εἰς

546 3984 817 4055 πολέμους
859 3985 1110 4057 ἐξῄεσαν,
1145 3988 1240 4043 καὶ
1277 3989 1445 4059 πολλά
1475 3988 1581 4045 τῶν
1615 3990 1789 4045 ἄλλων
1828 3991 2115 4063 ἔπραττον.

546 4072 905 4145 Βαρϐαρικῶν
932 4075 1041 4144 γὰρ
1067 4076 1262 4139 αὑτοὺς
1292 4076 1605 4143 ἀπαλλάξας
1638 4079 1857 4149 χειρῶν,
1887 4080 1979 4132 καὶ
2024 4097 2120 4136 τυ-

546 4161 814 4232 ραννίδος,
861 4163 957 4216 καὶ
992 4163 1258 4226 δουλείας,
1302 4165 1395 4219 καὶ
1440 4165 1684 4221 κινδύνου
1738 4168 1989 4241 ἐσχάτου,
2027 4168 2120 4223 κα).

545 4252 865 4321 παρανόμου
896 4253 1142 4322 γνώμης,
1172 4253 1396 4320 γέγονεν
1427 4255 1607 4307 αὐτῶν
1642 4256 1916 4325 βασιλεύς.
1949 4257 2119 4313 Τοῦτο

543 4338 675 4410 γοῦν
708 4340 802 4392 καὶ
840 4338 1072 4409 ἀλλαχοῦ
1101 4339 1605 4411 δικαιολογούμενος
1634 4344 1728 4396 καὶ
1773 4343 2006 4410 δεικνὺς,
2037 4347 2118 4399 ὅτι

544 4425 808 4496 πρότερον
846 4427 915 4481 τά
949 4429 1079 4495 παρ’
1123 4428 1317 4481 ἐαυτοῦ
1360 4429 1769 4499 ἐπιδειξάμενος
1815 4432 2016 4502 ἀπῄτει
2048 4431 2119 4484 τά

542 4511 674 4578 παρ’
699 4512 945 4577 ἐκείνων,
969 4513 1121 4579 ἔλεγε
1139 4530 1152 4545 ’
1175 4513 1272 4579 Μὴ
1302 4513 1517 4585 ἕρημος
1546 4517 1839 4585 ἐγενόμην
1861 4518 1943 4583 τῷ
1973 4519 2117 4587 οἴκῳ

553 4598 830 4666 Ἰσραὴλ,
873 4598 912 4667 ἢ
952 4599 1028 4669 τῆ
1075 4603 1527 4671 κεχερσωμένη;
1561 4606 1626 4659 Ὃ
1670 4605 1728 4657 δὲ
1779 4606 1925 4674 λέγει
1956 4606 2116 4663 τοῦτό

541 4687 694 4742 ἐστι’
723 4687 815 4757 Μὴ
848 4688 1116 4758 ἄκαρπος,
1149 4690 1335 4760 φησὶν,
1364 4692 1492 4762 ὑμῖν
1525 4694 1825 4765 ἐγενόμηνς
1853 4697 1913 4748 οὺ
1948 4696 2115 4768 μυρία

541 4773 725 4861 ἀγαθά
761 4776 842 4839 εἰς
882 4776 1029 4845 ὑμᾶς
1070 4777 1462 4850 ἐπε’δειξάμην;
1512 4780 1574 4837 οὑ
1609 4783 1709 4859 τὴν
1749 4783 1910 4852 φύσιν
1947 4784 2115 4861 αὑτήν

542 4860 869 4939 μετέϐαλον;
899 4863 960 4918 οὐ
982 4862 1052 4915 τὰ
1076 4867 1313 4935 στοιχεῖα
1340 4867 1478 4939 πρὸς
1503 4867 1603 4940 τήν
1626 4870 1929 4941 ὑπηρεσίαν
1966 4874 2115 4943 ὀμῶν

539 4948 883 5022 ὲρῤύθμισα;
922 4950 982 5002 οὑ
1017 4950 1293 5023 διαγωγὴν
1340 4954 1469 5023 ὑμῖν
1519 4957 1859 5032 ἐχαοισάμην
1899 4960 2114 5033 ἀνθρω-

540 5037 713 5092 πίνων
744 5037 1174 5109 ἀπηλλαγμένην
1218 5040 1426 5108 πόνων;
1459 5045 1557 5097 Διὰ
1602 5043 1760 5099 τοῦτό
1809 5064 1979 5117 φησιο
2015 5051 2112 5120 Μὴ

536 5127 760 5194 ἕρημος
789 5125 1086 5196 ἐγενόμην
1112 5125 1191 5197 τῷ
1227 5128 1369 5197 οἰκῳ
1404 5129 1681 5201 ’1σραήλ;
1708 5133 2020 5203 Τουτέστιν,
2052 5140 2111 5195 οὑ

541 5213 766 5285 μυρίους
796 5215 1003 5286 ἤνεγκα
1037 5216 1315 5288 καρπούςς
1342 5217 1653 5292 ἐλευθερίαν
1686 5221 1781 5275 ἀπ’
1808 5224 2109 5293 Αἰγύπτου,

535 5302 858 5374 ἀπαλλαγὴν
910 5303 1220 5378 βαρϐάρων,
1253 5306 1549 5376 θαυμάτων
1591 5309 1874 5381 ἐπίδειξιν,
1919 5312 2017 5384 τήν
2052 5315 2111 5369 ἐν

534 5389 635 5459 ὲρή
646 5407 729 5459 μῳ
754 5390 1054 5465 διαγωγὴν,
1081 5394 1179 5465 τὴν
1202 5395 1304 5464 τῆς
1334 5394 1698 5469 Παλαιστίνης
1722 5398 2107 5472 κληρονομίαν,

533 5476 633 5546 τὴν
660 5477 769 5529 τῶν
810 5478 980 5533 ἐθνῶν
1014 5480 1301 5550 κράτησιν,
1349 5482 1418 5538 τὰ
1466 5486 1663 5556 συνεχῆ
1706 5487 1963 5556 τρόπαια,
2009 5489 2110 5555 τὰς

534 5565 867 5635 ἐπαλλήλους
896 5569 1073 5633 νίκας,
1100 5570 1169 5624 τά
1197 5572 1452 5644 θαύματα
1477 5573 1544 5628 τὰ
1579 5575 1878 5645 παράδοξα,
1911 5579 1977 5633 τὰ
2019 5597 2109 5633 τε·

533 5652 731 5726 ράστια
759 5653 828 5705 τὰ
872 5657 1092 5727 συνεχῆ,
1126 5659 1223 5728 τῆς
1268 5660 1372 5729 γῆς
1415 5662 1511 5733 τὴν
1544 5661 1853 5734 εὐετηρίαν,
1879 5666 1974 5719 τοῦ
2016 5668 2106 5735 γέ-

532 5754 658 5799 νους
685 5738 838 5811 ὑμῶν
871 5741 969 5811 τὴν
1009 5743 1270 5809 ἐπίδοσιν,
1317 5746 1415 5823 τήν
1451 5748 1729 5824 πανταχοῦ
1773 5753 1873 5829 τῆς
1923 5754 2104 5815 οἰκου-

1263 369 1320 423 S.
1358 368 1642 425 JOANNIS
1675 367 2159 426 CHRYSOSTOMI
2195 368 2511 425 ARCHQEP.
2542 365 3092 425 CONSTANTINOP.

3702 363 3823 418 306

2241 481 2408 552 μένης
2437 479 2616 545 δόξαν,
2641 479 2807 551 ἐτερα
2837 477 3033 550 μυρία;
3064 471 3217 540 Εἶδες
3246 474 3489 545 καρποὺς
3516 474 3611 526 τοῦ
3637 474 3811 545 Θεοῦι

2234 567 2331 621 Διά
2382 567 2539 621 τοῦτο
2587 567 2872 636 ἐπήγαγε·
2914 564 3013 632 Μὴ
3060 561 3135 634 γῆ
3170 562 3469 631 ἐγενόμην
3511 579 3815 632 κεχερσωι

2231 655 2425 725 μένης
2465 654 2777 719 Τουτέστιν,
2818 653 2896 706 (ἰὺ
2932 652 3156 723 μυρίους
3180 649 3475 721 ἐδρέψασθε
3507 652 3638 722 παρ’
3669 652 3813 724 ἐμοῦ

2239 741 2513 810 καρπούςς
2546 741 2647 794 οὑκ
2681 739 2960 811 ηὑλόγησα
3002 737 3100 810 τὴν
3138 735 3340 791 εἴσοδον
3382 736 3536 804 ὑμῶν
3577 738 3674 791 καὶ
3708 745 3814 810 τήν

2217 828 2411 894 ,ἔξοδον
2462 827 2636 899 ὑμῶν,
2681 827 2753 880 τὰ
2802 825 3025 896 ποίμνια
3078 824 3251 895 ὑμῶν,
3301 822 3395 877 καὶ
3440 824 3510 878 τά
3556 824 3817 894 βουκόλια

2232 915 2407 986 ὑμῶν,
2453 915 2545 968 τὸν
2597 915 2758 985 ἄρτον
2807 912 2984 985 ὑμῶν,
3032 912 3128 967 καὶ
3169 911 3232 965 τὺ
3285 910 3431 982 ὕδωρ
3483 911 3669 981 ὑμῶν;
3707 915 3814 966 οὑκ

2230 1003 2290 1057 ἐν
2333 1001 2603 1079 ἀσφαλείᾳ
2647 1000 2988 1071 κατέστησας
3023 999 3083 1053 οὐ
3119 1000 3282 1058 πᾶσιν
3325 997 3656 1071 ἀχειριῖιτους
3689 999 3815 1070 sip-

2235 1088 2513 1162 γασάμην,
2561 1087 2624 1141 οὑ
2672 1086 2934 1158 φοϐεροὺς
2984 1086 3080 1139 καὶ
3127 1086 3403 1157 ἀμάχους;
3439 1087 3500 1138 οὑ
3553 1085 3814 1158 καθάπερ

2233 1177 2342 1233 ἀπὸ
2378 1176 2571 1247 πηγῶν
2607 1175 2783 1229 πάντα
2814 1176 2945 1245 ἡμῖν
2974 1175 3195 1244 ἐπέρρει
3219 1174 3289 1229 τὰ
3312 1173 3420 1230 ἀπὸ
3448 1175 3548 1246 τῆς
3583 1176 3709 1245 γῆς,
3736 1176 3818 1229 τὰ

2231 1262 2341 1318 ἀπὸ
2380 1263 2474 1316 τοῦ
2508 1263 2773 1335 οὑρανοῦ;
2802 1261 2906 1315 Τδν
2943 1260 3052 1333 γὰρ
3086 1262 3321 1332 ἄρχοντα
3366 1262 3537 1323 ταῦτα
3573 1263 3814 1333 μάλιστα

2230 1352 2490 1415 δείκνυσι,
2520 1352 2581 1407 τὸ
2617 1353 2862 1425 προνοεῖν
2888 1350 2999 1404 τῶν
3027 1351 3303 1422 ὑπηκόων,
3325 1350 3386 1405 τδ
3419 1351 3680 1424 κήδεσθαι
3712 1368 3814 1414 κα,

2231 1439 2562 1511 φροντίζειν.

2303 1526 2373 1596 β’.
2397 1525 2489 1578 Διὸ
2519 1526 2615 1578 καὶ
2640 1525 2669 1577 ό
2693 1522 2924 1597 Χριστὸς
2948 1523 3159 1593 ελεγενο
3203 1523 3258 1577 ὀ
3277 1523 3503 1595 ποιμὴν
3532 1527 3567 1580 δ
3593 1523 3809 1591 καλὸς-

2230 1614 2333 1668 οὑκ
2354 1609 2495 1678 εἷπε,
2530 1612 2768 1683 Τιμᾶται
2801 1612 2895 1664 καὶ
2927 1610 3310 1682 θεραπεύεται,
3349 1612 3509 1679 ἀλλά,
3544 1612 3659 1681 τὴν
3687 1616 3812 1683 ﬁo-

2230 1700 2353 1771 χὴν
2400 1699 2588 1755 αὑτοῦ
2638 1699 2880 1765 τίθησιν
2913 1698 3061 1766 ὑπὲρ
3108 1697 3229 1753 τῶν
3259 1700 3587 1768 προϐάτων.
3634 1699 3810 1758 Τοῦτο

2229 1787 2393 1859 ἀρχὴ,
2417 1786 2573 1844 τοῦτο
2603 1785 2937 1857 ποιμαντικὴ
2967 1785 3269 1856 ἐπιστήμη,
3292 1785 3353 1839 τὸ
3378 1785 3447 1839 τά
3474 1784 3640 1839 αὑτοῦ
3670 1804 3812 1858 παρ’

2229 1868 2379 1947 ορᾷν,
2403 1874 2496 1946 [29
2506 1874 2553 1945 ί]
2587 1875 2681 1929 καὶ
2703 1875 2770 1928 τά
2792 1874 2902 1928 τῶν
2924 1875 3243 1945 ἀρχομένων
3270 1876 3541 1946 μεριμνᾷν
3559 1887 3609 1929 ι.
3631 1876 3811 1947 Ὅπερ

2227 1966 2338 2034 γάο
2367 1966 2516 2019 ἐστιν
2544 1963 2750 2034 ἰατρὸς,
2774 1963 2932 2018 τοῦτό
2973 1965 3122 2021 ἐστιν
3146 1964 3358 2035 ἀρχωνο
3390 1965 3591 2034 μᾶλλον
3612 1965 3671 2019 δέ
3706 1967 3807 2026 καὶ

2233 2050 2417 2123 ἰατροῦ
2449 2051 2629 2105 πλέον.
2668 2049 2726 2104 ‘0
2762 2052 2859 2122 μὲν
2889 2051 2997 2122 γάρ
3033 2051 3216 2123 ἰατρὸς
3247 2054 3313 2122 τῇ
3358 2052 3525 2125 τέχνῃ
3566 2054 3667 2123 τὴν
3702 2070 3813 2106 σω-

2225 2140 2424 2210 τηρίαν
2469 2143 2866 2210 περιποιεῖταιο
2894 2142 2926 2194 ό
2955 2139 3012 2193 δέ
3040 2141 3224 2211 ἄρχων
3273 2140 3368 2195 καὶ
3394 2142 3452 2196 ἐν
3495 2142 3612 2204 τοῖς
3656 2140 3811 2206 ἰδίοις

2226 2226 2513 2292 κινδύνοις.
2546 2229 2723 2298 Ὅπερ
2747 2230 2843 2281 καὶ
2870 2228 2899 2281 ὁ
2946 2227 3180 2299 Χριστὸς
3210 2227 3453 2298 ἐποίησε,
3495 2228 3809 2299 ῥαπισθεὶς,

2229 2314 2583 2383 σταυρωθεὶς,
2609 2314 2680 2371 τά
2708 2314 2878 2387 μυρία
2904 2314 3113 2369 παθών.
3138 2315 3229 2368 Διὸ
3257 2315 3353 2369 καὶ
3383 2314 3594 2378 Παῦλος
3618 2314 3809 2384 ἐλεγεο

2226 2401 2338 2456 Καὶ
2368 2403 2477 2471 γὰρ
2515 2406 2548 2457 ό
2579 2400 2834 2470 Χριστὸς
2858 2404 2972 2471 οὐχ
3017 2400 3208 2467 ἐαυτῷ
3246 2402 3489 2471 ἤρεσεν,
3515 2404 3681 2458 ἀλλὰ
3710 2419 3813 2457 πα-

2227 2488 2343 2553 θὼς
2375 2491 2729 2556 γέγραπται·
2769 2491 2834 2541 οι
2883 2487 3209 2556 ὀνειδισμοὶ
3242 2482 3361 2542 τῶν
3399 2487 3812 2547 ὀνειδιζόντων

2226 2590 2301 2631 σε
2337 2577 2639 2631 ἐπέπεσον
2672 2576 2765 2629 ἐπ’
2809 2576 2932 2645 ἐμέ.
2983 2576 3088 2629 Δύο
3128 2577 3309 2631 τοίνυν
3358 2577 3557 2646 μᾶλλον
3605 2576 3663 2630 δὲ
3711 2578 3812 2637 καὶ

2224 2666 2372 2735 τρεῖς
2403 2663 2497 2716 καὶ
2545 2662 2744 2733 μυρίας
2784 2662 2997 2734 τίθησιν
3041 2662 3275 2718 ἐνταῦθα
3331 2664 3679 2736 εὐεργεσίας.
3722 2665 3810 2723 ὅτι

2227 2751 2517 2822 βαρϐάρων
2545 2749 2874 2820 ἀπήλλαξεν,
2915 2751 2997 2804 ὅτι
3036 2751 3137 2816 τῆς
3176 2749 3459 2820 ἀλλοτρίας
3497 2750 3809 2822 ἠλευθέρω-

2228 2855 2338 2901 σεν,
2372 2839 2451 2892 ὅτι
2474 2837 2719 2901 δουλείας
2752 2836 3026 2902 ἐξέὸαλεν,
3055 2838 3137 2898 ὅτι
3169 2838 3363 2901 πόνους
3392 2837 3547 2890 ἔλυσε
3581 2838 3679 2891 καὶ
3710 2853 3811 2890 τα-

2224 2924 2550 2996 λαιπωρίας,
2580 2925 2660 2978 ὅτι
2702 2925 2871 2995 μυρία
2899 2924 3157 2995 θαύματα
3201 2925 3523 2995 εἰργάσατο*
3557 2919 3679 2977 εἶτα
3723 2924 3810 2983 ὅτε

2226 3014 2320 3069 καὶ
2350 3014 2599 3083 ἀγίασμα
2634 3012 2802 3069 αὑτοῦ
2851 3013 3048 3076 αὐτοὺς
3083 3012 3387 3082 κατηξίωσε
3423 3011 3676 3081 γενέσθαι
3710 3012 3811 3066 καὶ

2225 3102 2519 3173 ὑπηκόους.
2552 3103 2662 3156 Καὶ
2695 3101 2804 3174 γὰρ
2830 3103 2924 3157 καὶ
2964 3103 3123 3155 τοῦτο
3151 3104 3210 3154 οὑ
3250 3102 3444 3173 μικρὸν
3482 3102 3812 3172 εὐεργεσίας

2224 3183 2384 3251 εἶδος,
2406 3186 2466 3239 τὸ
2492 3187 2549 3240 ἐν
2575 3187 2728 3253 τάξει
2756 3187 2863 3242 τῶν
2895 3189 3152 3263 ὑπηκόων
3176 3189 3374 3251 αὐτοὺς
3404 3189 3727 3257 καταλέγειν
3749 3188 3807 3252 δ,

2235 3276 2306 3329 Ἦ
2323 3274 2606 3329 θάλασσα
2620 3271 2762 3338 εἶδε,
2784 3275 2882 3330 καί
2902 3274 2978 3343 ἐφ
2986 3291 3127 3343 urar
3141 3292 3153 3304 '
3169 3277 3202 3329 ό
3218 3274 3515 3343 Ἰορδάνης
3530 3274 3807 3345 ἐστράφη

2221 3365 2308 3431 εἰς
2353 3360 2423 3415 τὰ
2472 3362 2683 3416 ὀπίσω.
2710 3363 2851 3432 Ὅρα
2894 3363 2984 3417 τὸν
3025 3362 3183 3431 λόγον
3228 3363 3655 3434 κορυφούμενον,
3707 3362 3807 3421 καὶ

2220 3452 2320 3518 τὴν
2371 3450 2688 3519 εὐεργεσίαν
2739 3449 3134 3520 αὐξανομένην.
3189 3448 3253 3503 Τί
3304 3452 3416 3519 γάρ
3465 3450 3547 3503 δεῖ
3595 3449 3803 3519 λέγειν,

2223 3536 2378 3606 φησὶ,
2410 3537 2539 3607 περί
2570 3535 2862 3607 βαρϐάρων
2891 3538 2987 3590 καὶ
3015 3535 3206 3598 ἐθνῶν,
3232 3537 3395 3591 ὁπότε
3427 3539 3521 3591 καὶ
3552 3539 3586 3607 ἡ
3622 3537 3807 3602 κτίσις

2222 3625 2565 3690 ὑπεξίστατο,
2599 3625 2691 3678 καὶ
2741 3623 3074 3695 παρεχώρει,
3127 3625 3223 3678 καὶ
3276 3625 3415 3695 πρὸς
3467 3625 3534 3683 τὰ
3579 3626 3804 3683 ἐναντία

2223 3712 2533 3783 μεθίστατο,
2561 3712 2654 3765 τὸν
2685 3710 3096 3782 στρατηγοῦντα
3138 3711 3347 3782 δρῶσα,
3397 3712 3492 3770 καὶ
3540 3712 3619 3783 τῷ
3660 3713 3806 3784 δημ,

2218 3799 2424 3868 ἀγωγῷ
2454 3799 2887 3869 παραχωροῦσας
2917 3800 3099 3853 Πάντα
3127 3799 3236 3871 γὰρ
3261 3800 3383 3854 τότε
3414 3800 3492 3871 τῷ
3529 3801 3688 3871 δήμῳ
3720 3801 3803 3872 τῷ

2219 3885 2331 3941 τῶν
2364 3884 2628 3955 Ἐϐραίων
2666 3884 2992 3950 ὑπεξίστατο
3036 3887 3133 3944 καὶ
3180 3886 3518 3958 παρεχώρει,
3565 3888 3653 3940 ἵνα
3689 3888 3800 3957 μάν

2220 3972 2409 4036 θωσιν,
2438 3973 2523 4024 ὅτι
2551 3972 2653 4025 οὐκ
2696 3971 3048 4042 ἀνθρωπίνης
3085 3973 3411 4037 ἀκολουθίας
3444 3969 3513 4044 ἦν
3543 3974 3613 4028 τά
3651 3975 3802 4042 γινόφ

2223 4075 2378 4130 μενα,
2418 4057 2552 4110 ἀλλά
2580 4057 2731 4120 θείας
2772 4058 2865 4111 καὶ
2898 4059 3213 4129 ἀπορρήτου
3254 4059 3538 4129 δυνάμεως
3564 4060 3632 4114 τὰ
3658 4060 3799 4114 θαυο

2222 4143 2674 4216 ματουργούμενα
2705 4145 2939 4198 ἅπαντα.
2972 4146 3084 4198 Kal
3116 4146 3221 4215 δρα
3267 4145 3367 4216 τὴν
3414 4145 3653 4216 ἔμφασιν
3694 4148 3797 4217 τῆς

2217 4230 2436 4296 λέξεως,
2467 4231 2585 4293 πῶς
2611 4231 2850 4300 ἀρίστως
2878 4231 3048 4302 αὑτὴν
3081 4231 3344 4291 τέθεικεν.
3374 4233 3450 4286 Οὑ
3479 4233 3587 4304 γὰρ
3616 4229 3794 4286 εἷπενο

2231 4318 2625 4391 Ἀνεχώρησεν,
2644 4318 2787 4381 οὑδὲ,
2821 4319 3121 4389 ’Υπεξέστη
3141 4336 3154 4350 ⁸
3176 4320 3373 4374 ἀλλάτί
3388 4339 3401 4354 ·
3436 4321 3799 4377 Ἠθάλασσα

2215 4404 2357 4471 εἶδε,
2398 4410 2497 4461 καί
2548 4408 2763 4477 ἐφυτε-
2804 4408 2866 4461 τὺ
2910 4409 3075 4480 τάχος
3128 4410 3228 4482 τῆς
3283 4411 3684 4483 ἀναχωρήσεως
3724 4412 3795 4487 τῇ

2218 4496 2364 4564 φυγῇ
2399 4494 2746 4565 παραστῆσαι
2794 4493 3133 4565 βουλόμενος,
3181 4496 3241 4549 τὸ
3286 4496 3517 4567 μέγεθος
3557 4499 3657 4569 τῆς
3696 4501 3796 4554 ἐκ·

2219 4580 2486 4649 πλήξεως,
2517 4580 2578 4634 τὸ
2608 4579 2827 4634 εὑκολον
2857 4581 2957 4651 τῆς
2990 4583 3272 4653 ἐνεργείας
3302 4581 3397 4638 τοῦ
3428 4584 3586 4639 Θεοῦ.

2287 4667 2398 4720 Kal
2425 4666 2510 4719 ἴνα
2544 4667 2617 4738 μή
2650 4684 2735 4730 τις
2764 4668 2959 4740 νομίσῃ
2990 4670 3053 4722 ἐκ
3079 4670 3329 4740 περιόδου
3359 4672 3502 4736 τινὲς
3543 4672 3638 4727 καὶ
3675 4691 3800 4729 συν-

2214 4753 2408 4829 τυχίας
2439 4752 2597 4806 τοῦτο
2636 4754 2903 4823 γίνεσθαι,
2934 4754 2995 4819 ἐξ
3039 4756 3250 4811 ἐκείνου
3297 4758 3397 4811 οὑκ
3435 4758 3513 4811 ἔτι
3547 4760 3791 4828 γέγονεν,

2216 4841 2331 4894 ἀλλ’
2357 4841 2535 4908 ἅπαξ,
2578 4842 2668 4893 ὅτε
2693 4842 2720 4893 ὁ
2761 4842 2893 4906 Θεὸς
2938 4842 3211 4908 ἐκέλευσε,
3250 4846 3344 4903 καὶ
3386 4848 3481 4899 ἐπὶ
3520 4847 3793 4919 διαφόρων

2218 4927 2542 4998 προσώπων.
2586 4929 2696 4985 Καὶ
2734 4930 2843 5001 γὰρ
2882 4932 2915 5001 ἡ
2958 4931 3192 4996 ἄτακτος
3238 4932 3348 4986 τῶν
3396 4934 3604 4993 ὑδάτων
3641 4936 3791 5009 ῥύμη

2214 5014 2463 5084 καθάπερ
2491 5014 2680 5087 λογική
2708 5033 2795 5079 τις
2827 5017 2921 5073 καὶ
2948 5017 3209 5088 ἔμψυχος,
3250 5020 3344 5074 τοῦ
3376 5020 3509 5075 Θεοῦ
3544 5022 3793 5077 κελεύον-

2212 5118 2323 5167 τος,
2370 5100 2511 5159 οὕτω
2544 5102 2670 5164 τοὺς
2706 5103 2804 5172 μὲν
2856 5102 3047 5169 ἐσωσε,
3090 5107 3212 5169 τοὺς
3263 5107 3319 5160 δὲ
3351 5106 3630 5175 ἀπώλλυε,
3676 5113 3790 5175 τοῖς

2214 5191 2317 5262 μέν
2348 5191 2539 5259 τάφος,
2578 5192 2692 5252 τοῖς
2724 5191 2783 5247 δὲ
2811 5192 2993 5262 ὄχημα
3034 5195 3314 5268 γινομένη.
3344 5196 3518 5251 Τοῦτο
3563 5198 3658 5252 καὶ
3691 5200 3788 5259 ἐπὶ

2211 5278 2313 5346 τῆς
2360 5277 2704 5341 Βαϐυλωνίας
2743 5279 2973 5349 καμίνου
3016 5280 3115 5334 ίδοι
3152 5299 3237 5345 τις
3286 5283 3374 5343 ἀν.
3417 5285 3529 5339 Καὶ
3572 5288 3680 5357 γὰρ
3725 5288 3786 5343 τὸ

2210 5366 2343 5436 πῦρ,
2368 5365 2430 5417 τὸ
2456 5366 2645 5429 ἁπλῶς
2676 5367 2770 5420 καὶ
2803 5367 2879 5430 ὡς
2906 5366 3070 5439 ἔτυχε
3101 5370 3423 5441 φερόμενον,
3464 5372 3664 5445 πολλὴν
3693 5374 3785 5426 εὑ-

2209 5452 2399 5519 ταξίαν
2428 5452 2791 5518 ἐπεδείκνυτο,
2820 5456 2912 5507 ὅτε
2939 5456 2969 5506 ό
2997 5455 3131 5519 Θεὸς
3158 5457 3411 5523 ἐπέταξε,
3437 5458 3533 5524 οὓς
3562 5461 3667 5530 μὲν
3694 5459 3780 5513 ἐνν

2207 5535 2297 5590 δον
2325 5533 2439 5607 εἶχε
2483 5536 2767 5602 διασῶζον,
2810 5538 2936 5603 τοὺς
2970 5538 3028 5592 δὲ
3059 5540 3257 5605 ἔξωθεν
3307 5542 3782 5621 περικαθημένους

2578 5666 2589 5689 \

2269 5706 2295 5769 ξ
2320 5703 2443 5769 ﬁeg.
2463 5708 2615 5769 ῑατᾷν.

2269 5764 2298 5809 ι»
2322 5764 2443 5834 ﬂag.
2465 5764 2633 5831 αὐτοὺς
2655 5768 2977 5824 κατατάττειν.
