4018 6268
336 430 468 485 505

344 635 675 695 ostendens?
702 635 815 689 Iloc
841 648 968 702 ergo
998 632 1237 686 Psalmus
1257 644 1465 699 quoque
1493 627 1581 684 hic
1606 626 1927 695 signiﬁcans,

348 729 564 784 diccbat
591 744 605 780 :
636 726 702 779 In
736 725 870 781 exitu
901 723 1064 778 Israel
1102 723 1165 776 de
1189 719 1449 791 Egypto,
1477 719 1656 772 domus
1682 716 1843 770 Jacob
1868 716 1932 769 de

347 819 541 895 papula
566 817 802 882 barbaro,
831 817 967 885 facta
996 823 1068 868 est
1095 811 1280 866 Iudaea
1306 810 1640 879 sanctiﬁcatio
1665 808 1793 879 ejus.
1818 807 1930 861 Hoc

342 921 463 976 est,
488 910 540 963 in
574 908 750 972 exitu,
779 905 833 960 in
863 919 1112 968 recessu,
1142 903 1195 956 in
1233 901 1544 956 liberatione
1577 898 1645 953 ab
1674 899 1925 969 Egypto.

343 1001 461 1056 Non
490 1000 626 1054 dixit
665 1007 842 1053 autem
873 998 1044 1053 solum
1073 996 1150 1050 De
1177 994 1441 1066 Ai'gypto,
1468 993 1562 1048 sed
1583 992 1777 1063 adjecit
1807 1011 1821 1047 :
1847 991 1945 1048 De'

344 1089 536 1164 populo
556 1089 770 1145 barbaro
792 1105 811 1143 :
825 1088 1039 1144 nomine
1055 1086 1283 1141 hostium
1301 1084 1393 1139 Dei
1416 1098 1595 1139 curam
1617 1081 1924 1137 ostendens.

344 1183 429 1237 Ab
456 1182 558 1235 illis
586 1181 730 1235 enim
764 1178 1066 1234 crudelibus
1093 1186 1147 1231 et
1184 1176 1501 1231 immanibus
1527 1173 1793 1247 Egyptiis
1818 1190 1925 1229 non

346 1273 650 1342 potuissent
676 1270 915 1333 liberari,
949 1268 1046 1323 nisi
1093 1267 1402 1322 habuissent
1430 1281 1643 1320 manum
1690 1264 1920 1330 fortem,

342 1374 402 1419 ει
428 1363 702 1419 dexteram
726 1360 1204 1432 ineXpngnabilem.
1235 1357 1403 1413 Erant
1425 1358 1567 1412 enim
1594 1357 1720 1412 ieris
1739 1357 1927 1412 satric-

342 1472 455 1524 res,
477 1463 531 1510 et
556 1455 722 1527 petris
743 1452 985 1509 duriores
1014 1466 1029 1504 :
1060 1451 1287 1521 quicum
1307 1458 1381 1504 tot
1400 1450 1697 1518 acciperent
1719 1449 1922 1519 plagas,

342 1548 568 1602 minime
590 1543 866 1600 cederent.
894 1541 1185 1613 Postquam
1214 1528 1346 1611 erg6
1366 1539 1498 1594 dixit
1527 1538 1778 1609 potiulum
1798 1538 1923 1592 har-

342 1637 558 1703 bartun,
590 1635 837 1700 ostendit,
858 1647 1012 1704 quam
1038 1647 1229 1702 magna
1258 1641 1400 1688 esset
1420 1631 1513 1687 Dei
1540 1631 1924 1702 potentiaque:

343 1729 485 1783 adeo
513 1727 792 1782 barbarum
814 1766 830 1788 ,
859 1725 993 1779 adeo
1012 1724 1286 1779 etl'eratum
1318 1722 1589 1777 hominem
1620 1737 1764 1777 nunc
1805 1723 1924 1791 qui»

353 1819 482 1874 dem
514 1816 791 1887 persuasit,
824 1830 962 1870 nunc
986 1830 1113 1869 vero
1139 1814 1224 1868 vel
1261 1813 1479 1867 invitum
1522 1813 1695 1882 coegit
1737 1826 1926 1867 servos

343 1908 640 1972 dimittere,
670 1916 725 1961 et
759 1905 1141 1962 contendentes
1167 1913 1351 1975 postea
1374 1903 1509 1958 mari
1538 1902 1738 1970 obruit,
1769 1911 1823 1959 et
1851 1902 1921 1956 ita

345 2017 505 2063 suum
529 2001 776 2071 populmn
805 1997 1070 2053 liberavit.

420 2093 685 2158 Quomodo
714 2089 898 2144 Iudam
935 2088 1267 2157 sanctiﬁcatio
1302 2086 1439 2153 Dei;
1483 2084 1732 2156 quomodo
1759 2083 1927 2139 Israel

341 2185 503 2256 ipsius
534 2192 770 2252 potestas.
796 2210 862 2221 —
883 2180 1020 2248 Quid
1065 2188 1150 2234 est
1187 2187 1383 2244 autem,
1411 2177 1575 2231 Facta
1618 2188 1691 2232 est
1736 2176 1924 2231 Judwa

341 2275 676 2345 sanctiﬁcatio
702 2275 811 2344 ejus
834 2274 858 2327 ?
879 2272 931 2327 Id
954 2281 1057 2337 est,
1087 2271 1324 2342 Populus
1344 2270 1392 2325 ei
1432 2271 1703 2337 serviens,
1728 2278 1782 2325 ct
1800 2266 1921 2325 eoin

340 2369 526 2423 colens
550 2381 565 2419 :
595 2366 819 2435 populus
839 2365 887 2419 ci
919 2364 1157 2420 addictus
1177 2362 1449 2432 ,‘populus
1491 2362 1539 2417 ei
1566 2362 1732 2417 factus
1759 2374 1921 2432 pecu-

342 2459 509 2513 liaris.
532 2455 887 2512 Sanctilicatio
905 2465 1077 2509 autem
1108 2455 1317 2525 proprie
1336 2454 1626 2521 dicebatur,
1642 2454 1920 2522 templum,

341 2549 537 2622 adyta,
567 2558 747 2603 sancta
779 2559 1108 2614 sanctorum,
1152 2544 1600 2616 quemadmodum
1641 2544 1923 2599 Zacharias

341 2654 555 2710 quoque
585 2638 872 2693 introducit
909 2637 1113 2706 aliquos
1138 2645 1417 2706 rogantes,
1441 2645 1494 2691 et
1517 2635 1754 2691 dicentes
1786 2652 1801 2689 :
1830 2634 1922 2689 In-

340 2750 510 2813 gresso
522 2743 595 2788 est
612 2732 706 2785 huc
726 2732 1075 2800 sanctiﬁcatio,
1097 2747 1163 2784 an
1174 2730 1520 2800 jejunabimus
1537 2728 1552 2759 ¹
1572 2729 1750 2803 (Zach.
1771 2730 1822 2783 7.
1839 2726 1922 2801 5)?

338 2825 409 2879 de
436 2823 609 2879 reditu
645 2838 783 2895 arca:
811 2832 864 2877 et
891 2823 1112 2877 aliorum
1143 2823 1378 2877 omnium
1407 2822 1727 2892 signiﬁcans.
1758 2821 1919 2876 Facta

339 2926 413 2970 est
458 2914 646 2969 Judwa
695 2915 1024 2985 sanctiﬁcatio
1063 2914 1217 2983 ejus:
1250 2922 1363 2968 erat
1405 2914 1544 2970 enim
1588 2922 1741 2969 antea
1774 2914 1918 2985 regio

345 3006 545 3076 impura
576 3017 629 3061 et
653 3007 999 3073 exsvcranda,
1028 3006 1122 3062 sed
1152 3014 1429 3077 postquam
1458 3022 1706 3062 reversus
1729 3016 1808 3061 est
1826 3010 1923 3077 po;

341 3099 516 3168 putus,
548 3098 686 3153 facta
732 3108 816 3153 est
864 3098 1050 3153 civitas
1097 3097 1445 3153 sanctiﬁcatio
1496 3097 1613 3167 ejus
1644 3120 1656 3155 :
1688 3097 1790 3154 hoc
1813 3108 1913 3165 est,

341 3187 638 3257 introducta
662 3198 744 3242 est
768 3185 1113 3242 sanctiﬁcatio
1138 3202 1234 3255 per
1251 3186 1674 3243 observationem
1696 3186 1795 3260 (a),
1823 3203 1916 3258 per

339 3278 618 3342 sacriﬁcia,
647 3293 740 3349 per
761 3278 958 3332 cultum
983 3320 998 3342 ,
1029 3279 1267 3347 aliosque
1304 3279 1438 3332 ritus
1470 3286 1525 3332 et
1565 3280 1912 3333 ceremonias.

337 3368 508 3424 Israel
541 3379 760 3440 potestas
802 3370 929 3440 ejus.
958 3369 1092 3436 Quid
1142 3377 1243 3432 est,
1286 3368 1450 3423 Israel
1499 3379 1715 3440 potestas
1761 3370 1918 3440 ejus?

336 3462 450 3517 Sub
477 3462 593 3530 ejus
621 3461 845 3530 imperio
865 3502 881 3527 ,
923 3461 1111 3532 inquit.
1151 3461 1308 3532 Atqui
1335 3463 1614 3516 universus
1635 3461 1781 3517 orbis
1810 3470 1917 3518 ter-

338 3566 414 3606 ra:
438 3550 553 3627 ejus
586 3551 810 3621 imperio
838 3551 1073 3618 suberat,
1107 3550 1199 3606 sed
1227 3550 1280 3605 hi
1309 3551 1468 3606 etiam
1498 3552 1745 3621 amplius,
1773 3552 1914 3622 quod

335 3659 432 3700 eos
464 3644 689 3703 haberet
727 3644 970 3714 proprios
1018 3652 1073 3698 et
1115 3643 1400 3699 familiares
1442 3661 1456 3699 :
1487 3644 1914 3715 quandoquidem

335 3746 393 3790 et
425 3735 733 3805 pro‘ihetias
762 3734 1139 3804 suscipiebant,
1172 3742 1362 3790 etcum
1391 3734 1469 3789 eis
1485 3734 1789 3790 disserebat
1812 3777 1828 3802 ,
1859 3744 1915 3791 et

335 3842 426 3882 res
449 3843 635 3887 eorum
660 3827 883 3896 amplius
903 3827 1324 3885 administrabat.
1354 3826 1653 3892 Quinetiam
1675 3826 1780 3887 alio
1801 3837 1916 3882 mo-

334 3920 409 3974 do
445 3917 742 3989 appellatur
772 3917 885 3988 ejus
915 3918 1157 3989 populus.
1186 3918 1331 3972 Illius
1361 3919 1502 3973 enim
1531 3928 1661 3973 nutu
1685 3934 1827 3989 saepe
1862 3933 1918 3976 et

333 4011 405 4067 ad
433 4011 626 4065 bellum
660 4009 1034 4080 procedebant,
1062 4018 1115 4065 et
1143 4011 1303 4065 multa
1327 4012 1427 4065 alia
1453 4010 1913 4067 administrabant.

333 4100 470 4156 Cum
515 4115 610 4155 eos
655 4102 796 4155 enim
840 4116 868 4154 a
900 4101 1190 4157 barbaricis
1232 4101 1495 4167 manibus,
1531 4102 1833 4172 tyrannide,
1861 4111 1916 4157 et

336 4191 596 4246 servitute
616 4233 630 4256 ,
656 4200 710 4246 et
738 4200 978 4246 extremo
1022 4191 1276 4261 periculo,
1292 4199 1357 4244 et.
1379 4201 1557 4249 mente
1589 4192 1746 4261 impia
1778 4193 1914 4247 libe-

334 4289 529 4349 rasset,
557 4281 666 4337 [lex
691 4296 875 4336 eorum
915 4282 1083 4339 iactus
1128 4289 1228 4339 est.
1261 4282 1369 4337 Hoc
1412 4282 1584 4353 ipsum
1607 4284 1767 4338 etiam
1790 4284 1914 4339 alibi

333 4389 488 4429 suam
516 4387 730 4428 causam
761 4388 924 4441 agens
948 4414 962 4437 ,
992 4381 1047 4427 ει
1082 4373 1369 4428 ostendens
1412 4390 1470 4428 se
1498 4390 1614 4444 (lilii?
1638 4389 1732 4430 sua
1762 4384 1917 4430 erant

335 4465 568 4537 primum
598 4463 929 4534 praestitisse,
961 4478 1077 4534 qum
1101 4463 1308 4517 illorum
1338 4472 1513 4518 autem
1535 4473 1704 4530 erant,
1735 4466 1915 4536 requi-

334 4569 482 4620 rere,
503 4554 711 4608 dlcebat
749 4569 764 4606 :
802 4551 1066 4620 Numquid
1086 4553 1304 4608 solitudo
1326 4555 1401 4627 {ui
1430 4555 1602 4610 domui
1626 4554 1808 4622 Israel,
1841 4558 1918 4612 vel

334 4652 475 4699 terra
500 4644 689 4697 inculta
705 4642 837 4712 (Jer.
867 4641 923 4699 2.
950 4642 1039 4710 51)
1061 4643 1084 4697 ‘l
1109 4643 1259 4721 Quod
1288 4653 1464 4703 autem
1485 4645 1630 4709 dicit.
1659 4655 1741 4702 est
1767 4647 1913 4716 ejus-

335 4732 485 4788 modi
512 4749 527 4785 :
558 4732 692 4791 Num
738 4731 810 4787 fui
855 4732 1006 4788 vobis
1035 4734 1272 4787 inutilis?
1297 4749 1471 4788 annon
1503 4735 1774 4791 innumera
1821 4739 1917 4793 bo-

337 4837 410 4879 na
438 4822 493 4878 in
529 4836 625 4877 vos
660 4822 897 4881 contuli?
950 4838 1126 4879 annon
1176 4823 1343 4892 ipsam
1396 4833 1633 4879 naturam
1678 4829 1915 4884 mutavit

337 4928 521 4975 aruum
568 4913 831 4971 elementa
853 4923 910 4967 ut
932 4914 1081 4969 vobis
1110 4918 1373 4970 servirent
1397 4918 1712 4984 composui?
1737 4933 1913 4974 annon

336 5002 461 5057 dedi
492 5003 643 5066 vobis
696 5003 855 5063 vitam
914 5004 982 5059 ab
1032 5003 1282 5058 humanis
1329 5004 1598 5059 laboribus
1641 5007 1906 5064 liberam?

328 5089 629 5162 'Pmpterea
668 5092 802 5147 dixit
832 5111 849 5146 :
871 5092 1011 5148 Num
1034 5094 1256 5148 solitudo
1275 5095 1351 5164 fui
1375 5097 1544 5150 domui
1573 5096 1781 5153 Israel?
1807 5101 1917 5156 Hoc

341 5193 443 5248 est,
469 5185 661 5237 Annon
687 5183 883 5237 fructus
916 5184 1009 5237 tuli
1038 5186 1489 5242 innumerabiles?
1516 5187 1814 5244 libertatem
1845 5191 1913 5247 ab

340 5272 596 5345 IEgypto,
627 5272 995 5330 liberationem
1022 5274 1390 5342 barbarorum,
1422 5280 1781 5334 ostensionem
1811 5281 1913 5335 mi-

344 5364 670 5430 raculorum,
701 5364 860 5419 vitam
880 5365 932 5420 in
962 5364 1195 5433 deserto,
1228 5366 1574 5425 hereditatem
1596 5369 1911 5441 Palaestinae,

404 5504 685 5577 ’_ng,_au
706 5504 1033 5577 militabimus
1074 5510 1133 5572 (ἢ
1164 5510 1530 5577 materiaemat),
1572 5527 1673 5566 non
1712 5522 1827 5568 sunt
1860 5515 1913 5569 in

343 5572 486 5615 textu
509 5566 651 5624 LXX,
678 5566 842 5629 deduc
862 5569 910 5616 in
938 5566 1162 5631 Hebraeo,
1185 5566 1277 5629 hoc
1301 5566 1423 5623 loco.

402 5637 475 5697 (a)
503 5634 571 5708 In
594 5636 776 5706 Graeco,
818 5641 965 5708 ιιι-τῆς
989 5649 1192 5708 mg,
1218 5651 1303 5701 per
1320 5638 1672 5708 inspectionem,
1698 5651 1798 5697 aut.
1826 5657 1914 5707 per

333 5695 725 5755 observationem,
750 5696 796 5746 iu
822 5696 954 5748 cultu
977 5695 1254 5750 adhibitam.
1288 5702 1370 5749 Hic
1393 5695 1583 5750 videtur
1606 5695 1718 5753 esse
1740 5695 1915 5755 sensus

342 5757 544 5829 inquam:
571 5758 700 5829 vocis
723 5755 1133 5829 hoc-iocosatulta
1173 5763 1300 5811 enim
1344 5764 1634 5827 inspicienda
1676 5774 1726 5816 et
1748 5769 1914 5818 obaer-

347 5818 493 5869 Iatsda
519 5825 658 5869 erant
674 5818 723 5867 in
748 5820 902 5870 veteri
923 5818 1056 5881 lege.
1418 5818 1431 5827 '
1584 5838 1593 5853 .,
1870 5836 1874 5841 .

1441 415 1801 476 EXPOSlTIO
1840 415 1903 471 IN
1944 414 2261 475 PSALMUM
2298 419 2479 479 CXIII.

344 545 534 603 orbem
589 550 749 597 terrae
804 539 1028 605 vicerit,
1079 551 1237 608 quam
1285 535 1503 607 gerebat
1549 548 1730 589 curam
1779 531 1948 586 iactis-

3523 431 3631 489 500.

2043 533 2429 603 subiectionem
2469 539 2728 610 gentium,
2748 543 3000 601 continua
3036 553 3235 616 troptea
3258 589 3271 613 ,
3312 546 3622 621 frequentes

2038 626 2306 695 victorias,
2349 629 2603 687 miracula
2658 633 3012 702 incredibilia,
3059 637 3308 693 continua
3356 640 3617 710 prodigia,

2039 726 2198 774 teme
2219 720 2568 791 fertilitatem,
2591 728 2804 795 generis
2826 731 2988 784 vestri
3031 731 3415 788 incrementum
3435 777 3451 799 ,
3471 749 3615 801 eam,

2036 826 2156 881 quas
2184 813 2492 870 universum
2518 826 2777 874 terrarum
2809 823 2993 876 orbem
3036 824 3273 891 per-radit
3293 865 3308 891 ,
3356 824 3615 894 gloriam,

2036 905 2138 959 alia
2167 907 2441 962 innumera
2456 911 2481 963 Ἰ
2508 909 2693 966 Vidisti
2714 912 2917 968 fructus
2936 914 3069 969 Dei?
3089 915 3152 970 Et
3174 916 3292 969 ideo
3308 917 3606 986 subiunxit:

2037 994 2301 1066 Numquid
2324 1001 2401 1068 fui
2420 1009 2553 1055 terra
2569 1002 2761 1056 inculta
2781 1005 2807 1058 .9
2828 1005 2938 1059 Hoc
2963 1015 3065 1071 est,
3087 1009 3278 1060 Annon
3306 1008 3615 1062 inmunem-

2034 1087 2167 1144 biles
2197 1088 2398 1146 fructus
2425 1108 2453 1146 a
2486 1107 2570 1148 me
2601 1092 2984 1164 decerpsistis?
3008 1110 3183 1151 annon
3234 1097 3477 1152 benedixi
3532 1099 3616 1153 in-

2035 1181 2247 1235 troitum
2275 1191 2328 1237 et
2357 1184 2554 1238 exitum
2588 1194 2821 1240 vestrum
2841 1226 2856 1252 ,
2885 1201 3072 1257 greges
3092 1199 3300 1243 vestros
3321 1198 3372 1242 et
3393 1204 3611 1244 aranea-

2033 1280 2084 1325 ta
2107 1282 2302 1338 vestra,
2322 1288 2509 1343 panem
2530 1284 2786 1341 vestrum,
2817 1285 2870 1331 et
2918 1293 3112 1347 aquam
3144 1280 3411 1333 vestram?
3437 1295 3615 1335 anuon

2032 1363 2086 1417 in
2140 1370 2253 1417 tuto
2302 1363 2591 1419 collocavi?
2646 1382 2822 1421 annon
2865 1367 2963 1423 feci
3020 1378 3079 1422 ut
3129 1369 3318 1425 essetis
3366 1369 3618 1427 omnibus

2030 1452 2484 1523 inexpugnabiles,
2510 1456 2689 1511 invicti
2717 1465 2772 1512 et
2798 1458 3104 1514 terribiles?
3128 1474 3305 1515 annon
3328 1469 3605 1529 tamquam

2030 1557 2095 1597 ex
2122 1542 2353 1600 futilibus
2374 1546 2549 1600 omnia
2584 1547 2734 1602 vobis
2761 1562 2794 1603 e
2820 1549 2953 1603 είειο
2975 1557 3030 1603 ει
3067 1564 3099 1604 ε
3120 1557 3259 1605 terra
3288 1550 3615 1606 manabant!

2026 1631 2141 1690 Hoc
2168 1650 2309 1692 enim
2335 1637 2563 1692 maxime
2602 1638 2834 1693 ostendit
2867 1640 3197 1710 principem,
3219 1640 3361 1709 quod
3404 1642 3616 1697 scilicet

2028 1740 2247 1782 suorum
2276 1744 2456 1784 curam
2487 1739 2665 1799 gerat,
2687 1732 2872 1799 eisque
2900 1733 3182 1801 provideat
3203 1747 3269 1788 ac
3298 1733 3606 1802 prospiciat.

2097 1818 2153 1874 2.
2194 1820 2261 1874 Et
2298 1819 2423 1876 ideo
2470 1823 2679 1877 dicebat
2717 1822 2981 1888 Christus,
3029 1823 3220 1879 Pastor
3270 1827 3447 1892 bonus,
3501 1841 3613 1881 non

2026 1907 2182 1977 dixit,
2212 1911 2501 1967 honoratur
2528 1920 2579 1966 et
2605 1914 2814 1978 colitur,
2861 1913 2956 1967 sed
3001 1915 3222 1967 animam
3270 1931 3414 1968 suam
3462 1917 3605 1982 ponit

2028 2014 2122 2069 pro
2162 2000 2336 2054 ovibus
2382 2001 2487 2055 suis
2536 2001 2739 2072 (Joau.
2765 2002 2852 2058 10.
2883 2004 2941 2057 ll
2971 2002 3014 2073 ).
3067 2003 3180 2059 lloc
3225 2013 3301 2058 est
3347 2005 3614 2074 principa-

2028 2098 2133 2154 tus,
2176 2091 2277 2146 hoc
2323 2101 2405 2147 est
2467 2092 2715 2162 pascendi
2769 2095 3011 2160 scientia,
3060 2107 3154 2148 sua
3221 2094 3508 2163 negligere,
3556 2101 3613 2149 et

2027 2195 2211 2238 eorum
2277 2198 2410 2254 quos
2462 2184 2596 2254 regit
2643 2198 2823 2238 curam
2880 2199 3088 2255 gerere.
3136 2184 3287 2250 Quod
3333 2196 3417 2240 est
3466 2187 3613 2240 enim

2027 2273 2284 2340 medicus,
2332 2274 2437 2329 hoc
2490 2284 2573 2330 est
2614 2275 3243 2346 ρτίιιεερεςγριιροιὶυε
3292 2277 3409 2346 plus
3453 2293 3611 2347 quam

2027 2364 2282 2422 medicus.
2325 2365 2555 2422 Medicus
2574 2367 2714 2421 enim
2742 2378 2856 2421 arte
2880 2367 3103 2422 salutem
3126 2376 3431 2436 comparat;
3458 2367 3607 2435 prin-

2025 2467 2156 2524 ceps
2208 2462 2385 2509 autem
2432 2455 2591 2511 etiam
2638 2456 2867 2526 pr0prils
2920 2456 3187 2525 periculis.
3234 2456 3387 2523 Quod
3435 2458 3599 2512 etiam

2027 2541 2153 2599 fecit
2192 2544 2455 2612 Christus,
2501 2545 2666 2614 alapis
2716 2559 3018 2614 percussus,
3074 2544 3389 2610 cruciﬁxus,
3414 2555 3470 2600 et
3506 2547 3607 2599 alia

2026 2637 2430 2694 innumerabilia
2492 2653 2794 2708 perpessus.
2862 2638 3123 2705 Quocirca
3187 2636 3398 2692 dicebat
3466 2636 3609 2692 Pau-

2025 2731 2107 2785 lus
2135 2749 2148 2785 :
2179 2731 2378 2786 Etenim
2424 2731 2647 2787 Christus
2695 2750 2796 2787 non
2831 2733 2926 2788 sibi
2969 2733 3160 2803 placuit
3191 2775 3205 2798 ,
3238 2734 3327 2787 sed
3362 2735 3606 2805 quemad-

2023 2820 2225 2875 modum
2275 2823 2515 2894 scriptum
2574 2834 2646 2878 est
2669 2866 2684 2890 ,
2721 2822 3005 2893 Opprobria
3064 2825 3469 2894 exprobrantium
3520 2826 3608 2878 tibi

2022 2913 2307 2968 ceciderunt
2357 2930 2509 2982 super
2555 2914 2678 2986 me(
2722 2916 2869 2970 Rom.
2902 2917 2989 2971 l5.
3028 2918 3094 2983 '5;
3126 2914 3274 2970 Psal.
3332 2916 3420 2971 68.
3472 2915 3603 2988 10).”

2023 3002 2138 3057 Duo
2164 3018 2310 3073 ergo,
2334 3004 2441 3058 imo
2491 3019 2617 3059 vero
2661 3004 2779 3070 tria,
2829 3014 2990 3076 atque
3034 3005 3169 3061 adeo
3189 3006 3605 3061 innumerabilia

2028 3092 2116 3148 hic
2142 3095 2292 3164 ponit
2316 3094 2593 3163 beneﬁcia,
2622 3096 2763 3167 quod
2815 3097 3072 3171 eripuerit
3095 3113 3124 3152 a
3152 3098 3416 3164 barbaris,
3460 3099 3601 3168 quod

2020 3182 2326 3240 liberaverit
2351 3185 2418 3239 ab
2442 3187 2610 3241 aliena
2635 3196 2795 3253 terra,
2817 3187 2960 3257 quod
2993 3189 3251 3242 exemerit
3268 3202 3299 3242 a
3320 3189 3595 3253 servitute,

2020 3277 2161 3344 quod
2211 3275 2481 3331 laboribus
2525 3285 2581 3332 et
2634 3276 3010 3333 afﬂictionibus
3059 3278 3217 3333 ﬁnem
3269 3279 3602 3348 imposuerit,

2019 3363 2160 3434 quod
2188 3364 2463 3420 innumera
2508 3367 2690 3421 fecerit
2738 3367 2990 3422 miracula
3024 3388 3038 3423 :
3069 3367 3263 3423 deinde
3312 3369 3453 3440 quod
3505 3383 3601 3424 eos

2020 3455 2180 3510 etiam
2228 3470 2348 3511 esse
2397 3457 2622 3512 voluerit
2676 3457 2794 3528 ejus
2844 3457 3338 3527 sanetiﬁcationem,
3366 3468 3440 3515 ,ει
3484 3460 3602 3528 ejus

2021 3560 2138 3601 esse
2161 3546 2305 3601 dicto
2329 3546 2657 3603 obedieo'tes.
2701 3547 2831 3602 Nam
2872 3549 2973 3603 hoc
2998 3562 3213 3619 quoque
3235 3565 3339 3603 non
3374 3557 3457 3604 est
3484 3565 3605 3618 par-

2020 3651 2165 3709 vum_
2190 3652 2356 3707 genus
2384 3636 2649 3705 beneﬁcii,
2669 3638 2868 3694 referre
2889 3654 2981 3694 eos
3011 3640 3064 3693 in
3099 3655 3374 3694 numerum
3390 3654 3600 3707 eorum,

2020 3729 2108 3798 qui
2136 3736 2259 3783 sunt
2286 3729 2385 3783 sub
2410 3730 2525 3798 ejus
2549 3729 2770 3785 ditione.
2797 3731 2848 3785 5.
2883 3731 3026 3785 Mare
3050 3732 3189 3794 vidit,
3222 3742 3267 3784 et
3294 3733 3421 3802 fugit
3444 3747 3465 3794 ;
3485 3729 3610 3783 .imu

2019 3820 2165 3874 dauis
2192 3836 2457 3874 conversus
2478 3831 2548 3875 est
2570 3831 2863 3875 retrorsum.
2895 3821 3027 3877 Vide
3079 3822 3373 3875 orationem
3429 3836 3598 3889 exag-

2019 3919 2276 3981 geratam,
2313 3919 2366 3965 et
2394 3912 2769 3980 ampliﬁcatum
2798 3911 3135 3967 beneﬁcium.
3162 3912 3296 3980 Quid
3318 3912 3484 3975 enim,
3517 3912 3602 3964 in-

2019 4001 2152 4071 quit,
2180 4001 2459 4056 dicendum
2505 4002 2680 4056 estde
2717 4002 2955 4056 barbaris
2996 4012 3051 4056 et
3073 4002 3341 4070 gentibus,
3386 3998 3601 4067 quando

2019 4092 2180 4146 cessit
2202 4092 2360 4145 etiam
2386 4100 2647 4156 creatura,
2674 4100 2727 4144 et
2749 4092 2920 4145 locum
2951 4092 3116 4158 dedit,
3144 4099 3198 4144 et
3221 4104 3485 4144 conversa
3514 4099 3597 4146 est

2019 4184 2083 4237 ad
2106 4185 2389 4250 contraria,
2415 4183 2704 4252 respiciens
2758 4182 2823 4237 ad
2873 4185 3265 4251 imperatorem,
3310 4190 3365 4234 et
3405 4179 3608 4235 cedens

2019 4275 2137 4329 duci
2166 4274 2343 4346 populi
2363 4276 2382 4327 ?
2406 4274 2532 4328 Huc
2557 4273 2697 4328 enim
2714 4273 2891 4327 omnia
2915 4283 3039 4327 tunc
3062 4270 3375 4325 eveniebant
3397 4271 3596 4340 popqu

2021 4365 2384 4427 llebrteorum,
2416 4371 2474 4417 ut
2524 4362 2719 4417 scirent
2771 4376 2874 4416 non
2929 4360 3090 4415 fuisse
3138 4360 3380 4414 humana:
3407 4372 3602 4414 conse~

2017 4454 2248 4524 quentiae
2288 4469 2348 4509 ea
2389 4468 2507 4523 quae
2531 4452 2866 4517 eveniebant,
2895 4450 2989 4505 sed
3020 4451 3196 4504 omnia
3244 4448 3408 4502 fuisse
3434 4446 3604 4501 mira-

2016 4547 2142 4605 bilia
2172 4560 2333 4612 Opera
2364 4545 2554 4599 divina:
2580 4553 2635 4599 et
2664 4543 2943 4599 ineﬂ'abilis
2969 4543 3237 4613 potentiae.
3264 4541 3394 4596 Vide
3420 4549 3601 4596 autem

2016 4638 2312 4709 emphasim
2341 4636 2606 4703 dictionis,
2636 4645 2689 4690 et
2714 4651 2870 4706 quam
2900 4636 2969 4691 sit
3001 4635 3200 4704 optime
3241 4634 3431 4703 posita.
3477 4631 3593 4689 Non

2020 4732 2152 4786 dixit
2178 4732 2341 4796 enim,
2369 4730 2559 4793 Cessit,
2589 4741 2696 4791 aut,
2728 4729 2975 4785 Substitit
3000 4746 3014 4783 :
3043 4728 3136 4783 sed
3166 4728 3288 4798 quid
3306 4728 3330 4782 ‘i
3348 4728 3496 4782 Mare
3516 4727 3596 4781 ei-

2014 4825 2114 4890 dit,
2142 4834 2187 4877 et
2212 4823 2342 4895 fugit
2366 4837 2385 4876 :
2414 4835 2656 4877 recessus
2681 4821 3004 4876 celeritatem
3034 4820 3153 4890 iuga
3184 4820 3367 4875 volens
3410 4827 3599 4875 esten.

2019 4912 2167 4978 dere,
2215 4912 2627 4982 magnitudinem
2653 4912 3037 4979 admirationis,
3083 4920 3137 4967 et
3161 4911 3463 4967 facilitatem
3503 4909 3599 4966 Dei

2020 5005 2360 5075 operationis.
2684 4984 2698 4999 ’

2094 5096 2345 5151 Miracula
2368 5114 2468 5151 non
2509 5106 2688 5152 temere
2720 5101 2876 5168 facta.
2900 5124 2972 5138 -——
2996 5096 3064 5150 Et
3089 5110 3156 5149 ne
3185 5095 3303 5164 quis
3329 5092 3598 5149 existimet

2021 5186 2124 5243 hoc
2148 5197 2295 5242 certo
2324 5189 2578 5256 temporis
2605 5187 2803 5241 ambitu
2829 5195 2919 5240 aut
2960 5186 3175 5240 fortuito
3203 5184 3479 5249 accidisse,
3530 5183 3600 5240 ab

2021 5278 2114 5332 illo
2158 5288 2396 5345 tempore
2444 5294 2548 5332 non
2589 5279 2815 5346 amplius
2863 5277 3057 5332 factum
3109 5284 3212 5340 est,
3261 5275 3356 5329 sed
3407 5275 3594 5340 semel,

2020 5370 2232 5439 quando
2261 5370 2401 5423 Deus
2431 5369 2609 5438 jussit,
2639 5369 2796 5437 idque
2822 5371 2966 5422 varie
2997 5368 3047 5420 in
3078 5366 3303 5419 divvrsis
3332 5367 3596 5434 personis.

2020 5458 2256 5515 lnsolens
2278 5460 2417 5514 enim
2449 5458 2707 5514 undarum
2741 5460 2985 5527 impetus,
3018 5457 3178 5511 veluti
3223 5458 3516 5523 animatus,
3544 5468 3599 5515 et

2021 5552 2226 5605 ratione
2255 5551 2523 5619 praeditus,
2553 5550 2662 5605 Deo
2687 5550 2923 5618 jubente,
2954 5548 3050 5602 hos
3077 5547 3288 5616 quidem
3320 5549 3592 5614 servavit,

2021 5642 2139 5696 illos
2190 5657 2321 5695 vero
2373 5641 2601 5710 perdidit
2651 5639 2861 5709 (Exod.
2909 5640 3019 5711 14)
3052 5657 3066 5694 :
3098 5641 3215 5696 aliis
3259 5642 3594 5712 sepulcrum,

2020 5732 2137 5785 aliis
2170 5730 2264 5784 fuit
2302 5731 2618 5785 vehiculum.
2649 5731 2761 5785 Iloc
2788 5730 2957 5800 ipsum
2986 5731 3144 5786 etiam
3174 5731 3362 5787 videtis
3389 5733 3440 5787 in
3491 5732 3597 5787 for-

2026 5837 2154 5878 nace
2181 5821 2497 5896 Babylonica
2550 5823 2569 5892 (
2602 5819 2737 5877 Dan.
2770 5821 2804 5877 5
2833 5821 2870 5894 ).
2896 5821 3038 5894 ignis
3065 5823 3207 5879 enim
3249 5824 3341 5897 qui
3392 5818 3590 5883 temere
