4018 6268
473 400 579 455 507

475 525 530 570 et
557 524 683 567 essu
712 509 1000 570 lerehatur,
1032 504 1450 560 moderationem
1475 511 1528 554 et
1552 510 1757 554 certum
1806 494 2046 548 ordinem

477 601 729 665 ostendit,
755 597 968 670 quando
994 597 1132 651 Deus
1157 594 1424 664 praecepit,
1441 605 1537 645 eos
1558 589 1769 659 quidem
1792 587 1877 657 qui
1899 592 2052 640 erant

481 694 644 753 intus,
674 701 996 744 conservans
1019 704 1033 750 ;
1061 700 1155 739 eos
1184 698 1309 737 vero
1333 681 1422 751 qui
1446 679 1573 734 foris
1601 679 1875 738 sedebant.
1904 676 2050 730 iuva-

482 784 615 835 dcns
634 790 687 835 et
710 792 1030 834 consumens
1049 773 1207 846 (Dan.
1230 774 1308 843 5).
1335 771 1578 826 Iordanis
1590 783 1853 823 conversus
1874 774 1945 825 est
1973 780 2054 818 res-

482 881 717 925 trorsuin.
738 867 919 922 Vidisti
948 875 1000 919 et
1027 866 1077 918 in
1094 864 1319 919 diversis
1348 860 1671 929 temporibus
1694 858 1812 911 etin
1830 855 2054 910 diversis

480 961 610 1016 locis
632 959 744 1013 fieri
759 955 1031 1012 miracula?
1045 954 1112 1010 Ut
1138 954 1278 1007 enim
1297 951 1496 1006 scirent
1509 950 1600 1004 Dei
1630 947 1917 1017 potentiam
1940 944 2052 999 ubi-

481 1066 583 1118 que
594 1062 712 1103 esse
735 1057 1027 1107 ostensam.
1049 1057 1101 1099 et
1117 1052 1232 1098 loco
1249 1058 1353 1097 non
1370 1040 1612 1096 concludi
1643 1060 1656 1095 :
1679 1048 1732 1092 et
1757 1037 1808 1091 in
1831 1036 2051 1090 barbara

482 1141 715 1211 regione.
736 1149 785 1193 et
807 1140 857 1193 in
875 1137 1176 1202 solitudine,
1198 1145 1250 1191 et
1271 1134 1464 1204 ubique
1488 1132 1658 1186 adfuit
1673 1130 1873 1185 fat-iens
1890 1128 2052 1182 mita-

481 1233 618 1297 cula,
640 1242 695 1286 et
722 1240 845 1285 tunc
870 1229 1080 1299 quidem
1110 1228 1161 1281 in
1174 1226 1329 1293 mari,
1356 1239 1496 1279 nunc
1514 1231 1687 1277 autem
1705 1222 1756 1276 in
1787 1220 1974 1282 ﬂuviis,
2001 1226 2055 1273 et

482 1330 608 1380 tunc
629 1320 840 1391 quidem
860 1319 959 1373 sub
978 1318 1141 1384 Mose,
1158 1325 1337 1387 postea
1367 1323 1542 1369 autem
1570 1315 1668 1367 sub
1692 1312 1848 1367 Iesu:
1872 1325 1935 1366 ac
1962 1324 2055 1378 per

483 1411 734 1468 miracula
763 1410 954 1478 ubique
976 1406 1484 1469 transmittebantur,
1521 1403 1735 1457 utnullo
1747 1416 1904 1456 sensu
1924 1415 2057 1467 prmo

482 1501 646 1557 ditant
676 1508 929 1563 mentem,
960 1499 1254 1567 duramque
1279 1510 1430 1550 suam
1462 1490 1859 1575 intelligentiam
1890 1489 2055 1543 mira-

478 1592 613 1651 culis
633 1591 944 1655 emollitam,
962 1590 1224 1644 mitiorem
1242 1585 1524 1642 redderent
1547 1594 1600 1638 et
1625 1582 1792 1652 magis
1814 1581 2055 1640 idoneam
2098 1628 2107 1636 ,

479 1681 545 1735 ad
566 1680 953 1750 suscipiendam
973 1678 1064 1733 Dei
1082 1676 1455 1747 cognitionem.
1479 1674 1533 1735 4.
1554 1673 1750 1727 Montes
1776 1671 2055 1724 exsultave-

479 1782 600 1825 runt
617 1781 670 1824 ut
683 1773 884 1837 arietes,
901 1779 945 1823 et
971 1768 1123 1823 colles
1148 1767 1277 1822 sicut
1305 1766 1425 1837 agni
1448 1766 1627 1825 ovium,
1651 1763 1747 1817 llic
1772 1761 1923 1817 nobis
1948 1760 2057 1814 ori-

482 1870 568 1914 tur
604 1874 709 1929 non
740 1874 900 1929 parva
927 1857 1169 1927 quaestio.
1199 1856 1445 1911 Nonnulli
1483 1855 1622 1910 enim
1647 1853 1946 1910 dubitantes
1972 1852 2057 1907 div

481 1959 645 2004 cunt:
676 1949 860 2007 Priora
881 1947 1091 2018 quidem
1110 1947 1244 2007 facta
1272 1962 1393 2003 esse
1419 1948 1647 2010 scimus;
1677 1947 1891 2000 historia
1917 1944 2056 2000 enim

485 2039 726 2104 tradidit,
752 2048 805 2093 et
825 2039 1049 2095 divisum
1077 2038 1240 2092 fuisse
1271 2039 1322 2097 in
1365 2039 1511 2093 exitu
1534 2051 1680 2091 mare
1703 2036 1972 2099 Rubrum,
2004 2042 2059 2093 et

480 2129 766 2197 Iordanem
791 2128 952 2191 fuisse
980 2137 1122 2185 retro
1146 2143 1480 2194 conversum,
1503 2127 1715 2198 quando
1736 2144 1855 2182 area
1889 2138 2058 2184 trans-

482 2222 572 2275 ivit
618 2238 632 2274 :
673 2220 965 2281 exsultasse
1002 2229 1180 2275 autem
1236 2229 1443 2274 montes
1483 2228 1536 2273 et
1573 2221 1734 2275 colles
1756 2260 1770 2284 ,
1802 2221 1901 2275 hoc
1931 2235 2058 2275 nus-

483 2328 641 2382 quam
668 2313 922 2381 scriptum
945 2326 1065 2367 esse
1091 2311 1347 2366 videmus.
1371 2311 1504 2378 Quid
1528 2310 1626 2366 hoc
1647 2330 1773 2382 ergo
1791 2314 1889 2367 sibi
1914 2312 2058 2368 vult?

483 2402 682 2456 Veiens
711 2400 966 2471 propheta
994 2400 1228 2455 laetitiam
1257 2410 1313 2456 et
1340 2401 1710 2456 miraculorum
1736 2402 2056 2472 magnitudi-

484 2505 606 2546 nem
635 2490 974 2561 hyperbolice
1000 2489 1306 2551 ostendere,
1339 2491 1418 2545 vel
1447 2492 1556 2560 ipsa
1587 2491 1871 2549 inanimata
1901 2491 2055 2547 indu-

484 2581 557 2633 cit
591 2579 785 2632 choros
826 2579 1205 2648 prepemodutu
1231 2580 1475 2636 ducentia
1502 2589 1558 2637 et
1584 2582 1875 2642 exsilientia
1893 2623 1909 2649 ,
1937 2598 2056 2659 qua:

484 2669 700 2739 quidem
740 2670 915 2725 solent
950 2670 1064 2724 fieri
1099 2670 1165 2724 ab
1201 2670 1264 2724 iis
1301 2672 1390 2740 qui
1420 2672 1598 2726 hctitia
1623 2673 1942 2734 afﬁciuntur.
1979 2675 2056 2729 Eo

483 2774 614 2830 ergo
644 2754 847 2830 spectat
889 2760 1116 2833 adjectio
1153 2761 1295 2817 illius
1328 2763 1715 2831 similitudinis,
1755 2765 1822 2822 Ut
1841 2769 2054 2835 arietes,

484 2862 530 2906 et
558 2860 611 2904 ut
637 2851 755 2923 agni
776 2853 959 2906 ovium.
991 2850 1080 2910 Illa
1108 2854 1246 2907 enim
1266 2855 1513 2916 animalia
1540 2857 1750 2926 quando
1775 2859 2055 2927 laetantur,

486 2943 658 2998 solent
700 2942 922 2999 saltibus
967 2946 1249 3000 ostendere
1300 2947 1556 3007 laetitiam.
1603 2948 2056 3017 Quemadmodum

486 3050 615 3106 ergo
638 3036 771 3091 alius
796 3037 924 3090 dicit
952 3037 1001 3091 in
1030 3037 1417 3094 calamitatibus
1451 3041 1655 3095 vineam
1685 3052 1740 3097 et
1767 3043 1943 3098 vinum
1977 3045 2059 3104 lu-

485 3126 662 3186 xisse,
704 3140 808 3180 non
848 3126 989 3194 quod
1027 3128 1148 3182 vitis
1178 3127 1349 3198 lugeat
1370 3129 1519 3201 (Isai.
1547 3128 1637 3189 24.
1667 3131 1719 3197 7)
1748 3149 1761 3184 :
1793 3134 2060 3203 quomodo

486 3217 628 3269 enim
651 3216 821 3288 lugeat
844 3220 965 3275 vitis
987 3220 1010 3275 ?
1030 3219 1122 3274 sed
1145 3220 1328 3275 volens
1349 3222 1604 3292 insignem
1629 3238 1909 3280 mterorem
1931 3241 2060 3282 ocu-

488 3306 554 3359 lis
595 3308 756 3362 veluti
798 3309 1089 3379 subjicere,
1129 3313 1287 3366 etiam
1333 3313 1443 3383 ipsa
1483 3314 1765 3369 inanimata
1787 3332 1907 3371 eum
1934 3333 2059 3374 scn-

488 3397 623 3450 sisse
660 3398 783 3454 dicit
830 3400 1167 3470 hyperbolice
1205 3421 1217 3454 :
1249 3404 1318 3463 ita
1346 3403 1431 3458 hic
1454 3406 1611 3459 etiam
1635 3407 1834 3463 inducit
1854 3421 2061 3466 creatus

488 3502 602 3541 ram
628 3502 745 3542 esse
769 3490 962 3544 laetitia?
987 3494 1314 3562 participem,
1345 3507 1403 3550 ut
1429 3499 1730 3553 ostenderet
1753 3501 1925 3570 gaudii
1952 3517 2064 3556 ma.-

489 3579 841 3647 gniludinem.
900 3583 973 3637 lta
1026 3585 1183 3643 etiam
1245 3587 1477 3643 solemus
1538 3589 1758 3657 dicere,
1808 3608 1928 3662 qua:
1975 3595 2062 3650 hic

492 3680 615 3723 sunt
640 3670 759 3724 laeta
789 3673 1026 3732 evasisse
1046 3715 1063 3739 ,
1097 3676 1307 3742 quando
1334 3678 1501 3732 virum
1531 3679 1842 3735 honoratum
1867 3683 2063 3739 videri-

489 3776 609 3815 mus
629 3761 917 3817 accessisse
958 3778 972 3819 :
1016 3764 1299 3832 lmplevisti
1338 3768 1551 3823 domum
1598 3770 1776 3825 lmtitia
1813 3789 1955 3829 :uon
1996 3775 2066 3832 de

488 3851 780 3918 parietibus
806 3853 1075 3921 loquentes
1098 3896 1111 3918 ,
1143 3856 1235 3911 sed
1267 3859 1471 3927 insigne
1498 3862 1745 3929 gaudium
1774 3864 2064 3926 ostenden-

491 3950 592 3996 tes.
627 3943 680 3996 5.
717 3942 851 4009 Quid
878 3953 948 3998 est
977 3946 1096 4011 tibi,
1128 3964 1281 4010 more,
1294 3950 1427 4018 quod
1456 3952 1657 4021 fugisti,
1686 3963 1733 4005 et
1763 3963 1845 4018 tu,
1877 3955 2066 4010 Iorda-

490 4037 599 4101 nis,
636 4038 753 4104 quia
777 4053 1041 4092 conversus
1069 4057 1120 4095 es
1180 4045 1491 4097 retrorsum?
1526 4045 1578 4098 6.
1618 4044 1814 4101 Montes
1841 4049 2066 4105 exsultae

488 4131 579 4183 stis
615 4132 743 4184 sicut
780 4133 988 4194 arietes,
1028 4141 1075 4185 et
1110 4134 1262 4187 colles
1327 4137 1455 4188 sicut
1480 4139 1599 4203 agni
1623 4139 1784 4203 ovium
1806 4140 1831 4192 ?
1860 4140 1959 4192 Per
1985 4142 2065 4193 in-

492 4221 898 4287 terrogationem
944 4221 1147 4291 profert
1185 4224 1509 4289 orationem,
1552 4237 1603 4280 et
1638 4244 1757 4281 cum
1788 4231 2066 4286 elementis

492 4310 748 4377 loquitur,
794 4313 981 4366 eodem
1008 4327 1166 4367 sensu
1188 4354 1202 4379 ,
1228 4329 1334 4383 quo
1357 4331 1417 4368 ea
1449 4315 1580 4375 dixit
1604 4318 1837 4377 exsilire.
1868 4318 2062 4384 Quemv

490 4399 774 4454 admodum
805 4402 946 4455 enim
975 4419 1034 4455 ea
1062 4404 1270 4458 dicebat
1289 4417 1437 4466 ,‘nou
1463 4406 1540 4460 eis
1569 4422 1783 4466 sensum
1809 4411 2064 4477 tribuens,

491 4489 585 4542 sed
611 4528 626 4551 ,
669 4499 727 4543 ιιι
766 4490 870 4557 jam
909 4491 1048 4556 dixi,
1097 4494 1351 4563 insignem
1396 4496 1628 4553 laetitiam
1667 4499 1984 4562 ostendens,
2016 4512 2069 4556 et

493 4594 673 4632 remot
713 4589 981 4647 gestarum
1024 4585 1434 4652 magnitudinem
1469 4604 1482 4638 :
1511 4588 1584 4642 ita
1623 4590 1781 4643 etiam
1812 4591 1889 4644 eis
1914 4592 2067 4648 ail‘ert

495 4672 959 4739 interrogationem
991 4691 1004 4727 :
1036 4688 1139 4728 non
1171 4685 1227 4729 ut
1253 4693 1371 4746 qua:
1400 4680 1722 4746 reSpondere
1755 4683 1950 4749 j‘ossint
1972 4724 1986 4747 ,
2015 4694 2070 4738 et

492 4775 706 4814 sensum
735 4761 987 4826 habeant,
1019 4763 1112 4816 sed
1138 4774 1193 4817 ut
1212 4764 1563 4835 quod'tlicitur
1586 4770 1780 4825 efiiciat
1804 4774 2062 4841 apertius,

491 4866 547 4907 et
591 4849 835 4906 ostendat
878 4867 990 4905 rem
1034 4867 1152 4906 esse
1187 4854 1584 4924 admirabilem,
1613 4869 1665 4913 et
1691 4874 1943 4930 superare
1968 4863 2067 4918 ho.-

492 4942 693 4996 tninum
722 4943 1047 5009 opinionem.

560 5034 613 5089 5.
658 5033 945 5103 Tamquam
992 5042 1167 5088 atttem
1209 5050 1297 5089 res
1341 5051 1473 5089 nova
1511 5036 1645 5093 facta
1670 5051 1848 5107 esset,
1877 5050 1929 5097 et
1962 5059 2066 5098 non

488 5142 553 5181 ex
593 5134 848 5181 consueta
885 5126 1090 5179 natura:
1129 5129 1504 5196 consequentia
1532 5130 1824 5194 evenisset,
1850 5133 2068 5201 subjun-

488 5219 561 5284 git
606 5217 1104 5285 interrogationem,
1137 5225 1191 5269 et
1208 5216 1389 5286 adjicit
1417 5219 1838 5287 responsionem.
1863 5220 2067 5287 Quam-

480 5304 657 5373 nam?
717 5309 761 5361 l.
797 5305 859 5361 -Α
902 5305 1032 5372 faeie
1086 5303 1294 5359 Domini
1344 5316 1479 5360 mota
1528 5318 1600 5362 est
1648 5318 1814 5375 terra,
1864 5327 1894 5363 α
1938 5313 2066 5382 facit

487 5395 584 5451 Dei
628 5397 807 5452 Iacob.
858 5398 954 5453 Hic
983 5414 1167 5454 rursus
1210 5399 1336 5454 dicit
1364 5411 1599 5467 motum,
1639 5404 2063 5473 perculsionem,

486 5487 888 5544 admirationem
905 5530 922 5556 ,
954 5500 1009 5544 ut
1029 5491 1277 5549 ostendat
1301 5507 1489 5549 rerum.
1507 5502 1777 5568 (gestarum
1801 5496 2063 5565 ιιιιιειιίιιιε-

484 5577 662 5629 dinem
672 5618 685 5631 .

557 5663 696 5719 Deus
747 5666 906 5721 Iacob
933 5668 1180 5727 Dominus
1225 5689 1288 5727 ea:
1330 5675 1459 5730 servi
1509 5676 1707 5729 nomine
1756 5676 2059 5746 appellatus.

489 5782 559 5794 --
577 5753 779 5817 Deinde
798 5767 1099 5824 monstrans
1122 5775 1317 5842 quanta
1345 5780 1431 5829 res
1452 5767 1526 5830 sit
1550 5767 1704 5831 unius
1734 5768 1829 5823 viri
1859 5768 2051 5843 virtus,

1251 392 1308 447 Β.
1349 386 1626 446 JOANNIS
1662 376 2130 438 CllBYSOSTOMl
2170 372 2481 431 ARCHIEP.
2523 372 3052 430 CONSTANTINOP.

3627 366 3723 429 308

2154 504 2221 543 ex
2266 490 2404 543 servi
2446 468 2660 545 nomine
2701 489 2990 560 appellavit
3017 486 3316 543 Dominum.
3342 482 3494 552 Quod
3517 480 3726 553 quidem

2155 578 2350 633 Paulus
2389 594 2598 649 quoque
2633 580 2764 635 dicit
2790 579 2950 634 fuisse
2978 592 3075 647 pro
3099 576 3336 630 maximo
3368 577 3571 629 honore
3600 588 3728 628 eon-

2155 684 2365 724 cessum
2391 669 2498 725 illis
2523 670 2721 724 sanctis
2738 711 2753 736 ,
2783 669 3031 739 quoniam
3060 666 3210 727 liberi
3233 674 3387 725 erant
3404 664 3472 719 ab
3490 663 3732 719 omnibus

2154 775 2273 829 qua:
2299 759 2365 814 ad
2386 759 2522 814 hanc
2540 760 2696 814 vitam
2713 760 3065 829 pertinebant.
3084 756 3196 817 Non
3210 757 3383 814 solum
3403 753 3544 809 enim
3566 754 3734 822 posuit

2155 852 2299 910 illum
2326 851 2580 909 honorem
2601 892 2616 915 ,
2643 851 2739 907 sed
2768 851 2927 909 etiam
2947 850 3144 921 adjecit
3162 862 3378 911 causam
3408 846 3646 906 honoris.
3675 853 3733 900 ut

2153 942 2447 999 auditorem
2488 941 2706 1001 doceret
2739 942 2903 1005 viam,
2955 955 3051 1009 per
3093 953 3251 1008 quam
3292 945 3471 1008 posset
3509 937 3731 1005 primum

2158 1031 2297 1086 hunc
2338 1033 2508 1087 locum
2548 1033 2807 1087 obtinere.
2846 1029 3185 1097 Quemnam?
3230 1028 3299 1093 Ut
3341 1044 3405 1093 ex
3449 1043 3728 1082 servorum

2158 1122 2372 1188 nomine
2418 1122 2673 1176 Dominus
2712 1129 2951 1178 vocetur.
3000 1119 3256 1186 Quocirca
3301 1117 3510 1180 dicebat
3557 1135 3571 1170 :
3608 1115 3736 1170 Pro-

2157 1224 2267 1280 pter
2298 1228 2450 1284 quant
2482 1228 2685 1266 causam
2711 1228 2809 1265 non
2835 1209 3076 1269 erubescit
3104 1209 3243 1272 Deus
3262 1249 3278 1276 ,
3300 1208 3437 1272 Deus
3462 1225 3633 1272 eorum
3652 1223 3738 1260 eo.

2155 1303 2262 1357 cari
2313 1300 2503 1372 (Hebr.
2558 1303 2642 1357 ll.
2694 1300 2802 1372 l6).
2850 1298 3127 1368 Quomodo
3180 1298 3546 1371 appellabatur
3600 1297 3735 1361 Deus

2157 1390 2436 1459 ipsorum?
2484 1390 2675 1445 Dicens
2719 1407 2734 1444 :
2783 1389 2892 1460 Ego
2936 1406 3050 1443 sum
3091 1387 3232 1442 Deus
3273 1387 3561 1456 Abraham,
3601 1385 3743 1453 Deus

2158 1480 2341 1549 Isaac,
2388 1491 2434 1537 et
2474 1482 2608 1535 Deus
2644 1481 2803 1535 Iacob
2853 1479 3044 1551 (Exod.
3091 1482 3145 1535 ὅ.
3186 1479 3264 1550 6).
3297 1479 3497 1533 Deinde
3527 1491 3727 1548 ponens

2158 1572 2316 1636 etiam
2361 1574 2606 1645 superius
2638 1587 2850 1628 causam
2880 1573 2999 1627 talis
3025 1573 3315 1626 vocationis
3335 1613 3351 1638 ,
3382 1571 3516 1627 dixit
3544 1588 3558 1625 :
3589 1569 3655 1624 Et
3688 1570 3737 1635 li

2159 1679 2328 1720 omnes
2356 1664 2538 1727 mortui
2566 1673 2680 1725 sunt
2703 1706 2719 1727 ,
2747 1680 2848 1719 non
2880 1665 3098 1734 acceptis
3118 1663 3533 1735 promissionibus
3553 1705 3567 1727 ,
3593 1663 3681 1716 sed
3703 1679 3735 1726 ιι

2160 1756 2308 1826 longe
2344 1771 2430 1815 eas
2463 1756 2761 1823 aspicientes
2784 1765 2833 1811 et
2859 1756 3164 1823 salutantes,
3201 1767 3246 1809 et
3272 1756 3562 1822 conﬁtentes
3581 1795 3597 1820 ,
3623 1755 3737 1824 quia

2160 1849 2410 1919 peregrini
2432 1857 2548 1902 sunt
2569 1856 2615 1907 et
2626 1848 2846 1917 hospites
2866 1851 2885 1917 (
2893 1847 3047 1912 Hebr.
3072 1848 3159 1911 11.
3181 1848 3295 1920 l3).
3317 1847 3441 1903 Haec
3457 1858 3536 1902 est
3558 1863 3733 1917 causa,

2160 1947 2214 1993 et
2256 1939 2374 1993 ideo
2418 1938 2688 2009 subjunxit
2714 1939 2969 2011 :Propter
2995 1945 3126 2000 hanc
3149 1956 3351 2001 causam
3378 1957 3477 1994 non
3501 1941 3740 1994 erubescit

2164 2029 2298 2084 Deus
2317 2032 2483 2084 vocari
2510 2029 2646 2089 Deus
2668 2047 2839 2085 eorum
2866 2031 3031 2102 (Ibid.
3059 2047 3105 2093 υ,
3137 2032 3246 2104 16).
3281 2032 3507 2101 Propter
3544 2032 3741 2105 quam?

2159 2125 2415 2189 Quoniam
2448 2124 2676 2180 confessi
2716 2134 2839 2180 sunt
2862 2141 2981 2181 esse
3006 2142 3065 2182 se
3095 2126 3331 2196 hospites
3355 2135 3407 2181 et
3436 2127 3744 2196 peregrinos

2161 2213 2319 2287 (Ibid.
2347 2231 2394 2268 υ.
2428 2215 2518 2286 15)
2538 2255 2553 2279 ,
2586 2223 2640 2270 et
2663 2215 2794 2269 nihil
2820 2215 3016 2271 habere
3056 2231 3340 2272 commune
3361 2232 3479 2273 cum
3501 2232 3741 2286 praesen-

2161 2306 2300 2360 tibus
2332 2325 2345 2362 :
2375 2306 2469 2362 sed
2507 2307 2730 2376 sejuncti
2769 2307 2837 2365 ab
2877 2307 2942 2362 iis
2969 2323 3088 2377 qua:
3119 2308 3184 2362 ad
3219 2307 3356 2364 hanc
3382 2308 3543 2363 vitam
3575 2309 3742 2378 perti-

2160 2407 2319 2463 nent,
2351 2399 2421 2454 ita
2465 2398 2723 2468 degebant
2765 2399 2816 2453 in
2855 2399 3028 2455 aliena
3077 2409 3238 2455 terra.
3277 2400 3330 2455 8.
3363 2400 3462 2467 Qui
3502 2402 3745 2467 converti;

2159 2498 2349 2559 petram
2376 2488 2429 2541 in
2452 2497 2631 2559 stagna
2642 2504 2888 2553 aquarum
2908 2531 2923 2556 ,
2951 2499 2996 2543 et
3020 2506 3194 2559 rupem
3218 2490 3454 2559 infantes
3471 2507 3742 2560 aquarum,

2150 2578 2486 2646 Quamnam,
2529 2594 2744 2647 qua-so,
2787 2580 2994 2644 veniam
3039 2591 3457 2651 consequentur,
3497 2582 3587 2652 qui
3617 2594 3741 2648 sunt

2158 2666 2311 2732 duri,
2341 2676 2395 2722 et
2438 2683 2543 2722 non
2587 2667 2737 2724 facile
2777 2670 2999 2736 cedunt,
3027 2686 3147 2727 cum
3186 2680 3240 2726 et
3282 2682 3428 2746 petra
3476 2681 3532 2727 et
3585 2688 3745 2743 rupes

2159 2773 2277 2827 quae
2305 2768 2387 2814 est
2414 2756 2544 2812 dura
2571 2770 2625 2814 et
2653 2759 2933 2828 resistens,
2956 2760 3110 2816 cedat
3132 2761 3303 2829 jussui
3331 2761 3558 2827 Domini,
3583 2762 3745 2823 homo

2159 2858 2365 2913 autem,
2409 2847 2496 2918 qui
2539 2857 2620 2905 est
2659 2849 2863 2910 ratione
2899 2860 3119 2915 ornatus
3144 2861 3199 2905 et
3225 2851 3472 2907 omnibus
3498 2867 3745 2907 mansues

2161 2939 2292 3007 tior,
2336 2939 2436 2992 illis
2462 2938 2650 3013 evadat
2674 2939 2895 3004 durior?
2924 2940 3125 3016 Rupem
3153 2940 3294 3006 enim
3326 2941 3412 2995 hic
3437 2940 3564 2996 dicit
3583 2982 3599 3007 ,
3627 2957 3745 3011 qua

2162 3030 2314 3089 facile
2338 3028 2481 3086 ferro
2501 3045 2605 3085 non
2633 3030 2806 3099 cedit,
2837 3031 2929 3087 sed
2958 3032 3044 3087 vix
3071 3032 3122 3091 in
3151 3033 3347 3097 vertice
3368 3032 3741 3103 confringitur,

2160 3120 2253 3187 Illa
2300 3132 2472 3176 tamen
2520 3122 2571 3175 iu
2626 3122 2945 3177 contrariam
2990 3131 3230 3179 naturam
3283 3121 3494 3183 redacta
3540 3132 3660 3188 est,
3690 3131 3745 3176 et

2161 3213 2335 3268 fontes
2375 3228 2628 3283 aquarum
2677 3213 2874 3268 emisit.
2924 3213 3137 3267 Naturae
3177 3215 3319 3279 enim
3358 3211 3544 3282 Opifex
3571 3222 3746 3281 potest

2163 3305 2307 3374 ipsos
2345 3318 2557 3374 quoque
2596 3304 2883 3359 transferre
2920 3304 3171 3361 terminos
3191 3346 3207 3371 ,
3238 3316 3290 3360 et
3316 3320 3434 3374 qua:
3461 3314 3584 3359 sunt
3611 3319 3744 3358 COII-.

2166 3396 2327 3450 traria
2369 3395 2654 3453 ostendere
2703 3412 2717 3449 :
2763 3393 2903 3469 quod
2930 3409 3299 3464 smpenumero
3327 3393 3453 3449 fecit
3481 3396 3534 3450 in
3566 3396 3746 3457 multis

2165 3486 2329 3551 locis,
2377 3485 2664 3549 oStendens
2703 3500 2762 3539 se
2805 3502 2926 3541 eum
2963 3501 3111 3551 esse,
3148 3487 3237 3556 qui
3263 3501 3326 3540 ex
3359 3486 3423 3541 iis
3446 3528 3460 3553 ,
3492 3502 3612 3556 quae
3643 3502 3747 3553 non

2163 3585 2319 3641 sunt,
2366 3575 2492 3632 fecit
2534 3577 2733 3637 omnia.
2775 3577 3060 3647 Postquam
3099 3593 3226 3647 ergo
3251 3577 3385 3632 dixit
3409 3581 3623 3647 antiqua
3655 3580 3750 3633 bc—

2165 3669 2395 3736 nelicia,
2445 3668 2726 3733 miracula,
2779 3668 3053 3739 prodigia,
3107 3668 3374 3739 quomodo
3422 3669 3666 3723 liberavit
3718 3683 3748 3723 a

2164 3758 2437 3816 barbarica
2480 3760 2768 3826 servitute,
2817 3761 3084 3829 quomodo
3102 3761 3310 3817 reduxit
3330 3762 3379 3814 in
3412 3761 3744 3826 libertatem,

2166 3848 2433 3919 quomodo
2475 3850 2695 3904 mutavit
2731 3848 3025 3919 elementa,
3071 3862 3124 3906 et
3164 3852 3338 3919 omnia
3368 3853 3592 3921 replevit
3619 3852 3750 3917 Leti-

2169 3942 2273 4008 tia,
2320 3952 2470 4012 rogat
2508 3945 2665 3997 etiam
2696 3958 2795 4014 pro
2828 3944 3176 4012 prtesentibus
3215 3953 3263 3997 et
3292 3943 3356 3997 ad
3389 3958 3508 3996 eum
3541 3953 3748 4012 portum

2168 4033 2419 4102 confugit.
2467 4033 2665 4087 Deinde
2702 4034 2953 4107 quoniam
2996 4033 3121 4095 illud
3162 4049 3371 4108 quoque
3402 4032 3596 4087 factum
3626 4042 3747 4111 est,

2170 4140 2274 4177 non
2307 4135 2520 4194 propter
2544 4126 2728 4189 merita
2758 4142 2941 4180 eorum
2968 4126 3055 4196 qui
3078 4124 3446 4191 afliciebantur
3469 4125 3747 4189 beneficio.

2170 4217 2261 4271 sed
2303 4228 2518 4286 propter
2556 4217 2649 4275 Dei
2688 4214 3064 4288 benignitatem
3094 4228 3145 4272 et
3176 4218 3543 4284 clementiam,
3572 4225 3628 4272 et
3654 4232 3750 4279 no-

2171 4322 2293 4363 men
2324 4307 2438 4382 ejus
2468 4326 2482 4373 ;
2511 4307 2648 4376 quod
2672 4307 2884 4377 quidem
2912 4307 3076 4372 dzxit:
3108 4306 3175 4366 Ut
3205 4325 3305 4368 non
3334 4308 3627 4376 profanetur
3654 4323 3750 4361 nov

2171 4416 2283 4452 men
2328 4416 2492 4461 meum
2539 4397 2750 4467 (Ezeclt.
2789 4398 2877 4454 20.
2911 4397 2965 4470 9)
2989 4440 3002 4462 ,
3034 4399 3129 4454 sed
3156 4400 3326 4456 sciant
3353 4415 3540 4453 omnes
3569 4416 3665 4469 per
3688 4414 3749 4463 ea

2170 4507 2291 4559 qua:
2334 4489 2471 4549 facta
2513 4499 2665 4555 sunt,
2712 4489 2828 4559 ejus
2864 4491 3109 4544 virtutem
3135 4499 3188 4544 et
3216 4489 3539 4558 potentiam,
3571 4490 3751 4557 ethoc

2171 4583 2243 4643 sit
2272 4581 2483 4635 occasio
2502 4590 2553 4635 et
2572 4592 2939 4650 argumentum
2962 4580 3240 4643 doctrinae,
3269 4581 3404 4636 hanc
3424 4583 3582 4635 etiam
3609 4596 3751 4649 nunc

2171 4673 2326 4727 aifert
2363 4670 2658 4734 rationem,
2704 4671 2888 4726 dicens
2930 4689 2943 4731 :
2987 4671 3206 4725 Etiamsi
3249 4685 3346 4726 nos
3373 4673 3476 4726 vita
3499 4672 3748 4744 deficiat,

2172 4781 2270 4819 nec
2315 4762 2604 4816 habeamus
2643 4778 2711 4817 ex
2757 4762 2953 4816 nostris
2989 4772 3132 4817 recte
3176 4762 3326 4817 factis
3356 4760 3599 4817 fiduciam
3623 4799 3643 4830 ,
3671 4765 3751 4817 [ac

2171 4864 2387 4922 propter
2431 4866 2620 4908 nomen
2664 4863 2848 4919 tuum,
2892 4852 3028 4915 sicut
3066 4852 3275 4915 dicebat
3314 4851 3507 4907 Moses.
3536 4853 3635 4907 Cui
3667 4853 3752 4908 h'c

2171 4961 2379 5016 quoque
2418 4944 2600 5003 dicens
2642 4957 3028 5011 consentanea,
3059 4944 3132 4998 ait
3163 4962 3175 4997 :
3206 4948 3261 5011 9,
3294 4943 3416 5002 Non
3443 4944 3613 5011 nobis,
3649 4944 3752 5001 Do-

2171 5037 2302 5095 mine
2321 5077 2337 5099 ,
2368 5052 2466 5089 non
2492 5036 2660 5102 nobis,
2689 5036 2777 5089 sed
2806 5035 2997 5089 nomini
3022 5044 3106 5087 tuo
3131 5037 3198 5088 da
3221 5035 3452 5106 gloriam.
3482 5034 3600 5089 Non
3630 5052 3752 5107 pro,-

2168 5136 2290 5201 pter
2331 5144 2461 5191 nos,
2509 5128 2713 5197 inquit,
2758 5142 2928 5196 neque
2965 5135 3022 5181 ut
3068 5141 3165 5184 nos
3201 5127 3392 5184 reddas
3416 5127 3671 5184 clariores
3698 5138 3753 5183 et

2171 5218 2338 5287 magis
2377 5216 2609 5287 insignes
2626 5259 2643 5286 ,
2672 5217 2764 5271 sed
2793 5229 2848 5271 ut
2878 5217 2991 5288 ipse
3021 5218 3215 5288 ubique
3245 5228 3385 5272 tuam
3414 5218 3611 5274 reddas
3638 5234 3753 5275 ma-

2174 5311 2416 5373 nifestam
2463 5308 2769 5378 potentiam.
2805 5308 2999 5372 Verum
3040 5309 3483 5378 quemadmodum
3514 5309 3632 5379 ejus
3656 5324 3753 5371 no.-

2174 5418 2292 5455 tuen
2338 5402 2503 5470 gloria
2539 5411 2592 5456 et
2638 5401 2840 5456 honore
2880 5401 3141 5467 afficitur,
3183 5403 3307 5457 dum
3334 5404 3447 5472 ipse
3476 5403 3578 5459 fert
3600 5406 3751 5458 auxi.-

2166 5491 2298 5545 liutu
2348 5509 2361 5544 :
2406 5492 2473 5544 ita
2520 5506 2703 5547 rursus
2744 5492 2911 5563 gloria
2950 5506 3160 5570 quoque
3195 5492 3455 5557 afficitur,
3496 5493 3623 5549 dum
3652 5508 3750 5564 nos

2166 5596 2313 5643 reete
2359 5590 2413 5636 et
2451 5597 2516 5637 ex
2561 5582 2754 5639 virtute
2802 5582 3058 5649 vivimus,
3096 5593 3150 5638 et
3196 5585 3466 5653 prmelaris
3497 5585 3748 5651 institutis

2162 5674 2295 5728 clari
2336 5688 2535 5728 sumus.
2578 5672 2765 5729 Luceat
2837 5676 3009 5740 enim,
3052 5677 3247 5747 inquit,
3277 5677 3366 5730 lux
3392 5686 3551 5730 vestra
3576 5693 3747 5741 eorum

2174 5767 2451 5830 [ιυιιιὶιιὶιιιιε
2471 5805 2490 5836 ,
2530 5776 2583 5820 ut
2620 5765 2817 5830 videant
2845 5781 3000 5845 opera
3025 5778 3181 5833 vestra
3204 5769 3364 5839 bona,
3396 5778 3442 5821 et
3460 5765 3745 5846 glorificent
