4018 6268
319 302 426 359 3119

321 393 524 446 Patrem
554 398 786 452 restrum,
816 390 897 457 qui
918 398 986 442 est
1007 389 1055 440 in
1084 387 1217 441 cwlis
1242 385 1451 455 (Matth.
1481 387 1535 438 Si.
1567 385 1673 454 16).
1702 383 1896 448 Quem-

315 484 601 541 admodum
645 499 772 554 ergo
797 483 964 552 gloria
994 481 1062 536 ob
1091 481 1337 534 virtutem
1369 487 1602 532 nostram
1635 476 1892 536 afficitur,

314 580 384 630 ita
431 575 767 630 contumeliis
814 581 868 628 et
911 572 1200 626 maledictis
1239 569 1543 631 incessitur,
1587 567 1710 620 dum
1737 567 1896 620 vitam

314 669 367 722 in
411 669 540 720 vitio
577 665 935 734 transigimus.
969 663 1079 717 Hoc
1107 662 1276 732 ipsum
1305 674 1399 728 per
1424 657 1736 728 prephetam
1768 671 1898 724 quo-

313 775 416 826 que
460 757 765 828 signiﬁcans
787 797 802 821 ,
845 755 1056 809 dicebat
1097 771 1113 806 :
1160 751 1358 805 Nomen
1393 767 1558 804 meum
1586 759 1790 821 propter
1812 765 1898 802 vos

311 848 689 917 blasphematur
713 846 766 898 in
791 845 1016 916 gentibus
1046 841 1193 914 (Isai.
1225 841 1315 896 52.
1342 841 1420 911 5).
1448 840 1582 894 Cum
1603 855 1730 909 ergo
1757 838 1896 892 nulla

313 942 412 996 alia
443 940 648 995 ratione
677 939 843 1008 possit
868 951 1050 992 eorum
1080 949 1291 990 causam
1322 932 1608 988 defendere
1626 972 1642 996 ,
1669 946 1736 986 eo
1765 946 1895 985 enn-

273 1043 280 1048 '
314 1031 472 1102 fugit,
497 1030 635 1084 sicut
664 1029 822 1083 etiam
847 1027 1037 1082 Moses.

384 1121 542 1177 Salus
587 1121 848 1174 hominum
881 1119 988 1172 Deo
1011 1119 1173 1190 magis
1202 1127 1274 1172 est
1300 1132 1466 1182 cum,
1493 1132 1642 1186 quam
1665 1131 1756 1169 sua
1783 1115 1896 1184 glo-

312 1215 409 1267 ria.
454 1243 526 1253 —
568 1212 672 1268 Sed
715 1228 818 1266 non
853 1210 994 1266 idem
1023 1225 1234 1279 semper
1261 1209 1384 1265 facit
1415 1210 1553 1264 Deus
1575 1249 1591 1275 ,
1623 1207 1895 1262 hominum

311 1305 502 1359 salutis
539 1319 721 1358 curam
763 1317 972 1372 gerens.
1021 1302 1077 1357 Si
1115 1302 1256 1356 enim
1296 1315 1507 1371 semper
1541 1299 1643 1355 hoc
1669 1299 1893 1365 faceret,

311 1397 461 1451 multi
507 1395 760 1450 socordes
804 1395 992 1450 ﬁerent
1033 1395 1362 1459 deteriores,
1409 1393 1548 1463 quod
1597 1393 1726 1447 nihil
1771 1393 1894 1446 mali

313 1496 660 1557 paterentur,
694 1487 981 1540 maximum
1025 1487 1212 1555 pignus
1259 1485 1550 1550 habentes,
1587 1499 1644 1538 se
1679 1493 1896 1554 propter

313 1577 431 1646 ejus
476 1578 695 1647 gloriam
740 1593 767 1629 a
813 1575 969 1630 malis
1009 1584 1266 1645 perpetuo
1311 1574 1601 1630 servandos
1623 1590 1763 1629 esse.
1791 1574 1894 1629 Sed

311 1683 402 1723 res
429 1684 532 1722 non
561 1669 631 1722 ita
655 1682 713 1722 se
737 1667 912 1722 habet.
937 1665 1116 1736 Neque
1131 1667 1274 1721 enim
1299 1667 1406 1721 Deo
1427 1680 1520 1720 sua
1541 1664 1710 1735 gloria
1732 1673 1894 1719 tanta:

315 1768 400 1813 est
443 1773 584 1812 cura:
607 1800 622 1824 ,
666 1765 876 1826 quanta:
907 1758 1050 1811 salus
1077 1757 1368 1810 hominum.
1396 1755 1451 1810 Si
1478 1757 1619 1810 enim
1652 1755 1894 1810 homines

313 1863 436 1902 eam
475 1857 849 1914 contemnunt,
896 1849 1062 1902 multo
1100 1849 1265 1917 magis
1296 1848 1435 1902 Deus
1457 1887 1472 1912 ,
1500 1847 1590 1918 qui
1621 1847 1770 1901 nullo
1799 1862 1897 1900 no-

309 1949 548 1993 strorum
592 1939 788 2008 indiget
815 1956 829 1992 :
859 1939 974 2003 sed,
1017 1939 1154 1992 sicut
1181 1938 1325 2004 dixi,
1355 1938 1604 2008 quoniam
1634 1937 1891 2008 prOpheta

309 2039 492 2098 partes
531 2029 826 2084 defensoris
868 2028 1120 2098 suscipit,
1171 2043 1264 2082 eos
1291 2028 1358 2080 ab
1385 2029 1448 2081 iis
1470 2067 1485 2092 ,
1517 2043 1578 2082 ex
1608 2027 1800 2096 quibus
1827 2027 1892 2080 Ii-

307 2133 428 2183 eet.
470 2122 735 2188 defendit,
760 2133 814 2176 et
842 2123 1157 2191 repetitione
1179 2121 1375 2187 utitur,
1406 2120 1589 2175 dicens
1617 2138 1632 2174 :
1663 2119 1782 2174 Non
1804 2136 1896 2174 uo-

311 2214 385 2264 bis
405 2254 420 2277 ,
457 2211 699 2277 Domine,
731 2229 832 2266 non
861 2213 1001 2266 nobis
1031 2229 1050 2266 :
1075 2211 1360 2266 ostendens
1390 2227 1632 2281 magnam
1665 2211 1892 2282 indigni-

307 2310 471 2354 tatem
519 2317 702 2356 eorum
745 2303 833 2372 qui
875 2311 1152 2356 servantur
1193 2319 1206 2353 :
1247 2301 1336 2355 sed
1365 2303 1552 2355 nomini
1581 2311 1666 2354 tuo
1694 2303 1760 2354 da
1785 2302 1896 2371 glo-

309 2395 460 2447 riam.
502 2394 610 2448 Nos
635 2395 775 2449 enim
804 2409 989 2449 sumus
1017 2395 1158 2463 digni
1188 2395 1340 2448 malis
1373 2393 1842 2448 innumerabilibus
1875 2410 1890 2458 ;

309 2487 403 2541 sed
437 2503 504 2540 ne
531 2487 842 2556 profanetur
871 2502 1061 2541 nomen
1096 2497 1263 2540 tuum.
1292 2486 1378 2540 10.
1411 2487 1579 2556 ευμεν
1606 2487 1892 2540 misericor-

309 2579 396 2632 dia
418 2590 506 2631 tua
534 2588 577 2631 et
603 2580 809 2633 veritate
829 2589 935 2632 tua.
970 2579 1118 2632 Alius
1143 2579 1406 2647 interpres
1424 2577 1501 2650 (a)
1523 2579 1597 2632 ait
1621 2594 1640 2630 :
1672 2577 1893 2647 Pr0pter

309 2669 702 2721 misericordiam
726 2679 885 2721 tuam.
919 2668 1080 2722 Vides
1101 2684 1221 2723 eum
1246 2669 1345 2722 hoc
1372 2683 1580 2738 quoque
1606 2669 1761 2737 plane
1784 2669 1890 2723 sci-

305 2761 448 2814 visse
468 2802 482 2824 ,
530 2760 692 2814 Deum
724 2759 776 2813 id
808 2759 1186 2828 despicientem
1208 2799 1223 2824 ,
1255 2775 1418 2812 unum
1441 2759 1613 2813 solum
1641 2759 1740 2813 sibi
1765 2774 1891 2828 pro.

307 2865 529 2920 ponere,
561 2865 750 2921 nempe
789 2859 849 2904 ut
890 2850 1223 2920 corrigantur
1259 2861 1586 2920 peccatores.
1619 2850 1741 2906 Ideo
1766 2851 1892 2905 sub-

305 2942 516 3010 junxit,
567 2942 734 3008 Super
776 2941 1117 2994 misericordia
1163 2950 1248 2993 tua
1299 2950 1345 2993 et
1401 2941 1604 2995 veritate
1642 2950 1748 2994 tua.
1779 2940 1889 2996 Hoc

302 3041 393 3082 est
425 3048 436 3081 :
471 3031 688 3099 Propter
715 3031 1128 3084 misericordiam
1159 3039 1301 3084 tuam
1323 3029 1406 3085 fer
1433 3030 1586 3085 nobis
1605 3031 1882 3096 auxilium,

307 3125 407 3177 etsi
450 3137 552 3175 non
598 3124 665 3175 sit
707 3121 800 3175 tibi
845 3136 986 3174 cura:
1019 3120 1181 3190 gloria
1209 3121 1481 3174 hominum
1503 3160 1516 3186 ,
1550 3120 1642 3174 sed
1671 3131 1888 3190 propter

301 3213 726 3267 misericordiam
768 3220 820 3266 et
845 3213 1118 3265 veritatem
1147 3220 1308 3264 tuam.
1342 3211 1499 3265 Potes
1528 3211 1668 3264 enim
1690 3253 1705 3276 ,
1739 3220 1888 3280 potes

302 3305 463 3358 etiam
513 3304 734 3372 puniens
759 3303 978 3371 gloriam
1009 3302 1250 3370 accipere
1269 3342 1284 3368 ,
1314 3311 1368 3356 et
1397 3315 1499 3355 non
1525 3301 1695 3356 solum
1725 3303 1886 3356 mise-

298 3411 447 3449 rens.
491 3393 596 3448 Sed
640 3407 742 3446 non
786 3393 895 3459 sic,
934 3392 1130 3462 inquit,
1158 3391 1250 3446 sed
1271 3400 1488 3462 propter
1514 3401 1652 3446 tuam
1681 3391 1888 3447 miseri-

299 3487 563 3542 cordiam.
591 3483 881 3554 Oportebat
905 3485 1046 3538 enim
1067 3498 1096 3536 a
1128 3483 1280 3537 nobis
1307 3482 1508 3538 nomini
1533 3492 1622 3537 tuo
1642 3483 1754 3537 dari
1776 3483 1888 3552 glo-

298 3581 436 3635 riam
484 3595 578 3649 pcr
620 3579 812 3632 bonam
849 3577 972 3630 vine
1016 3576 1402 3631 institutionem
1447 3591 1464 3629 :
1506 3574 1602 3629 sed
1635 3577 1885 3645 quoniam

300 3671 405 3726 hac
448 3672 500 3724 in
525 3685 582 3724 re
609 3669 783 3722 ofﬁcio
811 3676 997 3722 nostro
1025 3666 1188 3720 functi
1222 3681 1326 3720 non
1353 3679 1571 3732 sumus,
1602 3664 1684 3719 fac
1709 3665 1760 3719 id
1791 3680 1885 3733 per

301 3773 453 3816 tuum
478 3760 823 3829 patrocinium
850 3799 865 3824 ,
895 3773 989 3827 per
1008 3756 1345 3811 clementiam
1366 3763 1421 3810 et
1439 3753 1878 3809 misericordiam.

303 3851 592 3920 Nequando
621 3851 787 3902 dicant
809 3858 976 3918 gentes
1006 3863 1024 3900 :
1056 3845 1151 3900 Ubi
1181 3855 1252 3900 est
1279 3846 1417 3899 Deus
1437 3845 1648 3898 eorum?

371 3945 427 3998 4.
459 3941 628 3996 Audio
653 3941 847 3994 multos
873 3955 1014 3994 nunc
1042 3953 1251 4008 quoque
1272 3936 1535 4006 precando
1561 3935 1676 3990 haec
1698 3935 1880 3991 dicen-

298 4045 423 4090 tes:
470 4035 576 4088 Sed
617 4035 776 4086 timeo
812 4047 877 4085 ne
906 4030 1254 4100 nequicquam
1285 4028 1496 4094 dicant,
1529 4026 1626 4080 Ubi
1649 4034 1720 4079 est
1743 4025 1883 4081 Deus

295 4125 519 4180 eorum?
559 4122 768 4193 quando
813 4121 965 4176 multi
1008 4121 1248 4189 rapiunt,
1287 4127 1342 4174 et
1375 4118 1618 4188 injuriam
1645 4116 1892 4184 faciunt,

296 4229 354 4274 et
378 4217 662 4271 admittunt
693 4216 892 4269 scelera
922 4211 1349 4266 innumerabilia.

367 4308 626 4364 Patientia
651 4305 765 4358 Dei.
783 4335 852 4343 —
871 4305 956 4359 ll.
983 4303 1118 4357 Deus
1153 4313 1318 4356 autent
1350 4313 1515 4356 noster
1541 4302 1592 4354 in
1613 4302 1736 4355 ccelo
1755 4310 1801 4355 et
1825 4301 1881 4354 in

297 4411 433 4452 terra
459 4401 475 4430 ¹
499 4398 666 4450 omnia
706 4409 1026 4466 quaecumque
1074 4395 1227 4447 uoluit
1284 4395 1420 4465 fecit.
1465 4393 1754 4448 Stultorum
1795 4393 1882 4448 hic

298 4505 538 4545 errorem
582 4489 815 4556 corrigit.
859 4486 1117 4553 Quoniam
1156 4485 1297 4540 enim
1339 4484 1492 4539 multi
1543 4485 1710 4540 Deum
1759 4499 1880 4540 esse

299 4583 576 4651 ignorant,
605 4579 761 4633 talem
799 4592 982 4632 eorum
1012 4577 1324 4632 sententiam
1360 4577 1632 4647 corrigens
1656 4618 1671 4642 ,
1701 4577 1828 4632 dicit
1860 4596 1875 4632 :

299 4671 437 4726 Deus
454 4681 619 4724 autem
636 4679 801 4724 noster
825 4669 876 4745 in
897 4667 1017 4721 caelo
1038 4669 1206 4720 omnia
1223 4683 1546 4740 quaecumque
1565 4667 1718 4720 voluit
1737 4669 1874 4738 fecit.

297 4766 353 4820 Si
375 4773 552 4819 autem
585 4764 637 4817 in
663 4762 814 4827 caelo,
849 4762 1014 4816 multo
1041 4761 1209 4831 magis
1237 4762 1286 4813 in
1319 4770 1478 4815 terra.
1511 4760 1646 4828 Quid
1672 4769 1755 4815 est
1779 4775 1875 4815 au-

299 4867 426 4923 tem,
447 4855 514 4910 In
530 4855 652 4910 celo
672 4855 840 4908 omnia
857 4868 1173 4924 quaecumque
1201 4852 1354 4906 voluit
1384 4852 1501 4922 fecit
1521 4852 1546 4904 .7
1563 4851 1658 4906 Vel
1687 4867 1874 4921 super-

298 4965 394 5003 nas
422 4947 590 5017 inquit
611 4947 852 5011 virtutes,
879 4953 934 5000 et
969 4943 1198 4998 inﬁnitas
1225 4942 1342 4997 illas
1373 4952 1572 4996 turmas
1591 4984 1605 5008 ,
1634 4943 1714 4996 vel
1744 4958 1880 5011 prce-

296 5051 445 5110 cepta
498 5055 617 5108 qua:
666 5053 786 5093 cum
835 5037 1082 5092 facilitate
1129 5043 1472 5105 peraguntur.
1501 5033 1557 5088 Si
1603 5044 1777 5089 autem
1822 5035 1874 5090 in

301 5144 438 5188 terra
470 5148 657 5204 magna
698 5140 779 5185 est
807 5129 1048 5184 confusio
1073 5128 1379 5198 ordinisque
1417 5129 1744 5200 perturbatio
1763 5171 1779 5196 ,
1810 5145 1876 5185 ne

298 5228 528 5283 mireris.
557 5228 599 5280 Α
631 5223 864 5292 nequitia
896 5222 1036 5276 enim
1077 5220 1372 5283 hominum,
1393 5228 1448 5275 et
1475 5234 1680 5286 eorum,
1709 5221 1797 5291 qui
1825 5221 1872 5276 id

296 5327 484 5372 curant
503 5359 517 5381 ,
567 5314 902 5386 improbitate
923 5354 936 5376 ,
985 5328 1088 5366 non
1129 5319 1304 5366 autem
1332 5326 1362 5365 a
1391 5311 1484 5366 Dei
1514 5309 1874 5367 imbecillitate

298 5411 481 5462 oritur.
525 5407 677 5476 Quod
713 5406 854 5460 enim
897 5404 965 5459 sit
1005 5403 1155 5458 fortis
1178 5411 1232 5458 et
1261 5411 1448 5474 potens
1469 5444 1484 5470 ,
1516 5417 1634 5473 quae
1665 5402 1714 5456 in
1742 5409 1870 5457 cauto

361 5545 377 5572 ¹
415 5549 496 5590 me
515 5552 680 5598 voces,
696 5542 741 5588 et
765 5537 815 5586 in
835 5543 983 5596 terra,
1008 5536 1186 5586 desunt
1203 5540 1254 5586 tn
1272 5536 1409 5586 savii.

359 5623 432 5685 (a)
465 5623 577 5681 Quis
597 5621 661 5671 sit
699 5621 774 5668 hic
796 5621 1042 5685 interpres
1059 5621 1330 5680 ignoratur;
1371 5617 1484 5667 illud
1511 5631 1652 5685 vero,
1678 5626 1860 5685 prapter

301 5681 677 5734 "uisci-icordiam
697 5689 844 5740 tuam,
871 5681 1119 5742 propheta:
1141 5688 1356 5729 mentem
1375 5689 1486 5744 apte
1512 5683 1750 5741 exprimit.

1419 290 1778 349 EXPOSITIO
1819 287 1880 343 IN
1922 287 2241 346 PSALMUM
2281 293 2460 347 CXIII.

3493 297 3596 353 310

2013 383 2140 437 ﬁunt
2170 385 2220 437 id
2252 383 2566 454 signiﬁcant.
2600 384 2653 438 Si
2677 391 2850 438 autem
2876 399 2980 440 non
3010 387 3076 440 ita
3103 386 3192 442 ﬁat
3222 387 3270 441 in
3297 397 3433 442 terra
3457 431 3473 454 ,
3503 391 3596 460 qui

2006 478 2210 547 seipsos
2257 479 2489 532 reddunt
2527 477 2771 548 indignos
2810 478 2860 532 in
2886 493 3043 533 causa
3073 489 3215 533 sunt.
3245 480 3413 535 Porro
3439 483 3596 538 aliter

2005 583 2214 638 quoque
2263 571 2399 622 sumi
2462 579 2634 638 potest
2689 568 2829 639 quod
2873 569 3099 633 dicitur,
3138 585 3330 641 nempe
3377 583 3596 642 propter

2009 661 2102 716 Dei
2146 661 2452 730 patientiam
2492 661 2654 716 multa
2682 677 2801 716 esse
2831 678 2948 740 quge
2971 663 3203 717 nondum
3225 664 3594 736 aceipiuntju-

2005 765 2140 809 stam
2185 755 2687 810 remunerationem.
2730 755 2847 822 Quo
2895 755 2950 808 ﬁt
2986 764 3042 808 ut
3062 755 3192 824 justi
3222 756 3500 811 vincantur
3527 759 3596 812 ab
3629 772 3635 808 '.

2005 846 2258 916 improbis
2284 887 2298 909 ,
2342 847 2468 901 dum
2516 862 2620 902 non
2649 847 2760 900 vult
2787 847 3044 916 benignus
3076 847 3214 903 Deus
3241 848 3307 904 de
3338 849 3593 904 uniuscu-
3626 846 3635 856 “

1999 935 2192 1006 jusque
2216 937 2442 1008 peccatis
2468 951 2652 1006 [uenas
2681 953 2712 992 e
2740 937 2961 1007 vestigio
2987 953 3198 992 sumere
3229 956 3243 990 ε
3270 955 3391 993 nam
3419 940 3465 994 si
3492 939 3595 996 hoc

2003 1031 2234 1097 faceret,
2281 1031 2542 1085 sublatum
2585 1038 2727 1084 esset
2767 1029 2877 1099 jam
2906 1028 3108 1099 pridem
3134 1038 3372 1085 nostrum
3402 1047 3594 1101 genus.

2004 1121 2116 1176 Hoc
2143 1137 2270 1192 ergo
2299 1121 2384 1176 hic
2408 1120 2535 1176 dicit
2569 1138 2581 1174 :
2615 1120 2812 1174 Potens
2837 1119 3050 1190 quidem
3078 1129 3160 1174 est
3186 1129 3240 1174 et
3268 1120 3474 1175 validus
3495 1161 3510 1186 ,
3537 1128 3594 1176 et

2003 1215 2090 1284 qui
2118 1214 2286 1284 possit
2313 1227 2494 1283 poenas
2513 1227 2726 1268 sumere
2747 1228 2762 1277 ;
2787 1212 2943 1282 idque
2964 1213 3299 1268 manifestum
3325 1223 3407 1268 est
3429 1229 3496 1268 ex
3524 1214 3590 1269 iis

2002 1323 2121 1378 quae
2161 1307 2213 1362 in
2255 1307 2398 1361 caelis
2436 1305 2566 1362 ﬁunt
2597 1322 2611 1359 :
2641 1305 2736 1360 sed
2772 1304 2873 1360 hoc
2903 1319 3007 1358 non
3035 1305 3192 1372 facit,
3225 1316 3382 1361 utens
3405 1307 3590 1376 utique

2002 1400 2218 1454 lenitate
2243 1410 2296 1452 et
2317 1397 2566 1468 patientia
2588 1439 2602 1462 ,
2625 1405 2680 1451 et
2699 1395 2970 1450 attrahens
2990 1395 3055 1450 ad
3079 1397 3443 1465 ptenitcntiam
3462 1411 3558 1452 eos
3574 1439 3588 1460 ,

2001 1489 2090 1559 qui
2127 1490 2286 1544 vitam
2332 1490 2628 1559 transigunt
2673 1489 2725 1542 in
2759 1489 2980 1543 scelere.
3026 1488 3112 1542 12.
3146 1489 3438 1542 Simulacra
3463 1506 3594 1560 gen.-

2001 1583 2126 1634 tium
2151 1589 2412 1652 argentum
2439 1590 2484 1634 et
2515 1596 2697 1634 aurum
2718 1621 2732 1646 ,
2756 1595 2909 1648 opera
2930 1595 3170 1632 manuum
3190 1579 3469 1632 hominum.
3498 1580 3585 1634 15.

2004 1671 2075 1726 0s
2109 1672 2323 1737 habent,
2366 1680 2413 1724 et
2455 1687 2555 1724 non
2590 1669 2854 1738 loquentur
2891 1685 2909 1721 :
2951 1669 3120 1722 oculos
3163 1667 3381 1736 habent,
3414 1678 3588 1722 etnon

1999 1764 2232 1818 uidebunt
2262 1780 2280 1816 :
2313 1763 2395 1816 14.
2431 1778 2577 1814 aures
2606 1761 2819 1824 habent,
2851 1769 2895 1813 et
2925 1775 3025 1812 non
3045 1759 3249 1812 audient
3274 1775 3293 1812 :
3321 1776 3469 1813 nares
3489 1760 3588 1812 ha-

1999 1857 2146 1920 bent,
2191 1865 2236 1909 et
2280 1871 2380 1908 non
2425 1851 2704 1906 odorabunt
2743 1867 2761 1904 :
2801 1851 2888 1906 15.
2936 1866 3115 1903 manus
3154 1849 3374 1917 habent,
3416 1858 3464 1904 et
3490 1866 3590 1904 non

1954 1987 1973 1998 .
2000 1949 2276 2019 palpabunt
2317 1961 2336 2000 :
2377 1945 2526 2014 pedes
2568 1941 2784 2006 habent,
2833 1951 2881 1994 et
2930 1956 3028 1993 non
3071 1938 3398 1992 ambulabunt
3443 1954 3461 1991 :
3490 1955 3591 1992 non

1998 2040 2287 2096 clamabunt
2315 2039 2368 2091 in
2406 2046 2607 2107 gutture
2639 2051 2750 2088 sua.
2783 2033 2869 2088 16.
2902 2032 3108 2086 Similes
3137 2031 3208 2084 eis
3235 2031 3360 2100 fiant
3391 2033 3480 2101 qui
3504 2034 3588 2101 [a-

1997 2134 2135 2186 ciunt
2162 2148 2238 2184 ea.
2272 2129 2328 2183 ln
2355 2127 2564 2183 Psalmo
2593 2127 2882 2181 centesimo
2911 2125 3096 2194 quinto
3113 2139 3300 2177 eorum
3329 2123 3588 2177 insaniam

1999 2236 2240 2288 narrans,
2259 2220 2390 2275 dixit
2414 2237 2426 2272 :
2459 2217 2621 2272 Filios
2647 2226 2691 2270 et
2713 2215 2847 2284 ﬁlias
2868 2231 2987 2268 suas
3013 2215 3364 2282 sacriﬁcarunt
3389 2214 3582 2267 dwmo-

1997 2316 2094 2370 niis
2119 2314 2188 2388 (υ.
2232 2312 2322 2381 57)
2366 2329 2378 2365 :
2417 2311 2468 2364 in
2514 2308 2764 2380 praesenti
2788 2317 2964 2360 autem
3012 2305 3375 2375 stupiditatem
3403 2305 3582 2375 ,quod

1998 2403 2245 2460 inanimis
2290 2400 2526 2457 materiis
2569 2398 2712 2452 afﬁxi
2761 2406 2904 2451 sunt.
2953 2394 3142 2450 Omnia
3189 2402 3365 2448 autem
3398 2409 3581 2448 eorum

1996 2496 2232 2551 membra
2260 2495 2615 2564 persequitur,
2639 2506 2700 2545 ea
2732 2489 2897 2543 fusius
2924 2486 3220 2542 ludiﬁcans.
3237 2487 3439 2541 Deinde
3462 2489 3590 2542 sub-

1991 2592 2219 2659 jungens
2239 2601 2448 2657 quoque
2467 2584 2614 2639 dicit.
2635 2582 2837 2636 Similes
2861 2580 2928 2634 cis
2954 2580 3080 2649 ﬁant
3099 2580 3184 2649 qui
3210 2579 3408 2648 faciunt
3437 2596 3517 2646 ea,
3539 2591 3587 2632 et

1996 2697 2165 2736 omnes
2207 2681 2292 2750 qui
2328 2679 2587 2746 con/Edunt
2612 2677 2664 2729 in
2690 2677 2782 2730 eis.
2815 2674 2972 2744 Atqui
3001 2673 3168 2727 virtus
3193 2680 3297 2737 est,
3329 2672 3438 2726 Deo
3467 2685 3587 2726 esse

1996 2773 2222 2826 similem
2277 2787 2290 2824 :
2337 2769 2423 2823 hic
2469 2777 2646 2824 autem
2693 2775 2774 2821 est
2815 2764 3144 2835 imprccatio.
3191 2763 3374 2832 Cogita
3404 2772 3580 2816 autem

1995 2863 2176 2931 quales
2205 2863 2311 2917 sint
2329 2903 2342 2926 ,
2375 2875 2494 2914 cum
2518 2867 2576 2914 ut
2599 2858 2718 2928 quis
2741 2857 2816 2912 eis
2843 2855 3031 2910 evadat
3055 2855 3264 2920 similis,
3289 2855 3357 2908 sit
3376 2868 3582 2908 summa

1995 2954 2322 3024 imprecatio.
2344 2955 2515 3021 Atque
2545 2949 2839 3005 orationem
2867 2947 3082 3018 quidem
3109 2946 3184 3000 sic
3208 2944 3424 3013 pulchre
3447 2944 3582 3014 figu-

1993 3046 2128 3100 ravit
2153 3087 2167 3110 ,
2210 3058 2302 3098 eos
2341 3051 2594 3096 extremm
2634 3039 2878 3093 amentia:
2910 3035 3253 3102 insimulans,
3287 3044 3340 3090 et
3364 3049 3481 3089 esse
3507 3035 3580 3088 ri-

1993 3136 2196 3190 diculos
2221 3133 2530 3188 ostendens.

2064 3227 2328 3280 Idolorum
2348 3224 2682 3294 pernicies.-—
2694 3219 2970 3290 Quomodo
2990 3229 3164 3274 autem
3196 3233 3298 3272 non
3328 3226 3430 3282 est,
3453 3217 3538 3271 dic
3556 3259 3570 3280 ,

1992 3316 2514 3388 qua:so,ridiculum,
2545 3315 2777 3368 vinctum
2808 3311 2974 3366 teneri
2997 3311 3246 3376 a'statua,
3277 3323 3394 3378 quze
3417 3307 3580 3362 habet

1993 3409 2044 3462 in
2075 3422 2132 3461 se
2165 3405 2382 3474 ﬁguram
2420 3417 2640 3457 summm
2668 3400 3048 3470 turpitudinis?
3073 3399 3202 3466 Quis
3258 3397 3398 3452 enim
3450 3396 3577 3452 velit

1995 3499 2183 3552 nudam
2233 3497 2411 3550 videre
2454 3494 2756 3549 mulierem?
2779 3493 2995 3546 Dmmon
3021 3499 3198 3545 autem
3243 3489 3399 3544 nuda:
3441 3503 3578 3560 quo-

1992 3604 2096 3658 que
2127 3587 2307 3656 ﬁgura:
2337 3586 2555 3639 assidet.
2585 3584 2650 3637 Et
2681 3597 2821 3637 nunc
2845 3581 3060 3651 quidem
3085 3589 3270 3634 statua:
3292 3588 3417 3634 sunt
3439 3579 3574 3632 ima-

1990 3679 2138 3748 gines
2168 3675 2556 3740 fornicationis,
2588 3689 2730 3727 nunc
2759 3672 2928 3726 insani
2962 3672 3016 3725 in
3047 3671 3311 3726 masculus
3353 3671 3572 3724 amoris.

1989 3767 2123 3834 Quid
2151 3767 2292 3821 enim
2321 3765 2421 3821 sibi
2451 3764 2564 3818 vult
2588 3761 2797 3832 aquila?
2822 3760 2946 3831 quid
2968 3775 3096 3814 vero
3113 3759 3448 3830 Ganymedes
3473 3757 3575 3830 (a)?

1989 3859 2115 3928 quid
2144 3856 2374 3926 Apollo,
2430 3855 2518 3924 qui
2543 3852 2800 3922 virginem
2852 3850 3233 3920 persequitur?
3281 3848 3409 3919 quid
3455 3850 3575 3904 alia:

1990 3948 2331 4005 exsecranda:
2361 3947 2581 4015 ﬁguras?
2607 3944 2814 4012 Ubique
2858 3942 3018 3997 libido
3039 3983 3053 4006 ,
3085 3941 3282 4010 ubique
3328 3940 3570 4006 lascivia,

1990 4041 2314 4096 nefariorum
2360 4036 2736 4092 concubituum
2760 4043 2812 4088 et
2838 4034 3142 4087 insanorum
3169 4045 3408 4085 amorum
3447 4041 3573 4085 sunt

1989 4132 2183 4200 ubique
2215 4129 2416 4199 ﬁgurae.
2462 4127 2662 4181 Statua:
2686 4124 2850 4188 enim,
2902 4121 3054 4186 festa,
3107 4121 3302 4190 publici
3333 4135 3572 4176 conven-

1987 4230 2095 4287 tus,
2140 4230 2193 4275 et
2218 4219 2364 4274 initia
2393 4232 2456 4272 ac
2480 4215 2752 4286 mysteria,
2784 4212 3204 4282 turpissimarum
3226 4227 3398 4266 rerum
3431 4212 3572 4266 indi-

1986 4315 2067 4369 cia
2089 4320 2231 4378 sunt,
2257 4310 2582 4365 monimenta
2601 4317 2655 4361 et
2673 4306 3009 4360 documenta.
3038 4303 3148 4358 Nec
3171 4303 3342 4357 solum
3373 4302 3571 4358 docen-
3644 4363 3653 4376 ἱ

1988 4413 2073 4458 tur
2105 4417 2192 4458 res
2214 4413 2416 4474 turpes,
2445 4399 2538 4455 sed
2563 4400 2721 4453 etiam
2754 4397 3028 4451 hominum
3051 4395 3224 4450 czedcs
3249 4411 3312 4451 ex
3341 4396 3421 4452 eis
3450 4396 3568 4450 edi-

1985 4505 2224 4552 scuntur.
2263 4493 2415 4550 Unde
2456 4492 2615 4548 etiam
2646 4497 2927 4546 versantur
2967 4489 3256 4544 daemones.
3294 4487 3436 4542 Nihil
3486 4497 3571 4543 est

1985 4591 2126 4645 enim
2165 4586 2306 4642 aliud
2349 4585 2488 4655 apud
2531 4584 2671 4650 illos,
2710 4597 2869 4653 quam
2909 4581 3104 4648 libido,
3156 4581 3570 4651 intemperantes

1984 4679 2290 4742 ebrietates,
2318 4675 2622 4739 crudelitas,
2654 4671 3033 4738 inhumanitas,
3061 4680 3118 4726 et
3159 4669 3373 4736 czedes;
3406 4679 3566 4740 atque

1985 4769 2110 4822 hinc
2153 4765 2322 4822 videri
2365 4773 2587 4835 possunt
2612 4761 2837 4818 conﬂata
2862 4776 2982 4816 esse
3010 4760 3165 4816 festa.
3221 4758 3356 4822 Cum
3387 4760 3566 4828 itaque

1984 4861 2265 4916 simulacra
2311 4859 2461 4914 nullo
2506 4871 2666 4911 sensu
2715 4855 2934 4926 praedita
2960 4893 2974 4919 ,
3005 4862 3060 4908 et
3104 4868 3288 4908 eorum
3329 4852 3418 4920 qui
3462 4851 3566 4905 illis

1984 4951 2257 5007 conﬁdunt
2285 4950 2571 5004 amentiam
2617 4955 2760 5002 esset
2789 4945 3105 5009 ludiﬁcatus,
3150 4943 3216 4996 ad
3239 4943 3330 4997 Dei
3352 4940 3564 4994 Iaudem

1983 5043 2244 5098 convertit
2289 5041 2606 5099 orationem.
2660 5036 2843 5092 dicens
2875 5052 2888 5088 :
2925 5035 3009 5088 17.
3034 5033 3228 5086 Domus
3254 5029 3418 5083 Israel
3444 5045 3566 5098 spe-

1983 5135 2108 5189 ravit
2129 5135 2179 5188 in
2203 5131 2454 5196 Domino;
2485 5128 2691 5198 adjutor
2714 5142 2884 5180 eorum
2911 5133 2956 5178 et
2983 5131 3234 5192 protector
3259 5135 3436 5176 eorum
3467 5128 3559 5173 est.

1986 5226 2071 5280 18.
2105 5224 2298 5278 Domus
2323 5223 2495 5276 Aaron
2523 5220 2740 5288 sperauit
2785 5217 2836 5269 in
2869 5213 3120 5277 Domino;
3159 5209 3363 5279 adjutor
3389 5225 3563 5264 eorum

1983 5328 2030 5371 et
2052 5324 2296 5386 protector
2329 5329 2500 5366 eorum
2521 5319 2610 5366 est.
2645 5309 2734 5365 19.
2769 5307 2868 5374 Qui
2890 5306 3064 5358 timent
3089 5302 3363 5356 Dominum
3381 5299 3560 5372 spera-

1981 5415 2158 5460 rerunt
2184 5406 2235 5460 in
2268 5403 2528 5467 Domino;
2563 5400 2770 5461 adiutor
2805 5411 2978 5450 eorum
3015 5404 3062 5448 et
3101 5401 3352 5464 protector
3391 5409 3562 5446 eorum

2043 5559 2115 5620 (a)
2152 5555 2378 5620 Infamem
2399 5553 2680 5615 Ganymedis
2725 5560 2778 5602 et
2821 5559 3010 5612 turpem
3055 5549 3275 5610 Daphnes
3309 5548 3556 5599 historiam

1981 5618 2130 5670 etiam
2153 5618 2295 5666 hodie
2319 5623 2628 5666 ntouumenta
2670 5623 2891 5663 veterum
2931 5624 3042 5673 quae
3086 5620 3346 5673 supersunt
3371 5623 3554 5672 reprae-

1981 5685 2191 5731 lentant.
