4114 6278
475 339 571 393 Sil

473 467 561 512 est.
590 456 691 510 Per
714 454 829 509 haec
856 457 996 510 enim
1023 463 1076 510 et
1102 455 1195 511 Dei
1228 457 1516 525 potentiam
1542 456 1812 526 preetlicat,
1840 462 1898 511 et
1939 456 2054 525 ejus

473 547 942 617 incomparabilem
975 555 1029 600 et
1072 562 1234 615 super
1270 560 1458 602 omnes
1506 546 1895 602 excellentiam.
1926 546 2056 614 Quae

469 638 611 692 enim
643 636 865 692 Judaico
890 636 1084 706 pupulo
1108 636 1245 691 facta
1267 645 1389 691 sunt
1416 637 1468 691 in
1501 636 1735 691 medium
1762 636 2052 704 adducens,

450 727 706 782 .nstendit
748 727 866 797 ejus
903 716 1133 797 duplex,
1177 728 1284 781 imo
1311 742 1439 781 vero
1480 727 1670 796 triplex
1716 726 2053 782 beneficium.

471 821 707 875 Primum
745 819 979 891 quidem,
1000 819 1150 891 quod
1173 834 1265 874 eos
1300 820 1603 876 liberaverit
1629 835 1657 873 a
1684 820 2051 875 daemonibus:

469 912 685 978 deinde,
717 911 859 982 quod
888 911 1122 981 seipsum
1147 910 1565 966 manifestaverit
1592 926 1605 963 :
1633 911 1790 966 tertio
1833 919 2010 967 autem
2032 952 2049 979 ,

469 1006 609 1075 quod
650 1008 727 1061 eis
746 1020 898 1060 suum
922 1005 1209 1075 prmbuerit
1232 1004 1506 1059 auxilium.

540 1096 791 1152 Sacerdos
808 1098 1063 1167 priuatum
1090 1097 1236 1168 longe
1260 1106 1483 1168 superat.
1507 1095 1832 1151 Providentia
1848 1105 1893 1151 et
1907 1095 2054 1151 bene-

470 1189 623 1242 dictio
640 1187 740 1243 Dei
760 1206 910 1260 super
922 1186 1086 1243 Israel
1100 1198 1145 1243 et
1170 1191 1306 1259 ipsos
1338 1187 1647 1259 proselytos;
1674 1187 1947 1243 benedictio
1971 1204 2054 1242 ve-

467 1290 548 1333 tus
574 1288 618 1332 et
639 1295 863 1333 nova.-—
880 1278 1071 1333 Dividit
1098 1287 1275 1334 autem
1299 1279 1593 1334 orationem
1624 1278 1675 1333 in
1700 1278 1969 1347 lsraelem,
1998 1288 2053 1335 et

465 1387 634 1441 genus
678 1372 1039 1439 sacerdotale,
1077 1381 1131 1427 et
1171 1386 1267 1428 eos
1295 1373 1384 1443 qui
1415 1373 1483 1427 ad
1533 1387 1654 1427 eum
1693 1372 1952 1427 accedunt
1985 1387 2051 1426 ex

465 1462 737 1531 gentibus.
762 1462 876 1518 Non
899 1473 979 1517 est
1005 1462 1146 1517 enim
1176 1462 1529 1518 conicrendus
1561 1463 1795 1532 privatus
1823 1479 1940 1516 cum
1968 1478 2053 1517 sa-

468 1555 705 1622 cerdote,
734 1554 827 1609 sed
860 1553 945 1608 hic
975 1571 1096 1610 eum
1120 1555 1274 1624 longe
1313 1563 1526 1623 superat
1555 1569 1570 1607 :
1619 1562 1673 1607 et
1702 1553 1821 1607 ideo
1861 1552 2052 1607 merito

465 1661 584 1700 eam
602 1645 1074 1699 facitdivisionem.
1096 1644 1259 1713 Major
1280 1644 1422 1697 enim
1439 1651 1519 1696 cst
1540 1642 1618 1697 eis
1637 1641 1806 1696 honor
1821 1639 2046 1695 habitus.

533 1737 587 1791 5.
630 1736 834 1791 Deinde
872 1735 1162 1790 ostendens
1189 1734 1575 1804 providentiam
1610 1748 1714 1786 non
1751 1746 1869 1786 esse
1890 1733 2051 1795 rebus

466 1836 669 1881 tantum
690 1825 929 1881 Judaicis
956 1825 1410 1892 circumscriptam
1435 1864 1448 1888 ,
1481 1824 1872 1894 proselytornm
1913 1838 2047 1893 quo-

464 1932 566 1985 que
595 1916 855 1978 meminit,
888 1916 977 1985 qui
1021 1914 1282 1969 accedunt
1308 1929 1369 1969 ex
1394 1914 1659 1983 gentibus,
1694 1915 1948 1968 auxilium
1993 1925 2048 1968 et

464 2006 888 2061 benedictionem
935 2005 1124 2060 laetam
1157 2006 1208 2059 in
1235 2021 1420 2060 omnes
1448 2020 1565 2059 esse
1591 2006 1791 2060 dicens.
1820 2004 1912 2060 20.
1941 2003 2051 2058 Do-

462 2097 629 2150 minus
662 2111 852 2148 memor
893 2095 1052 2149 nostri
1077 2137 1091 2161 ,
1128 2095 1377 2149 benedixit
1397 2095 1554 2149 nobis.
1584 2094 1849 2149 Benedixit
1878 2096 2049 2148 domui

462 2187 650 2253 Israel,
670 2188 918 2243 benedixit
934 2187 1107 2267 domui
1126 2186 1320 2253 Aaron;
1336 2187 1424 2241 21.
1441 2188 1687 2241 benedixit
1703 2189 1765 2241 iis
1779 2188 1863 2258 qui
1877 2188 2049 2239 timent

462 2279 754 2335 Dominum.
779 2280 915 2347 Quid
943 2290 1041 2346 est,
1074 2278 1369 2335 Benedixit?
1388 2279 1648 2349 Implevit,
1678 2279 1864 2349 inquit,
1898 2279 2049 2334 bonis

463 2372 956 2429 innumerabilibus.
984 2373 1191 2428 Etenim
1223 2372 1384 2426 homo
1401 2385 1612 2442 quoque
1647 2371 1810 2425 Deum
1828 2371 2048 2426 benedi-

462 2468 554 2533 cit,
583 2474 641 2521 ut
660 2466 874 2536 quando
903 2466 1063 2532 dicit,
1113 2463 1368 2531 Benedic,
1400 2466 1571 2517 anima
1608 2480 1739 2532 mea,
1768 2462 2047 2517 Dominum

466 2557 635 2628 (Psal.
659 2556 875 2629 102.1).
893 2557 998 2612 Sed
1020 2558 1106 2626 qui
1126 2557 1291 2612 Deum
1316 2556 1603 2624 benedicit,
1638 2557 1752 2627 ipse
1777 2557 2042 2611 lucratur:

463 2649 699 2718 seipsum
731 2648 871 2702 enim
898 2646 1068 2702 reddit
1090 2646 1392 2711 clariorem,
1429 2647 1499 2700 illi
1536 2655 1712 2700 autem
1735 2645 1862 2700 nihil
1890 2646 2047 2716 largi-

461 2747 567 2804 tur;
591 2739 730 2793 Deus
761 2746 940 2793 autem
967 2738 1309 2803 benedicens,
1329 2754 1427 2794 nos
1444 2738 1617 2793 reddit
1634 2738 1911 2803 clariores;
1934 2739 1945 2792 i
1953 2754 2046 2807 pse

459 2839 635 2885 autem
666 2830 792 2884 nihil
823 2830 1031 2899 accipit.
1064 2830 1201 2884 Deus
1230 2829 1372 2884 enim
1390 2831 1530 2885 nulla
1575 2845 1633 2884 re
1674 2829 1873 2899 indiget
1900 2844 1914 2882 :
1945 2830 2042 2882 ila-

460 2938 565 2993 qne
597 2923 802 2977 lucrum
832 2923 1081 2991 utrinque
1108 2931 1344 2976 nostrum
1390 2930 1471 2976 est
1502 2938 1515 2975 :
1544 2920 1823 2988 Quomodo
1844 2919 1916 2990 (a)
1953 2935 2049 2973 an-

410 3012 415 3015 ’
463 3024 566 3070 tem
597 3030 689 3071 eos
719 3014 1027 3070 benedixit?
1059 3014 1210 3069 Dedit
1254 3015 1333 3070 eis
1385 3029 1575 3083 panem
1607 3029 1637 3067 e
1674 3014 1824 3080 exulo,
1855 3028 2043 3082 aquam

462 3108 596 3177 pluit
634 3122 665 3162 e
696 3118 862 3176 petra,
889 3107 1162 3162 introitum
1199 3122 1381 3161 eorum
1408 3116 1460 3163 et
1490 3106 1688 3161 exitum
1720 3106 2002 3161 custodivit
2025 3145 2042 3172 ,

463 3208 703 3255 armenta
732 3209 785 3255 et
810 3215 997 3270 greges
1023 3215 1208 3255 eorum
1245 3200 1410 3265 auxit,
1445 3199 1765 3268 peculiarem
1794 3199 2044 3267 populum

463 3291 776 3356 nominavit,
803 3300 858 3345 et
905 3291 1079 3361 regale
1110 3290 1489 3355 sacerdotium,
1520 3290 1692 3360 legem
1729 3289 1894 3356 dedit,
1923 3305 2045 3358 pro-

465 3382 651 3450 phetas
687 3382 850 3435 misit.
898 3381 1023 3436 Haec
1060 3382 1218 3437 etiam
1257 3381 1379 3435 alibi
1412 3380 1706 3451 praedicans
1732 3380 1860 3434 dicit
1886 3395 1899 3432 :
1924 3379 2046 3433 Non

463 3472 580 3542 fecit
619 3470 786 3524 taliter
831 3472 967 3525 omni
987 3473 1199 3537 nationi,
1248 3481 1294 3526 et
1311 3471 1511 3542 judicia
1555 3486 1650 3524 sua
1687 3487 1787 3524 non
1826 3470 2043 3537 manife-

462 3562 610 3615 stavit
635 3562 704 3614 eis
736 3560 916 3630 (Psal.
942 3563 1063 3616 M7.
1086 3562 1120 3617 9
1171 3560 1284 3634 [20]
1302 3562 1345 3633 ).
1373 3561 1441 3615 Et
1469 3562 1635 3616 alius:
1659 3563 1900 3629 Quanam
1926 3578 2045 3631 gens

463 3662 535 3708 est
563 3654 688 3707 adeo
716 3654 940 3725 sapiens,
961 3655 1043 3707 cui
1067 3655 1439 3725 appropinquat
1468 3654 1716 3709 Dominus
1736 3654 1914 3709 Deus?
1938 3655 2046 3709 Pu-

463 3746 591 3801 sillis
614 3761 727 3799 cum
761 3745 1038 3815 majoribus
1063 3744 1238 3814 (Deut.
1269 3747 1322 3801 4.
1346 3747 1422 3816 7).
1468 3745 1704 3814 Nullum,
1733 3747 1918 3815 inquit,
1947 3744 2045 3799 fuit

462 3852 630 3910 genus
667 3838 751 3893 cui
799 3837 1028 3892 defuerit
1062 3838 1399 3904 benedictio,
1451 3837 1544 3893 sed
1592 3837 1707 3893 haec
1746 3838 1811 3892 ad
1858 3852 2043 3891 omnes

463 3941 682 3987 extensa
712 3939 855 3987 sunt.
906 3931 997 3985 22.
1031 3930 1250 4000 Adjiciat
1271 3928 1521 3983 Dominus
1563 3944 1855 3998 supernos;
1894 3944 2045 3996 super

462 4038 549 4077 tos
569 4065 584 4089 ,
617 4031 665 4077 et
683 4037 833 4093 super
864 4021 997 4091 ﬁlios
1020 4029 1227 4075 vestros.
1258 4019 1446 4074 Vidisti
1502 4020 1646 4073 aliud
1673 4034 1838 4088 genus
1879 4019 2043 4073 bene-

464 4116 733 4181 dictionis,
763 4128 955 4184 nempe
981 4122 1037 4167 ut
1063 4121 1269 4168 crescat
1292 4111 1497 4181 genus?
1523 4111 1589 4165 Et
1607 4111 1729 4166 ideo
1752 4110 1890 4166 alius
1914 4126 2043 4166 cou-

418 4196 427 4203 ’
465 4208 688 4262 trarinm
718 4221 817 4277 pro
846 4205 1109 4276 supplicio
1149 4203 1399 4269 alicrens,
1429 4202 1559 4257 dicit
1584 4219 1599 4255 :
1627 4201 1693 4255 Et
1712 4202 2046 4257 diminutisu-

464 4315 597 4364 mus,
626 4308 674 4352 et
698 4312 872 4352 sumus
913 4297 1060 4367 pauci
1079 4297 1193 4367 plus
1218 4310 1369 4364 quam
1403 4309 1576 4347 omnes
1591 4294 1676 4360 qui
1703 4292 1926 4346 habitant
1946 4301 2045 4346 ter-

464 4405 575 4441 ram
603 4386 762 4460 (Dan.
790 4389 842 4443 5.
873 4386 984 4458 57).
1011 4387 1119 4441 Ilac
1139 4385 1508 4441 benedictione
1535 4374 1841 4438 fruebantur
1883 4383 2042 4438 etiam

465 4493 588 4534 cum
613 4487 793 4533 essent
816 4479 871 4532 in
919 4477 1172 4548 Egypto,
1213 4477 1335 4533 licet
1392 4486 1575 4533 essent
1610 4476 1885 4531 innumera
1925 4492 2045 4547 quae

466 4569 845 4642 prohibebant,
872 4585 1055 4640 opera,
1083 4569 1297 4626 afﬂictio
1321 4579 1375 4626 et
1415 4570 1709 4637 calamitas;
1744 4583 1927 4627 eorum
1957 4573 2043 4641 qui

466 4662 1029 4735 urgebantcrudelitas
1056 4676 1071 4714 ;
1101 4661 1196 4717 sed
1222 4661 1353 4716 nihil
1382 4677 1567 4718 eorum
1594 4663 1814 4719 verbum
1845 4663 1938 4719 Dei
1968 4664 2048 4722 ins-

466 4755 718 4826 tcrrupit,
760 4755 851 4809 sed
891 4769 958 4810 eo
989 4755 1247 4824 processit
1272 4755 1592 4821 benedictio,
1620 4758 1764 4812 ut-in
1806 4756 2048 4814 ducentis

465 4834 622 4903 annis
644 4847 833 4902 ﬁerent
860 4854 1111 4901 sexcenta
1134 4846 1298 4901 millia
1331 4844 1521 4917 (Exod.
1547 4847 1636 4902 12.
1664 4847 1778 4919 37).
1798 4848 1900 4905 Sed
1925 4858 2048 4906 tunc

467 4938 681 5011 quidem
710 4937 763 4991 in
787 4935 869 4991 his
891 4934 1219 4992 consistebat
1246 4935 1565 5003 benedictio,
1599 4953 1741 4992 nunc
1785 4949 1961 4995 autem
1994 4941 2045 4995 in

465 5032 636 5098 Novo,
662 5031 714 5085 in
746 5030 912 5085 multo
942 5028 1270 5084 melioribus.
1300 5027 1368 5082 Et
1396 5028 1517 5084 ideo
1541 5028 1670 5083 dicit
1695 5030 1885 5086 Paulus
1910 5049 1923 5084 :
1951 5030 2047 5087 Le-

468 5125 700 5180 nedietus
739 5123 894 5189 Deus,
924 5123 1009 5195 qui
1041 5121 1292 5176 benedixit
1329 5137 1421 5176 nos
1446 5121 1500 5175 in
1524 5123 1660 5177 omni
1707 5122 2048 5182 benedict'one

466 5215 721 5287 spirituali
740 5218 797 5271 in
817 5212 1095 5269 caelestibus
1113 5213 1168 5267 in
1192 5211 1390 5268 Christo
1420 5213 1631 5286 (Ep/tes.
1660 5216 1709 5269 1.
1737 5215 1815 5285 ὅ).
1844 5215 1911 5271 Et
1931 5232 2049 5271 rur-

466 5320 557 5361 sus
586 5320 599 5355 :
634 5305 699 5359 Ei
728 5313 894 5359 autem
935 5304 1022 5377 qui
1038 5313 1200 5375 potest
1228 5305 1589 5374 omnia'facere
1615 5304 1760 5378 longe
1785 5308 2048 5362 abundau-

531 5500 711 5574 (a)_ttic.
724 5506 777 5574 et
797 5512 937 5574 pene
951 5500 1133 5574 ubique
1153 5500 1328 5574 ρῐηιιξε.
1338 5513 1427 5574 sus
1435 5500 1605 5573 deque
1626 5509 1879 5574 vertuntur
1897 5503 2046 5574 in_co-

467 5560 946 5635 εξὲεεζηθείοξᾱβφθ
965 5560 1294 5635 mitissimi
1317 5563 1366 5611 in
1384 5561 1476 5635 alia
1498 5560 1759 5635 εῖροηῑωξι
1782 5569 2044 5635 mutantur.

462 5622 706 5671 dictiones
746 5623 905 5670 anuus
939 5624 1143 5684 proprias
1176 5623 1497 5684 inducuntur,
1524 5622 1598 5673 ita
1633 5622 1688 5674 tit
1717 5623 1781 5673 de
1811 5622 2047 5675 industria

463 5682 645 5749 lusisse
668 5679 888 5731 videatur
904 5680 1149 5734 Graculus
1167 5685 1420 5749 quispiam,
1443 5685 1527 5747 qui
1549 5684 1678 5735 hunc
1698 5684 1921 5736 Codicem
1931 5690 2047 5735 scri-

469 5748 588 5804 psit.

1152 336 1208 393 S.
1251 334 1526 393 JOANNIS
1564 333 2040 391 CllRYSOSTOMl
2083 336 2392 391 ARCIilEP.
2437 294 2962 393 CONSTANTINOP.

3636 351 3747 410 δη

2169 456 2265 508 tius
2291 472 2441 526 quant
2471 459 2680 525 petimus
2708 460 2786 514 vel
2821 461 3096 531 cogitamus
3122 503 3135 527 ,
3176 464 3220 516 ei
3249 465 3412 534 gloria
3438 469 3489 521 iu
3518 468 3749 525 Ecclesia

2164 546 2378 614 (Ep/tes.
2405 549 2456 602 5.
2490 547 2577 601 20.
2608 549 2723 620 21).
2753 548 2819 604 Ει
2857 550 2975 605 ideo
2999 553 3271 621 proiihetze
3293 572 3502 628 quoque
3523 561 3750 631 antiqui-

2164 648 2248 693 tus
2276 648 2580 707 qumrentes
2613 641 2889 707 beneﬁcia,
2921 644 3385 714 praebebanthanc
3414 650 3744 708 benedictio-

2160 745 2303 783 nem.
2350 730 2608 786 Helisa’us
2635 733 2775 787 enim
2805 748 2962 799 eam,
2995 751 3112 804 qua:
3147 737 3290 790 ἰΙΙιιιιι
3321 744 3552 810 suscepit
3580 784 3595 806 ,
3645 744 3740 798 lilii

2158 821 2300 876 dono
2327 833 2694 877 remuneratus
2716 835 2794 876 est
2818 822 2895 894 (4.
2929 824 3061 895 Reg.
3088 827 3139 879 4.
3173 827 3282 898 16).
3313 827 3368 882 in
3398 829 3543 884 Novo
3565 843 3745 886 autem

2162 929 2266 967 non
2297 913 2432 980 luce,
2476 913 2571 968 sed
2599 916 2764 969 multo
2805 916 3030 985 majora.
3060 918 3238 988 Itaque
3282 923 3588 990 purpuraria
3634 937 3745 978 non

2158 1003 2274 1058 haec
2304 1004 2518 1073 petebat
2546 1004 2615 1058 ab
2658 1007 2913 1074 apostolis
2935 1049 2949 1073 ,
2994 1007 3088 1062 sed
3128 1008 3294 1078 quid?
3325 1009 3386 1064 Si
3415 1027 3514 1064 non
3530 1013 3745 1082 judica-

2155 1096 2246 1150 stis
2270 1111 2350 1149 me
2372 1095 2632 1165 indignam
2671 1095 2911 1164 Domino,
2950 1097 3163 1168 ingressi
3185 1140 3200 1162 ,
3247 1109 3443 1155 manete
3483 1104 3623 1166 apud
3661 1121 3746 1160 me

2157 1185 2289 1259 (Act.
2311 1187 2398 1243 16.
2420 1185 2531 1260 15).

2228 1278 2361 1333 Noui
2379 1275 2697 1336 Testamenti
2721 1281 2855 1337 bona
2878 1285 3010 1339 nihil
3025 1285 3215 1340 terreni
3228 1282 3440 1340 habent.
3464 1279 3745 1357 Virginita-

2155 1369 2218 1424 tis
2239 1370 2419 1423 bonum
2445 1373 2695 1440 quomodo
2716 1372 3075 1427 introductum.
3104 1370 3404 1427 Judteorum
3436 1378 3735 1432 carnalitas.

2153 1458 2444 1515 Benedictio
2469 1461 2985 1518 hominum—Vides
3009 1472 3262 1531 quantum
3290 1465 3497 1521 intersit
3521 1475 3574 1521 et
3592 1484 3743 1537 qum—

2153 1568 2275 1606 nam
2298 1552 2508 1622 quidem
2537 1553 2785 1623 petebant
2813 1555 2901 1623 qui
2930 1564 3083 1609 erant
3103 1556 3154 1610 in
3174 1556 3387 1623 Veteri,
3411 1566 3465 1613 et
3491 1574 3738 1629 quasnam

2152 1645 2240 1714 qui
2260 1645 2310 1697 in
2331 1642 2515 1698 Novo?
2536 1644 2601 1698 Et
2625 1661 2809 1699 rursus
2826 1644 3068 1701 Christus
3087 1667 3100 1700 :
3122 1646 3344 1703 Gaudete
3358 1690 3372 1713 ,
3392 1651 3508 1720 quia
3533 1653 3739 1706 nomina

2153 1744 2314 1790 uestra
2340 1737 2528 1806 scripta
2554 1747 2668 1790 sunt
2704 1738 2757 1790 in
2782 1739 2918 1792 caelis
2945 1736 3111 1811 (Luc.
3142 1740 3229 1794 10.
3257 1740 3373 1812 20).
3406 1741 3474 1796 Et
3500 1744 3693 1803 Paulus
3720 1762 3734 1797 :

2152 1826 2292 1881 Deus
2313 1836 2481 1881 autent
2510 1828 2718 1899 impleat
2738 1846 2824 1883 vos
2844 1833 2980 1883 omni
3008 1833 3173 1902 gratia
3195 1841 3239 1885 et
3260 1849 3348 1903 spe
3371 1835 3424 1887 in
3463 1837 3735 1899 credendo,

2152 1928 2207 1972 ut
2234 1918 2496 1973 abundetis
2515 1921 2568 1975 in
2595 1936 2701 1992 spe,
2729 1921 2782 1973 in
2804 1921 2983 1975 virtute
3012 1922 3237 1993 Spiritus
3263 1925 3424 1977 sancti
3448 1923 3622 1997 (Rom.
3645 1927 3736 1982 i5.

2153 2011 2267 2079 15).
2300 2011 2487 2067 Vidisti
2511 2013 2619 2066 vim
2642 2013 3025 2069 benedictionis
3046 2029 3163 2083 qua:
3191 2014 3327 2069 bona
3356 2016 3575 2087 largitur
3603 2018 3737 2074 inei-

2151 2100 2362 2169 fabilia,
2395 2110 2449 2158 et
2475 2103 2605 2158 nihil
2650 2103 2812 2158 habet
2840 2106 3150 2159 terrenum?
3187 2116 3242 2160 et
3283 2122 3467 2162 rursus
3493 2108 3734 2164 Paulus:

2150 2190 2290 2246 Deus
2315 2202 2481 2246 autem
2505 2201 2722 2247 conteret
2745 2203 2977 2247 satanam
3004 2193 3094 2248 sub
3136 2194 3343 2264 pedibus
3365 2196 3539 2249 uestris
3562 2198 3738 2251 celeri-

2152 2291 2226 2336 ter
2275 2281 2449 2355 (Rom.
2476 2282 2563 2338 16.
2596 2281 2711 2353 20).
2734 2282 2838 2338 Sed
2872 2284 2924 2336 in
2976 2283 3192 2349 Veteri,
3224 2284 3438 2355 quando
3491 2286 3737 2341 homines

2153 2382 2310 2427 erant
2356 2373 2667 2436 crassiores,
2709 2388 2771 2427 ex
2819 2373 3102 2428 sensilibus
3148 2374 3530 2429 contexebatur
3571 2375 3736 2431 benc-

2151 2462 2330 2527 dictio,
2359 2470 2417 2516 et
2454 2464 2738 2516 multorum
2772 2464 3059 2517 liberorum
3085 2465 3358 2533 susceptio
3384 2464 3736 2519 existimaba-

2152 2560 2237 2606 tur
2265 2567 2383 2605 esse
2416 2567 2500 2607 res
2550 2552 2797 2606 maxima.
2838 2552 3098 2620 Quoniam
3126 2554 3267 2608 enim
3321 2556 3735 2626 mors’ingressa
3761 2595 3774 2602 -

2153 2651 2269 2696 erat
2312 2658 2374 2696 ex
2408 2651 2644 2711 peccato,
2681 2643 2818 2697 Deus
2842 2658 3011 2713 genus
3035 2643 3337 2711 consolans,
3366 2653 3420 2699 et
3447 2645 3738 2700 ostendens

2148 2751 2265 2790 eam
2293 2750 2396 2789 non
2433 2735 2589 2788 modo
2620 2750 2724 2788 non
2754 2745 3213 2804 consumpturam,
3237 2750 3336 2789 nec
3362 2736 3628 2789 interitum
3658 2737 3739 2789 a|~

2154 2825 2402 2890 laturam,
2433 2825 2525 2879 sed
2569 2825 2723 2895 longe
2769 2826 2927 2879 etiam
2953 2827 3130 2893 plures
3158 2841 3315 2894 quam
3344 2835 3464 2880 ante
3493 2825 3699 2881 futuros
3718 2870 3733 2889 ,

2148 2915 2337 2986 inquit,
2360 2914 2590 2981 Crescite,
2610 2925 2655 2969 et
2672 2912 3071 2985 multiplicamini
3094 2914 3242 2986 (Cen.
3268 2916 3321 2970 9.
3348 2917 3423 2987 l).
3448 2917 3735 2985 Postquam

2151 3013 2330 3061 autem
2356 3007 2623 3076 cognitum
2656 3005 2754 3060 fuit
2778 3015 3003 3061 mortem
3030 3021 3149 3060 esse
3174 3021 3441 3073 somnum,
3490 3007 3731 3061 introdu-

2149 3103 2290 3149 ctum
2328 3103 2412 3150 est
2447 3095 2642 3149 bonum
2672 3095 3007 3164 virginitatis.
3038 3096 3103 3152 Et
3128 3094 3246 3149 ideo
3267 3095 3476 3149 diccbat
3507 3096 3734 3150 Paulus:

2159 3185 2287 3241 Volo
2318 3195 2484 3240 autem
2506 3203 2675 3241 omnes
2701 3187 2926 3241 homines
2952 3203 3058 3241 esse
3083 3187 3135 3240 in
3166 3188 3493 3251 continentia,
3520 3190 3647 3241 sicut
3689 3195 3737 3241 et

2148 3277 2414 3346 meipsum.
2446 3276 2515 3330 Et
2539 3293 2721 3331 rursus
2745 3295 2759 3330 :
2787 3277 2988 3330 Bonum
3025 3286 3097 3331 est
3128 3277 3327 3339 homini,
3354 3278 3609 3330 mulierem
3634 3294 3738 3332 non

2149 3378 2352 3441 tangere
2378 3368 2455 3443 (1.
2478 3368 2593 3423 Cor.
2616 3369 2666 3423 7.
2689 3370 2836 3440 7).Et
2863 3368 3103 3424 Christus
3132 3387 3145 3423 :
3171 3368 3303 3424 Sunt
3320 3370 3554 3435 eunuchi,
3584 3371 3670 3440 qui
3686 3384 3739 3425 se

2151 3471 2439 3517 castrarunt
2458 3472 2662 3531 propter
2689 3478 2896 3532 regnum
2925 3461 3164 3516 rariorum
3198 3461 3358 3531 (Ibid.
3385 3477 3435 3516 υ.
3459 3463 3513 3517 1.
3546 3462 3738 3515 Matth.

2148 3552 2235 3608 19.
2267 3552 2381 3624 12).
2401 3552 2729 3622 Quamquam
2753 3551 2949 3622 alioqui
2970 3551 3127 3605 etiam
3155 3551 3205 3604 in
3228 3552 3489 3620 principio
3511 3552 3743 3606 obscure

2148 3643 2467 3714 signiﬁcavit
2492 3656 2626 3713 opus
2654 3656 2787 3698 esse‘
2824 3642 3036 3704 virtute,
3080 3656 3185 3696 non
3215 3641 3444 3695 ﬁliorum
3492 3642 3738 3695 multitu-

2148 3733 2295 3788 dine.
2326 3732 2459 3787 Audi
2492 3743 2669 3787 autem
2695 3732 2981 3802 quomodo.
3036 3732 3172 3786 Dicit
3200 3732 3343 3786 enim
3378 3732 3591 3802 quidam
3639 3748 3733 3786 sa-

2147 3824 2301 3893 piens
2326 3840 2339 3876 :
2370 3821 2455 3876 Ne
2470 3824 2698 3877 desidera
2710 3823 3084 3877 multitudinem
3107 3824 3331 3891 ﬁliorum
3357 3824 3629 3888 inutilium,
3655 3826 3742 3876 ni-

2146 3914 2191 3968 si
2218 3914 2281 3967 sit
2310 3913 2458 3967 timor
2480 3912 2574 3967 Dei
2596 3930 2709 3968 cum
2730 3915 2851 3985 ipsis
2870 3930 2892 3964 .·
2913 3912 2987 3984 (a)
3014 3930 3171 3982 neque
3186 3914 3385 3966 attende
3404 3930 3577 3967 eorum
3597 3916 3739 3966 mul-

2149 4005 2428 4059 titudinem.
2468 4004 2656 4059 Melior
2698 4015 2770 4060 est
2802 4006 2935 4060 enim
2975 4022 3105 4058 unus
3132 4021 3285 4074 quam
3324 4005 3492 4071 mille,
3523 4015 3569 4059 et
3608 4006 3742 4058 mori

2149 4095 2260 4149 sine
2283 4094 2426 4163 ﬁliis,
2447 4111 2596 4165 quam
2623 4094 2806 4149 habere
2832 4096 2968 4164 ﬁlios
2986 4094 3167 4164 impios
3196 4109 3215 4149 :
3237 4106 3280 4148 et
3308 4095 3485 4148 melior
3511 4105 3581 4149 est
3606 4111 3742 4148 unus

2149 4186 2340 4255 faciens
2375 4186 2682 4251 voluntatem
2708 4185 2950 4252 Domini,
2979 4202 3130 4255 quam
3172 4186 3561 4240 innumerabiles
3593 4185 3743 4256 impii

2150 4275 2168 4347 (
2200 4275 2364 4330 Eccli.
2395 4276 2482 4331 16.
2512 4277 2632 4331 1οὸ
2658 4275 2705 4346 ).
2754 4275 2921 4331 ,Ιυύτυὶ
2963 4287 3138 4331 autem
3179 4276 3324 4330 nullo
3363 4276 3523 4347 plane
3575 4291 3740 4331 sensu

2150 4367 2381 4437 praediti,
2424 4366 2491 4421 ad
2539 4381 2753 4421 carnem
2784 4381 2997 4435 semper
3023 4367 3340 4436 aspirantes,
3387 4376 3442 4422 et
3481 4367 3733 4421 virtutem

2148 4462 2508 4532 negligentes,
2536 4459 2783 4514 dicebant
2809 4476 2823 4511 :
2852 4459 2986 4526 Quid
3014 4460 3192 4530 quterit
3220 4458 3361 4513 Deus
3387 4501 3402 4524 ,
3432 4459 3529 4513 nisi
3567 4475 3739 4512 semen

2149 4550 2406 4621 (Malach.
2433 4551 2488 4604 2.
2519 4550 2606 4622 15)
2628 4550 2650 4603 ?
2675 4550 2767 4604 Eis
2790 4550 3078 4604 ostendens
3126 4564 3183 4603 se
3211 4549 3315 4603 hoc
3335 4564 3440 4603 non
3469 4563 3735 4619 quaerere,

2150 4659 2245 4699 eos
2276 4642 2469 4697 millies
2507 4641 2771 4712 perdidit,
2825 4656 2944 4695 cum
2978 4641 3173 4694 virtute
3221 4646 3487 4693 carerent.
3517 4638 3605 4692 23.
3637 4636 3738 4691 Be-

2150 4736 2333 4790 nedicti
2361 4751 2447 4789 vos
2475 4734 2712 4787 Domino.
2758 4733 2923 4786 Recte
2947 4731 3162 4799 adjecit,
3192 4729 3433 4783 Domino.
3464 4728 3593 4783 Nam
3634 4727 3737 4783 hoc

2151 4827 2487 4898 potissimum
2516 4835 2599 4881 est
2630 4823 2948 4880 benedictio.
2979 4822 3111 4877 Sunt
3135 4822 3275 4875 enim
3305 4821 3462 4874 etiam
3506 4818 3596 4890 qui
3642 4818 3739 4873 bc-

2152 4916 2470 4972 nedicuntur
2497 4914 2634 4984 apud
2684 4913 2948 4978 homines,
2982 4910 3074 4966 sed
3117 4919 3242 4965 sunt
3276 4924 3363 4964 res
3393 4908 3601 4963 illorum
3631 4906 3735 4962 hu-

2153 5024 2346 5064 manm.
2376 5008 2501 5062 llaec
2524 5015 2603 5062 est
2636 5014 2811 5060 autem
2857 5004 3085 5058 maxima
3116 5000 3437 5057 benedictio.
3481 5001 3737 5055 Homines

2151 5098 2364 5168 quidem
2396 5096 2737 5158 benedicunt,
2798 5094 2900 5148 hoc
2926 5103 3006 5147 cst
3046 5092 3281 5156 laudant,
3326 5089 3598 5145 celebrant
3641 5105 3736 5144 eos

2153 5204 2376 5259 quorum
2409 5203 2615 5257 magna:
2653 5194 2773 5240 sunt
2805 5200 2967 5254 opes,
3009 5183 3177 5253 gloria
3217 5190 3271 5236 ct
3320 5180 3577 5251 potentia.
3630 5179 3733 5234 Sed

2152 5278 2269 5334 haec
2295 5277 2594 5334 benedictio
2619 5283 2702 5329 est
2729 5282 3092 5343 temporanea,
3150 5272 3257 5325 imo
3302 5269 3515 5340 quando
3560 5267 3733 5334 adest,

2153 5354 2281 5426 nihil
2302 5369 2520 5425 omnino
2548 5364 2705 5421 affert
2725 5365 2854 5421 lucri
2889 5381 2902 5418 :
2936 5364 3029 5419 Dei
3055 5370 3230 5417 autem
3255 5360 3623 5417 benevolentia
3652 5369 3735 5414 est

2155 5470 2430 5532 perpetua,
2462 5466 2516 5514 et
2542 5459 2596 5512 in
2615 5457 2772 5512 rebus
2794 5455 3039 5511 maximis
3066 5454 3267 5526 prmbet
3289 5453 3592 5507 utilitatem.
3636 5449 3735 5517 Qui

2154 5554 2268 5623 fecit
2289 5551 2465 5627 caelum
2491 5558 2538 5603 et
2558 5558 2760 5602 terram.

2217 5683 2288 5743 (a)
2324 5688 2373 5730 tn
2394 5681 2485 5730 hoc
2512 5679 2833 5731 ‘Fcclesiastici
2876 5675 2986 5728 loco
3023 5674 3174 5727 multa
3206 5673 3494 5737 interposita
3516 5670 3738 5732 prater-it

2156 5746 2531 5807 Cbrysostomus.
