4018 6268
270 499 557 576 κηρύττει,
592 498 871 576 [299Ῑκαῖ
900 502 999 575 τὴν
1033 501 1360 573 ἀσύγκριτον
1390 503 1554 556 αὐτοῦ
1585 504 1677 558 καὶ
1704 502 1846 557 κατὰ

269 600 490 654 πάντων
514 598 809 669 ὑπεροχήν.
842 599 921 651 Τὰ
948 599 1058 670 γὰρ
1087 599 1168 662 εἰς
1192 597 1280 651 τὸν
1302 598 1473 668 δῆμον
1498 598 1586 651 τὸν
1622 598 1846 653 Ἰουδαϊ-

267 696 362 748 κὸν
392 694 653 765 γινόμενα
681 697 761 758 είς
789 696 955 766 μέσον
974 696 1144 764 ἄγων,
1174 695 1367 764 διπλῆν
1382 695 1653 749 δείκνυσιν
1678 692 1843 748 αὐτοῦ

262 791 362 861 τὴν
389 789 734 861 εὐεργεσίαν,
767 790 966 860 μᾶλλον
993 791 1049 844 δὲ
1077 792 1171 845 καὶ
1196 791 1447 863 τριπλῆν.
1468 790 1692 861 Πρῶτον
1723 790 1841 859 μὲν,

262 887 346 940 ὃτι
372 885 650 954 δαιμόνων
680 888 879 948 αὐτοὺς
908 886 1219 956 ἀπήλλαξεν
1242 903 1257 917 ο
1292 887 1504 954 ἔπειτα,
1536 891 1621 943 ὅτι
1651 886 1843 940 ἑαυτὸν

263 981 592 1052 ἐγνώρισεν·
625 982 720 1034 καὶ
759 980 963 1050 τρίτον,
999 982 1081 1035 ὅτι
1111 984 1205 1035 καὶ
1241 981 1497 1054 βοήθειαν
1521 985 1707 1047 αὐτοῖς
1740 980 1842 1053 τὴν

266 1077 394 1147 παρ’
406 1076 614 1130 ἐαυτοῦ
655 1077 922 1148 παρέσχε.

336 1195 546 1264 Διαιρεῖ
571 1194 628 1247 δέ
659 1194 752 1248 τὸν
783 1194 941 1263 λόγον
982 1196 1062 1259 είς
1102 1213 1162 1249 τε
1210 1197 1303 1250 τὸν
1343 1197 1586 1269 Ἰσραὴλ,
1635 1197 1731 1251 καὶ
1778 1197 1839 1252 τὸ

265 1284 539 1357 ἱερατικὸν
569 1289 749 1357 γένος,
772 1292 865 1344 καὶ
892 1290 1021 1355 τούς
1048 1290 1109 1355 ἐξ
1129 1291 1300 1347 ἐθνῶν
1318 1294 1646 1365 προσιόντας
1668 1290 1834 1363 αὐτῷ.

262 1385 336 1439 οὐ
380 1385 491 1457 γάρ
523 1387 674 1439 ἐστιν
709 1387 824 1440 ῐσον
858 1388 1043 1458 ἱερεὺς
1076 1388 1170 1442 καὶ
1210 1389 1445 1462 ίδιώτης,
1480 1389 1596 1443 ἀλλ’
1631 1389 1744 1459 ἔχει
1786 1408 1838 1443 τι

262 1485 423 1539 πλέον
458 1480 641 1550 οὗτος·
668 1487 749 1540 διὸ
771 1487 867 1540 καὶ
901 1488 1000 1558 τὴν
1024 1488 1289 1560 διαίρεσιν
1324 1489 1548 1553 εἰκότως
1581 1491 1833 1541 ποιεῖται.

261 1580 374 1634 Καὶ
406 1579 516 1651 γὰρ
554 1582 757 1651 μείζων
783 1584 862 1646 είς
895 1583 1092 1647 αὐτοὺς
1120 1585 1151 1656 ή
1178 1584 1314 1656 τιμὴ
1344 1584 1581 1654 ἐγένετο.

331 1692 395 1739 ε’.
413 1681 548 1738 Εἶτα
564 1684 795 1753 δεικνὺς,
824 1686 905 1740 ὅτι
920 1688 1017 1739 οὐκ
1045 1690 1123 1751 εἰς
1139 1688 1206 1741 τὰ
1234 1686 1500 1741 Ἰουδαῖκὰ
1522 1684 1686 1741 αὐτοῦ
1702 1703 1837 1740 κατ-

258 1780 621 1853 εκέκλειστοή
648 1782 894 1854 πρόνοια,
915 1784 1006 1836 καὶ
1038 1783 1147 1837 τῶν
1172 1783 1530 1855 προσηλύτων
1560 1783 1832 1855 ἐμνήσθη,

256 1876 369 1928 τῶν
395 1877 461 1928 ἐκ
492 1876 600 1929 τῶν
632 1875 801 1929 ἐθνῶν
836 1878 1193 1949 προσιόντων,
1222 1879 1320 1950 τήν
1348 1894 1404 1931 τε
1446 1877 1718 1949 βοήθειαν,
1742 1878 1835 1931 καὶ

255 1971 357 2041 τὴν
386 1971 636 2041 εὐλογία-ν
667 1974 745 2036 είς
778 1971 1026 2037 ἅπαντας
1048 1974 1376 2045 γεγενῆσθαι
1393 1974 1589 2043 λέγων.
1620 1975 1835 2042 Κύριος

255 2067 550 2134 μνησθείς
575 2067 762 2136 ἡμῶν,
799 2069 1140 2137 εὐλόγησεν
1166 2066 1342 2138 ἡμᾶς.
1378 2070 1697 2139 Εὐλόγησε
1727 2069 1833 2123 τὸν

255 2157 427 2216 οἷκον
464 2163 735 2229 Ἰσραήλ’
768 2165 1070 2231 εὐλόγησε
1098 2165 1205 2219 τὸν
1232 2161 1402 2218 οἶκον
1434 2163 1689 2232 Ἀαρώνο
1734 2166 1832 2219 εὐο

252 2260 482 2329 λόγησε
518 2258 661 2325 τοὺς
696 2259 1110 2329 φοϐουμένους
1151 2261 1259 2315 τὸν
1290 2261 1528 2329 Κύριον.
1556 2260 1621 2313 Τί
1660 2261 1830 2327 ἐστιν,

253 2355 606 2424 eum“;
635 2357 881 2430 Μυρίων,
918 2358 1103 2428 φησὶν,
1140 2357 1438 2428 ἐνέπλησεν
1462 2357 1702 2427 ἀγαθῶν.
1728 2359 1833 2412 Εὐ-

249 2450 402 2519 λογεῖ
432 2452 530 2520 μὲν
555 2454 665 2525 γὰρ
693 2453 979 2526 ἄνθρωπος
1010 2453 1165 2518 Θεὸν,
1195 2454 1271 2518 ὡς
1301 2456 1431 2508 ὅταν
1453 2454 1607 2526 λέγῃ,
1639 2456 1832 2508 Εὑλόο

247 2564 358 2615 γει,
383 2549 423 2617 ἠ
452 2549 627 2618 ψυχή
648 2569 786 2619 μου,
817 2549 924 2603 τὸν
953 2552 1193 2619 Κύριον.
1240 2551 1380 2604 Ἀλλ’
1410 2553 1438 2604 6
1463 2551 1555 2604 τὸν
1581 2550 1714 2604 Θεὸν
1741 2551 1832 2603 εὐ-

247 2641 446 2712 λογῶν,
484 2646 651 2709 αὐτὸς
689 2646 981 2717 κερδαίνει,
1030 2647 1415 2719 λαμπρότερον
1468 2648 1661 2701 ἐαυτὸν
1706 2646 1831 2701 καθ-

250 2742 427 2806 ιστὰς,
458 2743 561 2795 οὐκ
592 2743 786 2815 ἐκείνῳ
810 2762 864 2798 τι
881 2746 1241 2816 χαριζόμενος
1261 2764 1274 2778 ·
1298 2748 1326 2801 ό
1343 2747 1399 2800 δὲ
1415 2747 1547 2809 Θεὸς
1570 2747 1825 2814 εὐλογῶν,

246 2840 399 2910 ἡμᾶς
426 2840 846 2911 λαμπροτέρους
880 2844 1044 2905 ποιεῖ,
1078 2843 1178 2896 οὐκ
1210 2843 1373 2906 αὐτός
1392 2861 1443 2896 τι
1475 2841 1830 2914 προσλαμϐά-

248 2952 355 2989 νει.
397 2938 665 3001 Ἀνενδεές
698 2937 809 3009 γὰρ
837 2938 898 2991 τὸ
920 2940 1102 2993 Θεῖον·
1140 2940 1277 2993 ὥστε
1318 2941 1660 3012 ἑκατέρωθεν
1695 2940 1829 3011 ἡμέ-

247 3033 412 3103 τερόν
465 3035 575 3086 ἐστι
616 3034 677 3087 τὸ
726 3035 937 3103 κέρδος.
980 3035 1103 3099 Πῶς
1146 3037 1202 3089 δὲ
1254 3036 1547 3105 εὐλόγησεν
1594 3037 1822 3101 αὐτούς;

251 3130 455 3200 Ἀρτον
474 3131 657 3193 αὐτοῖς
689 3131 747 3195 ἐξ
772 3130 1003 3201 οὐρανοῦ
1028 3131 1245 3196 ἔδωκεν,
1271 3132 1413 3203 ὕδωρ
1445 3132 1737 3205 ῶμδρησεν
1764 3135 1828 3187 ἐκ

246 3227 477 3296 πέτρας,
501 3227 600 3290 τὰς
627 3229 867 3291 εἰσόδους
890 3227 1069 3281 αὐτῶν
1095 3229 1189 3281 καὶ
1220 3228 1317 3291 τὰς
1334 3225 1544 3293 ἐξόδους
1567 3228 1823 3299 ἐφύλαξε,

241 3324 313 3379 τὰ
348 3324 603 3394 βουκόλια
634 3323 814 3379 αὐτῶν
853 3324 1121 3396 ἐπλήθυνε
1152 3324 1244 3379 καὶ
1277 3324 1346 3378 τὰ
1369 3326 1591 3395 ποίμνια
1623 3325 1821 3391 αὐτῶν,

240 3420 373 3478 λαὸν
404 3423 719 3494 περιούσιον
758 3423 1032 3494 ὠνόμασε.
1067 3423 1161 3477 καὶ
1194 3422 1461 3493 βασίλειον
1498 3422 1821 3494 ἱεράτευμα,

242 3520 411 3592 νόμον
432 3519 623 3584 ἔδωκε,
658 3521 947 3591 προφήτας
972 3520 1068 3573 ἐπε
1080 3520 1209 3591 μψε.
1244 3519 1430 3572 Ταῦτα
1455 3519 1548 3572 καὶ
1588 3519 1822 3590 ἀλλαχοῦ

239 3616 555 3689 κηρύττων,
583 3619 707 3671 Οὐκ
728 3616 999 3684 ἐποίησε,
1028 3617 1213 3687 φησὶν,
1244 3615 1397 3670 οὕτω
1422 3616 1601 3669 παντὶ
1641 3615 1822 3679 ἔθνει,

236 3715 340 3769 καὶ
373 3714 447 3768 τὰ
480 3714 734 3782 κρίματα
761 3712 948 3766 αὐτοῦ
978 3714 1090 3765 οὐκ
1119 3711 1431 3780 ἐδήλωσεν
1454 3711 1677 3777 αὐτοῖς.
1713 3713 1825 3766 Καὶ

237 3812 403 3876 ἄλλος
423 3830 438 3843 ·
467 3810 649 3865 Ποῖον
665 3809 840 3875 ἔθνος
879 3808 1032 3863 οὕτω
1063 3808 1281 3876 σοφὸν,
1303 3800 1350 3873 ᾧ
1378 3807 1470 3877 ἑτπ
1486 3806 1585 3867 (fac
1610 3809 1823 3877 Κύριος

236 3912 273 3962 ό
297 3907 480 3971 Θεός;
509 3906 656 3973 Τοὺς
682 3906 932 3975 μικροὺς
946 3902 1097 3973 μετὰ
1125 3903 1244 3956 τῶν
1270 3902 1561 3972 μεγάλων.
1600 3904 1732 3957 Οὐδὲ
1764 3903 1822 3958 ἓν

233 4004 424 4073 γένος,
458 4002 644 4073 φησὶν,
672 4000 880 4074 ἔρημον
920 3999 1170 4067 εὐλογίας
1206 3993 1295 4069 ἦν,
1333 3998 1448 4052 ἀλλ’
1498 4000 1579 4061 εἰς
1614 3999 1822 4063 πάντας

241 4101 509 4155 ἐκτέτατο
547 4099 742 4154 ταῦτα.
792 4098 1089 4167 Προσθειή
1124 4097 1340 4166 Κύριος
1377 4096 1468 4165 ἐφ’
1500 4095 1692 4166 ὑμᾶς’
1729 4098 1820 4168 ἐφ’

234 4196 420 4267 ὑμᾶς,
452 4196 550 4251 καὶ
573 4196 673 4251 ἐπὶ
696 4195 838 4262 τοὺς
855 4195 1025 4262 υἱοὺς
1054 4178 1240 4265 ὗμῶν.
1274 4186 1428 4257 Εἶδες
1455 4192 1641 4265 ἕτερον
1666 4194 1817 4249 εὐλο-

234 4293 367 4361 γίας
401 4288 543 4357 εἶδος
564 4333 579 4357 ,
613 4292 676 4347 τὸ
707 4289 986 4346 ἐπιδοῦναι
1022 4291 1082 4344 τὸ
1120 4290 1313 4360 γένος;
1347 4288 1447 4342 Διά
1473 4288 1538 4360 δὴ
1565 4290 1721 4344 τοῦτο
1760 4291 1819 4345 ἐν

235 4390 390 4455 τάξει
427 4388 700 4452 κολάσεως
732 4390 795 4442 τὸ
838 4387 1080 4441 ἐναντίον
1112 4386 1302 4459 ἕτερος
1333 4385 1624 4459 προφέρων
1653 4388 1814 4460 φησί’

237 4486 349 4542 Καὶ
395 4486 900 4556 ἐσμικρύνθημεν,
939 4483 1037 4538 καὶ
1080 4483 1271 4554 ἐσμὲν
1319 4485 1623 4555 ὀλιγοστώ
1660 4486 1820 4557 παρὰ

238 4581 473 4648 πάντας
504 4581 645 4647 τοὺς
677 4579 1109 4646 κατοικοῦντας
1138 4579 1253 4645 τὴν
1286 4579 1424 4650 γῆν.
1467 4581 1686 4653 Ταύτης
1717 4584 1818 4654 τῆς

237 4675 489 4746 εὐλογίας
525 4688 550 4718 ι
585 4676 680 4730 καὶ
710 4678 768 4729 ἐν
820 4674 1081 4747 Αἰγύπτῳ
1109 4675 1260 4739 ὄντες
1290 4676 1588 4748 ἀπήλαυον,
1640 4679 1816 4733 καίτοι

237 4772 451 4844 μυρίων
495 4772 665 4826 ὄντων
703 4772 812 4826 τῶν
845 4771 1274 4836 διακωλυόντων,
1311 4772 1419 4827 τῶν
1465 4773 1662 4845 ἔργων,
1714 4775 1816 4845 τῆς

232 4865 631 4937 ταλαιπωρίας,
657 4865 758 4935 τῆς
791 4862 898 4917 τῶν
943 4864 1315 4933 ἐνεστηκότων
1346 4864 1630 4936 ὠμότητος
1652 4883 1664 4896 ·
1699 4867 1813 4921 ἀλλ’

231 4961 384 5015 οὐδὲν
409 4961 503 5015 τοῦ
523 4960 659 5015 Θεοῦ
684 4961 775 5014 τὸν
798 4960 955 5027 λόγον
987 4958 1294 5025 διέκοπτεν,
1321 4958 1438 5013 ἀλλ’
1460 4959 1602 5014 οὕτω
1621 4963 1813 5034 προῄει

231 5059 302 5113 τὰ
328 5058 432 5129 τῆς
472 5057 750 5127 εὐλογίας,
788 5057 862 5121 ὡς
893 5059 951 5111 ἐν
992 5058 1288 5121 διακοσίοις
1316 5057 1491 5111 ἔτεσιν
1529 5057 1813 5125 ἑξακοσίας

232 5151 488 5221 γενέσθαι
518 5150 785 5222 χιλιάδας.
829 5149 992 5204 Ἀλλὰ
1017 5151 1138 5204 τότε
1167 5151 1265 5221 μὲν
1292 5152 1349 5204 ἐν
1386 5150 1597 5214 τούτοις
1621 5150 1689 5205 τὰ
1714 5154 1813 5225 τῆς

231 5252 503 5322 εὐλογίας,
536 5252 654 5305 νυνὶ
675 5251 731 5305 δέ
763 5253 821 5305 ἐν
851 5251 1030 5324 πολλῷ
1069 5252 1332 5323 βελτίοσιν
1356 5253 1447 5305 ἐπὶ
1462 5253 1561 5323 τῆς
1581 5255 1809 5325 Καινῆς.

231 5342 318 5395 Διό
354 5360 489 5412 φησι
511 5342 726 5407 Παῦλος
748 5358 761 5371 ’
787 5343 1137 5413 Εὐλογητὸς
1162 5347 1195 5398 ό
1218 5343 1381 5410 Θεὸς,
1414 5347 1447 5398 ὁ
1465 5345 1811 5415 εὐλογήσας

232 5433 389 5503 ἡμᾶς
416 5435 488 5487 ἐν
524 5432 697 5504 πάσῃ
724 5435 972 5506 εὐλογίᾳ
994 5436 1367 5505 πνευματικῇ
1387 5438 1457 5491 ἐν
1486 5437 1605 5502 τοῖς
1633 5437 1811 5493 ἕπου·-

228 5529 458 5596 ρανίοις
500 5529 570 5583 ἐν
604 5528 853 5599 Χριστῷ.
896 5532 1007 5585 Καὶ
1046 5532 1240 5585 πάλιν·
1282 5532 1368 5600 Τῷ
1399 5531 1467 5586 δὲ
1497 5533 1811 5603 δυναμένῳ

232 5629 379 5698 ὑπὲρ
418 5628 621 5683 πάντα
655 5626 901 5699 ποιῆσαι
928 5628 1081 5701 ὑπὲρ
1105 5630 1471 5701 ἐκπερισσοῦ
1498 5625 1585 5686 ὧν
1613 5634 1808 5689 altat}-

293 5764 315 5792 ⁸
341 5762 700 5832 Βρεςὴν-γῆν.
724 5763 977 5832 ξΑλλαχοῦ
998 5766 1207 5832 δὲιφησι.
1233 5767 1480 5832 Καὶ-ἔθετο
1506 5769 1570 5824 ὡς
1588 5768 1805 5832 πρόϐατα

235 5825 441 5889 πατριάνξ
465 5826 696 5888 Πρὸϐατα
718 5826 765 5874 ἐν
786 5825 953 5890 θλίῴέι*
981 5825 1151 5884 ταύτης
1191 5834 1272 5886 τῆς
1296 5829 1524 5888 εὐλογίας.

1346 386 1706 447 ΕΧΡΟΞΙἸῚΟ
1746 390 1812 444 IN
1850 387 2181 445 PSALMUM
2216 387 2400 444 CXIII.

3418 392 3524 447 512

1948 504 2101 571 μεθα
2136 501 2175 570 ἢ
2209 499 2489 570 νοοῦμεν,
2525 497 2684 565 αὐτῷ
2712 502 2748 569 ἠ
2773 475 2927 564 ὸύξα
2949 498 3017 552 ἐν
3050 498 3126 567 τῇ
3175 503 3521 571 Ἐκκλησία.

1950 598 2048 653 Διά
2081 598 2146 669 δὴ
2201 597 2361 651 τοῦτο
2407 598 2501 651 καὶ
2546 599 2595 650 οἱ
2652 596 2799 670 [500]
2851 598 3128 670 προφῆται
3182 598 3241 651 τὸ
3295 600 3523 655 παλαιὸν

1949 694 2269 766 εὐεργεσίας
2288 693 2597 764 ζητοῦντες,
2627 692 2832 764 ταύτην
2853 693 2952 764 τὴν
2973 694 3224 762 εὐλογίαν
3242 697 3520 768 παρεῖχον.

1959 792 2017 846 '0
2048 791 2156 862 γὰρ
2199 790 2501 853 Ἐλισσαῖος
2533 789 2629 860 τὴν
2668 787 3075 861 ὑποδεξαμένην
3104 793 3169 862 τῇ
3198 792 3294 845 τοῦ
3335 794 3523 857 παιδὸς

1943 886 2086 941 δόσει
2110 886 2418 958 ἀμείϐεται,
2465 887 2588 939 Ἐπὶ
2618 885 2675 939 δὲ
2702 885 2799 955 τῆς
2826 885 3037 954 Καινῆς
3068 887 3129 940 οὐ
3166 887 3359 955 ταῦτα,
3388 889 3523 943 ἀλλὰ

1945 982 2127 1053 πολλῷ
2159 982 2402 1053 μείζονα.
2437 983 2500 1035 Ἥ
2515 980 2647 1051 γοῦν
2679 983 3103 1055 πορφυροπῶλις
3121 984 3181 1037 οὐ
3200 984 3373 1040 ταῦτα
3401 987 3519 1058 ᾔτει

1945 1082 2097 1153 παρά
2129 1080 2239 1135 τῶν
2265 1080 2599 1147 ἀποστόλων,
2635 1080 2771 1136 ἀλλὰ
2795 1081 2878 1146 τί;
2907 1083 2973 1136 EI
3006 1084 3080 1136 οὺ
3114 1083 3426 1151 κεκρίκατέ
3443 1103 3521 1155 με

1943 1177 2202 1243 ἀναξίαν
2253 1174 2333 1242 τῷ
2379 1177 2574 1245 Κυρίῳ
2593 1215 2608 1242 ,
2653 1179 3031 1245 εἰσελθόντες
3075 1179 3329 1249 μείνατε,
3384 1181 3521 1249 παρ’

1940 1273 2099 1342 ἐμοί.

2014 1384 2175 1452 Εἶδες
2201 1388 2371 1442 πόσον
2399 1389 2461 1442 τὸ
2491 1388 2673 1460 μέσον,
2699 1390 2794 1444 καὶ
2823 1390 2944 1444 τίνα
2984 1391 3080 1461 μὲν
3108 1390 3271 1462 ᾔτουν
3293 1393 3343 1446 οί
3368 1394 3425 1447 ἐν
3450 1397 3515 1465 τῇ
3590 1398 3591 1401 “

1942 1485 2174 1556 Παλαιᾷ,
2201 1484 2320 1538 τίνα
2337 1486 2392 1539 δὲ
2417 1487 2467 1538 οἱ
2490 1488 2546 1538 ἐν
2573 1489 2637 1557 τῇ
2659 1488 2831 1557 Καινῇ
2859 1503 2872 1547 ;
2901 1487 3009 1539 Καὶ
3032 1487 3235 1541 πάλινὸ
3253 1490 3513 1559 Χριστόςο

1938 1584 2204 1652 Χαίρετε,
2236 1583 2323 1636 ὅτι
2351 1584 2419 1638 τὰ
2440 1584 2701 1653 ὀνόματα
2722 1584 2889 1653 ὑμῶν
2909 1584 3134 1654 ἐγράφη
3162 1586 3233 1639 ἐν
3258 1586 3383 1652 τοῖς
3411 1589 3516 1640 οὑ-

1929 1680 2162 1750 ρανοῖς.
2202 1680 2310 1733 Καὶ
2340 1682 2366 1734 ὁ
2391 1680 2603 1744 Παῦλος
2627 1697 2641 1713 ο
2683 1681 2746 1733 '0
2770 1680 2836 1734 δὲ
2859 1682 3002 1748 Θεὸς
3022 1682 3333 1750 πληρώσαι
3359 1682 3516 1753 ὑμᾶς

1938 1771 2141 1839 πάσης
2165 1773 2403 1842 χάριτος
2432 1773 2532 1827 καὶ
2574 1773 2822 1838 ἐλπίδος
2854 1772 2922 1825 ἐν
2950 1772 3029 1837 τῷ
3062 1774 3392 1836 πιστεύειν,
3427 1775 3515 1840 εις

1937 1868 2005 1923 τὸ
2035 1869 2421 1938 περισσεύειν
2442 1868 2511 1921 ἐν
2539 1865 2612 1936 τῇ
2638 1866 2861 1929 ἐλπίδι,
2882 1866 2951 1920 ἐν
2976 1865 3223 1935 δυνάμει
3240 1868 3511 1937 Πνεύμα-

1936 1982 2038 2031 τος
2065 1966 2259 2033 ἁγίου.
2286 1959 2438 2028 Εἶδες
2474 1963 2725 2031 εὐλογίας
2752 1961 2982 2033 δύναμιν
3011 1961 3080 2016 τὰ
3102 1962 3386 2035 ἀπόρρητα
3414 1980 3513 2033 χα-

1940 2058 2233 2131 ριζομένην
2284 2058 2485 2128 ἀγαθὰ,
2524 2059 2620 2111 καὶ
2667 2057 2818 2112 οὐδὲν
2852 2059 3082 2129 ἔχουσαν
3128 2061 3352 2130 γήϊνονς
3403 2062 3512 2113 Καὶ

1934 2156 2097 2210 πάλιν
2130 2156 2158 2207 ό
2184 2155 2425 2220 Παῦλος*
2472 2157 2536 2208 '0
2565 2156 2707 2222 Θεὸς
2758 2157 3075 2224 συντρίψει
3101 2158 3206 2210 τὸν
3237 2156 3513 2211 Σατανᾶν

1933 2254 2050 2308 ὑπὸ
2079 2252 2220 2319 τοὺς
2242 2253 2433 2319 πόδας
2448 2252 2616 2321 ὑμῶν
2637 2253 2707 2306 ἐν
2733 2253 2919 2322 τάχει.
2953 2254 3093 2307 Ἀλλ’
3116 2255 3174 2308 ἐν
3191 2258 3257 2327 τῇ
3274 2254 3508 2325 Παλαιᾷ,

1933 2350 2021 2403 ὅτε
2055 2348 2364 2422 παχύτερον
2397 2348 2466 2402 τὰ
2494 2348 2604 2403 τῶν
2633 2348 2933 2420 ἀνθρώπων
2972 2350 3222 2416 διέκειτο,
3254 2350 3361 2404 ἀπὸ
3402 2351 3511 2405 τῶν

1933 2445 2211 2517 αἰσθητῶν
2233 2448 2303 2500 τὰ
2328 2447 2429 2515 τῆς
2458 2446 2707 2516 εὐλογίας
2740 2448 3015 2516 ὐφαίνετο,
3047 2448 3142 2502 καὶ
3176 2450 3208 2519 ἠ
3258 2448 3510 2503 πολυπαι-

1931 2542 2019 2595 δία
2052 2542 2307 2614 μέγιστον
2354 2545 2585 2615 πρᾶγμα
2623 2538 2762 2598 εἶναι
2807 2545 3108 2617 ἐνομίζετο.
3153 2547 3369 2619 Ἐπειδὴ
3401 2545 3510 2618 γὰρ

1933 2642 1998 2693 ἐκ
2015 2642 2111 2712 τῆς
2128 2641 2403 2711 ἁμαρτίας
2420 2640 2667 2712 είσῆλθεν
2691 2642 2719 2694 ό
2743 2641 2990 2706 θάνατος,
3016 2643 3510 2716 παραμυθούμενος

1933 2739 1994 2792 τὸ
2032 2739 2189 2806 γένος
2217 2740 2245 2791 ό
2268 2738 2421 2803 Θεὸς,
2450 2740 2543 2792 καὶ
2574 2740 2809 2804 δεικνὺς,
2843 2741 3008 2794 ὅτιού
3055 2742 3215 2812 μόνον
3243 2743 3345 2796 οὐκ
3378 2743 3510 2796 ἀνα·

1929 2834 2113 2895 λώσει,
2138 2833 2261 2888 οὐτε
2293 2835 2640 2907 πανωλεθρίᾳ
2680 2836 3011 2907 παραδώσει,
3047 2838 3181 2891 ἀλλὰ
3209 2838 3302 2892 καὶ
3331 2837 3509 2908 πολλῷ

1937 2931 2157 2993 πλείους
2200 2929 2414 2984 ἔσονται
2453 2931 2547 2984 τοῦ
2578 2931 2868 3002 προτέρου,
2906 2933 3098 3003 φησίν
3138 2933 3506 2998 Αὺξάνεσθε,

1928 3026 2029 3079 καὶ
2067 3028 2468 3094 πληθύνεσθε.
2530 3028 2748 3098 Ἐπειδὴ
2788 3028 2844 3081 δὲ
2885 3028 3131 3100 ἐγνώσθη
3164 3029 3329 3093 ὐπνος
3361 3030 3437 3084 ὣν
3478 3038 3507 3087 6

1930 3125 2183 3188 θάνατος,
2220 3126 2472 3196 εἰσήγετο
2517 3124 2578 3178 τὸ
2606 3125 2708 3194 τῆς
2744 3110 3042 3196 παρθενίας
3076 3126 3258 3181 καλόν.
3297 3125 3387 3179 Διὸ
3416 3127 3507 3180 καὶ

1927 3224 1955 3275 ὸ
1989 3220 2198 3286 Παῦλος
2223 3222 2378 3290 ἔλεγε
2396 3239 2409 3253 ⁸
2442 3221 2604 3275 Θέλω
2627 3221 2695 3275 δὲ
2722 3221 2953 3287 πάντας
2976 3222 3328 3290 ἀνθρώπους
3352 3218 3507 3277 εἶναι

1926 3318 1995 3372 ἐν
2025 3318 2356 3388 ἐγκρατείᾳ,
2387 3317 2467 3384 ὡς
2492 3316 2588 3371 καὶ
2618 3318 2898 3386 ἐμαυτόν.
2933 3318 3044 3371 Καὶ
3076 3320 3239 3374 πάλιν
3260 3335 3273 3348 ·
3304 3319 3509 3373 Καλὸν

1926 3414 2214 3482 ἀνθρώπῳ
2248 3413 2532 3483 γυναικὸς
2559 3412 2645 3481 μὴ
2688 3412 2997 3468 ἅπτεσθαι.
3027 3415 3139 3469 Καὶ
3167 3417 3195 3469 6
3241 3415 3505 3486 Χριστός“

1925 3511 2105 3563 Εἰσὶν
2142 3509 2443 3579 εὐνοῦχοι,
2481 3511 2697 3575 οἵτινες
2730 3511 3101 3579 εὐνούχισαν
3128 3511 3381 3577 ἑαυτοὺς
3409 3512 3506 3564 διὰ

1925 3603 2041 3673 τὴν
2080 3604 2412 3669 ,βασιλείαν
2450 3604 2569 3660 τῶν
2610 3606 2903 3675 οὐρανῶν.
2937 3606 3146 3671 ’Ἄλλως
3198 3607 3253 3660 δὲ
3301 3607 3396 3660 καὶ
3447 3610 3507 3659 ἐν

1925 3702 2066 3774 ἀρχῇ
2089 3701 2247 3755 τοῦτο
2268 3702 2509 3773 ᾐνίξατο,
2528 3704 2610 3755 ὅτι
2627 3702 2845 3774 ἀρετῆς,
2861 3704 2922 3756 οὐ
2948 3702 3303 3766 πολυπαιδίας
3317 3704 3496 3773 χρεία.

1924 3798 2039 3853 Καὶ
2065 3799 2235 3853 ἄκουε
2274 3797 2413 3862 πῶς.
2442 3798 2605 3866 Λέγει
2631 3798 2742 3871 γάρ
2767 3817 2853 3863 τις
2878 3799 3040 3868 σοφός
3060 3819 3073 3832 ο
3104 3799 3202 3867 Μὴ
3231 3800 3503 3868 ἐπιθύμει

1924 3894 2159 3962 πλῆθος
2184 3894 2411 3948 τέκνων
2437 3894 2793 3964 ἀχρήστων,
2811 3897 2861 3949 εὶ
2887 3897 2973 3965 μή
3003 3895 3133 3949 ἐστι
3148 3896 3276 3964 μετ’
3304 3894 3503 3949 αὐτῶν

1923 3994 2106 4063 φόϐος
2138 3992 2306 4046 6601')-
2333 3991 2432 4046 καὶ
2455 3991 2542 4062 μὴ
2564 3992 2745 4062 ἔπεχε
2766 3993 2861 4046 ἐπὶ
2889 3993 2955 4046 τὸ
2977 3992 3208 4061 πλῆθος
3228 3991 3428 4046 αὐτῶν
3449 3992 3499 4032 ιι·

1923 4088 2213 4157 κρεῖσσον
2229 4078 2338 4157 γὰρ
2357 4082 2464 4154 εἷς,
2485 4087 2523 4155 ἣ
2553 4088 2756 4156 χίλιοι,
2776 4087 2875 4142 καὶ
2887 4088 3213 4144 ἀποθανεῖν
3225 4089 3499 4155 ἄτεκνον,

1921 4184 1962 4254 ἢ
1987 4183 2159 4253 ἔχειν
2193 4182 2378 4238 τέκνα
2405 4182 2595 4250 ἀσεϐῆ
2611 4200 2625 4213 ·
2656 4182 2758 4237 καὶ
2782 4184 3085 4251 κρείσσων
3104 4179 3192 4250 εἷς
3230 4184 3414 4239 ποιῶν
3435 4187 3501 4240 τὸ

1923 4279 2152 4349 θέλημα
2170 4279 2414 4345 Κυρίου,
2439 4277 2478 4348 ἣ
2501 4278 2703 4347 μυρίοι
2733 4278 3087 4350 παράνομοι.
3119 4280 3259 4335 Ἀλλ’
3282 4282 3332 4334 οί
3356 4281 3503 4337 ἀναίο

1926 4381 2114 4453 σθητοι
2153 4379 2416 4446 Ἰουδαῖοι,
2447 4378 2541 4433 καὶ
2568 4379 2704 4450 πρὸς
2734 4380 2834 4451 τὴν
2864 4379 3044 4450 σάρκα
3069 4381 3357 4453 κεχηνότες
3388 4383 3496 4446 ἀεὶ,

1921 4478 2017 4532 καὶ
2049 4477 2248 4548 ἀρετῆς
2293 4474 2643 4547 ἀμελοῦντες,
2684 4477 2904 4546 ἔλεγονο
2952 4479 3015 4532 Τί
3058 4477 3218 4547 ζητεῖ
3248 4483 3282 4534 ὁ
3330 4482 3496 4549 Θεὸς,

1919 4573 2059 4627 ἀλλ’
2079 4573 2118 4641 ἢ
2145 4571 2384 4641 σπέρμα
2399 4589 2419 4639 ;
2442 4574 2667 4637 Δεικνύς
2695 4575 2871 4629 τοίνυν
2905 4576 3110 4640 αὐτοῖς,
3143 4576 3224 4630 ὅτι
3250 4575 3310 4630 οὐ
3340 4576 3498 4631 τοῦτο

1919 4665 2093 4739 ζητεῖ,
2136 4670 2394 4741 μυριάκις
2428 4668 2624 4733 αὐτοὺς
2665 4669 2967 4737 ἀπώλεσεν,
3013 4673 3214 4745 ἀρετῆς
3255 4675 3497 4746 ἐρήμους

1917 4768 2098 4830 ὄντας.
2122 4767 2531 4837 Εὐλογημένοι
2553 4768 2721 4837 ὑμεῖς
2745 4767 2825 4835 τῷ
2852 4770 3065 4838 Κυρίῳ,
3101 4770 3297 4834 Καλῶς
3327 4790 3492 4841 προσ·

1920 4863 2106 4935 έθηκε,
2160 4864 2244 4929 Τῷ
2301 4862 2517 4933 Κυρίῳ.
2570 4864 2743 4920 Τοῦτο
2790 4863 2899 4938 γὰρ
2956 4866 3192 4937 μάλιστα
3250 4867 3488 4936 εὐλογία.

1916 4960 2039 5014 Εἰσὶ
2061 4959 2171 5031 γὰρ
2203 4960 2297 5014 καὶ
2324 4960 2474 5033 παρὰ
2500 4960 2808 5031 ἀνθρώποις
2829 4961 3230 5033 εὐλογούμενοι,
3257 4962 3371 5014 ἀλλ’
3400 4963 3494 5015 ἀν-

1914 5055 2164 5128 θρώπινα
2196 5057 2266 5112 τὰ
2310 5058 2557 5112 ἐκείνων.
2617 5058 2682 5111 Ἦ
2707 5058 2763 5112 δὲ
2804 5059 3033 5129 μεγίστη
3076 5058 3293 5125 εὐλογία
3329 5056 3488 5127 αὐτη.

1919 5153 2231 5225 Ἄνθρωποι
2282 5154 2382 5223 μὲν
2415 5155 2526 5227 γὰρ
2571 5153 2873 5224 εὐλογοῦσι,
2909 5154 3176 5215 τουτέστι,
3211 5154 3490 5223 ἐγκωμιὰ-

1915 5250 2121 5316 ζουσιν,
2159 5250 2443 5304 ἐπαινοῦσι
2482 5250 2610 5314 τοὺς
2652 5251 2710 5304 ἐν
2758 5249 2972 5320 πλούτῳ
3009 5250 3104 5303 καὶ
3151 5248 3491 5313 δυναστείαις

1912 5347 2007 5405 καὶ
2041 5344 2221 5413 δόξαις
2250 5346 2429 5407 ὄντας.
2469 5345 2609 5399 Ἀλλ’
2638 5344 2777 5417 αὐτη
2807 5347 2839 5417 ἡ
2872 5345 3091 5414 εὐλογία
3134 5345 3485 5417 πρόσκαιρος.

1910 5445 2006 5497 καὶ
2043 5442 2205 5513 ἡνίκα
2234 5443 2300 5497 ἂν
2332 5445 2505 5513 παρῇ,
2534 5441 2687 5496 οὐδὲν
2724 5441 2926 5512 ἔχουσα
2963 5441 3180 5513 κέρδος’
3215 5444 3248 5512 ἡ
3289 5442 3346 5497 δέ
3391 5442 3484 5495 τοῦ

1909 5540 2045 5597 Θεοῦ
2071 5540 2347 5609 διηνεκὴς,
2384 5539 2477 5592 καὶ
2507 5540 2565 5592 ἐν
2602 5542 2715 5603 τοῖς
2747 5539 3024 5610 μεγίστοις
3051 5540 3363 5613 παρέχουσα
3386 5541 3485 5613 τὴν

1907 5634 1941 5689 τί
1957 5634 2201 5704 φέλειαν.
2236 5632 2321 5698 Τῷ
2347 5633 2669 5700 ποιήσαντι
2687 5634 2793 5687 τὸν
2812 5634 3073 5703 οὐρανὸν
3089 5638 3184 5691 καὶ
3206 5636 3318 5707 τὴν
3340 5637 3480 5708 γῆν.

1958 5772 2071 5845 ειη
2096 5768 2316 5845 editi-one
2339 5771 2554 5845 R‘Olpal‘la
2582 5788 2670 5845 ριιο
2695 5777 2755 5837 μή
2781 5778 2919 5845 ἔπεχε
2945 5780 3019 5829 ἐπὶ
3041 5782 3095 5830 τὸ
3112 5783 3284 5840 πλῆθος
3303 5783 3476 5845 αὐτῶν,

1904 5832 2089 5893 legitur
2117 5835 2179 5893 μὴ
2207 5834 2345 5896 ἔπεχε
2368 5834 2444 5883 ἐπὶ
2468 5836 2549 5884 τὸν
2576 5832 2719 5888 τόπον
2740 5832 2911 5889 αὐτῶν.
