4018 6268
339 422 402 482 Si
412 425 454 482 5'

413 547 466 599 6.
509 539 696 596 Vidisti
713 548 906 610 quanta
937 538 1006 592 sit
1031 538 1110 592 vis
1135 535 1561 591 benedictionis?
1585 535 1752 590 Verba
1780 535 1920 588 enim

339 635 455 702 ejus
485 634 618 686 liunt
661 645 843 701 opera.
884 628 1080 682 Caelum
1111 627 1324 696 quidem
1355 638 1502 686 certe
1546 627 1761 680 verbum
1806 627 1922 692 ejus

339 726 536 780 ell'ecit.
585 722 768 788 Verbo,
802 721 992 791 inquit,
1018 718 1224 774 Domini
1245 719 1352 774 ειειί
1376 719 1562 787 ﬁrmati
1602 727 1714 772 sunt
1741 716 1918 787 (Psal.

338 819 427 875 5-2.
459 818 539 888 6).
572 816 666 870 Illo
697 815 858 870 verbo
889 823 938 869 te
965 813 1257 877 benedieit,
1310 811 1448 882 quod
1483 819 1622 864 tanta
1653 819 1845 881 potest.

413 906 526 972 Quo
555 923 704 960 sensu
723 906 903 959 caelum
930 906 994 958 sit
1017 905 1107 960 Dei
1131 904 1492 957 habitaculum.
1533 902 1669 956 Deus
1689 918 1918 956 commu-

339 1000 418 1053 nis
456 998 816 1050 universorum.
847 994 1025 1048 —2-I.
1072 993 1264 1049 (Italum
1303 995 1414 1048 ειειὶ
1457 993 1675 1047 Domino
1697 1034 1709 1058 ,
1739 1002 1922 1046 terram

337 1099 506 1142 autem
546 1087 681 1142 dedit
717 1086 837 1154 ﬁliis
866 1086 1144 1139 hominum.
1186 1083 1322 1152 Quid
1362 1084 1736 1138 dicis?ca:lum
1764 1084 1924 1152 elegit

340 1179 442 1234 sibi
487 1176 883 1242 habitaculum,
908 1185 962 1230 et
988 1174 1352 1244 superioribus
1394 1173 1624 1242 acceptis
1664 1173 1920 1243 partibus,

342 1269 497 1324 nobis
521 1283 640 1338 qua:
667 1268 753 1321 hic
789 1275 914 1321 sunt
938 1266 1264 1336 assignavit?
1308 1265 1486 1329 Absit;
1515 1281 1617 1318 non
1641 1264 1714 1318 ita
1741 1263 1919 1329 habet,

335 1360 433 1414 sed
475 1368 560 1414 est
588 1359 759 1413 oratio
785 1372 904 1427 qua:
932 1371 990 1411 se
1013 1356 1241 1410 demittit
1266 1356 1329 1409 ad
1357 1365 1567 1423 captum
1599 1353 1919 1408 auditorum.

340 1451 395 1506 Si
435 1450 577 1505 enim
622 1449 690 1502 ita
729 1447 968 1513 haberet,
1012 1445 1275 1516 quomodo
1311 1455 1476 1500 staret
1517 1445 1680 1509 aliud,
1724 1445 1863 1514 quod
1891 1460 1922 1499 a

345 1541 456 1594 Deo
504 1538 738 1594 dicitur?
784 1535 971 1590 Nonne
1012 1539 1188 1590 cazlum
1229 1546 1273 1590 et
1307 1545 1490 1589 terram
1534 1535 1763 1600 impleo?
1801 1535 1922 1588 dicit

346 1630 596 1684 Dominus
625 1626 865 1698 (Jer.25.
895 1625 1008 1696 ‘25).
1043 1625 1172 1679 Illud
1227 1626 1365 1680 enim
1420 1633 1501 1679 est
1551 1625 1674 1678 huic
1712 1634 1923 1678 contra-

346 1721 508 1782 rium,
559 1718 603 1772 si
632 1717 682 1770 id
713 1717 1075 1786 acceperimus
1105 1724 1258 1783 prout
1289 1715 1588 1778 verborum,
1633 1730 1750 1783 qua:
1771 1729 1830 1768 se
1855 1713 1921 1766 ad

349 1823 563 1862 manum
602 1807 772 1870 oﬂ'ert,
821 1815 975 1860 sonat
1021 1806 1395 1874 pronuntiatio,
1428 1815 1482 1860 et
1533 1821 1637 1859 non
1677 1805 1925 1860 conside-

347 1899 642 1953 raverimus
689 1907 921 1952 mentem
948 1913 1064 1966 qua:
1106 1907 1187 1950 est
1235 1898 1286 1950 in
1330 1896 1407 1951 eis
1451 1897 1743 1951 recondita.
1785 1896 1920 1963 Quid

345 2003 428 2046 est
455 2005 584 2060 ergo
605 1990 744 2060 quod
775 1988 902 2043 dicit
932 2007 943 2041 :
978 1987 1168 2044 Ctelum
1203 1989 1318 2044 ια’ιὶ
1346 1989 1585 2053 Domino,
1616 1999 1798 2042 terram
1829 2006 1923 2042 au-

345 2095 442 2137 tem
485 2083 622 2135 dedit
665 2083 786 2149 ﬁliis
816 2082 1109 2136 hominum?
1148 2081 1283 2137 Usus
1327 2091 1410 2136 est
1435 2084 1673 2137 oratione
1703 2099 1817 2151 quae
1862 2098 1922 2137 se

341 2173 574 2228 demittit
613 2173 677 2226 ad
707 2181 917 2242 captum
945 2172 1242 2226 auditorum
1265 2214 1279 2238 ,
1313 2188 1417 2227 non
1465 2174 1626 2226 Deum
1664 2174 1793 2227 caelo
1837 2174 1921 2226 in-

340 2267 584 2322 eludens.
635 2265 816 2335 Neque
869 2266 1010 2320 enim
1047 2265 1198 2331 illud,
1231 2264 1420 2320 Cwlum
1441 2275 1511 2318 est
1541 2268 1749 2318 thronus
1787 2265 1917 2334 ejus,

341 2369 388 2412 et
433 2369 566 2412 terra
603 2357 872 2411 scabellum
914 2357 1098 2426 pedum
1143 2359 1252 2425 eius
1296 2356 1444 2428 (1εαὶ.
1477 2357 1690 2428 66.1):
1733 2373 1919 2428 quem-

342 2449 628 2505 admodum
673 2464 772 2504 nee
799 2448 947 2515 illud,
996 2448 1184 2503 Caelum
1230 2458 1276 2502 et
1313 2459 1495 2502 terram
1543 2450 1725 2519 impleo
1752 2491 1765 2514 ,
1823 2465 1921 2519 pro

341 2538 457 2609 ejus
483 2539 740 2610 dignitate
783 2539 978 2593 dictum
1011 2549 1128 2594 est:
1171 2541 1262 2595 sed
1291 2541 1462 2610 ipsum
1488 2556 1697 2611 quoque
1724 2552 1805 2596 est
1825 2543 1919 2596 de-

341 2635 528 2688 missio
557 2633 622 2686 ad
649 2643 857 2702 captum
913 2631 1190 2687 auditoris.
1220 2632 1336 2702 Ipse
1379 2634 1520 2689 enim
1550 2636 1726 2689 omnia
1745 2635 1920 2690 conti-

341 2734 452 2790 net,
499 2725 676 2779 omnia
720 2723 854 2787 t‘ert,
888 2740 992 2778 non
1035 2739 1198 2793 egens
1242 2725 1400 2790 loco,
1443 2727 1536 2780 sed
1579 2727 1690 2795 ipse
1741 2728 1920 2782 omnia

342 2819 502 2872 simul
545 2832 736 2888 regens
765 2826 819 2871 et
859 2817 1140 2872 moderans
1172 2835 1184 2870 :
1212 2819 1305 2873 sed
1348 2819 1540 2874 dicitur
1581 2821 1766 2875 caelum
1805 2824 1922 2892 ejus

345 2913 552 2976 domus,
585 2911 722 2981 quod
755 2912 822 2965 sit
851 2912 996 2966 locus
1029 2928 1188 2980 purus
1216 2928 1246 2966 a
1287 2913 1435 2967 vitio.
1462 2916 1919 2981 Quemadmodum

348 3017 476 3073 ergo
523 3004 607 3057 hic
657 3020 762 3057 non
803 3014 882 3058 est
910 3003 1098 3058 cazlum
1131 3005 1278 3059 locus
1325 3005 1392 3059 ab
1433 3021 1498 3060 eo
1538 3007 1811 3062 delectus:
1848 3010 1918 3066 ita

348 3111 444 3149 nec
491 3096 703 3164 quando
729 3096 855 3149 dicit
883 3113 894 3148 :
929 3095 1116 3151 Statuit
1138 3098 1374 3152 terminos
1400 3101 1621 3168 gentium
1644 3104 1918 3157 secundum

341 3203 603 3241 numerum
640 3188 931 3257 angelorum
975 3187 1066 3241 Dei
1090 3187 1266 3256 (Deut.
1313 3189 1401 3244 52.
1433 3192 1487 3260 8)
1512 3233 1526 3256 ,
1580 3194 1694 3260 vel,
1755 3193 1919 3264 Elegit

340 3278 544 3331 domum
567 3276 726 3331 Jucob
758 3277 924 3349 (Psal.
957 3279 1077 3333 154.
1108 3279 1184 3349 4).
1217 3279 1396 3350 Neque
1421 3282 1561 3336 enim
1590 3283 1675 3339 hic
1705 3288 1805 3340 hoc
1831 3288 1919 3341 di-

339 3371 431 3434 cit,
481 3368 696 3424 Judzeos
745 3369 958 3439 quidem
1003 3385 1121 3424 esse
1165 3373 1300 3438 ejus,
1330 3382 1552 3428 caeteros
1592 3386 1767 3432 autem
1815 3378 1916 3433 ho-

339 3463 512 3516 mines
536 3477 641 3516 non
677 3462 880 3525 itidem,
911 3462 1005 3517 sed
1033 3478 1152 3518 esse
1179 3465 1296 3532 ejus
1322 3465 1653 3534 providentia
1683 3480 1736 3524 et
1765 3471 1918 3540 opili-

337 3557 421 3608 cio
467 3555 693 3608 nudatos
738 3563 790 3608 et
833 3556 1084 3624 privatos.
1131 3555 1227 3610 Est
1269 3559 1409 3612 enim
1453 3564 1748 3617 communis
1795 3567 1917 3620 uni-

340 3661 619 3701 versurum
643 3647 783 3701 Deus
809 3663 820 3699 :
857 3646 954 3700 hac
983 3657 1161 3702 autem
1196 3650 1435 3708 oratione
1464 3668 1588 3707 usus
1618 3664 1698 3709 est
1730 3667 1912 3711 osten-

337 3737 471 3794 dens
517 3754 672 3793 suum
705 3739 754 3792 in
786 3754 878 3793 eos
908 3754 1164 3805 amorem,
1194 3743 1617 3813 quandoquidem
1659 3749 1913 3804 videban-

338 3839 424 3884 tur
451 3828 948 3899 quomodocumque
986 3831 1102 3885 aliis
1141 3846 1260 3887 esse
1287 3835 1556 3890 meliores.
1595 3838 1744 3906 Quod
1769 3843 1910 3896 enim

336 3939 442 3977 non
490 3937 584 3977 eos
627 3923 771 3977 solos
800 3923 1059 3993 elegerit,
1091 3924 1182 3977 sed
1233 3926 1468 3979 omnium
1508 3943 1690 3983 curam
1738 3943 1908 4001 gerat,

333 4015 696 4070 ostenduntet
720 4030 837 4083 qua:
864 4026 988 4069 ante
1016 4015 1214 4070 Mosem
1236 4015 1369 4071 facta
1397 4028 1522 4074 sunt
1555 4041 1567 4074 :
1601 4037 1706 4076 non
1737 4027 1912 4080 minus

333 4116 511 4160 autem
540 4105 826 4158 ostendunt
853 4114 906 4160 et
929 4121 1046 4175 quae
1072 4105 1186 4175 ejus
1209 4116 1445 4177 tempore
1473 4111 1686 4178 ﬁebant,
1715 4123 1768 4168 et
1793 4131 1910 4183 qua:

333 4208 454 4267 post
473 4213 593 4252 eum
619 4198 751 4252 liunt
781 4198 830 4252 in
854 4199 1090 4267 singulis.
1117 4198 1294 4256 Solem
1312 4202 1474 4266 enim,
1501 4213 1715 4274 terram,
1741 4225 1906 4275 mare,

329 4289 431 4344 alia
460 4289 640 4344 omnia
670 4287 814 4343 dedit
843 4289 1087 4343 omnibus
1111 4293 1484 4362 communiter,
1515 4295 1789 4368 legemque
1812 4318 1908 4355 na-

327 4393 462 4436 tnrze
490 4381 738 4434 omnibus
764 4380 1004 4434 inseruit.
1036 4382 1411 4450 Abrahamum,
1437 4401 1555 4441 cum
1577 4400 1718 4443 esset
1747 4390 1907 4446 Persa

325 4473 427 4542 (a),
447 4479 504 4526 et
531 4472 747 4535 amavit,
775 4479 828 4525 et
851 4485 881 4524 a
907 4486 1002 4525 sua
1029 4474 1240 4543 regione
1271 4475 1500 4532 traduxit
1528 4477 1678 4549 (Gen.
1709 4482 1792 4535 12.
1831 4485 1902 4554 1);

323 4579 449 4618 nam
483 4569 537 4616 et
565 4560 864 4630 Egyptios,
899 4571 952 4616 et
979 4578 1071 4618 eos
1100 4566 1188 4634 qui
1213 4567 1517 4624 habitabant
1546 4572 1596 4625 in
1630 4572 1902 4641 Chanaan,

319 4665 378 4710 et
412 4654 602 4708 Persas
627 4668 724 4722 per
767 4653 936 4722 ipsum
968 4657 1233 4721 correxit;
1267 4666 1321 4712 et
1349 4675 1536 4715 rursus
1564 4679 1658 4731 per
1698 4664 1812 4734 ejus
1841 4667 1904 4720 li-

321 4745 453 4798 lium
508 4751 562 4797 et
593 4751 839 4810 nepotem
869 4743 1061 4798 mullos
1108 4760 1171 4801 ex
1219 4747 1405 4803 vicinis
1451 4753 1699 4808 meliores
1728 4757 1905 4812 reddi-

319 4839 420 4904 dit,
453 4835 596 4907 quod
624 4835 836 4906 quidem
877 4838 942 4892 ad
971 4853 1090 4892 eum
1132 4841 1360 4896 attinuit.
1390 4843 1490 4899 Ubi
1516 4854 1690 4901 autem
1727 4849 1902 4908 Moses

319 4945 536 5000 quoque
558 4938 714 4982 natus
753 4937 856 4996 est,
885 4939 1006 4999 post
1047 4931 1163 4986 haec
1206 4949 1300 5002 per
1328 4949 1389 4989 ea
1436 4952 1554 5005 qua:
1576 4938 1772 4995 Judaeis
1807 4943 1904 4998 lie-

321 5023 468 5088 baut,
500 5020 729 5075 ducebat
766 5020 1042 5091 Aigyptios
1073 5024 1139 5078 ad
1187 5025 1279 5080 Dei
1319 5029 1695 5098 cognitionem,
1724 5043 1775 5088 et
1807 5051 1900 5092 eos

320 5114 408 5182 qui
438 5119 592 5166 erant
634 5112 684 5164 in
716 5112 988 5168 Palmstina
1010 5157 1025 5182 ,
1069 5125 1122 5170 et
1171 5129 1288 5186 post
1330 5118 1446 5174 lnec
1474 5137 1663 5178 rursus
1688 5141 1780 5180 eos
1809 5129 1899 5195 qui

319 5222 471 5267 erant
505 5214 556 5267 in
588 5213 884 5286 Babylone.
933 5216 1006 5270 Ita
1032 5218 1191 5272 etiam
1241 5220 1452 5288 quando
1495 5222 1657 5289 dicit,
1707 5224 1896 5280 thlum

318 5302 426 5356 celi
455 5302 696 5371 Domino,
724 5305 984 5375 signiﬁcat
1009 5323 1066 5362 se
1090 5319 1367 5378 propterea
1388 5313 1436 5366 in
1461 5313 1565 5368 illis
1591 5317 1893 5385 requiesce-

319 5407 394 5459 re,
423 5395 544 5464 quia
568 5405 692 5450 sunt
717 5397 784 5451 ab
813 5399 954 5451 omni
989 5399 1114 5453 vitio
1135 5400 1306 5454 Iibert.
1335 5403 1636 5468 Quinetiam
1683 5416 1733 5459 tu
1756 5424 1891 5478 quo-

319 5497 419 5548 que
467 5485 512 5537 si
543 5499 648 5538 non
683 5494 838 5540 terrae
881 5487 1070 5542 afﬁxus
1114 5491 1273 5545 lueris
1302 5493 1354 5558 ί,
1384 5494 1475 5548 sed
1526 5497 1744 5564 angelus
1778 5498 1903 5552 elli-'

380 5597 396 5666 ξ
431 5602 547 5658 Heg.
578 5597 731 5666 :Mouin
753 5599 912 5660 etaim,
939 5606 990 5650 tu
1011 5615 1211 5666 quoque,
1242 5605 1286 5653 si
1313 5619 1406 5657 non
1445 5606 1582 5658 homo
1604 5611 1890 5663 remanseris

317 5660 362 5702 et
381 5656 526 5720 terra}
546 5656 738 5720 ullius,
775 5669 871 5710 etc.

379 5717 450 5794 tu)
484 5717 820 5794 μοιριίᾱίξιίιιιιιξ
832 5722 1001 5793 solere
1019 5725 1401 5794 Cbrysostomum
1413 5730 1654 5794 Chaldaeos
1670 5742 1720 5782 et
1743 5736 1888 5794 Baby-

318 5773 467 5888 glmtﬁs
486 5780 893 5832 indiscriminatim
940 5773 1128 5836 vocare.

363 5852 402 5886 ta
456 5853 526 5888 aea
551 5853 766 5888 venerat.

363 5852 526 5889 ιειιαίειι
551 5853 766 5895 venerat.

1439 412 1796 470 EXPOSITIO
1836 411 1899 466 IN
1939 409 2260 466 PSALMUM
2297 409 2480 465 CXIII.

3505 419 3604 474 514

2035 534 2211 594 ciaris,
2231 535 2535 589 eeleriterin
2554 547 2737 589 caelum
2757 547 2806 590 et
2822 536 3038 590 domum
3055 546 3325 607 paternam
3347 553 3609 594 conscen-

2031 625 2124 679 des
2149 641 2160 676 :
2185 640 2247 680 ac
2259 625 2341 680 vel
2354 635 2475 680 ante
2493 629 2934 683 resurrectionem
2951 646 3014 684 ex
3045 629 3142 682 hoc
3157 630 3262 698 jam
3283 628 3401 684 loco
3417 631 3610 698 migra-

2030 727 2073 770 δι
2084 717 2094 768 i
2105 759 2119 782 ,
2137 730 2298 786 esque
2311 720 2624 772 auctoritate
2638 727 2691 772 et
2706 719 2960 789 dignitate
2977 719 3613 789 przeditus.Quemadmo-

2029 807 2154 862 dum
2183 808 2322 862 enim
2353 809 2503 863 multi
2534 825 2720 864 eorum
2751 812 2837 880 qui
2866 819 2985 864 sunt
3019 812 3069 863 in
3115 825 3394 864 numerum
3434 810 3609 876 magni

2029 908 2244 954 senatus
2263 901 2435 967 relati,
2462 901 2560 956 etsi
2594 903 2702 956 ruri
2729 902 2986 968 habitent,
3013 903 3206 956 habent
3235 911 3411 957 tamen
3434 902 3608 970 digni-

2031 999 2190 1045 tatem
2221 1009 2234 1044 :
2259 992 2329 1045 ita
2371 993 2414 1046 si
2462 1000 2520 1046 tu
2546 1007 2756 1062 quoque
2785 993 3017 1047 volueris
3046 1007 3165 1046 esse
3197 991 3326 1046 civis
3354 992 3607 1052 carlestis,

2029 1082 2233 1136 etiamsi
2263 1081 2350 1136 hic
2397 1082 2634 1146 habites,
2688 1083 2773 1135 illa
2819 1081 3076 1152 dignitate
3127 1082 3321 1136 fruere.
3355 1083 3444 1136 9.5.
3490 1080 3609 1135 Non

2029 1173 2213 1227 mortui
2235 1172 2513 1229 laudabunt
2534 1183 2600 1240 te,
2631 1173 2870 1240 Domine,
2898 1192 3052 1245 neque
3072 1191 3240 1228 omnes
3281 1175 3365 1243 qui
3407 1172 3610 1227 descen-

2029 1267 2154 1319 dunt
2183 1267 2234 1319 in
2259 1267 2537 1335 infernum.

2101 1357 2245 1411 Mors
2262 1358 2392 1428 justi
2418 1374 2640 1413 somnus.
2677 1391 2747 1399 —
2781 1359 2869 1414 96.
2902 1360 3007 1414 Sed
3036 1377 3124 1412 nos
3150 1359 3235 1430 qui
3274 1359 3501 1422 vivimus,
3531 1357 3608 1409 be-

2028 1446 2312 1500 nedicemus
2340 1446 2558 1502 Domino
2583 1465 2645 1503 ea:
2677 1450 2770 1503 hoc
2800 1467 2932 1502 nunc
2975 1459 3020 1502 et
3046 1465 3198 1515 usque
3241 1450 3292 1502 in
3340 1449 3598 1502 stcculum.

2027 1537 2266 1593 Mortuos
2290 1536 2418 1592 dicit
2447 1554 2551 1592 non
2580 1554 2694 1604 eos,
2749 1540 2838 1609 qui
2867 1541 2970 1594 vita
3002 1539 3163 1594 I'uncti
3191 1547 3352 1604 sunt,
3377 1537 3468 1591 sed
3493 1540 3607 1601 eos,

2026 1629 2114 1698 qui
2148 1629 2339 1682 mortui
2379 1638 2502 1682 sunt
2529 1630 2580 1682 in
2612 1629 2988 1698 impietatibus,
3018 1630 3098 1683 vel
3126 1645 3238 1693 eos,
3286 1629 3372 1698 qui
3403 1628 3452 1680 in
3483 1641 3608 1695 pec~

2027 1719 2160 1774 catis
2189 1719 2298 1773 suis
2328 1731 2687 1776 marcueruut.
2715 1721 2880 1774 Erant
2909 1723 3050 1774 enim
3095 1720 3287 1775 mortui
3316 1718 3605 1782 Abraham,

2027 1811 2172 1864 Isaae
2192 1818 2244 1864 et
2263 1809 2460 1866 Iacob:
2488 1811 2555 1864 ita
2581 1822 2756 1865 tamen
2787 1812 3053 1875 vivebant,
3085 1821 3139 1865 ut
3168 1811 3375 1864 illorum
3408 1823 3609 1862 tuetno-

2026 1900 2158 1954 riam
2191 1900 2285 1965 illi,
2316 1901 2404 1970 qui
2461 1902 2565 1955 vivi
2611 1910 2783 1966 erant,
2836 1911 3167 1971 peragerent.
3220 1900 3392 1955 Moses
3432 1901 3609 1968 itaque

2026 2007 2182 2045 orans
2214 2007 2309 2061 pro
2339 1992 2534 2062 populo
2563 2008 2718 2061 quem
2749 1993 2988 2062 regebat,
3033 2007 3128 2062 per
3153 2007 3248 2047 eos
3287 1992 3448 2046 Deum
3499 1992 3608 2057 Ila-

2025 2091 2130 2147 eat,
2154 2098 2274 2136 cum
2299 2097 2392 2138 eos
2421 2082 2754 2138 adhibuisset
2782 2084 2834 2137 in
2863 2083 3107 2153 precibus
3137 2082 3326 2155 (Exod.
3361 2082 3447 2137 52.
3496 2081 3604 2151 I5).

2027 2173 2160 2228 Tres
2185 2188 2394 2243 quoque
2410 2174 2560 2243 pueri
2587 2182 2776 2242 rogant
2803 2184 2858 2228 ut
2875 2182 3090 2243 propter
3115 2189 3208 2228 eos
3234 2184 3531 2236 serventur,
3557 2182 3609 2224 et

2027 2263 2147 2319 ideo
2172 2263 2390 2317 dicunt:
2428 2263 2507 2316 Ne
2548 2266 2750 2334 auferas
2792 2264 3191 2318 misericordiam
3217 2273 3402 2316 tuama
3445 2265 3604 2325 nobis,

2027 2363 2230 2425 prapter
2250 2353 2503 2407 Abraham
2523 2356 2759 2408 dilectum
2782 2365 2940 2419 tuum,
2961 2367 3007 2408 rt
3023 2365 3226 2425 promer
3245 2353 3394 2408 Isaac
3415 2372 3607 2408 servum

2027 2457 2189 2512 tuum,
2216 2456 2261 2499 et
2293 2444 2458 2499 Israel
2475 2456 2704 2500 sanctum
2733 2459 2872 2499 tuum
2904 2446 3060 2517 (Dan.
3107 2448 3158 2501 5.
3182 2449 3296 2517 55).
3330 2448 3383 2500 Si
3429 2457 3604 2501 autem

2028 2546 2171 2593 tanta
2201 2547 2316 2593 erat
2356 2554 2541 2593 eorum
2588 2541 2844 2608 potentia,
2885 2541 3151 2610 quomodo
3190 2552 3341 2596 erant
3366 2544 3606 2596 mortui?

2026 2629 2094 2683 Et
2122 2645 2308 2685 rursus
2355 2630 2642 2685 Christus:
2689 2630 2815 2686 Sine
2865 2644 3087 2686 mortuos
3130 2634 3338 2703 sepelire
3384 2643 3606 2687 mortuos

2025 2720 2372 2789 suos(Matth.
2400 2723 2453 2776 8.
2476 2720 2590 2792 ‘22).
2617 2722 2681 2775 Et
2710 2722 2830 2776 ideo
2862 2722 3058 2777 Paulus
3083 2738 3176 2778 eos
3198 2724 3285 2793 qui
3308 2734 3430 2778 sunt
3457 2739 3602 2778 mor-

2026 2813 2122 2880 tui,
2150 2828 2254 2867 non
2284 2827 2439 2868 vocat
2467 2823 2727 2880 mortuos,
2761 2815 2852 2870 sed
2880 2831 2972 2870 eos
2998 2817 3086 2886 qui
3107 2817 3455 2880 dormierunt,
3477 2823 3603 2875 scri—

2024 2904 2157 2959 bens
2197 2923 2209 2958 :
2245 2903 2383 2960 Nolo
2428 2916 2594 2959 autem
2631 2923 2718 2959 eos
2760 2908 3023 2977 ignorare,
3056 2911 3270 2979 fratres,
3312 2911 3374 2962 de
3419 2912 3480 2964 iis
3523 2913 3605 2979 qui

2024 2995 2334 3050 dormierunt
2361 2998 2436 3067 (1.
2468 2997 2640 3052 Thess.
2665 2999 2720 3051 4.
2754 2998 2868 3071 12).
2900 2999 3082 3055 Justus
3108 3002 3246 3055 enim
3275 3003 3373 3056 etsi
3393 3003 3602 3067 obierit,

2024 3101 2129 3140 non
2181 3097 2420 3141 mortuus
2445 3098 2545 3154 est,
2576 3089 2669 3143 sed
2699 3088 2916 3143 dormit.
2968 3091 3175 3144 Dormit
3204 3092 3366 3159 enim,
3417 3095 3508 3163 qui
3539 3094 3602 3147 ad

2023 3178 2298 3233 meliorem
2351 3179 2513 3233 vitam
2543 3188 2626 3234 est
2659 3181 3116 3237 transmittendus.
3169 3183 3266 3250 Qui
3311 3194 3487 3240 autem
3537 3186 3601 3241 ad

2022 3271 2375 3327 immortalem
2427 3282 2653 3329 mortem
2699 3284 2779 3329 est
2821 3275 3188 3340 abducendus,
3246 3277 3404 3330 etiam
3455 3278 3600 3332 vivus

2021 3364 2182 3418 vitam
2205 3365 2391 3429 Iinivit,
2417 3374 2472 3420 et
2493 3375 2576 3420 est
2600 3374 2859 3421 mortuus.
2892 3367 2970 3420 Illi
2994 3367 3326 3424 descendunt
3351 3368 3414 3423 ad
3467 3370 3598 3424 infe-

2021 3474 2112 3513 ros
2144 3475 2157 3512 :
2190 3459 2243 3512 hi
2269 3459 2321 3512 in
2369 3459 2554 3514 caelum
2600 3459 2908 3524 ascendent,
2957 3469 3010 3513 et
3039 3471 3194 3515 erunt
3219 3475 3340 3516 cum
3369 3461 3597 3518 Christo.

2022 3551 2088 3605 Et
2114 3550 2234 3606 ideo
2262 3552 2518 3621 propheta
2547 3570 2650 3607 non
2679 3553 2814 3608 dixit
2833 3555 3093 3618 absolute,
3133 3555 3232 3623 Qui
3261 3558 3460 3620 vivunt,
3509 3557 3600 3612 sed

2020 3642 2238 3711 adjecit,
2271 3642 2401 3706 Nos,
2428 3644 2528 3698 hoc
2552 3644 2620 3699 de
2646 3659 2704 3699 se
2728 3645 2931 3699 dicens.
2977 3645 3043 3700 Et
3087 3662 3250 3716 quare
3297 3664 3399 3702 non
3447 3648 3598 3712 dixit,

2018 3735 2117 3802 Qui
2142 3737 2342 3799 vivunt,
2367 3736 2460 3790 sed
2487 3737 2701 3805 adjecit,
2734 3737 2878 3791 Nos?
2899 3738 3155 3804 Quoaiam
3178 3739 3369 3793 Paulus
3393 3756 3601 3810 quoque

2017 3829 2094 3882 sic
2115 3827 2246 3882 dixit
2268 3846 2280 3881 :
2313 3827 2424 3881 Nos
2448 3831 2531 3898 qui
2557 3830 2782 3894 vivimus,
2814 3831 2899 3899 qui
2924 3831 3103 3896 reliqui
3129 3847 3322 3896 sumus,
3349 3849 3446 3884 non
3470 3849 3598 3901 prce-

2017 3921 2266 3972 veniemus
2287 3921 2339 3972 in
2360 3920 2623 3972 adventum
2648 3921 2853 3974 Domini
2891 3921 2969 3992 (1.
2997 3923 3172 3978 Thess.
3195 3923 3367 3995 4J6).
3398 3923 3596 3989 Quem-

2016 4009 2300 4063 admodum
2349 4011 2455 4064 illic
2505 4011 2634 4065 illud
2661 4054 2674 4076 ,
2707 4010 2836 4076 Nos,
2865 4014 3005 4082 quod
3034 4013 3298 4084 adjectum
3341 4023 3444 4080 est,
3491 4031 3596 4070 non

2015 4101 2141 4155 sinit
2167 4101 2216 4155 id
2239 4102 2380 4170 quod
2412 4101 2611 4156 dictum
2634 4112 2716 4157 est
2738 4104 2842 4158 dici
2869 4104 2933 4158 dc
2959 4105 3226 4166 omnibus,
3255 4105 3347 4160 sed
3373 4107 3440 4161 de
3465 4107 3596 4161 lide-

2017 4192 2172 4256 Iibus,
2205 4203 2255 4247 et
2285 4194 2346 4247 iis
2378 4195 2467 4263 qui
2496 4203 2620 4248 sunt
2648 4194 2768 4248 vita:
2789 4196 3044 4250 institutis
3062 4197 3291 4264 similes,
3320 4198 3388 4252 ita
3435 4201 3594 4253 etiam

2015 4280 2104 4336 hic
2126 4282 2276 4348 illud,
2305 4282 2414 4336 Nos
2439 4284 2525 4355 qui
2552 4285 2777 4350 vivimus,
2803 4284 2932 4339 dicit
2956 4300 3070 4350 eos,
3090 4286 3178 4354 qui
3197 4286 3414 4356 perinde
3439 4297 3596 4359 atque

2015 4373 2178 4428 David
2203 4375 2254 4428 in
2279 4376 2470 4429 virtute
2496 4375 2657 4430 vitam
2683 4389 2864 4447 agunt.
2910 4379 2992 4433 Ex
3017 4379 3108 4433 hoc
3135 4398 3267 4434 nunc
3294 4392 3339 4436 et
3362 4400 3518 4452 usque
3542 4385 3595 4438 in

2012 4468 2276 4522 steculum.
2322 4467 2482 4523 Vides
2505 4470 2664 4523 etiam
2696 4469 2796 4526 hoc
2827 4472 2967 4541 quod
2993 4473 3286 4542 subjunxit,
3312 4476 3363 4530 id
3390 4474 3594 4546 signiti-

2011 4558 2174 4614 care?
2221 4559 2532 4626 Quidnam?
2580 4559 2631 4614 Id
2657 4560 2759 4615 dici
2782 4562 2849 4616 de
2899 4565 2961 4616 iis
2986 4565 3075 4632 qui
3119 4566 3282 4620 vitam
3315 4566 3366 4622 in
3397 4574 3592 4623 virtute

2013 4653 2328 4722 transigunt.
2356 4651 2525 4707 Nemo
2552 4654 2692 4707 enim
2723 4653 2809 4709 hic
2853 4656 2978 4711 vivit
3024 4659 3075 4710 in
3105 4660 3380 4726 smeulum,
3412 4659 3509 4716 sed
3555 4661 3592 4715 ii

2010 4742 2108 4798 soli
2131 4745 2221 4813 qui
2247 4747 2683 4813 perpetuo'vitam
2707 4755 2870 4816 agunt
2893 4763 3011 4802 cum
3034 4750 3221 4820 gloria.
3247 4751 3378 4808 Nam
3409 4768 3591 4822 pecea-

2012 4841 2154 4887 tores
2175 4849 2384 4903 quoque
2408 4836 2625 4902 vivunt;
2656 4838 2749 4892 sed
2779 4837 2831 4891 in
2859 4853 3035 4907 pmna,
3071 4841 3353 4910 supplicio,
3383 4853 3435 4898 et
3462 4846 3587 4898 stri-

2008 4925 2139 4980 dore
2164 4925 2402 4980 dentium
2434 4946 2446 4982 :
2478 4927 2531 4981 bi
2573 4937 2749 4985 autem
2804 4931 2857 4984 in
2903 4933 3146 4988 claritate
3180 4945 3236 4989 et
3277 4936 3584 5004 splendore,

2009 5026 2196 5086 utpote
2222 5035 2443 5088 quorum
2486 5021 2555 5074 sit
2601 5038 2792 5077 munus
2839 5039 2942 5078 una
2969 5039 3087 5079 cum
3128 5027 3453 5095 incorporeis
3499 5047 3585 5100 po-

2006 5111 2283 5165 testatibus
2309 5110 2504 5166 offerre
2533 5113 2641 5166 Deo
2670 5112 2895 5184 hymnos
2943 5116 3214 5185 mysticus.
3242 5116 3309 5171 Ut
3333 5132 3460 5186 ergo
3489 5136 3586 5175 nos

2003 5215 2212 5270 quoque
2237 5201 2474 5258 fruamur
2497 5203 2598 5257 hoc
2635 5205 2826 5273 gaudio
2854 5205 2892 5270 ί,
2941 5204 3076 5260 hanc
3120 5205 3280 5260 vitam
3309 5222 3584 5280 persequa.

2005 5308 2143 5356 mur,
2170 5301 2228 5346 ut
2247 5292 2313 5346 ad
2343 5293 2484 5347 illam
2512 5308 2724 5362 quoque
2747 5295 2869 5348 vitae
2898 5294 3258 5350 conditionem
3283 5299 3578 5362 veniamus.

2003 5395 2161 5450 quam
2189 5396 2287 5434 nec
2313 5395 2491 5436 sermo
2511 5383 2802 5451 explicare,
2826 5398 2996 5452 neque
3021 5399 3174 5438 mens
3199 5388 3450 5457 cogitare,
3485 5408 3582 5446 nec

2073 5485 2664 5567 :Beg-zvltggfeslo
2686 5493 2869 5555 ἑορτῆς)
2888 5509 2911 5563 _:
2934 5508 3044 5556 qua;
3075 5497 3228 5567 lectio
3252 5513 3347 5567 non
3395 5502 3583 5567 impr”-

2007 5545 2161 5620 panda
2205 5547 2417 5620 videtur:
2454 5545 2931 5620 _I_lIam_'qu_oque'_'_in
2953 5545 3222 5620 Tmargine'

2007 5607 2299 5677 Humi-certe
2327 5607 2673 5668 indeligendof
2701 5607 2818 5662 Nam
2844 5613 2982 5677 illud,
3013 5617 3064 5668 hi
3081 5607 3257 5671 (nutent
3279 5607 3582 5677 ’ἑιῖἔιάῖὲίιὶἰιὲ

2006 5668 2554 5748 ἐξὲνέεῖειέρῖεεμφρῳ
2592 5687 2795 5748 quorum
2813 5675 2881 5748 ,δίε
2909 5668 3081 5730 "Ws
3113 5668 3337 5748 ιιιὲᾶἰιιὲὶὶ
3360 5668 3580 5748 ἶιὶὲὸέοἲῶῖ

2008 5732 2106 5810 riis
2127 5733 2380 5810 potestatil
2394 5732 2452 5781 us
2466 5732 2652 5810 ro/feri'e
2672 5739 2772 5786 lico
2805 5737 3007 5810 hymnos
3029 5732 3418 5810 mysticosrq—uid‘
3438 5732 3578 5799 bis};

2006 5791 2246 5868 vult,
2270 5807 2418 5868 quam
2458 5791 2802 5868 S'J'l-It'lOSVCnm
2839 5791 3037 5868 angelis
3079 5791 3578 5868 555121113"iit-{iiiis}

2007 5857 2240 5912 mysticus
2267 5857 2370 5908 Deo
2406 5871 2603 5920 canere,
2640 5867 2786 5923 atque
2817 5857 2943 5914 adeo
2974 5857 3152 5917 festum
3177 5857 3377 5933 lugere?
3404 5861 3416 5871 ”
