4114 6278
445 383 541 448 Mli

436 495 722 570 quidquam
749 494 892 553 aliud
920 504 1096 567 potest
1121 496 1376 562 indicare,
1424 493 1520 551 sed
1547 496 1660 567 ipsa
1702 495 1817 551 sola
1857 511 2012 566 expc-

434 590 625 648 ricntia
652 586 886 642 ostendit
910 587 1026 656 ejus
1051 586 1433 650 beatitudinem
1458 603 1472 639 :
1496 598 1654 657 quam
1676 585 1835 642 detur
1862 586 2017 643 nobis

436 678 684 735 Omnibus
727 677 939 746 assequi
965 677 1132 746 gratia
1174 685 1229 739 et
1269 676 1551 731 clementia
1598 676 1809 731 Domini
1848 678 2015 731 nostri

438 771 567 829 Jesu
593 771 812 837 Christi,
851 772 935 826 cui
985 771 1155 841 gloria
1181 780 1234 825 et
1259 773 1516 841 potentia,
1547 787 1689 827 nunc
1708 780 1762 827 et
1782 786 2016 841 semper,

436 875 493 920 et
516 866 568 920 in
593 865 784 921 sarcula
808 863 1144 919 saeculorum.
1172 866 1363 919 Amen.

896 974 961 1031 IN
1001 974 1321 1029 PSALMUM
1359 974 1543 1030 CXIV.

607 1088 660 1144 1.
687 1087 875 1155 Dilexi,
905 1088 1139 1159 quoniam
1169 1088 1399 1142 exaudiet
1418 1087 1667 1143 Dominus
1692 1097 1859 1143 vocem

1034 1181 1278 1235 orationis
1306 1192 1451 1233 meae.

514 1293 566 1346 1.
589 1291 716 1357 Qua:
733 1292 1105 1347 veresintnobis
1126 1288 1632 1347 conducibilia.—Et
1649 1292 1891 1363 quisnam
1917 1302 2018 1356 est,

437 1385 760 1458 lnquics,qui
776 1387 903 1441 dum
922 1386 1232 1451 exauditur,
1246 1400 1350 1440 non
1364 1384 1565 1455 diligit?
1577 1383 1722 1438 Multi
1739 1385 2022 1440 saeculares

441 1474 702 1535 homines.
733 1479 929 1535 Nolunt
961 1479 1103 1532 enim
1127 1477 1313 1533 audire
1337 1492 1402 1532 ea
1430 1492 1550 1548 qua:
1576 1470 1683 1532 illis
1705 1469 2015 1537 conferunt,

440 1571 538 1627 sed
574 1579 763 1642 rogant
782 1571 997 1641 quidem
1025 1581 1085 1624 ut
1111 1585 1174 1626 ea
1201 1570 1467 1636 eveniant,
1494 1582 1613 1639 qua:
1635 1583 1743 1623 non
1772 1575 1897 1622 sunt
1921 1567 2022 1623 sibi

438 1663 791 1719 conducibilia
812 1675 827 1718 :
843 1661 1038 1719 deinde
1050 1662 1137 1717 ubi
1154 1661 1451 1725 evenerint,
1468 1668 1732 1731 anguntur
1746 1668 1800 1714 et
1814 1660 2023 1715 tristitia

441 1755 760 1809 afticiuntur.
781 1755 855 1808 Ea
882 1755 1025 1808 enim
1052 1762 1175 1808 sunt
1200 1752 1573 1818 conducibilia,
1604 1767 1726 1822 qua:
1758 1752 1899 1809 Deus
1925 1754 2026 1810 scit

441 1844 594 1899 nobis
609 1844 931 1910 conducere,
947 1844 1059 1899 sive
1071 1843 1267 1899 dixeris
1285 1853 1667 1914 paupertatem,
1683 1844 1793 1900 sive
1812 1845 2020 1914 famem,

442 1937 556 1999 sive
580 1937 844 2001 morbum,
874 1936 987 1991 sive
1013 1936 1383 2007 quodcumque
1403 1936 1543 1992 aliud
1587 1936 1867 2008 ejusmodi.
1897 1938 2027 2007 Quae

443 2037 621 2081 autent
656 2027 796 2081 Deus
823 2034 879 2081 ut
903 2027 1255 2083 conducibilia
1284 2026 1588 2096 probaverit
1630 2038 1684 2083 et
1709 2028 1934 2096 dederit,
1964 2045 2027 2085 ea

444 2131 570 2174 sunt
617 2120 785 2174 utilia.
829 2120 965 2175 Audi
1013 2121 1152 2174 enim
1204 2120 1328 2189 quid
1356 2119 1494 2175 dicat
1523 2120 1687 2177 Paulo
1717 2122 1775 2178 ‘.:
1833 2121 2028 2193 Suﬂicil

445 2212 533 2265 tibi
557 2211 720 2282 gratia
746 2227 855 2265 mea
878 2227 896 2266 :
922 2214 1079 2266 virtus
1098 2212 1231 2265 enim
1251 2228 1361 2266 mea
1389 2212 1440 2265 in
1465 2212 1756 2281 inﬁrmitate
1771 2214 2029 2283 perﬁcitur

443 2302 952 2375 (2.Cor.l2.9).lizec
963 2303 1104 2358 enim
1122 2303 1169 2358 ei
1187 2302 1553 2372 conferebant,
1566 2305 2024 2375 persequutiones,

443 2392 758 2448 afﬂictiones
782 2436 797 2461 ,
827 2403 880 2449 et
907 2393 1182 2464 angustiae.
1229 2394 1329 2460 Qui
1369 2394 1530 2450 etiam
1570 2410 1690 2450 eum
1738 2396 2030 2452 audivisset

449 2500 512 2541 ea
536 2484 807 2549 conferre,
830 2486 1041 2539 dicebat
1064 2502 1077 2537 :
1113 2485 1431 2556 Quapropter
1452 2486 1623 2555 placeo
1647 2487 1771 2539 mihi
1796 2487 1848 2540 in
1878 2487 2028 2556 inﬁr-

448 2576 722 2641 mitatibus,
752 2576 806 2629 in
834 2575 1149 2629 contumeliis
1169 2617 1184 2643 ,
1213 2576 1267 2629 in
1293 2577 1754 2646 persequutionibus
1778 2575 1946 2648 (Ibid.
1977 2595 2026 2634 v.

448 2665 562 2736 10).
590 2665 705 2721 Non
732 2674 813 2720 est
836 2681 963 2737 ergo
992 2666 1350 2737 quorumlibet
1376 2668 1628 2737 gaudere,
1652 2669 1864 2738 quando
1893 2669 2030 2726 Deus

449 2772 544 2814 cos
568 2757 885 2824 exaudierit,
911 2759 1154 2827 praebens
1180 2774 1299 2829 qua:
1325 2768 1447 2813 sunt
1471 2759 1850 2815 conducibilia.
1880 2761 2031 2816 Multi

447 2848 662 2919 quidem
691 2860 838 2904 certe
863 2849 1050 2903 volunt
1073 2863 1134 2904 ea
1156 2864 1273 2920 quae
1297 2858 1422 2904 sunt
1444 2850 1671 2915 inutilia,
1700 2859 1755 2905 et
1779 2852 1856 2904 eis
1883 2851 2030 2907 dele-

449 2950 696 2996 ctantur:
729 2941 987 3012 propheta
1018 2950 1195 2996 autem
1226 2957 1331 2996 non
1360 2942 1458 3005 sic,
1506 2942 1600 2997 sed
1628 2943 1790 3013 quid?
1817 2944 2028 3012 Dilexit,

451 3033 704 3102 quoniam
750 3031 1021 3087 exaudivit
1045 3047 1167 3086 eum
1199 3031 1363 3099 Deus,
1390 3032 1525 3087 dans
1544 3048 1664 3102 qua:
1700 3042 1825 3088 sunt
1858 3033 2030 3089 utilia;

450 3123 506 3176 2.
541 3122 673 3191 Quia
719 3123 976 3176 inclinavit
1004 3138 1176 3176 aurem
1204 3138 1350 3176 suam
1376 3123 1519 3176 mihi.
1560 3122 1816 3178 Humanis
1848 3139 2033 3179 rursus

450 3199 635 3267 verbis
653 3212 744 3267 Dei
789 3220 972 3267 nutum
1002 3212 1253 3267 ostendit.
1280 3211 1348 3267 Et
1384 3212 1526 3268 aliud
1562 3229 1771 3285 quoque
1797 3229 1892 3284 per
1933 3214 2035 3271 hoc

452 3303 611 3357 etiam
636 3303 860 3358 verbum
904 3303 1130 3360 obscure
1162 3304 1451 3374 signiﬁcat,
1505 3304 1732 3360 dicens‘:
1760 3306 1875 3361 Non
1917 3322 2035 3362 sum

454 3392 645 3463 dignus
670 3393 761 3462 qni
799 3393 1077 3460 exaudiar,
1110 3394 1222 3463 ipse
1273 3404 1448 3449 tamen
1492 3394 1770 3451 descendit
1815 3397 1882 3451 ad
1927 3414 2032 3453 me.

456 3480 527 3537 Et
555 3483 607 3536 in
636 3482 809 3536 diebus
830 3484 953 3537 meis
979 3484 1235 3538 invocabo.
1269 3484 1404 3553 Quid
1447 3495 1549 3552 est,
1574 3485 1639 3540 In
1687 3487 1860 3543 diebus
1880 3490 2038 3543 meis?

457 3573 573 3629 Non
611 3574 883 3644 quoniam,
930 3575 1117 3643 inquit,
1162 3577 1443 3631 exauditus
1491 3593 1631 3646 sum,
1677 3581 1946 3648 resiliam,
1984 3589 2039 3636 et

462 3667 684 3723 evadam
724 3667 1075 3738 negligentior
1101 3686 1116 3722 :
1142 3668 1237 3724 sed
1270 3669 1516 3726 omnibus
1541 3670 1729 3728 diebus
1755 3673 1877 3729 vitae
1905 3689 2038 3729 mea:

457 3750 562 3814 hoc
587 3773 780 3814 munus
807 3759 988 3815 obibo.

530 3850 790 3905 Invocatio
813 3849 909 3905 Dei
935 3868 968 3904 a
1002 3851 1149 3905 malis
1179 3850 1373 3906 liberat.
1402 3883 1475 3894 —
1511 3850 1564 3910 5.
1596 3853 2040 3911 Circmndederunt

458 3958 538 3997 me
551 3942 749 3997 dolores
765 3941 960 4006 mortis,
984 3943 1209 4011 pericula
1228 3943 1412 4015 inferni
1432 3944 1721 4000 invenerunt
1738 3963 1835 4000 me.
1862 3946 2042 4001 Tribu-

459 4023 697 4089 ldtionem
723 4043 771 4089 et
794 4035 1019 4089 dolorem
1045 4034 1212 4089 inveni
1232 4051 1251 4089 ε
1277 4037 1329 4091 4.
1354 4044 1400 4090 et
1444 4053 1623 4091 nomen
1651 4036 1858 4092 Domini
1900 4039 2042 4093 invo-

460 4125 587 4179 cavi.
616 4124 804 4181 Vidisti
831 4140 978 4181 arma
1019 4126 1226 4180 valida?
1254 4126 1430 4182 vidisti
1477 4129 1894 4184 consolationem
1923 4145 2042 4199 qua:

460 4218 618 4272 solvit
656 4232 1004 4289 quaecumque
1047 4229 1171 4273 sunt
1202 4221 1429 4290 gravia?
1459 4221 1635 4276 vidisti
1686 4223 1923 4276 animum
1954 4223 2040 4277 in-

464 4307 788 4364 ﬂammatum
810 4309 1081 4365 desiderio
1109 4311 1358 4367 Domini?
1385 4312 1537 4380 Quod
1568 4322 1742 4369 autem
1785 4314 1931 4379 dicit,
1960 4323 2043 4369 est

463 4401 724 4472 ejusmodi
759 4421 771 4456 :
804 4402 1008 4457 Sufficit
1048 4404 1176 4458 mihi
1228 4405 1295 4459 ad
1337 4404 1435 4460 hoc
1466 4414 1523 4459 ut
1560 4405 1752 4460 liberer
1792 4422 1820 4458 a
1848 4406 2036 4470 malis,

466 4506 588 4562 qua:
638 4507 723 4546 me
747 4492 1108 4559 circumstant,
1165 4494 1327 4548 Deum
1366 4496 1634 4550 invocare.
1669 4495 1933 4563 Quidnam
1964 4502 2047 4550 est

468 4596 599 4653 ergo
626 4581 679 4635 in
719 4573 902 4646 causa,
951 4583 1091 4652 quod
1140 4599 1260 4638 eum
1311 4585 1479 4640 Deum
1528 4603 1671 4657 saepe
1716 4587 2043 4653 invocemus,

469 4671 693 4728 minime
713 4679 890 4726 tamen
917 4687 947 4727 a
970 4673 1124 4728 malis
1146 4674 1472 4729 liberemur?
1492 4676 1749 4744 Quoniam
1775 4693 1879 4733 non
1899 4679 2048 4734 invo-

471 4779 660 4822 camus
686 4770 745 4819 ut
768 4773 976 4834 oportet
1020 4766 1286 4821 invocare.
1315 4766 1445 4821 Nam
1476 4778 1535 4822 ut
1574 4770 1710 4824 scias
1739 4786 1860 4825 eum
1891 4787 2050 4841 para-

472 4868 586 4915 tum
618 4871 739 4915 esse
767 4872 979 4928 semper
1008 4858 1267 4924 praebere,
1299 4859 1421 4913 audi
1449 4858 1574 4930 quid
1619 4860 1761 4916 dicat
1790 4863 1841 4916 in
1873 4863 2050 4917 Evan-

472 4950 660 5020 geliis:
690 4949 817 5016 Quis
836 4956 989 5003 estea:
1009 4948 1164 5011 vobis,
1206 4966 1238 5001 a
1258 4966 1355 5019 quo
1370 4952 1411 5003 si
1439 4951 1631 5021 petierit
1660 4953 1797 5018 ﬁlius
1832 4955 1938 5024 ejus
1960 4972 2054 5026 pa-

474 5058 609 5107 nem,
641 5058 763 5096 num
794 5040 1016 5110 lapidem
1042 5039 1177 5095 dabit
1205 5041 1287 5095 ei?
1312 5042 1387 5096 vel
1412 5043 1455 5096 si
1477 5044 1671 5112 petierit
1698 5050 1901 5116 piscem,
1934 5064 2054 5103 num

472 5144 751 5206 serpentem
778 5134 915 5188 dabit
943 5135 989 5188 ei
1004 5134 1029 5187 ?
1057 5132 1118 5189 Si
1139 5144 1306 5188 autem
1330 5151 1435 5201 vos,
1462 5152 1575 5189 cum
1601 5138 1708 5191 sitis
1735 5139 1876 5206 ntali,
1912 5141 2052 5195 scitis

481 5226 610 5280 bona
637 5228 771 5281 dona
796 5227 917 5281 dare
939 5227 1060 5298 ﬁliis
1081 5227 1255 5281 vestris
1280 5244 1297 5281 :
1323 5229 1481 5282 multo
1508 5229 1667 5300 magis
1698 5228 1857 5285 Pater
1899 5242 2057 5287 vester

481 5317 564 5387 qui
614 5325 688 5372 est
734 5317 788 5370 in
827 5318 983 5384 uelis,
1014 5318 1153 5372 dabit
1192 5317 1321 5372 bona
1347 5319 1621 5389 petentibus
1671 5338 1725 5375 se
1753 5321 1965 5391 (Matth.
2000 5324 2052 5377 7.

477 5405 512 5458 9
542 5435 562 5446 -
590 5408 705 5477 11).
735 5407 896 5463 Vides
942 5419 1139 5480 quanta
1183 5410 1253 5464 sit
1305 5410 1420 5481 ejus
1444 5411 1673 5478 bonitas,
1704 5427 1825 5468 cum
1874 5424 2056 5469 nostra

484 5510 607 5549 cum
635 5497 722 5551 illa
743 5499 935 5553 collata
958 5500 1200 5556 videatur
1241 5501 1594 5571 improbitas?
1641 5504 1900 5570 Quoniam
1931 5520 2059 5575 ergo

488 5587 609 5641 talis
636 5596 719 5642 est
759 5599 942 5645 noster
993 5591 1268 5659 Dominus,
1298 5593 1362 5647 ad
1393 5609 1514 5648 eum
1554 5608 1768 5667 semper
1789 5593 2062 5667 confugia-

550 5756 571 5791 ί
599 5760 828 5828 sic_l_leg.
864 5764 917 5808 et
946 5759 1086 5828 savii.
1139 5760 1243 5814 Alit,
1268 5759 1474 5828 __Paul_its.
1516 5772 1721 5828 Utraque
1760 5767 1906 5817 lectio
1944 5767 2062 5819 ferri

482 5825 629 5886 [mu
652 5819 874 5891 videtur;
897 5821 986 5869 sed
1010 5822 1139 5883 prior
1163 5823 1463 5884 praeferenda
1486 5834 1579 5875 est.

1147 383 1207 441 S.
1247 383 1524 442 JOANNIS
1563 382 2033 441 CHRYSOSTOMI
2065 385 2376 445 ARClllEP.
2418 390 2960 456 CONST.\.\'TI.\'UP'.~

3594 412 3709 478 3w

2129 530 2271 592 rans,-
2300 538 2420 581 eum
2447 526 2743 601 adimerem
2773 534 2944 591 solum
2987 537 3314 613 invocemus,
3343 550 3411 601 ct'
3442 561 3562 604 eum
3604 568 3709 622 ρει-ο

2127 623 2300 671 ratum
2343 619 2674 679 inveniemus
2720 624 2787 680 ad
2837 643 2936 683 nos
2981 633 3290 691 servandos.
3331 635 3386 692 Si
3427 641 3568 695 enim
3605 619 3713 714 qui

2126 708 2455 780 naufragium
2494 713 2753 782 fecerunt,
2785 728 2839 773 et
2860 720 2912 774 in
2944 723 3119 777 tabula
3148 726 3451 797 vehuntur,
3480 748 3574 788 eos
3612 708 3707 805 qui

2127 800 2309 864 procul
2355 811 2481 856 sunt
2521 806 2698 860 statim
2728 820 3002 877 vocantes,
3036 817 3361 883 persuadent
3411 829 3470 875 ut
3517 800 3714 879 innua-

2126 889 2291 946 nitate
2311 902 2562 951 utantur:
2596 899 2697 953 etsi
2728 899 2858 955 nihil
2905 902 3042 958 inter
3066 920 3160 961 eos
3200 923 3490 967 commune
3533 915 3711 971 inter-

2125 983 2298 1050 cedat,
2326 987 2421 1041 sed
2456 991 2893 1051 sola'calamitate
2935 1000 3042 1051 noti
3073 1000 3088 1030 ¹
3117 1001 3263 1069 sint,
3308 1015 3507 1074 quanto
3538 1012 3715 1081 magis

2126 1076 2214 1143 qui
2254 1087 2337 1132 est
2386 1079 2644 1150 benignus
2674 1093 2737 1138 et-
2767 1086 3040 1152 clemens,
3091 1099 3150 1146 et
3189 1096 3416 1150 naturali
3465 1076 3715 1156 bonitate

2126 1169 2312 1232 utitur,
2346 1185 2439 1225 eos
2469 1173 2656 1242 eripiet
2679 1176 2766 1244 qui
2806 1179 3053 1247 gravibus
3081 1184 3457 1252 opprimuntur
3484 1191 3674 1246 calami
3685 1221 3713 1233 ο

2130 1258 2343 1325 tatibus,
2372 1261 2415 1316 si
2444 1264 2603 1319 modo
2629 1263 2697 1319 ad
2724 1282 2843 1321 eum
2872 1270 3160 1342 confugere
3184 1277 3466 1341 voluerint.
3489 1290 3544 1337 et
3581 1299 3710 1339 eum

2127 1364 2255 1404 vere
2275 1366 2336 1406 ac
2357 1353 2563 1410 sincere
2586 1358 2851 1433 invocare,
2878 1359 3107 1418 humana
3127 1380 3224 1434 spe
3248 1368 3428 1424 relicta
3448 1371 3715 1440 ?Qnanda

2128 1451 2257 1509 ergo
2279 1441 2329 1495 in
2363 1442 2692 1513 inepinatum
2714 1449 2927 1519 aliquod
2956 1454 3150 1508 malum
3181 1456 3452 1524 incideris,
3485 1479 3549 1517 ne
3578 1466 3702 1518 aui-

2129 1545 2274 1584 mnm
2306 1533 2553 1601 abjicias,
2588 1538 2681 1592 sed
2713 1548 2859 1595 tuum
2890 1544 3068 1597 statim
3116 1547 3359 1619 spiritum
3390 1554 3566 1621 erigas
3587 1596 3602 1619 ,
3650 1565 3714 1610 et

2130 1623 2400 1694 confugias
2428 1626 2495 1680 ad
2529 1631 2872 1698 tranquillum
2908 1644 3135 1703 portum,
3164 1640 3252 1707 qui
3284 1641 3444 1696 nullis
3479 1646 3715 1713 agitatur

2129 1714 2411 1784 ﬂuctibus,
2461 1730 2514 1774 et
2561 1721 2625 1775 ad
2682 1726 2866 1778 turrim
2915 1740 3205 1798 numquam
3252 1737 3653 1803 expugnabilem
3685 1775 3707 1805 ,—

2130 1821 2323 1875 nempe
2350 1809 2440 1863 Dei
2462 1811 2734 1866 auxilium.
2778 1814 2901 1870 Ideo
2923 1817 3065 1872 enim
3106 1822 3346 1888 permisit
3382 1832 3439 1878 ut
3464 1825 3712 1893 caderes,

2131 1904 2191 1950 ut
2217 1906 2268 1951 tn
2296 1914 2415 1953 eunt
2440 1900 2733 1958 invocares.
2768 1903 2872 1961 Sed
2922 1909 3162 1980 plerique
3196 1922 3318 1968 tunc
3357 1918 3588 1973 maxime
3619 1920 3718 1974 de-

2127 1988 2415 2060 jiciuntur,
2467 2004 2520 2050 et
2559 2011 2675 2051 eam
2706 2013 2806 2068 qua
2846 2002 3049 2069 prmditi
3083 2015 3235 2060 erant
3279 2007 3526 2075 pietatem
3577 2012 3719 2081 abji-

2130 2081 2276 2136 ciunt
2298 2085 2340 2151 ',
2378 2098 2497 2139 cum
2521 2098 2705 2143 contra
2726 2091 2796 2145 sit
2824 2092 3141 2149 faciendum.
3170 2096 3430 2163 Quoniam
3449 2103 3589 2156 enim
3613 2121 3720 2159 nos

2130 2175 2284 2230 valde
2336 2187 2498 2243 amat,
2532 2180 2653 2236 ideo
2683 2184 2942 2252 permittit
2967 2193 3029 2241 ut
3057 2187 3375 2259 afﬂigamur,
3420 2204 3480 2247 ut
3512 2195 3559 2249 ei
3591 2212 3719 2265 per-

2132 2262 2324 2322 fectius
2353 2269 2753 2341 conjungamur.
2786 2274 2917 2330 Nam
2947 2286 3146 2334 matres
3185 2296 3397 2353 quoque
3425 2262 3606 2342 solent
3624 2288 3720 2342 in-

2133 2362 2366 2419 solentes
2405 2379 2602 2433 pueros
2651 2368 2877 2425 diversis
2910 2371 3069 2429 larvis
3097 2383 3477 2443 perterrentes,
3520 2396 3719 2451 cogere

2134 2465 2250 2519 eos,
2270 2462 2325 2507 ut
2352 2454 2417 2509 ad
2446 2470 2598 2511 suum
2625 2460 2885 2528 gremium
2911 2463 3236 2534 confugiant,
3261 2482 3367 2522 non
3386 2483 3479 2523 eos
3498 2469 3719 2540 quidem

2132 2542 2376 2599 volentes
2400 2547 2643 2602 molestia
2672 2548 2906 2617 afficere,
2958 2554 3051 2608 sed
3084 2554 3184 2610 hoc
3235 2560 3621 2629 excogitantes,
3654 2570 3721 2619 ut

2134 2635 2233 2706 ipsi
2263 2637 2342 2692 eis
2366 2638 2636 2695 assideant
2663 2660 2676 2695 :
2709 2643 2778 2697 ita
2808 2645 2967 2699 etiam
2998 2646 3135 2701 Dens
3164 2650 3346 2705 volens
3371 2666 3581 2723 semper
3610 2670 3715 2711 nos

2134 2726 2236 2782 sibi
2262 2729 2607 2802 conjungere,
2636 2735 2783 2789 velut
2820 2748 3026 2793 amator
3061 2740 3374 2807 vehemens,
3426 2746 3509 2800 vel
3537 2748 3718 2818 potius

2135 2829 2376 2877 amatore
2404 2826 2593 2893 quovis
2621 2826 3010 2897 vehementior,
3041 2834 3302 2901 permittit
3331 2843 3388 2889 ut
3435 2835 3502 2891 ad
3555 2838 3721 2893 talem

2136 2910 2394 2982 redigaris
2418 2918 2825 2983 necessitatem,
2880 2929 2941 2974 ut
2990 2932 3248 2992 perpetuo
3277 2940 3432 2980 vaces
3462 2929 3716 2994 orationi,

2137 3013 2191 3058 et
2220 3020 2339 3089 eum
2371 3007 2585 3064 assidue
2618 3010 2853 3079 invoces,
2879 3023 2932 3069 et
2958 3014 3078 3069 aliis
3099 3017 3299 3072 relictis
3324 3020 3397 3074 sis
3426 3019 3493 3074 de
3523 3036 3586 3075 eo
3602 3022 3720 3076 sol-

2136 3096 2333 3154 licitus.
2364 3098 2409 3154 0
2438 3098 2672 3168 Domine,
2705 3103 2860 3158 libera
2888 3108 3111 3161 animam
3133 3122 3317 3162 meam.
3363 3112 3514 3166 Alius
3554 3114 3722 3168 inter-

2137 3203 2281 3259 pres,
2334 3190 2514 3263 Rogo,
2544 3192 2801 3265 Domine,
2853 3199 2988 3269 eripe
3032 3200 3256 3254 animam
3301 3218 3485 3255 meam.
3531 3204 3721 3271 Alius,

2142 3279 2188 3336 0
2214 3280 2455 3352 Domine,
2480 3287 2620 3338 salva
2640 3287 2863 3340 animam
2898 3304 3079 3343 meant.

2211 3375 2396 3429 Anima
2414 3392 2530 3430 cum
2553 3379 2730 3446 primis
2751 3392 2972 3435 servetur
2995 3384 3255 3436 illa’sa.—-—
3282 3384 3470 3439 Vidisti
3503 3389 3724 3456 sapien-

2144 3473 2251 3522 tem
2280 3468 2511 3523 animam
2531 3510 2545 3535 ,
2566 3471 2835 3540 quomodo
2862 3473 3059 3528 relictis
3081 3475 3325 3531 omnibus
3346 3493 3466 3547 qua:
3491 3480 3556 3533 ad
3584 3481 3723 3535 hanc

2141 3559 2306 3613 vitam
2334 3561 2620 3631 pertinent,
2654 3578 2813 3616 ttnum
2849 3572 3048 3618 tantum
3083 3567 3232 3634 petit,
3287 3578 3344 3621 ut
3392 3570 3568 3624 anima
3610 3586 3726 3625 ma-

2141 3661 2265 3705 neat
2292 3651 2451 3708 illaesa
2473 3692 2488 3717 ,
2521 3662 2575 3707 et
2604 3653 2731 3708 nihil
2762 3656 2990 3726 patiatur
3030 3671 3216 3711 eorum
3247 3672 3366 3729 qua:
3410 3660 3483 3714 illi
3529 3678 3723 3719 nocere

2142 3743 2399 3811 possunt?
2419 3744 2473 3799 Si
2502 3745 2643 3799 enim
2670 3745 2807 3802 bene
2833 3747 3043 3813 habeat,
3068 3750 3267 3820 reliqua
3285 3752 3461 3806 omnia
3489 3767 3722 3823 sequenn

2145 3843 2250 3899 tur,
2284 3844 2342 3889 ut
2378 3836 2422 3890 si
2467 3850 2572 3890 non
2627 3838 2764 3893 bene
2810 3837 3037 3906 habeat,
3072 3840 3199 3893 nihil
3231 3855 3326 3896 nos
3343 3842 3490 3911 juvat
3519 3845 3723 3915 reliqua

2143 3926 2470 3994 prosperitas
2504 3945 2517 3981 :
2550 3937 2606 3983 et
2634 3929 2752 3984 ideo
2787 3930 2919 3985 nihil
2949 3946 3055 3985 non
3086 3932 3263 3988 dicere
3287 3942 3341 3988 et
3370 3934 3541 3991 facere
3565 3950 3724 4005 Opera

2147 4024 2241 4084 tet,
2264 4026 2321 4071 ut
2337 4033 2452 4073 eam
2471 4035 2870 4076 conservemus.
2901 4023 3013 4077 Hoc
3032 4025 3172 4077 enim
3204 4025 3374 4080 innuit
3392 4042 3511 4081 cum
3537 4029 3663 4082 dicit
3679 4030 3719 4083 ':

2147 4107 2321 4165 Estote
2350 4113 2635 4181 prudentes,
2690 4115 2819 4168 sicut
2867 4127 3119 4187 serpentes
3171 4116 3192 4190 (
3234 4116 3421 4172 Matth.
3456 4120 3542 4175 10.
3587 4122 3719 4194 16).

2147 4198 2603 4264 Quemadmodum
2651 4204 2792 4258 enim
2835 4205 2921 4259 ille
2964 4206 3224 4276 reliquum
3254 4223 3449 4278 corpus
3478 4211 3681 4278 projicit
3707 4252 3721 4273 ,

2148 4302 2206 4345 ut
2236 4302 2392 4363 caput
2417 4304 2698 4350 conservet
2730 4313 2744 4348 :
2776 4297 2844 4350 ita
2876 4306 3083 4368 oporIet
3114 4307 3164 4353 te
3191 4314 3397 4370 quoque
3417 4303 3522 4355 alia
3549 4303 3723 4357 omnia

2149 4384 2277 4440 dare
2300 4401 2394 4456 pro
2437 4387 2603 4442 salute
2633 4388 2846 4442 animm.
2887 4388 3070 4461 Neque
3100 4393 3238 4447 enim
3284 4405 3565 4463 paupertas
3585 4438 3600 4461 ,
3630 4410 3723 4450 nec

2151 4479 2388 4546 morbus,
2420 4495 2520 4535 nec
2549 4480 2688 4550 quod
2717 4481 2925 4535 videtur
2950 4498 3070 4538 esse
3098 4493 3255 4553 caput
3292 4487 3527 4540 omnium
3560 4488 3723 4541 malo-

2150 4586 2267 4625 rum
2294 4613 2310 4639 ,
2363 4586 2509 4626 mors
2540 4572 2729 4642 poterit
2769 4588 2889 4628 eum
2943 4574 3031 4643 qui
3075 4576 3323 4630 ceciderit
3366 4576 3653 4643 oil'cndere,
3681 4579 3725 4632 si

2153 4661 2243 4716 illa
2267 4671 2651 4717 conservetur:
2681 4663 3122 4734 quemadmodum
3167 4680 3265 4720 nec
3306 4682 3370 4720 ex
3407 4668 3512 4721 vita
3533 4668 3724 4738 aliquid

2153 4755 2419 4811 commodi
2449 4757 2731 4827 percipies,
2764 4759 2809 4813 si
2835 4774 2896 4813 ea
2920 4758 3155 4828 perierit,
3190 4771 3511 4830 corruptave
3546 4762 3721 4817 fuerit.

2156 4845 2278 4902 Ideo
2302 4847 2509 4901 caeteris
2546 4848 2743 4902 relictis
2766 4888 2780 4914 ,
2804 4848 2869 4903 de
2897 4863 2961 4903 ea
2983 4850 3143 4904 verba
3183 4849 3337 4917 facit,
3379 4863 3635 4922 rogatque
3675 4861 3725 4906 ut

2157 4955 2263 4993 non
2292 4940 2449 4995 nimis
2467 4941 2610 4995 acria
2623 4940 2691 4995 ab
2715 4956 2777 4994 ea
2801 4942 3042 5012 exigatur
3067 4943 3222 5010 ratio,
3254 4954 3306 4997 et
3332 4943 3399 4997 ab
3425 4944 3727 4999 intolerabi-

2158 5029 2296 5085 libus
2330 5031 2586 5086 liberet-ur
2626 5031 2918 5101 suppliciis.
2968 5033 3022 5087 5.
3075 5030 3365 5088 Misericors
3406 5032 3651 5088 Dominus
3685 5041 3728 5087 et

2152 5123 2342 5192 justus,
2373 5132 2420 5175 et
2449 5118 2587 5175 Deus
2613 5132 2787 5176 noster
2803 5124 3079 5176 miseretur.
3112 5118 3271 5177 Vides
3295 5124 3562 5193 quomodo
3581 5123 3727 5176 docrl

2162 5216 2457 5270 auditorem
2482 5256 2497 5280 ,
2551 5224 2608 5269 ut
2646 5230 2815 5285 neque
2862 5216 3145 5286 desperet,
3177 5231 3348 5285 neque
3389 5216 3458 5269 sit
3502 5216 3724 5285 ignavior

2164 5318 2217 5363 et
2243 5309 2628 5378 negligentior?
2659 5308 2769 5363 Hoc
2795 5309 2936 5363 enim
2970 5323 3132 5378 prope
3162 5308 3309 5372 dicit,
3341 5307 3417 5363 Ne
3444 5307 3726 5377 desperes:

2163 5410 2246 5455 est
2292 5402 2431 5455 enim
2498 5401 2633 5455 Deus
2692 5402 2991 5456 misericors
3037 5418 3049 5450 :
3098 5414 3200 5455 nec
3256 5401 3330 5454 sis
3383 5401 3597 5469 segnis;
3657 5406 3729 5451 est

2165 5494 2305 5548 enim
2328 5495 2525 5562 justus.
2557 5492 2737 5561 itaque
2767 5494 2916 5547 istius
2944 5493 3203 5547 cxscindit
3232 5492 3528 5547 socordiam
3561 5509 3575 5544 :
3600 5490 3735 5544 illius

2233 5587 2250 5618 ι
2284 5586 2357 5634 sic
2378 5592 2523 5647 Reg;
2546 5592 2597 5635 at
2619 5586 2756 5642 editi,
2779 5584 2879 5636 sola
2895 5585 3165 5636 calamitate
3179 5584 3463 5647 miserandi.

2232 5648 2263 5718 '_
2284 5646 2424 5718 savii.
2449 5646 2607 5718 rejicit
2629 5648 2688 5718 ad
2710 5649 2978 5710 marginem
3004 5651 3277 5697 membrum
3300 5646 3412 5706 hoc,
3434 5650 3481 5697 el

2166 5707 2403 5773 pietatem
2413 5707 2658 5770 objiciunt.

2199 5771 2254 5880 ἐ
2286 5770 2425 5821 savil.
2454 5763 2502 5821 in
2520 5773 2773 5833 margine:
2803 5780 2900 5821 Hoc
2922 5771 3049 5822 enim
3070 5776 3140 5822 est
3163 5771 3289 5835 quod
3311 5769 3366 5822 in
3385 5769 3636 5833 Scriptura
3668 5763 3741 5817 di-

2237 5843 2312 5880 ur.

2170 5843 2312 5880 ίκιιν.
