4018 6268
500 384 601 439 σιτ

494 500 729 570 ἀναιρεῖ,
750 494 1091 568 ἑκατέρωθεν
1109 495 1207 568 τὴν
1228 497 1497 568 σωτηρίαν
1517 496 1674 568 ήμῶν
1694 497 2069 569 πραγματευό-

499 608 680 664 μενος.

567 741 632 813 β’.
647 734 780 795 Εἶτα
798 740 1011 803 δεικνὺς
1029 739 1087 792 τὸ
1098 755 1235 809 προς
1247 740 1346 808 τήν
1359 739 1769 810 φιλανθρωπίαν
1782 743 1907 811 ὲπιρ
1915 740 2070 813 ῥεπέ-

500 853 588 888 στε
599 852 707 905 ρον,
730 834 923 900 ἐπάγει
943 830 1105 884 πάλιν
1124 830 1296 899 λέγων
1317 847 1329 860 ·
1351 831 1461 884 Καὶ
1485 833 1518 885 ό
1541 831 1684 897 Θεὸς
1703 830 1871 900 ἡμῶν
1888 830 2063 886 ἐλεεῖ.

497 925 609 978 Καὶ
628 921 807 985 καλῶς
826 917 979 974 εἶπεν
999 937 1013 950 ο
1049 919 1101 972 '0
1122 918 1267 985 Θεὸς
1287 918 1473 989 ἡμῶν,
1497 920 1633 991 πρὸς
1665 920 2070 994 ἀντιδιαστολὴν

497 1012 604 1065 τῶν
643 1010 800 1075 θεῶν,
822 1001 895 1062 ῶν
933 1008 1121 1079 πρώην
1155 1005 1419 1077 ἐμνήσθη.
1446 1006 1704 1070 Ἑκείνοις
1739 1008 1837 1079 μὲν
1868 1006 1976 1079 γὰρ
2006 1009 2071 1061 τὸ

499 1104 724 1173 σφάζειν
745 1102 837 1156 καὶ
855 1102 1114 1170 ἀναιρεῖν,
1140 1099 1233 1151 καὶ
1264 1098 1551 1169 ἀκήρυκτα
1586 1099 1840 1169 πολεμεῖν
1873 1098 2030 1170 ἔργον
2049 1116 2065 1130 ·

495 1193 668 1263 τούτῳ
686 1192 745 1246 δὲ
762 1192 823 1244 τὸ
842 1189 1397 1261 φιλανθρωπεύεσθαι,
1419 1190 1513 1242 καὶ
1536 1190 1950 1258 συγγινώσκειν,
1972 1191 2068 1244 καὶ

498 1285 757 1339 κινδύνων
791 1279 1117 1355 ἐξαρπάζειν
1155 1279 1435 1352 διηνεκῶςο
1474 1282 1510 1334 ἀ
1543 1281 1611 1351 δὴ
1654 1281 1886 1351 μάλιστα
1928 1281 2067 1350 μετά

497 1376 606 1429 τῶν
640 1374 815 1428 ἄλλων
849 1373 1087 1427 δείκνυσι
1120 1374 1246 1436 τοὺς
1268 1374 1366 1443 μὲν
1383 1372 1642 1442 δαίμονας
1661 1372 1821 1435 ὄντας
1841 1373 1935 1424 καὶ
1954 1371 2070 1425 ἀλι-

495 1468 749 1538 τηρίους,
791 1468 881 1520 τὸν
916 1465 974 1520 δὲ
1006 1464 1276 1535 κηδεμόνα
1314 1464 1410 1518 καὶ
1445 1462 1759 1534 προστάτην
1805 1464 1897 1515 καὶ⁵
1935 1462 2067 1517 Θεὸν

495 1559 745 1631 ἀληθινόν
757 1570 783 1599 ⁸
792 1596 806 1613 .

564 1714 907 1770 Φυλάσσων
941 1716 1016 1767 τὰ
1056 1713 1245 1779 νήπια
1283 1715 1315 1766 ό
1357 1712 1571 1779 Κύριος
1592 1726 1606 1742 ⁶
1642 1709 2064 1778 ἐταπεινώθην,

494 1804 593 1859 καὶ
627 1803 824 1858 ἐσωσέ
858 1821 955 1871 με.
972 1801 1235 1855 Ἐνταῦθα
1259 1800 1512 1870 μέγιστον
1530 1797 1667 1863 εἶδος
1690 1801 1943 1871 προνοίας
1966 1800 2064 1853 αὐ-

492 1892 589 1947 τοῦ
619 1894 878 1947 ἀνακινεῖ.
897 1891 1113 1961 Ἐπειδὴ
1133 1890 1244 1961 γὰρ
1263 1886 1414 1943 εἶπεν
1433 1908 1446 1920 ο
1498 1889 1803 1959 Ἐλεήμων
1843 1889 1939 1946 καί
1981 1890 2068 1942 δί-

496 2002 687 2051 καιος,
707 1984 805 2038 καί
827 1982 1001 2042 ἐλεεῖ,
1022 1982 1281 2053 μεγίστης
1303 1979 1466 2034 αὐτοῦ
1486 1979 1890 2051 φιλανθρωπίας
1910 1979 2067 2051 ἔργον

493 2076 754 2131 δείκνυσι.
777 2076 937 2128 Ποῖον
974 2072 1038 2145 δὴ
1073 2072 1257 2139 τοῦτο;
1281 2072 1354 2125 Τὸ
1372 2072 1480 2124 τῶν
1498 2071 1724 2142 νηπίων.
1742 2073 1931 2141 Ἡμεῖς
1968 2072 2067 2141 μὲν

493 2167 603 2239 γάρ
641 2168 734 2221 καὶ
768 2164 925 2234 λόγον
964 2165 1158 2235 ἔχομεν
1182 2164 1250 2217 τά
1273 2163 1370 2234 μὲν
1390 2163 1768 2232 φυλάττεσθαι,
1790 2163 1857 2217 τὰ
1875 2163 1931 2216 δὲ
1950 2163 2068 2215 ἑλέ-

496 2258 621 2313 σθαι
671 2256 991 2311 παιδεύοντα
1015 2295 1030 2319 ,
1071 2256 1163 2309 καὶ
1201 2254 1270 2308 τὰ
1306 2254 1645 2326 ἐπερχόμενα
1683 2254 2067 2328 διακρούεσθαι

495 2350 663 2417 κακὰ,
684 2350 778 2403 καὶ
795 2350 862 2402 τὰ
882 2348 1122 2420 παρόντα
1140 2347 1407 2411 διαλῦσαι,
1431 2347 1524 2401 καὶ
1549 2349 1700 2416 ἰσχὺν
1726 2347 2064 2417 κεκτήμεθα,

495 2440 595 2495 καὶ
615 2439 820 2510 -τέχνας
857 2437 1231 2508 ἐπιστάμεθαο
1270 2436 1336 2491 τά
1371 2437 1427 2490 δὲ
1461 2438 1648 2490 παιδία
1668 2436 1868 2490 τούτων
1889 2436 2068 2508 ἔρημα

496 2533 737 2600 πάντων,
757 2532 833 2596 ὡς
853 2531 1262 2604 ἀπροστάτευτα
1277 2546 1291 2559 ·
1314 2527 1449 2582 ἀλλά
1483 2528 1571 2581 διὰ
1604 2528 1821 2582 πάντων
1841 2525 2067 2597 ἔχειτοῦ

495 2623 633 2677 Θεοῦ
651 2623 748 2696 τὴν
771 2622 1044 2694 πρόνοιαν,
1061 2615 1129 2693 ἦς
1150 2621 1198 2673 εἰ
1221 2619 1297 2692 μή
1320 2618 1557 2689 συνεχῶς
1575 2618 1874 2689 ἀπήλαυον,
1893 2618 2069 2671 πάντα

495 2714 562 2770 ἂν
582 2713 868 2769 ἀπολώλει.
890 2714 1001 2767 Καὶ
1032 2714 1141 2784 γὰρ
1177 2713 1272 2765 καὶ
1306 2712 1427 2782 θφις
1447 2709 1512 2764 ἂν
1532 2711 1794 2780 ἠφάνισεν
1814 2712 1870 2764 ὲν
1893 2726 2068 2782 σπαρ-

496 2808 682 2876 γάνοις
721 2806 800 2860 ἔτι
836 2804 895 2859 ὃν
929 2805 989 2857 τὸ
1033 2803 1261 2870 παιδίον,
1284 2804 1379 2857 καὶ
1417 2802 1741 2865 κατοικίδιος
1777 2802 1946 2872 ὅρνις,
1977 2802 2071 2853 καὶ

495 2899 668 2953 πολλά
698 2898 804 2953 τῶν
836 2897 1109 2967 ἑρπόντων
1136 2895 1299 2966 ἔτερα
1317 2894 1425 2947 τῶν
1444 2894 1582 2947 κατά
1600 2893 1698 2957 τάς
1717 2895 1912 2956 οἰκίας.
1937 2892 2073 2945 Οὐδὲ

495 2993 606 3065 γάρ
626 2992 785 3063 ἀρκεῖ
801 2988 923 3043 οῦτε
939 2986 1160 3059 τροφὸς,
1178 2985 1301 3038 οὔτε
1325 2987 1525 3057 μήτηρ,
1547 2983 1669 3038 οὐτε
1688 2985 1870 3055 ἕτερος
1898 2985 2071 3048 οὐδεὶς

496 3083 913 3155 ἀπηρτισμένην
933 3076 1335 3135 ἐπιδείκνυσθαι
1375 3077 1504 3147 περὶ
1541 3075 1681 3129 αὐτά
1704 3075 1982 3147 πρόνοιαν,
2005 3076 2071 3130 ἂν

501 3173 579 3246 μή
594 3173 695 3245 τῆς
713 3170 916 3227 ἀνωθεν
934 3166 1181 3239 ἀπολαύῃ
1205 3166 1397 3239 ῥοπῆς.
1420 3165 1575 3229 Τινὲς
1593 3165 1650 3219 δέ
1670 3183 1800 3234 φασι
1821 3166 1915 3219 καὶ⁵
1946 3166 2073 3237 περὶ

495 3260 606 3316 τῶν
626 3259 880 3331 ἐμϐρύων
899 3258 994 3312 καὶ
1016 3257 1181 3329 μήπω
1218 3255 1320 3325 τῆς
1355 3254 1592 3326 γαστρὸς
1612 3253 1930 3320 ἐξελθόντων
1949 3255 2068 3308 τοῦ·

496 3370 590 3406 τον
620 3348 870 3423 εἰρῆσθαι
905 3348 995 3402 τὸν
1026 3347 1203 3417 λόγον.
1241 3346 1697 3414 Ἐταπεινώθην,
1742 3346 1839 3399 καί
1877 3346 2075 3401 ἐσωσέ

495 3461 594 3516 με.
636 3445 750 3496 Οὐκ
771 3438 923 3495 εἶπεν
947 3440 1094 3494 ὐὐκ
1131 3439 1313 3493 εἴασεν
1350 3439 1430 3502 είς
1467 3436 1740 3501 κινδύνους
1778 3439 2069 3509 ἐμπεσεῖνο

499 3533 658 3597 ἀλλά,
674 3532 829 3586 Μετά
844 3531 906 3584 τὺ
923 3532 1177 3602 ἐμπεσεῖν
1196 3529 1469 3583 διέσωσεν.
1487 3528 1702 3601 Ἐπειδὴ
1721 3528 1829 3601 γὰρ
1848 3525 1966 3584 εἶπε
1977 3530 2074 3601 τὴν

501 3624 730 3680 καθόλου
750 3621 917 3677 αὐτοῦ
938 3622 1213 3692 πρόνοιαν,
1232 3621 1327 3674 καὶ
1346 3622 1437 3675 ἐπὶ
1450 3619 1545 3675 τοῦ
1563 3621 1764 3675 οἰκείου
1782 3621 2073 3695 προσώπου

501 3716 733 3790 προάγει
765 3715 857 3769 τὸν
876 3713 1054 3783 λόγον,
1074 3714 1207 3785 ὅπερ
1227 3713 1347 3777 έθος
1366 3713 1513 3785 αὐτῷ
1533 3714 1642 3768 ἀπό
1660 3732 1717 3768 τε
1737 3715 1845 3768 τῶν
1863 3716 2077 3771 καθολι-

500 3807 634 3874 κῶν,
656 3807 765 3862 ἀπό
796 3825 857 3861 τε
894 3806 1003 3860 τῶν
1043 3807 1283 3878 μερικῶν
1299 3805 1473 3860 ταῦτα
1494 3809 1766 3879 συνιστᾷν.
1789 3807 1880 3880 Μὴ
1898 3809 2075 3863 τοίνυν

499 3898 641 3971 μηδὲ
680 3898 745 3952 σὺ
780 3897 931 3969 ζήτει
969 3894 1061 3949 τὸν
1100 3895 1284 3958 ἀδείας
1301 3895 1537 3967 γέμοντα
1558 3895 1703 3966 βίον⁶
1741 3897 1801 3949 οὐ
1831 3897 1939 3967 γάρ
1961 3897 2076 3951 ἐστί

502 4006 586 4044 σοι
605 3988 897 4052 λυσιτελές.
912 3988 973 4041 Εἰ
992 3986 1101 4058 γὰρ
1120 3989 1230 4051 τοῖς
1249 3988 1555 4058 προφήταις
1572 3988 1673 4041 οὐκ
1688 3982 1756 4059 ἦν
1777 3988 2072 4059 συμφέρον,

499 4080 682 4151 πολλῷ
724 4079 923 4152 μᾶλλον
943 4078 1174 4133 σοί.”οτι
1194 4077 1303 4150 γὰρ
1321 4079 1421 4132 οὐκ
1440 4074 1508 4149 ἦν
1529 4079 1824 4149 συμφέρον,
1846 4078 2076 4133 ἄκουσον

498 4174 555 4228 τί
575 4190 767 4244 φησιν·
818 4172 1068 4242 Ἀταθόν
1094 4190 1217 4242 μοι,
1240 4170 1330 4225 ὅτι
1361 4169 1771 4237 ἐταπείνωσάς
1795 4188 1892 4241 με,
1917 4171 2077 4238 ὅπως

487 4265 582 4323 ,ἂν
609 4266 776 4334 μάθω
813 4263 887 4317 τά
919 4260 1276 4333 δικαιώματά
1312 4279 1450 4316 σου.
1472 4261 1645 4328 Διπλῆ
1686 4263 1719 4331 ή
1758 4262 2075 4333 εὐχαριστία

500 4353 754 4419 ἐνταῦθα,
775 4354 858 4407 ὃτι
891 4352 1071 4406 εἴασεν
1111 4354 1373 4424 ἐμπεσεῖν
1410 4352 1490 4414 είς
1533 4350 1829 4413 κινδύνους,
1865 4351 1960 4403 καὶ
1993 4352 2075 4404 ὅτι

508 4445 810 4516 ἐμπεσόντα
826 4443 887 4495 οὐ
905 4443 1211 4496 κατέλιπεν.
1230 4442 1537 4512 Ἀμφότερα
1555 4442 1610 4494 δέ
1629 4460 1744 4504 πως
1759 4442 2075 4512 εὐεργεσίας

501 4528 662 4598 εἶδος,
682 4534 776 4587 καὶ
810 4533 906 4587 τοῦ
932 4534 1180 4605 δευτέρου
1201 4533 1261 4587 τὸ
1279 4534 1541 4605 πρότερον
1558 4534 1659 4588 οὐκ
1678 4533 1915 4598 ἔλαττον,
1938 4534 2073 4602 ἀλλ’,

503 4627 555 4679 εί
592 4625 674 4678 δεῖ
710 4642 764 4677 τι
799 4624 894 4677 καὶ
931 4622 1078 4696 [506]
1118 4624 1428 4695 θαυμαστὸν
1447 4627 1640 4688 εἰπεῖν,
1664 4626 1757 4679 καὶ
1779 4627 1980 4698 μεῖζον.
2003 4628 2077 4681 Τὸ

492 4716 608 4788 ⁸μὲν
627 4715 738 4786 γὰρ
758 4714 1031 4778 κινδύνους
1049 4715 1279 4778 διέλυσε,
1301 4715 1360 4769 τὸ
1377 4716 1435 4769 δὲ
1453 4716 1550 4787 τὴν
1569 4716 1745 4787 ψυχὴν
1777 4718 2078 4787 φιλοσοφω-

502 4811 668 4883 τέραν
703 4809 1015 4881 εἰργάσατο.
1032 4809 1447 4876 Ἐπίστρεψον,
1475 4808 1644 4878 ψυχή
1672 4827 1814 4878 μου,
1835 4813 1922 4875 εἰς
1962 4809 2078 4879 τὴν

480 4901 855 4960 ’ἀνάπαυσιν
890 4915 1026 4966 σου,
1064 4899 1153 4953 ὅτι
1194 4901 1411 4968 Κύριος
1443 4901 1806 4969 εὐηργέτησε
1835 4920 1928 4956 σε.
1950 4904 2079 4957 Ὅτι

499 4995 797 5065 ἐρρύσατο
847 4991 963 5060 τὴν
1019 4991 1233 5061 ψυχήν
1287 5009 1405 5060 μου
1443 4991 1560 5045 ἀπὸ
1599 4990 1857 5046 θανάτου
1882 5035 1897 5058 ,
1936 4993 2078 5060 τοὺς

501 5085 851 5157 ὀφθαλμούς
874 5101 993 5154 μου
1025 5083 1144 5138 ἀπὸ
1163 5083 1455 5151 δακρύων,
1476 5083 1571 5136 καί
1594 5081 1735 5144 τοὺς
1756 5082 1945 5149 πόδας
1955 5102 2075 5153 μου

500 5179 619 5236 ἀπὸ
659 5175 1080 5247 ὀλισθήματος.
1114 5174 1519 5245 Εὐαρεστήσω
1558 5173 1815 5229 ἐνώπιον
1854 5177 2077 5245 Κυρίου

502 5274 573 5326 ἐν
610 5270 769 5343 χώρᾳ
805 5268 1127 5331 ζίὓντωνῦο
1172 5268 1270 5339 μὲν
1301 5268 1400 5339 τῆς
1440 5266 1677 5338 ἱστορίας
1718 5266 1873 5335 λόγος
1902 5267 2077 5339 δεινὴν

503 5363 821 5434 ἀπαλλαγήν
859 5378 1011 5433 φησι,
1036 5360 1128 5415 καὶ
1166 5359 1349 5414 άνεσίν
1377 5376 1500 5414 τινα
1535 5359 1628 5412 καὶ
1658 5357 1992 5428 ἐλευθερίαν.
2016 5360 2079 5412 Ei

504 5453 561 5506 δέ
600 5471 682 5519 τις
721 5454 863 5508 κατά
900 5451 1191 5523 ἀναγωγὴν
1221 5450 1381 5505 αὐτὸν
1401 5447 1641 5518 ὲκλάϐοι,
1659 5449 1943 5521 δυνήσεται
1980 5448 2077 5517 τὴν

574 5796 600 5825 ⁸
631 5797 781 5847 Savil.
805 5798 885 5845 καὶ
906 5798 1050 5853 ὅντως
1070 5798 1209 5845 Θεὸν.

1200 380 1257 436 S.
1295 377 1578 436 JOANNIS
1614 374 2100 435 CIIBYSOSTOMI
2148 374 2465 432 ARCHIEP.
2504 328 3045 431 CONSTANTINOP‘.

3638 375 3747 435 ’518

2171 497 2418 552 ἐντεῦθεν
2455 494 2761 566 ἀποδημίαν
2797 491 3065 561 λύτρωσιν
3105 484 3301 553 λέγειν,
3324 484 3417 537 καὶ
3434 484 3761 539 ἀνάπαυσιν»

2166 589 2367 658 ταύτην
2386 587 2589 640 καλεῖν.
2608 580 2919 650 Ἀπαλλαγὴ
2938 579 3046 650 γάρ
3066 579 3180 648 ⁸ἓρστι
3200 575 3416 630 πάντων
3435 573 3541 626 τῶν
3556 573 3745 645 ἀδοκής

2165 699 2273 735 των
2303 678 2510 736 δεινῶν.
2531 680 2625 732 καὶ
2644 677 2745 729 οὐκ
2765 674 2844 727 ἔτι
2862 675 2928 743 τῇ
2950 670 3144 741 ἀδηλίᾳ
3160 667 3341 721 λοιπὸν
3360 666 3661 726 ὑπόκειται,
3683 666 3743 717 έν

2167 772 2438 843 ἀσφαλείᾳ
2455 767 2712 839 γεγονὼς,
2727 769 2755 820 ὁ
2775 764 2913 837 μετά
2926 761 3168 834 χρηστῆς
3188 757 3490 818 καταλύσας
3508 755 3742 819 ἐλπίδος.

2167 866 2230 919 El
2268 865 2375 936 γάρ
2408 863 2500 917 καὶ
2537 860 2595 928 ἐξ
2623 858 2897 930 ἁμαρτίας
2919 859 2947 909 ό
2966 854 3191 915 θάνατος
3211 851 3601 920 εἰσενήνεκται,
3625 847 3744 901 ἀλλ’

2166 956 2314 1027 ὅμως
2348 957 2426 1018 είς
2456 952 2773 1024 εὐεργεσίαν
2791 947 2948 1021 ήμῶν
2968 943 3116 1014 αὐτῷ
3133 946 3161 997 ό
3181 943 3313 1005 Θεὸς
3335 941 3623 1011 ἐχρήσατο.
3640 938 3746 1027 ,Διά

2166 1026 2230 1116 δή
2267 1042 2425 1097 τοῦτο
2461 1042 2560 1095 οὐκ
2599 1038 2747 1110 αὐτῷ
2781 1037 2939 1108 μόνον
2959 1032 3223 1105 ἠρκέσθη,
3245 1030 3382 1085 ἀλλὰ
3402 1029 3497 1082 καὶ
3515 1027 3605 1080 τδν
3628 1026 3746 1096 βίον

2167 1132 2460 1204 ὲπίμοχθον
2497 1129 2770 1198 ἐποίησεν,
2792 1127 2880 1180 ἵνα
2921 1124 3116 1195 μάθῃς,
3138 1121 3218 1174 ὅτι
3260 1118 3458 1172 οὐδὲτὸ
3479 1119 3747 1188 πρότερον

2169 1223 2542 1297 συνεχώρησεν
2562 1219 2648 1287 ἂν,
2670 1220 2718 1271 εί
2741 1217 2814 1287 μὴ
2837 1214 3040 1286 σφόδρα
3056 1213 3322 1283 χρήσιμον
3355 1206 3424 1281 ἦν
3462 1208 3614 1280 παρά
3644 1208 3747 1297 τήν

2167 1295 2331 1370 αὐτοῦ
2354 1313 2546 1383 σοφίαν
2564 1311 2722 1364 τοῦτο
2740 1307 3046 1377 γενόμενον.
3070 1302 3170 1356 Διά
3188 1302 3251 1370 δὴ
3271 1301 3427 1355 τοῦτο
3445 1301 3613 1355 εἰπών
3629 1319 3645 1333 ·
3664 1295 3751 1372 ⁷ῌ

2167 1406 2244 1459 ἂν
2261 1403 2451 1473 ἡμέρᾳ
2482 1399 2663 1470 φάγῃ,
2686 1395 2916 1461 θανάτῳ
2939 1390 3236 1459 ἀποθανῇ,
3256 1391 3356 1444 οὐκ
3388 1389 3630 1461 ήρκέσθη
3666 1390 3749 1460 τῷ

2167 1495 2425 1565 ἐπιτιμίῳ
2442 1509 2456 1524 ·
2497 1491 2555 1544 τὸ
2573 1491 2681 1561 γὰρ
2700 1486 2970 1558 ἐπιτίμιον
2988 1485 3144 1538 τοῦτο
3160 1477 3227 1554 ἦν
3246 1497 3260 1511 ⁸
3295 1481 3387 1550 Γῆ
3422 1482 3496 1545 εἴ,
3521 1483 3617 1535 καί
3656 1483 3750 1547 είς

2168 1585 2285 1655 γῆν
2317 1584 2660 1650 ἁπελεύσῃο
2699 1579 2794 1634 νῦν
2830 1578 2887 1632 δὲ
2923 1576 3018 1630 καὶ
3055 1575 3240 1645 ἕτερον
3278 1573 3515 1627 δείκνυσι
3533 1572 3743 1641 λέγων·

2180 1677 2275 1729 Ἐν
2313 1674 2507 1743 ἱδρῶτι
2543 1672 2648 1726 τοῦ
2684 1667 3006 1739 προσώπου
3059 1681 3174 1721 σου
3223 1663 3385 1735 φάγῃ
3423 1664 3531 1717 τὸν
3562 1663 3751 1731 ἄρτον

2167 1782 2304 1822 σου.
2323 1766 2602 1830 Ἄκανθος
2638 1763 2736 1817 καὶ
2779 1762 3087 1830 τριϐόλους
3105 1755 3385 1813 ἀνατελεῖ
3397 1772 3496 1810 σοι
3512 1770 3525 1784 ’
3548 1756 3618 1808 ἐν
3633 1755 3749 1810 λύ-

2168 1880 2307 1930 παις
2341 1862 2501 1933 φάγῃ
2539 1859 2749 1927 αὑτήν.
2774 1858 2882 1912 Καὶ
2900 1859 2966 1928 τῇ
2987 1855 3206 1925 γυναικὶ
3233 1850 3353 1907 εἶπε
3373 1871 3388 1884 ’
3412 1854 3750 1919 [unoer

2168 1953 2454 2023 πληθυνῶ
2473 1952 2578 2017 τὰς
2597 1951 2796 2016 λύπας
2818 1966 2956 2010 σου,
2979 1947 3077 2001 καὶ
3104 1946 3214 2001 τὸν
3245 1945 3585 2014 στεναγμόν
3602 1958 3745 1998 σου.

2180 2045 2278 2097 Ἐν
2293 2045 2515 2107 λύπαις
2537 2038 2679 2107 τέξῃ
2700 2038 2900 2092 τέκνα.
2924 2037 2998 2089 υύ
3019 2035 3126 2106 γάρ
3151 2035 3331 2088 ἰκανὸν
3348 2031 3417 2105 ἦν
3436 2035 3612 2087 έκεῖνο
3644 2034 3750 2086 αὐ-

2166 2135 2293 2198 τοὺς
2315 2130 2664 2204 σωφρονίσαι.
2683 2126 2917 2188 Πολλοὺς
2935 2124 3064 2194 γοῦν
3083 2124 3298 2197 ὁρῶμεν
3315 2122 3486 2195 ταύτῃ
3511 2122 3753 2194 μάλιστα

2167 2225 2480 2297 γινομένους
2502 2221 2760 2293 βελτίους.
2780 2220 2836 2272 Ὀ
2858 2219 2965 2290 γὰρ
2985 2216 3212 2278 θάνατος
3228 2214 3554 2285 ἀναισθησίᾳ
3568 2232 3753 2286 παρα-

2153 2320 2402 2378 δίδωσιν,
2425 2314 2646 2368 ἐπειδὰν
2685 2311 2884 2384 ἐπέλθῃ
2914 2329 2926 2340 ’
2960 2308 3132 2363 ταῦτα
3166 2308 3222 2360 δὲ
3259 2304 3468 2371 ζῶντας
3502 2305 3754 2375 βελτίους

2169 2409 2480 2482 ἐργάζεται.
2502 2406 2565 2460 Εἰ
2584 2404 2641 2457 δὲ
2662 2402 2789 2472 φοὸε
2799 2401 2888 2473 ρδν
2908 2401 2968 2454 τὸ
2987 2401 3219 2471 πρᾶγμα
3246 2392 3569 2459 εἶναιδοκεῖ,
3592 2399 3755 2468 παρὰ

2168 2500 2265 2571 τὴν
2297 2495 2578 2551 ἀσθένειαν
2612 2493 2721 2545 τῶν
2758 2490 2899 2545 οὕτω
2936 2488 3313 2558 διακειμένων.
3335 2488 3455 2540 Ὅτι
3493 2486 3602 2558 γὰρ
3642 2486 3752 2553 τῆς

2170 2589 2450 2653 ἀσθενείας
2470 2584 2539 2660 ἦν
2559 2589 2587 2640 ό
2607 2583 2790 2654 φόϐος,
2814 2583 3041 2637 ἄκουσον
3062 2580 3298 2645 Παύλου,
3320 2579 3413 2633 καὶ
3448 2578 3751 2648 εὐχομένου

2171 2680 2348 2744 τοῦτο,
2370 2679 2465 2732 καὶ
2502 2677 2801 2749 χαίροντος,
2831 2673 2905 2736 ὡς
2941 2672 3067 2724 ὅταν
3102 2670 3264 2742 λέγῃ⁶
3305 2669 3377 2723 Τὸ
3417 2670 3755 2735 ἀναλῦσαι,

2173 2772 2270 2828 καί
2311 2771 2432 2827 σὺν
2462 2768 2695 2839 Χριστῷ
2734 2763 2906 2829 εἶναι,
2927 2763 3132 2829 πολλῷ
3163 2762 3406 2831 μᾶλλον
3441 2761 3710 2831 κρεῖττον
3730 2778 3751 2794 θ

2170 2865 2265 2919 καὶ
2286 2863 2444 2917 πάλιν
2464 2878 2477 2893 ·
2516 2861 2708 2929 Χαίρω
2743 2856 2842 2913 καὶ
2878 2856 3183 2926 συγχαίρω
3203 2853 3392 2908 πᾶσιν
3411 2853 3578 2923 ὑμῖν·
3602 2854 3667 2907 τὸ
3692 2854 3754 2906 δ’

2171 2954 2315 3010 αὐτὸ
2338 2954 2436 3006 καὶ
2455 2951 2624 3022 ὑμεῖς
2643 2950 2879 3018 χαίρετε
2898 2947 2995 3001 καὶ
3035 2946 3391 3016 συγχαίρετέ
3414 2964 3517 3016 μοι
3540 2966 3554 2978 ·
3581 2947 3671 2999 ὲπ¹ι
3689 2948 3756 3000 δὲ

2171 3050 2282 3112 τοῖς
2298 3045 2560 3108 ἐναντίοις
2578 3043 2866 3112 ἀλγοῦντος
2885 3060 2900 3074 ο
2925 3044 3007 3095 Οῠ
3021 3042 3214 3110 μόνον
3231 3039 3360 3108 γὰρ.
3381 3040 3566 3107 φησὶν,
3587 3041 3756 3093 ἀλλὰ

2173 3140 2271 3194 καὶ
2307 3140 2473 3192 αὐτοὶ
2493 3136 2561 3189 ὲν
2578 3134 2811 3199 ἑαυτοῖς
2830 3130 3208 3200 στενάζομεν,
3230 3130 3541 3182 υἱοθεσίαν
3560 3130 3753 3182 ἀπεκ-

2173 3231 2497 3300 δεχόμενοι,
2538 3225 2651 3294 τὴν
2671 3226 3089 3292 ἀπολύτρωσιν
3120 3221 3225 3276 τοῦ
3248 3220 3521 3289 σώματος
3543 3219 3708 3287 ἡμῶν
3730 3238 3750 3252 ο

2173 3323 2268 3377 καὶ
2288 3321 2468 3375 πάλιν·
2493 3323 2557 3374 Οἱ
2577 3319 2748 3384 ὄντες
2763 3317 2834 3371 ἐν
2847 3314 2926 3382 τῷ
2944 3315 3157 3384 σκήνει
3176 3308 3756 3379 τούτῳ,στενὰζομεε·

2167 3413 2552 3482 βαρούμενοι.

2249 3568 2312 3639 γ’.
2327 3564 2479 3631 Εἶδες
2494 3567 2656 3620 πόσον
2676 3563 2790 3617 ἐστὶ
2811 3560 3096 3632 φιλοσοφία
3116 3559 3276 3612 καλόν
3297 3575 3311 3623 ;
3346 3559 3415 3611 Ἃ
3438 3564 3555 3625 τοῖς
3571 3558 3754 3621 ἄλλοις

2174 3660 2300 3727 ἄξια
2328 3659 2578 3730 δακρύων
2606 3653 2746 3710 εῖναι
2768 3655 2933 3717 δοκεῖ,
2960 3651 3132 3704 ταῦτα
3160 3649 3335 3720 τούτῳ
3356 3648 3525 3720 εὐχῆς
3547 3666 3561 3680 ·
3591 3649 3686 3703 καὶ
3710 3649 3754 3704 ἅ

2173 3755 2285 3815 τοῖς
2305 3750 2481 3814 ἄλλοις
2501 3749 2626 3816 ἀξια
2654 3745 2988 3819 εὐφροσύνης
3015 3744 3109 3797 καὶ
3134 3742 3344 3811 ἡδονῆς,
3375 3741 3548 3794 ταῦτα
3574 3740 3753 3811 τούτῳ

2177 3842 2516 3913 στεναγμῶν.
2554 3841 2623 3894 Ἦ
2653 3840 2752 3893 οὐκ
2783 3837 2908 3904 ἀξια
2940 3836 2969 3876 ι)
3005 3834 3323 3904 στεναγμῶν
3364 3832 3425 3886 τὸ
3459 3833 3548 3886 ἐπ’
3586 3832 3750 3885 ἀλλο-

2172 3936 2330 4009 τρίας
2371 3930 2527 3999 εἶναι,
2551 3934 2644 3986 καὶ
2685 3927 2967 4002 πόρρωθεν
2992 3926 3094 3998 τῆς
3135 3925 3407 3997 ήμετέρας
3436 3924 3753 3994 ἀπῳκίσθαι

2174 4027 2459 4100 πατρίδοςς
2482 4026 2554 4079 Ἦ
2583 4026 2683 4078 οὐκ
2709 4023 2857 4088 ἀξιον
2886 4019 3221 4092 εὐφροσύνης
3253 4018 3313 4072 τδ
3342 4018 3554 4089 ταχέως
3579 4034 3755 4071 κατα-

2174 4121 2400 4193 δραμεῖν
2422 4119 2515 4172 ἐπὶ
2534 4117 2625 4171 τὸν
2645 4116 2816 4170 εῦδιον
2843 4115 3055 4185 λιμένα,
3074 4114 3168 4167 καὶ
3192 4110 3486 4165 ἀπολαϐεῖν
3511 4110 3611 4179 τὴν
3634 4110 3749 4165 ἀνω

2176 4212 2351 4274 πόλιν,
2380 4210 2507 4264 ἔνθα
2535 4208 2743 4279 ἀπέδρα
2771 4207 2952 4276 ὀδύνη,
2974 4207 3068 4259 καὶ
3096 4204 3263 4273 λύπη,
3289 4203 3383 4255 καὶ
3409 4202 3742 4271 στεναγμός;

2174 4303 2285 4356 Καὶ
2324 4302 2378 4355 τί
2411 4301 2548 4372 πρὸς
2592 4299 2711 4370 ἐμὲ,
2743 4298 2898 4370 φησὶ,
2947 4297 3038 4351 τὸν
3071 4293 3429 4366 ἀμαρτωλόν;
3470 4293 3633 4364 Ὁρᾷς
3663 4294 3746 4347 δτι

2174 4394 2273 4462 οὐχ
2299 4393 2328 4445 ό
2359 4388 2587 4452 θάνατός
2616 4390 2761 4441 ἐστιν
2794 4389 2823 4439 ὁ
2847 4385 3014 4439 ποιῶν
3040 4384 3137 4454 τὴν
3165 4383 3364 4453 λύπην,
3397 4382 3531 4435 ἀλλὰ
3554 4382 3618 4434 τὸ
3648 4400 3744 4435 πο-

2176 4482 2340 4553 νηρὸν
2376 4478 2648 4543 συνειδός;
2688 4476 2901 4532 Παῦσαι
2950 4471 3043 4531 οῦν
3087 4476 3181 4529 τοῦ
3218 4472 3356 4528 εἶναι
3397 4473 3740 4545 ἁμαρτωλὸς,

2178 4573 2272 4627 καὶ
2305 4570 2457 4624 ἔσται
2488 4586 2569 4623 σοι
2597 4568 2841 4632 ποθεινὸς
2867 4568 2896 4620 ό
2924 4566 3168 4631 θάνατος.
3208 4563 3360 4632 Τοὺς
3396 4563 3746 4633 ὀφθαλμούς

2180 4661 2332 4736 [507]
2360 4680 2480 4732 μου
2518 4658 2637 4715 ἀπὸ
2670 4657 2964 4729 δακρύων.
2997 4657 3234 4719 Εἰκότως
3263 4654 3436 4718 οὕτως
3466 4649 3648 4707 εἶπεν·
3685 4653 3744 4706 οὐ

2176 4754 2285 4823 γάρ
2317 4755 2464 4805 ἐστιν
2490 4752 2608 4803 ἐκεῖ
2633 4747 2800 4819 λύπη,
2829 4748 2950 4801 οὐδὲ
2980 4747 3206 4819 ἀθυμία,
3235 4745 3354 4799 οὐδὲ
3377 4743 3597 4816 θρῆνος.
3634 4742 3745 4797 Kal

2178 4844 2320 4911 τοὺς
2340 4843 2530 4909 πόδας
2545 4859 2664 4911 μου
2685 4841 2801 4896 ἀπὸ
2819 4838 3240 4908 ὀλισθήματος.
3257 4835 3426 4890 Τοῦτο
3439 4835 3534 4889 τοῦ
3552 4833 3752 4905 προτέ-

2182 4954 2275 5008 ρου
2299 4936 2500 5007 μεῖζον.
2529 4934 2689 4999 Πῶς;
2719 4935 2842 4987 ’Ότι
2859 4932 2919 4985 οὐ
2944 4932 3103 5002 μόνον
3121 4929 3294 5000 λύπης
3316 4929 3480 4999 ἐσμὲν
3502 4926 3728 4997 ἀπηλλα-

2176 5031 2385 5101 γμένοι.
2417 5028 2552 5083 ἀλλὰ
2572 5028 2666 5080 καὶ
2690 5024 2785 5079 τοῦ
2816 5021 3262 5085 ὑποσκελίζεσθαι
3284 5021 3377 5073 καὶ
3407 5016 3750 5072 ὲπιῦουλεύεο

2178 5121 2319 5174 σθαι.
2352 5120 2472 5172 Ἐπὶ
2504 5118 2604 5187 τῆς
2645 5117 2849 5187 πέτρας
2879 5114 3074 5184 ἕστηκε
3113 5112 3221 5182 γὰρ
3251 5112 3280 5163 ὁ
3322 5108 3570 5163 ἀπελθὼν
3613 5107 3748 5179 μετά

2178 5208 2616 5281 κατορθωμάτων
2635 5224 2648 5239 ’
2680 5206 2774 5261 τοῦ
2808 5204 3023 5276 λιμένος
3056 5202 3417 5271 ἐπείληπται*
3448 5199 3626 5252 πάντα
3653 5199 3747 5251 ἀν-

2177 5305 2376 5377 ῄρηται
2407 5301 2477 5356 τά
2515 5300 2813 5371 κωλύματα
2839 5297 3057 5352 λοιπόν
3089 5290 3323 5363 οὐδαμοῦ
3356 5290 3605 5362 θόρυϐος,
3630 5290 3751 5344 οὐδὲ

2175 5395 2386 5467 ταραχή
2402 5410 2416 5425 ο
2449 5393 2565 5446 ἀλλ’
2586 5395 2645 5446 έν
2674 5391 3020 5461 εὐδοκιμήσει
3045 5397 3067 5425 ο
3094 5385 3332 5456 διηνεκεῖ
3355 5383 3503 5454 μένει
3527 5385 3555 5435 ὁ
3580 5381 3751 5443 οὕτως

2239 5664 2268 5703 δ
2292 5665 2441 5715 Savil.
2469 5666 2519 5713 in
2543 5666 2764 5727 margine
2784 5665 2815 5721 ἢ
2840 5664 2928 5711 οῦκ
2951 5661 3096 5717 ἄξιον.
3128 5658 3343 5721 Utraque
3385 5656 3533 5705 lectio
3548 5656 3754 5716 quadrat

2179 5730 2539 5839 ’δοδξῗξῖῃέλλν
2559 5788 2605 5836 ἐν
2630 5784 3122 5835 καταστάσειυιηῐῐι
3146 5782 3288 5831 malis
3306 5778 3438 5842 elige
3464 5777 3750 5827 lcclionem.
