  <div class='ocr_page' id='page_1' title='image "/cluster/home/n/w/nwhite01/storage/ocr_20150623/55/mdp.39015028539511/310.png"; bbox 0 0 4088 6274; ppageno 0'>
   <div class='ocr_carea' id='block_1_1' title="bbox 432 401 535 466">
    <p class='ocr_par' dir='ltr' id='par_1_1' title="bbox 432 401 535 466">
     <span class='ocr_line' id='line_1_1' title="bbox 432 401 535 466; baseline 0 0"><span class='ocrx_word' id='word_1_1' title='bbox 432 401 535 466; x_wconf 66' lang='grc'><strong>517</strong></span> 
     </span>
    </p>
   </div>
   <div class='ocr_carea' id='block_1_2' title="bbox 428 548 2015 629">
    <p class='ocr_par' dir='ltr' id='par_1_2' title="bbox 428 548 2015 629">
     <span class='ocr_line' id='line_1_2' title="bbox 428 548 2015 629; baseline 0.009 -27"><span class='ocrx_word' id='word_1_2' title='bbox 428 557 606 604; x_wconf 79' lang='lat' dir='ltr'><strong>autem</strong></span> <span class='ocrx_word' id='word_1_3' title='bbox 646 548 782 603; x_wconf 92' lang='lat' dir='ltr'><strong>tollit</strong></span> <span class='ocrx_word' id='word_1_4' title='bbox 823 549 1249 620; x_wconf 88' lang='lat' dir='ltr'><strong>desperationem</strong></span> <span class='ocrx_word' id='word_1_5' title='bbox 1275 593 1291 619; x_wconf 96' lang='lat'><strong>,</strong></span> <span class='ocrx_word' id='word_1_6' title='bbox 1327 554 1551 610; x_wconf 89' lang='lat' dir='ltr'><strong>salutem</strong></span> <span class='ocrx_word' id='word_1_7' title='bbox 1581 559 1732 613; x_wconf 92' lang='lat' dir='ltr'><strong>nobis</strong></span> <span class='ocrx_word' id='word_1_8' title='bbox 1769 561 2015 629; x_wconf 90' lang='lat' dir='ltr'><strong>utrinque</strong></span> 
     </span>
    </p>
   </div>
   <div class='ocr_carea' id='block_1_3' title="bbox 432 652 740 709">
    <p class='ocr_par' dir='ltr' id='par_1_3' title="bbox 432 652 740 709">
     <span class='ocr_line' id='line_1_3' title="bbox 432 652 740 709; baseline 0.003 -19"><span class='ocrx_word' id='word_1_9' title='bbox 432 652 740 709; x_wconf 81' lang='lat' dir='ltr'><strong>procurans.</strong></span> 
     </span>
    </p>
   </div>
   <div class='ocr_carea' id='block_1_4' title="bbox 498 727 2010 808">
    <p class='ocr_par' dir='ltr' id='par_1_4' title="bbox 498 727 2010 808">
     <span class='ocr_line' id='line_1_4' title="bbox 498 727 2010 808; baseline 0.009 -24"><span class='ocrx_word' id='word_1_10' title='bbox 498 727 554 784; x_wconf 72' lang='lat'><strong>2.</strong></span> <span class='ocrx_word' id='word_1_11' title='bbox 584 729 781 785; x_wconf 88' lang='lat' dir='ltr'><strong>Deinde</strong></span> <span class='ocrx_word' id='word_1_12' title='bbox 809 732 1094 787; x_wconf 89' lang='lat' dir='ltr'><strong>ostendens</strong></span> <span class='ocrx_word' id='word_1_13' title='bbox 1120 734 1283 790; x_wconf 91' lang='lat' dir='ltr'><strong>Deum</strong></span> <span class='ocrx_word' id='word_1_14' title='bbox 1312 752 1430 792; x_wconf 86' lang='lat' dir='ltr'><strong>esse</strong></span> <span class='ocrx_word' id='word_1_15' title='bbox 1461 754 1781 808; x_wconf 88' lang='lat' dir='ltr'><strong>propensum</strong></span> <span class='ocrx_word' id='word_1_16' title='bbox 1808 742 1872 795; x_wconf 86' lang='lat' dir='ltr'><strong>ad</strong></span> <span class='ocrx_word' id='word_1_17' title='bbox 1900 742 2010 798; x_wconf 86' lang='lat' dir='ltr'><strong>cle-</strong></span> 
     </span>
    </p>
   </div>
   <div class='ocr_carea' id='block_1_5' title="bbox 430 820 2005 892">
    <p class='ocr_par' dir='ltr' id='par_1_5' title="bbox 430 820 2005 892">
     <span class='ocr_line' id='line_1_5' title="bbox 430 820 2005 892; baseline 0.01 -19"><span class='ocrx_word' id='word_1_18' title='bbox 430 821 679 874; x_wconf 84' lang='lat' dir='ltr'><strong>mentiam</strong></span> <span class='ocrx_word' id='word_1_19' title='bbox 701 861 716 886; x_wconf 92' lang='lat'><strong>,</strong></span> <span class='ocrx_word' id='word_1_20' title='bbox 749 820 1020 892; x_wconf 87' lang='lat' dir='ltr'><strong>subjungit</strong></span> <span class='ocrx_word' id='word_1_21' title='bbox 1043 824 1242 891; x_wconf 89' lang='lat' dir='ltr'><strong>dicens,</strong></span> <span class='ocrx_word' id='word_1_22' title='bbox 1277 825 1342 880; x_wconf 86' lang='lat' dir='ltr'><strong>Et</strong></span> <span class='ocrx_word' id='word_1_23' title='bbox 1372 827 1506 882; x_wconf 88' lang='lat' dir='ltr'><strong>Deus</strong></span> <span class='ocrx_word' id='word_1_24' title='bbox 1536 840 1702 883; x_wconf 87' lang='lat' dir='ltr'><strong>noster</strong></span> <span class='ocrx_word' id='word_1_25' title='bbox 1729 833 2005 888; x_wconf 70' lang='lat' dir='ltr'><strong>miseretur.</strong></span> 
     </span>
    </p>
   </div>
   <div class='ocr_carea' id='block_1_6' title="bbox 428 911 2010 991">
    <p class='ocr_par' dir='ltr' id='par_1_6' title="bbox 428 911 2010 991">
     <span class='ocr_line' id='line_1_6' title="bbox 428 911 2010 991; baseline 0.011 -28"><span class='ocrx_word' id='word_1_26' title='bbox 428 911 589 966; x_wconf 80' lang='lat' dir='ltr'><strong>Recte</strong></span> <span class='ocrx_word' id='word_1_27' title='bbox 613 919 790 964; x_wconf 86' lang='lat' dir='ltr'><strong>autem</strong></span> <span class='ocrx_word' id='word_1_28' title='bbox 817 911 969 978; x_wconf 92' lang='lat' dir='ltr'><strong>dixit,</strong></span> <span class='ocrx_word' id='word_1_29' title='bbox 995 912 1132 969; x_wconf 88' lang='lat' dir='ltr'><strong>Deus</strong></span> <span class='ocrx_word' id='word_1_30' title='bbox 1161 928 1328 971; x_wconf 87' lang='lat' dir='ltr'><strong>noster</strong></span> <span class='ocrx_word' id='word_1_31' title='bbox 1351 934 1370 972; x_wconf 91' lang='lat'><strong><em>:</em></strong></span> <span class='ocrx_word' id='word_1_32' title='bbox 1401 928 1456 972; x_wconf 91' lang='lat' dir='ltr'><strong>ut</strong></span> <span class='ocrx_word' id='word_1_33' title='bbox 1481 935 1601 974; x_wconf 86' lang='lat' dir='ltr'><strong>eum</strong></span> <span class='ocrx_word' id='word_1_34' title='bbox 1631 921 1915 991; x_wconf 87' lang='lat' dir='ltr'><strong>distinguat</strong></span> <span class='ocrx_word' id='word_1_35' title='bbox 1940 924 2010 980; x_wconf 84' lang='lat' dir='ltr'><strong>ab</strong></span> 
     </span>
    </p>
   </div>
   <div class='ocr_carea' id='block_1_7' title="bbox 426 1002 2008 1074">
    <p class='ocr_par' dir='ltr' id='par_1_7' title="bbox 426 1002 2008 1074">
     <span class='ocr_line' id='line_1_7' title="bbox 426 1002 2008 1074; baseline 0.009 -20"><span class='ocrx_word' id='word_1_36' title='bbox 426 1003 488 1055; x_wconf 90' lang='lat' dir='ltr'><strong>iis</strong></span> <span class='ocrx_word' id='word_1_37' title='bbox 517 1002 654 1068; x_wconf 88' lang='lat' dir='ltr'><strong>diis,</strong></span> <span class='ocrx_word' id='word_1_38' title='bbox 682 1019 909 1074; x_wconf 90' lang='lat' dir='ltr'><strong>quorum</strong></span> <span class='ocrx_word' id='word_1_39' title='bbox 939 1007 1094 1073; x_wconf 90' lang='lat' dir='ltr'><strong>paulo</strong></span> <span class='ocrx_word' id='word_1_40' title='bbox 1120 1017 1243 1062; x_wconf 89' lang='lat' dir='ltr'><strong>ante</strong></span> <span class='ocrx_word' id='word_1_41' title='bbox 1264 1012 1523 1064; x_wconf 88' lang='lat' dir='ltr'><strong>meminit.</strong></span> <span class='ocrx_word' id='word_1_42' title='bbox 1556 1011 1692 1066; x_wconf 90' lang='lat' dir='ltr'><strong>Sunt</strong></span> <span class='ocrx_word' id='word_1_43' title='bbox 1719 1014 1860 1068; x_wconf 90' lang='lat' dir='ltr'><strong>enim</strong></span> <span class='ocrx_word' id='word_1_44' title='bbox 1887 1014 2008 1069; x_wconf 90' lang='lat' dir='ltr'><strong>illo-</strong></span> 
     </span>
    </p>
   </div>
   <div class='ocr_carea' id='block_1_8' title="bbox 423 1095 2007 1174">
    <p class='ocr_par' dir='ltr' id='par_1_8' title="bbox 423 1095 2007 1174">
     <span class='ocr_line' id='line_1_8' title="bbox 423 1095 2007 1174; baseline 0.011 -31"><span class='ocrx_word' id='word_1_45' title='bbox 423 1107 538 1144; x_wconf 86' lang='lat' dir='ltr'><strong>rum</strong></span> <span class='ocrx_word' id='word_1_46' title='bbox 572 1101 749 1160; x_wconf 90' lang='lat' dir='ltr'><strong>partes</strong></span> <span class='ocrx_word' id='word_1_47' title='bbox 768 1095 1032 1159; x_wconf 89' lang='lat' dir='ltr'><strong>occidere,</strong></span> <span class='ocrx_word' id='word_1_48' title='bbox 1055 1097 1122 1152; x_wconf 91' lang='lat' dir='ltr'><strong>de</strong></span> <span class='ocrx_word' id='word_1_49' title='bbox 1149 1099 1322 1154; x_wconf 90' lang='lat' dir='ltr'><strong>medio</strong></span> <span class='ocrx_word' id='word_1_50' title='bbox 1343 1101 1551 1168; x_wconf 89' lang='lat' dir='ltr'><strong>tollere,</strong></span> <span class='ocrx_word' id='word_1_51' title='bbox 1575 1113 1629 1156; x_wconf 90' lang='lat' dir='ltr'><strong>et</strong></span> <span class='ocrx_word' id='word_1_52' title='bbox 1655 1102 1788 1159; x_wconf 89' lang='lat' dir='ltr'><strong>bella</strong></span> <span class='ocrx_word' id='word_1_53' title='bbox 1815 1105 2007 1174; x_wconf 84' lang='lat' dir='ltr'><strong>impla-</strong></span> 
     </span>
    </p>
   </div>
   <div class='ocr_carea' id='block_1_9' title="bbox 421 1181 2005 1260">
    <p class='ocr_par' dir='ltr' id='par_1_9' title="bbox 421 1181 2005 1260">
     <span class='ocr_line' id='line_1_9' title="bbox 421 1181 2005 1260; baseline 0.009 -24"><span class='ocrx_word' id='word_1_54' title='bbox 421 1181 608 1236; x_wconf 84' lang='lat' dir='ltr'><strong>cabilia</strong></span> <span class='ocrx_word' id='word_1_55' title='bbox 649 1197 872 1252; x_wconf 80' lang='lat' dir='ltr'><strong>gerere;</strong></span> <span class='ocrx_word' id='word_1_56' title='bbox 903 1185 1058 1254; x_wconf 92' lang='lat' dir='ltr'><strong>hujus</strong></span> <span class='ocrx_word' id='word_1_57' title='bbox 1096 1195 1271 1243; x_wconf 82' lang='lat' dir='ltr'><strong>autem</strong></span> <span class='ocrx_word' id='word_1_58' title='bbox 1297 1230 1311 1254; x_wconf 95' lang='lat'><strong>,</strong></span> <span class='ocrx_word' id='word_1_59' title='bbox 1342 1193 1415 1244; x_wconf 93' lang='lat' dir='ltr'><strong>uti</strong></span> <span class='ocrx_word' id='word_1_60' title='bbox 1454 1192 1732 1248; x_wconf 88' lang='lat' dir='ltr'><strong>clementia</strong></span> <span class='ocrx_word' id='word_1_61' title='bbox 1758 1235 1773 1260; x_wconf 98' lang='lat'><strong>,</strong></span> <span class='ocrx_word' id='word_1_62' title='bbox 1799 1194 2005 1249; x_wconf 88' lang='lat' dir='ltr'><strong>condo-</strong></span> 
     </span>
    </p>
   </div>
   <div class='ocr_carea' id='block_1_10' title="bbox 421 1272 2002 1353">
    <p class='ocr_par' dir='ltr' id='par_1_10' title="bbox 421 1272 2002 1353">
     <span class='ocr_line' id='line_1_10' title="bbox 421 1272 2002 1353; baseline 0.012 -31"><span class='ocrx_word' id='word_1_63' title='bbox 421 1285 571 1337; x_wconf 84' lang='lat' dir='ltr'><strong>nare,</strong></span> <span class='ocrx_word' id='word_1_64' title='bbox 600 1279 652 1325; x_wconf 91' lang='lat' dir='ltr'><strong>et</strong></span> <span class='ocrx_word' id='word_1_65' title='bbox 672 1272 884 1328; x_wconf 83' lang='lat' dir='ltr'><strong>assidue</strong></span> <span class='ocrx_word' id='word_1_66' title='bbox 903 1289 932 1327; x_wconf 93' lang='lat' dir='ltr'><strong>a</strong></span> <span class='ocrx_word' id='word_1_67' title='bbox 965 1277 1212 1344; x_wconf 85' lang='lat' dir='ltr'><strong>periculis</strong></span> <span class='ocrx_word' id='word_1_68' title='bbox 1231 1279 1473 1348; x_wconf 89' lang='lat' dir='ltr'><strong>eripere:</strong></span> <span class='ocrx_word' id='word_1_69' title='bbox 1498 1298 1614 1351; x_wconf 79' lang='lat' dir='ltr'><strong>qua:</strong></span> <span class='ocrx_word' id='word_1_70' title='bbox 1642 1285 1855 1353; x_wconf 87' lang='lat' dir='ltr'><strong>quidem</strong></span> <span class='ocrx_word' id='word_1_71' title='bbox 1880 1302 2002 1341; x_wconf 92' lang='lat' dir='ltr'><strong>cum</strong></span> 
     </span>
    </p>
   </div>
   <div class='ocr_carea' id='block_1_11' title="bbox 419 1359 2003 1430">
    <p class='ocr_par' dir='ltr' id='par_1_11' title="bbox 419 1359 2003 1430">
     <span class='ocr_line' id='line_1_11' title="bbox 419 1359 2003 1430; baseline 0.011 -16"><span class='ocrx_word' id='word_1_72' title='bbox 419 1359 538 1414; x_wconf 90' lang='lat' dir='ltr'><strong>aliis</strong></span> <span class='ocrx_word' id='word_1_73' title='bbox 565 1362 795 1417; x_wconf 84' lang='lat' dir='ltr'><strong>maxime</strong></span> <span class='ocrx_word' id='word_1_74' title='bbox 825 1366 1113 1420; x_wconf 91' lang='lat' dir='ltr'><strong>ostendunt</strong></span> <span class='ocrx_word' id='word_1_75' title='bbox 1151 1367 1270 1422; x_wconf 92' lang='lat' dir='ltr'><strong>illos</strong></span> <span class='ocrx_word' id='word_1_76' title='bbox 1296 1384 1418 1425; x_wconf 91' lang='lat' dir='ltr'><strong>esse</strong></span> <span class='ocrx_word' id='word_1_77' title='bbox 1445 1370 1714 1427; x_wconf 83' lang='lat' dir='ltr'><strong>daemones</strong></span> <span class='ocrx_word' id='word_1_78' title='bbox 1737 1381 1792 1429; x_wconf 90' lang='lat' dir='ltr'><strong>et</strong></span> <span class='ocrx_word' id='word_1_79' title='bbox 1816 1377 2003 1430; x_wconf 86' lang='lat' dir='ltr'><strong>exitio-</strong></span> 
     </span>
    </p>
   </div>
   <div class='ocr_carea' id='block_1_12' title="bbox 418 1451 2002 1531">
    <p class='ocr_par' dir='ltr' id='par_1_12' title="bbox 418 1451 2002 1531">
     <span class='ocr_line' id='line_1_12' title="bbox 418 1451 2002 1531; baseline 0.012 -28"><span class='ocrx_word' id='word_1_80' title='bbox 418 1465 528 1516; x_wconf 90' lang='lat' dir='ltr'><strong>sos,</strong></span> <span class='ocrx_word' id='word_1_81' title='bbox 562 1451 701 1506; x_wconf 90' lang='lat' dir='ltr'><strong>hunc</strong></span> <span class='ocrx_word' id='word_1_82' title='bbox 722 1463 898 1508; x_wconf 88' lang='lat' dir='ltr'><strong>autem</strong></span> <span class='ocrx_word' id='word_1_83' title='bbox 924 1470 1106 1511; x_wconf 90' lang='lat' dir='ltr'><strong>curam</strong></span> <span class='ocrx_word' id='word_1_84' title='bbox 1131 1473 1316 1528; x_wconf 79' lang='lat' dir='ltr'><strong>gerere</strong></span> <span class='ocrx_word' id='word_1_85' title='bbox 1337 1470 1390 1515; x_wconf 91' lang='lat' dir='ltr'><strong>et</strong></span> <span class='ocrx_word' id='word_1_86' title='bbox 1411 1463 1712 1531; x_wconf 80' lang='lat' dir='ltr'><strong>providere,</strong></span> <span class='ocrx_word' id='word_1_87' title='bbox 1736 1474 1790 1520; x_wconf 90' lang='lat' dir='ltr'><strong>et</strong></span> <span class='ocrx_word' id='word_1_88' title='bbox 1818 1482 2002 1522; x_wconf 90' lang='lat' dir='ltr'><strong>verum</strong></span> 
     </span>
    </p>
   </div>
   <div class='ocr_carea' id='block_1_13' title="bbox 417 1545 752 1598">
    <p class='ocr_par' dir='ltr' id='par_1_13' title="bbox 417 1545 752 1598">
     <span class='ocr_line' id='line_1_13' title="bbox 417 1545 752 1598; baseline 0.006 -3"><span class='ocrx_word' id='word_1_89' title='bbox 417 1556 537 1598; x_wconf 88' lang='lat' dir='ltr'><strong>esse</strong></span> <span class='ocrx_word' id='word_1_90' title='bbox 567 1545 752 1598; x_wconf 88' lang='lat' dir='ltr'><strong>Deum.</strong></span> 
     </span>
    </p>
   </div>
   <div class='ocr_carea' id='block_1_14' title="bbox 491 1631 2002 1710">
    <p class='ocr_par' dir='ltr' id='par_1_14' title="bbox 491 1631 2002 1710">
     <span class='ocr_line' id='line_1_14' title="bbox 491 1631 2002 1710; baseline 0.013 -25"><span class='ocrx_word' id='word_1_91' title='bbox 491 1631 756 1705; x_wconf 83' lang='lat' dir='ltr'><strong>Infantum</strong></span> <span class='ocrx_word' id='word_1_92' title='bbox 797 1654 856 1690; x_wconf 91' lang='lat' dir='ltr'><strong>ac</strong></span> <span class='ocrx_word' id='word_1_93' title='bbox 901 1656 1172 1710; x_wconf 87' lang='lat' dir='ltr'><strong>puerorum</strong></span> <span class='ocrx_word' id='word_1_94' title='bbox 1209 1652 1375 1697; x_wconf 88' lang='lat' dir='ltr'><strong>custos</strong></span> <span class='ocrx_word' id='word_1_95' title='bbox 1413 1642 1571 1699; x_wconf 88' lang='lat' dir='ltr'><strong>Deus.</strong></span> <span class='ocrx_word' id='word_1_96' title='bbox 1598 1645 1857 1704; x_wconf 76' lang='lat' dir='ltr'><strong>Securitas</strong></span> <span class='ocrx_word' id='word_1_97' title='bbox 1887 1650 2002 1705; x_wconf 70' lang='lat' dir='ltr'><strong>vitta</strong></span> 
     </span>
    </p>
   </div>
   <div class='ocr_carea' id='block_1_15' title="bbox 417 1728 1998 1804">
    <p class='ocr_par' dir='ltr' id='par_1_15' title="bbox 417 1728 1998 1804">
     <span class='ocr_line' id='line_1_15' title="bbox 417 1728 1998 1804; baseline 0.011 -25"><span class='ocrx_word' id='word_1_98' title='bbox 417 1742 520 1780; x_wconf 87' lang='lat' dir='ltr'><strong>non</strong></span> <span class='ocrx_word' id='word_1_99' title='bbox 549 1736 619 1780; x_wconf 87' lang='lat' dir='ltr'><strong>est</strong></span> <span class='ocrx_word' id='word_1_100' title='bbox 642 1731 925 1797; x_wconf 64' lang='lat' dir='ltr'><strong>quaerenda.</strong></span> <span class='ocrx_word' id='word_1_101' title='bbox 953 1728 1093 1785; x_wconf 83' lang='lat' dir='ltr'><strong>Mors</strong></span> <span class='ocrx_word' id='word_1_102' title='bbox 1114 1733 1337 1788; x_wconf 88' lang='lat' dir='ltr'><strong>liberatio</strong></span> <span class='ocrx_word' id='word_1_103' title='bbox 1366 1745 1411 1788; x_wconf 92' lang='lat' dir='ltr'><strong>et</strong></span> <span class='ocrx_word' id='word_1_104' title='bbox 1437 1739 1644 1804; x_wconf 77' lang='lat' dir='ltr'><strong>requies.</strong></span> <span class='ocrx_word' id='word_1_105' title='bbox 1675 1738 1789 1794; x_wconf 82' lang='lat' dir='ltr'><strong>Vita</strong></span> <span class='ocrx_word' id='word_1_106' title='bbox 1806 1758 1897 1795; x_wconf 88' lang='lat' dir='ltr'><strong>cur</strong></span> <span class='ocrx_word' id='word_1_107' title='bbox 1915 1745 1998 1798; x_wconf 88' lang='lat' dir='ltr'><strong>la-</strong></span> 
     </span>
    </p>
   </div>
   <div class='ocr_carea' id='block_1_16' title="bbox 417 1814 1997 1892">
    <p class='ocr_par' dir='ltr' id='par_1_16' title="bbox 417 1814 1997 1892">
     <span class='ocr_line' id='line_1_16' title="bbox 417 1814 1997 1892; baseline 0.011 -20"><span class='ocrx_word' id='word_1_108' title='bbox 417 1818 633 1874; x_wconf 79' lang='lat' dir='ltr'><strong>boriosa.</strong></span> <span class='ocrx_word' id='word_1_109' title='bbox 650 1821 782 1875; x_wconf 66' lang='lat'><strong>—-6.</strong></span> <span class='ocrx_word' id='word_1_110' title='bbox 825 1814 1122 1878; x_wconf 86' lang='lat' dir='ltr'><strong>Custodiens</strong></span> <span class='ocrx_word' id='word_1_111' title='bbox 1147 1827 1379 1892; x_wconf 89' lang='lat' dir='ltr'><strong>parvulos</strong></span> <span class='ocrx_word' id='word_1_112' title='bbox 1399 1826 1644 1883; x_wconf 80' lang='lat' dir='ltr'><strong>Dominus</strong></span> <span class='ocrx_word' id='word_1_113' title='bbox 1665 1849 1684 1885; x_wconf 89' lang='lat'><strong><em>:</em></strong></span> <span class='ocrx_word' id='word_1_114' title='bbox 1705 1832 1997 1890; x_wconf 78' lang='lat' dir='ltr'><strong>humiliatus</strong></span> 
     </span>
    </p>
   </div>
   <div class='ocr_carea' id='block_1_17' title="bbox 417 1913 1996 1995">
    <p class='ocr_par' dir='ltr' id='par_1_17' title="bbox 417 1913 1996 1995">
     <span class='ocr_line' id='line_1_17' title="bbox 417 1913 1996 1995; baseline 0.011 -31"><span class='ocrx_word' id='word_1_115' title='bbox 417 1928 546 1976; x_wconf 84' lang='lat' dir='ltr'><strong>sum,</strong></span> <span class='ocrx_word' id='word_1_116' title='bbox 572 1923 617 1965; x_wconf 81' lang='lat' dir='ltr'><strong>et</strong></span> <span class='ocrx_word' id='word_1_117' title='bbox 640 1913 860 1968; x_wconf 80' lang='lat' dir='ltr'><strong>liberavit</strong></span> <span class='ocrx_word' id='word_1_118' title='bbox 890 1932 987 1970; x_wconf 88' lang='lat' dir='ltr'><strong>me.</strong></span> <span class='ocrx_word' id='word_1_119' title='bbox 1032 1916 1129 1970; x_wconf 89' lang='lat' dir='ltr'><strong>llic</strong></span> <span class='ocrx_word' id='word_1_120' title='bbox 1157 1927 1334 1972; x_wconf 84' lang='lat' dir='ltr'><strong>movet</strong></span> <span class='ocrx_word' id='word_1_121' title='bbox 1375 1921 1661 1976; x_wconf 82' lang='lat' dir='ltr'><strong>maximum</strong></span> <span class='ocrx_word' id='word_1_122' title='bbox 1687 1938 1854 1992; x_wconf 85' lang='lat' dir='ltr'><strong>genus</strong></span> <span class='ocrx_word' id='word_1_123' title='bbox 1879 1926 1996 1995; x_wconf 88' lang='lat' dir='ltr'><strong>ejus</strong></span> 
     </span>
    </p>
   </div>
   <div class='ocr_carea' id='block_1_18' title="bbox 415 2003 1989 2085">
    <p class='ocr_par' dir='ltr' id='par_1_18' title="bbox 415 2003 1989 2085">
     <span class='ocr_line' id='line_1_18' title="bbox 415 2003 1989 2085; baseline 0.011 -30"><span class='ocrx_word' id='word_1_124' title='bbox 415 2003 779 2071; x_wconf 60' lang='lat' dir='ltr'><strong>providentiae.</strong></span> <span class='ocrx_word' id='word_1_125' title='bbox 802 2005 1058 2074; x_wconf 92' lang='lat' dir='ltr'><strong>Quoniam</strong></span> <span class='ocrx_word' id='word_1_126' title='bbox 1085 2009 1225 2062; x_wconf 91' lang='lat' dir='ltr'><strong>enim</strong></span> <span class='ocrx_word' id='word_1_127' title='bbox 1249 2008 1402 2075; x_wconf 85' lang='lat' dir='ltr'><strong>dixit,</strong></span> <span class='ocrx_word' id='word_1_128' title='bbox 1429 2010 1714 2067; x_wconf 74' lang='lat' dir='ltr'><strong>Misericors</strong></span> <span class='ocrx_word' id='word_1_129' title='bbox 1736 2024 1782 2068; x_wconf 86' lang='lat' dir='ltr'><strong>et</strong></span> <span class='ocrx_word' id='word_1_130' title='bbox 1800 2017 1989 2085; x_wconf 89' lang='lat' dir='ltr'><strong>justus,</strong></span> 
     </span>
    </p>
   </div>
   <div class='ocr_carea' id='block_1_19' title="bbox 412 2094 1992 2177">
    <p class='ocr_par' dir='ltr' id='par_1_19' title="bbox 412 2094 1992 2177">
     <span class='ocr_line' id='line_1_19' title="bbox 412 2094 1992 2177; baseline 0.011 -32"><span class='ocrx_word' id='word_1_131' title='bbox 412 2103 458 2145; x_wconf 89' lang='lat' dir='ltr'><strong>et</strong></span> <span class='ocrx_word' id='word_1_132' title='bbox 487 2094 777 2162; x_wconf 83' lang='lat' dir='ltr'><strong>miseretur,</strong></span> <span class='ocrx_word' id='word_1_133' title='bbox 807 2095 921 2165; x_wconf 88' lang='lat' dir='ltr'><strong>ejus</strong></span> <span class='ocrx_word' id='word_1_134' title='bbox 961 2098 1206 2153; x_wconf 72' lang='lat' dir='ltr'><strong>maxima:</strong></span> <span class='ocrx_word' id='word_1_135' title='bbox 1237 2099 1534 2156; x_wconf 63' lang='lat' dir='ltr'><strong>clementia;</strong></span> <span class='ocrx_word' id='word_1_136' title='bbox 1570 2118 1704 2172; x_wconf 84' lang='lat' dir='ltr'><strong>Opus</strong></span> <span class='ocrx_word' id='word_1_137' title='bbox 1742 2105 1992 2177; x_wconf 86' lang='lat' dir='ltr'><strong>deinceps</strong></span> 
     </span>
    </p>
   </div>
   <div class='ocr_carea' id='block_1_20' title="bbox 409 2185 1990 2262">
    <p class='ocr_par' dir='ltr' id='par_1_20' title="bbox 409 2185 1990 2262">
     <span class='ocr_line' id='line_1_20' title="bbox 409 2185 1990 2262; baseline 0.011 -26"><span class='ocrx_word' id='word_1_138' title='bbox 409 2185 661 2238; x_wconf 85' lang='lat' dir='ltr'><strong>ostendit.</strong></span> <span class='ocrx_word' id='word_1_139' title='bbox 688 2185 1010 2253; x_wconf 86' lang='lat' dir='ltr'><strong>Quodnam?</strong></span> <span class='ocrx_word' id='word_1_140' title='bbox 1037 2187 1090 2242; x_wconf 94' lang='lat' dir='ltr'><strong>Id</strong></span> <span class='ocrx_word' id='word_1_141' title='bbox 1117 2189 1363 2246; x_wconf 86' lang='lat' dir='ltr'><strong>videlicet</strong></span> <span class='ocrx_word' id='word_1_142' title='bbox 1394 2208 1499 2262; x_wconf 92' lang='lat' dir='ltr'><strong>quo</strong></span> <span class='ocrx_word' id='word_1_143' title='bbox 1533 2197 1698 2250; x_wconf 89' lang='lat' dir='ltr'><strong>utitur</strong></span> <span class='ocrx_word' id='word_1_144' title='bbox 1734 2197 1785 2250; x_wconf 91' lang='lat' dir='ltr'><strong>in</strong></span> <span class='ocrx_word' id='word_1_145' title='bbox 1817 2199 1990 2253; x_wconf 52' lang='lat' dir='ltr'><strong>infan-</strong></span> 
     </span>
    </p>
   </div>
   <div class='ocr_carea' id='block_1_21' title="bbox 411 2279 1989 2359">
    <p class='ocr_par' dir='ltr' id='par_1_21' title="bbox 411 2279 1989 2359">
     <span class='ocr_line' id='line_1_21' title="bbox 411 2279 1989 2359; baseline 0.011 -32"><span class='ocrx_word' id='word_1_146' title='bbox 411 2285 490 2328; x_wconf 89' lang='lat' dir='ltr'><strong>tes</strong></span> <span class='ocrx_word' id='word_1_147' title='bbox 508 2289 570 2328; x_wconf 91' lang='lat' dir='ltr'><strong>ac</strong></span> <span class='ocrx_word' id='word_1_148' title='bbox 611 2291 805 2344; x_wconf 91' lang='lat' dir='ltr'><strong>pueros</strong></span> <span class='ocrx_word' id='word_1_149' title='bbox 841 2294 855 2331; x_wconf 91' lang='lat'><strong>:</strong></span> <span class='ocrx_word' id='word_1_150' title='bbox 897 2292 1004 2331; x_wconf 93' lang='lat' dir='ltr'><strong>non</strong></span> <span class='ocrx_word' id='word_1_151' title='bbox 1051 2280 1188 2334; x_wconf 91' lang='lat' dir='ltr'><strong>enim</strong></span> <span class='ocrx_word' id='word_1_152' title='bbox 1235 2279 1492 2337; x_wconf 87' lang='lat' dir='ltr'><strong>habemus</strong></span> <span class='ocrx_word' id='word_1_153' title='bbox 1533 2287 1791 2341; x_wconf 88' lang='lat' dir='ltr'><strong>rationem</strong></span> <span class='ocrx_word' id='word_1_154' title='bbox 1823 2331 1837 2355; x_wconf 95' lang='lat'><strong>,</strong></span> <span class='ocrx_word' id='word_1_155' title='bbox 1869 2305 1989 2359; x_wconf 68' lang='lat' dir='ltr'><strong>quae</strong></span> 
     </span>
    </p>
   </div>
   <div class='ocr_carea' id='block_1_22' title="bbox 407 2367 1988 2448">
    <p class='ocr_par' dir='ltr' id='par_1_22' title="bbox 407 2367 1988 2448">
     <span class='ocr_line' id='line_1_22' title="bbox 407 2367 1988 2448; baseline 0.011 -28"><span class='ocrx_word' id='word_1_156' title='bbox 407 2381 504 2422; x_wconf 81' lang='lat' dir='ltr'><strong>nos</strong></span> <span class='ocrx_word' id='word_1_157' title='bbox 543 2367 695 2422; x_wconf 90' lang='lat' dir='ltr'><strong>docet</strong></span> <span class='ocrx_word' id='word_1_158' title='bbox 739 2369 854 2424; x_wconf 62' lang='lat' dir='ltr'><strong>haec</strong></span> <span class='ocrx_word' id='word_1_159' title='bbox 882 2370 1049 2425; x_wconf 90' lang='lat' dir='ltr'><strong>vitare</strong></span> <span class='ocrx_word' id='word_1_160' title='bbox 1069 2411 1082 2434; x_wconf 92' lang='lat'><strong>,</strong></span> <span class='ocrx_word' id='word_1_161' title='bbox 1112 2372 1196 2426; x_wconf 89' lang='lat' dir='ltr'><strong>illa</strong></span> <span class='ocrx_word' id='word_1_162' title='bbox 1219 2373 1416 2443; x_wconf 82' lang='lat' dir='ltr'><strong>eligere</strong></span> <span class='ocrx_word' id='word_1_163' title='bbox 1440 2416 1454 2440; x_wconf 95' lang='lat'><strong>,</strong></span> <span class='ocrx_word' id='word_1_164' title='bbox 1489 2386 1543 2430; x_wconf 88' lang='lat' dir='ltr'><strong>et</strong></span> <span class='ocrx_word' id='word_1_165' title='bbox 1571 2380 1707 2433; x_wconf 88' lang='lat' dir='ltr'><strong>mala</strong></span> <span class='ocrx_word' id='word_1_166' title='bbox 1742 2396 1859 2448; x_wconf 83' lang='lat' dir='ltr'><strong>quae</strong></span> <span class='ocrx_word' id='word_1_167' title='bbox 1890 2397 1988 2438; x_wconf 91' lang='lat' dir='ltr'><strong>nos</strong></span> 
     </span>
    </p>
   </div>
   <div class='ocr_carea' id='block_1_23' title="bbox 409 2459 1988 2534">
    <p class='ocr_par' dir='ltr' id='par_1_23' title="bbox 409 2459 1988 2534">
     <span class='ocr_line' id='line_1_23' title="bbox 409 2459 1988 2534; baseline 0.009 -22"><span class='ocrx_word' id='word_1_168' title='bbox 409 2459 664 2514; x_wconf 88' lang='lat' dir='ltr'><strong>invadunt</strong></span> <span class='ocrx_word' id='word_1_169' title='bbox 693 2462 1003 2531; x_wconf 88' lang='lat' dir='ltr'><strong>propulsare</strong></span> <span class='ocrx_word' id='word_1_170' title='bbox 1025 2504 1041 2528; x_wconf 92' lang='lat'><strong>,</strong></span> <span class='ocrx_word' id='word_1_171' title='bbox 1070 2471 1124 2518; x_wconf 90' lang='lat' dir='ltr'><strong>et</strong></span> <span class='ocrx_word' id='word_1_172' title='bbox 1151 2480 1270 2534; x_wconf 72' lang='lat' dir='ltr'><strong>qua:</strong></span> <span class='ocrx_word' id='word_1_173' title='bbox 1299 2465 1490 2521; x_wconf 85' lang='lat' dir='ltr'><strong>adsunt</strong></span> <span class='ocrx_word' id='word_1_174' title='bbox 1517 2479 1767 2526; x_wconf 81' lang='lat' dir='ltr'><strong>excutere</strong></span> <span class='ocrx_word' id='word_1_175' title='bbox 1791 2490 1804 2524; x_wconf 90' lang='lat'><strong>:</strong></span> <span class='ocrx_word' id='word_1_176' title='bbox 1837 2481 1890 2527; x_wconf 90' lang='lat' dir='ltr'><strong>et</strong></span> <span class='ocrx_word' id='word_1_177' title='bbox 1911 2475 1988 2527; x_wconf 90' lang='lat' dir='ltr'><strong>vi-</strong></span> 
     </span>
    </p>
   </div>
   <div class='ocr_carea' id='block_1_24' title="bbox 401 2552 1984 2624">
    <p class='ocr_par' dir='ltr' id='par_1_24' title="bbox 401 2552 1984 2624">
     <span class='ocr_line' id='line_1_24' title="bbox 401 2552 1984 2624; baseline 0.01 -18"><span class='ocrx_word' id='word_1_178' title='bbox 401 2552 551 2607; x_wconf 89' lang='lat' dir='ltr'><strong>ribus</strong></span> <span class='ocrx_word' id='word_1_179' title='bbox 574 2553 850 2621; x_wconf 88' lang='lat' dir='ltr'><strong>valemus,</strong></span> <span class='ocrx_word' id='word_1_180' title='bbox 889 2563 942 2610; x_wconf 91' lang='lat' dir='ltr'><strong>et</strong></span> <span class='ocrx_word' id='word_1_181' title='bbox 980 2566 1123 2611; x_wconf 89' lang='lat' dir='ltr'><strong>artes</strong></span> <span class='ocrx_word' id='word_1_182' title='bbox 1159 2557 1394 2624; x_wconf 87' lang='lat' dir='ltr'><strong>scimus;</strong></span> <span class='ocrx_word' id='word_1_183' title='bbox 1444 2559 1673 2616; x_wconf 83' lang='lat' dir='ltr'><strong>infantes</strong></span> <span class='ocrx_word' id='word_1_184' title='bbox 1699 2574 1878 2620; x_wconf 90' lang='lat' dir='ltr'><strong>autem</strong></span> <span class='ocrx_word' id='word_1_185' title='bbox 1920 2581 1984 2622; x_wconf 88' lang='lat' dir='ltr'><strong>ac</strong></span> 
     </span>
    </p>
   </div>
   <div class='ocr_carea' id='block_1_25' title="bbox 400 2643 1983 2722">
    <p class='ocr_par' dir='ltr' id='par_1_25' title="bbox 400 2643 1983 2722">
     <span class='ocr_line' id='line_1_25' title="bbox 400 2643 1983 2722; baseline 0.008 -25"><span class='ocrx_word' id='word_1_186' title='bbox 400 2643 548 2712; x_wconf 89' lang='lat' dir='ltr'><strong>pueri</strong></span> <span class='ocrx_word' id='word_1_187' title='bbox 579 2685 596 2711; x_wconf 93' lang='lat'><strong>,</strong></span> <span class='ocrx_word' id='word_1_188' title='bbox 642 2644 831 2715; x_wconf 87' lang='lat' dir='ltr'><strong>quibus</strong></span> <span class='ocrx_word' id='word_1_189' title='bbox 869 2645 986 2703; x_wconf 65' lang='lat' dir='ltr'><strong>haec</strong></span> <span class='ocrx_word' id='word_1_190' title='bbox 1030 2647 1206 2702; x_wconf 90' lang='lat' dir='ltr'><strong>omnia</strong></span> <span class='ocrx_word' id='word_1_191' title='bbox 1255 2647 1550 2718; x_wconf 91' lang='lat' dir='ltr'><strong>deﬁciunt,</strong></span> <span class='ocrx_word' id='word_1_192' title='bbox 1600 2663 1722 2707; x_wconf 92' lang='lat' dir='ltr'><strong>sunt</strong></span> <span class='ocrx_word' id='word_1_193' title='bbox 1765 2655 1983 2722; x_wconf 87' lang='lat' dir='ltr'><strong>perinde</strong></span> 
     </span>
    </p>
   </div>
   <div class='ocr_carea' id='block_1_26' title="bbox 399 2730 1982 2811">
    <p class='ocr_par' dir='ltr' id='par_1_26' title="bbox 399 2730 1982 2811">
     <span class='ocr_line' id='line_1_26' title="bbox 399 2730 1982 2811; baseline 0.008 -21"><span class='ocrx_word' id='word_1_194' title='bbox 399 2752 463 2792; x_wconf 90' lang='lat' dir='ltr'><strong>ac</strong></span> <span class='ocrx_word' id='word_1_195' title='bbox 499 2741 542 2791; x_wconf 88' lang='lat' dir='ltr'><strong>si</strong></span> <span class='ocrx_word' id='word_1_196' title='bbox 577 2754 682 2792; x_wconf 90' lang='lat' dir='ltr'><strong>non</strong></span> <span class='ocrx_word' id='word_1_197' title='bbox 729 2737 983 2793; x_wconf 86' lang='lat' dir='ltr'><strong>haberent</strong></span> <span class='ocrx_word' id='word_1_198' title='bbox 1007 2730 1097 2809; x_wconf 87' lang='lat' dir='ltr'><strong>qui</strong></span> <span class='ocrx_word' id='word_1_199' title='bbox 1125 2754 1219 2796; x_wconf 91' lang='lat' dir='ltr'><strong>eos</strong></span> <span class='ocrx_word' id='word_1_200' title='bbox 1249 2753 1455 2811; x_wconf 85' lang='lat' dir='ltr'><strong>regeret</strong></span> <span class='ocrx_word' id='word_1_201' title='bbox 1487 2761 1498 2795; x_wconf 96' lang='lat'><strong>:</strong></span> <span class='ocrx_word' id='word_1_202' title='bbox 1532 2746 1627 2800; x_wconf 92' lang='lat' dir='ltr'><strong>sed</strong></span> <span class='ocrx_word' id='word_1_203' title='bbox 1656 2745 1706 2798; x_wconf 92' lang='lat' dir='ltr'><strong>in</strong></span> <span class='ocrx_word' id='word_1_204' title='bbox 1737 2748 1982 2804; x_wconf 91' lang='lat' dir='ltr'><strong>omnibus</strong></span> 
     </span>
    </p>
   </div>
   <div class='ocr_carea' id='block_1_27' title="bbox 399 2827 1978 2902">
    <p class='ocr_par' dir='ltr' id='par_1_27' title="bbox 399 2827 1978 2902">
     <span class='ocr_line' id='line_1_27' title="bbox 399 2827 1978 2902; baseline 0.009 -22"><span class='ocrx_word' id='word_1_205' title='bbox 399 2827 597 2884; x_wconf 82' lang='lat' dir='ltr'><strong>habent</strong></span> <span class='ocrx_word' id='word_1_206' title='bbox 626 2829 715 2884; x_wconf 88' lang='lat' dir='ltr'><strong>Dei</strong></span> <span class='ocrx_word' id='word_1_207' title='bbox 749 2829 1130 2899; x_wconf 82' lang='lat' dir='ltr'><strong>providentiam</strong></span> <span class='ocrx_word' id='word_1_208' title='bbox 1156 2874 1172 2901; x_wconf 96' lang='lat'><strong>,</strong></span> <span class='ocrx_word' id='word_1_209' title='bbox 1203 2848 1308 2902; x_wconf 91' lang='lat' dir='ltr'><strong>qua</strong></span> <span class='ocrx_word' id='word_1_210' title='bbox 1347 2833 1450 2888; x_wconf 90' lang='lat' dir='ltr'><strong>nisi</strong></span> <span class='ocrx_word' id='word_1_211' title='bbox 1499 2836 1709 2894; x_wconf 77' lang='lat' dir='ltr'><strong>assidue</strong></span> <span class='ocrx_word' id='word_1_212' title='bbox 1739 2839 1978 2894; x_wconf 83' lang='lat' dir='ltr'><strong>frueren-</strong></span> 
     </span>
    </p>
   </div>
   <div class='ocr_carea' id='block_1_28' title="bbox 401 2921 1980 2995">
    <p class='ocr_par' dir='ltr' id='par_1_28' title="bbox 401 2921 1980 2995">
     <span class='ocr_line' id='line_1_28' title="bbox 401 2921 1980 2995; baseline 0.01 -25"><span class='ocrx_word' id='word_1_213' title='bbox 401 2925 505 2982; x_wconf 87' lang='lat' dir='ltr'><strong>tur,</strong></span> <span class='ocrx_word' id='word_1_214' title='bbox 536 2933 718 2972; x_wconf 92' lang='lat' dir='ltr'><strong>omnes</strong></span> <span class='ocrx_word' id='word_1_215' title='bbox 745 2921 1046 2989; x_wconf 86' lang='lat' dir='ltr'><strong>periissem.</strong></span> <span class='ocrx_word' id='word_1_216' title='bbox 1085 2921 1216 2975; x_wconf 85' lang='lat' dir='ltr'><strong>Nam</strong></span> <span class='ocrx_word' id='word_1_217' title='bbox 1245 2932 1300 2976; x_wconf 91' lang='lat' dir='ltr'><strong>et</strong></span> <span class='ocrx_word' id='word_1_218' title='bbox 1337 2937 1558 2992; x_wconf 90' lang='lat' dir='ltr'><strong>serpens</strong></span> <span class='ocrx_word' id='word_1_219' title='bbox 1585 2929 1868 2995; x_wconf 90' lang='lat' dir='ltr'><strong>perimeret</strong></span> <span class='ocrx_word' id='word_1_220' title='bbox 1900 2931 1980 2986; x_wconf 91' lang='lat' dir='ltr'><strong>in-</strong></span> 
     </span>
    </p>
   </div>
   <div class='ocr_carea' id='block_1_29' title="bbox 402 3006 1975 3086">
    <p class='ocr_par' dir='ltr' id='par_1_29' title="bbox 402 3006 1975 3086">
     <span class='ocr_line' id='line_1_29' title="bbox 402 3006 1975 3086; baseline 0.01 -27"><span class='ocrx_word' id='word_1_221' title='bbox 402 3006 595 3062; x_wconf 88' lang='lat' dir='ltr'><strong>fantem</strong></span> <span class='ocrx_word' id='word_1_222' title='bbox 639 3009 928 3064; x_wconf 90' lang='lat' dir='ltr'><strong>involutum</strong></span> <span class='ocrx_word' id='word_1_223' title='bbox 965 3010 1143 3066; x_wconf 81' lang='lat' dir='ltr'><strong>fasciis</strong></span> <span class='ocrx_word' id='word_1_224' title='bbox 1163 3053 1177 3078; x_wconf 91' lang='lat'><strong>,</strong></span> <span class='ocrx_word' id='word_1_225' title='bbox 1208 3022 1262 3067; x_wconf 92' lang='lat' dir='ltr'><strong>et</strong></span> <span class='ocrx_word' id='word_1_226' title='bbox 1300 3014 1411 3068; x_wconf 89' lang='lat' dir='ltr'><strong>avis</strong></span> <span class='ocrx_word' id='word_1_227' title='bbox 1437 3030 1556 3085; x_wconf 70' lang='lat' dir='ltr'><strong>qure</strong></span> <span class='ocrx_word' id='word_1_228' title='bbox 1584 3017 1729 3086; x_wconf 81' lang='lat' dir='ltr'><strong>degit</strong></span> <span class='ocrx_word' id='word_1_229' title='bbox 1759 3019 1813 3072; x_wconf 89' lang='lat' dir='ltr'><strong>iu</strong></span> <span class='ocrx_word' id='word_1_230' title='bbox 1842 3021 1975 3075; x_wconf 70' lang='lat' dir='ltr'><strong>mdi-</strong></span> 
     </span>
    </p>
   </div>
   <div class='ocr_carea' id='block_1_30' title="bbox 397 3099 1977 3178">
    <p class='ocr_par' dir='ltr' id='par_1_30' title="bbox 397 3099 1977 3178">
     <span class='ocr_line' id='line_1_30' title="bbox 397 3099 1977 3178; baseline 0.008 -25"><span class='ocrx_word' id='word_1_231' title='bbox 397 3099 495 3154; x_wconf 87' lang='lat' dir='ltr'><strong>bus</strong></span> <span class='ocrx_word' id='word_1_232' title='bbox 526 3099 618 3172; x_wconf 86' lang='lat' dir='ltr'><strong>(a),</strong></span> <span class='ocrx_word' id='word_1_233' title='bbox 647 3111 699 3156; x_wconf 93' lang='lat' dir='ltr'><strong>et</strong></span> <span class='ocrx_word' id='word_1_234' title='bbox 741 3101 907 3156; x_wconf 91' lang='lat' dir='ltr'><strong>multa</strong></span> <span class='ocrx_word' id='word_1_235' title='bbox 951 3103 1051 3156; x_wconf 90' lang='lat' dir='ltr'><strong>alia</strong></span> <span class='ocrx_word' id='word_1_236' title='bbox 1081 3118 1200 3174; x_wconf 86' lang='lat' dir='ltr'><strong>quae</strong></span> <span class='ocrx_word' id='word_1_237' title='bbox 1239 3115 1432 3175; x_wconf 90' lang='lat' dir='ltr'><strong>repunt</strong></span> <span class='ocrx_word' id='word_1_238' title='bbox 1459 3121 1521 3161; x_wconf 90' lang='lat' dir='ltr'><strong>ac</strong></span> <span class='ocrx_word' id='word_1_239' title='bbox 1551 3118 1769 3178; x_wconf 87' lang='lat' dir='ltr'><strong>serpunt</strong></span> <span class='ocrx_word' id='word_1_240' title='bbox 1797 3110 1846 3163; x_wconf 91' lang='lat' dir='ltr'><strong>in</strong></span> <span class='ocrx_word' id='word_1_241' title='bbox 1879 3111 1977 3166; x_wconf 85' lang='lat' dir='ltr'><strong>do-</strong></span> 
     </span>
    </p>
   </div>
   <div class='ocr_carea' id='block_1_31' title="bbox 394 3192 1973 3269">
    <p class='ocr_par' dir='ltr' id='par_1_31' title="bbox 394 3192 1973 3269">
     <span class='ocr_line' id='line_1_31' title="bbox 394 3192 1973 3269; baseline 0.008 -23"><span class='ocrx_word' id='word_1_242' title='bbox 394 3192 586 3246; x_wconf 84' lang='lat' dir='ltr'><strong>mibus.</strong></span> <span class='ocrx_word' id='word_1_243' title='bbox 615 3192 797 3264; x_wconf 84' lang='lat' dir='ltr'><strong>Neque</strong></span> <span class='ocrx_word' id='word_1_244' title='bbox 817 3196 959 3248; x_wconf 90' lang='lat' dir='ltr'><strong>enim</strong></span> <span class='ocrx_word' id='word_1_245' title='bbox 985 3195 1181 3260; x_wconf 81' lang='lat' dir='ltr'><strong>nutrix,</strong></span> <span class='ocrx_word' id='word_1_246' title='bbox 1214 3211 1313 3252; x_wconf 89' lang='lat' dir='ltr'><strong>nec</strong></span> <span class='ocrx_word' id='word_1_247' title='bbox 1338 3207 1526 3266; x_wconf 88' lang='lat' dir='ltr'><strong>mater,</strong></span> <span class='ocrx_word' id='word_1_248' title='bbox 1556 3215 1657 3269; x_wconf 78' lang='lat' dir='ltr'><strong>nec</strong></span> <span class='ocrx_word' id='word_1_249' title='bbox 1683 3203 1818 3257; x_wconf 93' lang='lat' dir='ltr'><strong>nllus</strong></span> <span class='ocrx_word' id='word_1_250' title='bbox 1838 3203 1973 3260; x_wconf 88' lang='lat' dir='ltr'><strong>alius</strong></span> 
     </span>
    </p>
   </div>
   <div class='ocr_carea' id='block_1_32' title="bbox 369 3281 1960 3361">
    <p class='ocr_par' dir='ltr' id='par_1_32' title="bbox 369 3281 1960 3361">
     <span class='ocr_line' id='line_1_32' title="bbox 369 3281 1960 3361; baseline 0.008 -24"><span class='ocrx_word' id='word_1_251' title='bbox 369 3281 587 3352; x_wconf 82' lang='lat' dir='ltr'><strong>sufﬁcit</strong></span> <span class='ocrx_word' id='word_1_252' title='bbox 613 3283 679 3338; x_wconf 91' lang='lat' dir='ltr'><strong>ad</strong></span> <span class='ocrx_word' id='word_1_253' title='bbox 710 3299 894 3340; x_wconf 90' lang='lat' dir='ltr'><strong>eorum</strong></span> <span class='ocrx_word' id='word_1_254' title='bbox 926 3285 1210 3356; x_wconf 84' lang='lat' dir='ltr'><strong>perfectam</strong></span> <span class='ocrx_word' id='word_1_255' title='bbox 1241 3289 1525 3360; x_wconf 79' lang='lat' dir='ltr'><strong>gerendam</strong></span> <span class='ocrx_word' id='word_1_256' title='bbox 1556 3293 1960 3361; x_wconf 85' lang='lat' dir='ltr'><strong>providentiam,</strong></span> 
     </span>
    </p>
   </div>
   <div class='ocr_carea' id='block_1_33' title="bbox 392 3373 1972 3445">
    <p class='ocr_par' dir='ltr' id='par_1_33' title="bbox 392 3373 1972 3445">
     <span class='ocr_line' id='line_1_33' title="bbox 392 3373 1972 3445; baseline 0.008 -18"><span class='ocrx_word' id='word_1_257' title='bbox 392 3373 492 3428; x_wconf 90' lang='lat' dir='ltr'><strong>nisi</strong></span> <span class='ocrx_word' id='word_1_258' title='bbox 517 3389 751 3444; x_wconf 89' lang='lat' dir='ltr'><strong>superno</strong></span> <span class='ocrx_word' id='word_1_259' title='bbox 774 3375 1028 3445; x_wconf 89' lang='lat' dir='ltr'><strong>juventur</strong></span> <span class='ocrx_word' id='word_1_260' title='bbox 1053 3377 1276 3434; x_wconf 82' lang='lat' dir='ltr'><strong>auxilio.</strong></span> <span class='ocrx_word' id='word_1_261' title='bbox 1306 3379 1555 3435; x_wconf 85' lang='lat' dir='ltr'><strong>Nonnulli</strong></span> <span class='ocrx_word' id='word_1_262' title='bbox 1585 3393 1759 3437; x_wconf 89' lang='lat' dir='ltr'><strong>autem</strong></span> <span class='ocrx_word' id='word_1_263' title='bbox 1788 3384 1972 3440; x_wconf 92' lang='lat' dir='ltr'><strong>dicunt</strong></span> 
     </span>
    </p>
   </div>
   <div class='ocr_carea' id='block_1_34' title="bbox 390 3466 1964 3534">
    <p class='ocr_par' dir='ltr' id='par_1_34' title="bbox 390 3466 1964 3534">
     <span class='ocr_line' id='line_1_34' title="bbox 390 3466 1964 3534; baseline 0.009 -15"><span class='ocrx_word' id='word_1_264' title='bbox 390 3467 490 3523; x_wconf 87' lang='lat' dir='ltr'><strong>hoc</strong></span> <span class='ocrx_word' id='word_1_265' title='bbox 511 3467 710 3522; x_wconf 87' lang='lat' dir='ltr'><strong>dictum</strong></span> <span class='ocrx_word' id='word_1_266' title='bbox 737 3483 860 3523; x_wconf 87' lang='lat' dir='ltr'><strong>esse</strong></span> <span class='ocrx_word' id='word_1_267' title='bbox 884 3466 956 3524; x_wconf 90' lang='lat' dir='ltr'><strong>de</strong></span> <span class='ocrx_word' id='word_1_268' title='bbox 985 3467 1201 3525; x_wconf 80' lang='lat' dir='ltr'><strong>fcetibus</strong></span> <span class='ocrx_word' id='word_1_269' title='bbox 1232 3472 1472 3527; x_wconf 90' lang='lat' dir='ltr'><strong>nondum</strong></span> <span class='ocrx_word' id='word_1_270' title='bbox 1502 3474 1555 3528; x_wconf 91' lang='lat' dir='ltr'><strong>in</strong></span> <span class='ocrx_word' id='word_1_271' title='bbox 1583 3475 1755 3530; x_wconf 92' lang='lat' dir='ltr'><strong>lucem</strong></span> <span class='ocrx_word' id='word_1_272' title='bbox 1791 3477 1964 3534; x_wconf 90' lang='lat' dir='ltr'><strong>editis.</strong></span> 
     </span>
    </p>
   </div>
   <div class='ocr_carea' id='block_1_35' title="bbox 389 3559 1967 3638">
    <p class='ocr_par' dir='ltr' id='par_1_35' title="bbox 389 3559 1967 3638">
     <span class='ocr_line' id='line_1_35' title="bbox 389 3559 1967 3638; baseline 0.008 -27"><span class='ocrx_word' id='word_1_273' title='bbox 389 3559 702 3614; x_wconf 77' lang='lat' dir='ltr'><strong>llumiliatus</strong></span> <span class='ocrx_word' id='word_1_274' title='bbox 729 3577 872 3627; x_wconf 87' lang='lat' dir='ltr'><strong>sum,</strong></span> <span class='ocrx_word' id='word_1_275' title='bbox 898 3570 944 3616; x_wconf 90' lang='lat' dir='ltr'><strong>et</strong></span> <span class='ocrx_word' id='word_1_276' title='bbox 974 3561 1199 3616; x_wconf 86' lang='lat' dir='ltr'><strong>liberavit</strong></span> <span class='ocrx_word' id='word_1_277' title='bbox 1229 3579 1324 3616; x_wconf 87' lang='lat' dir='ltr'><strong>me.</strong></span> <span class='ocrx_word' id='word_1_278' title='bbox 1352 3563 1467 3618; x_wconf 92' lang='lat' dir='ltr'><strong>Non</strong></span> <span class='ocrx_word' id='word_1_279' title='bbox 1499 3565 1664 3634; x_wconf 89' lang='lat' dir='ltr'><strong>dixit,</strong></span> <span class='ocrx_word' id='word_1_280' title='bbox 1696 3567 1813 3623; x_wconf 81' lang='lat' dir='ltr'><strong>Non</strong></span> <span class='ocrx_word' id='word_1_281' title='bbox 1843 3584 1967 3638; x_wconf 86' lang='lat' dir='ltr'><strong>per-</strong></span> 
     </span>
    </p>
   </div>
   <div class='ocr_carea' id='block_1_36' title="bbox 385 3653 1962 3729">
    <p class='ocr_par' dir='ltr' id='par_1_36' title="bbox 385 3653 1962 3729">
     <span class='ocr_line' id='line_1_36' title="bbox 385 3653 1962 3729; baseline 0.007 -24"><span class='ocrx_word' id='word_1_282' title='bbox 385 3653 528 3708; x_wconf 86' lang='lat' dir='ltr'><strong>misit</strong></span> <span class='ocrx_word' id='word_1_283' title='bbox 551 3663 606 3708; x_wconf 90' lang='lat' dir='ltr'><strong>ut</strong></span> <span class='ocrx_word' id='word_1_284' title='bbox 630 3653 918 3709; x_wconf 89' lang='lat' dir='ltr'><strong>inciderem</strong></span> <span class='ocrx_word' id='word_1_285' title='bbox 951 3654 1002 3708; x_wconf 91' lang='lat' dir='ltr'><strong>in</strong></span> <span class='ocrx_word' id='word_1_286' title='bbox 1031 3655 1264 3723; x_wconf 90' lang='lat' dir='ltr'><strong>pericula</strong></span> <span class='ocrx_word' id='word_1_287' title='bbox 1292 3675 1305 3711; x_wconf 89' lang='lat'><strong>:</strong></span> <span class='ocrx_word' id='word_1_288' title='bbox 1335 3656 1453 3724; x_wconf 91' lang='lat' dir='ltr'><strong>sed,</strong></span> <span class='ocrx_word' id='word_1_289' title='bbox 1473 3657 1756 3728; x_wconf 86' lang='lat' dir='ltr'><strong>Postquam</strong></span> <span class='ocrx_word' id='word_1_290' title='bbox 1780 3661 1962 3729; x_wconf 89' lang='lat' dir='ltr'><strong>incidi,</strong></span> 
     </span>
    </p>
   </div>
   <div class='ocr_carea' id='block_1_37' title="bbox 382 3744 1962 3820">
    <p class='ocr_par' dir='ltr' id='par_1_37' title="bbox 382 3744 1962 3820">
     <span class='ocr_line' id='line_1_37' title="bbox 382 3744 1962 3820; baseline 0.005 -22"><span class='ocrx_word' id='word_1_291' title='bbox 382 3746 634 3799; x_wconf 84' lang='lat' dir='ltr'><strong>servavit.</strong></span> <span class='ocrx_word' id='word_1_292' title='bbox 671 3744 932 3812; x_wconf 85' lang='lat' dir='ltr'><strong>Quoniam</strong></span> <span class='ocrx_word' id='word_1_293' title='bbox 975 3749 1116 3800; x_wconf 90' lang='lat' dir='ltr'><strong>enim</strong></span> <span class='ocrx_word' id='word_1_294' title='bbox 1145 3745 1278 3800; x_wconf 86' lang='lat' dir='ltr'><strong>dixit</strong></span> <span class='ocrx_word' id='word_1_295' title='bbox 1306 3749 1608 3816; x_wconf 78' lang='lat' dir='ltr'><strong>generalem</strong></span> <span class='ocrx_word' id='word_1_296' title='bbox 1643 3749 1756 3818; x_wconf 89' lang='lat' dir='ltr'><strong>ejus</strong></span> <span class='ocrx_word' id='word_1_297' title='bbox 1788 3752 1962 3820; x_wconf 81' lang='lat' dir='ltr'><strong>provi-</strong></span> 
     </span>
    </p>
   </div>
   <div class='ocr_carea' id='block_1_38' title="bbox 380 3837 1963 3908">
    <p class='ocr_par' dir='ltr' id='par_1_38' title="bbox 380 3837 1963 3908">
     <span class='ocr_line' id='line_1_38' title="bbox 380 3837 1963 3908; baseline 0.003 -14"><span class='ocrx_word' id='word_1_298' title='bbox 380 3837 636 3903; x_wconf 86' lang='lat' dir='ltr'><strong>dentiam,</strong></span> <span class='ocrx_word' id='word_1_299' title='bbox 666 3839 732 3892; x_wconf 91' lang='lat' dir='ltr'><strong>ad</strong></span> <span class='ocrx_word' id='word_1_300' title='bbox 759 3852 910 3892; x_wconf 92' lang='lat' dir='ltr'><strong>suam</strong></span> <span class='ocrx_word' id='word_1_301' title='bbox 948 3853 1160 3908; x_wconf 91' lang='lat' dir='ltr'><strong>quoque</strong></span> <span class='ocrx_word' id='word_1_302' title='bbox 1189 3853 1470 3908; x_wconf 88' lang='lat' dir='ltr'><strong>personam</strong></span> <span class='ocrx_word' id='word_1_303' title='bbox 1500 3842 1733 3896; x_wconf 85' lang='lat' dir='ltr'><strong>extendit</strong></span> <span class='ocrx_word' id='word_1_304' title='bbox 1762 3845 1963 3899; x_wconf 89' lang='lat' dir='ltr'><strong>oratio-</strong></span> 
     </span>
    </p>
   </div>
   <div class='ocr_carea' id='block_1_39' title="bbox 382 3931 1963 4003">
    <p class='ocr_par' dir='ltr' id='par_1_39' title="bbox 382 3931 1963 4003">
     <span class='ocr_line' id='line_1_39' title="bbox 382 3931 1963 4003; baseline 0.004 -19"><span class='ocrx_word' id='word_1_305' title='bbox 382 3946 503 3985; x_wconf 88' lang='lat' dir='ltr'><strong>nem</strong></span> <span class='ocrx_word' id='word_1_306' title='bbox 525 3970 540 3994; x_wconf 97' lang='lat'><strong>,</strong></span> <span class='ocrx_word' id='word_1_307' title='bbox 567 3931 706 3985; x_wconf 79' lang='lat' dir='ltr'><strong>sicut</strong></span> <span class='ocrx_word' id='word_1_308' title='bbox 732 3945 800 3986; x_wconf 85' lang='lat' dir='ltr'><strong>ex</strong></span> <span class='ocrx_word' id='word_1_309' title='bbox 831 3931 1166 4000; x_wconf 77' lang='lat' dir='ltr'><strong>generalibus</strong></span> <span class='ocrx_word' id='word_1_310' title='bbox 1191 3941 1246 3987; x_wconf 90' lang='lat' dir='ltr'><strong>et</strong></span> <span class='ocrx_word' id='word_1_311' title='bbox 1269 3947 1336 3987; x_wconf 77' lang='lat' dir='ltr'><strong>ex</strong></span> <span class='ocrx_word' id='word_1_312' title='bbox 1357 3932 1710 4003; x_wconf 80' lang='lat' dir='ltr'><strong>singularibus</strong></span> <span class='ocrx_word' id='word_1_313' title='bbox 1737 3935 1872 3990; x_wconf 89' lang='lat' dir='ltr'><strong>solet</strong></span> <span class='ocrx_word' id='word_1_314' title='bbox 1898 3951 1963 3991; x_wconf 91' lang='lat' dir='ltr'><strong>ea</strong></span> 
     </span>
    </p>
   </div>
   <div class='ocr_carea' id='block_1_40' title="bbox 378 4020 1962 4095">
    <p class='ocr_par' dir='ltr' id='par_1_40' title="bbox 378 4020 1962 4095">
     <span class='ocr_line' id='line_1_40' title="bbox 378 4020 1962 4095; baseline 0.004 -19"><span class='ocrx_word' id='word_1_315' title='bbox 378 4023 714 4076; x_wconf 88' lang='lat' dir='ltr'><strong>conlirmare.</strong></span> <span class='ocrx_word' id='word_1_316' title='bbox 745 4020 823 4076; x_wconf 87' lang='lat' dir='ltr'><strong>Ne</strong></span> <span class='ocrx_word' id='word_1_317' title='bbox 851 4037 979 4092; x_wconf 89' lang='lat' dir='ltr'><strong>ergo</strong></span> <span class='ocrx_word' id='word_1_318' title='bbox 1007 4037 1214 4092; x_wconf 66' lang='lat' dir='ltr'><strong>quaeras</strong></span> <span class='ocrx_word' id='word_1_319' title='bbox 1244 4023 1403 4077; x_wconf 91' lang='lat' dir='ltr'><strong>vitam</strong></span> <span class='ocrx_word' id='word_1_320' title='bbox 1434 4025 1578 4078; x_wconf 92' lang='lat' dir='ltr'><strong>omni</strong></span> <span class='ocrx_word' id='word_1_321' title='bbox 1609 4040 1673 4080; x_wconf 81' lang='lat' dir='ltr'><strong>ex</strong></span> <span class='ocrx_word' id='word_1_322' title='bbox 1701 4037 1852 4095; x_wconf 82' lang='lat' dir='ltr'><strong>parte</strong></span> <span class='ocrx_word' id='word_1_323' title='bbox 1878 4042 1962 4082; x_wconf 80' lang='lat' dir='ltr'><strong>se-</strong></span> 
     </span>
    </p>
   </div>
   <div class='ocr_carea' id='block_1_41' title="bbox 377 4113 1959 4181">
    <p class='ocr_par' dir='ltr' id='par_1_41' title="bbox 377 4113 1959 4181">
     <span class='ocr_line' id='line_1_41' title="bbox 377 4113 1959 4181; baseline 0.002 -12"><span class='ocrx_word' id='word_1_324' title='bbox 377 4129 600 4181; x_wconf 87' lang='lat' dir='ltr'><strong>curam;</strong></span> <span class='ocrx_word' id='word_1_325' title='bbox 633 4129 738 4168; x_wconf 91' lang='lat' dir='ltr'><strong>non</strong></span> <span class='ocrx_word' id='word_1_326' title='bbox 765 4123 846 4168; x_wconf 91' lang='lat' dir='ltr'><strong>est</strong></span> <span class='ocrx_word' id='word_1_327' title='bbox 877 4113 1017 4169; x_wconf 89' lang='lat' dir='ltr'><strong>enim</strong></span> <span class='ocrx_word' id='word_1_328' title='bbox 1051 4114 1143 4170; x_wconf 90' lang='lat' dir='ltr'><strong>tibi</strong></span> <span class='ocrx_word' id='word_1_329' title='bbox 1181 4114 1534 4169; x_wconf 92' lang='lat' dir='ltr'><strong>conducibile.</strong></span> <span class='ocrx_word' id='word_1_330' title='bbox 1577 4115 1634 4170; x_wconf 90' lang='lat' dir='ltr'><strong>Si</strong></span> <span class='ocrx_word' id='word_1_331' title='bbox 1663 4117 1807 4171; x_wconf 91' lang='lat' dir='ltr'><strong>enim</strong></span> <span class='ocrx_word' id='word_1_332' title='bbox 1853 4133 1959 4172; x_wconf 91' lang='lat' dir='ltr'><strong>non</strong></span> 
     </span>
    </p>
   </div>
   <div class='ocr_carea' id='block_1_42' title="bbox 376 4205 1959 4277">
    <p class='ocr_par' dir='ltr' id='par_1_42' title="bbox 376 4205 1959 4277">
     <span class='ocr_line' id='line_1_42' title="bbox 376 4205 1959 4277; baseline 0.002 -15"><span class='ocrx_word' id='word_1_333' title='bbox 376 4216 492 4262; x_wconf 89' lang='lat' dir='ltr'><strong>erat</strong></span> <span class='ocrx_word' id='word_1_334' title='bbox 516 4205 848 4261; x_wconf 90' lang='lat' dir='ltr'><strong>conducibile</strong></span> <span class='ocrx_word' id='word_1_335' title='bbox 869 4205 1159 4277; x_wconf 91' lang='lat' dir='ltr'><strong>pr0phetis,</strong></span> <span class='ocrx_word' id='word_1_336' title='bbox 1180 4206 1348 4261; x_wconf 89' lang='lat' dir='ltr'><strong>multo</strong></span> <span class='ocrx_word' id='word_1_337' title='bbox 1373 4207 1539 4276; x_wconf 84' lang='lat' dir='ltr'><strong>magis</strong></span> <span class='ocrx_word' id='word_1_338' title='bbox 1557 4223 1654 4262; x_wconf 90' lang='lat' dir='ltr'><strong>nec</strong></span> <span class='ocrx_word' id='word_1_339' title='bbox 1672 4208 1782 4263; x_wconf 90' lang='lat' dir='ltr'><strong>tibi.</strong></span> <span class='ocrx_word' id='word_1_340' title='bbox 1806 4209 1959 4276; x_wconf 87' lang='lat' dir='ltr'><strong>Quod</strong></span> 
     </span>
    </p>
   </div>
   <div class='ocr_carea' id='block_1_43' title="bbox 374 4297 1959 4369">
    <p class='ocr_par' dir='ltr' id='par_1_43' title="bbox 374 4297 1959 4369">
     <span class='ocr_line' id='line_1_43' title="bbox 374 4297 1959 4369; baseline 0.002 -17"><span class='ocrx_word' id='word_1_341' title='bbox 374 4307 551 4352; x_wconf 85' lang='lat' dir='ltr'><strong>autem</strong></span> <span class='ocrx_word' id='word_1_342' title='bbox 574 4313 678 4353; x_wconf 91' lang='lat' dir='ltr'><strong>non</strong></span> <span class='ocrx_word' id='word_1_343' title='bbox 699 4306 842 4353; x_wconf 83' lang='lat' dir='ltr'><strong>esset</strong></span> <span class='ocrx_word' id='word_1_344' title='bbox 869 4297 1219 4364; x_wconf 90' lang='lat' dir='ltr'><strong>conducibile,</strong></span> <span class='ocrx_word' id='word_1_345' title='bbox 1247 4299 1368 4354; x_wconf 92' lang='lat' dir='ltr'><strong>audi</strong></span> <span class='ocrx_word' id='word_1_346' title='bbox 1394 4301 1518 4369; x_wconf 91' lang='lat' dir='ltr'><strong>quid</strong></span> <span class='ocrx_word' id='word_1_347' title='bbox 1547 4299 1690 4355; x_wconf 88' lang='lat' dir='ltr'><strong>dicat</strong></span> <span class='ocrx_word' id='word_1_348' title='bbox 1718 4317 1735 4354; x_wconf 93' lang='lat'><strong><em>:</em></strong></span> <span class='ocrx_word' id='word_1_349' title='bbox 1758 4299 1959 4356; x_wconf 89' lang='lat' dir='ltr'><strong>Bonum</strong></span> 
     </span>
    </p>
   </div>
   <div class='ocr_carea' id='block_1_44' title="bbox 374 4390 1958 4462">
    <p class='ocr_par' dir='ltr' id='par_1_44' title="bbox 374 4390 1958 4462">
     <span class='ocr_line' id='line_1_44' title="bbox 374 4390 1958 4462; baseline 0.003 -20"><span class='ocrx_word' id='word_1_350' title='bbox 374 4390 526 4454; x_wconf 82' lang='lat' dir='ltr'><strong>mihi,</strong></span> <span class='ocrx_word' id='word_1_351' title='bbox 556 4390 676 4460; x_wconf 86' lang='lat' dir='ltr'><strong>quia</strong></span> <span class='ocrx_word' id='word_1_352' title='bbox 705 4390 980 4444; x_wconf 82' lang='lat' dir='ltr'><strong>humiliasti</strong></span> <span class='ocrx_word' id='word_1_353' title='bbox 1013 4406 1110 4457; x_wconf 89' lang='lat' dir='ltr'><strong>me,</strong></span> <span class='ocrx_word' id='word_1_354' title='bbox 1135 4400 1192 4444; x_wconf 90' lang='lat' dir='ltr'><strong>ut</strong></span> <span class='ocrx_word' id='word_1_355' title='bbox 1218 4390 1404 4444; x_wconf 80' lang='lat' dir='ltr'><strong>discam</strong></span> <span class='ocrx_word' id='word_1_356' title='bbox 1427 4393 1816 4462; x_wconf 82' lang='lat' dir='ltr'><strong>justiﬁcationes</strong></span> <span class='ocrx_word' id='word_1_357' title='bbox 1845 4403 1958 4448; x_wconf 89' lang='lat' dir='ltr'><strong>tuas</strong></span> 
     </span>
    </p>
   </div>
   <div class='ocr_carea' id='block_1_45' title="bbox 375 4481 1956 4556">
    <p class='ocr_par' dir='ltr' id='par_1_45' title="bbox 375 4481 1956 4556">
     <span class='ocr_line' id='line_1_45' title="bbox 375 4481 1956 4556; baseline 0.003 -22"><span class='ocrx_word' id='word_1_358' title='bbox 375 4482 546 4553; x_wconf 85' lang='lat' dir='ltr'><strong>(Psal.</strong></span> <span class='ocrx_word' id='word_1_359' title='bbox 583 4483 705 4538; x_wconf 81' lang='grc'><strong>118.</strong></span> <span class='ocrx_word' id='word_1_360' title='bbox 738 4483 847 4553; x_wconf 80' lang='grc'>71).</span> <span class='ocrx_word' id='word_1_361' title='bbox 878 4482 1076 4551; x_wconf 84' lang='lat' dir='ltr'><strong>Duplex</strong></span> <span class='ocrx_word' id='word_1_362' title='bbox 1107 4481 1193 4537; x_wconf 91' lang='lat' dir='ltr'><strong>hic</strong></span> <span class='ocrx_word' id='word_1_363' title='bbox 1217 4493 1297 4537; x_wconf 91' lang='lat' dir='ltr'><strong>est</strong></span> <span class='ocrx_word' id='word_1_364' title='bbox 1321 4484 1606 4553; x_wconf 79' lang='lat' dir='ltr'><strong>gratiarum</strong></span> <span class='ocrx_word' id='word_1_365' title='bbox 1632 4485 1790 4550; x_wconf 93' lang='lat' dir='ltr'><strong>actio,</strong></span> <span class='ocrx_word' id='word_1_366' title='bbox 1815 4485 1956 4556; x_wconf 91' lang='lat' dir='ltr'><strong>quod</strong></span> 
     </span>
    </p>
   </div>
   <div class='ocr_carea' id='block_1_46' title="bbox 371 4575 1954 4648">
    <p class='ocr_par' dir='ltr' id='par_1_46' title="bbox 371 4575 1954 4648">
     <span class='ocr_line' id='line_1_46' title="bbox 371 4575 1954 4648; baseline 0.001 -17"><span class='ocrx_word' id='word_1_367' title='bbox 371 4587 428 4632; x_wconf 88' lang='lat' dir='ltr'><strong>et</strong></span> <span class='ocrx_word' id='word_1_368' title='bbox 457 4578 510 4632; x_wconf 91' lang='lat' dir='ltr'><strong>in</strong></span> <span class='ocrx_word' id='word_1_369' title='bbox 545 4576 776 4648; x_wconf 88' lang='lat' dir='ltr'><strong>pericula</strong></span> <span class='ocrx_word' id='word_1_370' title='bbox 805 4576 1037 4631; x_wconf 90' lang='lat' dir='ltr'><strong>incidere</strong></span> <span class='ocrx_word' id='word_1_371' title='bbox 1063 4575 1385 4645; x_wconf 87' lang='lat' dir='ltr'><strong>permiserit,</strong></span> <span class='ocrx_word' id='word_1_372' title='bbox 1416 4585 1470 4632; x_wconf 89' lang='lat' dir='ltr'><strong>et</strong></span> <span class='ocrx_word' id='word_1_373' title='bbox 1497 4577 1637 4647; x_wconf 91' lang='lat' dir='ltr'><strong>quod</strong></span> <span class='ocrx_word' id='word_1_374' title='bbox 1663 4593 1784 4633; x_wconf 91' lang='lat' dir='ltr'><strong>cum</strong></span> <span class='ocrx_word' id='word_1_375' title='bbox 1809 4579 1954 4634; x_wconf 91' lang='lat' dir='ltr'><strong>ceci-</strong></span> 
     </span>
    </p>
   </div>
   <div class='ocr_carea' id='block_1_47' title="bbox 371 4666 1954 4738">
    <p class='ocr_par' dir='ltr' id='par_1_47' title="bbox 371 4666 1954 4738">
     <span class='ocr_line' id='line_1_47' title="bbox 371 4666 1954 4738; baseline 0.001 -16"><span class='ocrx_word' id='word_1_376' title='bbox 371 4669 557 4731; x_wconf 91' lang='lat' dir='ltr'><strong>disset,</strong></span> <span class='ocrx_word' id='word_1_377' title='bbox 586 4669 804 4722; x_wconf 89' lang='lat' dir='ltr'><strong>minime</strong></span> <span class='ocrx_word' id='word_1_378' title='bbox 832 4666 1192 4734; x_wconf 87' lang='lat' dir='ltr'><strong>dereliquerit.</strong></span> <span class='ocrx_word' id='word_1_379' title='bbox 1224 4666 1318 4720; x_wconf 92' lang='lat' dir='ltr'><strong>Est</strong></span> <span class='ocrx_word' id='word_1_380' title='bbox 1344 4675 1520 4722; x_wconf 88' lang='lat' dir='ltr'><strong>autem</strong></span> <span class='ocrx_word' id='word_1_381' title='bbox 1549 4679 1830 4738; x_wconf 90' lang='lat' dir='ltr'><strong>utrumque</strong></span> <span class='ocrx_word' id='word_1_382' title='bbox 1856 4669 1954 4723; x_wconf 91' lang='lat' dir='ltr'><strong>ali-</strong></span> 
     </span>
    </p>
   </div>
   <div class='ocr_carea' id='block_1_48' title="bbox 369 4760 1950 4832">
    <p class='ocr_par' dir='ltr' id='par_1_48' title="bbox 369 4760 1950 4832">
     <span class='ocr_line' id='line_1_48' title="bbox 369 4760 1950 4832; baseline 0.004 -20"><span class='ocrx_word' id='word_1_383' title='bbox 369 4761 638 4832; x_wconf 84' lang='lat' dir='ltr'><strong>qnomodo</strong></span> <span class='ocrx_word' id='word_1_384' title='bbox 666 4775 834 4831; x_wconf 83' lang='lat' dir='ltr'><strong>genus</strong></span> <span class='ocrx_word' id='word_1_385' title='bbox 879 4760 1156 4822; x_wconf 88' lang='lat' dir='ltr'><strong>beneﬁcii,</strong></span> <span class='ocrx_word' id='word_1_386' title='bbox 1198 4775 1298 4814; x_wconf 90' lang='lat' dir='ltr'><strong>nec</strong></span> <span class='ocrx_word' id='word_1_387' title='bbox 1337 4770 1418 4814; x_wconf 91' lang='lat' dir='ltr'><strong>est</strong></span> <span class='ocrx_word' id='word_1_388' title='bbox 1461 4761 1606 4829; x_wconf 91' lang='lat' dir='ltr'><strong>prius</strong></span> <span class='ocrx_word' id='word_1_389' title='bbox 1645 4764 1820 4817; x_wconf 90' lang='lat' dir='ltr'><strong>minus</strong></span> <span class='ocrx_word' id='word_1_390' title='bbox 1861 4779 1950 4818; x_wconf 88' lang='lat' dir='ltr'><strong>se-</strong></span> 
     </span>
    </p>
   </div>
   <div class='ocr_carea' id='block_1_49' title="bbox 368 4851 1946 4922">
    <p class='ocr_par' dir='ltr' id='par_1_49' title="bbox 368 4851 1946 4922">
     <span class='ocr_line' id='line_1_49' title="bbox 368 4851 1946 4922; baseline -0.001 -12"><span class='ocrx_word' id='word_1_391' title='bbox 368 4856 544 4912; x_wconf 90' lang='lat' dir='ltr'><strong>cundo</strong></span> <span class='ocrx_word' id='word_1_392' title='bbox 564 4899 578 4920; x_wconf 89' lang='lat'><strong>,</strong></span> <span class='ocrx_word' id='word_1_393' title='bbox 619 4856 726 4910; x_wconf 92' lang='lat' dir='ltr'><strong>imo</strong></span> <span class='ocrx_word' id='word_1_394' title='bbox 755 4871 882 4910; x_wconf 90' lang='lat' dir='ltr'><strong>vero</strong></span> <span class='ocrx_word' id='word_1_395' title='bbox 909 4896 923 4921; x_wconf 96' lang='lat'><strong>,</strong></span> <span class='ocrx_word' id='word_1_396' title='bbox 959 4854 1001 4908; x_wconf 92' lang='lat' dir='ltr'><strong>si</strong></span> <span class='ocrx_word' id='word_1_397' title='bbox 1031 4851 1273 4908; x_wconf 87' lang='lat' dir='ltr'><strong>mirabile</strong></span> <span class='ocrx_word' id='word_1_398' title='bbox 1301 4852 1497 4922; x_wconf 87' lang='lat' dir='ltr'><strong>aliquid</strong></span> <span class='ocrx_word' id='word_1_399' title='bbox 1524 4855 1806 4909; x_wconf 90' lang='lat' dir='ltr'><strong>dicendum</strong></span> <span class='ocrx_word' id='word_1_400' title='bbox 1831 4865 1946 4921; x_wconf 91' lang='lat' dir='ltr'><strong>est,</strong></span> 
     </span>
    </p>
   </div>
   <div class='ocr_carea' id='block_1_50' title="bbox 367 4945 1949 5018">
    <p class='ocr_par' dir='ltr' id='par_1_50' title="bbox 367 4945 1949 5018">
     <span class='ocr_line' id='line_1_50' title="bbox 367 4945 1949 5018; baseline 0 -16"><span class='ocrx_word' id='word_1_401' title='bbox 367 4949 528 5002; x_wconf 90' lang='lat' dir='ltr'><strong>etiam</strong></span> <span class='ocrx_word' id='word_1_402' title='bbox 573 4948 762 5018; x_wconf 88' lang='lat' dir='ltr'><strong>majus.</strong></span> <span class='ocrx_word' id='word_1_403' title='bbox 813 4947 922 5000; x_wconf 90' lang='lat' dir='ltr'><strong>lloc</strong></span> <span class='ocrx_word' id='word_1_404' title='bbox 963 4946 1104 5000; x_wconf 91' lang='lat' dir='ltr'><strong>enim</strong></span> <span class='ocrx_word' id='word_1_405' title='bbox 1145 4945 1391 4999; x_wconf 89' lang='lat' dir='ltr'><strong>liberavit</strong></span> <span class='ocrx_word' id='word_1_406' title='bbox 1425 4960 1456 4999; x_wconf 93' lang='lat' dir='ltr'><strong>a</strong></span> <span class='ocrx_word' id='word_1_407' title='bbox 1499 4945 1777 5014; x_wconf 87' lang='lat' dir='ltr'><strong>periculis,</strong></span> <span class='ocrx_word' id='word_1_408' title='bbox 1820 4947 1949 5002; x_wconf 92' lang='lat' dir='ltr'><strong>illud</strong></span> 
     </span>
    </p>
   </div>
   <div class='ocr_carea' id='block_1_51' title="bbox 366 5037 1944 5107">
    <p class='ocr_par' dir='ltr' id='par_1_51' title="bbox 366 5037 1944 5107">
     <span class='ocr_line' id='line_1_51' title="bbox 366 5037 1944 5107; baseline 0.002 -17"><span class='ocrx_word' id='word_1_409' title='bbox 366 5055 495 5092; x_wconf 79' lang='lat' dir='ltr'><strong>vero</strong></span> <span class='ocrx_word' id='word_1_410' title='bbox 537 5039 765 5092; x_wconf 88' lang='lat' dir='ltr'><strong>animam</strong></span> <span class='ocrx_word' id='word_1_411' title='bbox 808 5037 933 5092; x_wconf 87' lang='lat' dir='ltr'><strong>fecit</strong></span> <span class='ocrx_word' id='word_1_412' title='bbox 977 5037 1144 5107; x_wconf 91' lang='lat' dir='ltr'><strong>magis</strong></span> <span class='ocrx_word' id='word_1_413' title='bbox 1183 5037 1496 5105; x_wconf 86' lang='lat' dir='ltr'><strong>sapientem.</strong></span> <span class='ocrx_word' id='word_1_414' title='bbox 1522 5037 1576 5090; x_wconf 90' lang='lat'><strong>7.</strong></span> <span class='ocrx_word' id='word_1_415' title='bbox 1615 5037 1944 5107; x_wconf 84' lang='lat' dir='ltr'><strong>Convertere,</strong></span> 
     </span>
    </p>
   </div>
   <div class='ocr_carea' id='block_1_52' title="bbox 365 5130 1947 5204">
    <p class='ocr_par' dir='ltr' id='par_1_52' title="bbox 365 5130 1947 5204">
     <span class='ocr_line' id='line_1_52' title="bbox 365 5130 1947 5204; baseline 0.002 -20"><span class='ocrx_word' id='word_1_416' title='bbox 365 5133 534 5186; x_wconf 85' lang='lat' dir='ltr'><strong>anima</strong></span> <span class='ocrx_word' id='word_1_417' title='bbox 562 5149 670 5186; x_wconf 86' lang='lat' dir='ltr'><strong>mea</strong></span> <span class='ocrx_word' id='word_1_418' title='bbox 691 5175 706 5197; x_wconf 96' lang='lat'><strong>,</strong></span> <span class='ocrx_word' id='word_1_419' title='bbox 742 5133 794 5184; x_wconf 88' lang='lat' dir='ltr'><strong>in</strong></span> <span class='ocrx_word' id='word_1_420' title='bbox 827 5132 1045 5201; x_wconf 82' lang='lat' dir='ltr'><strong>requiem</strong></span> <span class='ocrx_word' id='word_1_421' title='bbox 1088 5142 1244 5196; x_wconf 81' lang='lat' dir='ltr'><strong>luant,</strong></span> <span class='ocrx_word' id='word_1_422' title='bbox 1275 5130 1394 5201; x_wconf 86' lang='lat' dir='ltr'><strong>quia</strong></span> <span class='ocrx_word' id='word_1_423' title='bbox 1441 5130 1682 5185; x_wconf 88' lang='lat' dir='ltr'><strong>Dominus</strong></span> <span class='ocrx_word' id='word_1_424' title='bbox 1711 5132 1947 5204; x_wconf 74' lang='lat' dir='ltr'><strong>benefacit</strong></span> 
     </span>
    </p>
   </div>
   <div class='ocr_carea' id='block_1_53' title="bbox 366 5223 1946 5290">
    <p class='ocr_par' dir='ltr' id='par_1_53' title="bbox 366 5223 1946 5290">
     <span class='ocr_line' id='line_1_53' title="bbox 366 5223 1946 5290; baseline 0.002 -14"><span class='ocrx_word' id='word_1_425' title='bbox 366 5224 474 5277; x_wconf 90' lang='lat' dir='ltr'><strong>tibi.</strong></span> <span class='ocrx_word' id='word_1_426' title='bbox 507 5225 560 5278; x_wconf 85' lang='lat'><strong>8.</strong></span> <span class='ocrx_word' id='word_1_427' title='bbox 601 5223 735 5290; x_wconf 84' lang='lat' dir='ltr'><strong>Quia</strong></span> <span class='ocrx_word' id='word_1_428' title='bbox 775 5223 958 5290; x_wconf 84' lang='lat' dir='ltr'><strong>eripuit</strong></span> <span class='ocrx_word' id='word_1_429' title='bbox 995 5224 1218 5275; x_wconf 88' lang='lat' dir='ltr'><strong>animam</strong></span> <span class='ocrx_word' id='word_1_430' title='bbox 1261 5239 1421 5274; x_wconf 89' lang='lat' dir='ltr'><strong>meam</strong></span> <span class='ocrx_word' id='word_1_431' title='bbox 1461 5223 1522 5276; x_wconf 90' lang='lat' dir='ltr'><strong>de</strong></span> <span class='ocrx_word' id='word_1_432' title='bbox 1554 5233 1743 5289; x_wconf 87' lang='lat' dir='ltr'><strong>morte,</strong></span> <span class='ocrx_word' id='word_1_433' title='bbox 1776 5226 1946 5280; x_wconf 87' lang='lat' dir='ltr'><strong>oculos</strong></span> 
     </span>
    </p>
   </div>
   <div class='ocr_carea' id='block_1_54' title="bbox 364 5315 1944 5386">
    <p class='ocr_par' dir='ltr' id='par_1_54' title="bbox 364 5315 1944 5386">
     <span class='ocr_line' id='line_1_54' title="bbox 364 5315 1944 5386; baseline 0.004 -19"><span class='ocrx_word' id='word_1_434' title='bbox 364 5333 500 5370; x_wconf 88' lang='lat' dir='ltr'><strong>meos</strong></span> <span class='ocrx_word' id='word_1_435' title='bbox 524 5333 555 5369; x_wconf 89' lang='lat' dir='ltr'><strong>a</strong></span> <span class='ocrx_word' id='word_1_436' title='bbox 581 5316 836 5386; x_wconf 84' lang='lat' dir='ltr'><strong>lacrymis,</strong></span> <span class='ocrx_word' id='word_1_437' title='bbox 865 5315 1014 5386; x_wconf 83' lang='lat' dir='ltr'><strong>pedes</strong></span> <span class='ocrx_word' id='word_1_438' title='bbox 1039 5332 1173 5369; x_wconf 88' lang='lat' dir='ltr'><strong>meos</strong></span> <span class='ocrx_word' id='word_1_439' title='bbox 1199 5333 1228 5367; x_wconf 87' lang='lat' dir='ltr'><strong>a</strong></span> <span class='ocrx_word' id='word_1_440' title='bbox 1249 5317 1415 5385; x_wconf 89' lang='lat' dir='ltr'><strong>lapsu.</strong></span> <span class='ocrx_word' id='word_1_441' title='bbox 1447 5316 1499 5371; x_wconf 90' lang='lat'><strong>9.</strong></span> <span class='ocrx_word' id='word_1_442' title='bbox 1537 5316 1750 5372; x_wconf 89' lang='lat' dir='ltr'><strong>Placebo</strong></span> <span class='ocrx_word' id='word_1_443' title='bbox 1775 5336 1944 5374; x_wconf 82' lang='lat' dir='ltr'><strong>coram</strong></span> 
     </span>
    </p>
   </div>
   <div class='ocr_carea' id='block_1_55' title="bbox 361 5405 1944 5479">
    <p class='ocr_par' dir='ltr' id='par_1_55' title="bbox 361 5405 1944 5479">
     <span class='ocr_line' id='line_1_55' title="bbox 361 5405 1944 5479; baseline 0.004 -16"><span class='ocrx_word' id='word_1_444' title='bbox 361 5405 582 5463; x_wconf 87' lang='lat' dir='ltr'><strong>Domino</strong></span> <span class='ocrx_word' id='word_1_445' title='bbox 607 5409 658 5462; x_wconf 88' lang='lat' dir='ltr'><strong>in</strong></span> <span class='ocrx_word' id='word_1_446' title='bbox 679 5409 879 5477; x_wconf 86' lang='lat' dir='ltr'><strong>regione</strong></span> <span class='ocrx_word' id='word_1_447' title='bbox 897 5409 1137 5461; x_wconf 86' lang='lat' dir='ltr'><strong>vivorum.</strong></span> <span class='ocrx_word' id='word_1_448' title='bbox 1165 5407 1405 5463; x_wconf 74' lang='lat' dir='ltr'><strong>Historia:</strong></span> <span class='ocrx_word' id='word_1_449' title='bbox 1430 5410 1640 5479; x_wconf 89' lang='lat' dir='ltr'><strong>quidem</strong></span> <span class='ocrx_word' id='word_1_450' title='bbox 1664 5415 1796 5467; x_wconf 89' lang='lat' dir='ltr'><strong>ratio</strong></span> <span class='ocrx_word' id='word_1_451' title='bbox 1817 5413 1944 5469; x_wconf 89' lang='lat' dir='ltr'><strong>dicit</strong></span> 
     </span>
    </p>
   </div>
   <div class='ocr_carea' id='block_1_56' title="bbox 423 5560 1940 5625">
    <p class='ocr_par' dir='ltr' id='par_1_56' title="bbox 423 5560 1940 5625">
     <span class='ocr_line' id='line_1_56' title="bbox 423 5560 1940 5625; baseline 0.006 -17"><span class='ocrx_word' id='word_1_452' title='bbox 423 5560 495 5622; x_wconf 89' lang='lat' dir='ltr'><strong>(a)</strong></span> <span class='ocrx_word' id='word_1_453' title='bbox 527 5567 626 5610; x_wconf 76' lang='lat' dir='ltr'><strong>Non</strong></span> <span class='ocrx_word' id='word_1_454' title='bbox 647 5561 858 5625; x_wconf 72' lang='lat' dir='ltr'><strong>absurde</strong></span> <span class='ocrx_word' id='word_1_455' title='bbox 881 5561 1005 5612; x_wconf 87' lang='lat' dir='ltr'><strong>forte</strong></span> <span class='ocrx_word' id='word_1_456' title='bbox 1041 5569 1287 5624; x_wconf 73' lang='lat' dir='ltr'><strong>quaeratur</strong></span> <span class='ocrx_word' id='word_1_457' title='bbox 1306 5575 1528 5625; x_wconf 61' lang='lat' dir='ltr'><strong>quaenam</strong></span> <span class='ocrx_word' id='word_1_458' title='bbox 1551 5565 1630 5613; x_wconf 90' lang='lat' dir='ltr'><strong>illa</strong></span> <span class='ocrx_word' id='word_1_459' title='bbox 1652 5567 1754 5616; x_wconf 78' lang='lat' dir='ltr'><strong>avis</strong></span> <span class='ocrx_word' id='word_1_460' title='bbox 1773 5568 1940 5617; x_wconf 85' lang='lat' dir='ltr'><strong>dome-</strong></span> 
     </span>
    </p>
   </div>
   <div class='ocr_carea' id='block_1_57' title="bbox 358 5622 1938 5690">
    <p class='ocr_par' dir='ltr' id='par_1_57' title="bbox 358 5622 1938 5690">
     <span class='ocr_line' id='line_1_57' title="bbox 358 5622 1938 5690; baseline 0.006 -22"><span class='ocrx_word' id='word_1_461' title='bbox 358 5624 496 5690; x_wconf 74' lang='lat' dir='ltr'><strong>stica,</strong></span> <span class='ocrx_word' id='word_1_462' title='bbox 514 5622 853 5690; x_wconf 51' lang='lat' dir='ltr'><strong>quazirdantes</strong></span> <span class='ocrx_word' id='word_1_463' title='bbox 875 5622 1162 5686; x_wconf 75' lang='lat' dir='ltr'><strong>perimeret,</strong></span> <span class='ocrx_word' id='word_1_464' title='bbox 1187 5622 1646 5690; x_wconf 60' lang='lat' dir='ltr'><strong>nisitieustenellze</strong></span> <span class='ocrx_word' id='word_1_465' title='bbox 1669 5631 1796 5678; x_wconf 67' lang='lat' dir='ltr'><strong>aetati</strong></span> <span class='ocrx_word' id='word_1_466' title='bbox 1826 5642 1938 5690; x_wconf 87' lang='lat' dir='ltr'><strong>pro-</strong></span> 
     </span>
    </p>
   </div>
   <div class='ocr_carea' id='block_1_58' title="bbox 358 5684 1937 5761">
    <p class='ocr_par' dir='ltr' id='par_1_58' title="bbox 358 5684 1937 5761">
     <span class='ocr_line' id='line_1_58' title="bbox 358 5684 1937 5761; baseline 0.004 -29"><span class='ocrx_word' id='word_1_467' title='bbox 358 5684 592 5761; x_wconf 67' lang='lat' dir='ltr'><strong>spiceret.</strong></span> <span class='ocrx_word' id='word_1_468' title='bbox 613 5684 722 5734; x_wconf 81' lang='lat' dir='ltr'><strong>Vox</strong></span> <span class='ocrx_word' id='word_1_469' title='bbox 744 5684 902 5752; x_wconf 67' lang='lat' dir='ltr'><strong>Graeca</strong></span> <span class='ocrx_word' id='word_1_470' title='bbox 919 5724 931 5742; x_wconf 87' lang='lat'><strong>,</strong></span> <span class='ocrx_word' id='word_1_471' title='bbox 956 5695 1049 5761; x_wconf 41' lang='lat' dir='ltr'><strong>si...“</strong></span> <span class='ocrx_word' id='word_1_472' title='bbox 1062 5717 1083 5761; x_wconf 33' lang='grc' dir='ltr'><strong>,Δ</strong></span> <span class='ocrx_word' id='word_1_473' title='bbox 1101 5697 1222 5761; x_wconf 59' lang='grc' dir='ltr'><strong>(μιξιῖ</strong></span> <span class='ocrx_word' id='word_1_474' title='bbox 1245 5684 1483 5761; x_wconf 38' lang='lat' dir='ltr'><strong>.hic,._avt&#39;s,</strong></span> <span class='ocrx_word' id='word_1_475' title='bbox 1500 5684 1937 5761; x_wconf 69' lang='lat' dir='ltr'><strong>interpretataest,</strong></span> 
     </span>
    </p>
   </div>
   <div class='ocr_carea' id='block_1_59' title="bbox 393 5742 1938 5809">
    <p class='ocr_par' dir='ltr' id='par_1_59' title="bbox 393 5742 1938 5809">
     <span class='ocr_line' id='line_1_59' title="bbox 393 5742 1938 5809; baseline 0.007 -18"><span class='ocrx_word' id='word_1_476' title='bbox 393 5742 584 5809; x_wconf 80' lang='lat' dir='ltr'><strong>allinam</strong></span> <span class='ocrx_word' id='word_1_477' title='bbox 609 5758 830 5808; x_wconf 71' lang='lat' dir='ltr'><strong>persaepe</strong></span> <span class='ocrx_word' id='word_1_478' title='bbox 851 5742 1188 5809; x_wconf 49' lang='lat' dir='ltr'><strong>signiﬁcath</strong></span> <span class='ocrx_word' id='word_1_479' title='bbox 1210 5747 1286 5796; x_wconf 91' lang='lat' dir='ltr'><strong>hic</strong></span> <span class='ocrx_word' id='word_1_480' title='bbox 1309 5746 1400 5797; x_wconf 88' lang='lat' dir='ltr'><strong>alia</strong></span> <span class='ocrx_word' id='word_1_481' title='bbox 1425 5742 1550 5800; x_wconf 79' lang='lat' dir='ltr'><strong>forte</strong></span> <span class='ocrx_word' id='word_1_482' title='bbox 1574 5742 1678 5800; x_wconf 82' lang='lat' dir='ltr'><strong>avis</strong></span> <span class='ocrx_word' id='word_1_483' title='bbox 1700 5742 1938 5801; x_wconf 72' lang='lat' dir='ltr'><strong>valentior</strong></span> 
     </span>
    </p>
   </div>
   <div class='ocr_carea' id='block_1_60' title="bbox 441 5807 609 5864">
    <p class='ocr_par' dir='ltr' id='par_1_60' title="bbox 441 5807 609 5864">
     <span class='ocr_line' id='line_1_60' title="bbox 441 5807 609 5864; baseline 0.006 -9"><span class='ocrx_word' id='word_1_484' title='bbox 441 5807 609 5864; x_wconf 81' lang='lat' dir='ltr'><strong>icatur.</strong></span> 
     </span>
    </p>
   </div>
   <div class='ocr_carea' id='block_1_61' title="bbox 1488 417 2531 490">
    <p class='ocr_par' dir='ltr' id='par_1_61' title="bbox 1488 417 2531 490">
     <span class='ocr_line' id='line_1_61' title="bbox 1488 417 2531 490; baseline 0.016 -17"><span class='ocrx_word' id='word_1_485' title='bbox 1488 417 1843 476; x_wconf 76' lang='lat' dir='ltr'><strong>EXPOSITIO</strong></span> <span class='ocrx_word' id='word_1_486' title='bbox 1880 419 1944 476; x_wconf 76' lang='grc' dir='ltr'>ΙΝ</span> <span class='ocrx_word' id='word_1_487' title='bbox 1987 420 2306 484; x_wconf 73' lang='lat' dir='ltr'><strong>l’SALMUM</strong></span> <span class='ocrx_word' id='word_1_488' title='bbox 2345 433 2531 490; x_wconf 80' lang='lat' dir='ltr'><strong>CXIV.</strong></span> 
     </span>
    </p>
   </div>
   <div class='ocr_carea' id='block_1_62' title="bbox 3598 454 3704 513">
    <p class='ocr_par' dir='ltr' id='par_1_62' title="bbox 3598 454 3704 513">
     <span class='ocr_line' id='line_1_62' title="bbox 3598 454 3704 513; baseline 0.038 -4"><span class='ocrx_word' id='word_1_489' title='bbox 3598 454 3704 513; x_wconf 79' lang='lat' dir='ltr'><strong>5l8</strong></span> 
     </span>
    </p>
   </div>
   <div class='ocr_carea' id='block_1_63' title="bbox 2124 543 3700 635">
    <p class='ocr_par' dir='ltr' id='par_1_63' title="bbox 2124 543 3700 635">
     <span class='ocr_line' id='line_1_63' title="bbox 2124 543 3700 635; baseline 0.023 -42"><span class='ocrx_word' id='word_1_490' title='bbox 2124 543 2430 635; x_wconf 81' lang='lat' dir='ltr'><strong>praeclaram</strong></span> <span class='ocrx_word' id='word_1_491' title='bbox 2449 552 2728 618; x_wconf 85' lang='lat' dir='ltr'><strong>quamdam</strong></span> <span class='ocrx_word' id='word_1_492' title='bbox 2747 555 3132 628; x_wconf 86' lang='lat' dir='ltr'><strong>liberationem,</strong></span> <span class='ocrx_word' id='word_1_493' title='bbox 3159 565 3392 635; x_wconf 86' lang='lat' dir='ltr'><strong>requiem</strong></span> <span class='ocrx_word' id='word_1_494' title='bbox 3413 581 3465 626; x_wconf 88' lang='lat' dir='ltr'><strong>et</strong></span> <span class='ocrx_word' id='word_1_495' title='bbox 3488 560 3700 629; x_wconf 74' lang='lat' dir='ltr'><strong>liberta-</strong></span> 
     </span>
    </p>
   </div>
   <div class='ocr_carea' id='block_1_64' title="bbox 2122 633 3701 727">
    <p class='ocr_par' dir='ltr' id='par_1_64' title="bbox 2122 633 3701 727">
     <span class='ocr_line' id='line_1_64' title="bbox 2122 633 3701 727; baseline 0.023 -44"><span class='ocrx_word' id='word_1_496' title='bbox 2122 639 2247 684; x_wconf 92' lang='lat' dir='ltr'><strong>tem.</strong></span> <span class='ocrx_word' id='word_1_497' title='bbox 2283 633 2337 689; x_wconf 83' lang='lat' dir='ltr'><strong>Si</strong></span> <span class='ocrx_word' id='word_1_498' title='bbox 2367 639 2484 706; x_wconf 90' lang='lat' dir='ltr'><strong>quis</strong></span> <span class='ocrx_word' id='word_1_499' title='bbox 2513 650 2689 696; x_wconf 91' lang='lat' dir='ltr'><strong>autem</strong></span> <span class='ocrx_word' id='word_1_500' title='bbox 2721 660 2836 698; x_wconf 86' lang='lat' dir='ltr'><strong>eam</strong></span> <span class='ocrx_word' id='word_1_501' title='bbox 2866 653 3131 720; x_wconf 81' lang='lat' dir='ltr'><strong>acceperit</strong></span> <span class='ocrx_word' id='word_1_502' title='bbox 3157 633 3474 727; x_wconf 79' lang='lat' dir='ltr'><strong>anagogice,</strong></span> <span class='ocrx_word' id='word_1_503' title='bbox 3507 676 3701 726; x_wconf 76' lang='lat' dir='ltr'><strong>poterit</strong></span> 
     </span>
    </p>
   </div>
   <div class='ocr_carea' id='block_1_65' title="bbox 2117 729 3697 820">
    <p class='ocr_par' dir='ltr' id='par_1_65' title="bbox 2117 729 3697 820">
     <span class='ocr_line' id='line_1_65' title="bbox 2117 729 3697 820; baseline 0.022 -44"><span class='ocrx_word' id='word_1_504' title='bbox 2117 736 2393 778; x_wconf 86' lang='lat' dir='ltr'><strong>excessum</strong></span> <span class='ocrx_word' id='word_1_505' title='bbox 2424 741 2488 781; x_wconf 82' lang='lat' dir='ltr'><strong>ex</strong></span> <span class='ocrx_word' id='word_1_506' title='bbox 2531 729 2630 784; x_wconf 89' lang='lat' dir='ltr'><strong>hac</strong></span> <span class='ocrx_word' id='word_1_507' title='bbox 2654 733 2755 787; x_wconf 88' lang='lat' dir='ltr'><strong>vita</strong></span> <span class='ocrx_word' id='word_1_508' title='bbox 2798 752 2989 793; x_wconf 87' lang='lat' dir='ltr'><strong>vocare</strong></span> <span class='ocrx_word' id='word_1_509' title='bbox 3031 741 3400 802; x_wconf 89' lang='lat' dir='ltr'><strong>liberationem</strong></span> <span class='ocrx_word' id='word_1_510' title='bbox 3429 792 3441 807; x_wconf 87' lang='lat'><strong>.</strong></span> <span class='ocrx_word' id='word_1_511' title='bbox 3471 765 3697 820; x_wconf 77' lang='lat' dir='ltr'><strong>eantque</strong></span> 
     </span>
    </p>
   </div>
   <div class='ocr_carea' id='block_1_66' title="bbox 2114 813 3697 898">
    <p class='ocr_par' dir='ltr' id='par_1_66' title="bbox 2114 813 3697 898">
     <span class='ocr_line' id='line_1_66' title="bbox 2114 813 3697 898; baseline 0.023 -36"><span class='ocrx_word' id='word_1_512' title='bbox 2114 813 2384 879; x_wconf 85' lang='lat' dir='ltr'><strong>appellare</strong></span> <span class='ocrx_word' id='word_1_513' title='bbox 2413 819 2668 888; x_wconf 89' lang='lat' dir='ltr'><strong>requiem.</strong></span> <span class='ocrx_word' id='word_1_514' title='bbox 2717 824 2810 879; x_wconf 84' lang='lat' dir='ltr'><strong>Est</strong></span> <span class='ocrx_word' id='word_1_515' title='bbox 2841 827 2981 882; x_wconf 88' lang='lat' dir='ltr'><strong>enim</strong></span> <span class='ocrx_word' id='word_1_516' title='bbox 3012 832 3078 886; x_wconf 89' lang='lat' dir='ltr'><strong>ab</strong></span> <span class='ocrx_word' id='word_1_517' title='bbox 3104 836 3348 891; x_wconf 89' lang='lat' dir='ltr'><strong>omnibus</strong></span> <span class='ocrx_word' id='word_1_518' title='bbox 3380 839 3534 895; x_wconf 71' lang='lat' dir='ltr'><strong>u&#39;ialis</strong></span> <span class='ocrx_word' id='word_1_519' title='bbox 3561 813 3697 898; x_wconf 73' lang='lat' dir='ltr'><strong>libe-</strong></span> 
     </span>
    </p>
   </div>
   <div class='ocr_carea' id='block_1_67' title="bbox 2114 903 3694 1008">
    <p class='ocr_par' dir='ltr' id='par_1_67' title="bbox 2114 903 3694 1008">
     <span class='ocr_line' id='line_1_67' title="bbox 2114 903 3694 1008; baseline 0.026 -55"><span class='ocrx_word' id='word_1_520' title='bbox 2114 903 2251 1002; x_wconf 76' lang='lat' dir='ltr'><strong>ratio</strong></span> <span class='ocrx_word' id='word_1_521' title='bbox 2273 945 2288 967; x_wconf 91' lang='lat'><strong>,</strong></span> <span class='ocrx_word' id='word_1_522' title='bbox 2318 920 2417 961; x_wconf 91' lang='lat' dir='ltr'><strong>nec</strong></span> <span class='ocrx_word' id='word_1_523' title='bbox 2443 919 2524 962; x_wconf 87' lang='lat' dir='ltr'><strong>est</strong></span> <span class='ocrx_word' id='word_1_524' title='bbox 2549 913 2776 981; x_wconf 90' lang='lat' dir='ltr'><strong>amplius</strong></span> <span class='ocrx_word' id='word_1_525' title='bbox 2817 918 3172 978; x_wconf 87' lang='lat' dir='ltr'><strong>incertitudini</strong></span> <span class='ocrx_word' id='word_1_526' title='bbox 3201 924 3492 998; x_wconf 83' lang='lat' dir='ltr'><strong>obnoxius,</strong></span> <span class='ocrx_word' id='word_1_527' title='bbox 3525 946 3582 991; x_wconf 90' lang='lat' dir='ltr'><strong>nt</strong></span> <span class='ocrx_word' id='word_1_528' title='bbox 3605 940 3694 1008; x_wconf 88' lang='lat' dir='ltr'><strong>qui</strong></span> 
     </span>
    </p>
   </div>
   <div class='ocr_carea' id='block_1_68' title="bbox 2113 991 3696 1092">
    <p class='ocr_par' dir='ltr' id='par_1_68' title="bbox 2113 991 3696 1092">
     <span class='ocr_line' id='line_1_68' title="bbox 2113 991 3696 1092; baseline 0.026 -49"><span class='ocrx_word' id='word_1_529' title='bbox 2113 991 2181 1044; x_wconf 91' lang='lat' dir='ltr'><strong>sit</strong></span> <span class='ocrx_word' id='word_1_530' title='bbox 2211 997 2547 1054; x_wconf 89' lang='lat' dir='ltr'><strong>securitatem</strong></span> <span class='ocrx_word' id='word_1_531' title='bbox 2578 1017 2936 1076; x_wconf 91' lang='lat' dir='ltr'><strong>consequutus</strong></span> <span class='ocrx_word' id='word_1_532' title='bbox 2956 1053 2970 1077; x_wconf 93' lang='lat'><strong>,</strong></span> <span class='ocrx_word' id='word_1_533' title='bbox 3000 1015 3089 1082; x_wconf 91' lang='lat' dir='ltr'><strong>qui</strong></span> <span class='ocrx_word' id='word_1_534' title='bbox 3117 1032 3236 1070; x_wconf 88' lang='lat' dir='ltr'><strong>eum</strong></span> <span class='ocrx_word' id='word_1_535' title='bbox 3275 1019 3411 1076; x_wconf 88' lang='lat' dir='ltr'><strong>b0na</strong></span> <span class='ocrx_word' id='word_1_536' title='bbox 3447 1039 3541 1092; x_wconf 86' lang='lat' dir='ltr'><strong>spe</strong></span> <span class='ocrx_word' id='word_1_537' title='bbox 3571 991 3696 1085; x_wconf 66' lang='lat' dir='ltr'><strong>hinc</strong></span> 
     </span>
    </p>
   </div>
   <div class='ocr_carea' id='block_1_69' title="bbox 2113 1087 3693 1181">
    <p class='ocr_par' dir='ltr' id='par_1_69' title="bbox 2113 1087 3693 1181">
     <span class='ocr_line' id='line_1_69' title="bbox 2113 1087 3693 1181; baseline 0.025 -45"><span class='ocrx_word' id='word_1_538' title='bbox 2113 1087 2358 1140; x_wconf 82' lang='lat' dir='ltr'><strong>excessit.</strong></span> <span class='ocrx_word' id='word_1_539' title='bbox 2387 1088 2501 1144; x_wconf 91' lang='lat' dir='ltr'><strong>Etsi</strong></span> <span class='ocrx_word' id='word_1_540' title='bbox 2537 1094 2676 1148; x_wconf 92' lang='lat' dir='ltr'><strong>enim</strong></span> <span class='ocrx_word' id='word_1_541' title='bbox 2721 1113 2867 1153; x_wconf 89' lang='lat' dir='ltr'><strong>mors</strong></span> <span class='ocrx_word' id='word_1_542' title='bbox 2893 1102 3098 1159; x_wconf 86' lang='lat' dir='ltr'><strong>invecta</strong></span> <span class='ocrx_word' id='word_1_543' title='bbox 3137 1121 3307 1165; x_wconf 81' lang='lat' dir='ltr'><strong>estex</strong></span> <span class='ocrx_word' id='word_1_544' title='bbox 3340 1087 3590 1181; x_wconf 76' lang='lat' dir='ltr'><strong>peccato,</strong></span> <span class='ocrx_word' id='word_1_545' title='bbox 3628 1136 3693 1176; x_wconf 80' lang='lat' dir='ltr'><strong>ea</strong></span> 
     </span>
    </p>
   </div>
   <div class='ocr_carea' id='block_1_70' title="bbox 2115 1177 3691 1266">
    <p class='ocr_par' dir='ltr' id='par_1_70' title="bbox 2115 1177 3691 1266">
     <span class='ocr_line' id='line_1_70' title="bbox 2115 1177 3691 1266; baseline 0.027 -42"><span class='ocrx_word' id='word_1_546' title='bbox 2115 1181 2288 1229; x_wconf 90' lang='lat' dir='ltr'><strong>tamen</strong></span> <span class='ocrx_word' id='word_1_547' title='bbox 2320 1177 2461 1234; x_wconf 92' lang='lat' dir='ltr'><strong>Deus</strong></span> <span class='ocrx_word' id='word_1_548' title='bbox 2487 1197 2611 1237; x_wconf 92' lang='lat' dir='ltr'><strong>usus</strong></span> <span class='ocrx_word' id='word_1_549' title='bbox 2634 1197 2714 1239; x_wconf 87' lang='lat' dir='ltr'><strong>est</strong></span> <span class='ocrx_word' id='word_1_550' title='bbox 2741 1189 2807 1241; x_wconf 91' lang='lat' dir='ltr'><strong>ad</strong></span> <span class='ocrx_word' id='word_1_551' title='bbox 2840 1203 3076 1248; x_wconf 87' lang='lat' dir='ltr'><strong>nostrum</strong></span> <span class='ocrx_word' id='word_1_552' title='bbox 3107 1177 3442 1257; x_wconf 79' lang='lat' dir='ltr'><strong>beneﬁcium.</strong></span> <span class='ocrx_word' id='word_1_553' title='bbox 3479 1209 3542 1262; x_wconf 81' lang='lat' dir='ltr'><strong>Et</strong></span> <span class='ocrx_word' id='word_1_554' title='bbox 3572 1210 3691 1266; x_wconf 90' lang='lat' dir='ltr'><strong>ideo</strong></span> 
     </span>
    </p>
   </div>
   <div class='ocr_carea' id='block_1_71' title="bbox 2110 1264 3740 1374">
    <p class='ocr_par' dir='ltr' id='par_1_71' title="bbox 2110 1264 3740 1374">
     <span class='ocr_line' id='line_1_71' title="bbox 2110 1264 3740 1374; baseline 0.026 -59"><span class='ocrx_word' id='word_1_555' title='bbox 2110 1277 2216 1374; x_wconf 54' lang='lat' dir='ltr'><strong>rion</strong></span> <span class='ocrx_word' id='word_1_556' title='bbox 2240 1264 2338 1320; x_wconf 86' lang='lat' dir='ltr'><strong>fuit</strong></span> <span class='ocrx_word' id='word_1_557' title='bbox 2357 1283 2419 1323; x_wconf 90' lang='lat' dir='ltr'><strong>ea</strong></span> <span class='ocrx_word' id='word_1_558' title='bbox 2436 1271 2546 1326; x_wconf 89' lang='lat' dir='ltr'><strong>sola</strong></span> <span class='ocrx_word' id='word_1_559' title='bbox 2572 1285 2874 1350; x_wconf 89' lang='lat' dir='ltr'><strong>contentus,</strong></span> <span class='ocrx_word' id='word_1_560' title='bbox 2897 1285 2988 1339; x_wconf 88' lang='lat' dir='ltr'><strong>sed</strong></span> <span class='ocrx_word' id='word_1_561' title='bbox 3006 1288 3163 1342; x_wconf 90' lang='lat' dir='ltr'><strong>etiam</strong></span> <span class='ocrx_word' id='word_1_562' title='bbox 3187 1293 3344 1348; x_wconf 90' lang='lat' dir='ltr'><strong>vitam</strong></span> <span class='ocrx_word' id='word_1_563' title='bbox 3366 1299 3593 1354; x_wconf 87' lang='lat' dir='ltr'><strong>reddidit</strong></span> <span class='ocrx_word' id='word_1_564' title='bbox 3611 1304 3691 1356; x_wconf 88' lang='lat' dir='ltr'><strong>la-</strong></span> <span class='ocrx_word' id='word_1_565' title='bbox 3727 1362 3740 1374; x_wconf 25' lang='grc' dir='ltr'>κ</span> 
     </span>
    </p>
   </div>
   <div class='ocr_carea' id='block_1_72' title="bbox 2108 1353 3683 1458">
    <p class='ocr_par' dir='ltr' id='par_1_72' title="bbox 2108 1353 3683 1458">
     <span class='ocr_line' id='line_1_72' title="bbox 2108 1353 3683 1458; baseline 0.027 -52"><span class='ocrx_word' id='word_1_566' title='bbox 2108 1353 2374 1414; x_wconf 85' lang='lat' dir='ltr'><strong>boriosam</strong></span> <span class='ocrx_word' id='word_1_567' title='bbox 2398 1402 2413 1427; x_wconf 93' lang='lat'><strong>,</strong></span> <span class='ocrx_word' id='word_1_568' title='bbox 2441 1372 2496 1417; x_wconf 94' lang='lat' dir='ltr'><strong>ut</strong></span> <span class='ocrx_word' id='word_1_569' title='bbox 2523 1367 2660 1422; x_wconf 87' lang='lat' dir='ltr'><strong>scias</strong></span> <span class='ocrx_word' id='word_1_570' title='bbox 2686 1384 2808 1426; x_wconf 92' lang='lat' dir='ltr'><strong>eum</strong></span> <span class='ocrx_word' id='word_1_571' title='bbox 2847 1390 2945 1429; x_wconf 90' lang='lat' dir='ltr'><strong>nec</strong></span> <span class='ocrx_word' id='word_1_572' title='bbox 2974 1380 3122 1446; x_wconf 87' lang='lat' dir='ltr'><strong>prius</strong></span> <span class='ocrx_word' id='word_1_573' title='bbox 3148 1386 3360 1452; x_wconf 90' lang='lat' dir='ltr'><strong>quidem</strong></span> <span class='ocrx_word' id='word_1_574' title='bbox 3392 1395 3683 1458; x_wconf 85' lang='lat' dir='ltr'><strong>permissu-</strong></span> 
     </span>
    </p>
   </div>
   <div class='ocr_carea' id='block_1_73' title="bbox 2106 1449 3682 1541">
    <p class='ocr_par' dir='ltr' id='par_1_73' title="bbox 2106 1449 3682 1541">
     <span class='ocr_line' id='line_1_73' title="bbox 2106 1449 3682 1541; baseline 0.027 -42"><span class='ocrx_word' id='word_1_575' title='bbox 2106 1461 2224 1501; x_wconf 93' lang='lat' dir='ltr'><strong>rum</strong></span> <span class='ocrx_word' id='word_1_576' title='bbox 2251 1449 2414 1507; x_wconf 88' lang='lat' dir='ltr'><strong>fuisse</strong></span> <span class='ocrx_word' id='word_1_577' title='bbox 2443 1495 2458 1521; x_wconf 95' lang='lat'><strong>,</strong></span> <span class='ocrx_word' id='word_1_578' title='bbox 2492 1457 2592 1512; x_wconf 90' lang='lat' dir='ltr'><strong>nisi</strong></span> <span class='ocrx_word' id='word_1_579' title='bbox 2622 1460 2738 1529; x_wconf 91' lang='lat' dir='ltr'><strong>ejus</strong></span> <span class='ocrx_word' id='word_1_580' title='bbox 2776 1467 3031 1534; x_wconf 90' lang='lat' dir='ltr'><strong>sapientia</strong></span> <span class='ocrx_word' id='word_1_581' title='bbox 3069 1473 3120 1525; x_wconf 91' lang='lat' dir='ltr'><strong>id</strong></span> <span class='ocrx_word' id='word_1_582' title='bbox 3151 1476 3304 1531; x_wconf 84' lang='lat' dir='ltr'><strong>valde</strong></span> <span class='ocrx_word' id='word_1_583' title='bbox 3331 1482 3456 1535; x_wconf 89' lang='lat' dir='ltr'><strong>utile</strong></span> <span class='ocrx_word' id='word_1_584' title='bbox 3488 1484 3682 1541; x_wconf 88' lang='lat' dir='ltr'><strong>factum</strong></span> 
     </span>
    </p>
   </div>
   <div class='ocr_carea' id='block_1_74' title="bbox 2106 1542 3690 1639">
    <p class='ocr_par' dir='ltr' id='par_1_74' title="bbox 2106 1542 3690 1639">
     <span class='ocr_line' id='line_1_74' title="bbox 2106 1542 3690 1639; baseline 0.025 -46"><span class='ocrx_word' id='word_1_585' title='bbox 2106 1552 2265 1594; x_wconf 86' lang='lat' dir='ltr'><strong>esset.</strong></span> <span class='ocrx_word' id='word_1_586' title='bbox 2297 1542 2366 1596; x_wconf 91' lang='lat' dir='ltr'><strong>Et</strong></span> <span class='ocrx_word' id='word_1_587' title='bbox 2393 1545 2514 1602; x_wconf 90' lang='lat' dir='ltr'><strong>ideo</strong></span> <span class='ocrx_word' id='word_1_588' title='bbox 2533 1565 2650 1605; x_wconf 90' lang='lat' dir='ltr'><strong>cum</strong></span> <span class='ocrx_word' id='word_1_589' title='bbox 2673 1553 2921 1626; x_wconf 85' lang='lat' dir='ltr'><strong>dixisset,</strong></span> <span class='ocrx_word' id='word_1_590' title='bbox 2954 1561 3064 1626; x_wconf 82' lang='lat' dir='ltr'><strong>Quo</strong></span> <span class='ocrx_word' id='word_1_591' title='bbox 3091 1565 3173 1618; x_wconf 89' lang='lat' dir='ltr'><strong>die</strong></span> <span class='ocrx_word' id='word_1_592' title='bbox 3195 1572 3466 1626; x_wconf 80' lang='lat' dir='ltr'><strong>comederis</strong></span> <span class='ocrx_word' id='word_1_593' title='bbox 3487 1618 3500 1639; x_wconf 93' lang='lat'><strong>,</strong></span> <span class='ocrx_word' id='word_1_594' title='bbox 3530 1590 3690 1633; x_wconf 79' lang='lat' dir='ltr'><strong>morte</strong></span> 
     </span>
    </p>
   </div>
   <div class='ocr_carea' id='block_1_75' title="bbox 2103 1633 3682 1736">
    <p class='ocr_par' dir='ltr' id='par_1_75' title="bbox 2103 1633 3682 1736">
     <span class='ocr_line' id='line_1_75' title="bbox 2103 1633 3682 1736; baseline 0.027 -55"><span class='ocrx_word' id='word_1_595' title='bbox 2103 1633 2330 1688; x_wconf 87' lang='lat' dir='ltr'><strong>morieris</strong></span> <span class='ocrx_word' id='word_1_596' title='bbox 2348 1633 2496 1707; x_wconf 86' lang='lat' dir='ltr'><strong>(Gen.</strong></span> <span class='ocrx_word' id='word_1_597' title='bbox 2520 1639 2572 1693; x_wconf 79' lang='grc'><strong>2.</strong></span> <span class='ocrx_word' id='word_1_598' title='bbox 2596 1643 2685 1713; x_wconf 84' lang='lat' dir='ltr'><strong>l7)</strong></span> <span class='ocrx_word' id='word_1_599' title='bbox 2709 1661 2725 1699; x_wconf 89' lang='lat'><strong>:</strong></span> <span class='ocrx_word' id='word_1_600' title='bbox 2755 1662 2859 1702; x_wconf 93' lang='lat' dir='ltr'><strong>non</strong></span> <span class='ocrx_word' id='word_1_601' title='bbox 2881 1650 2980 1704; x_wconf 88' lang='lat' dir='ltr'><strong>fuit</strong></span> <span class='ocrx_word' id='word_1_602' title='bbox 3002 1668 3158 1722; x_wconf 65' lang='lat' dir='ltr'><strong>poena</strong></span> <span class='ocrx_word' id='word_1_603' title='bbox 3181 1670 3463 1718; x_wconf 90' lang='lat' dir='ltr'><strong>contentus</strong></span> <span class='ocrx_word' id='word_1_604' title='bbox 3529 1683 3682 1736; x_wconf 80' lang='lat' dir='ltr'><strong>ptena</strong></span> 
     </span>
    </p>
   </div>
   <div class='ocr_carea' id='block_1_76' title="bbox 2103 1724 3677 1829">
    <p class='ocr_par' dir='ltr' id='par_1_76' title="bbox 2103 1724 3677 1829">
     <span class='ocr_line' id='line_1_76' title="bbox 2103 1724 3677 1829; baseline 0.027 -55"><span class='ocrx_word' id='word_1_605' title='bbox 2103 1724 2244 1778; x_wconf 90' lang='lat' dir='ltr'><strong>enim</strong></span> <span class='ocrx_word' id='word_1_606' title='bbox 2259 1736 2392 1792; x_wconf 89' lang='lat' dir='ltr'><strong>erat,</strong></span> <span class='ocrx_word' id='word_1_607' title='bbox 2422 1728 2575 1784; x_wconf 87' lang='lat' dir='ltr'><strong>Terra</strong></span> <span class='ocrx_word' id='word_1_608' title='bbox 2591 1750 2661 1799; x_wconf 89' lang='lat' dir='ltr'><strong>es,</strong></span> <span class='ocrx_word' id='word_1_609' title='bbox 2676 1745 2720 1788; x_wconf 91' lang='lat' dir='ltr'><strong>et</strong></span> <span class='ocrx_word' id='word_1_610' title='bbox 2746 1739 2798 1791; x_wconf 91' lang='lat' dir='ltr'><strong>in</strong></span> <span class='ocrx_word' id='word_1_611' title='bbox 2823 1749 3005 1795; x_wconf 87' lang='lat' dir='ltr'><strong>terram</strong></span> <span class='ocrx_word' id='word_1_612' title='bbox 3031 1751 3286 1804; x_wconf 86' lang='lat' dir='ltr'><strong>reverteris</strong></span> <span class='ocrx_word' id='word_1_613' title='bbox 3310 1724 3542 1822; x_wconf 87' lang='lat' dir='ltr'><strong>(Ibid.</strong></span> <span class='ocrx_word' id='word_1_614' title='bbox 3565 1761 3677 1829; x_wconf 73' lang='lat'><strong>19);</strong></span> 
     </span>
    </p>
   </div>
   <div class='ocr_carea' id='block_1_77' title="bbox 2102 1822 3682 1906">
    <p class='ocr_par' dir='ltr' id='par_1_77' title="bbox 2102 1822 3682 1906">
     <span class='ocr_line' id='line_1_77' title="bbox 2102 1822 3682 1906; baseline 0.025 -40"><span class='ocrx_word' id='word_1_615' title='bbox 2102 1827 2242 1868; x_wconf 90' lang='lat' dir='ltr'><strong>nunc</strong></span> <span class='ocrx_word' id='word_1_616' title='bbox 2269 1827 2446 1872; x_wconf 90' lang='lat' dir='ltr'><strong>autem</strong></span> <span class='ocrx_word' id='word_1_617' title='bbox 2475 1822 2617 1877; x_wconf 90' lang='lat' dir='ltr'><strong>aliud</strong></span> <span class='ocrx_word' id='word_1_618' title='bbox 2646 1841 2856 1898; x_wconf 91' lang='lat' dir='ltr'><strong>quoque</strong></span> <span class='ocrx_word' id='word_1_619' title='bbox 2885 1832 3104 1903; x_wconf 89' lang='lat' dir='ltr'><strong>adjicit,</strong></span> <span class='ocrx_word' id='word_1_620' title='bbox 3148 1840 3330 1897; x_wconf 88' lang='lat' dir='ltr'><strong>dicens</strong></span> <span class='ocrx_word' id='word_1_621' title='bbox 3361 1862 3374 1897; x_wconf 89' lang='lat'><strong>:</strong></span> <span class='ocrx_word' id='word_1_622' title='bbox 3405 1847 3471 1900; x_wconf 88' lang='lat' dir='ltr'><strong>In</strong></span> <span class='ocrx_word' id='word_1_623' title='bbox 3499 1822 3682 1906; x_wconf 74' lang='lat' dir='ltr'><strong>sudore</strong></span> 
     </span>
    </p>
   </div>
   <div class='ocr_carea' id='block_1_78' title="bbox 2099 1903 3678 2006">
    <p class='ocr_par' dir='ltr' id='par_1_78' title="bbox 2099 1903 3678 2006">
     <span class='ocr_line' id='line_1_78' title="bbox 2099 1903 3678 2006; baseline 0.025 -51"><span class='ocrx_word' id='word_1_624' title='bbox 2099 1903 2266 1959; x_wconf 87' lang='lat' dir='ltr'><strong>vultus</strong></span> <span class='ocrx_word' id='word_1_625' title='bbox 2290 1909 2364 1961; x_wconf 88' lang='lat' dir='ltr'><strong>tui</strong></span> <span class='ocrx_word' id='word_1_626' title='bbox 2383 1915 2590 1969; x_wconf 84' lang='lat' dir='ltr'><strong>vesceris</strong></span> <span class='ocrx_word' id='word_1_627' title='bbox 2615 1933 2745 1986; x_wconf 84' lang='lat' dir='ltr'><strong>pane</strong></span> <span class='ocrx_word' id='word_1_628' title='bbox 2774 1928 2878 1975; x_wconf 91' lang='lat' dir='ltr'><strong>tuo.</strong></span> <span class='ocrx_word' id='word_1_629' title='bbox 2909 1921 3098 1992; x_wconf 88' lang='lat' dir='ltr'><strong>Spinas</strong></span> <span class='ocrx_word' id='word_1_630' title='bbox 3121 1939 3166 1981; x_wconf 88' lang='lat' dir='ltr'><strong>et</strong></span> <span class='ocrx_word' id='word_1_631' title='bbox 3185 1933 3394 1988; x_wconf 84' lang='lat' dir='ltr'><strong>tribulos</strong></span> <span class='ocrx_word' id='word_1_632' title='bbox 3421 1943 3678 2006; x_wconf 86' lang='lat' dir='ltr'><strong>germina-</strong></span> 
     </span>
    </p>
   </div>
   <div class='ocr_carea' id='block_1_79' title="bbox 2099 1993 3675 2104">
    <p class='ocr_par' dir='ltr' id='par_1_79' title="bbox 2099 1993 3675 2104">
     <span class='ocr_line' id='line_1_79' title="bbox 2099 1993 3675 2104; baseline 0.027 -58"><span class='ocrx_word' id='word_1_633' title='bbox 2099 1993 2168 2104; x_wconf 45' lang='grc' dir='ltr'><strong>ξι</strong></span> <span class='ocrx_word' id='word_1_634' title='bbox 2186 1997 2272 2050; x_wconf 87' lang='lat' dir='ltr'><strong>tibi</strong></span> <span class='ocrx_word' id='word_1_635' title='bbox 2299 2015 2317 2053; x_wconf 91' lang='lat'><strong><em>:</em></strong></span> <span class='ocrx_word' id='word_1_636' title='bbox 2343 2001 2395 2054; x_wconf 85' lang='lat' dir='ltr'><strong>in</strong></span> <span class='ocrx_word' id='word_1_637' title='bbox 2421 2003 2674 2062; x_wconf 86' lang='lat' dir='ltr'><strong>laboribus</strong></span> <span class='ocrx_word' id='word_1_638' title='bbox 2693 2013 2919 2067; x_wconf 77' lang='lat' dir='ltr'><strong>comedas</strong></span> <span class='ocrx_word' id='word_1_639' title='bbox 2941 2031 3003 2070; x_wconf 74' lang='lat' dir='ltr'><strong>ea:</strong></span> <span class='ocrx_word' id='word_1_640' title='bbox 3021 2034 3079 2071; x_wconf 89' lang='lat' dir='ltr'><strong>ea</strong></span> <span class='ocrx_word' id='word_1_641' title='bbox 3113 2019 3270 2092; x_wconf 84' lang='lat' dir='ltr'><strong>(Ibid.</strong></span> <span class='ocrx_word' id='word_1_642' title='bbox 3305 2037 3350 2078; x_wconf 87' lang='lat' dir='ltr'><strong>et</strong></span> <span class='ocrx_word' id='word_1_643' title='bbox 3376 1993 3533 2085; x_wconf 47' lang='lat' dir='ltr'><strong>v.vl8.</strong></span> <span class='ocrx_word' id='word_1_644' title='bbox 3563 1993 3675 2104; x_wconf 66' lang='lat' dir='ltr'><strong>il).</strong></span> 
     </span>
    </p>
   </div>
   <div class='ocr_carea' id='block_1_80' title="bbox 2098 2087 3677 2182">
    <p class='ocr_par' dir='ltr' id='par_1_80' title="bbox 2098 2087 3677 2182">
     <span class='ocr_line' id='line_1_80' title="bbox 2098 2087 3677 2182; baseline 0.024 -43"><span class='ocrx_word' id='word_1_645' title='bbox 2098 2087 2166 2141; x_wconf 89' lang='lat' dir='ltr'><strong>Et</strong></span> <span class='ocrx_word' id='word_1_646' title='bbox 2204 2091 2411 2147; x_wconf 88' lang='lat' dir='ltr'><strong>mulieri</strong></span> <span class='ocrx_word' id='word_1_647' title='bbox 2451 2095 2585 2150; x_wconf 84' lang='lat' dir='ltr'><strong>dixit</strong></span> <span class='ocrx_word' id='word_1_648' title='bbox 2612 2116 2626 2150; x_wconf 89' lang='lat'><strong>:</strong></span> <span class='ocrx_word' id='word_1_649' title='bbox 2657 2100 3004 2172; x_wconf 77' lang='lat' dir='ltr'><strong>Multiplicans</strong></span> <span class='ocrx_word' id='word_1_650' title='bbox 3047 2087 3388 2182; x_wconf 79' lang='lat' dir='ltr'><strong>multiplicabo</strong></span> <span class='ocrx_word' id='word_1_651' title='bbox 3419 2087 3677 2179; x_wconf 69' lang='lat' dir='ltr'><strong>wruntmis</strong></span> 
     </span>
    </p>
   </div>
   <div class='ocr_carea' id='block_1_81' title="bbox 2096 2186 3674 2282">
    <p class='ocr_par' dir='ltr' id='par_1_81' title="bbox 2096 2186 3674 2282">
     <span class='ocr_line' id='line_1_81' title="bbox 2096 2186 3674 2282; baseline 0.023 -51"><span class='ocrx_word' id='word_1_652' title='bbox 2096 2187 2227 2246; x_wconf 88' lang='lat' dir='ltr'><strong>tuas,</strong></span> <span class='ocrx_word' id='word_1_653' title='bbox 2257 2193 2300 2235; x_wconf 88' lang='lat' dir='ltr'><strong>et</strong></span> <span class='ocrx_word' id='word_1_654' title='bbox 2325 2186 2560 2254; x_wconf 88' lang='lat' dir='ltr'><strong>gemitum</strong></span> <span class='ocrx_word' id='word_1_655' title='bbox 2591 2198 2752 2246; x_wconf 90' lang='lat' dir='ltr'><strong>tuum.</strong></span> <span class='ocrx_word' id='word_1_656' title='bbox 2785 2192 2849 2246; x_wconf 85' lang='lat' dir='ltr'><strong>In</strong></span> <span class='ocrx_word' id='word_1_657' title='bbox 2876 2197 3129 2254; x_wconf 84' lang='lat' dir='ltr'><strong>doloribus</strong></span> <span class='ocrx_word' id='word_1_658' title='bbox 3161 2206 3324 2270; x_wconf 87' lang='lat' dir='ltr'><strong>paries</strong></span> <span class='ocrx_word' id='word_1_659' title='bbox 3351 2208 3485 2276; x_wconf 81' lang='lat' dir='ltr'><strong>ﬁlios</strong></span> <span class='ocrx_word' id='word_1_660' title='bbox 3510 2211 3674 2282; x_wconf 86' lang='lat' dir='ltr'><strong>(Ibid.</strong></span> 
     </span>
    </p>
   </div>
   <div class='ocr_carea' id='block_1_82' title="bbox 2094 2274 3675 2374">
    <p class='ocr_par' dir='ltr' id='par_1_82' title="bbox 2094 2274 3675 2374">
     <span class='ocr_line' id='line_1_82' title="bbox 2094 2274 3675 2374; baseline 0.022 -49"><span class='ocrx_word' id='word_1_661' title='bbox 2094 2287 2140 2324; x_wconf 92' lang='lat' dir='ltr'><strong>v.</strong></span> <span class='ocrx_word' id='word_1_662' title='bbox 2173 2274 2301 2344; x_wconf 77' lang='grc'>16).</span> <span class='ocrx_word' id='word_1_663' title='bbox 2343 2276 2523 2348; x_wconf 89' lang='lat' dir='ltr'><strong>Neque</strong></span> <span class='ocrx_word' id='word_1_664' title='bbox 2561 2283 2702 2337; x_wconf 91' lang='lat' dir='ltr'><strong>enim</strong></span> <span class='ocrx_word' id='word_1_665' title='bbox 2735 2285 2863 2340; x_wconf 88' lang='lat' dir='ltr'><strong>illud</strong></span> <span class='ocrx_word' id='word_1_666' title='bbox 2891 2291 3020 2344; x_wconf 84' lang='lat' dir='ltr'><strong>Satis</strong></span> <span class='ocrx_word' id='word_1_667' title='bbox 3054 2303 3168 2346; x_wconf 88' lang='lat' dir='ltr'><strong>erat</strong></span> <span class='ocrx_word' id='word_1_668' title='bbox 3196 2295 3260 2349; x_wconf 88' lang='lat' dir='ltr'><strong>ad</strong></span> <span class='ocrx_word' id='word_1_669' title='bbox 3293 2274 3385 2352; x_wconf 75' lang='lat' dir='ltr'><strong>eos</strong></span> <span class='ocrx_word' id='word_1_670' title='bbox 3413 2274 3675 2374; x_wconf 78' lang='lat' dir='ltr'><strong>castigan-</strong></span> 
     </span>
    </p>
   </div>
   <div class='ocr_carea' id='block_1_83' title="bbox 2091 2363 3673 2454">
    <p class='ocr_par' dir='ltr' id='par_1_83' title="bbox 2091 2363 3673 2454">
     <span class='ocr_line' id='line_1_83' title="bbox 2091 2363 3673 2454; baseline 0.023 -36"><span class='ocrx_word' id='word_1_671' title='bbox 2091 2363 2212 2420; x_wconf 93' lang='lat' dir='ltr'><strong>dos.</strong></span> <span class='ocrx_word' id='word_1_672' title='bbox 2239 2367 2431 2424; x_wconf 85' lang='lat' dir='ltr'><strong>Multos</strong></span> <span class='ocrx_word' id='word_1_673' title='bbox 2464 2372 2641 2442; x_wconf 90' lang='lat' dir='ltr'><strong>itaque</strong></span> <span class='ocrx_word' id='word_1_674' title='bbox 2678 2377 2919 2434; x_wconf 91' lang='lat' dir='ltr'><strong>videmus</strong></span> <span class='ocrx_word' id='word_1_675' title='bbox 2944 2397 3006 2437; x_wconf 88' lang='lat' dir='ltr'><strong>ea</strong></span> <span class='ocrx_word' id='word_1_676' title='bbox 3045 2387 3252 2442; x_wconf 87' lang='lat' dir='ltr'><strong>ratione</strong></span> <span class='ocrx_word' id='word_1_677' title='bbox 3295 2393 3519 2449; x_wconf 82' lang='lat' dir='ltr'><strong>evadere</strong></span> <span class='ocrx_word' id='word_1_678' title='bbox 3547 2363 3673 2454; x_wconf 66' lang='lat' dir='ltr'><strong>ine-</strong></span> 
     </span>
    </p>
   </div>
   <div class='ocr_carea' id='block_1_84' title="bbox 2090 2455 3670 2546">
    <p class='ocr_par' dir='ltr' id='par_1_84' title="bbox 2090 2455 3670 2546">
     <span class='ocr_line' id='line_1_84' title="bbox 2090 2455 3670 2546; baseline 0.025 -39"><span class='ocrx_word' id='word_1_679' title='bbox 2090 2455 2273 2513; x_wconf 91' lang='lat' dir='ltr'><strong>liores.</strong></span> <span class='ocrx_word' id='word_1_680' title='bbox 2299 2460 2437 2516; x_wconf 83' lang='lat' dir='ltr'><strong>Mors</strong></span> <span class='ocrx_word' id='word_1_681' title='bbox 2458 2465 2597 2518; x_wconf 93' lang='lat' dir='ltr'><strong>enim</strong></span> <span class='ocrx_word' id='word_1_682' title='bbox 2622 2466 2708 2521; x_wconf 92' lang='lat' dir='ltr'><strong>ubi</strong></span> <span class='ocrx_word' id='word_1_683' title='bbox 2737 2471 3030 2542; x_wconf 87' lang='lat' dir='ltr'><strong>advenerit,</strong></span> <span class='ocrx_word' id='word_1_684' title='bbox 3061 2479 3258 2534; x_wconf 83' lang='lat' dir='ltr'><strong>alienat</strong></span> <span class='ocrx_word' id='word_1_685' title='bbox 3287 2498 3314 2535; x_wconf 90' lang='lat' dir='ltr'><strong>a</strong></span> <span class='ocrx_word' id='word_1_686' title='bbox 3336 2499 3496 2540; x_wconf 85' lang='lat' dir='ltr'><strong>sensu</strong></span> <span class='ocrx_word' id='word_1_687' title='bbox 3522 2506 3534 2542; x_wconf 93' lang='lat'>:</span> <span class='ocrx_word' id='word_1_688' title='bbox 3557 2489 3670 2546; x_wconf 71' lang='lat' dir='ltr'><strong>ha&#39;c</strong></span> 
     </span>
    </p>
   </div>
   <div class='ocr_carea' id='block_1_85' title="bbox 2088 2552 3672 2635">
    <p class='ocr_par' dir='ltr' id='par_1_85' title="bbox 2088 2552 3672 2635">
     <span class='ocr_line' id='line_1_85' title="bbox 2088 2552 3672 2635; baseline 0.021 -35"><span class='ocrx_word' id='word_1_689' title='bbox 2088 2559 2265 2602; x_wconf 87' lang='lat' dir='ltr'><strong>autem</strong></span> <span class='ocrx_word' id='word_1_690' title='bbox 2307 2552 2455 2606; x_wconf 89' lang='lat' dir='ltr'><strong>vivos</strong></span> <span class='ocrx_word' id='word_1_691' title='bbox 2484 2556 2731 2612; x_wconf 89' lang='lat' dir='ltr'><strong>meliores</strong></span> <span class='ocrx_word' id='word_1_692' title='bbox 2761 2560 3015 2617; x_wconf 89' lang='lat' dir='ltr'><strong>efﬁciunt.</strong></span> <span class='ocrx_word' id='word_1_693' title='bbox 3054 2566 3204 2632; x_wconf 90' lang='lat' dir='ltr'><strong>Quod</strong></span> <span class='ocrx_word' id='word_1_694' title='bbox 3247 2573 3290 2624; x_wconf 91' lang='lat' dir='ltr'><strong>si</strong></span> <span class='ocrx_word' id='word_1_695' title='bbox 3337 2575 3543 2630; x_wconf 78' lang='lat' dir='ltr'><strong>videtur</strong></span> <span class='ocrx_word' id='word_1_696' title='bbox 3586 2596 3672 2635; x_wconf 87' lang='lat' dir='ltr'><strong>res</strong></span> 
     </span>
    </p>
   </div>
   <div class='ocr_carea' id='block_1_86' title="bbox 2087 2643 3670 2737">
    <p class='ocr_par' dir='ltr' id='par_1_86' title="bbox 2087 2643 3670 2737">
     <span class='ocr_line' id='line_1_86' title="bbox 2087 2643 3670 2737; baseline 0.021 -44"><span class='ocrx_word' id='word_1_697' title='bbox 2087 2652 2208 2695; x_wconf 90' lang='lat' dir='ltr'><strong>esse</strong></span> <span class='ocrx_word' id='word_1_698' title='bbox 2236 2643 2521 2710; x_wconf 90' lang='lat' dir='ltr'><strong>terribilis,</strong></span> <span class='ocrx_word' id='word_1_699' title='bbox 2569 2647 2620 2702; x_wconf 91' lang='lat' dir='ltr'><strong>id</strong></span> <span class='ocrx_word' id='word_1_700' title='bbox 2660 2649 2718 2703; x_wconf 88' lang='lat' dir='ltr'><strong>lit</strong></span> <span class='ocrx_word' id='word_1_701' title='bbox 2744 2665 2808 2705; x_wconf 85' lang='lat' dir='ltr'><strong>ex</strong></span> <span class='ocrx_word' id='word_1_702' title='bbox 2844 2654 3207 2716; x_wconf 85' lang='lat' dir='ltr'><strong>imbecillitate</strong></span> <span class='ocrx_word' id='word_1_703' title='bbox 3237 2679 3419 2718; x_wconf 89' lang='lat' dir='ltr'><strong>eorum</strong></span> <span class='ocrx_word' id='word_1_704' title='bbox 3459 2669 3547 2737; x_wconf 90' lang='lat' dir='ltr'><strong>qui</strong></span> <span class='ocrx_word' id='word_1_705' title='bbox 3593 2672 3670 2727; x_wconf 86' lang='lat' dir='ltr'><strong>sic</strong></span> 
     </span>
    </p>
   </div>
   <div class='ocr_carea' id='block_1_87' title="bbox 2085 2729 3666 2828">
    <p class='ocr_par' dir='ltr' id='par_1_87' title="bbox 2085 2729 3666 2828">
     <span class='ocr_line' id='line_1_87' title="bbox 2085 2729 3666 2828; baseline 0.021 -46"><span class='ocrx_word' id='word_1_706' title='bbox 2085 2729 2256 2786; x_wconf 70' lang='lat' dir='ltr'><strong>allecti</strong></span> <span class='ocrx_word' id='word_1_707' title='bbox 2284 2744 2426 2788; x_wconf 91' lang='lat' dir='ltr'><strong>sunt.</strong></span> <span class='ocrx_word' id='word_1_708' title='bbox 2455 2737 2608 2804; x_wconf 88' lang='lat' dir='ltr'><strong>Quod</strong></span> <span class='ocrx_word' id='word_1_709' title='bbox 2635 2741 2776 2796; x_wconf 91' lang='lat' dir='ltr'><strong>enim</strong></span> <span class='ocrx_word' id='word_1_710' title='bbox 2821 2742 2906 2798; x_wconf 89' lang='lat' dir='ltr'><strong>hic</strong></span> <span class='ocrx_word' id='word_1_711' title='bbox 2939 2756 3114 2802; x_wconf 91' lang='lat' dir='ltr'><strong>metus</strong></span> <span class='ocrx_word' id='word_1_712' title='bbox 3151 2752 3219 2805; x_wconf 92' lang='lat' dir='ltr'><strong>sit</strong></span> <span class='ocrx_word' id='word_1_713' title='bbox 3251 2729 3628 2815; x_wconf 75' lang='lat' dir='ltr'><strong>imbecillitatis</strong></span> <span class='ocrx_word' id='word_1_714' title='bbox 3651 2803 3666 2828; x_wconf 93' lang='lat'><strong>,</strong></span> 
     </span>
    </p>
   </div>
   <div class='ocr_carea' id='block_1_88' title="bbox 2083 2823 3669 2912">
    <p class='ocr_par' dir='ltr' id='par_1_88' title="bbox 2083 2823 3669 2912">
     <span class='ocr_line' id='line_1_88' title="bbox 2083 2823 3669 2912; baseline 0.02 -37"><span class='ocrx_word' id='word_1_715' title='bbox 2083 2823 2204 2877; x_wconf 91' lang='lat' dir='ltr'><strong>audi</strong></span> <span class='ocrx_word' id='word_1_716' title='bbox 2235 2824 2456 2882; x_wconf 85' lang='lat' dir='ltr'><strong>Paulum</strong></span> <span class='ocrx_word' id='word_1_717' title='bbox 2486 2845 2603 2884; x_wconf 90' lang='lat' dir='ltr'><strong>eam</strong></span> <span class='ocrx_word' id='word_1_718' title='bbox 2634 2842 2903 2901; x_wconf 90' lang='lat' dir='ltr'><strong>optantem</strong></span> <span class='ocrx_word' id='word_1_719' title='bbox 2928 2879 2942 2900; x_wconf 91' lang='lat'><strong>,</strong></span> <span class='ocrx_word' id='word_1_720' title='bbox 2983 2848 3037 2893; x_wconf 92' lang='lat' dir='ltr'><strong>et</strong></span> <span class='ocrx_word' id='word_1_721' title='bbox 3073 2839 3142 2896; x_wconf 88' lang='lat' dir='ltr'><strong>de</strong></span> <span class='ocrx_word' id='word_1_722' title='bbox 3181 2858 3242 2898; x_wconf 86' lang='lat' dir='ltr'><strong>ea</strong></span> <span class='ocrx_word' id='word_1_723' title='bbox 3271 2844 3539 2904; x_wconf 84' lang='lat' dir='ltr'><strong>laetantem</strong></span> <span class='ocrx_word' id='word_1_724' title='bbox 3559 2893 3574 2912; x_wconf 87' lang='lat'><strong>,</strong></span> <span class='ocrx_word' id='word_1_725' title='bbox 3613 2823 3669 2907; x_wconf 83' lang='lat' dir='ltr'><strong>ut</strong></span> 
     </span>
    </p>
   </div>
   <div class='ocr_carea' id='block_1_89' title="bbox 2082 2915 3666 3003">
    <p class='ocr_par' dir='ltr' id='par_1_89' title="bbox 2082 2915 3666 3003">
     <span class='ocr_line' id='line_1_89' title="bbox 2082 2915 3666 3003; baseline 0.02 -38"><span class='ocrx_word' id='word_1_726' title='bbox 2082 2915 2295 2982; x_wconf 90' lang='lat' dir='ltr'><strong>quando</strong></span> <span class='ocrx_word' id='word_1_727' title='bbox 2321 2917 2448 2972; x_wconf 87' lang='lat' dir='ltr'><strong>dicit</strong></span> <span class='ocrx_word' id='word_1_728' title='bbox 2473 2938 2486 2972; x_wconf 95' lang='lat'><strong>:</strong></span> <span class='ocrx_word' id='word_1_729' title='bbox 2519 2921 2719 2976; x_wconf 84' lang='lat' dir='ltr'><strong>Resolvi</strong></span> <span class='ocrx_word' id='word_1_730' title='bbox 2736 2966 2750 2990; x_wconf 93' lang='lat'><strong>,</strong></span> <span class='ocrx_word' id='word_1_731' title='bbox 2790 2935 2836 2979; x_wconf 87' lang='lat' dir='ltr'><strong>et</strong></span> <span class='ocrx_word' id='word_1_732' title='bbox 2863 2943 2970 2982; x_wconf 87' lang='lat' dir='ltr'><strong>esse</strong></span> <span class='ocrx_word' id='word_1_733' title='bbox 2993 2947 3106 2984; x_wconf 88' lang='lat' dir='ltr'><strong>cum</strong></span> <span class='ocrx_word' id='word_1_734' title='bbox 3145 2933 3344 2990; x_wconf 81' lang='lat' dir='ltr'><strong>Christo</strong></span> <span class='ocrx_word' id='word_1_735' title='bbox 3363 2979 3376 3003; x_wconf 93' lang='lat'><strong>,</strong></span> <span class='ocrx_word' id='word_1_736' title='bbox 3408 2949 3480 2992; x_wconf 87' lang='lat' dir='ltr'><strong>est</strong></span> <span class='ocrx_word' id='word_1_737' title='bbox 3508 2945 3666 2997; x_wconf 86' lang='lat' dir='ltr'><strong>multo</strong></span> 
     </span>
    </p>
   </div>
   <div class='ocr_carea' id='block_1_90' title="bbox 2081 3005 3665 3092">
    <p class='ocr_par' dir='ltr' id='par_1_90' title="bbox 2081 3005 3665 3092">
     <span class='ocr_line' id='line_1_90' title="bbox 2081 3005 3665 3092; baseline 0.021 -36"><span class='ocrx_word' id='word_1_738' title='bbox 2081 3005 2257 3060; x_wconf 86' lang='lat' dir='ltr'><strong>melius</strong></span> <span class='ocrx_word' id='word_1_739' title='bbox 2283 3006 2552 3082; x_wconf 71' lang='lat' dir='ltr'><strong>(Philipp.</strong></span> <span class='ocrx_word' id='word_1_740' title='bbox 2586 3015 2638 3068; x_wconf 82' lang='grc'>1.</span> <span class='ocrx_word' id='word_1_741' title='bbox 2668 3014 2777 3087; x_wconf 77' lang='grc'><strong>25)</strong></span> <span class='ocrx_word' id='word_1_742' title='bbox 2802 3034 2816 3084; x_wconf 90' lang='grc'><strong>;</strong></span> <span class='ocrx_word' id='word_1_743' title='bbox 2849 3028 2904 3073; x_wconf 89' lang='lat' dir='ltr'><strong>et</strong></span> <span class='ocrx_word' id='word_1_744' title='bbox 2933 3037 3136 3092; x_wconf 86' lang='lat' dir='ltr'><strong>rursus,</strong></span> <span class='ocrx_word' id='word_1_745' title='bbox 3168 3023 3336 3081; x_wconf 78' lang='lat' dir='ltr'><strong>Lwtor</strong></span> <span class='ocrx_word' id='word_1_746' title='bbox 3364 3040 3414 3084; x_wconf 89' lang='lat' dir='ltr'><strong>et</strong></span> <span class='ocrx_word' id='word_1_747' title='bbox 3440 3034 3665 3088; x_wconf 76' lang='lat' dir='ltr'><strong>colla&#39;tor</strong></span> 
     </span>
    </p>
   </div>
   <div class='ocr_carea' id='block_1_91' title="bbox 2078 3099 3662 3186">
    <p class='ocr_par' dir='ltr' id='par_1_91' title="bbox 2078 3099 3662 3186">
     <span class='ocr_line' id='line_1_91' title="bbox 2078 3099 3662 3186; baseline 0.021 -38"><span class='ocrx_word' id='word_1_748' title='bbox 2078 3111 2192 3150; x_wconf 87' lang='lat' dir='ltr'><strong>cum</strong></span> <span class='ocrx_word' id='word_1_749' title='bbox 2222 3099 2359 3154; x_wconf 88' lang='lat' dir='ltr'><strong>vobis</strong></span> <span class='ocrx_word' id='word_1_750' title='bbox 2387 3103 2646 3172; x_wconf 87' lang='lat' dir='ltr'><strong>omnibus;</strong></span> <span class='ocrx_word' id='word_1_751' title='bbox 2672 3108 2844 3163; x_wconf 86' lang='lat' dir='ltr'><strong>itidem</strong></span> <span class='ocrx_word' id='word_1_752' title='bbox 2873 3128 2958 3166; x_wconf 88' lang='lat' dir='ltr'><strong>vos</strong></span> <span class='ocrx_word' id='word_1_753' title='bbox 2996 3130 3188 3186; x_wconf 84' lang='lat' dir='ltr'><strong>quoque</strong></span> <span class='ocrx_word' id='word_1_754' title='bbox 3214 3119 3452 3175; x_wconf 73' lang='lat' dir='ltr'><strong>lwtemini</strong></span> <span class='ocrx_word' id='word_1_755' title='bbox 3480 3134 3525 3178; x_wconf 89' lang='lat' dir='ltr'><strong>et</strong></span> <span class='ocrx_word' id='word_1_756' title='bbox 3554 3129 3662 3181; x_wconf 82' lang='lat' dir='ltr'><strong>col-</strong></span> 
     </span>
    </p>
   </div>
   <div class='ocr_carea' id='block_1_92' title="bbox 2079 3192 3661 3281">
    <p class='ocr_par' dir='ltr' id='par_1_92' title="bbox 2079 3192 3661 3281">
     <span class='ocr_line' id='line_1_92' title="bbox 2079 3192 3661 3281; baseline 0.02 -37"><span class='ocrx_word' id='word_1_757' title='bbox 2079 3192 2314 3248; x_wconf 74' lang='lat' dir='ltr'><strong>ltetemini</strong></span> <span class='ocrx_word' id='word_1_758' title='bbox 2355 3213 2549 3252; x_wconf 84' lang='lat' dir='ltr'><strong>mecum</strong></span> <span class='ocrx_word' id='word_1_759' title='bbox 2588 3199 2760 3271; x_wconf 87' lang='lat' dir='ltr'><strong>(Ibid.</strong></span> <span class='ocrx_word' id='word_1_760' title='bbox 2818 3205 2871 3259; x_wconf 79' lang='lat'><strong>2.</strong></span> <span class='ocrx_word' id='word_1_761' title='bbox 2924 3207 3009 3260; x_wconf 85' lang='grc'>17.</span> <span class='ocrx_word' id='word_1_762' title='bbox 3070 3211 3226 3281; x_wconf 81' lang='grc'>18);</span> <span class='ocrx_word' id='word_1_763' title='bbox 3277 3213 3343 3269; x_wconf 92' lang='lat' dir='ltr'><strong>de</strong></span> <span class='ocrx_word' id='word_1_764' title='bbox 3381 3220 3661 3275; x_wconf 88' lang='lat' dir='ltr'><strong>contrariis</strong></span> 
     </span>
    </p>
   </div>
   <div class='ocr_carea' id='block_1_93' title="bbox 2075 3287 3661 3380">
    <p class='ocr_par' dir='ltr' id='par_1_93' title="bbox 2075 3287 3661 3380">
     <span class='ocr_line' id='line_1_93' title="bbox 2075 3287 3661 3380; baseline 0.018 -43"><span class='ocrx_word' id='word_1_765' title='bbox 2075 3295 2252 3340; x_wconf 84' lang='lat' dir='ltr'><strong>autem</strong></span> <span class='ocrx_word' id='word_1_766' title='bbox 2280 3287 2548 3346; x_wconf 85' lang='lat' dir='ltr'><strong>dolentem</strong></span> <span class='ocrx_word' id='word_1_767' title='bbox 2583 3310 2595 3347; x_wconf 92' lang='lat'>:</span> <span class='ocrx_word' id='word_1_768' title='bbox 2632 3293 2753 3348; x_wconf 85' lang='lat' dir='ltr'><strong>Non</strong></span> <span class='ocrx_word' id='word_1_769' title='bbox 2782 3298 2946 3350; x_wconf 89' lang='lat' dir='ltr'><strong>solum</strong></span> <span class='ocrx_word' id='word_1_770' title='bbox 2979 3301 3145 3367; x_wconf 85' lang='lat' dir='ltr'><strong>enim,</strong></span> <span class='ocrx_word' id='word_1_771' title='bbox 3191 3304 3395 3374; x_wconf 92' lang='lat' dir='ltr'><strong>inquit,</strong></span> <span class='ocrx_word' id='word_1_772' title='bbox 3435 3311 3524 3363; x_wconf 86' lang='lat' dir='ltr'><strong>sed</strong></span> <span class='ocrx_word' id='word_1_773' title='bbox 3561 3313 3661 3380; x_wconf 88' lang='lat' dir='ltr'><strong>ipsi</strong></span> 
     </span>
    </p>
   </div>
   <div class='ocr_carea' id='block_1_94' title="bbox 2075 3379 3655 3469">
    <p class='ocr_par' dir='ltr' id='par_1_94' title="bbox 2075 3379 3655 3469">
     <span class='ocr_line' id='line_1_94' title="bbox 2075 3379 3655 3469; baseline 0.017 -39"><span class='ocrx_word' id='word_1_774' title='bbox 2075 3379 2224 3433; x_wconf 89' lang='lat' dir='ltr'><strong>etiam</strong></span> <span class='ocrx_word' id='word_1_775' title='bbox 2251 3381 2304 3434; x_wconf 88' lang='lat' dir='ltr'><strong>in</strong></span> <span class='ocrx_word' id='word_1_776' title='bbox 2330 3383 2470 3438; x_wconf 87' lang='lat' dir='ltr'><strong>nobis</strong></span> <span class='ocrx_word' id='word_1_777' title='bbox 2498 3385 2621 3454; x_wconf 82' lang='lat' dir='ltr'><strong>ipsis</strong></span> <span class='ocrx_word' id='word_1_778' title='bbox 2650 3386 3016 3458; x_wconf 86' lang='lat' dir='ltr'><strong>ingemiscimus</strong></span> <span class='ocrx_word' id='word_1_779' title='bbox 3037 3435 3052 3458; x_wconf 96' lang='lat'><strong>,</strong></span> <span class='ocrx_word' id='word_1_780' title='bbox 3083 3394 3307 3460; x_wconf 77' lang='lat' dir='ltr'><strong>ﬁliorum</strong></span> <span class='ocrx_word' id='word_1_781' title='bbox 3336 3400 3655 3469; x_wconf 85' lang='lat' dir='ltr'><strong>adaptionem</strong></span> 
     </span>
    </p>
   </div>
   <div class='ocr_carea' id='block_1_95' title="bbox 2074 3475 3654 3564">
    <p class='ocr_par' dir='ltr' id='par_1_95' title="bbox 2074 3475 3654 3564">
     <span class='ocr_line' id='line_1_95' title="bbox 2074 3475 3654 3564; baseline 0.017 -44"><span class='ocrx_word' id='word_1_782' title='bbox 2074 3479 2434 3536; x_wconf 79' lang='lat' dir='ltr'><strong>exspectantes,</strong></span> <span class='ocrx_word' id='word_1_783' title='bbox 2469 3475 2808 3530; x_wconf 88' lang='lat' dir='ltr'><strong>liberationem</strong></span> <span class='ocrx_word' id='word_1_784' title='bbox 2832 3482 3057 3550; x_wconf 84' lang='lat' dir='ltr'><strong>corporis</strong></span> <span class='ocrx_word' id='word_1_785' title='bbox 3085 3489 3244 3538; x_wconf 81' lang='lat' dir='ltr'><strong>nostri</strong></span> <span class='ocrx_word' id='word_1_786' title='bbox 3264 3487 3436 3558; x_wconf 83' lang='lat' dir='ltr'><strong>(Rom.</strong></span> <span class='ocrx_word' id='word_1_787' title='bbox 3461 3491 3514 3544; x_wconf 91' lang='lat'><strong>8.</strong></span> <span class='ocrx_word' id='word_1_788' title='bbox 3531 3491 3654 3564; x_wconf 77' lang='lat'><strong>25);</strong></span> 
     </span>
    </p>
   </div>
   <div class='ocr_carea' id='block_1_96' title="bbox 2073 3563 3657 3649">
    <p class='ocr_par' dir='ltr' id='par_1_96' title="bbox 2073 3563 3657 3649">
     <span class='ocr_line' id='line_1_96' title="bbox 2073 3563 3657 3649; baseline 0.016 -37"><span class='ocrx_word' id='word_1_789' title='bbox 2073 3568 2126 3613; x_wconf 89' lang='lat' dir='ltr'><strong>et</strong></span> <span class='ocrx_word' id='word_1_790' title='bbox 2150 3575 2355 3627; x_wconf 86' lang='lat' dir='ltr'><strong>rursus,</strong></span> <span class='ocrx_word' id='word_1_791' title='bbox 2385 3563 2484 3629; x_wconf 85' lang='lat' dir='ltr'><strong>Qui</strong></span> <span class='ocrx_word' id='word_1_792' title='bbox 2511 3583 2682 3622; x_wconf 85' lang='lat' dir='ltr'><strong>smnus</strong></span> <span class='ocrx_word' id='word_1_793' title='bbox 2711 3569 2761 3621; x_wconf 90' lang='lat' dir='ltr'><strong>in</strong></span> <span class='ocrx_word' id='word_1_794' title='bbox 2791 3569 2884 3622; x_wconf 86' lang='lat' dir='ltr'><strong>hoc</strong></span> <span class='ocrx_word' id='word_1_795' title='bbox 2911 3572 3261 3643; x_wconf 86' lang='lat' dir='ltr'><strong>tabernaculo,</strong></span> <span class='ocrx_word' id='word_1_796' title='bbox 3285 3563 3657 3649; x_wconf 85' lang='lat' dir='ltr'><strong>ingemiscimus</strong></span> 
     </span>
    </p>
   </div>
   <div class='ocr_carea' id='block_1_97' title="bbox 2070 3652 2718 3730">
    <p class='ocr_par' dir='ltr' id='par_1_97' title="bbox 2070 3652 2718 3730">
     <span class='ocr_line' id='line_1_97' title="bbox 2070 3652 2718 3730; baseline 0.015 -28"><span class='ocrx_word' id='word_1_797' title='bbox 2070 3653 2264 3720; x_wconf 84' lang='lat' dir='ltr'><strong>gravati</strong></span> <span class='ocrx_word' id='word_1_798' title='bbox 2293 3652 2368 3724; x_wconf 73' lang='grc'>(2.</span> <span class='ocrx_word' id='word_1_799' title='bbox 2395 3653 2512 3710; x_wconf 88' lang='lat' dir='ltr'><strong>Cor.</strong></span> <span class='ocrx_word' id='word_1_800' title='bbox 2541 3658 2593 3712; x_wconf 86' lang='lat'><strong>5.</strong></span> <span class='ocrx_word' id='word_1_801' title='bbox 2625 3659 2718 3730; x_wconf 76' lang='grc'><strong>4).</strong></span> 
     </span>
    </p>
   </div>
   <div class='ocr_carea' id='block_1_98' title="bbox 2141 3743 3653 3825">
    <p class='ocr_par' dir='ltr' id='par_1_98' title="bbox 2141 3743 3653 3825">
     <span class='ocr_line' id='line_1_98' title="bbox 2141 3743 3653 3825; baseline 0.019 -30"><span class='ocrx_word' id='word_1_802' title='bbox 2141 3743 2194 3797; x_wconf 80' lang='lat'><strong>5.</strong></span> <span class='ocrx_word' id='word_1_803' title='bbox 2217 3743 2419 3809; x_wconf 84' lang='lat' dir='ltr'><strong>Quanta</strong></span> <span class='ocrx_word' id='word_1_804' title='bbox 2444 3765 2521 3803; x_wconf 91' lang='lat' dir='ltr'><strong>res</strong></span> <span class='ocrx_word' id='word_1_805' title='bbox 2545 3760 2616 3804; x_wconf 88' lang='lat' dir='ltr'><strong>est</strong></span> <span class='ocrx_word' id='word_1_806' title='bbox 2647 3752 2967 3825; x_wconf 82' lang='lat' dir='ltr'><strong>philosophia</strong></span> <span class='ocrx_word' id='word_1_807' title='bbox 2987 3759 3279 3814; x_wconf 81' lang='lat' dir='ltr'><strong>christiana.</strong></span> <span class='ocrx_word' id='word_1_808' title='bbox 3312 3763 3475 3819; x_wconf 89' lang='lat' dir='ltr'><strong>Dolor</strong></span> <span class='ocrx_word' id='word_1_809' title='bbox 3497 3785 3597 3821; x_wconf 90' lang='lat' dir='ltr'><strong>non</strong></span> <span class='ocrx_word' id='word_1_810' title='bbox 3623 3787 3653 3823; x_wconf 88' lang='lat' dir='ltr'><strong>u</strong></span> 
     </span>
    </p>
   </div>
   <div class='ocr_carea' id='block_1_99' title="bbox 2068 3841 3650 3926">
    <p class='ocr_par' dir='ltr' id='par_1_99' title="bbox 2068 3841 3650 3926">
     <span class='ocr_line' id='line_1_99' title="bbox 2068 3841 3650 3926; baseline 0.017 -36"><span class='ocrx_word' id='word_1_811' title='bbox 2068 3851 2225 3890; x_wconf 88' lang='lat' dir='ltr'><strong>morte</strong></span> <span class='ocrx_word' id='word_1_812' title='bbox 2245 3878 2261 3904; x_wconf 93' lang='lat'><strong>,</strong></span> <span class='ocrx_word' id='word_1_813' title='bbox 2295 3841 2384 3894; x_wconf 87' lang='lat' dir='ltr'><strong>sed</strong></span> <span class='ocrx_word' id='word_1_814' title='bbox 2411 3858 2442 3894; x_wconf 92' lang='lat' dir='ltr'><strong>a</strong></span> <span class='ocrx_word' id='word_1_815' title='bbox 2471 3845 2605 3898; x_wconf 90' lang='lat' dir='ltr'><strong>mala</strong></span> <span class='ocrx_word' id='word_1_816' title='bbox 2630 3849 2951 3902; x_wconf 79' lang='lat' dir='ltr'><strong>conscientia.</strong></span> <span class='ocrx_word' id='word_1_817' title='bbox 2975 3876 3050 3891; x_wconf 57' lang='grc' dir='ltr'><strong>ι-</strong></span> <span class='ocrx_word' id='word_1_818' title='bbox 3075 3853 3264 3909; x_wconf 85' lang='lat' dir='ltr'><strong>Vidisti</strong></span> <span class='ocrx_word' id='word_1_819' title='bbox 3295 3870 3550 3926; x_wconf 89' lang='lat' dir='ltr'><strong>quantum</strong></span> <span class='ocrx_word' id='word_1_820' title='bbox 3581 3864 3650 3917; x_wconf 91' lang='lat' dir='ltr'><strong>sit</strong></span> 
     </span>
    </p>
   </div>
   <div class='ocr_carea' id='block_1_100' title="bbox 2066 3928 3650 4018">
    <p class='ocr_par' dir='ltr' id='par_1_100' title="bbox 2066 3928 3650 4018">
     <span class='ocr_line' id='line_1_100' title="bbox 2066 3928 3650 4018; baseline 0.015 -36"><span class='ocrx_word' id='word_1_821' title='bbox 2066 3928 2265 3984; x_wconf 89' lang='lat' dir='ltr'><strong>bonum</strong></span> <span class='ocrx_word' id='word_1_822' title='bbox 2293 3931 2626 4003; x_wconf 87' lang='lat' dir='ltr'><strong>philosophia</strong></span> <span class='ocrx_word' id='word_1_823' title='bbox 2649 3936 2672 3988; x_wconf 88' lang='lat'><strong>?</strong></span> <span class='ocrx_word' id='word_1_824' title='bbox 2693 3937 2820 4004; x_wconf 83' lang='lat' dir='ltr'><strong>Quae</strong></span> <span class='ocrx_word' id='word_1_825' title='bbox 2843 3939 2960 3994; x_wconf 88' lang='lat' dir='ltr'><strong>aliis</strong></span> <span class='ocrx_word' id='word_1_826' title='bbox 2986 3941 3233 3998; x_wconf 89' lang='lat' dir='ltr'><strong>videntur</strong></span> <span class='ocrx_word' id='word_1_827' title='bbox 3256 3961 3374 4001; x_wconf 92' lang='lat' dir='ltr'><strong>esse</strong></span> <span class='ocrx_word' id='word_1_828' title='bbox 3396 3949 3548 4018; x_wconf 88' lang='lat' dir='ltr'><strong>digna</strong></span> <span class='ocrx_word' id='word_1_829' title='bbox 3573 3951 3650 4004; x_wconf 88' lang='lat' dir='ltr'><strong>la-</strong></span> 
     </span>
    </p>
   </div>
   <div class='ocr_carea' id='block_1_101' title="bbox 2066 4022 3648 4109">
    <p class='ocr_par' dir='ltr' id='par_1_101' title="bbox 2066 4022 3648 4109">
     <span class='ocr_line' id='line_1_101' title="bbox 2066 4022 3648 4109; baseline 0.013 -36"><span class='ocrx_word' id='word_1_830' title='bbox 2066 4022 2262 4091; x_wconf 86' lang='lat' dir='ltr'><strong>crymis</strong></span> <span class='ocrx_word' id='word_1_831' title='bbox 2288 4065 2302 4086; x_wconf 92' lang='lat'><strong>,</strong></span> <span class='ocrx_word' id='word_1_832' title='bbox 2346 4038 2409 4078; x_wconf 87' lang='lat' dir='ltr'><strong>ea</strong></span> <span class='ocrx_word' id='word_1_833' title='bbox 2448 4024 2572 4080; x_wconf 92' lang='lat' dir='ltr'><strong>huic</strong></span> <span class='ocrx_word' id='word_1_834' title='bbox 2606 4027 2849 4084; x_wconf 86' lang='lat' dir='ltr'><strong>videntur</strong></span> <span class='ocrx_word' id='word_1_835' title='bbox 2887 4046 3006 4086; x_wconf 90' lang='lat' dir='ltr'><strong>esse</strong></span> <span class='ocrx_word' id='word_1_836' title='bbox 3035 4035 3262 4102; x_wconf 86' lang='lat' dir='ltr'><strong>optanda</strong></span> <span class='ocrx_word' id='word_1_837' title='bbox 3297 4054 3310 4090; x_wconf 90' lang='lat'><strong><em>:</em></strong></span> <span class='ocrx_word' id='word_1_838' title='bbox 3339 4046 3393 4092; x_wconf 92' lang='lat' dir='ltr'><strong>et</strong></span> <span class='ocrx_word' id='word_1_839' title='bbox 3430 4051 3648 4109; x_wconf 85' lang='lat' dir='ltr'><strong>pr0pter</strong></span> 
     </span>
    </p>
   </div>
   <div class='ocr_carea' id='block_1_102' title="bbox 2065 4116 3645 4198">
    <p class='ocr_par' dir='ltr' id='par_1_102' title="bbox 2065 4116 3645 4198">
     <span class='ocr_line' id='line_1_102' title="bbox 2065 4116 3645 4198; baseline 0.013 -31"><span class='ocrx_word' id='word_1_840' title='bbox 2065 4131 2183 4184; x_wconf 86' lang='lat' dir='ltr'><strong>quae</strong></span> <span class='ocrx_word' id='word_1_841' title='bbox 2207 4116 2298 4170; x_wconf 90' lang='lat' dir='ltr'><strong>alii</strong></span> <span class='ocrx_word' id='word_1_842' title='bbox 2326 4131 2385 4172; x_wconf 90' lang='lat' dir='ltr'><strong>se</strong></span> <span class='ocrx_word' id='word_1_843' title='bbox 2408 4118 2529 4187; x_wconf 90' lang='lat' dir='ltr'><strong>jure</strong></span> <span class='ocrx_word' id='word_1_844' title='bbox 2559 4131 2743 4188; x_wconf 88' lang='lat' dir='ltr'><strong>putant</strong></span> <span class='ocrx_word' id='word_1_845' title='bbox 2779 4123 2948 4177; x_wconf 76' lang='lat' dir='ltr'><strong>lzetari</strong></span> <span class='ocrx_word' id='word_1_846' title='bbox 2986 4135 3040 4179; x_wconf 90' lang='lat' dir='ltr'><strong>et</strong></span> <span class='ocrx_word' id='word_1_847' title='bbox 3077 4127 3352 4196; x_wconf 86' lang='lat' dir='ltr'><strong>voluptate</strong></span> <span class='ocrx_word' id='word_1_848' title='bbox 3389 4129 3529 4185; x_wconf 77' lang='lat' dir='ltr'><strong>afﬁci</strong></span> <span class='ocrx_word' id='word_1_849' title='bbox 3553 4173 3567 4198; x_wconf 93' lang='lat'><strong>,</strong></span> <span class='ocrx_word' id='word_1_850' title='bbox 3601 4133 3645 4187; x_wconf 90' lang='lat' dir='ltr'><strong>is</strong></span> 
     </span>
    </p>
   </div>
   <div class='ocr_carea' id='block_1_103' title="bbox 2065 4209 3647 4285">
    <p class='ocr_par' dir='ltr' id='par_1_103' title="bbox 2065 4209 3647 4285">
     <span class='ocr_line' id='line_1_103' title="bbox 2065 4209 3647 4285; baseline 0.013 -27"><span class='ocrx_word' id='word_1_851' title='bbox 2065 4218 2284 4276; x_wconf 83' lang='lat' dir='ltr'><strong>prOpter</strong></span> <span class='ocrx_word' id='word_1_852' title='bbox 2302 4223 2363 4262; x_wconf 89' lang='lat' dir='ltr'><strong>ea</strong></span> <span class='ocrx_word' id='word_1_853' title='bbox 2386 4209 2653 4264; x_wconf 82' lang='lat' dir='ltr'><strong>existimat</strong></span> <span class='ocrx_word' id='word_1_854' title='bbox 2669 4227 2786 4267; x_wconf 90' lang='lat' dir='ltr'><strong>esse</strong></span> <span class='ocrx_word' id='word_1_855' title='bbox 2808 4215 3000 4268; x_wconf 90' lang='lat' dir='ltr'><strong>merito</strong></span> <span class='ocrx_word' id='word_1_856' title='bbox 3026 4216 3501 4285; x_wconf 88' lang='lat' dir='ltr'><strong>ingemiscendum.</strong></span> <span class='ocrx_word' id='word_1_857' title='bbox 3535 4226 3647 4278; x_wconf 84' lang='lat' dir='ltr'><strong>An-</strong></span> 
     </span>
    </p>
   </div>
   <div class='ocr_carea' id='block_1_104' title="bbox 2063 4303 3646 4378">
    <p class='ocr_par' dir='ltr' id='par_1_104' title="bbox 2063 4303 3646 4378">
     <span class='ocr_line' id='line_1_104' title="bbox 2063 4303 3646 4378; baseline 0.01 -24"><span class='ocrx_word' id='word_1_858' title='bbox 2063 4315 2169 4355; x_wconf 92' lang='lat' dir='ltr'><strong>non</strong></span> <span class='ocrx_word' id='word_1_859' title='bbox 2214 4309 2296 4356; x_wconf 90' lang='lat' dir='ltr'><strong>est</strong></span> <span class='ocrx_word' id='word_1_860' title='bbox 2339 4303 2529 4358; x_wconf 90' lang='lat' dir='ltr'><strong>merito</strong></span> <span class='ocrx_word' id='word_1_861' title='bbox 2570 4304 3020 4374; x_wconf 88' lang='lat' dir='ltr'><strong>ingemiscendum</strong></span> <span class='ocrx_word' id='word_1_862' title='bbox 3046 4349 3060 4374; x_wconf 93' lang='lat'><strong>,</strong></span> <span class='ocrx_word' id='word_1_863' title='bbox 3092 4310 3233 4378; x_wconf 92' lang='lat' dir='ltr'><strong>quod</strong></span> <span class='ocrx_word' id='word_1_864' title='bbox 3276 4312 3445 4368; x_wconf 91' lang='lat' dir='ltr'><strong>simus</strong></span> <span class='ocrx_word' id='word_1_865' title='bbox 3474 4313 3526 4368; x_wconf 93' lang='lat' dir='ltr'><strong>in</strong></span> <span class='ocrx_word' id='word_1_866' title='bbox 3558 4331 3646 4370; x_wconf 86' lang='lat' dir='ltr'><strong>re-</strong></span> 
     </span>
    </p>
   </div>
   <div class='ocr_carea' id='block_1_105' title="bbox 2061 4395 3642 4477">
    <p class='ocr_par' dir='ltr' id='par_1_105' title="bbox 2061 4395 3642 4477">
     <span class='ocr_line' id='line_1_105' title="bbox 2061 4395 3642 4477; baseline 0.011 -30"><span class='ocrx_word' id='word_1_867' title='bbox 2061 4395 2217 4464; x_wconf 90' lang='lat' dir='ltr'><strong>gione</strong></span> <span class='ocrx_word' id='word_1_868' title='bbox 2255 4396 2465 4462; x_wconf 88' lang='lat' dir='ltr'><strong>aliena,</strong></span> <span class='ocrx_word' id='word_1_869' title='bbox 2506 4406 2558 4452; x_wconf 91' lang='lat' dir='ltr'><strong>et</strong></span> <span class='ocrx_word' id='word_1_870' title='bbox 2600 4397 2652 4452; x_wconf 92' lang='lat' dir='ltr'><strong>in</strong></span> <span class='ocrx_word' id='word_1_871' title='bbox 2692 4408 2886 4454; x_wconf 90' lang='lat' dir='ltr'><strong>terram</strong></span> <span class='ocrx_word' id='word_1_872' title='bbox 2929 4403 3112 4470; x_wconf 90' lang='lat' dir='ltr'><strong>procul</strong></span> <span class='ocrx_word' id='word_1_873' title='bbox 3153 4419 3183 4458; x_wconf 87' lang='lat' dir='ltr'><strong>a</strong></span> <span class='ocrx_word' id='word_1_874' title='bbox 3221 4407 3388 4474; x_wconf 87' lang='lat' dir='ltr'><strong>patria</strong></span> <span class='ocrx_word' id='word_1_875' title='bbox 3416 4410 3642 4477; x_wconf 89' lang='lat' dir='ltr'><strong>positam</strong></span> 
     </span>
    </p>
   </div>
   <div class='ocr_carea' id='block_1_106' title="bbox 2062 4491 3640 4570">
    <p class='ocr_par' dir='ltr' id='par_1_106' title="bbox 2062 4491 3640 4570">
     <span class='ocr_line' id='line_1_106' title="bbox 2062 4491 3640 4570; baseline 0.008 -26"><span class='ocrx_word' id='word_1_876' title='bbox 2062 4491 2368 4545; x_wconf 88' lang='lat' dir='ltr'><strong>amandati?</strong></span> <span class='ocrx_word' id='word_1_877' title='bbox 2403 4493 2594 4548; x_wconf 82' lang='lat' dir='ltr'><strong>Annon</strong></span> <span class='ocrx_word' id='word_1_878' title='bbox 2637 4502 2719 4548; x_wconf 90' lang='lat' dir='ltr'><strong>est</strong></span> <span class='ocrx_word' id='word_1_879' title='bbox 2753 4494 2985 4549; x_wconf 83' lang='lat' dir='ltr'><strong>maxime</strong></span> <span class='ocrx_word' id='word_1_880' title='bbox 3033 4496 3315 4552; x_wconf 62' lang='lat' dir='ltr'><strong>laetandum</strong></span> <span class='ocrx_word' id='word_1_881' title='bbox 3341 4541 3356 4565; x_wconf 96' lang='lat'><strong>,</strong></span> <span class='ocrx_word' id='word_1_882' title='bbox 3403 4501 3542 4570; x_wconf 90' lang='lat' dir='ltr'><strong>quod</strong></span> <span class='ocrx_word' id='word_1_883' title='bbox 3589 4504 3640 4558; x_wconf 90' lang='lat' dir='ltr'><strong>in</strong></span> 
     </span>
    </p>
   </div>
   <div class='ocr_carea' id='block_1_107' title="bbox 2060 4582 3640 4653">
    <p class='ocr_par' dir='ltr' id='par_1_107' title="bbox 2060 4582 3640 4653">
     <span class='ocr_line' id='line_1_107' title="bbox 2060 4582 3640 4653; baseline 0.009 -18"><span class='ocrx_word' id='word_1_884' title='bbox 2060 4582 2397 4652; x_wconf 90' lang='lat' dir='ltr'><strong>tranquillum</strong></span> <span class='ocrx_word' id='word_1_885' title='bbox 2438 4595 2648 4653; x_wconf 91' lang='lat' dir='ltr'><strong>portum</strong></span> <span class='ocrx_word' id='word_1_886' title='bbox 2690 4601 2810 4639; x_wconf 78' lang='lat' dir='ltr'><strong>eum</strong></span> <span class='ocrx_word' id='word_1_887' title='bbox 2853 4586 3082 4641; x_wconf 82' lang='lat' dir='ltr'><strong>maxima</strong></span> <span class='ocrx_word' id='word_1_888' title='bbox 3124 4590 3398 4646; x_wconf 86' lang='lat' dir='ltr'><strong>celeritate</strong></span> <span class='ocrx_word' id='word_1_889' title='bbox 3426 4607 3640 4649; x_wconf 89' lang='lat' dir='ltr'><strong>cursum</strong></span> 
     </span>
    </p>
   </div>
   <div class='ocr_carea' id='block_1_108' title="bbox 2061 4679 3638 4756">
    <p class='ocr_par' dir='ltr' id='par_1_108' title="bbox 2061 4679 3638 4756">
     <span class='ocr_line' id='line_1_108' title="bbox 2061 4679 3638 4756; baseline 0.006 -26"><span class='ocrx_word' id='word_1_890' title='bbox 2061 4684 2334 4731; x_wconf 89' lang='lat' dir='ltr'><strong>teneamus</strong></span> <span class='ocrx_word' id='word_1_891' title='bbox 2359 4717 2373 4740; x_wconf 95' lang='lat'><strong>,</strong></span> <span class='ocrx_word' id='word_1_892' title='bbox 2412 4686 2466 4732; x_wconf 91' lang='lat' dir='ltr'><strong>et</strong></span> <span class='ocrx_word' id='word_1_893' title='bbox 2494 4693 2776 4747; x_wconf 87' lang='lat' dir='ltr'><strong>supernam</strong></span> <span class='ocrx_word' id='word_1_894' title='bbox 2800 4679 3069 4734; x_wconf 89' lang='lat' dir='ltr'><strong>civitatem</strong></span> <span class='ocrx_word' id='word_1_895' title='bbox 3096 4681 3414 4752; x_wconf 89' lang='lat' dir='ltr'><strong>recipiamus</strong></span> <span class='ocrx_word' id='word_1_896' title='bbox 3436 4726 3450 4751; x_wconf 91' lang='lat'><strong>,</strong></span> <span class='ocrx_word' id='word_1_897' title='bbox 3481 4701 3510 4739; x_wconf 87' lang='lat' dir='ltr'><strong>a</strong></span> <span class='ocrx_word' id='word_1_898' title='bbox 3537 4701 3638 4756; x_wconf 92' lang='lat' dir='ltr'><strong>qua</strong></span> 
     </span>
    </p>
   </div>
   <div class='ocr_carea' id='block_1_109' title="bbox 2057 4765 3644 4845">
    <p class='ocr_par' dir='ltr' id='par_1_109' title="bbox 2057 4765 3644 4845">
     <span class='ocr_line' id='line_1_109' title="bbox 2057 4765 3644 4845; baseline 0.006 -24"><span class='ocrx_word' id='word_1_899' title='bbox 2057 4765 2261 4836; x_wconf 85' lang='lat' dir='ltr'><strong>aufugit</strong></span> <span class='ocrx_word' id='word_1_900' title='bbox 2302 4767 2475 4833; x_wconf 92' lang='lat' dir='ltr'><strong>dolor,</strong></span> <span class='ocrx_word' id='word_1_901' title='bbox 2510 4769 2756 4824; x_wconf 89' lang='lat' dir='ltr'><strong>molestia</strong></span> <span class='ocrx_word' id='word_1_902' title='bbox 2781 4811 2794 4833; x_wconf 96' lang='lat'><strong>,</strong></span> <span class='ocrx_word' id='word_1_903' title='bbox 2825 4780 2878 4824; x_wconf 89' lang='lat' dir='ltr'><strong>et</strong></span> <span class='ocrx_word' id='word_1_904' title='bbox 2919 4772 3190 4840; x_wconf 87' lang='lat' dir='ltr'><strong>gemitus?</strong></span> <span class='ocrx_word' id='word_1_905' title='bbox 3222 4773 3288 4828; x_wconf 87' lang='lat' dir='ltr'><strong>Et</strong></span> <span class='ocrx_word' id='word_1_906' title='bbox 3316 4775 3440 4845; x_wconf 90' lang='lat' dir='ltr'><strong>quid</strong></span> <span class='ocrx_word' id='word_1_907' title='bbox 3483 4792 3600 4830; x_wconf 89' lang='lat' dir='ltr'><strong>mea</strong></span> <span class='ocrx_word' id='word_1_908' title='bbox 3629 4819 3644 4842; x_wconf 95' lang='lat'><strong>,</strong></span> 
     </span>
    </p>
   </div>
   <div class='ocr_carea' id='block_1_110' title="bbox 2057 4856 3637 4931">
    <p class='ocr_par' dir='ltr' id='par_1_110' title="bbox 2057 4856 3637 4931">
     <span class='ocr_line' id='line_1_110' title="bbox 2057 4856 3637 4931; baseline 0.008 -21"><span class='ocrx_word' id='word_1_909' title='bbox 2057 4856 2298 4929; x_wconf 88' lang='lat' dir='ltr'><strong>inquies,</strong></span> <span class='ocrx_word' id='word_1_910' title='bbox 2341 4857 2544 4923; x_wconf 90' lang='lat' dir='ltr'><strong>refert,</strong></span> <span class='ocrx_word' id='word_1_911' title='bbox 2573 4860 2660 4929; x_wconf 92' lang='lat' dir='ltr'><strong>qui</strong></span> <span class='ocrx_word' id='word_1_912' title='bbox 2706 4875 2824 4914; x_wconf 91' lang='lat' dir='ltr'><strong>sum</strong></span> <span class='ocrx_word' id='word_1_913' title='bbox 2863 4865 3147 4931; x_wconf 87' lang='lat' dir='ltr'><strong>peccator?</strong></span> <span class='ocrx_word' id='word_1_914' title='bbox 3177 4863 3338 4921; x_wconf 83' lang='lat' dir='ltr'><strong>Vides</strong></span> <span class='ocrx_word' id='word_1_915' title='bbox 3372 4881 3477 4921; x_wconf 91' lang='lat' dir='ltr'><strong>non</strong></span> <span class='ocrx_word' id='word_1_916' title='bbox 3517 4882 3637 4922; x_wconf 88' lang='lat' dir='ltr'><strong>esse</strong></span> 
     </span>
    </p>
   </div>
   <div class='ocr_carea' id='block_1_111' title="bbox 2054 4952 3631 5023">
    <p class='ocr_par' dir='ltr' id='par_1_111' title="bbox 2054 4952 3631 5023">
     <span class='ocr_line' id='line_1_111' title="bbox 2054 4952 3631 5023; baseline 0.007 -20"><span class='ocrx_word' id='word_1_917' title='bbox 2054 4959 2279 5005; x_wconf 90' lang='lat' dir='ltr'><strong>mortem</strong></span> <span class='ocrx_word' id='word_1_918' title='bbox 2319 4969 2438 5022; x_wconf 64' lang='lat' dir='ltr'><strong>quas</strong></span> <span class='ocrx_word' id='word_1_919' title='bbox 2473 4952 2712 5008; x_wconf 88' lang='lat' dir='ltr'><strong>dolorem</strong></span> <span class='ocrx_word' id='word_1_920' title='bbox 2740 4954 2925 5009; x_wconf 78' lang='lat' dir='ltr'><strong>aﬁ‘erat</strong></span> <span class='ocrx_word' id='word_1_921' title='bbox 2948 4997 2962 5023; x_wconf 93' lang='lat'><strong>,</strong></span> <span class='ocrx_word' id='word_1_922' title='bbox 2995 4956 3089 5012; x_wconf 90' lang='lat' dir='ltr'><strong>sed</strong></span> <span class='ocrx_word' id='word_1_923' title='bbox 3121 4958 3310 5012; x_wconf 88' lang='lat' dir='ltr'><strong>malam</strong></span> <span class='ocrx_word' id='word_1_924' title='bbox 3349 4960 3631 5014; x_wconf 86' lang='lat' dir='ltr'><strong>conscien-</strong></span> 
     </span>
    </p>
   </div>
   <div class='ocr_carea' id='block_1_112' title="bbox 2055 5043 3632 5117">
    <p class='ocr_par' dir='ltr' id='par_1_112' title="bbox 2055 5043 3632 5117">
     <span class='ocr_line' id='line_1_112' title="bbox 2055 5043 3632 5117; baseline 0.006 -21"><span class='ocrx_word' id='word_1_925' title='bbox 2055 5043 2230 5096; x_wconf 89' lang='lat' dir='ltr'><strong>tiam?</strong></span> <span class='ocrx_word' id='word_1_926' title='bbox 2270 5043 2462 5099; x_wconf 89' lang='lat' dir='ltr'><strong>Desine</strong></span> <span class='ocrx_word' id='word_1_927' title='bbox 2500 5060 2629 5116; x_wconf 86' lang='lat' dir='ltr'><strong>ergo</strong></span> <span class='ocrx_word' id='word_1_928' title='bbox 2670 5061 2891 5116; x_wconf 89' lang='lat' dir='ltr'><strong>peccare</strong></span> <span class='ocrx_word' id='word_1_929' title='bbox 2914 5089 2928 5114; x_wconf 90' lang='lat'><strong>,</strong></span> <span class='ocrx_word' id='word_1_930' title='bbox 2971 5058 3027 5103; x_wconf 90' lang='lat' dir='ltr'><strong>et</strong></span> <span class='ocrx_word' id='word_1_931' title='bbox 3064 5048 3165 5101; x_wconf 89' lang='lat' dir='ltr'><strong>erit</strong></span> <span class='ocrx_word' id='word_1_932' title='bbox 3207 5049 3302 5103; x_wconf 91' lang='lat' dir='ltr'><strong>tibi</strong></span> <span class='ocrx_word' id='word_1_933' title='bbox 3337 5050 3632 5117; x_wconf 81' lang='lat' dir='ltr'><strong>expetenda</strong></span> 
     </span>
    </p>
   </div>
   <div class='ocr_carea' id='block_1_113' title="bbox 2053 5133 3636 5207">
    <p class='ocr_par' dir='ltr' id='par_1_113' title="bbox 2053 5133 3636 5207">
     <span class='ocr_line' id='line_1_113' title="bbox 2053 5133 3636 5207; baseline 0.004 -19"><span class='ocrx_word' id='word_1_934' title='bbox 2053 5149 2217 5188; x_wconf 91' lang='lat' dir='ltr'><strong>mors.</strong></span> <span class='ocrx_word' id='word_1_935' title='bbox 2250 5133 2437 5190; x_wconf 83' lang='lat' dir='ltr'><strong>Oculos</strong></span> <span class='ocrx_word' id='word_1_936' title='bbox 2475 5152 2610 5189; x_wconf 88' lang='lat' dir='ltr'><strong>nteos</strong></span> <span class='ocrx_word' id='word_1_937' title='bbox 2646 5153 2678 5188; x_wconf 93' lang='lat' dir='ltr'><strong>a</strong></span> <span class='ocrx_word' id='word_1_938' title='bbox 2715 5137 2974 5207; x_wconf 85' lang='lat' dir='ltr'><strong>lacrymis.</strong></span> <span class='ocrx_word' id='word_1_939' title='bbox 3005 5137 3190 5192; x_wconf 83' lang='lat' dir='ltr'><strong>Merito</strong></span> <span class='ocrx_word' id='word_1_940' title='bbox 3226 5139 3298 5192; x_wconf 88' lang='lat' dir='ltr'><strong>ita</strong></span> <span class='ocrx_word' id='word_1_941' title='bbox 3328 5138 3459 5192; x_wconf 85' lang='lat' dir='ltr'><strong>dixit</strong></span> <span class='ocrx_word' id='word_1_942' title='bbox 3487 5157 3501 5193; x_wconf 86' lang='lat'><strong>:</strong></span> <span class='ocrx_word' id='word_1_943' title='bbox 3528 5153 3636 5196; x_wconf 87' lang='lat' dir='ltr'><strong>non</strong></span> 
     </span>
    </p>
   </div>
   <div class='ocr_carea' id='block_1_114' title="bbox 2052 5226 3635 5297">
    <p class='ocr_par' dir='ltr' id='par_1_114' title="bbox 2052 5226 3635 5297">
     <span class='ocr_line' id='line_1_114' title="bbox 2052 5226 3635 5297; baseline 0.004 -16"><span class='ocrx_word' id='word_1_944' title='bbox 2052 5235 2132 5281; x_wconf 90' lang='lat' dir='ltr'><strong>est</strong></span> <span class='ocrx_word' id='word_1_945' title='bbox 2158 5226 2298 5281; x_wconf 90' lang='lat' dir='ltr'><strong>enim</strong></span> <span class='ocrx_word' id='word_1_946' title='bbox 2319 5227 2425 5282; x_wconf 92' lang='lat' dir='ltr'><strong>illic</strong></span> <span class='ocrx_word' id='word_1_947' title='bbox 2442 5226 2616 5292; x_wconf 90' lang='lat' dir='ltr'><strong>dolor,</strong></span> <span class='ocrx_word' id='word_1_948' title='bbox 2639 5227 2872 5295; x_wconf 89' lang='lat' dir='ltr'><strong>tristitia,</strong></span> <span class='ocrx_word' id='word_1_949' title='bbox 2903 5244 3001 5283; x_wconf 90' lang='lat' dir='ltr'><strong>nec</strong></span> <span class='ocrx_word' id='word_1_950' title='bbox 3024 5228 3217 5282; x_wconf 92' lang='lat' dir='ltr'><strong>luctus.</strong></span> <span class='ocrx_word' id='word_1_951' title='bbox 3243 5227 3309 5282; x_wconf 88' lang='lat' dir='ltr'><strong>Et</strong></span> <span class='ocrx_word' id='word_1_952' title='bbox 3331 5230 3479 5297; x_wconf 84' lang='lat' dir='ltr'><strong>pedes</strong></span> <span class='ocrx_word' id='word_1_953' title='bbox 3501 5248 3635 5288; x_wconf 87' lang='lat' dir='ltr'><strong>meos</strong></span> 
     </span>
    </p>
   </div>
   <div class='ocr_carea' id='block_1_115' title="bbox 2052 5313 3634 5388">
    <p class='ocr_par' dir='ltr' id='par_1_115' title="bbox 2052 5313 3634 5388">
     <span class='ocr_line' id='line_1_115' title="bbox 2052 5313 3634 5388; baseline 0.003 -17"><span class='ocrx_word' id='word_1_954' title='bbox 2052 5334 2083 5371; x_wconf 90' lang='lat' dir='ltr'><strong>a</strong></span> <span class='ocrx_word' id='word_1_955' title='bbox 2099 5317 2266 5388; x_wconf 87' lang='lat' dir='ltr'><strong>lapsu.</strong></span> <span class='ocrx_word' id='word_1_956' title='bbox 2289 5318 2400 5373; x_wconf 91' lang='lat' dir='ltr'><strong>Hoc</strong></span> <span class='ocrx_word' id='word_1_957' title='bbox 2415 5327 2496 5372; x_wconf 90' lang='lat' dir='ltr'><strong>est</strong></span> <span class='ocrx_word' id='word_1_958' title='bbox 2516 5317 2688 5387; x_wconf 88' lang='lat' dir='ltr'><strong>majus</strong></span> <span class='ocrx_word' id='word_1_959' title='bbox 2706 5319 2900 5385; x_wconf 89' lang='lat' dir='ltr'><strong>priore.</strong></span> <span class='ocrx_word' id='word_1_960' title='bbox 2926 5313 3238 5386; x_wconf 80' lang='lat' dir='ltr'><strong>Quomodo?</strong></span> <span class='ocrx_word' id='word_1_961' title='bbox 3259 5319 3408 5386; x_wconf 89' lang='lat' dir='ltr'><strong>Quod</strong></span> <span class='ocrx_word' id='word_1_962' title='bbox 3436 5336 3540 5376; x_wconf 89' lang='lat' dir='ltr'><strong>non</strong></span> <span class='ocrx_word' id='word_1_963' title='bbox 3565 5324 3634 5376; x_wconf 85' lang='lat' dir='ltr'><strong>si-</strong></span> 
     </span>
    </p>
   </div>
   <div class='ocr_carea' id='block_1_116' title="bbox 2049 5405 3630 5480">
    <p class='ocr_par' dir='ltr' id='par_1_116' title="bbox 2049 5405 3630 5480">
     <span class='ocr_line' id='line_1_116' title="bbox 2049 5405 3630 5480; baseline 0.001 -17"><span class='ocrx_word' id='word_1_964' title='bbox 2049 5423 2169 5463; x_wconf 91' lang='lat' dir='ltr'><strong>mus</strong></span> <span class='ocrx_word' id='word_1_965' title='bbox 2191 5409 2362 5464; x_wconf 89' lang='lat' dir='ltr'><strong>solum</strong></span> <span class='ocrx_word' id='word_1_966' title='bbox 2389 5405 2597 5462; x_wconf 88' lang='lat' dir='ltr'><strong>liberati</strong></span> <span class='ocrx_word' id='word_1_967' title='bbox 2630 5423 2662 5461; x_wconf 87' lang='lat' dir='ltr'><strong>a</strong></span> <span class='ocrx_word' id='word_1_968' title='bbox 2687 5407 2873 5462; x_wconf 88' lang='lat' dir='ltr'><strong>dolore</strong></span> <span class='ocrx_word' id='word_1_969' title='bbox 2897 5450 2910 5472; x_wconf 96' lang='lat'><strong>,</strong></span> <span class='ocrx_word' id='word_1_970' title='bbox 2940 5408 3031 5462; x_wconf 89' lang='lat' dir='ltr'><strong>sed</strong></span> <span class='ocrx_word' id='word_1_971' title='bbox 3065 5409 3224 5462; x_wconf 81' lang='lat' dir='ltr'><strong>etiam</strong></span> <span class='ocrx_word' id='word_1_972' title='bbox 3259 5425 3288 5462; x_wconf 90' lang='lat' dir='ltr'><strong>a</strong></span> <span class='ocrx_word' id='word_1_973' title='bbox 3319 5411 3630 5480; x_wconf 89' lang='lat' dir='ltr'><strong>supplanta-</strong></span> 
     </span>
    </p>
   </div>
   <div class='ocr_carea' id='block_1_117' title="bbox 2050 5497 3629 5573">
    <p class='ocr_par' dir='ltr' id='par_1_117' title="bbox 2050 5497 3629 5573">
     <span class='ocr_line' id='line_1_117' title="bbox 2050 5497 3629 5573; baseline 0.004 -19"><span class='ocrx_word' id='word_1_974' title='bbox 2050 5501 2193 5556; x_wconf 89' lang='lat' dir='ltr'><strong>tione</strong></span> <span class='ocrx_word' id='word_1_975' title='bbox 2218 5510 2274 5555; x_wconf 90' lang='lat' dir='ltr'><strong>ct</strong></span> <span class='ocrx_word' id='word_1_976' title='bbox 2292 5499 2358 5554; x_wconf 88' lang='lat' dir='ltr'><strong>ab</strong></span> <span class='ocrx_word' id='word_1_977' title='bbox 2385 5498 2609 5554; x_wconf 90' lang='lat' dir='ltr'><strong>insidiis.</strong></span> <span class='ocrx_word' id='word_1_978' title='bbox 2637 5497 2751 5555; x_wconf 87' lang='lat' dir='ltr'><strong>Stat</strong></span> <span class='ocrx_word' id='word_1_979' title='bbox 2773 5499 2914 5553; x_wconf 91' lang='lat' dir='ltr'><strong>enim</strong></span> <span class='ocrx_word' id='word_1_980' title='bbox 2944 5515 3104 5568; x_wconf 91' lang='lat' dir='ltr'><strong>super</strong></span> <span class='ocrx_word' id='word_1_981' title='bbox 3127 5508 3359 5571; x_wconf 89' lang='lat' dir='ltr'><strong>petram,</strong></span> <span class='ocrx_word' id='word_1_982' title='bbox 3387 5501 3478 5573; x_wconf 85' lang='lat' dir='ltr'><strong>qui</strong></span> <span class='ocrx_word' id='word_1_983' title='bbox 3506 5517 3629 5561; x_wconf 91' lang='lat' dir='ltr'><strong>cum</strong></span> 
     </span>
    </p>
   </div>
   <div class='ocr_carea' id='block_1_118' title="bbox 2048 5591 3629 5665">
    <p class='ocr_par' dir='ltr' id='par_1_118' title="bbox 2048 5591 3629 5665">
     <span class='ocr_line' id='line_1_118' title="bbox 2048 5591 3629 5665; baseline 0 -17"><span class='ocrx_word' id='word_1_984' title='bbox 2048 5599 2194 5650; x_wconf 85' lang='lat' dir='ltr'><strong>recte</strong></span> <span class='ocrx_word' id='word_1_985' title='bbox 2230 5592 2381 5648; x_wconf 91' lang='lat' dir='ltr'><strong>factis</strong></span> <span class='ocrx_word' id='word_1_986' title='bbox 2419 5591 2679 5646; x_wconf 91' lang='lat' dir='ltr'><strong>recessit:</strong></span> <span class='ocrx_word' id='word_1_987' title='bbox 2712 5599 2922 5660; x_wconf 91' lang='lat' dir='ltr'><strong>portum</strong></span> <span class='ocrx_word' id='word_1_988' title='bbox 2963 5591 3316 5660; x_wconf 88' lang='lat' dir='ltr'><strong>apprehendit</strong></span> <span class='ocrx_word' id='word_1_989' title='bbox 3350 5613 3363 5648; x_wconf 90' lang='lat'><strong>:</strong></span> <span class='ocrx_word' id='word_1_990' title='bbox 3407 5595 3629 5665; x_wconf 82' lang='lat' dir='ltr'><strong>impedi-</strong></span> 
     </span>
    </p>
   </div>
   <div class='ocr_carea' id='block_1_119' title="bbox 2047 5682 3626 5756">
    <p class='ocr_par' dir='ltr' id='par_1_119' title="bbox 2047 5682 3626 5756">
     <span class='ocr_line' id='line_1_119' title="bbox 2047 5682 3626 5756; baseline 0.002 -16"><span class='ocrx_word' id='word_1_991' title='bbox 2047 5694 2223 5741; x_wconf 89' lang='lat' dir='ltr'><strong>menta</strong></span> <span class='ocrx_word' id='word_1_992' title='bbox 2265 5683 2444 5740; x_wconf 89' lang='lat' dir='ltr'><strong>omnia</strong></span> <span class='ocrx_word' id='word_1_993' title='bbox 2487 5682 2538 5736; x_wconf 93' lang='lat' dir='ltr'><strong>in</strong></span> <span class='ocrx_word' id='word_1_994' title='bbox 2587 5692 2855 5752; x_wconf 90' lang='lat' dir='ltr'><strong>posterum</strong></span> <span class='ocrx_word' id='word_1_995' title='bbox 2902 5682 3106 5738; x_wconf 90' lang='lat' dir='ltr'><strong>sublata</strong></span> <span class='ocrx_word' id='word_1_996' title='bbox 3157 5695 3316 5752; x_wconf 87' lang='lat' dir='ltr'><strong>sunt;</strong></span> <span class='ocrx_word' id='word_1_997' title='bbox 3365 5702 3626 5756; x_wconf 88' lang='lat' dir='ltr'><strong>nusquam</strong></span> 
     </span>
    </p>
   </div>
   <div class='ocr_carea' id='block_1_120' title="bbox 2049 5774 3626 5850">
    <p class='ocr_par' dir='ltr' id='par_1_120' title="bbox 2049 5774 3626 5850">
     <span class='ocr_line' id='line_1_120' title="bbox 2049 5774 3626 5850; baseline -0.002 -15"><span class='ocrx_word' id='word_1_998' title='bbox 2049 5779 2197 5836; x_wconf 87' lang='lat' dir='ltr'><strong>turba</strong></span> <span class='ocrx_word' id='word_1_999' title='bbox 2216 5819 2231 5846; x_wconf 89' lang='lat'><strong>,</strong></span> <span class='ocrx_word' id='word_1_1000' title='bbox 2267 5792 2364 5833; x_wconf 90' lang='lat' dir='ltr'><strong>nec</strong></span> <span class='ocrx_word' id='word_1_1001' title='bbox 2396 5775 2648 5831; x_wconf 90' lang='lat' dir='ltr'><strong>tumultus</strong></span> <span class='ocrx_word' id='word_1_1002' title='bbox 2685 5792 2696 5828; x_wconf 94' lang='lat'><strong>:</strong></span> <span class='ocrx_word' id='word_1_1003' title='bbox 2726 5774 2779 5830; x_wconf 92' lang='lat' dir='ltr'><strong>in</strong></span> <span class='ocrx_word' id='word_1_1004' title='bbox 2809 5775 3095 5847; x_wconf 89' lang='lat' dir='ltr'><strong>tranquillo</strong></span> <span class='ocrx_word' id='word_1_1005' title='bbox 3123 5787 3262 5834; x_wconf 89' lang='lat' dir='ltr'><strong>statu</strong></span> <span class='ocrx_word' id='word_1_1006' title='bbox 3295 5788 3472 5833; x_wconf 86' lang='lat' dir='ltr'><strong>manet</strong></span> <span class='ocrx_word' id='word_1_1007' title='bbox 3502 5792 3626 5850; x_wconf 86' lang='lat' dir='ltr'><strong>per-</strong></span> 
     </span>
    </p>
   </div>
  </div>
