4018 6268
485 380 592 439 319

480 517 644 578 petuo
669 505 716 562 is
740 504 832 573 qui
861 503 938 559 sic
967 501 1275 558 excesserit.
1312 499 1531 556 Plaeebo
1558 516 1732 554 coram
1756 498 1977 553 Domino
2004 497 2058 551 in

471 595 683 662 regione
701 596 945 652 uiuorum.
974 596 1123 651 Alius
1141 634 1157 659 ,
1189 594 1316 648 Ante
1344 592 1634 648 Dominum.
1664 593 1814 647 Alius
1832 633 1847 659 ,
1877 592 2060 647 Inam-

467 685 675 741 bulubo.
702 686 816 741 Hoc
839 688 1001 741 etiam
1026 686 1220 740 Paulus
1245 686 1476 740 ostendit
1502 684 1688 739 dicens
1718 704 1730 737 :
1767 683 1835 739 Et
1859 700 1951 739 nos
1976 701 2060 738 ra-

471 781 679 848 piantur
698 778 752 830 in
777 776 989 831 nubibus
1012 778 1062 829 iu
1090 792 1350 829 occursum
1380 775 1585 830 Domini
1610 777 1663 829 in
1689 792 1876 839 aerem,
1910 785 1956 828 et
1984 776 2057 829 ita

1227 379 1283 436 S.
1321 379 1598 437 JOANNIS
1635 376 2110 436 οιιιιῖεοδτολιι
2150 379 2469 439 ᾹῐῖἶζΠΙΕΡ.
2502 386 3034 449 CONSTANTINOP.

3642 401 3761 457 330‘

2167 496 2365 567 optima
2395 498 2620 556 docendi
2659 500 2816 569 ratio,
2864 519 2967 557 non
3012 505 3268 561 orationis
3296 508 3487 562 seriem
3533 515 3741 565 exscin-

2163 587 2312 655 dere,
2345 605 2444 646 nec
2468 602 2617 661 parte
2643 603 2862 664 accepta
2890 596 2944 649 in
2969 611 3028 649 ca
3058 597 3350 665 immorari,
3397 598 3490 654 sed
3532 601 3601 654 ab
3637 604 3757 657 alto-

2160 677 2358 734 ducere
2378 682 2653 737 exordium
2684 686 3020 740 narrationis.
3054 688 3127 742 De
3156 703 3385 757 quonam
3416 706 3543 759 ergo
3576 693 3742 749 disse-

2161 783 2284 823 rens
2313 771 2507 826 Paulus
2537 773 2778 828 meminit
2807 774 2961 844 hujus
2990 777 3135 831 vocis
3163 779 3527 848 prepbetieac'l
3560 783 3634 837 De
3662 801 3743 837 re-

471 884 670 937 amper
701 868 817 920 eum
853 867 1072 921 Domino
1108 867 1339 936 erimus-(
1360 868 1408 919 l.
1442 865 1616 921 Thess.
1646 867 1699 920 4.
1734 864 1801 918 16
1821 870 1861 934 ).
1891 865 2056 919 Recte
2158 860 2510 928 surrectioue,
2539 874 2590 917 et
2616 862 2911 919 futurorum
2942 867 3197 921 bonorum
3225 873 3589 939 perceptione,
3624 890 3751 941 quze‘

471 969 649 1013 autem
686 958 853 1024 dixit,
885 957 952 1012 In
980 959 1177 1029 regione
1211 957 1493 1011 ofveutium.
1529 956 1617 1008 Illa
1648 955 1788 1009 enim
1819 963 1900 1009 est
1929 969 2053 1010 vera

472 1050 575 1105 vita
598 1090 613 1114 ,
642 1064 673 1103 a
705 1059 874 1103 morte
905 1049 1102 1115 libera,
1144 1064 1263 1118 qum
1305 1047 1463 1101 habet
1507 1047 1643 1099 bona
1684 1061 1811 1114 pura
1851 1053 1907 1100 et
1944 1060 2050 1099 non

472 1144 657 1197 mixta.
692 1141 906 1207 Quando
939 1142 1080 1197 enim
1104 1181 1119 1205 ,
1149 1140 1351 1209 inquit,
1379 1138 1613 1193 deleuerit
1636 1152 1831 1190 oumeui
1858 1137 2049 1205 princi-

470 1243 643 1302 patum
664 1272 679 1295 ,
710 1242 755 1285 et
784 1247 979 1285 omnem
1009 1239 1300 1300 potestatem
1331 1244 1391 1283 ac
1419 1229 1646 1281 virtutem
1667 1269 1681 1293 ,
1711 1228 1919 1283 ultimus
1944 1226 2048 1280 ini-

467 1325 631 1378 micus
657 1323 903 1378 delebitur
924 1339 1058 1377 mors
1089 1323 1175 1392 (1.
1207 1321 1326 1376 Cor.
1358 1320 1443 1375 15.
1470 1320 1561 1377 21.
1586 1319 1656 1374 26
1675 1318 1718 1389 ).
1753 1318 1844 1372 His
1867 1328 2045 1376 autem

467 1415 694 1481 deletis,
736 1415 866 1469 nihil
909 1422 1149 1471 remanet
1194 1414 1342 1468 triste
1384 1427 1485 1469 nec
1513 1410 1860 1481 injucundum
1887 1454 1903 1478 ,
1936 1426 2044 1467 non

464 1522 624 1574 cura,
658 1524 761 1563 non
790 1509 1106 1575 sollicitudo,
1132 1523 1238 1563 non
1263 1508 1448 1562 labor:
1479 1515 1631 1563 erunt
1666 1508 1841 1576 itaque
1867 1506 2044 1561 omnia

428 1592 665 1671 lla-tilia,
687 1599 863 1653 omnia
893 1615 1011 1666 pax.
1039 1599 1216 1654 omnia
1244 1597 1443 1654 caritas
1466 1598 1517 1661 ³,,
1533 1597 1710 1652 omnia
1743 1596 2042 1665 tranquilli-

412 1674 436 1733 ’ἶ
465 1699 575 1756 tas,
591 1691 767 1745 omnia
793 1691 1080 1747 delectatio
1100 1732 1115 1754 ,
1143 1692 1319 1745 omnia
1348 1705 1473 1744 vera
1511 1699 1567 1744 et
1603 1688 1807 1745 sincera
1828 1728 1843 1755 ,
1871 1687 2045 1743 solida

460 1791 519 1835 et.
538 1780 764 1835 stabilia.
792 1780 982 1835 Nullus
1007 1788 1089 1834 est
1115 1781 1255 1835 enitn
1287 1780 1394 1833 illic
1416 1778 1679 1846 ejusmodi
1707 1777 1905 1846 lapsus,
1934 1793 2038 1832 non

458 1869 534 1923 im
553 1911 568 1932 ,
597 1884 703 1923 non
731 1870 942 1923 tristitia
966 1909 982 1935 ,
1011 1884 1117 1923 non
1147 1883 1299 1923 amor,
1323 1868 1589 1936 pecuniai,
1622 1882 1726 1922 non
1753 1882 2038 1936 corporum

458 1958 801 2023 desiderium,
825 1974 930 2012 non
957 1968 1257 2028 paupertas,
1288 1973 1392 2012 non
1423 1957 1637 2020 divitize,
1667 1973 1769 2012 non
1800 1958 2033 2022 infamia,

456 2064 565 2105 non
604 2048 802 2119 aliquid
843 2049 984 2103 aliud
1024 2048 1304 2117 ejusmodi.
1349 2048 1493 2103 lianc
1534 2051 1709 2115 itaque
1753 2062 1849 2102 nos
1874 2049 2033 2102 vitam

453 2138 818 2194 desideremus
842 2148 897 2194 et
918 2154 1108 2193 omnes
1135 2139 1370 2193 actiones
1398 2147 1608 2193 nostras
1629 2154 1694 2194 eo
1718 2139 2031 2210 dirigamus.

452 2230 746 2300 Propterea
771 2234 909 2287 enim
938 2231 1184 2301 jubemur
1210 2231 1369 2285 etiam
1396 2230 1575 2287 dicere
1605 2232 1656 2285 in
1687 2232 1989 2299 precatione
2013 2271 2027 2297 ,

449 2323 915 2395 Adueniatregnum
935 2333 1076 2378 tuum
1097 2322 1305 2392 (Matth.
1325 2328 1377 2379 6.
1405 2325 1516 2395 10),
1538 2333 1596 2379 ut
1618 2325 1684 2379 ad
1711 2325 1857 2381 illum
1886 2326 2027 2380 diem

449 2428 660 2484 semper
689 2416 1053 2485 respiciamus.
1087 2416 1185 2483 Qui
1213 2416 1355 2472 enim
1389 2416 1479 2472 illo
1503 2432 1684 2471 amore
1714 2425 1942 2481 tenetur,
1975 2425 2031 2472 et

448 2501 660 2559 illorum
689 2505 949 2560 bonorum
978 2521 1071 2575 spe
1098 2507 1275 2572 alitur,
1311 2507 1475 2562 nullis
1498 2508 1651 2563 malis
1679 2509 2029 2577 praesentibus

446 2595 720 2662 obruitur,
763 2594 928 2649 nullis
964 2595 1122 2665 hujus
1161 2596 1344 2651 saeculi
1381 2598 1635 2652 utrumuis
1669 2597 2023 2668 deprimitur:

445 2683 539 2737 sed
585 2683 1029 2753 quemadmodum
1074 2685 1164 2753 qui
1213 2684 1278 2739 ad
1324 2686 1521 2755 regiam
1568 2686 1751 2743 urbem
1796 2696 2017 2742 conten-

441 2770 603 2837 dunt,
625 2773 771 2827 nullo
800 2773 938 2842 quod
970 2775 1022 2828 in
1054 2773 1241 2829 itinere
1267 2790 1325 2829 se
1352 2774 1542 2830 oﬂ‘erat.
1566 2778 1881 2844 retinentur,
1914 2794 2020 2834 non

442 2864 606 2933 pratis
630 2905 645 2930 ,
674 2880 779 2919 non
817 2864 985 2919 hortis
1008 2908 1023 2930 ,
1064 2881 1168 2921 non
1206 2867 1463 2932 vallibus,
1501 2884 1606 2923 non
1634 2869 1862 2925 desertis
1882 2911 1898 2937 ,
1925 2870 2019 2926 sed

441 2965 787 3025 utrorumque
815 2957 1012 3013 nullam
1040 2960 1305 3012 rationem
1338 2957 1623 3025 ducentes,
1649 2960 1712 3014 ad
1742 2977 1900 3014 unum
1926 2976 2016 3016 so-

438 3046 546 3103 lum
577 3047 886 3116 respiciunt,
919 3062 1107 3117 nempe
1134 3046 1198 3102 ad
1220 3050 1442 3117 patriam
1469 3066 1588 3119 qua:
1612 3060 1695 3106 est
1717 3066 1813 3106 eos
1839 3066 2019 3107 susceo

437 3149 634 3208 putre:
675 3140 746 3195 ita
788 3141 946 3194 etiam
986 3141 1074 3210 qui
1113 3140 1349 3210 quotidie
1392 3141 1534 3196 illam
1574 3143 1673 3198 sibi
1724 3142 1925 3214 efﬁngit
1961 3153 2019 3203 et

433 3231 686 3301 exprimit
705 3232 971 3286 civitatem
996 3272 1011 3295 ,
1047 3242 1103 3287 et
1121 3232 1237 3302 ejus
1262 3231 1406 3288 fovet
1430 3234 1625 3303 alitque
1650 3235 1969 3293 desiderium
1992 3276 2019 3304 ,,

434 3321 565 3376 nihil
602 3336 787 3378 eorum
813 3339 931 3392 quae
959 3333 1084 3378 sunt
1106 3324 1306 3394 gravia,
1334 3340 1496 3395 grave
1521 3327 1841 3383 existimabit
1865 3369 1883 3394 ,
1913 3343 2016 3386 nec

432 3426 619 3467 eorum
645 3429 763 3481 qua!
791 3423 913 3469 sunt
936 3415 1169 3485 jucunda
1194 3426 1249 3471 et
1276 3417 1519 3485 illustria,
1545 3418 1837 3488 jucundum
1863 3429 1917 3477 et
1943 3421 2011 3477 il-

430 3501 619 3559 lustre.
645 3503 780 3572 Quid
807 3516 982 3561 autem
1007 3505 1144 3570 dico,
1177 3524 1282 3562 non
1312 3510 1676 3566 existimabit?
1712 3511 1819 3569 lmo
1845 3530 1906 3571 ea
1940 3531 2008 3572 ne

429 3594 632 3650 videbit
658 3596 870 3667 quidem
897 3640 911 3663 ,
949 3608 1007 3653 ut
1033 3600 1122 3669 qui
1152 3601 1284 3654 alios
1312 3602 1500 3659 habeat
1533 3607 1714 3662 oculos
1734 3651 1748 3673 ,
1793 3621 1847 3663 et
1874 3611 2008 3669 tales

430 3687 621 3756 quales
646 3688 883 3759 praecipit
917 3689 1109 3746 Paulus
1137 3691 1319 3748 dicens
1361 3712 1374 3747 :
1412 3694 1536 3750 Non
1577 3700 2007 3757 considerantibus

427 3778 568 3835 nobis
601 3796 716 3852 qua
750 3781 999 3849 videntur,
1039 3786 1128 3840 sed
1163 3803 1275 3858 qua:
1312 3804 1415 3842 non
1452 3788 1714 3866 videntur;
1739 3810 1852 3861 qua:
1874 3796 2009 3850 enim

425 3873 686 3942 videntur,
721 3878 1019 3944 tmporalia
1054 3890 1209 3934 sunt:
1245 3897 1358 3950 qua:
1398 3891 1563 3936 autem
1599 3902 1699 3939 non
1742 3886 2001 3956 videntur,

421 3979 607 4024 eterna
629 3969 648 4038 (
668 3968 723 4025 2.
747 3968 864 4024 Cor.
892 3972 946 4025 4.
973 3972 1097 4042 18).
1133 3972 1314 4027 Vidisti
1344 3977 1611 4044 quomodo
1632 3978 1767 4035 viam
1798 3980 1896 4035 alia
1922 3981 2003 4037 di-

420 4060 599 4117 ctione
636 4061 972 4119 oetenderit?
1014 4063 1105 4118 Illa
1149 4080 1277 4135 ergo
1319 4069 1722 4137 amplectamur,
1758 4083 1812 4127 ut
1840 4074 2001 4129 etiam

419 4165 789 4223 assequamur,
812 4162 868 4210 et
887 4154 999 4211 vita
1022 4155 1090 4211 ab
1114 4159 1257 4211 omni
1287 4159 1500 4215 interitu
1524 4162 1698 4219 aliena
1724 4164 1997 4223 fruamur:

420 4255 583 4311 quam
600 4243 767 4325 deum
781 4245 1026 4301 omnibus
1053 4247 1205 4305 nobis
1244 4252 1496 4321 consequi
1521 4294 1536 4318 ,
1567 4256 1733 4325 gratia
1763 4266 1814 4311 et
1844 4258 1998 4313 beni-

417 4334 615 4402 gnitate
642 4321 851 4390 Domini
877 4338 1047 4394 nostri
1066 4339 1189 4394 lesu
1206 4340 1424 4409 Christi,
1449 4346 1532 4401 cui
1558 4321 1721 4413 gloria
1742 4357 1796 4403 et
1822 4359 1999 4417 poten-

421 4421 512 4480 ἀει.
545 4437 687 4478 nunc
715 4432 771 4479 et
796 4440 1029 4496 semper,
1057 4437 1112 4484 et
1136 4430 1189 4484 in
1214 4432 1407 4489 smcula
1436 4436 1773 4497 stimulorum.
1804 4441 1994 4501 Amen.

900 4592 969 4651 IN
1005 4594 1326 4657 PSALMUM
1360 4602 1522 4659 CXV.

423 4702 476 4759 Ι.
506 4700 714 4760 Credidi
739 4715 941 4776 propter
967 4709 1105 4777 quod
1126 4710 1361 4780 loquutus
1384 4731 1499 4769 sum
1525 4733 1546 4772 :
1572 4734 1663 4790 ego
1696 4728 1865 4777 autem
1899 4722 1997 4783 ιω,-

943 4799 1165 4854 ntiliatus
1188 4818 1298 4856 sum
1318 4804 1485 4858 nimis.

493 4906 546 4961 4.
583 4906 748 4978 Hujus
780 4907 906 4965 dicti
946 4909 1134 4967 beatus
1173 4913 1364 4970 Paulus
1393 4919 1715 4977 mentionem
1755 4924 1993 4998 faciens,

418 4997 594 5055 dicit:
635 5000 891 5057 Habentes
934 5014 1102 5058 autem
1146 5005 1373 5062 eumdem
1420 5009 1673 5077 Spiritum
1715 5016 1834 5082 ﬁdei
1869 4997 1997 5077 sicut

417 5093 661 5163 scriptum
694 5105 765 5149 est
792 5111 812 5150 :
840 5092 1046 5151 Credidi
1084 5107 1289 5168 propter
1330 5100 1464 5169 quod
1500 5102 1733 5172 loquutus
1768 5126 1878 5165 sum
1906 5130 1925 5168 :
1949 5125 1996 5170 et

419 5200 511 5239 nos
538 5186 805 5253 credimus,
837 5197 1044 5258 propter
1067 5190 1202 5259 quod
1224 5202 1272 5247 et
1296 5192 1548 5265 loquimur
1567 5195 1587 5268 (
1600 5197 1654 5253 2.
1678 5198 1796 5255 Cor.
1821 5204 1875 5258 4.
1906 5206 1990 5262 15.

419 5274 545 5348 η).
578 5276 805 5334 Necesse
832 5290 909 5335 est
941 5294 1071 5351 ergo
1106 5282 1331 5351 primum
1374 5286 1585 5355 dicere,
1623 5294 1891 5361 quomodo
1929 5313 1993 5353 eo

419 5379 545 5420 usus
568 5377 650 5423 est
675 5373 970 5442 Apostolus
989 5417 1003 5441 ,
1028 5381 1082 5427 et
1109 5372 1176 5430 de
1203 5391 1435 5447 quonam
1462 5395 1640 5437 sermo
1669 5395 1809 5441 esset
1832 5387 1899 5443 ab
1927 5406 1993 5445 eo

419 5453 708 5514 institutus.
738 5462 811 5516 tta
839 5464 980 5519 enim
1009 5479 1075 5521 eo
1102 5481 1526 5540 cognoscemus,
1564 5476 1693 5545 quid
1727 5478 1823 5534 sibi
1866 5480 1993 5536 velit

417 5545 695 5616 propheta.

489 5634 740 5694 Formuta
765 5641 979 5700 docendi
1013 5649 1218 5717 optim.
1245 5681 1319 5693 -—
1345 5653 1555 5725 Alioqui
1586 5673 1714 5715 vero
1761 5660 1873 5718 hinc
1909 5672 1993 5720 est

480 5789 584 5868 tum
608 5789 739 5868 ﬁdit:
759 5793 926 5868 ﬂoret.
966 5797 1059 5868 hoc
1078 5799 1239 5868 deest.
1262 5805 1421 5868 qmm'a
1439 5807 1634 5860 caritas.
1668 5812 1758 5862 Sed
1783 5812 1991 5868 habetur

415 5849 470 5902 in
492 5854 607 5907 Mss.
622 5859 674 5903 et
696 5853 746 5902 in
758 5853 918 5921 Savil.,
938 5865 1087 5925 atque
1109 5863 1175 5913 ita
1188 5849 1595 5931 i'égi'i'ii'ériéitiéi

2159 962 2369 1003 omnem
2399 954 2679 1021 rationem,
2708 967 3047 1027 mentemque
3086 969 3139 1012 et
3167 962 3543 1029 cogitationem
3572 980 3731 1035 supe-

2155 1050 2293 1096 rant.
2325 1043 2582 1110 Quoniam
2612 1061 2738 1115 ergo
2767 1048 2880 1102 hare
2924 1064 3137 1104 omnem
3171 1054 3493 1120 superabant
3534 1057 3734 1109 oratio-

2153 1144 2297 1197 nem,
2326 1148 2424 1186 nec
2445 1148 2506 1188 ea
2529 1135 2796 1204 explicare
2822 1148 3045 1206 poterat,
3071 1139 3172 1194 lide
3197 1150 3375 1195 autem
3396 1143 3461 1197 ad
3483 1158 3544 1198 ea
3572 1147 3739 1199 susci~

2153 1223 2343 1292 pienda
2395 1240 2529 1294 opus
2572 1234 2656 1283 est
2686 1245 2699 1280 :
2732 1243 2798 1283 ne
2842 1230 3248 1287 conturbaretur
3270 1233 3505 1303 Iudaeus,
3560 1247 3611 1291 et
3637 1253 3741 1294 ceu

2149 1326 2283 1366 vana
2309 1327 2402 1382 Spe
2428 1314 2640 1370 inﬂatus
2663 1331 2723 1373 se
2746 1316 2907 1374 fuisse
2927 1319 3209 1390 deceptum
3228 1323 3578 1390 existimaret,
3612 1343 3735 1396 pro-

2149 1402 2363 1473 phetico
2388 1404 2529 1460 dicto
2575 1408 2791 1478 corrigit
2832 1409 2948 1479 ejus
2977 1411 3407 1481 imprudentiam,
3442 1431 3728 1485 propemo-

2147 1493 2271 1547 dum
2300 1494 2482 1549 dicens
2507 1513 2519 1550 :
2544 1495 2656 1551 Non
2683 1513 2792 1551 rem
2817 1500 3043 1570 aliquam
3069 1518 3257 1556 novam
3281 1504 3515 1573 requiro,
3549 1505 3727 1572 ﬁdem,

2146 1584 2239 1639 sed
2272 1595 2423 1638 vetus
2468 1587 2683 1640 bonum.
2739 1588 2946 1644 Etenim
2989 1592 3066 1646 sic
3108 1591 3318 1663 quidem
3348 1594 3579 1662 Paulus;
3611 1612 3735 1666 pro-

2145 1675 2339 1743 pheta‘
2388 1685 2585 1743 autem,
2641 1692 2761 1732 cum
2803 1679 2916 1748 ipse
2950 1694 3163 1750 quoque
3203 1691 3345 1737 esset
3375 1685 3729 1754 prmdicturus

2143 1767 2282 1823 bene
2313 1769 2556 1838 quaedam
2583 1781 2840 1826 eventura
2869 1771 3089 1839 Judzris,
3116 1790 3234 1843 qua:
3271 1779 3594 1846 superabant
3631 1779 3727 1835 hu-

2142 1873 2358 1914 manum
2388 1876 2563 1915 rerum
2593 1863 2856 1930 ordinem,
2889 1879 2958 1919 ne
2999 1865 3117 1935 quis
3142 1878 3323 1935 posset
3350 1868 3429 1922 eis
3458 1870 3614 1925 iidem
3642 1870 3727 1927 de-

2139 1966 2349 2021 rogare,
2381 1953 2451 2006 ita
2479 1953 2743 2013 Psalmum
2763 1956 2963 2025 incepit
2983 2000 2997 2024 ,
3019 1957 3202 2013 dicens
3234 1978 3247 2013 :
3274 1958 3495 2028 Credidi,
3523 1974 3729 2032 propter

2137 2043 2270 2112 quod
2293 2053 2339 2097 et
2368 2043 2604 2113 loquutus
2639 2062 2770 2100 sum.
2799 2046 3060 2114 Quoniam
3091 2048 3231 2103 enim
3280 2052 3546 2119 perierant
3573 2054 3729 2110 Jcro-

2136 2134 2366 2204 solyma,
2398 2136 2758 2206 templumque
2802 2136 2975 2191 fuerat
3006 2154 3250 2193 eversum
3288 2148 3344 2196 et
3378 2142 3637 2212 dirutum,
3668 2157 3722 2203 et

2135 2241 2322 2281 Omnes
2372 2229 2566 2298 captivi
2607 2238 2662 2284 et
2689 2230 2854 2284 vincti
2885 2230 3097 2285 abducti
3146 2230 3354 2288 fuerant
3401 2237 3450 2289 in
3489 2238 3729 2294 alienam

2134 2316 2425 2385 regionem,
2457 2318 2665 2372 barbari
2694 2328 2867 2375 autem
2893 2334 2991 2390 pro
3018 2321 3122 2376 illis
3150 2330 3347 2377 terram
3374 2341 3561 2381 eorum
3591 2345 3715 2398 pos-

2132 2407 2395 2475 sidebant,
2426 2418 2480 2463 et
2506 2410 2686 2464 vincas
2711 2411 2971 2480 plautare,
3003 2411 3191 2469 domos
3213 2414 3498 2485 aediﬁcare,
3525 2430 3577 2473 et
3605 2437 3720 2474 ma-

2130 2500 2378 2553 trimonia
2429 2502 2746 2556 contrahere
2783 2502 2917 2570 jussi
2961 2504 3169 2559 fuerant
3210 2505 3371 2563 :hmc
3422 2509 3715 2566 adurebant

2128 2587 2326 2644 Iud-ris
2365 2589 2811 2659 desperationem,
2859 2600 2913 2647 et
2940 2592 3192 2664 deinceps
3232 2598 3371 2666 apud
3416 2615 3476 2655 se
3513 2604 3714 2672 cogita-

2126 2676 2254 2731 bant
2284 2693 2296 2731 :
2329 2677 2385 2734 Si
2435 2694 2556 2735 cum
2604 2680 2922 2736 haberemus
2965 2683 3253 2753 civitatem,
3303 2703 3473 2757 arma,
3530 2707 3705 2761 arces,

2125 2771 2362 2837 pecunias
2390 2771 2595 2840 c0piain
2628 2780 2849 2839 tantam,
2896 2775 3171 2844 templum,
3201 2778 3390 2845 altare,
3422 2784 3623 2839 cultum
3656 2796 3707 2842 et

2124 2861 2473 2923 ceremonias,
2507 2870 2664 2931 atque
2688 2862 2847 2917 aliam
2878 2878 3091 2921 omnem
3121 2867 3391 2939 religionis
3418 2874 3709 2931 institutio.

2123 2963 2270 3015 nem,
2297 2951 2475 3004 traditi
2515 2961 2568 3005 et
2598 2953 2648 3005 in
2680 2954 2989 3010 servitutem
3015 2966 3174 3028 atque
3210 2962 3571 3030 captivitatem
3610 2969 3703 3022 ab-

2120 3038 2263 3093 ducti
2305 3054 2530 3094 sumus:
2560 3056 2700 3096 nunc
2743 3058 2863 3097 cum
2898 3045 2950 3098 in
2976 3046 3143 3101 aliena
3184 3051 3401 3120 regione
3426 3054 3700 3125 degamus,

2120 3138 2174 3184 et
2202 3131 2447 3185 omnibus
2485 3131 2720 3201 Spoliati,
2763 3133 2890 3188 nudi
2927 3145 2979 3191 et
3028 3140 3165 3193 servi
3209 3142 3398 3209 simus,
3436 3149 3711 3214 quomodo

2119 3223 2410 3291 poterimus
2445 3233 2681 3279 nostram
2711 3226 2951 3297 recipere
2988 3230 3254 3299 patriam?
3286 3234 3547 3299 Quoniam
3575 3255 3701 3310 ergo

2116 3316 2271 3370 multi
2321 3331 2386 3372 ex
2432 3316 2868 3376 imbecillioribus
2913 3319 3030 3376 hare
3065 3333 3375 3394 reputantes
3403 3331 3696 3386 conturba-

2114 3405 2325 3471 bantur,
2373 3415 2427 3462 et
2467 3422 2572 3461 non
2618 3408 2961 3465 attendebant
3003 3413 3294 3482 prophetis,
3324 3417 3411 3486 qui
3441 3420 3703 3487 pradice‘

2111 3496 2239 3552 bant
2284 3498 2557 3553 reditum:
2590 3509 2873 3569 propterea
2921 3501 3001 3557 sic
3039 3503 3192 3571 dixit,
3246 3520 3313 3560 ex
3355 3521 3423 3562 eo
3449 3512 3699 3567 omnibus

2112 3590 2396 3645 ostendens
2426 3604 2560 3660 Opus
2594 3606 2714 3647 esse
2743 3592 2845 3647 lide
2875 3593 2940 3646 ad
2969 3609 3053 3661 ea,
3083 3611 3205 3666 qum
3232 3596 3486 3655 dicuntur
3508 3617 3538 3656 a
3563 3602 3692 3659 Deo.

2112 3679 2221 3735 Eos
2255 3690 2431 3735 autem
2486 3682 2572 3735 alii
2626 3697 2837 3752 quoque
2885 3685 3042 3740 aliter
3079 3686 3442 3758 alloquuntur,
3501 3709 3691 3764 quem-

2108 3771 2403 3826 admodum
2424 3770 2583 3827 lsaias
2628 3774 2705 3828 sic
2732 3773 2916 3829 dicens
2944 3793 2956 3829 :
2991 3776 3244 3848 Respicite
3265 3782 3337 3835 ad
3359 3784 3579 3840 solidam
3600 3805 3690 3858 pe-

2108 3871 2238 3915 tram
2272 3880 2333 3917 ex
2355 3880 2453 3935 qua
2482 3864 2637 3919 excisi
2660 3865 2777 3919 estis
2811 3865 2908 3937 (ιι),
2936 3877 2981 3921 et
3003 3868 3073 3921 ad
3095 3871 3284 3941 fossam
3313 3873 3476 3942 lacus,
3508 3893 3572 3932 ea:
3589 3896 3686 3951 quo

2105 3955 2280 4022 effossi
2304 3958 2421 4009 estis
2450 3955 2601 4028 (lani.
2628 3958 2711 4012 51.
2741 3958 2816 4028 1).
2847 3958 2911 4013 Et
2936 3975 3150 4017 rursus:
3170 3962 3417 4036 Respicite
3437 3970 3506 4023 ad
3528 3972 3689 4027 Abra~

2105 4046 2224 4101 liam
2251 4057 2447 4117 patrem
2484 4058 2720 4115 oestrum,
2776 4059 2823 4103 et
2868 4050 2939 4103 ad
2972 4051 3184 4107 Serrani
3211 4071 3325 4126 quae
3364 4075 3452 4114 vos
3492 4065 3681 4132 peperit

2102 4140 2238 4211 quod
2264 4157 2393 4194 unus
2435 4149 2560 4205 erat,
2601 4149 2647 4194 et
2674 4142 2843 4195 vocavi
2869 4142 3055 4210 ipsum,
3085 4154 3133 4198 et
3155 4149 3464 4219 saneti/ieavi
3492 4155 3680 4225 ipsum,

2103 4241 2151 4283 et
2177 4231 2507 4300 multiplicari
2548 4232 2716 4302 ipsum
2756 4232 2995 4301 (lbid..v.
3023 4236 3101 4305 2).
3130 4238 3281 4307 Quod
3308 4253 3486 4298 autem
3530 4246 3678 4314 dicit,

2101 4330 2185 4376 est
2209 4321 2469 4391 ejusmodi
2497 4322 2723 4379 :Noune
2748 4333 2864 4379 erat
2886 4326 3153 4385 Abraham
3181 4331 3478 4391 barbarus?
3504 4353 3682 4396 nonne

2101 4412 2313 4468 carebat
2328 4412 2530 4480 liberis,
2550 4424 2603 4469 et
2618 4415 2727 4483 jam
2749 4424 2904 4472 aetate
2922 4423 3294 4490 processerat?
3323 4440 3500 4483 nonne
3522 4429 3682 4486 habe-

2098 4501 2191 4558 bat
2220 4517 2460 4567 uxorem,
2488 4518 2605 4572 quae
2630 4512 2683 4557 et
2711 4516 2930 4576 propter
2948 4519 3179 4576 aetatem,
3213 4520 3270 4568 et
3295 4527 3510 4586 propter
3530 4529 3680 4575 natu-

2098 4608 2212 4652 ram
2227 4604 2342 4649 erat
2355 4593 2475 4649 ﬁliis
2494 4600 2834 4665 procreandis
2852 4600 3085 4657 inutilis?
3100 4619 3274 4659 annon
3291 4617 3447 4664 erant
3461 4626 3549 4667 res
3563 4614 3681 4679 ejus

2098 4687 2315 4744 omnino
2329 4686 2650 4757 desperatae?
2663 4690 2799 4758 Quid
2809 4692 2964 4762 ergo?
2974 4709 3150 4749 annon
3165 4711 3230 4751 ex
3246 4714 3351 4755 uno
3367 4700 3484 4759 sine
3501 4703 3679 4761 liberis

2096 4787 2152 4835 et
2168 4787 2426 4849 provecta:
2445 4782 2618 4836 sitatis
2638 4782 2849 4853 implevi
2869 4785 3051 4840 orbem
3064 4788 3249 4842 terrae?
3267 4790 3403 4858 Quid
3413 4809 3541 4866 ergo
3557 4813 3677 4853 con-

2096 4871 2421 4927 turbamini?
2443 4871 2503 4927 Si
2529 4873 2671 4928 enim
2694 4888 2758 4928 ex
2789 4889 2897 4929 uno
2918 4876 3066 4945 potui
3092 4878 3315 4948 implere
3344 4884 3532 4940 orbem
3566 4898 3675 4944 ter-

2092 4979 2168 5020 ra;
2188 4982 2201 5019 :
2220 4965 2387 5021 multo
2405 4965 2573 5035 magis
2597 4980 2662 5020 ex
2684 4966 2838 5022 vobis
2860 4969 3042 5037 paucis
3066 4970 3298 5041 implebo
3317 4974 3673 5053 .lerosolyma.

2158 5079 2175 5111 ³
2212 5078 2353 5129 Savil.
2378 5080 2428 5128 in
2444 5080 2666 5145 margine
2686 5079 2954 5145 pleniorem
2979 5082 3122 5134 affert
3141 5083 3406 5137 lectionem
3429 5092 3534 5141 sic:
3564 5103 3677 5145 Pro-

2091 5139 2542 5219 eteeeeseita
2555 5139 2660 5219 se
2679 5139 3094 5219 ᾂῐεξφῖείίρεςμιιηε
3112 5148 3212 5217 ,δον
3238 5150 3325 5219 δλε
3358 5167 3389 5219 «ί
3420 5139 3612 5219 ιιὶὲέτῐιί
3630 5139 3676 5208 ξι

2090 5202 2276 5278 ρςειιιεα
2564 5202 2661 5278 ﬁt?
2676 5202 2986 5267 ηιωπὶίεδιίιδιί
3005 5206 3141 5268 mihi.
3153 5225 3174 5253 ν
3192 5202 3423 5272 ᾲιιῐιαηια
3442 5202 3676 5278 sapt-ins;

2091 5263 2399 5340 penem
2578 5272 2728 5340 ets,._
2781 5263 2838 5340 .L.

2092 5323 2102 5328 ’
2155 5323 2228 5387 (α)
2244 5324 2349 5377 Iam
2366 5325 2529 5375 multis
2549 5327 2598 5375 in
2615 5325 2732 5375 locis
2749 5326 2953 5400 vidimus
2963 5328 3344 5402 Chrysostomum
3361 5348 3503 5386 usum
3528 5339 3673 5389 inissa

2090 5384 2305 5463 fflitionje
2326 5394 2439 5463 tot;
2532 5386 2853 5463 ttexapiarem
2868 5398 3091 5463 prtgepts
3107 5393 3368 5463 (ditionem
3389 5403 3668 5463 emendata:

2088 5448 2138 5497 id
2160 5449 2286 5510 quod
2308 5448 2473 5515 etiam
2491 5449 2582 5515 hoc
2613 5447 2721 5515 loco
2750 5450 2826 5499 his
2855 5447 3255 5513 deprehenditur.
3298 5463 3411 5506 Nam
3451 5447 3585 5515 illud.
3602 5447 3673 5512 iis

2091 5507 2193 5574 qud
2210 5507 2363 5560 excisi
2384 5508 2499 5561 estis
2523 5512 2664 5581 (ἐξ-ἧς
2680 5507 3145 5581 νξ).ατομήθ³ητε),εεῐ
3162 5507 3680 5581 Theodotion'isiet‘ewa

2091 5583 2216 5646 ver:
2234 5584 2569 5646 germanaque
2594 5575 2744 5624 lectio
2768 5575 2866 5646 es_t._
2877 5592 2970 5646 μμ
2988 5575 3154 5646 autem
3182 5582 3387 5646 Hebraea
3405 5575 3677 5646 verterant,

2090 5634 2150 5690 ἣν
2176 5633 2693 5707 ἐλάτοξιήᾳατέλςιιφῃ
2721 5635 2992 5707 excidisti}.
3022 5639 3203 5707 Verum
3234 5643 3314 5693 hic
3348 5633 3679 5707 passivisen:

2091 5696 2487 5768 sus‘reqpiritur.
2510 5696 2854 5768 gimiliterque
2886 5700 3028 5768 intra,
3061 5702 3144 5768 ubi
3171 5696 3491 5768 septuaginta
3516 5706 3677 5759 Inter-

2110 5756 2793 5836 ζἐξξξδὲηδέἱτὲὶνέγ,Φρὲἓὲαεὶ
2822 5756 3023 5836 leuem;
3048 5756 3283 5836 Maevi.
3316 5756 3675 5836 eadem

2091 5768 2262 5879 pretes
2286 5768 2489 5815 nauem,
2510 5768 2562 5806 ὃν
2586 5768 2793 5822 opstare
2822 5768 3009 5831 Lsuppl.
3048 5768 3283 5830 βόθυνον],
3316 5768 3509 5831 foveam
3530 5784 3675 5836 quam

2112 5819 2303 5895 odistis,
2329 5818 2707 5895 Chrvsostomus
2732 5824 2875 5886 legit,
2892 5826 2939 5881 ἐξ
2964 5826 3020 5876 οὗ
3041 5828 3376 5892 ὠρύχθητεβκ
3394 5843 3494 5894 quo
3510 5833 3679 5895 effossi

2091 5884 2226 5950 estis,
2248 5901 2397 5950 quem
2421 5889 2748 5955 signiﬁcatum
2776 5884 2991 5959 requirit
3010 5884 3102 5951 vox
3128 5884 3359 5966 ﬁebraea,
3384 5884 3597 5958 ἐιηηῖόἐ.
