4018 6268
280 332 400 392 τιίθ

284 446 550 505 ἐντεῦθεν
598 448 977 519 ἀναχωρήσας.
1026 450 1433 520 Εὐαρεστήσω
1467 452 1724 507 ἐνώπιον
1758 457 1875 508 Κυ-

293 535 431 603 ρίου
459 532 531 585 ὲν
556 529 715 600 χώρᾳ
757 529 1005 592 ζώντων.
1039 533 1294 606 Ἕτερος,
1332 538 1719 605 Ἐμπροσθεν
1757 540 1878 591 Κυ-

294 618 453 685 ρίου.
480 615 694 679 Ἄλλος.
739 616 1247 685 Ἐμπεριπατήσω.
1282 619 1452 673 Τοῦτο
1490 621 1583 673 καὶ
1615 622 1645 673 6
1668 620 1903 681 Παῦλος-ο

296 699 542 753 δείκνυσι
573 698 745 765 λέγων
760 715 772 728 ’
797 698 909 753 Καὶ
938 700 1111 769 ἡμεῖς
1134 702 1599 772 ἁρπαγησόμεθα
1613 702 1684 756 ἐν
1709 702 1881 771 νεφέ-

244 852 254 863 ν
298 786 439 847 λαις
465 783 553 847 εἰς
576 780 920 848 ἀπάντησιν
945 782 1053 836 τοῦ
1071 784 1292 851 Κυρίου
1315 788 1403 852 εἰς
1421 785 1587 852 ἀέρα,
1604 785 1702 839 καί
1728 785 1881 839 οὕτω

301 864 561 919 πάντοτε
581 863 705 917 σὺν
724 865 917 931 Κυρίῳ
939 865 1214 933 ἐσόμεθα.
1248 867 1358 919 Kal
1381 867 1563 937 καλῶς
1584 864 1756 931 εἶπεν,
1786 869 1883 921 Ἐν

301 946 463 1016 χώρᾳ
490 944 736 1007 ζώντων.
771 945 981 1017 Ἐκείνη
1012 946 1121 1018 γὰρ
1141 947 1308 1013 ὅντως
1333 948 1466 1020 ζωὴ,
1489 949 1878 1021 ἀπηλλαγμένη

303 1029 559 1090 θανάτου,
590 1027 769 1098 ἀμιγῆ
811 1028 882 1081 τά
913 1029 1096 1097 ἀγαθά
1126 1030 1344 1101 ἔχουσα.
1370 1031 1558 1086 ’Ὀταν
1588 1032 1881 1103 καταργή-

286 1129 405 1180 ισῃ,
440 1112 603 1181 φησὶ,
628 1109 839 1163 πᾶσαν
870 1111 1089 1181 ἀρχὴν,
1112 1112 1211 1165 καί
1244 1110 1452 1168 πᾶσαν
1471 1113 1761 1177 ἐξουσίαν
1782 1112 1883 1168 καὶ

299 1194 580 1262 δύναμιν,
605 1191 866 1261 ἔσχατος
894 1193 1107 1263 ἐχθρὸς
1135 1194 1507 1266 καταργεῖται
1536 1197 1570 1249 ὁ
1606 1195 1877 1262 θάνατος.

292 1277 521 1331 Τούτων
558 1275 616 1329 δὲ
656 1276 1131 1347 καταργηθέντων,
1164 1277 1316 1331 οὐδὲν
1346 1277 1455 1331 τῶν
1500 1278 1758 1351 λυπηρῶν
1787 1279 1884 1350 μέ-

284 1377 402 1425 ννει,
439 1359 501 1413 ού
539 1358 781 1429 φροντὶς,
808 1358 870 1410 ού
905 1357 1098 1423 πόνος·
1132 1359 1273 1414 ὥστε
1301 1361 1480 1415 πάντα
1510 1361 1679 1435 χαρὰ,
1708 1360 1885 1415 πάντα

288 1445 515 1515 εἰρήνη,
550 1442 728 1496 πάντα
769 1441 957 1514 ἀγάπη
985 1455 1036 1507 ι,
1068 1444 1248 1498 πάντα
1284 1445 1538 1514 εὐθυμία,
1579 1446 1674 1498 καὶ
1705 1445 1883 1498 πάντα

301 1527 635 1599 εὐφροσύνη,
658 1525 834 1580 πάντα
858 1525 1033 1597 ἀληθῆ
1053 1528 1147 1580 καὶ
1168 1528 1432 1600 εἰλικρινῆ
1453 1529 1547 1582 καὶ
1569 1531 1876 1600 πεπηγότα-

288 1610 456 1663 ὀὐδὲν
482 1610 592 1680 γάρ
635 1611 785 1662 ἐστιν
814 1609 930 1662 ἐκεῖ
965 1609 1074 1664 τῶν
1100 1609 1356 1664 τοιούτων
1386 1610 1782 1681 ὀλισθημάτων,
1818 1612 1879 1665 οὐ

290 1692 500 1762 θυμὸς,
541 1693 600 1744 ού
635 1691 815 1762 λύπη,
857 1691 917 1743 ού
951 1692 1249 1762 χρημάτων
1296 1692 1465 1764 ἔρως,
1510 1693 1571 1746 οὐ
1615 1695 1883 1763 σωμάτων

298 1774 495 1837 πόθος,
531 1775 592 1827 ού
641 1774 819 1836 πενία,
858 1774 920 1826 οὐ
957 1773 1204 1839 πλοῦτος,
1235 1774 1333 1826 οὐκ
1374 1775 1589 1845 ἀτιμία,
1628 1776 1729 1828 οὐκ
1757 1775 1885 1829 ἄλλο

313 1858 418 1911 τῶν
453 1856 702 1911 τοιούτων
753 1856 926 1911 οὐδέν.
969 1855 1186 1927 Ταύτης
1213 1857 1389 1910 τοίνυν
1425 1858 1518 1910 καὶ
1561 1859 1719 1928 ἡμεῖς
1765 1858 1885 1911 ἐπι-

308 1941 576 2012 θυμῶμεν
598 1942 696 2010 τῆς
734 1937 898 2011 ζωῆς,
935 1940 1032 1994 καὶ
1064 1940 1241 1993 πάντα
1271 1940 1408 2011 πρὸς
1446 1938 1604 1993 τοῦτο
1629 1940 1884 2012 πράττω-

304 2042 433 2096 μεν.
457 2024 562 2077 ιΔιά
580 2023 687 2094 γὰρ
709 2022 867 2076 τοῦτο
892 2023 987 2076 καὶ
1005 2023 1063 2077 ἐν
1083 2024 1147 2093 τῇ
1173 2024 1304 2093 εὐχῇ
1330 2022 1663 2094 κελευόμεθα
1682 2023 1883 2092 λέγειν,

317 2106 576 2162 Ἐλθέτω
596 2107 636 2173 τ’,
658 2105 945 2170 βασιλεία
971 2121 1108 2171 σου,
1128 2106 1215 2159 ἵνα
1243 2105 1331 2157 ἀεὶ
1364 2105 1498 2176 πρὸς
1526 2104 1739 2176 ἐκείνην
1767 2104 1886 2175 βλέ-

305 2206 502 2258 πωμεν
547 2188 647 2259 τὴν
680 2188 911 2259 ἡμέραν.
959 2187 1018 2241 ’0
1069 2187 1179 2257 γὰρ
1211 2187 1404 2259 ἐκείνῳ
1443 2187 1519 2258 τῷ
1551 2187 1712 2259 ἔρωτι
1750 2204 1886 2242 κατ-

290 2258 711 2342 εχόμενος,ίκαλ
761 2273 882 2334 ταῖς
927 2269 1106 2323 ἐλπίσι
1144 2269 1252 2324 τῶν
1296 2258 1517 2338 ἀγαθῶν
1557 2258 1886 2341 τρεφόμενος

285 2354 571 2419 ἐκείνων,
616 2352 791 2406 οὐδενὶ
836 2352 947 2406 τῶν
993 2351 1276 2423 παρόντων
1316 2351 1636 2422 βαπτίζεται
1677 2352 1884 2416 δεινῶν,

304 2436 401 2489 ὐπ’
426 2435 642 2500 οὐδενὸς
668 2434 776 2488 τῶν
803 2434 1036 2488 ἐνταῦθα
1061 2434 1383 2488 καθέλκεται
1408 2435 1435 2474 b
1457 2433 1715 2504 λυπηρῶν
1734 2452 1747 2465 ·
1774 2434 1886 2488 ἀλλ’

304 2524 500 2593 ῶσπερ
534 2523 584 2574 οἰ
615 2521 752 2592 πρὸς
780 2520 932 2574 πόλιν
963 2520 1246 2592 βασιλικὴν
1268 2520 1543 2582 ὁδεύοντες
1572 2520 1747 2573 οὐδενὶ
1782 2520 1890 2575 τῶν

306 2605 460 2677 παρά
481 2605 581 2675 τὴν
611 2604 726 2658 ὁδὸν
750 2603 1088 2673 κατέχονται,
1116 2603 1238 2656 οὔτε
1265 2603 1543 2674 λειμῶσιν,
1565 2601 1689 2656 οὔτε
1712 2621 1892 2674 παρα-

266 2718 267 2721 η
303 2691 526 2753 δείσοις,
561 2687 684 2742 οὔτε
718 2688 1010 2759 φάραγξιν,
1060 2686 1183 2740 οὔτε
1229 2687 1504 2758 ἐρημίαις,
1541 2686 1655 2757 ἀλλξ
1697 2687 1889 2742 ἐκατέ-

308 2791 423 2845 ρων
449 2784 472 2812 σ
515 2770 839 2840 ἀλογοῦντες
873 2772 1007 2841 πρὸς
1048 2771 1106 2824 ἓν
1157 2771 1315 2839 μόνον
1361 2770 1526 2841 ὁρῶσι
1553 2770 1651 2841 τὴν
1682 2769 1894 2834 ἐκδεξο-

306 2857 488 2926 μένην
517 2855 715 2919 αὐτοὺς
746 2854 979 2924 πατρίδα
999 2871 1013 2884 ι
1041 2851 1185 2907 οὕτω
1204 2853 1299 2906 καὶ
1323 2852 1351 2903 6
1384 2852 1502 2905 καθ’
1529 2853 1764 2925 ἑκάστην
1793 2854 1891 2924 τὴν

292 2939 528 3010 »ἡμέραν
566 2938 781 3008 ἐκείνην
823 2937 1179 2992 ἀναπλάττων
1227 2935 1407 3006 ἐαυτῷ
1450 2935 1545 3006 τὴν
1577 2936 1760 2999 πόλιν,
1798 2938 1891 2991 καὶ

300 3024 409 3076 τὸν
432 3021 595 3075 πόθον
630 3021 801 3091 αὐτῆς
826 3021 1062 3091 τρέφων,
1093 3021 1246 3074 οὐδὲν
1277 3021 1386 3074 τῶν
1414 3020 1601 3074 δεινῶν
1625 3023 1889 3093 ἡγήσεται

290 3106 511 3169 δεινὸν,
536 3105 658 3159 οὒδέ
681 3104 789 3158 τῶν
814 3105 1055 3178 φαιδρῶν
1076 3105 1170 3159 καὶ
1206 3104 1520 3176 περιφανῶν
1553 3106 1775 3177 φαιδρὸν
1799 3108 1893 3159 καὶ

299 3187 633 3259 περιφανές.
663 3188 728 3240 Τί
757 3187 922 3256 λέγω,
955 3190 1053 3258 οὐχ
1070 3189 1366 3259 ήγήσεται;
1397 3188 1537 3241 Ἀλλ’
1565 3189 1683 3241 οὐδὲ
1703 3189 1891 3259 ὄψεται

290 3272 521 3334 ταῦτα,
586 3271 804 3341 ἐτέρους
861 3270 1139 3341 κτώμενος
1193 3273 1538 3344 ὀφθαλμούς·
1588 3275 1892 3341 τοιούτους,

288 3356 460 3417 «οἴους
488 3356 517 3407 ό
541 3353 770 3416 Παῦλος
817 3353 1056 3419 ἐκέλευε,
1092 3354 1301 3423 λέγων·
1353 3355 1453 3425 Μὴ
1501 3359 1895 3412 σκοπούντων

308 3437 489 3506 ἡμῶν
519 3437 593 3491 τὰ
615 3436 985 3506 βλεπόμενα,
1012 3437 1175 3492 ἀλλὰ
1201 3438 1275 3492 τὰ
1300 3438 1381 3507 μὴ
1407 3441 1761 3508 ,βλεπόμενα
1782 3455 1797 3467 ·
1824 3441 1897 3494 τὰ

308 3520 428 3590 γὰρ
452 3519 825 3587 βλεπόμενα,
849 3518 1188 3586 πρόσκαιρα
1206 3537 1218 3551 ·
1234 3520 1310 3575 τὰ
1335 3520 1503 3589 δὲμὴ
1524 3522 1893 3590 βλεπόμενα,

292 3602 542 3657 καίώνια.
569 3597 724 3664 Εἶδες
753 3600 853 3671 τὴν
874 3600 993 3654 ὁδὸν
1017 3601 1135 3666 πῶς
1159 3602 1322 3674 ἑτέρᾳ
1351 3603 1492 3668 λέξει
1521 3604 1893 3675 παρέστησεν;

322 3683 586 3737 Ἑκείνων
606 3682 784 3735 τοίνυν
804 3682 1178 3753 ἀντεχώμεθα,
1205 3685 1293 3739 ἵνα
1315 3686 1498 3741 αὐτῶν
1523 3685 1893 3757 ἐπιτύχωμεν,

296 3767 415 3823 ’.ικαὶ
446 3768 561 3837 τῆς
610 3766 887 3836 ἀκηράτου
928 3767 1075 3838 ζωῆς
1113 3768 1541 3839 ἀπολαύσωμεν⁸
1583 3764 1650 3840 ἧς
1687 3768 1897 3837 γένοιτο

313 3853 530 3914 πάντας
547 3851 696 3920 ἡμᾶς
719 3853 1018 3922 ἐπιτυχεῖν,
1042 3852 1225 3923 χάριτι
1241 3853 1335 3906 καὶ
1354 3852 1729 3923 φιλανθρωπίᾳ
1746 3848 1898 3923 [508]

311 3932 416 3987 τοῦ
457 3932 661 4003 Κυρίου
697 3933 854 4005 ἡμῶν
888 3933 1062 4005 Ἰησοῦ
1100 3933 1361 4005 Χριστοῦ,
1403 3928 1509 4005 ᾦὴ
1550 3933 1675 3998 δόξα
1709 3935 1803 3986 καὶ
1840 3932 1900 3986 τὸ

304 4015 545 4086 κράτος,
568 4014 664 4069 νῦν
684 4017 786 4072 καὶ
810 4015 918 4083 ἀεὶ,
944 4017 1039 4070 καὶ
1059 4018 1140 4080 εἰς
1161 4018 1288 4080 τοὺς
1311 4016 1514 4080 αἰῶνας
1538 4015 1646 4070 τῶν
1668 4014 1896 4070 αἰώνων.

327 4099 387 4154 Ἀ
398 4100 530 4171 μήν.

710 4234 821 4287 Eii}
834 4233 994 4287 *TON
1028 4231 1154 4286 PlE'
1192 4228 1513 4286 ‘FAAMON.

322 4378 708 4438 Ἐπίστευσα
727 4419 743 4444 ,
781 4378 872 4433 διὸ
909 4379 1189 4502 ὲλάλιὲἒα
1207 4397 1220 4411 ·
1255 4378 1371 4450 ἐγὼ
1402 4378 1473 4434 δὲ
1505 4377 1905 4445 ἐταπεινώθην

985 4465 1071 4502 σω
1149 4467 1242 4502 οα.

985 4465 1242 4519 σφοδρα.

392 4574 689 4647 αἰΤαύτης
711 4575 967 4647 μνησθεὶς
981 4575 1082 4646 τῆς
1096 4577 1163 4648 ρή
1171 4592 1306 4640 σεως
1330 4577 1420 4630 καὶ
1431 4578 1460 4631 6
1474 4576 1740 4648 μακάριος
1760 4574 1909 4630 Παῦ-

322 4662 439 4726 λος,
475 4659 622 4714 οὕτω
647 4659 763 4723 πώς
794 4675 989 4731 φησιν⁸
1029 4661 1318 4729 Ἔχοντες
1346 4659 1416 4714 δὲ
1442 4661 1508 4714 τὸ
1543 4660 1690 4715 αὐτὸ
1720 4657 1908 4714 Πνεῦ-

321 4767 410 4817 μα
454 4745 567 4813 τῆς
609 4746 871 4809 πίστεως
918 4742 1069 4797 κατὰ
1121 4743 1186 4797 τὸ
1236 4743 1674 4814 τετραμμένον
1743 4742 1906 4798 Ἐπί-

322 4843 584 4891 στευσα,
620 4828 713 4882 διὸ
737 4826 1044 4895 ἐλάλησα·
1080 4827 1177 4881 καί
1211 4827 1383 4895 ἡμεῖς
1409 4827 1787 4896 πιστεύομεν,
1817 4825 1907 4881 διὸ

330 4912 431 4967 καὶ
480 4911 810 4980 λαλοῦμεν.
871 4911 1190 4979 Ἀναγκαῖον
1239 4910 1417 4963 τοίνυν
1479 4906 1693 4980 πρῶτον
1738 4910 1909 4962 εἰπεῖν

332 4994 451 5058 πῶς
478 4995 508 5047 ό
555 4990 879 5056 ’Λπόστολος
919 4993 1054 5064 αὐτῇ
1083 4993 1374 5064 ἐχρήσατο,
1410 4994 1505 5045 καί
1540 4990 1667 5061 περὶ
1701 4990 1842 5055 τίνος
1883 4994 1912 5046 ό

333 5079 491 5146 λόγος
524 5074 596 5149 ἦν
630 5078 797 5149 αὑτῳ.
824 5076 985 5133 Οὕτω
1013 5078 1123 5149 γὰρ
1152 5077 1261 5131 ἀπὸ
1285 5075 1477 5130 τούτου
1500 5076 1674 5130 καὶτὸ
1704 5094 1914 5149 προφη-

333 5162 484 5214 τικὸν
506 5160 659 5214 ἐσται
677 5159 835 5231 δῆλον
860 5161 1014 5230 ἡμῖν.

411 5245 624 5309 ’Ἄλλως
662 5244 727 5297 δὲ
769 5245 866 5298 καὶ
897 5243 1213 5298 διδασκαλία
1240 5244 1378 5316 αὕτη
1415 5244 1615 5315 ἀρίστη
1636 5286 1651 5309 ,
1697 5245 1770 5316 μὴ
1813 5246 1912 5317 τὴν

338 5330 639 5398 συνάφειαν
658 5328 1016 5400 περικόπτειν
1036 5329 1130 5382 τοῦ
1158 5329 1340 5398 λόγου,
1370 5327 1519 5399 μηδὲ»
1535 5327 1701 5399 μέρος
1724 5328 1915 5383 λαϐόν-

407 5541 432 5605 _‘
456 5541 509 5605 gn
535 5544 657 5592 edit.
683 5542 858 5605 Μοῐει.
880 5544 977 5593 hoc
998 5543 1161 5601 deest.
1195 5543 1355 5592 πάντα
1377 5542 1558 5605 ἀγάπη.

405 5599 434 5669 ξ
458 5603 583 5669 ᾖξε.
605 5611 659 5653 el
681 5603 832 5669 Sayil.
855 5606 905 5669 in
926 5618 1081 5669 marg.
1104 5599 1414 5669 ταράσσεται.

411 5665 433 5694 ⁸
455 5663 609 5729 Sam.
638 5667 835 5729 conﬁcit
860 5667 959 5729 leg.
990 5663 1178 5728 έτὲρων,
1202 5667 1289 5715 sed
1310 5666 1473 5718 obstat
1508 5668 1727 5717 omnium
1747 5680 1921 5719 exem-

343 5725 550 5784 plarium
570 5728 622 5774 in
647 5728 880 5791 ἑκατέρων
899 5725 1183 5776 ἑοοεεῐὶευε.

1381 336 1755 394 'EXPOSITIO
1795 334 1863 391 IN
1898 337 2240 398 PSALML‘M
2283 344 2447 401 LXV.

3452 335 3554 392 320

1981 471 2080 520 τας
2117 460 2529 530 προσκαθῆσθαι
2583 461 2796 532 ἐκείνῳ,
2844 462 2961 516 an“
2991 462 3196 518 ἄνωθεν
3234 463 3326 517 τοῦ
3354 462 3553 540 διηγή-

1970 554 2150 608 ματος
2178 544 2446 596 ποιεῖσθαι
2474 545 2573 614 τὴν
2611 544 2805 617 ἀρχήν.
2826 546 2977 617 »Περὶ
3022 547 3168 611 τίνος
3219 546 3400 601 τοίνυν
3431 549 3551 603 δια-

1939 682 1942 685 ,
1978 621 2266 692 λεγόμενος
2291 627 2320 676 ὁ
2342 625 2551 690 Παῦλος
2587 627 2791 699 ταύτης
2816 627 3059 699 ἐμνήσθη
3089 628 3189 697 τῆς
3210 631 3555 700 προφητικῆς

1980 704 2198 774 φωνῆς;
2236 706 2373 777 Περὶ
2428 708 2779 772 ἀναστάσεως
2828 710 2923 762 καὶ
2969 710 3068 779 τῆς
3105 709 3214 762 τῶν
3250 709 3553 779 μελλόντων

1978 785 2199 853 ἀγαθῶν
2228 789 2602 855 ἀπολαύσεως,
2631 791 2667 846 ἀ
2693 792 2789 844 καὶ
2818 791 2974 860 λόγον
3002 790 3323 862 ὑπερϐαίνει
3350 790 3552 855 πάντα,

1975 866 2076 919 ,καὶ
2107 867 2228 922 νοῦν
2262 871 2361 922 καὶ
2396 871 2655 928 διάνοιαν.
2680 873 2842 927 Ἐπεὶ
2886 868 2981 927 οὖν
3018 873 3174 941 λόγον
3228 871 3555 942 ὑπερέϐαινε

1980 948 2175 1015 πάντα,
2202 952 2295 1005 καὶ
2334 955 2741 1026 ἐρμηνευθῆναι
2772 954 2943 1009 ταῦτα
2978 956 3078 1026 οὐχ
3107 949 3219 1007 οἷόν
3251 972 3313 1008 τε
3338 950 3428 1026 ἦν,
3462 955 3556 1006 πί-

1981 1048 2151 1097 στεως
2174 1033 2230 1119 δὲ
2250 1035 2393 1119 πρδς
2412 1036 2473 1088 τὸ
2502 1036 2902 1107 παραδέχεσθαι
2932 1037 3108 1106 χρεία,
3134 1037 3222 1090 ἵνα.
3254 1037 3328 1109 μὴ
3354 1035 3557 1119 ταράτ-
3588 1082 3595 1119 ὲ

1980 1131 2139 1186 τηται
2180 1118 2208 1169 6
2248 1118 2518 1184 Ἰουδαῖος,
2558 1120 2693 1189 μηδὲ
2744 1120 3057 1173 ἀπατᾶσθαι
3090 1119 3307 1192 νομίζῃ,
3351 1117 3427 1182 ὡς
3455 1117 3559 1188 ψυ-
3590 1117 3601 1192 Τ

1979 1198 2141 1268 χραϊς
2162 1199 2480 1271 φυσώμενος
2510 1188 2712 1267 ἐλπίσι,
2738 1204 3051 1274 προφητικῇ
3074 1188 3227 1273 ῥήσει
3380 1202 3559 1270 ἀγνω-
3594 1188 3597 1201 ’

1983 1280 2220 1352 μοσύνην
2244 1283 2407 1335 αὐτοῦ
2450 1283 2759 1354 διορθοῦται
2799 1284 3082 1353 μονονουχὶ
3113 1283 3307 1351 λέγων,
3351 1283 3434 1335 ὄτι
3479 1281 3555 1336 ού

1978 1363 2166 1416 καινόν
2210 1381 2263 1417 τι
2307 1367 2540 1436 πρᾶγμα
2586 1366 2861 1435 ἐπιζητῶ,
2900 1366 3113 1431 πίστιν,
3145 1365 3283 1419 ἀλλά
3327 1362 3556 1417 παλαιὸν

1981 1445 2201 1514 ἀγαθόν.
2244 1448 2356 1501 Kal
2385 1451 2495 1520 γὰρ
2526 1451 2554 1503 6
2599 1450 2811 1512 Παῦλος
2865 1449 3067 1513 οὕτως·
3108 1451 3137 1501 6
3164 1449 3222 1500 δέ
3269 1447 3558 1518 προφήτης
3610 1506 3619 1515 ,

1976 1526 2194 1597 ,μέλλων
2211 1527 2238 1567 ἀ
2263 1530 2354 1581 καὶ
2374 1530 2535 1592 αὐτὸς
2558 1532 2685 1600 περί
2710 1547 2871 1583 τινων
2897 1530 3120 1597 ἀγαθῶν
3142 1532 3201 1584 ἐν
3232 1528 3310 1599 τῷ
3332 1529 3556 1598 παρόντι

1982 1611 2344 1681 προφητεύειν
2373 1616 2486 1676 τοῖς
2532 1615 2807 1676 Ἰουδαίοις
2841 1614 3289 1683 συμϐησομένων,
3337 1612 3430 1664 καὶ
3457 1613 3558 1684 τὴν

1982 1693 2329 1763 ἀνθρωπίνην
2363 1694 2687 1748 ἀκολουθίαν
2719 1695 3189 1764 ὑπερϐαινόντων,
3236 1695 3324 1747 ἵνα
3369 1694 3560 1765 μηδεὶς

1978 1776 2229 1829 ἀπιστεῖν
2258 1776 2380 1848 ἔχῃ,
2434 1775 2607 1839 οὕτως
2644 1776 2927 1846 ἀπήρξατο
2969 1776 3060 1829 τοῦ
3095 1777 3309 1846 ψαλμοῦ
3349 1775 3556 1844 λέγων’

1997 1858 2387 1923 Ἐπίστευσα,
2414 1858 2504 1911 διὸ
2548 1857 2845 1924 ἐλάλησα.
2885 1857 3103 1928 Ἐπειδῂ
3140 1860 3249 1927 γάρ
3291 1857 3560 1911 ἀπολώλει

1983 1940 2051 1992 τὰ
2091 1941 2458 2013 Ἰεροσόλυμα,
2502 1943 2597 1996 καὶ
2639 1943 2880 2012 ἐρείπιον
2928 1944 2956 1995 ό
2991 1924 3119 2005 ναῖος
3155 1924 3430 2010 ἐγεγόνει,
3465 1946 3562 1995 καὶ

1984 2024 2183 2086 πάντες
2217 2025 2555 2096 αἰχμάλωτοι
2593 2025 2878 2095 γενόμενοι
2916 2026 3012 2078 καὶ
3058 2024 3304 2089 δεθέντες
3339 2025 3419 2089 εἰς
3462 2023 3562 2096 τὴν

1982 2105 2266 2177 ἀλλοτρίαν
2296 2107 2657 2177 ἀπήχθησαν,
2679 2107 2944 2178 βάρϐαροι
2977 2107 3034 2160 δὲ
3070 2108 3168 2177 τὴν
3201 2107 3423 2161 ἐκείνων
3456 2104 3563 2178 γῆν

1983 2189 2097 2242 ἀντ’
2129 2190 2669 2260 ἐκείνωνᾼκατέσχον,
2712 2189 3114 2260 ἐκελεύσθησαν
3151 2189 3430 2259 ἀμπέλους
3460 2206 3563 2258 φυ-

1981 2270 2193 2336 τεῦσαι,
2228 2272 2325 2325 καὶ
2352 2258 2527 2335 οἰκίας
2556 2258 2930 2342 οἰκοδομῆσαι,
2961 2258 3056 2323 καὶ
3079 2258 3288 2340 γάμους
3319 2271 3565 2326 ἐπιτελέ-

1985 2372 2097 2420 σαι,
2123 2356 2297 2409 ταῦτα
2337 2358 2417 2419 εἰς
2466 2355 2781 2424 ἀπόγνωσιν
2813 2357 2939 2419 τοὺς
2981 2355 3270 2417 Ἰουδαίους
3315 2351 3560 2418 ἐνέϐαλε,

1985 2441 2078 2495 καὶ
2097 2439 2281 2493 λοιπὸν
2300 2438 2601 2507 ἐλογίζοντο
2621 2439 2755 2509 πρὸς
2776 2439 3021 2503 ἑαυτοὺς,
3045 2439 3129 2491 ὅτι
3150 2438 3211 2489 Εἰ
3232 2437 3387 2490 πόλιν
3409 2437 3565 2508 έχον-

1982 2541 2096 2587 τες,
2120 2524 2214 2576 καὶ
2242 2522 2413 2582 ὅπλα,
2443 2523 2536 2575 καὶ
2580 2522 2845 2593 πύργους,
2881 2525 2976 2575 καί⁸
3015 2521 3315 2593 χρημάτων
3344 2537 3566 2591 περιου-

1987 2609 2107 2663 σίαν
2138 2619 2161 2647 ο
2191 2606 2461 2675 τοσαύτην
2489 2606 2581 2660 καὶ
2609 2606 2757 2670 ναὸν,
2785 2606 2879 2658 καὶ
2911 2604 3113 2676 βωμὸν,
3142 2605 3237 2658 καὶ
3259 2603 3562 2671 άγιστείαν,

1986 2693 2078 2746 καὶ
2097 2692 2374 2763 λατρείαν,
2406 2691 2501 2743 καὶ
2529 2690 2625 2761 τὴν
2654 2689 2819 2759 ἀλλην
2845 2688 3063 2743 ἅπασαν
3093 2687 3388 2751 πολιτείαν,
3423 2704 3567 2759 παρ·

1987 2775 2268 2845 εδόθημεν,
2304 2773 2606 2843 ἐγενόμεθα
2643 2772 3000 2842 αἰχμάλωτοι,
3037 2772 3117 2833 εἰς
3174 2769 3419 2823 δουλείαν
3458 2771 3567 2823 ἀπ-

1986 2857 2231 2928 αγόμεθα
2250 2874 2264 2887 ο
2291 2856 2385 2910 νῦν
2413 2857 2471 2909 ἐν
2503 2855 2760 2925 ἀλλοτρίᾳ
2788 2854 2939 2916 ὄντες
2970 2853 3064 2906 καὶ¹
3098 2853 3314 2906 πάντων
3339 2855 3569 2923 ἠρημω-

1990 2941 2162 3012 μένοι,
2192 2938 2387 3009 γυμνοί
2425 2955 2484 2991 τε
2523 2939 2618 2991 καὶ
2649 2938 2824 2990 δοῦλοι
2851 2936 3156 3006 γενόμενοι,
3197 2935 3316 2999 πῶς
3347 2935 3573 3006 δυνησό-

1990 3023 2130 3094 μεθα
2160 3023 2257 3093 τὴν
2309 3021 2516 3075 οἰκείαν
2549 3021 2884 3087 ἀπολαϐεἴν;
2923 3021 3075 3073 Ἐπεὶ
3103 3017 3196 3074 οὖν
3233 3020 3416 3073 πολλοὶ
3460 3018 3569 3073 τῶν

1987 3104 2388 3174 ἀσθενεστέρων
2411 3104 2584 3156 ταῦτα
2606 3102 3050 3173 ἀναλογιζόμενοι
3076 3101 3451 3172 ἐθορυϐοῦντο,
3477 3102 3572 3155 καὶ

1989 3188 2377 3258 ἐταράττοντο,
2425 3186 2521 3240 καὶ
2558 3188 2670 3249 τοῖς
2706 3187 3014 3257 προφήταις
3055 3185 3116 3238 οὐ
3150 3187 3438 3257 προσεῖχον
3470 3183 3571 3255 τὴν

1989 3272 2245 3326 ἐπάνοδον
2265 3271 2482 3339 λέγουσι
2504 3287 2518 3300 ’
2553 3270 2642 3323 διά
2660 3270 2818 3323 τοῦτο
2846 3268 3020 3333 οὔτως
3050 3265 3191 3337 εἶπε,
3223 3269 3436 3332 δεικνὺς
3461 3269 3571 3337 πᾷ-

1990 3372 2074 3409 σιν
2092 3354 2359 3419 ἐντεῦθεν,
2385 3354 2467 3406 ὅτι
2492 3352 2727 3416 πίστεως
2754 3352 2913 3422 χρεία
2944 3354 3023 3415 είς
3040 3352 3111 3406 τὰ
3137 3351 3289 3423 παρά
3315 3351 3410 3404 τοῦ
3432 3349 3570 3405 Θεοῦ

1988 3438 2276 3509 λεγόμενα.
2301 3437 2648 3506 Διαλέγονται
2675 3435 2774 3506 μὲν
2793 3432 2886 3488 οὖν
2904 3436 3084 3499 αὐτοῖς
3113 3437 3209 3490 καὶ
3232 3435 3433 3506 ἑτέρως
3455 3434 3574 3487 ἰτε-

1992 3538 2095 3592 ροι,
2116 3516 2226 3574 οἷον
2245 3524 2272 3573 6
2296 3520 2521 3582 Ἡσαΐας
2539 3517 2681 3571 οὕτω
2707 3517 2879 3585 λέγων
2899 3535 2911 3547 -
2936 3517 3086 3590 [5094|
3103 3518 3470 3589 Ἔμόλέψατε
3485 3519 3574 3584 εἰς

1991 3604 2107 3672 τὴν
2134 3604 2385 3670 στερεὰν
2422 3602 2668 3669 πέτραν,
2697 3602 2765 3666 ἐξ
2786 3598 2863 3673 ἧς
2895 3603 3324 3672 ἐλατομήθητε,
3353 3602 3457 3657 καὶ
3485 3604 3577 3668 εἰς

1995 3689 2098 3741 τὸν
2126 3687 2396 3750 ,ϐόθυνον
2421 3684 2530 3738 τοῦ
2575 3684 2829 3749 λάκκου,
2865 3684 2935 3749 ἐξ
2984 3682 3056 3741 οὗ
3105 3686 3425 3754 ὠρύχθητε.
3467 3684 3577 3737 Kal

1994 3770 2153 3823 πάλιν
2173 3785 2186 3798 °
2221 3767 2588 3837 Ἐμϐλέψατε
2614 3769 2702 3833 εις
2734 3768 2987 3837 Ἀϐραὰμ
3008 3768 3115 3821 τὸν
3144 3769 3369 3837 πατέρα
3385 3767 3576 3835 ὑμῶν,

1995 3853 2095 3907 καὶ
2133 3855 2217 3919 είς
2246 3851 2483 3920 Σάρραν
2510 3851 2623 3925 τὴν
2662 3850 3004 3904 ὠδίνουσαν
3030 3850 3207 3920 ὑμᾶς,
3231 3853 3319 3904 ὅτι
3360 3846 3448 3916 είς
3478 3847 3574 3921 ἦν,

1997 3936 2095 3990 καί
2129 3936 2392 3990 ἐκάλεσα
2437 3935 2646 3999 αὑτὸν,
2684 3932 2784 3987 καί
2833 3934 3079 4004 ήγίασα,
3129 3934 3227 3987 καὶ
3265 3933 3580 4001 ἐπλήθυνα

1996 4021 2203 4074 αὐτόν.
2238 4019 2303 4070 Ὃ
2340 4017 2396 4069 δὲ
2442 4016 2608 4084 λέγει,
2651 4014 2890 4069 τοιοῦτόν
2925 4016 3101 4068 ἔστιν·
3135 4015 3271 4085 Οὐχὶ
3306 4012 3579 4086 βάρϐαρος

1990 4099 2061 4175 ἦν
2091 4104 2120 4155 6
2156 4100 2436 4170 Ἀϐραάμ
2477 4099 2598 4168 οὐχὶ
2623 4099 2836 4167 ἄγονος,
2869 4100 2962 4152 καὶ
2994 4101 3061 4169 τῇ
3090 4098 3278 4170 ἡλικίᾳ
3305 4098 3579 4169 προϐεϐη-

2000 4184 2142 4249 κώς;
2179 4183 2297 4252 οὐχὶ
2321 4185 2553 4250 γυναῖκα
2585 4176 2701 4251 εἶχε
2740 4180 2836 4234 καὶ
2863 4180 2951 4233 διά
2979 4181 3079 4251 τὴν
3109 4180 3325 4251 ἡλικίαν
3362 4181 3457 4234 καὶ
3493 4182 3582 4236 διά

2000 4269 2098 4339 τὴν
2120 4264 2278 4336 φύσιν
2303 4263 2441 4335 πρὸς
2468 4262 2811 4332 παιδογονίαν
2835 4263 3105 4334 ἄχρηστον
3122 4280 3137 4329 ;
3157 4264 3220 4334 ού
3238 4264 3581 4335 πανταχόθεν

1999 4349 2320 4418 ἀπέγνωστο
2351 4347 2421 4400 τά
2448 4348 2566 4403 κατ’
2605 4346 2804 4413 αὐτόν;
2840 4346 2906 4399 Τί
2934 4341 3061 4414 οὗν;
3093 4347 3214 4418 οὐχ)⁵
3245 4349 3339 4401 ἀπ’
3367 4348 3578 4402 ἐκείνου

1999 4437 2094 4492 τοῦ
2126 4436 2265 4500 ἐνὸς,
2297 4434 2395 4488 τοῦ
2419 4435 2638 4504 ἀγόνου,
2677 4434 2771 4488 τοῦ
2800 4436 3175 4506 γεγηρακότος
3206 4436 3305 4506 τὴν
3329 4435 3585 4504 οἰκουμέ-

2001 4538 2101 4590 νην
2128 4519 2420 4590 ἐπλήρωσα
2451 4519 2632 4573 πᾶσαν
2656 4536 2670 4586 ;
2699 4518 2765 4570 Τί
2795 4518 2974 4572 τοίνυν
3001 4518 3347 4590 θορυϐεῖσθε;
3381 4519 3446 4573 Εἰ
3474 4519 3583 4589 γὰρ

2002 4607 2068 4659 ἐκ
2092 4603 2185 4657 τοῦ
2210 4603 2328 4666 ἐνὸς
2344 4602 2566 4665 δυνατὸς
2597 4601 2866 4674 ἐγενόμην
2887 4603 2985 4674 τὴν
3014 4604 3339 4676 οἰκουμένην
3363 4602 3585 4673 πληρῶ-

2008 4710 2117 4757 σαι,
2154 4691 2334 4762 πολλῷ
2366 4690 2566 4762 μᾶλλον
2610 4690 2668 4758 ἐξ
2705 4689 2860 4761 ὑμῶν
2893 4690 3002 4745 τῶν
3031 4692 3226 4761 ὀλίγων
3257 4692 3327 4747 τά
3360 4690 3586 4762 Ἱεροσό-

2006 4780 2153 4850 λυμα
2187 4777 2487 4850 πληρώσω.
2520 4778 2622 4832 Διά
2664 4778 2822 4833 τοῦτό
2860 4796 3057 4849 φησιν’
3097 4780 3465 4850 Ἐμόλέψατε
3498 4780 3588 4843 εἰς

2005 4868 2122 4935 τὴν
2170 4866 2425 4936 στερεὰν
2460 4866 2685 4936 πέτραν
2707 4906 2721 4932 ,
2762 4866 2832 4932 ἐξ
2886 4862 2963 4936 ἧς
3005 4866 3409 4937 ὲλατομήθητε
3431 4880 3445 4895 ·
3500 4865 3588 4919 τὸν

2021 4953 2268 5026 ’Δϐραάμ
2282 4954 2423 5007 οὕτω
2442 4953 2621 5008 καλῶν
2635 4970 2648 4985 ο
2672 4953 2771 5008 καὶ
2792 4952 2897 5007 τὸν
2911 4953 3183 5018 ,ϐόθυνον
3200 4952 3308 5007 τοῦ
3328 4951 3587 5018 λάκκου,

1998 5045 2076 5119 ,ἐξ
2096 5040 2174 5101 οὗ
2193 5045 2519 5113 ὠρύχθητε*
2539 5043 2636 5114 τὴν
2658 5043 2876 5116 Σάρραν
2896 5041 3070 5106 οὕτως
3086 5040 3390 5111 ὀνομάζων.
3405 5040 3590 5093 Καθά-

2012 5151 2119 5204 περ
2147 5135 2253 5205 γάρ
2278 5137 2307 5187 6
2336 5134 2537 5197 λάκκος
2568 5129 2780 5186 οἴκοθεν
2810 5132 2911 5185 οὐκ
2936 5131 3048 5202 ἔχει
3090 5130 3253 5200 βρύον
3284 5128 3448 5200 ὓδωρ,
3475 5128 3591 5182 ἀλλ’

2014 5223 2079 5275 ἐκ
2113 5220 2221 5275 τῶν
2245 5219 2454 5274 ἄνωθεν
2475 5216 2645 5271 ὑετῶν
2672 5218 2918 5289 δέχεται·
2950 5216 3092 5270 οὕτω
3122 5216 3215 5269 καὶ
3242 5216 3423 5286 ἐκείνη
3454 5213 3592 5286 αὐτὴ

2013 5308 2217 5381 ἔρημος
2247 5303 2380 5362 οὖσα
2407 5307 2690 5377 δυνάμεως
2721 5303 3068 5375 γεννητικῆς,
3101 5302 3305 5358 ἀνωθεν
3334 5302 3435 5374 τὴν
3473 5304 3593 5356 ἐπι-

2080 5540 2105 5581 ὁ
2128 5541 2240 5613 Say.
2263 5541 2312 5613 in
2334 5541 2776 5613 mgrgplenjorgrp
2796 5540 2941 5613 θρὶξ-ι
2957 5539 3227 5613 lec‘lio‘nem'
3242 5541 3340 5589 sic:
3365 5542 3392 5613 ό
3413 5541 3464 5589 δὲ
3479 5556 3597 5613 προ-

2018 5605 2174 5677 φήτης
2188 5602 2364 5677 ἐκεῖνος
2383 5603 2410 5650 ὁ
2433 5604 2593 5677 εἰπῶν,
2607 5603 2774 5674 ὅτιρΤά
2795 5602 2948 5677 ἄδηλα
2968 5602 3048 5649 καὶ
3067 5603 3127 5677 τρι
3145 5602 3318 5675 κρύφια
3335 5609 3419 5660 τῆς
3430 5603 3597 5677 σοφίας

2023 5663 2113 5714 σου
2124 5663 2369 5720 ἐδήλωσας
2393 5679 2490 5724 μοι,
2504 5665 2531 5710 6
2556 5663 2792 5718 τοσαύτης
2803 5663 2972 5725 σοφίας
2986 5663 3377 5727 πεπληρωμένος,
3393 5663 3594 5726 μέλλων.

2093 5739 2115 5766 e
2140 5724 2406 5787 Χρημάτων
2427 5725 2726 5788 περιφάνειαν
2748 5725 2875 5788 R03.
