4018 6268
430 355 439 391 '.
452 344 544 401 332!

449 456 767 526 τηδειῦτητα
788 451 992 519 ταύτην
1012 449 1168 503 ἔλαϐε
1186 464 1200 478 ·
1223 450 1315 503 καὶ
1340 449 1526 517 ῶσπερ
1551 448 1583 516 ή
1610 446 1784 515 πέτρα
1808 438 2016 512 καρπὸν

449 547 550 599 οὐκ
577 544 777 616 ήνεγκέ
809 559 960 605 ποτε,
992 540 1164 604 οὕτως
1191 540 1312 593 οὔτε
1341 541 1369 591 ό
1404 537 1653 608 ’Λϐραάμ
1682 531 1792 597 οἷός
1823 551 1882 585 τε
1912 529 1978 603 ἦν
2002 548 2013 560 ·

452 638 566 691 ἀλλ’
608 635 719 705 ἐγὼ
748 636 892 705 ὑμᾶς
922 632 1132 687 ἐκεῖθεν
1170 631 1489 700 ἐξεκόλαψα,
1521 630 1614 682 καὶ
1646 628 1752 681 ἀπὸ
1783 626 1875 681 τοῦ
1903 625 2020 687 ἐνὸς

436 726 721 791 κτοσαύτας
748 726 1021 793 ἐνέπλησα
1052 724 1251 795 χώρας.
1288 723 1386 775 Διά
1415 720 1571 775 τοῦτο
1613 721 1708 772 καὶ
1739 719 1828 771 τὸν
1865 717 2020 781 Ἱεζε-

458 818 585 889 κιὴλ
612 820 692 881 εἰς
723 817 782 871 τὸ
807 815 986 869 πεδίον
1015 815 1219 882 ἐξάγει,
1255 815 1347 866 καὶ
1376 812 1642 866 δείκνυσιν
1671 808 1817 878 αὐτῷ
1849 806 2021 874 σωρὸν

459 909 665 973 ὀστῶν,
704 907 800 962 και
829 905 1186 976 προφητεύων
1222 906 1492 973 ἀνίστησι,
1538 901 1606 954 τὰ
1655 899 1785 953 ὀστᾶ
1812 896 2023 958 δεικνὺς

461 1000 665 1063 αὐτοῖς,
697 998 791 1051 καὶ
810 998 1003 1065 λέγων,
1026 998 1107 1049 ὅτι
1129 997 1195 1048 El
1232 994 1372 1059 τοὺς
1402 991 1649 1061 νεκροὺς
1674 990 1888 1060 ἐγεῖραι
1920 987 2024 1040 δύ-

460 1106 659 1158 ναμαι,
688 1086 893 1153 ,πολλῷ
919 1084 1159 1156 μᾶλλον
1185 1078 1339 1153 ὑμᾶς
1378 1083 1520 1149 τοὺς
1547 1080 1764 1145 ζῶντος
1803 1080 2024 1146 ἀναγα-

462 1177 608 1246 τεῒν.
676 1176 901 1229 Ἐκεῖνοι
947 1177 1044 1244 μὲν
1094 1174 1297 1236 οὕτως·
1355 1174 1386 1226 ὁ
1441 1171 1498 1224 δὲ
1542 1171 1822 1240 προφήτης
1872 1162 2026 1230 οὗτος

464 1268 581 1332 πῶς
601 1284 615 1331 ;
634 1266 1019 1325 Ἐπίστευσα,
1041 1262 1131 1317 διὸ
1149 1262 1445 1329 ἐλάλησα.
1465 1260 1723 1314 Τουτέστι
1737 1277 1749 1290 ·
1783 1260 2026 1319 Πίστεως

464 1357 620 1428 χρεία
657 1361 792 1426 πρὸς
821 1356 889 1408 τὰ
925 1353 1369 1423 ἐπαγγελλόμενα
1391 1366 1403 1380 ·
1444 1352 1538 1405 καὶ
1568 1351 1677 1419 γὰρ
1710 1348 1819 1417 ἐγὼ
1854 1347 2029 1402 ταῦτα

465 1448 681 1509 ἐννοῶν,
712 1448 807 1499 καὶ
850 1443 1316 1514 ἀναλογιζόμενος,
1347 1442 1440 1494 καὶ
1471 1441 1569 1512 τὴν
1600 1440 1781 1493 πίστιν
1807 1442 2027 1506 εἰσαγα-

464 1539 597 1605 γὼν,
620 1539 794 1591 πάντα
816 1535 1042 1606 θόρυϐον
1070 1534 1354 1605 ἐξήγαγον.
1382 1534 1440 1584 'U
1457 1531 1632 1584 τοίνυν
1653 1531 1860 1592 Παῦλος
1876 1529 2031 1582 τοῦτὸ

465 1646 649 1701 φησιν,
678 1630 760 1682 ὃτι
800 1629 894 1681 καὶ
935 1632 992 1680 ἐν
1027 1629 1140 1689 τοῖς
1169 1624 1457 1695 ἡμετέροις
1484 1624 1596 1684 τοῖς
1637 1623 1911 1691 αἰσθητοῖς
1938 1621 2032 1672 καὶ

464 1720 756 1791 ὁρωμένοις
785 1717 1010 1786 ἀγαθοῖς
1049 1715 1283 1776 πίστεως
1316 1713 1494 1783 χρεία.
1530 1712 1593 1763 Εἰ
1625 1711 1682 1763 δὲ
1721 1712 1778 1761 ἐν
1806 1710 1915 1770 τοῖς
1944 1709 2031 1760 αἰ-

468 1808 704 1878 σθητοῖς,
749 1804 928 1872 πολλῷ
970 1803 1168 1874 μᾶλλον
1202 1805 1258 1854 ἐν
1289 1803 1399 1863 τοῖς
1437 1801 1660 1870 νοεροῖς.
1701 1798 1765 1849 Εἰ
1793 1797 1901 1866 γὰρ
1946 1796 2035 1849 ἵνα

468 1898 888 1962 καταδέξωνται,
910 1897 991 1947 ὅτι
1018 1894 1116 1963 τὴν
1142 1891 1295 1944 πόλιν
1323 1890 1687 1960 ἀπολήψονται
1712 1885 2031 1963 τὴνιαὺτῶν,

472 1986 707 2048 πίστεως
738 1985 920 2045 αὐτοῖς
951 1981 1136 2051 ἐδέησε
1161 1996 1174 2010 ·
1206 1978 1384 2049 πολλῷ
1417 1978 1613 2049 μᾶλλον
1647 1979 1777 2048 ἡμῖν
1804 1978 1917 2040 τοῖς
1946 1977 2035 2029 τὸν

473 2074 700 2145 οὐρανὸν
726 2072 1104 2143 ἀναμένουσιν.
1129 2068 1298 2121 Ὅταν
1324 2066 1431 2137 γάρ
1462 2068 1602 2138 μέγα
1630 2083 1682 2119 τι
1714 2063 1772 2137 ᾖ,
1820 2064 1914 2117 καὶ
1939 2062 2038 2134 τὴν

471 2166 707 2218 διάνοιαν
733 2162 1077 2232 ὑπερϐαῖνον,
1101 2159 1196 2213 καὶ
1219 2158 1491 2227 λογισμῶν
1518 2154 1807 2226 ἀνώτερον,
1835 2153 2038 2223 ταύτην

470 2254 551 2306 δεῖ
578 2251 1046 2323 παραλαμϐάνειν,
1066 2248 1204 2304 ἀλλά
1229 2248 1304 2319 μὴ
1324 2249 1390 2319 τῇ
1413 2244 1728 2318 ἀνθρωπίνῃ
1749 2243 2040 2313 ἀκολουθίᾳ

469 2344 538 2396 τά
560 2343 860 2413 πράγματα
889 2339 1180 2404 ἐξετάζειν.
1206 2339 1270 2391 Ἦ
1289 2338 1394 2407 γάρ
1420 2337 1514 2390 τοῦ
1542 2333 1676 2389 Θεοῦ
1706 2334 2047 2406 0009.01009-

472 2435 566 2501 γία
602 2433 816 2486 πάντων
853 2430 1057 2485 τούτων
1103 2428 1367 2500 ἀνωτέρα.
1408 2428 1569 2482 Ὥστε
1624 2427 1719 2480 καὶ
1763 2425 1852 2479 διὰ
1885 2425 2042 2479 τοῦτο

392 2506 399 2513 ’
471 2522 917 2593 ἐπιστομίζοντας
947 2523 1071 2584 τοὺς
1097 2521 1388 2591 λογισμοὺς
1411 2518 1545 2588 πρὸς
1571 2517 1668 2588 τὴν
1700 2517 1880 2570 πίστιν
1909 2518 2042 2570 ἀνα-

473 2613 690 2685 τρέχειν
718 2613 817 2673 δεῖ,
844 2612 937 2665 καὶ
969 2610 1212 2676 δοξάζειν
1237 2612 1329 2664 τὸν
1357 2610 1507 2662 Θεόν.
1541 2609 1600 2665 Ὀ
1628 2608 1735 2680 γὰρ
1764 2608 2042 2678 λογισμοῖς

474 2704 792 2773 φιλονεικῶν
829 2703 896 2757 τά
933 2703 1145 2756 ἐκείνου
1184 2701 1480 2772 εὑρίσκειν,
1512 2700 1572 2753 οὐ
1610 2697 1821 2763 δοξάζει
1856 2697 2037 2763 αὐτὸν,

470 2799 538 2869 τῇ
567 2797 674 2849 τῶν
712 2795 925 2849 οἰκείων
966 2794 1240 2863 λογισμῶν
1282 2792 1630 2862 ταπεινότητι
1672 2790 1773 2854 τὰς
1804 2790 2042 2859 ἀφάτους

471 2888 779 2957 οἰκονομίας
799 2886 961 2940 αὑτοῦ
990 2884 1276 2939 ὑποϐαλεῖν
1296 2896 1321 2924 ο
1352 2882 1689 2954 βουλόμενος.

547 3070 609 3137 β’.
639 3069 727 3121 Διὸ
758 3067 882 3135 περὶ
911 3063 1004 3118 τοῦ
1054 3062 1304 3134 Ἀϐραὰμ
1331 3046 1708 3129 διαλεγόμενος
1737 3061 1765 3112 ὁ
1813 3055 2040 3121 Παῦλος,

471 3160 657 3231 ἐπειδὴ
689 3161 761 3230 μὴ
790 3157 947 3211 τοῦτο
975 3155 1252 3224 ἐποίησεν,
1281 3151 1394 3205 ἀλλ’
1421 3151 1746 3219 ἐπιτιμήσας
1768 3151 1877 3209 10E;
1906 3147 2045 3216 λογι-

472 3254 646 3323 σμοῖς,
697 3249 830 3320 πρὸς
859 3247 954 3318 τὴν
992 3245 1221 3316 δύναμιν
1253 3238 1360 3296 εἶδε
1394 3240 1486 3295 τοῦ
1528 3237 1998 3308 ἐπαγγειλαμένου
2021 3270 2040 3300 ,

440 3396 441 3399 η
472 3340 622 3413 [διο]
640 3343 721 3394 ὅτι
738 3339 895 3392 τοῦτο
924 3336 1155 3407 μάλιστα
1183 3332 1401 3397 ἐδόξατε
1437 3330 1529 3384 τὸν
1562 3329 1723 3395 Θεὸνῖ
1750 3328 1917 3397 λέγει·
1940 3328 2043 3393 Εις

471 3433 585 3502 γὰρ
630 3432 744 3498 τὴν
789 3428 1153 3498 ἐπαγγελίαν
1192 3424 1301 3481 τοῦ
1355 3421 1502 3477 Θεοῦ
1549 3422 1622 3474 οὐ
1667 3419 1926 3488 διεκρίθη
1968 3415 2043 3485 τῇ

473 3522 744 3587 ἀπιστίᾳ,
766 3518 900 3573 ἀλλ’
917 3516 1333 3585 ἐνεδυναμώθη
1360 3511 1435 3583 τῇ
1454 3512 1673 3577 πίστει,
1695 3508 1839 3575 δοὺς
1857 3507 2044 3574 δόξαν

434 3632 438 3639 λ
474 3609 556 3675 τῷ
586 3608 726 3675 Θεῷ,
758 3609 858 3661 καὶ
892 3605 1385 3675 πληροφορηθεὶς,
1423 3603 1512 3657 ὅτι
1550 3602 1583 3655 ὃ
1627 3601 2041 3671 ἐπηγγείλατο,

473 3702 733 3765 δυνατός
769 3700 900 3753 ἐστι
932 3698 1030 3751 καὶ
1075 3695 1341 3765 ποιῆσαι.
1371 3693 1437 3746 Τί
1480 3692 1537 3745 δέ
1564 3693 1730 3754 ἐστιν,
1765 3692 2045 3759 Ἔχοντες

435 3811 438 3814 ’
474 3793 545 3846 δὲ
577 3792 640 3845 τὸ
666 3790 813 3843 αὐτὸ
838 3787 1080 3856 Πνεῦμα
1103 3784 1211 3854 τῆς
1232 3786 1488 3849 πίστεως
1517 3783 1667 3835 κατὰ
1694 3781 1761 3834 τὸ
1796 3795 2045 3850 γεγραμ-

472 3884 697 3955 μένον·
741 3881 1135 3943 Ἐπίστευσα,
1193 3874 1286 3928 διὸ
1340 3873 1650 3941 ἐλάλησα·
1719 3871 1819 3925 καὶ
1877 3872 2046 3939 ἡμεῖς

475 3974 855 4042 πιστεύομεν,
898 3969 988 4023 διὸ
1018 3968 1117 4024 καί
1147 3966 1491 4034 λαλοῦμενς

547 4153 706 4220 Μέγα
749 4168 802 4203 τι
853 4149 1148 4219 μυστήριον
1196 4146 1324 4215 ἡμῖν
1368 4138 1598 4195 ἐνταῦθα
1652 4137 2046 4193 ἀποκαλύπτει.

477 4250 636 4304 Ποῖον
660 4248 724 4318 δὴ
749 4247 940 4310 τοῦτο;
976 4246 1096 4298 Ὅτι
1130 4242 1225 4295 τοῦ
1260 4238 1424 4295 αὐτοῦ
1460 4236 1773 4308 Πνεύματος
1807 4234 1840 4303 ἡ
1872 4234 2049 4301 Καινὴ

481 4341 578 4394 καὶ
620 4342 656 4409 ἡ
701 4338 933 4401 Παλαιὰ,
965 4337 1059 4390 καὶ
1107 4336 1166 4387 τὸ
1197 4332 1328 4386 αὐτὸ
1360 4329 1612 4405 Πνεῦμα,
1659 4327 1720 4379 τὸ
1765 4328 1822 4378 ἐν
1866 4325 2051 4395 ἐκείνῃ

432 4476 437 4481 .
485 4429 876 4500 φθεγξάμενον,
910 4429 1003 4481 καὶ
1038 4425 1268 4479 ἐνταῦθα
1295 4424 1543 4494 ἐλάλησε,
1573 4420 1668 4475 καὶ
1694 4419 1775 4472 ὅτι
1804 4419 1838 4482 ἡ
1868 4416 2052 4479 πίστις

486 4522 701 4575 πάντων
722 4521 837 4572 ἐστὶ⁸
851 4517 1189 4580 διδάσκαλος,
1216 4517 1307 4570 καὶ
1325 4514 1526 4584 ταύτης
1543 4512 1673 4566 ἄνευ
1693 4510 1812 4563 οὐδὲ
1827 4506 2053 4580 λαλῆσαί

484 4625 539 4661 τι
568 4606 861 4675 δυνάμεθα.
887 4605 994 4658 Καὶ
1020 4605 1188 4673 ἡμεῖς
1219 4605 1346 4674 γάρ,
1373 4602 1528 4674 φησὶ,
1550 4600 1932 4669 πιστεύομεν,
1962 4596 2053 4650 διὸ

486 4699 585 4753 καὶ
602 4696 1035 4765 λαλοῦμεν.“Δν
1052 4695 1161 4766 γὰρ
1189 4694 1390 4763 ταύτην
1414 4693 1627 4762 ἀνέλῃς,
1647 4692 1769 4747 οὐδὲ
1796 4688 2053 4755 διανοῖξαι

486 4791 548 4843 τὸ
581 4787 756 4856 στόμα
782 4786 1024 4840 δυνατόν.
1052 4785 1163 4838 Καὶ
1189 4782 1278 4837 διὰ
1301 4783 1355 4834 τί
1385 4782 1459 4852 μὴ
1500 4778 1680 4848 εἶπεν,
1715 4782 1967 4852 Ἔχοντες
2000 4777 2054 4831 δὲ

486 4883 584 4954 τὴν
606 4879 774 4950 αὐτὴν
796 4876 998 4942 πίστιν,
1019 4875 1153 4938 ἀλλ’,
1170 4876 1452 4944 Ἔχοντες
1482 4872 1549 4927 δὲ
1570 4872 1635 4926 τὸ
1654 4873 1798 4928 αὐτὸ
1814 4871 2057 4940 Πνεῦμα

487 4971 598 5040 τῆς
621 4970 910 5032 πίστει-ιςῖ
944 4964 1129 5019 Ταῦτά
1159 4981 1217 5016 τε
1241 4963 1309 5017 τὰ
1334 4962 1596 5034 εἰρημένα
1621 4961 1816 5033 δηλῶν,
1838 4959 2058 5015 1:01.65:-

489 5064 641 5127 κνὺς,
669 5062 751 5115 ὅτι
782 5060 882 5130 τῆς
909 5058 1003 5112 τοῦ
1040 5055 1357 5126 Πνεύματος
1386 5054 1544 5126 χρεία
1579 5054 1843 5126 χορηγίας
1880 5054 1960 5116 είς
1995 5051 2059 5105 τὸ

489 5155 753 5225 ἀναϐῆναι
782 5151 919 5222 πρὸς
948 5149 1009 5202 τὸ
1042 5147 1175 5218 ὕψος
1207 5148 1305 5217 τῆς
1349 5145 1613 5212 πίστεως,
1652 5146 1746 5199 καὶ
1777 5143 1886 5198 τῶν
1915 5143 2060 5211 λογι-

489 5244 644 5316 σμῶν
690 5243 788 5313 τὴν
826 5239 1106 5295 ἀσθένειαν
1151 5237 1436 5308 ἀτιμάσαι.
1495 5236 1586 5291 Διὸ
1631 5236 1726 5290 καὶ
1758 5234 1989 5306 ἀλλαχοῦ
2031 5234 2061 5288 ὁ

489 5336 651 5399 αὑτός
673 5350 855 5406 φησιν·
901 5330 1164 5396 Ἐκάστῳ
1187 5328 1256 5382 δὲ
1278 5329 1318 5397 ἢ
1344 5329 1675 5399 φανέρωσις
1703 5326 1932 5381 δίδοται
1953 5325 2057 5379 τοῦ

531 5652 558 5681 ⁸
591 5650 739 5698 Savil.
758 5652 1007 5698 ὑπολαϐεῖν
1022 5652 1195 5706 ὶι;ιι)ςι;
1227 5654 1314 5700 sed
1337 5651 1766 5711 recle_snspicalus
1789 5655 1867 5698 es:
1889 5650 2061 5711 legcno

498 5717 609 5763 dum
630 5721 741 5760 esse.
757 5712 1020 5772 ὑποϐαλεῖν,
1045 5720 1093 5760 ul
1116 5713 1263 5773 habet
1280 5713 1436 5762 editio
1455 5709 1665 5761 “orelli.

1147 335 1206 392 S.
1245 332 1528 391 JOANNIS
1565 318 2059 386 CllliYSOSTOMI
2093 317 2410 375 ARCHIEP.
2449 312 2995 372 CONSTANTINOP.

3588 303 3687 360 52?.

2129 433 2470 502 Πνεύματος
2497 431 2643 500 πρὸς
2664 428 2731 484 τὸ
2752 429 3081 499 συμφέρον.
3112 421 3183 496 ⁷ῼ
3203 425 3321 495 μὲν
3340 425 3447 495 γὰρ
3465 422 3564 477 διὰ
3589 419 3691 477 τοῦ

2124 524 2469 592 Πνεύματος
2488 521 2714 576 δίδοται
2749 520 2931 590 λόγος
2957 518 3199 588 σοφίας,
3229 515 3409 584 ἑτέρῳ
3429 511 3499 567 δὲ
3516 513 3694 583 λόγος

2127 611 2420 682 πτώσεως,
2440 612 2608 676 ἄλλῳ
2630 610 2700 664 δὲ
2722 610 2950 676 πίστις,
2970 608 3136 675 ἄλλῳ
3163 607 3506 677 χαρίσματα
3528 601 3694 672 lapa-

2128 719 2263 757 των.
2307 703 2445 756 Ἀλλ’
2476 702 2606 766 ἴσως
2645 701 2788 755 εἴποι
2815 718 2899 765 τις
2935 701 3024 767 ἂν,
3054 702 3191 773 ὅπερ
3226 695 3321 752 οὖν
3362 698 3457 751 καὶ
3502 695 3694 766 ἀληθές

2130 795 2296 857 ἐστιν,
2318 794 2399 846 ὅτι
2429 793 2622 864 ἑτέραν
2639 792 2822 846 πίστιν
2840 793 2993 864 φησὶ,
3015 792 3083 845 δι’
3101 788 3170 864 ἧς
3189 789 3447 860 θαύματα
3466 787 3693 856 ἐγίνετο.

2130 879 2260 934 Οἶδα
2293 882 2386 935 καὶ
2420 880 2550 950 ἐγὼ,
2583 883 2666 936 ὅτι
2692 881 2854 951 έτέρα
2880 880 3086 951 ἐκείνη,
3108 880 3237 951 περὶ
3260 875 3330 950 ἦς
3359 877 3454 931 καὶ
3481 877 3532 930 οί
3566 870 3696 929 ἀπό-

2132 968 2306 1022 στολοι
2335 969 2538 1038 ελεγον·
2564 971 2832 1038 Πρόσθες
2851 969 2996 1039 ἡμῖν
3017 971 3245 1023 πίστιν·
3273 965 3436 1039 ἑτέρα
3456 965 3516 1020 δὲ
3538 965 3695 1037 αὕτη,
3740 974 3746 983 ’

2130 1059 2254 1113 καθ’
2278 1060 2345 1131 ἣν
2372 1061 2570 1124 πάντες
2597 1060 2765 1130 ἐσμὲν
2800 1059 3002 1134 πιστοὶ,
3035 1060 3236 1131 σημεῖα
3271 1058 3369 1129 μὲν
3392 1057 3453 1111 οὐ
3486 1057 3700 1111 ποιοῦν-

2130 1166 2242 1214 τες,
2285 1149 2383 1221 τὴν
2408 1149 2464 1202 δέ
2491 1150 2691 1219 γνῶσιν
2720 1150 2933 1221 ἔχοντες
2966 1150 3064 1222 τῆς
3099 1148 3401 1214 εὐσεϐείας·
3441 1147 3583 1203 ἀλλά
3610 1147 3700 1201 καὶ

2133 1241 2366 1296 ἐνταῦθα
2383 1243 2481 1313 τῆς
2512 1242 2605 1296 τοῦ
2626 1242 2937 1313 Πνεύματος
2967 1242 3125 1314 χρεία
3148 1241 3419 1314 βοηθείας.
3448 1240 3564 1296 Καὶ
3595 1240 3700 1312 γὰρ

2135 1333 2262 1404 περί
2282 1351 2424 1396 τινος
2452 1335 2481 1387 ὁ
2516 1334 2728 1396 Λουκᾶς
2753 1334 2973 1404 γράφει,
3003 1335 3085 1387 δτι
3119 1333 3392 1403 Διήνοιξε
3419 1332 3535 1401 τὴν
3566 1350 3703 1402 καρ-

2134 1427 2273 1479 δίαν
2298 1426 2508 1494 αὐτῆς,
2549 1424 2654 1480 τοῦ
2680 1425 3005 1495 προσέχειν
3049 1425 3173 1491 τοῖς
3212 1425 3558 1494 λεγομένοις
3588 1423 3703 1479 ὑπὸ

2136 1518 2243 1572 τοῦ
2273 1519 2535 1571 Παύλου.
2571 1517 2680 1570 Καὶ
2716 1519 2744 1569 ὁ
2773 1518 3024 1588 Χριστός·
3063 1516 3271 1582 Οὐδεὶς
3297 1516 3533 1585 ἔρχεται
3562 1517 3705 1585 πρός

2131 1625 2229 1677 με,
2262 1609 2370 1662 ἐὰν
2384 1608 2469 1677 μὴ
2506 1612 2539 1662 ὀ
2568 1607 2770 1675 Πατὴρ
2799 1609 3031 1676 ἐλκύσῃ
3056 1609 3259 1662 αὐτόν.
3295 1607 3505 1663 Οὐκοῦν
3539 1611 3587 1661 εἰ
3615 1608 3705 1663 τοῦ

2138 1698 2272 1751 Θεοῦ
2322 1700 2436 1751 ἐστι
2457 1698 2613 1752 τοῦτο
2633 1739 2647 1763 ,
2696 1700 2749 1752 τί
2805 1699 3208 1770 ἁμαρτάνουσιν
3234 1698 3283 1751 οἱ
3317 1695 3669 1760 ἀπιστοῦντες
3689 1737 3703 1761 ,

2145 1791 2280 1860 μήτε
2315 1789 2409 1843 τοῦ
2442 1789 2757 1860 Πνεῦματος
2786 1788 3137 1861 βοηθοῦντος,
3184 1790 3319 1859 μήτε
3361 1789 3456 1843 τοῦ
3500 1789 3709 1860 Πατρδς

2142 1879 2409 1942 ἕλκοντος,
2453 1882 2588 1950 μήτε
2619 1879 2711 1932 τοῦ
2745 1879 2877 1932 Υίοῦ
2909 1878 3264 1950 όδηγοῦντος;
3298 1881 3411 1933 Καὶ
3444 1880 3555 1951 γὰρ
3588 1881 3711 1952 περὶ

2143 1971 2336 2023 ἐαυτοῦ
2375 1987 2559 2040 φησιν·
2612 1971 2751 2039 Ἐγώ
2784 1972 2902 2040 ειμι
2951 1972 2992 2040 ἡ
3037 1970 3199 2037 ὁδός.
3241 1969 3412 2049 τοῦτο
3463 1971 3545 2049 δὲ,
3568 1970 3711 2040 λέγει

2144 2037 2493 2127 ὰικνὺς,νότι
2520 2037 2685 2117 αὐτοῦ
2713 2037 2871 2136 χρεία
2901 2037 2988 2129 είς
3009 2065 3069 2118 τὸ
3097 2037 3475 2138 προσαχθῆναι
3504 2037 3582 2137 τῶ
3604 2037 3714 2121 Πα-

2144 2153 2252 2223 τρί.
2289 2153 2352 2206 Εί
2378 2154 2554 2207 τοίνυν
2579 2157 2606 2207 ὁ
2638 2154 2825 2227 Πατὴρ
2849 2156 3017 2222 ἕλκει,
3056 2157 3085 2209 ό
3109 2156 3234 2221 Υἱὸς
3277 2161 3628 2228 χειραγωγεῖ,
3653 2158 3713 2212 τὺ

2146 2244 2368 2315 Πνεῦμα
2398 2245 2641 2313 φωτίζει,
2664 2246 2715 2299 τί
2745 2248 3145 2319 ἁμαρτάνουσιν
3170 2249 3220 2301 οἱ
3255 2249 3392 2319 μήτε
3423 2248 3712 2302 ἐλκυσθέν-

2145 2349 2256 2397 τες,
2292 2334 2428 2405 μήτε
2458 2336 2977 2411 χειραγωγηθέντες,
3003 2338 3139 2408 μήτε
3164 2337 3564 2406 φωτισθέντεςς
3595 2339 3713 2392 Ὅτι

2152 2425 2226 2494 μὴ
2257 2426 2584 2495 παρέχουσιν
2611 2425 2793 2490 ἀξίους
2831 2426 3058 2490 ἑαυτοὺς
3091 2426 3184 2480 τοῦ
3222 2427 3426 2499 ταύτην
3454 2426 3709 2493 δέξασθαι

2147 2515 2246 2586 τήν
2282 2515 2564 2586 ἐλλαμψιν.
2593 2517 2735 2588 Ὅρα
2778 2516 2908 2585 γοῦν
2949 2517 3041 2569 ἐπὶ
3083 2516 3176 2570 τοῦ
3218 2516 3521 2588 Κορνηλίου
3561 2517 3714 2571 τοῦτο

2151 2606 2380 2677 συμϐάν·
2409 2608 2470 2659 οὐ
2502 2608 2610 2678 γὰρ
2642 2608 2852 2661 οἴκοθεν
2880 2610 3086 2671 ἐκεῖνος
3120 2605 3279 2661 τοῦτο
3317 2603 3496 2679 εὗρεν,
3538 2608 3651 2662 ἀλλ’
3686 2610 3714 2661 ὁ

2149 2698 2280 2763 Θεὸς
2304 2699 2464 2753 αὐτὸν
2497 2699 2777 2764 ἐκάλεσεν,
2804 2699 2990 2771 ἐπειδὴ
3019 2698 3327 2773 προλαϐὼν,
3357 2698 3551 2754 ἑαυτὸν
3569 2698 3715 2766 ἀξιον

2150 2788 2547 2860 παρεσκεύασε.
2589 2789 2689 2843 Διά
2722 2790 2787 2861 δὴ
2825 2788 2985 2843 τοῦτο
3022 2791 3116 2844 καὶ
3154 2790 3183 2843 ὁ
3221 2790 3432 2856 Παῦλος
3470 2791 3601 2864 περὶ
3629 2790 3716 2844 1:!-

2154 2896 2322 2943 στεως
2355 2879 2731 2951 διαλεγόμενος
2754 2880 2929 2949 ἔλεγε·
2949 2881 3059 2936 Καὶ
3094 2881 3268 2936 τοῦτο
3293 2883 3405 2935 οὐκ
3431 2881 3502 2946 ἐξ
3532 2881 3714 2950 ὑμῶν,

2154 2970 2302 3025 Θεοῦ
2353 2971 2418 3025 τὸ
2446 2970 2656 3040 δῶρον.
2704 2971 2778 3025 06
2823 2972 2921 3043 μέν
2968 2971 3172 3043 ἔρημόν
3219 2989 3280 3024 σε
3320 2972 3715 3043 καταλιμπάνει

2153 3060 2609 3131 κατορθωμάτων.
2639 3061 2702 3113 Et
2732 3059 2841 3131 γὰρ
2874 3059 3036 3114 αὑτοῦ
3067 3063 3182 3114 ἐστι
3233 3061 3296 3114 τὸ
3342 3061 3570 3115 ἑλκύσαι
3624 3063 3714 3115 καὶ

2155 3150 2549 3218 ἐπαγαγέσθαι·
2581 3149 2694 3203 ἀλλ’
2715 3150 2862 3220 ὅμως
2891 3151 2984 3203 καὶ
3004 3150 3180 3221 ψυχὴν
3205 3150 3430 3222 εὐπειθῆ
3451 3150 3714 3222 ἐπιζητεῖ,

2154 3241 2246 3294 καὶ
2276 3241 2394 3294 τότε
2422 3241 2519 3311 τὴν
2549 3242 2676 3313 παρ’
2709 3239 2902 3293 ἐαυτοῦ
2934 3240 3250 3310 συμμαχίαν
3278 3241 3508 3309 εἰσάγει.

2224 3474 2313 3529 Διὸ
2339 3474 2429 3526 καὶ
2457 3470 2690 3544 ἀλλαχοῦ
2714 3489 2847 3542 φησι
2866 3468 3097 3535 Παῦλος·
3128 3466 3253 3537 Τοῖς
3270 3468 3416 3523 κατά
3434 3468 3719 3538 πρόθεσιν

2152 3565 2395 3636 κλητοῖς
2423 3561 2621 3622 οὖσιν.
2657 3565 2733 3620 Οὐ
2768 3563 2877 3635 γὰρ
2904 3563 2967 3636 δὴ
2991 3561 3309 3635 ἠναγκάσθη
3346 3562 3416 3618 τὰ
3454 3562 3554 3633 τῆς
3590 3563 3717 3634 ἀρε-

2150 3660 2250 3729 τῆς
2275 3657 2368 3711 καὶ
2402 3659 2499 3727 τῆς
2531 3657 2802 3727 σωτηρίας
2837 3654 2987 3727 [5H]
3022 3654 3199 3725 ήμῶν.
3265 3654 3405 3707 Ἀλλ’
3437 3654 3488 3706 εἰ
3536 3655 3633 3707 καὶ
3661 3653 3720 3705 τὸ

2155 3749 2315 3803 πλέον
2346 3748 2508 3802 αὑτοῦ
2537 3751 2672 3811 ἐστι,
2701 3747 2883 3817 σχεδὸν
2912 3745 2966 3798 δέ
3003 3744 3178 3798 καὶτὸ
3207 3745 3333 3807 πᾶν,
3364 3744 3517 3813 ὅμως
3543 3742 3719 3813 ἀφῆκέ

2153 3858 2207 3891 τι
2231 3841 2323 3893 καὶ
2349 3840 2479 3910 ἡμῖν
2508 3839 2721 3909 μικρὸν,
2769 3835 2908 3889 ὥστε
2947 3837 3042 3889 καὶ⁵
3086 3835 3439 3905 εὐπρόσωπον
3472 3832 3721 3901 γενέσθαι

2153 3930 2262 3983 τῶν
2297 3930 2574 3997 στεφάνων
2612 3930 2711 3998 τὴν
2750 3928 3040 3999 πρόφασιν.
3082 3924 3180 3978 Διά
3214 3924 3278 3994 δὴ
3325 3924 3484 3977 τοῦτο
3515 3922 3719 3985 Παῦλος

2156 4021 2343 4074 εἰπών·
2366 4023 2651 4089 Ἔχοντες
2678 4020 2746 4072 δὲ
2777 4018 2843 4071 τὸ
2863 4015 3009 4071 αὐτὸ
3033 4017 3275 4085 Πνεῦμα
3295 4013 3402 4084 τῆς
3432 4014 3688 4080 πίστεως
3703 4051 3718 4075 ,

2156 4114 2435 4176 τουτέστι,
2469 4114 2528 4164 τὺ
2574 4112 2668 4165 καὶ
2706 4112 2763 4163 ἐν
2804 4113 2869 4181 τῇ
2902 4109 3115 4180 Παλαιᾷ
3152 4107 3411 4178 λαλῆσαν,
3445 4108 3720 4178 ἐπήγαγε·

2158 4204 2268 4260 Καὶ
2295 4203 2463 4273 ἡμεῖς
2499 4205 2879 4272 πιστεύομεν,
2911 4200 3003 4253 διὸ
3043 4200 3143 4254 καί
3170 4199 3496 4270 λαλοῦμεν.
3540 4197 3722 4270 Πολλῷ

2162 4295 2267 4366 γὰρ
2299 4293 2498 4364 μᾶλλον
2538 4292 2771 4347 ἐνταῦθα
2803 4293 3039 4354 πίστεως
3080 4292 3259 4363 χρεία,
3299 4291 3332 4362 ἢ
3369 4292 3505 4355 ἐκεῖ,
3545 4291 3634 4346 διά
3664 4307 3726 4366 τε

2159 4385 2259 4454 τὴν
2305 4382 2466 4452 φύσιν
2500 4381 2610 4435 τῶν
2656 4381 2995 4450 ἐπαγγελιῶν
3032 4381 3280 4452 ἀόρατὸνο
3314 4398 3373 4434 τε
3419 4377 3586 4435 οὖσαν
3635 4362 3726 4435 καὶ

2162 4474 2373 4545 νοεράν,
2402 4474 2492 4527 διά
2519 4491 2578 4526 τε
2614 4472 2713 4544 τὴν
2738 4472 2892 4539 τάξιν
2921 4472 3029 4525 τῶν
3057 4472 3282 4545 καιρῶν.
3323 4474 3396 4527 Οὐ
3429 4474 3539 4546 γὰρ
3572 4475 3633 4528 ἐν
3652 4471 3727 4543 τῷ
3831 4482 3836 4486 ’

2162 4566 2395 4636 παρόντι
2444 4565 2564 4637 βίῳ,
2612 4565 2728 4619 ἀλλ’
2763 4566 2822 4617 ἐν
2854 4564 2931 4637 τῷ
2960 4565 3205 4637 μέλλοντι
3251 4561 3320 4637 ἦν
3345 4564 3416 4619 τὰ
3446 4565 3653 4621 ἔπαθλα
3674 4565 3723 4618 1³.

2162 4655 2378 4711 Μᾶλλον
2415 4655 2472 4709 δὲ
2504 4655 2600 4707 καὶ
2632 4655 2770 4727 ὑπὲρ
2811 4655 2921 4708 τῶν
2950 4654 3233 4726 παρόντων
3270 4654 3506 4719 πίστεως
3533 4654 3724 4725 χρεία·

2163 4750 2256 4803 καὶ
2279 4749 2388 4820 γάρ
2423 4746 2562 4803 αὐτὰ
2583 4747 2651 4800 τά
2676 4746 2925 4817 διδόμενα
2964 4747 3198 4810 πίστεως
3237 4745 3407 4799 ἐδεῖτο
3439 4747 3533 4800 καὶ
3567 4749 3625 4799 ἐν
3655 4745 3729 4817 τῷ

2163 4838 2422 4904 δίδοσθαι,
2465 4839 2502 4910 ή
2547 4854 2608 4891 τε
2657 4837 2766 4892 τῶν
2807 4837 3117 4909 μυστηρίων
3170 4837 3461 4905 κοινωνία,
3520 4838 3616 4892 τοῦ
3672 4854 3731 4891 τε

2167 4928 2537 5000 βαπτίσματος
2563 4929 2596 4998 ἠ
2627 4926 2822 4999 δωρεά.
2845 4927 3000 4982 Οὕτω
3026 4929 3201 4983 πάντα
3224 4927 3381 4996 λόγον
3411 4928 3735 4999 ὁπερέϐαινε

2164 5023 2272 5077 τῶν
2304 5023 2525 5092 ἀγαθῶν
2554 5023 2588 5094 ή
2618 5022 2864 5094 δύναμις.
2888 5023 2953 5076 El
2977 5021 3154 5075 τοίνυν
3182 5021 3241 5075 ἐν
3267 5023 3380 5085 τοῖς
3407 5023 3735 5092 παχυτάτοις

2166 5118 2394 5182 ἐκείνοις
2424 5116 2519 5171 καὶ
2548 5115 2824 5186 αἰσθητοῖς
2855 5112 3091 5178 πίστεως
3135 5112 3275 5177 εδει,
3322 5112 3504 5183 πολλῷ
3536 5112 3736 5184 μᾶλλον

2168 5207 2422 5263 ἐνταῦθα.
2467 5207 2603 5260 Ἀλλ’
2643 5209 2678 5278 ή
2726 5206 2825 5275 μέν
2849 5204 3179 5275 ἀποστολικὴ
3218 5203 3362 5270 λέξις
3419 5203 3519 5274 τὴν
3567 5220 3736 5275 προσ-

2177 5299 2302 5368 ήκου
2311 5314 2404 5351 σαν
2430 5295 2722 5366 ἑρμηνείαν
2746 5294 2982 5365 εἴληφεν·
3010 5294 3128 5365 ῶρα
3152 5293 3335 5347 λοιπὸν
3350 5292 3511 5348 πάλιν
3530 5294 3624 5346 καὶ
3646 5290 3736 5347 ἐπὶ

2167 5390 2267 5460 τὴν
2297 5387 2637 5460 προφητικὴν
2669 5388 2862 5454 ἐλθεῖν,
2905 5387 2999 5441 καὶ
3034 5388 3209 5439 εἰπεῖν
3238 5386 3291 5438 τί
3318 5402 3480 5454 φησιν
3507 5385 3534 5436 ὀ
3562 5382 3736 5453 μαιώ-

2233 5705 2262 5747 ιι
2282 5698 2431 5755 Ξεγίι.
2458 5702 2507 5750 in
2528 5699 2749 5764 margine
2771 5700 2872 5769 6:1);
2896 5698 2943 5747 ἐν
2964 5699 3032 5750 τῶ
3053 5695 3265 5760 μέλλοντί
3286 5696 3375 5745 εἶσι
3398 5695 3456 5742 τὰ
3483 5692 3669 5742 ἔπαθλα.
