4018 6268
252 333 346 390 δίει
1315 322 1666 380 EXPOSITIO
1707 320 1767 374 IN
1808 311 2121 377 PSALMUM
2161 323 2314 378 CXV.

256 451 317 503 Et
343 449 462 502 ideo
491 446 620 500 dicit
649 464 661 500 :
694 442 944 516 Respicite
967 445 1034 496 ad
1060 442 1272 497 solidum
1301 452 1512 510 petram,
1541 456 1603 494 ea:
1621 456 1718 509 qua
1745 455 1832 492 cx-

254 541 342 592 risi
369 538 508 602 estis,
533 536 799 592 Abraham
819 537 888 589 ita
913 549 1110 589 vocans
1141 553 1154 588 :
1183 542 1228 586 et
1253 535 1440 604 fossam
1461 532 1623 594 lacus,
1654 547 1716 584 ea:
1737 546 1834 600 quo

253 628 422 693 effossi
453 629 571 680 estis
593 668 605 689 ,
659 627 872 680 Sarrant
924 625 992 679 ita
1040 626 1320 678 nominans
1350 622 1444 692 (a).
1472 621 1832 689 Quemadmo-

252 720 384 773 dum
417 718 560 772 enim
595 718 744 771 lacus
771 733 960 787 aquam
1005 733 1099 785 per
1142 731 1200 771 se
1231 730 1333 769 non
1367 715 1544 780 habet,
1585 713 1678 768 sed
1715 727 1832 766 eam

253 811 480 878 suscipit
511 825 574 863 ex
604 811 847 877 supernis
891 807 1078 877 pluviis
1108 825 1120 860 :
1152 808 1220 860 ita
1244 807 1401 860 etiam
1433 805 1516 860 illa
1542 820 1662 858 cum
1694 812 1835 858 esset

253 902 455 969 privata
485 899 738 954 facultate
782 898 1050 970 gignendi,
1080 913 1108 950 a
1135 899 1380 968 supernis
1416 899 1624 966 accepit
1648 897 1786 950 illam
1816 912 1830 958 ;

250 1003 304 1046 et
334 988 787 1060 quemadmodum
819 997 964 1057 petra
1013 1003 1296 1058 numquam
1327 989 1554 1041 fructum
1595 986 1734 1052 tulit,
1764 985 1834 1038 ita

255 1096 352 1134 nec
383 1079 523 1134 ferre
551 1088 758 1148 poterat
785 1079 1052 1132 Abraham
1081 1097 1093 1131 :
1123 1094 1220 1146 ego
1244 1088 1417 1133 tamen
1445 1092 1541 1132 vos
1567 1078 1712 1132 illinc
1737 1093 1831 1131 ex-

254 1171 444 1240 culpsi,
478 1182 529 1225 et
560 1187 624 1225 ex
656 1186 763 1224 uno
805 1179 882 1224 tot
908 1179 961 1225 et
1006 1179 1178 1224 tantas
1205 1171 1450 1240 regiones
1500 1169 1733 1238 implevi.
1770 1169 1836 1222 Et

258 1264 378 1316 ideo
408 1262 744 1318 Ezechielem
769 1278 975 1332 quoque
1001 1263 1050 1315 in
1081 1277 1326 1330 campum
1356 1261 1550 1325 educit,
1579 1270 1630 1315 et
1656 1269 1839 1314 osten-

252 1350 328 1404 dit
352 1352 401 1406 ei
430 1353 699 1405 cumulum
727 1352 948 1417 ossium,
980 1361 1034 1406 et
1077 1351 1402 1420 prephetans
1451 1365 1570 1403 ossa
1614 1351 1828 1416 excitat,

251 1441 542 1495 ostendens
563 1442 661 1505 eis,
695 1451 747 1495 et
778 1441 960 1495 dicens
987 1460 1000 1493 :
1033 1440 1093 1495 Si
1120 1457 1324 1510 possum
1343 1441 1561 1494 excitare
1585 1451 1830 1505 mortuos,

251 1535 412 1586 multo
440 1535 600 1604 magis
627 1549 732 1597 vos,
760 1534 844 1599 qui
883 1533 1064 1596 vivitis,
1092 1533 1326 1586 reducere
1353 1532 1564 1603 (Ezech.
1597 1533 1683 1586 57.
1721 1534 1830 1599 15).

250 1622 329 1676 Illi
359 1624 570 1693 quidem
603 1624 678 1677 sic
708 1641 719 1675 :
756 1624 839 1677 hic
867 1632 1042 1678 autem
1072 1623 1325 1692 pr0pheta
1358 1621 1664 1691 quomodo?

331 1735 482 1789 Fidei
528 1737 787 1790 necessitas
815 1737 867 1788 in
897 1736 1328 1804 promissionibus.
1372 1734 1576 1788 Rationi
1601 1735 1835 1787 [mutante

253 1844 358 1880 non
389 1828 701 1881 innitendum
728 1829 779 1880 iu
819 1828 968 1880 rebus
1011 1827 1211 1880 divinis.
1265 1856 1335 1868 -
1379 1825 1602 1892 Credidi,
1631 1838 1834 1896 propter

249 1918 391 1979 quod
441 1918 671 1986 loquutus
716 1934 845 1971 sum.
906 1919 1018 1972 Hoc
1065 1925 1185 1972 est:
1218 1917 1348 1971 Fide
1390 1932 1522 1986 opus
1551 1927 1632 1971 est
1677 1917 1742 1970 ad
1773 1933 1834 1970 ca

248 2023 371 2071 qua:
401 2008 817 2074 promittuntur:
850 2023 948 2076 ego
986 2008 1127 2063 enim
1175 2023 1235 2062 ea
1277 2007 1514 2078 cogitans
1557 2018 1611 2062 et
1655 2009 1834 2062 animo

249 2097 560 2163 revolvens,
596 2098 696 2152 ﬁde
745 2099 1042 2153 introducta
1088 2113 1301 2153 omnem
1349 2099 1525 2167 expuli
1552 2099 1832 2166 perturba-

249 2187 473 2241 tionem.
511 2187 619 2242 lloc
649 2203 776 2257 ergo
804 2189 934 2243 dicit
966 2189 1182 2254 Paulus,
1235 2189 1285 2241 in
1321 2187 1400 2240 his
1442 2188 1745 2254 sensilibus,
1782 2197 1834 2242 et

249 2293 371 2344 (μιτο
402 2279 650 2330 videntur
680 2279 854 2346 bonis,
906 2278 1010 2334 ﬁde
1039 2295 1171 2349 opus
1197 2295 1334 2334 esse.
1369 2279 1518 2346 Quod
1546 2280 1590 2333 si
1621 2279 1672 2332 in
1708 2294 1833 2334 sen-

249 2368 460 2432 silibus,
493 2369 659 2422 multo
681 2370 846 2439 magis
869 2371 918 2423 in
951 2371 1329 2440 spiritualibus.
1354 2369 1406 2424 Si
1427 2371 1566 2424 enim
1595 2379 1654 2424 ut
1683 2385 1833 2424 suam

249 2458 523 2512 civitatem
557 2475 616 2512 se
651 2470 1056 2528 recuperaturos
1086 2461 1446 2524 admitterent,
1476 2461 1553 2516 eis
1581 2461 1672 2514 fuit
1700 2475 1833 2529 opus

251 2548 401 2601 ﬁde:
433 2549 604 2603 multo
644 2551 812 2619 magis
848 2551 1020 2617 nobis,
1067 2552 1157 2620 qui
1206 2552 1395 2606 ctelum
1440 2563 1830 2622 exSpectamus.

244 2638 476 2705 Quando
503 2654 628 2709 ergo
655 2649 736 2693 est
771 2641 968 2710 aliquid
997 2657 1265 2711 magnum,
1294 2653 1347 2698 et
1376 2643 1517 2713 quod
1553 2642 1832 2714 cogitatio-

247 2747 371 2784 nem
401 2743 456 2786 et
482 2733 739 2785 rationem
780 2744 1020 2801 superat,
1051 2743 1259 2803 oportet
1297 2751 1412 2789 eam
1453 2751 1749 2802 assumere,
1779 2747 1834 2791 et

247 2837 360 2876 non
387 2822 620 2877 humano
651 2825 840 2878 ordine
862 2841 946 2879 res
967 2827 1291 2881 examinare.
1321 2827 1665 2884 Admirabilia
1689 2831 1831 2883 enim

249 2914 346 2967 Dei
375 2929 534 2984 Opera
562 2925 687 2969 sunt
714 2917 777 2970 iis
807 2917 1054 2971 omnibus
1082 2917 1374 2986 superiora.
1405 2918 1628 2987 Oportet
1656 2920 1833 2990 itaque

245 3019 350 3058 ora
399 3006 688 3060 rationibus
738 3007 1078 3063 obstruentcs
1117 3009 1182 3062 ad
1235 3009 1391 3064 ﬁdem
1445 3026 1743 3076 accurrere,
1779 3022 1833 3067 et

250 3096 424 3149 Deum
452 3095 614 3165 gloria
646 3095 882 3152 afﬁcere.
917 3098 1013 3166 Qui
1043 3100 1184 3153 enim
1215 3100 1419 3155 ratione
1444 3102 1716 3156 contendit
1747 3118 1833 3157 res

242 3187 316 3240 ad
349 3187 494 3240 illum
519 3196 820 3256 spectantes
852 3188 1110 3253 invenire,
1139 3206 1473 3260 nequaquam
1509 3207 1630 3246 eum
1658 3194 1830 3262 gloria

241 3275 436 3342 afﬁcit,
467 3286 524 3331 ut
547 3279 636 3347 qui
676 3279 938 3334 ratiocinii
966 3281 1046 3334 sui
1077 3280 1359 3338 humilitati
1387 3284 1515 3339 velit
1543 3286 1829 3342 inelfabilia

241 3367 367 3435 ejus
394 3369 708 3422 (economize
733 3370 952 3424 consilia
972 3371 1258 3440 subjicere.

317 3481 371 3533 2.
420 3480 541 3534 ideo
563 3481 628 3534 de
653 3481 920 3535 Abraham
948 3497 1158 3553 quoque
1188 3485 1412 3555 loquens
1454 3487 1670 3554 Paulus,
1695 3505 1831 3558 quo-

242 3573 392 3626 niam
427 3587 531 3625 non
563 3571 666 3625 hoe
695 3571 853 3639 fecit,
885 3575 977 3627 sed
1005 3590 1130 3629 suas
1172 3577 1407 3632 rationes
1435 3578 1832 3648 reprehendens

238 3662 487 3728 respexit
505 3661 569 3713 ad
595 3662 883 3729 potentiam
906 3663 1023 3731 ejus
1044 3665 1130 3733 qui
1157 3674 1238 3720 est
1259 3666 1543 3736 pollicitus,
1571 3678 1624 3723 et
1649 3680 1829 3726 osten-

237 3753 383 3806 dens
411 3767 532 3805 eum
555 3751 651 3804 hac
676 3753 880 3806 ratione
909 3754 1078 3808 Deum
1108 3757 1334 3809 maxima
1366 3757 1531 3827 gloria
1561 3759 1824 3827 affecisse,

237 3845 374 3898 dicit
404 3862 416 3896 :
442 3843 508 3896 In
539 3845 868 3913 promissione
894 3848 1026 3899 enim
1054 3845 1151 3900 Dei
1181 3863 1280 3901 non
1311 3848 1560 3902 Itazsitavit
1586 3852 1825 3906 incredu-

239 3938 409 4002 litate,
439 3936 527 3988 sed
552 3936 750 3990 ualidus
789 3941 956 4008 [actus
985 3948 1058 3991 est
1082 3940 1212 4007 ﬁde,
1245 3939 1374 3993 dans
1397 3942 1612 4011 gloriam
1637 3943 1762 4008 Deo,
1781 3953 1828 3998 et

237 4039 379 4080 certo
404 4043 706 4093 persuasus,
726 4029 888 4097 ipsum
918 4029 1054 4098 quod
1079 4029 1334 4098 pollicitus
1359 4040 1430 4086 est
1448 4074 1463 4098 ,
1504 4049 1650 4103 posse
1678 4035 1828 4089 etiam

238 4124 416 4188 facere
443 4117 615 4187 (Rom.
653 4119 703 4173 4.
723 4118 812 4173 20.
834 4119 949 4188 2|).
967 4119 1104 4186 Quid
1133 4136 1290 4189 porro
1318 4132 1420 4189 est,
1448 4124 1697 4180 Habentes
1737 4144 1830 4180 au-

238 4220 341 4264 tem
371 4211 599 4263 eumdem
630 4209 880 4278 Spiritum
895 4211 1036 4278 ﬁdei,
1055 4214 1180 4265 sicut
1204 4215 1443 4284 scriptum
1469 4226 1540 4270 est
1562 4234 1580 4271 :
1602 4218 1825 4284 Credidi,

239 4311 453 4372 prepter
497 4303 631 4371 quod
679 4303 908 4372 loquutus
951 4319 1101 4357 sum:
1131 4314 1177 4358 et
1215 4321 1305 4360 nos
1341 4308 1592 4363 credimus
1620 4322 1829 4382 prapter

237 4394 380 4463 quod
404 4403 449 4446 et
482 4394 733 4463 loquimur
764 4393 838 4465 (2.
869 4393 988 4448 Cor.
1015 4395 1222 4465 4.15)?

314 4505 543 4573 Spiritus
571 4503 705 4557 idem
731 4505 987 4573 utriusque
1015 4505 1322 4562 Testamenti
1347 4511 1603 4566 conditor.
1634 4511 1813 4566 Gratia

237 4595 305 4647 ad
323 4595 478 4660 ﬁdem
495 4595 870 4648 necessaria.—
897 4595 992 4650 llic
1023 4597 1176 4651 nobis
1213 4613 1460 4669 magnum
1481 4602 1685 4657 revelat
1708 4618 1826 4672 my-

238 4687 484 4739 sterium.
510 4684 787 4751 Quodnam
816 4685 918 4740 hoc
937 4687 959 4740 ?
980 4687 1228 4756 Ejusdem
1250 4704 1370 4745 esse
1384 4690 1610 4760 Spiritus
1633 4710 1827 4750 novum

241 4786 295 4828 et
331 4775 499 4828 Vetus
535 4773 932 4829 Testamentum
965 4794 978 4830 :
1027 4785 1082 4832 et
1124 4779 1367 4833 eumdem
1419 4780 1711 4850 Spiritum,
1739 4787 1826 4854 qui

241 4875 315 4918 est
370 4868 422 4918 in
455 4879 520 4919 eo
567 4865 837 4934 loquutus,
863 4866 947 4920 hic
987 4883 1198 4938 quoque
1245 4869 1517 4939 loquutum
1564 4887 1723 4939 esse,
1765 4890 1828 4932 ac

245 4954 400 5010 ﬁdem
446 4971 566 5009 esse
611 4956 846 5010 omnium
893 4958 1220 5027 magistram,
1252 4973 1353 5014 nec
1386 4963 1586 5031 absque
1614 4978 1676 5017 ea
1729 4979 1826 5020 nos

242 5046 510 5115 quidpiam
561 5061 734 5116 posse.
788 5045 852 5101 Et
897 5065 985 5103 nos
1041 5051 1216 5115 enim,
1275 5050 1484 5120 inquit,
1538 5054 1823 5120 credimus,

243 5144 287 5188 et
337 5137 450 5190 ideo
494 5137 766 5206 loquimur.
817 5139 874 5192 Si
929 5153 1045 5193 eam
1094 5139 1235 5194 enim
1281 5141 1554 5196 sustuleris
1579 5183 1594 5206 ,
1654 5159 1720 5198 ne
1765 5159 1826 5199 os

242 5229 454 5296 quidem
505 5231 713 5300 aperire
764 5247 1068 5302 possumus.
1095 5235 1269 5302 Quare
1307 5244 1483 5291 autem
1532 5252 1636 5292 non
1670 5238 1822 5302 dixit,

244 5322 511 5380 [labentes
555 5335 732 5381 autem
777 5328 1018 5382 eamdem
1073 5328 1404 5397 ﬁdem,sed,
1429 5329 1682 5386 Habentes
1727 5350 1823 5387 au-

302 5477 373 5547 (q)
403 5485 514 5547 sar:
534 5477 734 5547 quidem
754 5479 934 5547 sterilis
945 5485 1072 5547 erat,
1087 5481 1340 5547 referente
1356 5483 1609 5546 Scriptura.
1635 5492 1690 5534 Αι
1706 5498 1824 5547 quo-

241 5539 494 5609 modopigi
516 5539 669 5609 [mssit
689 5541 919 5609 Abraham
941 5539 1092 5590 fuisse
1114 5543 1352 5609 sterilem,
1376 5553 1426 5593 et
1454 5539 1549 5593 non
1573 5539 1823 5609 magisfgi-

241 5599 416 5670 gnendi
443 5598 672 5670 {multato
696 5602 963 5662 praeditum,
989 5615 1132 5670 quam
1172 5598 1408 5670 lapidem,
1434 5598 1824 5670 quandoquidem

243 5665 349 5766 im
359 5667 492 5767 gara:
514 5669 722 5711 mortem
742 5669 886 5712 aetate
909 5664 1132 5726 grandior
1150 5664 1239 5715 seti
1265 5665 1388 5716 ﬁlios
1407 5664 1622 5731 suscepit
1642 5664 1709 5720 ex
1732 5679 1821 5721 ce-

263 5730 344 5766 ura

3419 334 3523 389 322

1941 448 2036 491 tem
2087 441 2314 493 eumdem
2363 441 2609 509 Spiritum
2638 442 2803 512 ﬁdei?
2835 444 2896 498 Et
2945 461 3006 499 ea
3037 461 3156 516 qua:
3203 448 3340 504 dicta
3399 465 3519 506 sunt

1938 531 2260 600 signiﬁcans,
2302 545 2352 586 et
2406 534 2694 589 ostendens
2738 549 2872 604 Opus
2923 552 3044 591 esse
3097 542 3520 608 suppeditatione

1938 619 2168 688 Spiritus
2199 622 2262 675 ad
2301 624 2766 679 conscendendum
2813 626 2878 679 ad
2909 627 3240 682 altitudinem
3285 629 3439 698 ﬁdei,
3468 644 3524 689 et

1936 711 2359 780 vilipendendam
2391 715 2655 769 rationum
2701 717 3142 772 imbecillitatem.
3171 718 3239 772 Et
3261 719 3380 774 ideo
3410 723 3522 792 ipse

1937 818 2148 873 quoque
2179 806 2303 860 alibi
2332 805 2460 860 dicit
2492 823 2506 860 :
2538 806 2818 876 Unicuique
2843 819 3008 862 autem
3034 812 3373 882 manifestatio
3396 812 3524 884 Spi-

1937 895 2064 948 ritus
2089 895 2240 948 datur
2261 897 2328 949 ad
2347 897 2630 951 utilitatem.
2660 899 2762 952 Alii
2793 901 2924 953 enim
2963 918 3051 969 per
3076 901 3332 970 Spiritum
3371 903 3528 957 datur

1937 1001 2099 1038 sermo
2121 988 2490 1055 sapientite,alii
2512 999 2676 1042 autem
2689 1006 2851 1042 sermo
2873 991 3115 1051 scientiaz,
3135 991 3228 1044 alii
3243 1009 3356 1046 vero
3375 995 3524 1060 ﬁdes,

1937 1075 2028 1128 alii
2047 1088 2212 1131 autem
2234 1079 2368 1131 dona
2396 1080 2714 1133 sanationum
2742 1079 2814 1149 (2.
2847 1079 2963 1133 Cor.
2988 1081 3074 1134 l2.
3105 1083 3260 1153 7-9).
3281 1083 3385 1138 Sed
3417 1085 3520 1137 for-

1941 1175 2082 1222 tasse
2109 1169 2304 1223 dixerit
2331 1171 2613 1239 quiSpiam,
2641 1171 2780 1240 quod
2811 1172 2968 1225 etiam
2999 1189 3184 1227 verum
3215 1183 3318 1240 est,
3350 1175 3523 1244 ipsum
3567 1178 3569 1180 ’

1938 1259 2096 1312 aliam
2139 1260 2316 1315 dicere
2361 1261 2539 1326 ﬁdem,
2564 1277 2660 1330 per
2689 1277 2845 1331 quam
2867 1263 3062 1318 ﬁebant
3097 1265 3370 1318 miracula.
3398 1264 3523 1320 Scio

1938 1365 2037 1419 ego
2066 1365 2276 1420 quoque
2306 1352 2464 1405 aliam
2493 1367 2612 1407 esse
2637 1351 2817 1418 ﬁdem,
2851 1353 2918 1407 de
2957 1369 3060 1424 qua
3105 1356 3331 1424 apostoli
3380 1356 3525 1411 dice-

1936 1440 2088 1506 bant,
2112 1441 2292 1512 Adjice
2322 1443 2465 1496 nobis
2495 1443 2647 1513 ﬁdem
2680 1442 2828 1515 (Luc.
2856 1446 2942 1499 17.
2973 1447 3027 1514 5)
3055 1465 3068 1500 :
3093 1456 3148 1500 et
3175 1448 3330 1501 aliam
3366 1448 3522 1515 hanc,

1937 1545 2033 1599 per
2079 1547 2238 1600 quam
2284 1547 2471 1586 sumus
2512 1549 2700 1588 omnes
2730 1534 2949 1601 ﬁdeles,
2984 1537 3131 1605 signa
3162 1538 3374 1606 quidem
3421 1555 3525 1593 non

1939 1619 2223 1685 facientes,
2258 1621 2352 1675 sed
2401 1621 2654 1677 habentes
2692 1625 3050 1692 cognitionem
3095 1627 3302 1694 pietatis
3336 1646 3346 1680 :
3381 1629 3525 1698 atqui

1938 1711 2024 1765 hic
2077 1727 2288 1782 quoque
2319 1721 2400 1767 est
2435 1715 2586 1768 nobis
2614 1731 2748 1783 opus
2777 1717 2974 1770 auxilio
3015 1717 3267 1785 Spiritus.
3314 1718 3522 1773 Etenim

1937 1803 2004 1856 de
2033 1803 2261 1871 quadam
2289 1803 2473 1857 scribit
2494 1804 2684 1867 Lucas,
2719 1806 2926 1872 Aperuit
2954 1823 3040 1858 cor
3060 1809 3167 1876 ejus
3186 1849 3199 1871 ,
3225 1820 3280 1860 ut
3303 1809 3525 1862 attende-

1938 1903 2009 1946 ret
2033 1909 2110 1957 ea,
2139 1909 2254 1959 qua:
2282 1893 2620 1947 dicebautura
2647 1892 2814 1948 Paulo
2843 1895 2981 1964 (Act.
3009 1896 3093 1950 l6.
3131 1898 3240 1966 14).
3277 1899 3339 1951 Et
3369 1897 3524 1952 Chri-

1938 1993 2049 2038 stus
2075 2003 2088 2040 :
2124 1983 2173 2038 Ν
2182 2002 2288 2038 emo
2317 1987 2448 2040 venit
2475 1985 2542 2038 ad
2564 2002 2660 2053 me,
2685 1987 2782 2040 nisi
2812 1985 2968 2041 Pater
2983 1990 3191 2042 traxerit
3212 2005 3324 2042 eum
3343 1987 3523 2060 (Joan.

1938 2078 1990 2132 6.
2023 2079 2134 2146 44).
2165 2077 2221 2132 Si
2254 2079 2354 2132 hoc
2400 2093 2528 2148 ergo
2575 2080 2665 2133 Dei
2719 2088 2820 2145 est,
2846 2081 3113 2150 quomodo
3161 2092 3383 2150 pectant
3431 2085 3522 2153 qui

1938 2185 2046 2223 non
2077 2170 2340 2237 credunt,
2373 2186 2492 2225 cum
2525 2185 2624 2225 nec
2652 2171 2892 2240 Spiritus
2909 2187 3063 2241 opem
3090 2171 3254 2238 ferat,
3280 2189 3378 2229 nec
3420 2175 3524 2228 Pa-

1940 2269 2018 2313 ter
2046 2259 2237 2325 trahat,
2258 2275 2356 2316 nec
2379 2260 2430 2313 in
2458 2261 2595 2314 viam
2616 2261 2845 2315 deducat
2866 2263 3068 2316 Filius?
3093 2263 3164 2318 De
3186 2265 3361 2333 seipse
3381 2267 3523 2320 enim

1937 2350 2063 2403 dicit
2092 2370 2103 2402 :
2138 2351 2248 2421 Ego
2276 2368 2387 2405 sum
2415 2353 2494 2404 via
2525 2353 2542 2421 (
2571 2352 2727 2406 Joan.
2760 2355 2844 2408 Li.
2874 2353 2906 2408 6
2934 2356 2974 2423 ).
3024 2354 3137 2409 Hoc
3175 2365 3352 2411 autem
3397 2357 3526 2413 dicit

1938 2442 2228 2497 ostendens
2274 2458 2332 2498 se
2374 2457 2506 2512 opus
2534 2459 2654 2499 esse
2701 2446 2766 2498 ad
2817 2445 2918 2500 hoc
2965 2453 3023 2500 ut
3081 2446 3411 2503 adducantur
3456 2451 3524 2505 ad

1938 2533 2174 2588 Patrem.
2196 2534 2249 2589 Si
2280 2551 2406 2605 ergo
2433 2536 2588 2590 Pater
2616 2537 2796 2605 trahit,
2828 2538 2990 2594 Filius
3021 2539 3265 2606 deducit,
3295 2540 3526 2612 Spiritus

1939 2623 2218 2691 illuminat,
2249 2626 2371 2692 quid
2413 2635 2633 2694 peccant
2661 2629 2749 2697 qui
2781 2643 2952 2698 neque
2982 2629 3134 2684 tracti
3164 2640 3317 2695 sunt,
3348 2644 3520 2700 neque

1937 2713 2182 2780 deducti,
2214 2731 2312 2770 nec
2353 2717 2676 2771 illuminati‘!
2708 2718 2968 2784 Quoniam
3004 2735 3108 2773 non
3153 2721 3390 2788 prmbent
3434 2736 3524 2776 se-

1938 2804 2082 2872 ipsos
2110 2805 2321 2875 dignos,
2347 2817 2402 2860 ut
2425 2821 2542 2860 eam
2568 2807 2860 2877 suscipiant
2903 2809 3366 2866 illuminationem.
3394 2811 3526 2867 Vide

1938 2910 2066 2964 ergo
2123 2897 2224 2949 hoc
2273 2897 2517 2951 evenisse
2561 2898 2844 2952 Cornelio:
2880 2914 3054 2968 neque
3107 2900 3248 2954 enim
3293 2899 3394 2956 hoc
3437 2901 3525 2956 ille

1936 2985 2076 3052 apud
2102 3001 2160 3040 se
2189 2985 2422 3051 invenit,
2451 2987 2543 3042 sed
2572 3003 2692 3042 cum
2726 2988 2864 3043 Deus
2888 2989 3114 3055 vocavit,
3139 2992 3385 3060 quoniam
3412 2992 3525 3062 ipse

1939 3092 2319 3146 prieoccupans
2340 3119 2354 3144 ,
2383 3079 2616 3147 seipsum
2648 3079 2864 3148 dignum
2897 3079 3124 3135 reddidit
3152 3082 3286 3153 (Act.
3318 3083 3428 3152 10).
3458 3083 3524 3138 Et

1938 3168 2056 3222 ideo
2085 3168 2280 3222 Paulus
2306 3185 2518 3238 quoque
2556 3169 2620 3223 de
2663 3169 2767 3224 ﬁde
2802 3171 3095 3237 disserens,
3126 3173 3294 3226 dixit:
3325 3173 3393 3229 Et
3431 3176 3523 3228 liae

1937 3275 2035 3312 non
2056 3276 2119 3313 ea:
2145 3259 2298 3321 vobis,
2333 3259 2429 3312 Dei
2456 3269 2527 3313 est
2546 3260 2734 3313 donum
2765 3261 2980 3331 (Ep/tes.
3011 3262 3066 3315 2.
3097 3263 3172 3332 8).
3205 3263 3314 3319 Nec
3345 3273 3522 3319 tamen

1937 3359 1988 3404 10
2012 3351 2262 3420 relinquit
2291 3367 2514 3405 vacuum
2546 3351 2701 3407 bonis
2728 3353 3041 3408 actionibus.
3089 3354 3200 3408 Etsi
3231 3356 3372 3409 enim
3407 3357 3524 3425 ejus

1935 3451 2016 3496 est
2047 3442 2259 3494 trahere
2280 3451 2333 3494 ct
2355 3441 2609 3497 inducere
2644 3459 2656 3494 :
2689 3443 2920 3496 animam
2945 3453 3118 3498 tamen
3146 3445 3370 3514 requirit
3398 3461 3518 3515 qua:

1937 3544 2138 3582 morem
2170 3539 2340 3599 gerat,
2367 3540 2418 3584 et
2447 3530 2600 3584 facile
2630 3540 2813 3600 pareat
2845 3549 2858 3584 :
2889 3540 2942 3586 et
2971 3540 3096 3587 tunc
3121 3547 3274 3587 suum
3300 3533 3524 3590 adhibet

1935 3620 2206 3673 auxilium.

2017 3707 2182 3762 Virtus
2204 3718 2249 3764 ct
2272 3711 2408 3763 salus
2432 3720 2601 3764 nostra
2631 3711 2912 3764 necessitati
2942 3727 3042 3765 non
3063 3713 3346 3782 subjaceut.
3394 3713 3524 3768 Fide

1936 3803 2096 3870 magis
2126 3819 2250 3871 opus
2282 3805 2461 3855 habent
2493 3801 2768 3856 Christiani
2795 3820 2946 3872 quam
2971 3804 3521 3872 olimJudtei.—Quo-

1933 3893 2072 3946 circa
2099 3894 2219 3947 alibi
2240 3909 2450 3962 quoque
2471 3894 2596 3948 dicit
2614 3890 2806 3947 Paulus
2833 3912 2843 3946 :
2871 3895 3163 3948 Secundum
3195 3899 3512 3966 propositum

1933 3989 2115 4035 vocatis
2134 3983 2486 4053 (liom.8.28).
2506 3983 2686 4052 Neque
2710 3984 2851 4037 enim
2867 3984 3050 4048 virtus,
3068 4001 3168 4041 nec
3183 3986 3324 4040 salus
3342 3996 3476 4040 nosti
3490 4003 3520 4042 a

1936 4078 2238 4131 necessitati
2256 4075 2648 4145 subjacet.Nam
2669 4078 2769 4132 etsi
2793 4077 3020 4131 maxima
3048 4093 3190 4146 pars,
3207 4088 3362 4147 atque
3379 4079 3515 4132 adeo

1935 4165 2047 4220 fere
2063 4175 2227 4220 totum
2247 4166 2363 4235 ejus
2381 4168 2468 4232 sit,
2488 4166 2736 4235 exiguum
2759 4167 2884 4236 quid
2912 4175 3085 4222 tamen
3111 4168 3261 4221 nobis
3281 4169 3512 4237 reliquit,

1935 4265 1994 4311 ut
2019 4257 2208 4312 dandae
2249 4272 2462 4312 coronae
2499 4258 2741 4325 speciosa
2783 4257 2852 4310 sit
2877 4257 3107 4310 occasio.
3156 4257 3221 4311 Et
3253 4258 3369 4312 ideo
3396 4273 3516 4312 eum

1935 4349 2160 4404 dixisset
2201 4349 2441 4404 Paulus:
2481 4347 2733 4401 Habentes
2776 4356 2942 4400 autem
2983 4350 3210 4400 eumdem
3263 4347 3517 4418 Spiritum

1935 4442 2054 4509 ﬁdei
2076 4441 2150 4510 (2.
2183 4440 2301 4496 Cor.
2333 4441 2388 4494 4.
2423 4440 2534 4510 15),
2559 4439 2660 4493 hoc
2683 4447 2798 4505 est,
2830 4438 2918 4508 qui
2949 4439 3106 4493 etiam
3155 4439 3405 4510 loquutus
3434 4454 3517 4494 est

1935 4532 1988 4585 in
2010 4531 2206 4595 Veteri,
2239 4530 2514 4599 subjunxit
2544 4548 2557 4584 :
2591 4528 2660 4583 Et
2686 4546 2780 4584 nos
2817 4531 3106 4596 credimus,
3141 4541 3346 4600 propter
3379 4533 3518 4600 quod

1935 4633 1980 4678 et
2002 4624 2275 4691 loquimur.
2317 4622 2478 4676 Multo
2499 4623 2644 4677 enim
2669 4623 2835 4693 magis
2863 4622 2947 4676 hic
2975 4621 3079 4677 ﬁde
3103 4638 3235 4693 opus
3261 4625 3519 4681 habemus

1933 4729 2092 4782 quam
2151 4713 2276 4777 illic,
2308 4721 2360 4766 et
2407 4721 2622 4782 propter
2673 4721 2912 4766 naturam
2960 4715 3367 4781 promissorum,
3398 4733 3517 4786 qute

1933 4806 2032 4860 sub
2059 4805 2225 4858 visum
2255 4821 2358 4858 non
2390 4803 2617 4868 cadunt,
2651 4805 2742 4858 sed
2771 4805 2882 4858 sola
2911 4813 3086 4858 mente
3118 4807 3504 4875 percipiuntur;

1933 4907 1987 4949 et
2029 4903 2246 4966 propter
2284 4894 2522 4947 ordinem
2571 4903 2891 4962 temporum.
2947 4893 3061 4946 Non
3116 4896 3260 4948 enim
3310 4895 3362 4948 in
3411 4897 3515 4948 vita

1935 4987 2216 5055 praesenti,
2244 4986 2334 5040 sed
2371 4989 2420 5039 in
2456 4985 2635 5039 futuro
2665 4997 2819 5040 erunt
2852 4987 3088 5054 praemia.
3119 4984 3230 5040 imo
3252 5000 3378 5038 vero
3404 4993 3518 5038 erat

1933 5078 2091 5130 etiam
2122 5090 2255 5146 opus
2276 5076 2378 5130 ﬁde
2405 5091 2501 5144 pro
2523 5076 2875 5145 praesentibus
2906 5093 2917 5126 :
2945 5074 3143 5128 etenim
3172 5089 3232 5128 ea
3264 5075 3374 5143 ipsa
3398 5088 3515 5142 quae

1933 5167 2196 5222 dabantur
2224 5168 2347 5232 ﬁde,
2377 5167 2479 5222 ﬁde
2500 5181 2634 5236 opus
2662 5167 2946 5229 habebant,
2977 5164 3140 5218 etiam
3161 5163 3287 5217 dum
3313 5162 3516 5216 daban-

1935 5268 2042 5324 tur,
2075 5275 2267 5329 nempe
2303 5268 2356 5313 ct
2386 5259 2760 5329 mysteriorum
2810 5257 3115 5311 communio
3137 5297 3151 5318 ,
3176 5265 3230 5309 et
3267 5255 3513 5323 baptismi

1932 5353 2151 5407 donum.
2179 5351 2252 5404 lta
2283 5365 2497 5404 omnem
2522 5350 2785 5406 rationem
2813 5348 3100 5417 superabat
3121 5349 3200 5401 vis
3223 5349 3506 5404 bonorum.

1933 5445 1989 5500 Si
2016 5447 2191 5514 itaque
2221 5443 2272 5496 in
2295 5443 2639 5501 crassissimis
2664 5428 2769 5497 illis
2811 5451 2865 5497 et
2891 5442 3230 5497 sensibilibus
3261 5443 3362 5499 ﬁde
3393 5454 3512 5500 crat

1933 5552 2085 5606 opus,
2121 5537 2288 5589 multo
2313 5534 2482 5604 magis
2507 5533 2616 5589 hic.
2640 5534 2748 5590 Sed
2791 5533 3080 5604 apostolica
3120 5535 3337 5606 quidem
3387 5553 3512 5590 scn-

1935 5628 2098 5681 tentia
2112 5625 2518 5681 convenientem
2541 5625 2745 5695 acc-epit
2763 5626 3250 5694 interpretationem
3270 5647 3282 5683 :
3303 5636 3511 5696 tempus

1940 5732 2019 5776 est
2047 5731 2257 5788 autem,
2287 5727 2342 5774 ut
2368 5717 2648 5774 redeamus
2691 5718 2756 5773 ad
2798 5719 3127 5789 prophetiam
3150 5764 3162 5787 ,
3194 5731 3242 5776 et
3273 5720 3509 5775 dicamus
