4018 6268
503 353 610 412 325

504 465 632 538 quid
659 464 788 520 dicit
832 462 921 518 hic
957 462 1164 518 beatus.
1186 457 1342 524 Quid
1373 469 1501 525 ergo
1518 452 1681 507 dicit?
1706 445 1926 508 Credidi,
1958 455 2080 512 pro-

503 567 615 627 pter
638 556 773 625 quod
793 555 1027 625 loquutus
1051 566 1182 606 sum.
1206 547 1364 618 Atqui
1387 545 1520 599 nihil
1544 552 1667 598 erat
1689 541 1864 596 adhuc
1892 541 2080 606 loquu-

506 658 594 701 tus
615 689 629 712 ,
658 646 752 700 sed
781 645 911 699 dicit
936 643 987 697 id
1015 642 1155 712 quod
1195 648 1375 694 mente
1415 640 1527 707 jam
1554 652 1584 690 a
1609 650 1667 690 se
1696 634 1894 688 dictum
1944 639 2079 684 erat.

506 738 641 807 Quid
665 747 748 791 est
772 745 948 789 autem
971 732 1112 801 quod
1140 732 1249 800 jam
1271 730 1469 784 dictum
1492 727 1697 781 fuerat?
1724 721 2077 790 Cu-m,inquit,

507 832 649 885 illam
672 828 1028 883 calamitatem
1064 834 1117 880 et
1143 823 1417 879 Judaicam
1441 820 1586 875 illam
1619 816 1928 888 tragoediam
1966 814 2083 867 ani-

495 906 593 977 ino
618 922 922 989 agitassem.
955 917 1211 985 illumque
1239 914 1509 968 interitum
1544 919 1597 965 et
1621 909 1884 964 excidium
1915 916 2085 962 extre-

507 1026 756 1079 tuamque
785 1010 1110 1072 vastitatem,
1143 1020 1247 1059 non
1276 1002 1555 1072 desperavi
1588 1001 1702 1054 fore
1727 994 1827 1065 ,ιιι
1853 1013 1941 1053 res
1965 1013 2084 1050 tnu-

509 1112 712 1158 taretur
737 1106 792 1155 in
824 1100 1051 1153 melius:
1081 1098 1188 1150 imo
1233 1109 1363 1149 vero
1408 1104 1463 1147 et
1500 1092 1748 1161 speravi,
1777 1099 1833 1143 et
1872 1103 2086 1142 annun-

508 1198 655 1260 tiavi,
684 1203 738 1250 et
768 1195 1017 1261 loquutus
1041 1205 1179 1245 sum.
1207 1187 1339 1242 Nam
1381 1196 1436 1242 et
1479 1187 1530 1239 in
1564 1184 1831 1253 prioribus
1859 1182 2087 1236 Psalmis

508 1289 674 1343 multa
698 1288 764 1341 de
783 1287 865 1339 lns
888 1283 1113 1339 disserui
1140 1298 1154 1347 ;
1188 1281 1437 1350 loquutus
1462 1294 1581 1332 sum
1604 1286 1779 1331 autem
1806 1284 1858 1329 et
1882 1289 2088 1327 annun-

513 1380 639 1434 tiavi
668 1396 697 1432 a
725 1377 830 1432 ﬁde
857 1375 1120 1432 eruditus.

583 1474 638 1526 5.
679 1470 828 1525 Alius
855 1476 1055 1532 autem,
1084 1463 1173 1534 qui
1199 1478 1303 1517 non
1337 1473 1419 1516 est
1449 1462 1515 1514 ab
1540 1474 1601 1513 ea
1632 1456 1787 1512 valde
1809 1455 2049 1509 eruditus
2070 1491 2084 1517 ,

515 1561 641 1616 vide
673 1558 941 1626 quomodo
967 1556 1229 1610 claudicet
1257 1564 1312 1607 et
1337 1552 1696 1622 perturbetur.
1720 1548 1851 1602 Nam
1884 1547 1982 1601 etsi
2006 1544 2089 1598 di-

512 1657 584 1710 cit
632 1655 780 1707 illum
833 1651 1103 1706 Psalmum
1161 1647 1347 1713 David,
1382 1660 1487 1699 non
1530 1653 1704 1696 tamen
1758 1656 1823 1694 ex
1861 1651 2089 1709 persona

514 1746 747 1817 prepria,
773 1742 865 1797 sed
900 1754 1124 1794 narrans
1153 1752 1338 1792 eorum
1362 1777 1375 1801 ,
1420 1734 1511 1804 qui
1554 1732 1889 1796 claudicant,
1929 1727 2089 1782 animi

513 1838 965 1910 perturbationes,
998 1834 1078 1887 sic
1103 1832 1273 1885 dixit:
1306 1830 1471 1893 Quam
1496 1824 1815 1880 bonus'Deas
1845 1821 2010 1876 Israel
2032 1821 2093 1874 iis

515 1932 597 2001 qui
622 1938 736 1984 sunt
763 1937 893 1981 recto
915 1926 1085 1978 corde.
1118 1922 1220 1975 Mei
1264 1930 1431 1973 autem
1458 1934 1582 1989 pene
1618 1917 1739 1969 moti
1778 1924 1894 1968 sunt
1922 1914 2090 1984 pedes,

521 2037 644 2080 pene
668 2018 813 2085 ἐπειδὶ
840 2026 953 2069 sunt
977 2030 1178 2086 gressus
1207 2012 1303 2065 mei
1333 2010 1501 2082 (Psal.
1530 2007 1717 2077 72.2):
1740 2020 1845 2060 non
1874 2006 2097 2074 loquens

518 2113 584 2167 de
607 2111 828 2180 pedibus
850 2117 905 2163 et
927 2107 1216 2178 gressibus,
1236 2104 1328 2159 sed
1356 2103 1423 2158 de
1446 2098 1934 2157 ratiocinationibus
1954 2096 2100 2152 clau-

518 2202 837 2255 dicentibus.
880 2197 1105 2252 Causam
1154 2206 1329 2249 autem
1372 2192 1644 2261 subjunxit
1692 2190 1921 2245 dicens:
1957 2186 2097 2253 Quo-

521 2291 655 2345 niam
678 2290 834 2344 zelavi
863 2300 1069 2359 propter
1096 2287 1293 2356 iniquos
1309 2283 1468 2357 (Ibid.
1497 2298 1545 2335 υ.
1577 2284 1654 2351 '5),
1681 2282 1781 2336 hoc
1805 2290 1888 2336 est
1914 2279 2101 2334 videns

510 2383 773 2438 'llorentes
798 2379 1073 2444 barbaros,
1102 2378 1338 2446 dejectos
1365 2386 1542 2430 autem
1568 2381 1624 2428 et
1652 2372 1844 2428 fractos
1863 2372 2097 2427 Judaeos.

524 2475 588 2529 Et
615 2471 879 2543 quodnam
905 2484 1070 2540 genus
1097 2469 1225 2522 dicit
1250 2464 1684 2521 claudicationis?
1712 2462 1783 2516 Et
1799 2463 1908 2516 dixi
1927 2477 1946 2515 :
1971 2461 2105 2515 Fru-

524 2575 630 2622 stra
654 2580 771 2634 ergo
785 2561 1063 2634 justificavi
1090 2576 1177 2612 cor
1201 2574 1387 2624 meum,
1424 2566 1469 2610 et
1512 2556 1610 2610 lavi
1649 2557 1778 2609 inter
1818 2556 2104 2608 innocentes

526 2670 705 2707 manus
736 2669 868 2706 meas
894 2651 997 2721 (lb.
1026 2665 1072 2703 υ.
1110 2648 1219 2720 15).
1248 2649 1313 2702 Ει
1338 2647 1588 2717 quidnam
1615 2647 1786 2714 ipsum
1812 2644 2098 2714 impulerit,

527 2753 587 2800 ut
614 2746 729 2799 haec
771 2744 992 2806 diceret,
1016 2741 1151 2796 dicit
1183 2758 1195 2792 :
1229 2739 1476 2805 Quoniam
1499 2754 1611 2791 ecce
1647 2737 1699 2790 hi
1743 2746 2025 2807 peccatores
2059 2742 2106 2789 et

523 2837 762 2905 ﬂorentes
803 2840 858 2885 in
899 2834 1139 2886 steculum
1163 2828 1479 2883 obtinuerunt
1506 2828 1704 2882 divitias
1728 2826 1886 2898 (Ibid.
1914 2841 1961 2880 ν.
1993 2824 2105 2895 12).

531 2927 734 2982 Deinde
760 2926 879 2979 vide
900 2924 1165 2994 quomodo
1189 2924 1423 2991 seipsum
1443 2936 1627 2976 rursus
1651 2920 1871 2989 colligit.
1894 2918 1956 2973 Si
1975 2919 2111 2971 dice-

531 3017 668 3083 bam,
695 3015 912 3069 narrabo
936 3015 1007 3068 sic
1036 3030 1054 3067 :
1079 3013 1191 3066 Hoc
1218 3014 1359 3065 labor
1383 3021 1477 3078 est,
1508 3010 1698 3079 inquit,
1731 3020 1847 3063 ante
1872 3024 1950 3062 me
1968 3048 1982 3073 ,
2015 3007 2108 3061 do-

537 3122 627 3159 nec
647 3106 898 3175 ingressus
927 3103 1107 3174 fuerim
1152 3103 1204 3155 in
1230 3101 1570 3154 sanctuarium
1598 3100 1714 3164 Dei,
1746 3109 1792 3152 et
1831 3096 2110 3166 intelligam

533 3197 589 3250 in
609 3203 831 3249 extrema
858 3195 1079 3264 ipsorum
1100 3191 1260 3261 (Ibid.
1284 3208 1331 3244 υ.
1358 3190 1564 3260 15-17).
1586 3191 1736 3257 Quod
1759 3199 1934 3243 autem
1963 3188 2110 3255 dicit,

536 3295 621 3343 est
671 3278 977 3356 ejusmodi:
1010 3284 1286 3348 Vexabar,
1338 3282 1610 3351 afﬁigebar
1657 3282 1710 3335 in
1754 3280 2113 3335 ratiocinatio-

538 3376 864 3433 nibus.Tale
888 3375 1012 3446 quid
1050 3375 1190 3457 enim
1232 3382 1315 3429 est
1341 3372 1693 3428 ratiocinatio.
1729 3371 1925 3427 Deinde
1967 3372 2112 3442 cogi-

535 3468 643 3522 tavi
675 3482 761 3521 me
789 3467 961 3521 facere
981 3481 1094 3520 rem
1116 3465 1455 3519 laboriosam.
1474 3464 1548 3519 De
1570 3464 1633 3518 iis
1652 3463 1796 3519 enim
1819 3463 2113 3534 inquirens,

540 3557 673 3616 nihil
704 3566 889 3627 potero
905 3557 1035 3611 certi
1066 3557 1222 3621 scire,
1237 3555 1406 3610 donec
1418 3571 1504 3610 me
1517 3556 1568 3610 in
1594 3556 1814 3624 patriam
1832 3569 2111 3624 recepero.

612 3668 712 3723 Res
741 3668 861 3736 ﬁdei
888 3684 989 3722 non
1017 3668 1385 3722 committenda:
1418 3669 1652 3722 humanis
1675 3669 1973 3725 rationibus.
2023 3669 2120 3724 Fi—

540 3760 628 3815 des
653 3776 797 3815 saera
826 3775 1034 3812 ancora.
1056 3789 1127 3799 —
1152 3758 1311 3812 Vides
1335 3766 1589 3827 quantum
1615 3760 1685 3813 sit
1715 3760 2004 3829 periculum
2030 3775 2118 3815 res

542 3855 665 3909 ﬁdei
694 3855 999 3922 permittere
1026 3851 1273 3905 humanis
1299 3852 1595 3905 rationibus
1614 3892 1628 3915 ,
1653 3859 1708 3904 et
1732 3866 1838 3904 non
1871 3852 2034 3906 ﬁdei?
2063 3850 2119 3906 Si

542 3945 630 3999 ille
653 3943 794 3998 enim
826 3943 1012 3997 fuisset
1041 3942 1224 3996 ﬁrmus
1265 3952 1317 3994 et
1352 3954 1605 3996 constans
1628 3943 1681 3995 in
1714 3942 1816 3997 ﬁde
1835 3984 1850 4008 ,
1874 3959 1979 3997 non
2006 3943 2122 3998 haec

542 4035 729 4089 fuisset
756 4035 1002 4103 loquutus
1022 4075 1036 4099 ,
1066 4048 1170 4086 non
1200 4031 1387 4086 fuisset
1416 4033 1752 4101 perturbatus
1780 4051 1795 4086 :
1824 4047 1928 4086 non
1969 4047 2119 4087 com-

545 4126 675 4180 moti
728 4133 908 4181 essent
959 4124 1074 4193 ejus
1121 4122 1313 4193 pedes,
1366 4137 1473 4176 non
1510 4131 1692 4177 essent
1739 4121 2122 4192 propemodum

545 4217 697 4273 cﬁ'usi
738 4231 951 4286 gressus
989 4216 1125 4287 ejus.
1149 4215 1255 4270 Sed
1306 4232 1409 4268 non
1451 4216 1521 4268 ita
1571 4214 1657 4269 hic
1702 4215 1994 4285 propheta,
2029 4214 2124 4269 sed

544 4324 694 4368 stans
722 4328 880 4383 supra
922 4321 1130 4382 petram
1160 4326 1266 4366 non
1297 4309 1744 4375 conturbabatur,
1773 4308 1866 4364 sed
1908 4322 1994 4363 res
2035 4307 2127 4362 Ju—

550 4403 786 4457 dmorum
819 4401 1003 4455 videns
1033 4402 1099 4455 ita
1125 4417 1244 4456 esse
1274 4401 1518 4463 affectas,
1551 4416 1639 4456 res
1667 4410 1845 4454 autem
1876 4400 2129 4454 barbaro-

548 4509 665 4547 rum
694 4507 867 4557 secus,
887 4492 953 4545 de
982 4492 1151 4546 reditu
1183 4492 1323 4546 clara
1352 4508 1482 4548 voce
1510 4493 1881 4562 constantique
1902 4500 1955 4546 et
1982 4499 2125 4547 certa

554 4594 735 4637 tuente
765 4583 1066 4651 frequenter
1095 4584 1415 4652 praedicabat
1466 4587 1517 4637 in
1561 4585 1740 4639 multis
1773 4585 1998 4640 Psalmis
2030 4603 2044 4639 :
2075 4595 2128 4640 ct

551 4674 706 4725 valde
732 4672 1047 4737 conlidebat,
1078 4689 1175 4728 nec
1201 4675 1339 4727 vires
1365 4676 1729 4742 barbarorum,
1755 4691 1853 4731 nec
1873 4676 2127 4730 vilitatem

552 4761 857 4817 Sullanorum
886 4762 1187 4826 attendens,
1218 4763 1311 4816 sed
1343 4762 1435 4817 Dei
1484 4767 1793 4833 potentiam,
1822 4766 1909 4836 qui
1947 4779 2008 4818 ea
2048 4773 2130 4818 est

554 4852 841 4924 pollicitus.
874 4851 938 4904 Et
978 4852 1095 4905 ideo
1125 4852 1278 4918 dicit,
1312 4853 1531 4916 Credidi,
1562 4867 1765 4924 propter
1788 4856 1922 4926 quod
1949 4856 2130 4923 loquu-

552 4956 632 4998 tus
659 4958 772 4996 sum
792 4959 811 4995 :
832 4958 921 5012 ego
950 4951 1115 4995 autem
1142 4942 1431 4996 humiliatus
1457 4960 1567 4997 sum
1594 4945 1758 4998 ualde.
1785 4946 1934 5000 Alius
1959 4946 2084 5000 dicit
2112 4963 2124 4999 :

557 5036 667 5107 Ego
693 5035 862 5104 utique
891 5034 1101 5106 amictus
1138 5050 1248 5088 sum
1277 5034 1440 5089 valde.
1471 5034 1524 5090 ἓ.
1561 5035 1670 5105 Ego
1696 5053 1808 5089 vero
1830 5038 1938 5089 dixi
1958 5038 2012 5091 in
2040 5053 2130 5091 ea:-

552 5145 692 5183 eessu
724 5143 830 5182 meo
850 5169 865 5191 ,
898 5126 1077 5182 Omnis
1103 5127 1249 5180 [tanta
1274 5127 1509 5181 mendax.
1539 5129 1719 5195 Alius,
1753 5128 1818 5182 Et
1847 5130 1954 5183 dixi
1977 5130 2135 5184 animi

553 5209 764 5286 anxius,
802 5219 978 5274 Omnis
1005 5220 1153 5273 homo
1175 5219 1432 5272 mentitur.
1471 5218 1566 5275 Hic
1588 5217 1707 5273 ﬁdei
1734 5219 1986 5289 splendor
2013 5236 2132 5274 rur-

553 5325 646 5365 sus
675 5309 993 5376 ostenditur,
1022 5308 1164 5381 quod
1199 5324 1267 5365 ne
1315 5309 1618 5380 magnitudo
1660 5310 1872 5380 quidem
1921 5310 2137 5366 calami-

557 5403 680 5455 tatis
698 5416 818 5456 eum
849 5402 1171 5471 praecipitem
1200 5399 1409 5455 dederit
1429 5400 1483 5455 in
1506 5400 1954 5470 desperationem.
1983 5401 2138 5472 Ejus-

560 5491 703 5547 modi
731 5493 871 5547 euim
902 5509 988 5549 res
1016 5503 1098 5548 est
1121 5494 1250 5549 ﬁdes
1281 5511 1295 5549 :
1323 5504 1404 5548 est
1444 5492 1684 5561 qumdam
1715 5508 1865 5548 sacra
1903 5507 2096 5548 ancora
2117 5534 2132 5558 ,

558 5598 679 5652 quae
715 5583 944 5654 undique
972 5596 1233 5642 sustentat
1272 5597 1501 5641 mentem
1544 5602 1661 5657 qua:
1687 5586 1738 5640 ei
1778 5586 2015 5641 adhaeret
2042 5603 2058 5641 :
2084 5594 2141 5641 et

564 5681 691 5727 tunc
717 5675 947 5729 maxime
987 5676 1282 5734 ostenditur
1318 5678 1529 5748 quando
1570 5678 1634 5731 .in
1679 5679 1906 5737 maxima
1954 5693 2132 5733 rerum

1281 346 1340 402 S.
1359 337 1653 400 'JOANNIS
1687 324 2161 390 CIIRYSOS'I'OMI
2200 321 2516 378 ABCIIIEP.
2540 319 3091 376 ~CONSTAN'HNOP.

3661 320 3767 374 524

2187 433 2501 488 difﬁcultate
2542 436 2595 490 ei
2625 431 2943 502 persuadet,
2975 424 3063 501 qui
3111 429 3200 488 illa
3247 443 3329 490 est
3377 432 3669 504 praeditus,
3711 448 3767 489 ut

2186 524 2381 582 bonam
2406 544 2559 598 spem
2588 527 2779 586 habeat
2798 569 2815 597 ,
2840 529 3062 599 expulsa
3093 528 3245 583 turba
3278 528 3763 583 ratiocinationutu.

2187 618 2339 685 Ωαοά
2367 621 2482 690 ipse
2506 638 2717 692 quoque
2742 623 3047 693 signiﬁcans
3067 663 3081 688 ,
3112 622 3240 675 dicit
3268 638 3281 672 :
3314 620 3425 691 Ego
3452 629 3620 673 autem
3647 621 3769 690 afﬂi-

2186 719 2432 765 ctussum
2458 715 2606 766 nimis
2634 709 2775 768 :lioc
2802 722 2901 775 est,
2923 713 3087 767 Valde
3110 712 3327 782 quidem
3356 712 3585 767 afﬂictus
3610 726 3728 766 sum
3751 754 3767 778 ,

2188 802 2285 858 sed
2311 819 2418 858 non
2438 804 2740 874 deSperavi,
2758 820 2857 860 nec
2884 805 3118 859 animum
3148 804 3339 872 abjcei.
3370 804 3572 858 Deinde
3591 814 3771 859 osten-

2189 891 2322 947 dens
2348 907 2407 947 se
2435 909 2540 949 non
2567 894 2733 949 fuisse
2754 894 3090 949 solummodo
3114 894 3370 948 afﬂictum
3392 934 3408 960 ,
3440 892 3537 948 sed
3571 895 3772 962 gravis-

2189 985 2323 1039 sime
2348 984 2604 1041 afﬁictum
2625 1027 2639 1051 ,
2671 986 2941 1055 subiunxit
2968 986 3152 1040 dicens
3182 983 3333 1055 :Ego
3363 994 3534 1038 autem
3574 984 3687 1037 dixi
3720 986 3773 1037 in

2190 1092 2393 1131 excessu
2418 1094 2526 1131 utea
2547 1093 2566 1130 :
2598 1078 2774 1131 Omnis
2802 1077 2951 1132 homo
2976 1077 3214 1129 mendax.

2268 1166 2521 1222 Excessus
2540 1166 2685 1236 quid.
2743 1167 2911 1222 Homo
2939 1184 3028 1221 cur
3051 1169 3249 1220 dicatur
3270 1166 3509 1220 inaudax.
3534 1196 3607 1206 —
3636 1164 3768 1228 Quid

2190 1268 2294 1325 est,
2319 1257 2384 1312 In
2412 1274 2618 1312 excessu
2644 1258 2867 1313 mem/In
2899 1274 3125 1325 summa,
3157 1258 3346 1328 inquit,
3372 1254 3696 1321 calamitate.
3718 1267 3773 1309 ει

2193 1349 2391 1418 ingenti
2433 1350 2691 1402 malorum
2740 1351 3120 1418 magnitudine.
3147 1351 3315 1403 Tanta
3369 1350 3547 1413 enim,
3582 1349 3770 1418 inquit,

2193 1455 2285 1494 me
2301 1440 2491 1493 adorta
2514 1449 2595 1493 est
2621 1442 2863 1502 teutatio,
2888 1449 2946 1493 ut
2973 1455 3250 1495 excessum
3293 1448 3348 1492 et
3377 1455 3593 1509 gravem
3619 1454 3775 1508 sopoo

2193 1547 2309 1587 rem
2338 1533 2392 1586 in
2424 1548 2512 1587 me
2536 1532 2796 1602 injiceret.
2829 1533 2968 1586 Dicit
3008 1533 3151 1587 enim
3194 1532 3285 1586 hic
3314 1547 3618 1596 excessum,
3650 1532 3776 1587 alie-

2195 1623 2462 1677 nationem
2489 1638 2520 1677 a
2544 1637 2726 1690 sensu,
2751 1638 2869 1693 quae
2894 1640 2959 1678 ex
2976 1625 3129 1679 malis
3150 1625 3338 1679 oritur.
3361 1624 3497 1679 Nam
3517 1624 3588 1679 de
3607 1625 3773 1679 Adam

2195 1730 2408 1785 quoque
2434 1715 2649 1784 quando
2676 1716 2871 1770 dicitur
2899 1715 3040 1770 Deus
3078 1716 3366 1770 immisisse
3409 1717 3463 1770 in
3511 1730 3637 1770 eum
3688 1730 3778 1773 ex-

2198 1821 2408 1862 cessum
2431 1806 2582 1879 (Gen.
2607 1806 2662 1861 2.
2688 1805 2780 1877 21)
2801 1847 2817 1873 ,
2851 1807 3025 1860 innuit
3067 1805 3352 1875 quamdam
3380 1822 3410 1861 a
3439 1788 3603 1861 sensu
3645 1806 3776 1861 alie-

2197 1898 2495 1953 nationem.
2530 1898 2761 1952 Ecstasis
2789 1898 2954 1963 enim,
2985 1912 3080 1952 seu
3112 1911 3364 1952 excessus
3390 1897 3604 1961 dicitur,
3634 1909 3779 1951 extra

2199 2004 2260 2044 se
2289 2004 2407 2045 esse
2433 1990 2685 2059 positum.
2710 1988 2984 2045 lmmissus
3012 1999 3193 2044 autem
3222 1998 3336 2044 erat
3362 1997 3473 2044 tum
3502 2004 3777 2054 excessus,

2199 2098 2269 2138 ne
2296 2082 2520 2139 sentiret
2556 2098 2676 2138 cum
2703 2080 3002 2139 auferretur
3017 2090 3164 2136 costa
3182 2122 3197 2146 ,
3232 2096 3331 2136 nec
3360 2096 3426 2137 ex
3452 2096 3514 2135 ea
3543 2096 3605 2135 re
3633 2080 3781 2135 dolo-

2201 2192 2316 2233 rem
2338 2185 2593 2247 caperet:
2624 2191 2687 2232 ea
2724 2176 2934 2230 ratione
2957 2176 3097 2231 Deus
3127 2174 3396 2229 suﬁ‘urans
3421 2187 3642 2229 sensum
3668 2190 3782 2226 mo-

2200 2270 2390 2336 lestiae,
2424 2285 2491 2325 ne
2512 2277 2739 2337 accepto
2764 2267 2951 2322 dolore
2982 2266 3182 2321 factum
3222 2266 3273 2320 id
3304 2281 3445 2335 aegre
3478 2265 3669 2332 ferret,
3690 2264 3785 2319 im-

2204 2362 2350 2416 misit
2373 2363 2425 2415 in
2454 2376 2576 2415 eum
2602 2374 2902 2415 excessum.
2934 2358 3003 2413 Et
3027 2373 3213 2413 rursus
3239 2358 3365 2412 alibi
3397 2375 3412 2411 :
3439 2357 3633 2414 Cecidit
3654 2399 3669 2423 ,
3704 2357 3785 2410 in-

2203 2454 2340 2523 quit,
2371 2469 2522 2523 super
2550 2453 2686 2521 ipsos
2705 2467 2935 2506 excessus
2961 2448 3097 2521 (Act.
3127 2449 3214 2505 10.
3241 2450 3353 2519 10).
3380 2449 3657 2518 Signiﬁcat
3681 2447 3786 2502 illic

2202 2561 2424 2616 gravem
2450 2545 2732 2615 quemdam
2760 2557 3008 2613 soporem
3027 2585 3043 2611 ,
3075 2551 3132 2598 et
3157 2558 3187 2596 a
3217 2556 3380 2597 sensu
3408 2541 3782 2597 remotionent.

2200 2641 2472 2695 Excessus
2509 2652 2668 2707 porro
2721 2636 2773 2690 id
2801 2635 2995 2704 ubique
3039 2633 3320 2703 signiﬁcat.
3367 2632 3452 2687 Fit
3493 2640 3674 2686 autem
3705 2632 3783 2685 vel

2211 2734 2322 2788 Deo
2366 2732 2420 2787 id
2455 2732 2701 2797 faciente,
2724 2729 2810 2784 vel
2853 2728 3113 2783 malorum
3161 2725 3530 2796 magnitudine
3573 2738 3787 2793 gravem

2211 2839 2461 2895 soporem
2489 2839 2552 2878 ac
2581 2832 2849 2890 torporem
2867 2818 3143 2874 afferente.
3173 2817 3321 2871 Solet
3342 2816 3486 2870 enim
3513 2814 3789 2871 calamitas

2212 2933 2331 2974 esse
2359 2932 2516 2971 causa
2547 2928 2797 2971 excessus
2822 2921 2878 2968 et
2899 2912 3129 2980 soporis.
3158 2910 3258 2964 Hic
3278 2924 3407 2979 ergo
3435 2909 3565 2963 dicit
3608 2922 3792 2962 exces-

2215 3027 2332 3068 sum
2361 3053 2376 3078 ,
2426 3007 2844 3080 magnitudinem
2888 3006 3151 3059 malorum
3206 3016 3327 3073 qua:
3375 3016 3498 3060 eum
3554 3015 3786 3070 oceupa-

2215 3111 2357 3158 runt.
2386 3102 2523 3170 Quid
2553 3110 2634 3155 est
2655 3108 2831 3154 autem
2859 3098 2998 3166 quod
3027 3094 3193 3161 dicit,
3232 3093 3411 3148 Omnis
3458 3094 3607 3146 homo
3652 3108 3790 3146 uten-

2215 3197 2319 3250 dax
2342 3196 2367 3248 .9
2393 3195 2630 3249 Nemone
2658 3207 2819 3245 verax
2840 3190 2864 3243 ?
2883 3187 3162 3256 Quomodo
3192 3201 3320 3255 ergo
3362 3184 3463 3240 Job
3499 3184 3791 3253 descriptus

2219 3296 2302 3344 est
2336 3286 2427 3340 Vir
2450 3302 2621 3352 uerax,
2661 3287 2849 3355 justus,
2877 3281 3142 3351 religiosus
3169 3278 3287 3351 (Job
3316 3278 3484 3347 1.1)?
3508 3275 3645 3343 Quid
3671 3288 3793 3330 vero

2218 3379 2458 3434 dicemus
2484 3375 2549 3430 de
2576 3372 2891 3444 prophetis?
2920 3370 2978 3426 Si
3023 3370 3098 3425 illi
3136 3369 3280 3425 enim
3325 3367 3631 3432 mendaces,
3661 3374 3717 3420 et
3744 3365 3795 3419 in

2221 3470 2286 3525 iis
2306 3483 2426 3539 qua:
2450 3467 2704 3521 dixerunt
2734 3463 2853 3524 falsi
2878 3469 3021 3527 sunt,
3046 3460 3224 3516 omnia
3248 3468 3497 3530 pereunt.
3514 3458 3650 3525 Quid
3673 3470 3795 3512 vero

2221 3559 2529 3615 Abraham?
2557 3556 2682 3626 quid
2705 3555 2833 3624 justi
2864 3552 3087 3608 omnes?
3113 3551 3273 3606 Vides
3297 3559 3553 3620 quantum
3582 3548 3654 3603 sit
3690 3563 3798 3603 ma-

2222 3650 2354 3713 lum,
2381 3650 2424 3703 si
2454 3648 2614 3702 dictio
2638 3646 2813 3701 solum
2841 3645 3129 3713 accipiatur
3148 3682 3161 3704 ,
3196 3650 3250 3697 et
3276 3655 3382 3695 non
3410 3654 3602 3695 sensus
3624 3638 3800 3694 cousi-

2224 3741 2473 3796 deretur?
2500 3737 2635 3805 Quid
2666 3745 2749 3791 est
2777 3751 2902 3805 ergo
2930 3732 3070 3804 quod
3107 3732 3259 3798 dixit,
3281 3728 3458 3784 Oumis
3487 3730 3635 3782 homo
3667 3744 3801 3782 men-

2208 3833 2373 3887 -dax?
2404 3831 2458 3885 Id
2481 3829 2622 3899 quod
2652 3830 2765 3897 ipse
2805 3825 2935 3880 dicit
2962 3824 3090 3878 alibi
3119 3839 3134 3877 :
3167 3821 3337 3875 Homo
3377 3820 3587 3873 vanitati
3618 3819 3802 3872 similis

2228 3929 2391 3996 factus
2416 3933 2488 3981 est
2517 3919 2689 3992 (Psal.
2724 3920 2844 3974 MS.
2889 3917 2965 3987 4).
2988 3914 3142 3982 Quod
3183 3915 3340 3967 etiam
3384 3912 3521 3967 alius
3548 3911 3801 3980 propheta

2227 4015 2398 4070 dixit:
2433 4012 2609 4067 Omnis
2654 4026 2772 4069 caro
2819 4013 3040 4079 finitum,
3093 4014 3140 4059 et
3183 4006 3347 4059 omnis
3385 4002 3548 4073 gloria
3590 4002 3804 4056 hominis

2227 4105 2371 4177 quasi
2417 4106 2512 4173 ﬂos
2548 4102 2666 4170 [mni
2690 4099 2839 4171 (Isai.
2869 4097 2957 4152 40.
2978 4097 3032 4167 6)
3061 4114 3075 4148 :
3108 4096 3212 4149 hoc
3259 4104 3361 4158 est,
3389 4109 3477 4148 res
3524 4092 3803 4155 vilissima,

2229 4192 2598 4265 prteterﬁuens
2614 4233 2629 4257 ,
2656 4188 2845 4245 similis
2870 4186 3071 4267 umbra:
3091 4225 3107 4252 ,
3139 4185 3347 4242 somnio
3369 4225 3386 4248 ,
3408 4192 3461 4237 et
3485 4182 3642 4236 alicui
3673 4182 3805 4234 ima-

2229 4285 2360 4356 gini.

2312 4374 2363 4429 4.
2394 4373 2461 4427 Ει
2490 4381 2548 4425 ιιι
2590 4371 2728 4425 scias
2770 4383 2854 4422 me
2892 4381 2999 4422 non
3040 4365 3146 4420 levi
3175 4364 3479 4434 conjectura
3522 4361 3811 4415 adductum

2233 4466 2348 4519 hinc
2388 4464 2585 4527 dicere,
2619 4461 2754 4515 alius
2795 4460 3054 4526 interpres
3092 4456 3245 4522 dixit,
3294 4453 3505 4510 Falsum
3542 4454 3640 4524 (ιι),
3674 4453 3812 4507 alius

2233 4567 2430 4618 autem,
2474 4552 2737 4613 Mentitur,
2765 4550 2918 4613 alius,
2966 4547 3206 4612 Fallitur,
3258 4546 3413 4610 alius,
3462 4544 3663 4614 Deﬁcit.
3698 4543 3811 4598 Hoc

2234 4654 2410 4700 autem
2455 4642 2677 4697 multum
2717 4642 2783 4695 ab
2828 4640 2916 4693 illo
2953 4638 3146 4692 diﬁ’ert.
3178 4636 3385 4691 Mentiri
3415 4637 3558 4689 enim
3586 4642 3667 4687 est
3698 4634 3808 4686 vitii

2235 4734 2374 4806 quod
2403 4736 2453 4788 in
2480 4728 2657 4787 animo
2684 4733 2842 4785 situm
2870 4737 2951 4784 est
2983 4746 2996 4780 :
3031 4729 3259 4781 deﬁcere
3288 4735 3489 4792 autem,
3511 4736 3565 4780 et
3596 4736 3815 4795 praeter.

2236 4828 2420 4894 ﬁuere,
2448 4837 2502 4881 et
2536 4839 2654 4880 esse
2702 4822 2987 4885 somnium,
3020 4819 3257 4872 umbram
3286 4827 3339 4871 et
3369 4816 3577 4883 liorem,
3611 4817 3811 4884 signiti-

2235 4927 2319 4972 cat
2359 4927 2558 4970 natura:
2604 4914 2881 4966 vilitatem.
2925 4910 3066 4964 Idem
3110 4917 3193 4962 est
3234 4907 3374 4960 enim
3407 4905 3456 4959 id
3487 4905 3626 4974 quod
3680 4905 3814 4958 dixit

2237 4999 2509 5068 alius,Ego
2525 5013 2636 5052 sum
2659 5006 2790 5049 terra
2809 5004 2852 5047 et
2883 4992 3007 5045 ciuis
3028 4989 3371 5063 (Gen.18.27)
3394 5007 3407 5043 :
3437 4999 3491 5042 et
3516 4987 3813 5055 alius,Quid

2237 5090 2458 5161 superbit
2504 5102 2635 5142 terra
2664 5088 2723 5139 "et
2774 5085 2899 5138 ciuis
2940 5081 3125 5145 (Hosti.
3174 5082 3258 5136 i0.
3300 5080 3401 5149 9)?
3439 5088 3493 5133 et
3528 5094 3714 5133 rursus
3759 5088 3816 5130 ut

2237 5180 2449 5252 quando
2473 5178 2601 5234 dicit
2626 5177 2711 5231 ltic
2742 5175 3017 5245 propheta,
3051 5173 3184 5240 Quid
3219 5181 3291 5226 est
3310 5171 3486 5236 ‘Itomo,
3528 5170 3666 5240 quod
3705 5183 3813 5220 me-

2238 5289 2349 5327 mor
2374 5289 2426 5326 es
2454 5272 2561 5342 ejus
2589 5267 2756 5341 (Psal.
2789 5268 2841 5321 8.
2876 5265 2957 5336 5)?
2985 5265 3177 5334 ubique
3204 5271 3409 5317 natura:
3435 5260 3715 5324 vilitatem,
3759 5263 3815 5308 et

2238 5378 2356 5419 eam
2392 5362 2521 5417 nihil
2569 5373 2688 5414 esse
2733 5356 3057 5427 signiﬁcans.
3088 5353 3162 5408 De
3204 5352 3473 5421 segetibus
3502 5350 3644 5405 enim
3679 5345 3811 5402 dici-

2317 5562 2389 5624 (α)
2417 5562 2518 5611 Vox
2540 5562 2781 5611 Hebraica
2814 5564 2907 5617 est,
2931 5561 3054 5624 illa,
3094 5569 3247 5624 quam
3270 5556 3544 5624 diuitiasqu
3578 5555 3821 5624 inlgrpro-

2252 5614 2388 5734 hat'nr
2415 5625 2613 5687 Annia;
2650 5614 2968 5686 διαψεύδετὰι,
3007 5614 3330 5681 Symmachus
3350 5614 3373 5679 ;'
3398 5614 3624 5677 ἐκλὲίπει,
3654 5614 3819 5664 Theon

2288 5697 2424 5739 otto..
