4088 6274
400 193 506 250 323

401 328 516 385 ριος
544 302 719 371 οὗτος.
741 304 806 360 Τί
823 298 915 360 οὖν
936 320 1130 377 φησιν;
1167 302 1552 364 Ἐπίστευσα,
1568 303 1662 356 διὸ
1676 300 1972 368 ἐλάλησα.

384 398 594 454 ’Καίτοι
622 396 775 473 οὐδὲν
802 394 1063 466 ἐλάλησεν
1092 391 1324 457 οὐδέπω,
1368 390 1504 445 ἀλλά
1531 391 1593 445 τὸ
1621 391 1720 462 ἥδη
1747 387 1979 460 λαληθὲν

398 487 549 555 λέγει
570 483 713 538 κατά
739 480 979 536 διάνοιαν
1013 477 1180 550 αὐτῷ.
1224 478 1290 533 Τί
1338 480 1454 533 ἐστι
1478 480 1540 534 τὸ
1579 479 1682 550 ἤδη
1713 477 1977 548 λαληθένς

412 572 724 643 Ἑννοήσας,
761 568 918 639 φησί,
947 567 1047 639 τὴν
1077 566 1381 639 συμφοράν,
1417 566 1513 619 καὶ
1546 565 1647 637 τὴν
1673 561 1981 634 τραγῳδίαν

403 662 503 732 τὴν
536 656 826 728 Ἰουδαῖκὴν
851 696 868 720 ,
918 654 1012 708 καὶ
1044 654 1145 726 τὴν
1174 652 1551 723 πανωλεθρίαν
1597 651 1834 721 ἐκείνην,
1886 647 1984 704 καὶ

403 750 503 819 τὴν
529 748 609 810 είς
648 744 800 808 τέλος
841 743 1157 814 ἐρήμωσιν,
1205 740 1304 794 οὐκ
1354 739 1607 808 ἀπέγνων
1648 739 1748 810 τῆς
1779 736 1873 792 ἐπὶ
1920 734 1983 789 τὸ

407 837 613 907 βέλτίον
643 830 966 904 μεταϐολῆς,
1018 828 1154 883 άλλά
1205 828 1301 882 καὶ
1349 828 1554 899 ἠλπισα
1608 826 1834 897 ταύτην,
1888 824 1984 879 καὶ

340 918 349 921 ’
403 920 711 993 ἀπήγγειλα
733 918 924 990 αὐτὴν,
962 917 1058 972 καί
1090 916 1346 987 ἐλάλησα.
1391 916 1501 970 Kal
1529 914 1636 986 γάρ
1660 917 1718 967 ἐν
1742 916 1853 977 τοῖς
1878 912 1981 984 ἐμ-

407 1009 642 1082 προσθεν
667 1007 899 1078 ψαλμοῖς
925 1003 1098 1059 πολλὰ
1125 1004 1258 1074 περί
1291 1003 1461 1073 αὐτῆς
1503 1000 1784 1072 διελέχθην
1805 1018 1819 1033 ·
1858 1000 1984 1054 ἐλάο

404 1097 547 1167 λησα
581 1094 641 1147 δέ
676 1093 772 1148 καὶ
800 1090 1113 1162 ἀπήγγειλα
1153 1089 1263 1142 ἀπὸ
1309 1089 1411 1161 τῆς
1447 1088 1683 1151 πίστεως
1734 1087 1985 1142 παιδευό-

410 1200 589 1255 μενοςο

474 1283 546 1345 γ’.
576 1274 804 1345 Ἕτερος
831 1270 962 1340 γοῦν
991 1271 1052 1324 οὐ
1089 1269 1293 1342 σφόδρα
1323 1267 1531 1339 ταύτην.
1554 1264 1985 1338 πεπαιδευμένος

411 1363 515 1433 δρα
540 1360 659 1424 πῶς
679 1357 907 1429 χωλεύει
946 1357 1042 1415 καὶ
1063 1354 1395 1427 θορυϐεῖται.
1421 1355 1487 1409 Εἰ
1511 1352 1623 1425 γάρ
1646 1352 1809 1407 Δαυῖδ
1835 1352 1984 1422 λέγει

409 1445 498 1497 τὸν
540 1443 757 1514 ψαλμὸν
783 1442 1012 1506 ἐκεῖνον,
1044 1437 1158 1493 ἀλλ’
1195 1439 1296 1491 οὐκ
1327 1437 1389 1503 ἐξ
1415 1437 1617 1491 οἰκείου
1656 1437 1981 1509 προσώπου,

409 1526 546 1582 ἀλλὰ
587 1525 696 1580 τῶν
726 1522 1071 1594 χωλευόντων
1100 1521 1171 1575 τά
1222 1519 1370 1591 utﬁt;
1416 1518 1772 1590 διηγούμενος
1812 1520 1985 1583 οὓτως

411 1611 593 1680 ἔλεγεν
612 1625 627 1640 ο
669 1609 762 1674 Ὡς
791 1604 1011 1676 ἀγαθὸς
1041 1607 1074 1659 ό
1106 1603 1251 1670 Θεὸς
1277 1603 1358 1669 τῷ
1408 1601 1645 1671 Ἰσραὴλ
1679 1612 1700 1633 ·
1732 1601 1855 1669 τοῖς
1885 1604 1985 1657 εὑ-

411 1697 544 1750 θέσι
564 1691 638 1762 τῇ
657 1689 902 1759 καρδίᾳ]
935 1687 1119 1759 Ἐμοῦ
1152 1687 1222 1742 δὲ
1242 1686 1402 1755 παρὰ
1419 1685 1637 1759 μικρὸν
1657 1686 1988 1754 ἐσαλεύθη-

412 1794 535 1831 σαν
560 1779 613 1829 οἰ
637 1773 834 1839 πόδες,
864 1772 1001 1840 παρ’
1036 1772 1244 1840 ὀλίγον
1273 1769 1527 1839 ἐξεχύθη
1562 1768 1635 1823 τὰ
1659 1768 1987 1840 διαϐήματά

412 1876 563 1929 μου·
607 1860 668 1910 οὐ
703 1859 833 1928 περί
875 1855 1054 1908 ποδῶν
1091 1854 1267 1923 λέγων
1306 1854 1400 1907 καὶ
1431 1850 1814 1923 διαδημάτων,
1850 1851 1985 1907 ἀλλά

414 1945 543 2015 περί
578 1941 849 2012 λογισμῶν
878 1938 1240 2011 χωλευόντων.
1282 1935 1393 1990 Kal
1425 1937 1524 2008 τὴν
1557 1936 1733 1990 αἰτίαν
1768 1936 1984 2006 ἐπάγει,

420 2027 596 2096 λέγων
613 2042 626 2054 ·
679 2025 809 2078 Ὅτι
838 2021 1118 2089 ἐζήλωσα
1143 2019 1243 2073 ἐπὶ
1270 2019 1396 2086 τοῖς
1425 2020 1689 2088 ἀνόμοις,
1706 2020 1986 2086 τουτέστι,

411 2112 539 2173 τοὺς
562 2108 871 2181 βαρϐάρους
898 2103 1317 2173 εὐδοκιμοῦντας
1339 2103 1501 2174 δρῶν,
1525 2102 1595 2156 τά
1625 2102 1682 2156 δὲ
1720 2102 1989 2158 Ἰουδαίων

412 2190 875 2260 τεταπεινωμένα.
896 2189 1008 2242 Kal
1045 2187 1098 2240 τί
1126 2186 1226 2256 τῆς
1272 2185 1500 2255 χωλείας
1538 2185 1687 2255 λέγει
1718 2186 1778 2239 τὸ
1815 2181 1989 2252 εῐδος;

414 2276 525 2331 Καὶ
557 2272 729 2330 εἷπον
745 2275 794 2315 δ’
827 2275 964 2341 Ἆρα
990 2271 1252 2342 ματαίως
1269 2268 1590 2347 ἐδικαίωσα
1607 2270 1723 2339 τὴν
1740 2270 1991 2340 καρδίαν

414 2353 551 2431 μου,
580 2359 678 2413 καί
710 2356 1014 2425 ἐνιψάμην
1037 2355 1108 2408 ἐν
1126 2350 1335 2418 ἀθώοις
1355 2352 1462 2418 τὰς
1481 2352 1686 2422 χεῖράς
1716 2371 1855 2423 μου.
1879 2353 1990 2431 Kal

416 2430 578 2499 πόθεν
596 2439 824 2494 τοιαῦτα
849 2437 1097 2510 προήχθη
1132 2436 1327 2500 εἰπεῖν,
1359 2436 1510 2505 λέγει
1529 2452 1543 2468 ·
1579 2437 1707 2489 Ὀτι
1732 2436 1862 2491 ἰδοὺ
1884 2430 1989 2493 οὗ-

415 2548 503 2585 τοι
533 2530 587 2582 οἰ
629 2524 963 2596 ἁμαρτωλοί
1001 2524 1101 2577 καί
1130 2522 1529 2591 εὐθηνοῦντες
1554 2522 1642 2587 εἰς
1666 2520 1773 2575 τὸν
1805 2520 1992 2576 αἰῶνα

414 2611 719 2680 κατέσχον
755 2608 1044 2662 πλούτου.
1074 2603 1209 2661 Είτα
1246 2607 1349 2675 δρα
1379 2604 1496 2669 πῶς
1529 2604 1721 2659 ἑαυτὸν
1756 2605 1992 2660 ἀνακτᾶ-

414 2711 524 2749 ταιο
555 2696 625 2748 El
653 2693 866 2761 ἔλεγον
885 2729 900 2753 ,
932 2688 1293 2759 διηγήσομαι
1323 2688 1503 2742 οὕτω·
1554 2688 1736 2742 Τοῦτο
1783 2690 1990 2756 κόπος,

418 2778 606 2848 φησὶν,
639 2774 812 2829 ἐστίν
852 2772 1108 2826 ἐνώπιόν
1131 2789 1270 2841 μου,
1304 2770 1416 2837 ἕως
1437 2766 1509 2827 οὗ
1533 2768 1785 2825 είσέλθω
1811 2773 1898 2838 εὶς
1924 2773 1991 2828 τὸ

419 2859 812 2927 ἁτιαστήριον
851 2854 959 2911 τοῦ
1002 2855 1182 2917 Θεοῦ,
1215 2854 1313 2909 καὶ
1350 2852 1520 2908 συνῶ
1539 2855 1627 2919 εἰς
1656 2853 1730 2908 τὰ
1762 2855 1995 2925 ἔσχατα

419 2940 634 2997 αὐτῶν.
656 2942 720 2992 Ὃ
738 2940 795 2993 δὲ
818 2938 984 3007 λέγει,
1008 2936 1244 2991 τοιοῦτόν
1263 2938 1408 2990 ἐστιν
1429 2953 1445 2968 ο
1482 2934 1713 2989 Ἐκοπού
1721 2953 1849 3008 μην,
1870 2939 1995 2991 ἐτα-

420 3023 808 3096 λαιπωρούμην
830 3024 887 3076 ἐν
911 3024 1025 3085 τοῖς
1052 3021 1348 3092 λογισμοῖς.
1370 3020 1622 3075 Τοιοῦτον
1650 3020 1759 3091 γάρ
1795 3023 1824 3074 ὁ
1848 3021 1995 3090 λογι-

420 3107 578 3177 σμός.
614 3101 745 3159 Εἶτα
772 3104 1128 3175 ἐλογιζόμην,
1165 3105 1249 3158 δτι
1278 3105 1513 3176 πρᾶγμα
1546 3103 1803 3158 ἐπίπονον
1833 3104 1992 3162 ποιῶ.

417 3188 602 3243 Ταῦτα
628 3188 934 3260 ἀναζητῶν,
955 3186 1104 3241 οὐδὲν
1126 3186 1424 3259 δυνήσομαι
1450 3187 1636 3257 σαφῶς
1654 3186 1872 3255 εἰδέναι,
1891 3187 1996 3252 ἕως

416 3276 484 3329 ἂν
511 3271 770 3328 ἀπολάϐω
804 3269 1061 3341 πατρίδα.

501 3375 660 3446 Ὀρᾷς
698 3375 821 3427 ὅσον
874 3371 1045 3426 κακόν
1083 3372 1199 3425 ἐστι
1246 3369 1525 3441 λογισμοῖς
1565 3371 1881 3443 ἐπιτρέπειν
1930 3371 1997 3425 τά

417 3459 719 3531 πράγματα
748 3456 847 3527 τῆς
882 3454 1138 3519 πίστεως,
1180 3454 1277 3509 καὶ
1319 3455 1394 3526 μὴ
1428 3456 1493 3525 τῇ
1530 3455 1750 3521 πίστει;
1782 3456 1845 3510 Εί
1888 3455 1998 3527 γὰρ

418 3544 624 3605 ἐκεῖνος
650 3536 719 3611 ἦν
740 3537 1003 3610 πεπηγὼς
1017 3538 1074 3592 ἐν
1097 3540 1164 3609 τῇ
1188 3538 1386 3601 πίστει,
1410 3538 1511 3592 οὐκ
1533 3538 1598 3593 ἂν
1617 3539 1789 3593 ταῦτα
1809 3538 2000 3610 ἐφθέγ-

421 3625 569 3689 ξατο,
610 3623 711 3676 οὐκ
740 3621 806 3675 ἂν
824 3619 975 3693 [512]
997 3619 1322 3692 ἐθορυϐήθη,
1347 3622 1450 3675 οὐκ
1477 3621 1545 3675 ἂν
1572 3621 1868 3693 ἐταράχθη,
1897 3622 1998 3676 οὐκ

421 3708 491 3762 ἂν
522 3704 886 3775 ἐσαλεύθησαν
927 3705 977 3757 οἰ
1022 3702 1182 3767 πόδες
1208 3703 1395 3767 αὐτοῦ,
1428 3703 1528 3757 οὐκ
1559 3703 1627 3758 ἂν
1658 3704 1788 3774 παρ’
1819 3704 1998 3774 ὀλίγον

421 3789 650 3860 ἐξεχύθη
675 3788 744 3841 τά
778 3786 1087 3858 διαδήματα
1127 3786 1313 3840 αὐτοῦ.
1364 3786 1504 3841 Ἀλλ’
1533 3789 1633 3858 οὐχ
1659 3790 1688 3842 ὁ
1710 3790 1999 3859 Προφήτης

421 3875 615 3941 οὕτως,
651 3872 765 3928 ἀλλ’
798 3873 891 3926 ἐπὶ
915 3872 1015 3942 τῆς
1046 3872 1251 3943 πέτρας
1276 3870 1521 3943 έστηκὼς
1548 3872 1648 3924 οὐκ
1669 3872 1996 3943 ἐθορυϐεῖτο,

421 3960 524 4014 οὐκ
571 3957 924 4029 ἐταράττετο,
964 3953 1078 4007 ἀλλ’
1122 3952 1266 4025 ὁρῶν
1313 3954 1382 4007 τά
1430 3954 1529 4025 μὲν
1564 3953 1674 4007 τῶν
1733 3955 2000 4009 Ἰουδαίων

424 4044 567 4098 οὓτω
586 4041 923 4111 διακείμενα,
955 4036 1024 4092 τά
1051 4038 1108 4092 δὲ
1136 4037 1246 4090 τῶν
1281 4037 1570 4109 βαρϐάρων
1596 4038 1876 4102 ἐναντίως,
1911 4038 2002 4092 καὶ

426 4127 554 4198 περὶ
576 4125 675 4196 τῆς
707 4121 967 4177 ἐπανόδου
991 4121 1221 4192 λαμπρᾷ
1245 4123 1310 4192 τῇ
1351 4124 1502 4193 φωνῇ
1535 4121 1629 4175 καὶ
1661 4120 2004 4193 πεπληροφο-

424 4209 643 4280 ρημένῃ
670 4205 876 4277 διανοίᾳ
901 4205 1164 4276 ἐκήρυττε
1195 4204 1433 4275 συνεχῶς
1454 4205 1549 4259 καί
1578 4207 1636 4258 ἐν
1657 4204 1871 4269 πολλοῖς
1891 4209 2004 4270 τοῖς

425 4294 659 4363 ψαλμοῖς
679 4329 694 4352 ,
721 4289 817 4343 καὶ
858 4287 1064 4358 σφόδρα
1106 4287 1329 4360 ἐθάρρει
1347 4327 1363 4353 ,
1396 4286 1518 4341 οὐτε
1548 4291 1613 4359 τῇ
1643 4287 1869 4359 δυνάμει
1897 4289 2004 4343 τῶν

430 4376 720 4447 βαρϐάρων
750 4372 1052 4444 προσέχων,
1080 4368 1204 4423 οὔτε
1232 4373 1298 4442 τῇ
1328 4371 1575 4443 εὐτελείᾳ.
1599 4374 1664 4443 τῇ
1702 4373 1966 4444 Ἰουδαϊκῇ
1985 4411 2002 4438 ,

426 4458 565 4513 ἀλλὰ
587 4460 654 4528 τῇ
691 4455 917 4525 δυνάμει
945 4463 968 4492 ο
1010 4451 1105 4505 τοῦ
1136 4451 1311 4507 ταῦτα
1342 4454 1812 4526 ἐπαγγειλαμένου
1845 4454 2001 4509 Θεοῦ.

426 4541 518 4594 Διό
575 4553 777 4609 φησιν’
830 4536 1222 4598 Ἐπίστευσα,
1273 4535 1366 4589 διὸ
1411 4536 1725 4606 ἐλάλησα*
1782 4539 1898 4608 ἐγὼ
1937 4539 2006 4593 δὲ

424 4620 833 4688 ὲταπεινώθην
862 4617 1118 4688 σφόδρα.
1148 4618 1373 4689 Ἔτερός
1402 4636 1588 4691 φησιν,
1629 4621 1774 4689 Ἐγὼ
1800 4620 2007 4691 μέντοι

423 4703 739 4770 ἑκακώθην
765 4702 1024 4771 σφόδρα.
1075 4699 1223 4769 Ἐγὼ
1250 4700 1318 4754 δὲ
1348 4697 1488 4755 εἶπα
1514 4702 1584 4755 ἐν
1615 4701 1690 4771 τῇ
1720 4702 2007 4758 ἐκστάσει

417 4806 564 4858 μου,
592 4784 717 4853 Πᾶς
750 4786 1055 4854 ἄνθρωπος
1076 4785 1370 4853 ψεύστης.
1402 4785 1657 4854 ’Έτεροςο
1690 4787 1798 4840 Καὶ
1835 4783 2009 4842 εἶπον

423 4870 768 4939 ἀδημονῶν,
801 4867 924 4935 Πᾶς
958 4869 1267 4935 ἄνθρωπος
1296 4867 1696 4935 διαψεύδεται.
1731 4870 2007 4924 Ἐντεῦθεν

425 4954 592 5008 πάλιν
622 4955 690 5009 τά
718 4954 819 5024 τῆς
846 4953 1083 5017 πίστεως
1110 4950 1338 5024 λαμπρά
1367 4952 1662 5020 δείκνυται,
1691 4954 1774 5007 ὅτι
1802 4955 1923 5009 οὐδὲ
1944 4955 2006 5010 τὸ

492 5122 519 5152 ⁸
545 5119 625 5168 Sic
640 5118 782 5168 LXX.
811 5117 912 5168 Alii
933 5116 1019 5167 τοῦ
1053 5117 1260 5179 Ἰσραήλ.

490 5181 520 5221 la
537 5179 590 5229 In
609 5180 829 5230 editione
852 5180 1064 5229 Humana
1092 5180 1271 5238 legitur
1287 5179 1368 5226 καὶ
1388 5179 1513 5226 εἶπα.

494 5245 519 5274 °
543 5242 695 5291 Savil.
744 5241 964 5304 εὐπορία.Δ
996 5238 1182 5304 Sed_in
1220 5241 1442 5304 margine
1478 5237 1653 5304 θυείδίί
1687 5256 1761 5304 γρ.
1816 5240 2006 5304 δυνάμει

432 5305 653 5364 Utraque
678 5304 826 5353 Ieclio
841 5299 1063 5363 q'uédral.
1101 5301 1254 5351 Paufo
1277 5299 1397 5364 past
1430 5299 1582 5364 lectio
1605 5299 1892 5364 ἱιιεέξέτερός
1913 5299 2004 5364 φη..

429 5383 528 5421 σιν.
562 5361 685 5425 Ἐγὼ
709 5361 872 5421 μέντοι
910 5364 1155 5425 έκακώθῃν
1196 5361 1396 5425 σφόδρα,
1432 5362 1607 5425 deem}
1626 5363 1672 5411 iu
1698 5361 1890 5425 Μοτει..
1916 5361 2006 5414 sed

429 5422 644 5477 habetui'
664 5426 714 5474 in
741 5425 852 5486 Sav.
873 5485 876 5486 ν
895 5433 1071 5486 estque
1098 5422 1393 5486 Symyinachj.
1420 5430 1481 5486 uti
1511 5422 1678 5472 videas
1695 5425 1741 5473 in
1769 5424 2007 5486 Hexaplis

433 5487 634 5537 nostris.
650 5499 708 5535 ex
738 5484 1007 5544 Euseb.,ei
1024 5498 1083 5535 ex
1104 5498 1195 5534 ms.
1214 5485 1333 5546 Reg.
1352 5484 1519 5546 Lectio
1537 5487 1664 5546 jlem
1674 5484 2007 5545 sequens,'xal

432 5549 569 5598 εῑπον
585 5543 961 5608 άδημονῶνβῑιὲ.
989 5559 1065 5595 ρει
1091 5543 1389 5608 Symmaéhi,
1414 5554 1466 5596 ul
1483 5543 1663 5597 ibidem
1697 5543 1912 5598 refertur
1939 5561 2004 5598 ex

386 5628 389 5633 ·
428 5607 749 5663 Theodorelo
773 5615 825 5658 el
846 5621 909 5657 ex
933 5621 1045 5656 mss.
1135 5607 1138 5608 ⁷
1684 5614 1707 5635 δ

754 5718 1026 5779 Pnnon.
1074 5715 1190 5777 Gn.
1236 5715 1367 5780 ιν.

1464 181 1829 241 EXPOSITIO
1858 181 1944 241 ΙΝ
1969 176 2304 235 PSALMUM
2345 175 2508 236 CXV.

3547 173 3654 232 524

2087 295 2318 367 μέγεθος
2343 296 2446 367 τῆς
2473 294 2754 365 συμφορᾶς
2784 292 2863 355 είς
2893 288 3200 358 ἀπόγνωσιν
3224 285 3388 342 αὐτὸν
3411 283 3650 342 ἐνέϐαλε.

2064 381 2340 435 Τοιοῦτον
2363 379 2474 452 γάρ
2508 379 2542 449 ἡ
2570 377 2754 440 πίστις
2777 390 2790 404 ο
2824 374 2946 447 ἱερά
2975 372 3060 436 τίς
3085 373 3232 425 ἐστιν
3260 370 3495 442 ἄγκυρα,
3522 370 3660 422 πάντ

2081 463 2236 518 τοθεν
2261 462 2529 535 ἀνέχουσα
2554 460 2655 533 τὴν
2677 460 2905 531 ἔχουσαν
2937 455 3106 526 αὐτὴν
3134 454 3391 515 διάνοιαν,
3416 453 3510 507 καὶ
3536 454 3659 507 τότε

2086 545 2320 618 μάλιστα
2336 533 2719 603 διαδείκνυται,
2738 543 2866 596 ὅταν
2893 541 2958 593 ἐκ
2980 539 3088 591 τῶν
3110 533 3373 607 ἀπόρωνά
3395 535 3660 606 ἀναπείθη

2081 630 2172 685 τὸν
2205 630 2396 701 ἔχοντα
2429 628 2600 699 αὐτὴν
2645 625 2889 698 χρηστάς
2933 621 3222 692 ἀναμένειν
3255 619 3476 683 ἐλπίδας
3498 659 3512 682 ,
3551 619 3662 701 τῶν

2083 700 2360 784 λογισμῶν
2397 710 2735 766 ἐκϐάλλουσα
2762 708 2852 761 τὸν
2883 704 3134 778 θόρυϐον.
3165 704 3341 773 Ὅπερ
3374 702 3470 756 καὶ
3501 700 3664 784 αὐτὸς

2082 783 2259 869 δηλῶν
2305 795 2524 864 ελεγεν·
2578 792 2728 863 Ἐγὼ
2767 791 2837 845 δὲ
2865 787 3175 856 ἐκακώθην
3204 784 3471 856 σφόδρα,
3500 783 3660 855 φησί’

2084 868 2387 941 τουτέστιν,
2429 876 2773 948 Ἐκακώθην,
2803 875 2918 929 ἀλλ’
2950 874 3052 928 οὐκ
3089 871 3369 941 άπέγνων,
3399 868 3521 923 οὐδὲ
3571 870 3666 922 ἀν-

2086 963 2302 1018 έπεσον.
2333 959 2466 1016 Εἶτα
2502 961 2716 1022 δεικνὺς
2738 999 2753 1023 ,
2785 959 2866 1013 ὅτι
2891 957 2990 1027 οὐχ
3025 954 3213 1018 ἀπλῶς
3247 951 3501 1022 ἐκακώθη
3527 993 3542 1017 ,
3570 953 3667 1005 καὶ

2082 1047 2183 1118 τὴν
2224 1046 2474 1100 ἐπίτασιν
2505 1043 2830 1117 προστίθησι
2864 1042 3039 1109 λέγων
3064 1059 3078 1073 ·
3120 1038 3268 1108 Ἐγὼ
3301 1037 3372 1091 δὲ
3394 1032 3567 1091 εἶπον
3595 1035 3668 1089 ἐν

2083 1130 2163 1202 τῇ
2187 1129 2473 1185 ἐκστάσει
2504 1146 2642 1200 μου,
2671 1124 2797 1193 Πᾶς
2828 1125 3138 1194 ἄνθρωπος
3162 1123 3462 1191 ψεύστης.

2157 1215 2224 1269 Τί
2256 1216 2426 1279 ἐστιν,
2463 1214 2559 1267 Ἐν
2584 1210 2661 1281 τῇ
2685 1208 2969 1264 ἐκστάσει
2998 1223 3154 1278 pou;
3186 1207 3275 1259 Ἐν
3302 1208 3367 1277 τῇ
3392 1202 3665 1275 ὑπερϐολῇ

2084 1298 2185 1370 τῆς
2242 1296 2530 1367 συμφορᾶς
2555 1338 2569 1360 ,
2602 1294 2798 1365 φησὶν,
2838 1293 2898 1345 ἐν
2948 1289 3026 1363 τῷ
3067 1287 3285 1362 μεγέθει
3318 1285 3665 1370 τῶνκακῶν.

2087 1379 2354 1444 Τοσοῦτος
2384 1380 2495 1451 γάρ
2531 1376 2763 1450 ἐπῆλθεν
2794 1377 2925 1449 ἡμῖν
2952 1373 3256 1445 πειρασμδ,
3281 1411 3296 1437 ,
3332 1370 3408 1434 ὡς
3439 1370 3533 1423 καὶ
3560 1369 3667 1422 ἐκ-

2090 1481 2277 1523 στασιν
2321 1463 2418 1517 καί
2456 1461 2625 1534 κάρον
2664 1459 2918 1515 ἐνθεῖναι.
2958 1459 3256 1512 Ἐκστασιν
3291 1454 3401 1527 γὰρ
3434 1452 3667 1507 ἐνταῦθα

2086 1548 2186 1619 τὴν
2225 1538 2581 1616 ἀναισθησίαν
2608 1544 2706 1616 τὴν
2732 1546 2798 1598 ἐκ
2829 1543 2938 1597 τῶν
2966 1541 3153 1596 κακῶν
3173 1540 3464 1610 γινομένην
3494 1536 3663 1619 λέγειΣ

2101 1616 2255 1684 Ἐπεὶ
2280 1629 2374 1684 καὶ
2401 1629 2497 1683 ἐπί
2520 1627 2616 1681 τοῦ
2652 1627 2839 1697 Ἀδάμ.
2866 1626 2994 1680 ὅταν
3013 1624 3168 1696 λέγῃ,
3187 1624 3269 1677 ὅτι
3295 1620 3557 1676 ἐπέϐαλεν
3579 1616 3668 1672 ἐπ’

2088 1713 2250 1768 αὐτὸν
2284 1712 2560 1776 ἔκστασιν,
2593 1709 2949 1779 ἀναισθησίαν
2974 1707 3099 1760 τινὰ
3120 1706 3287 1775 λέγει.
3309 1706 3419 1758 Kal
3438 1704 3548 1773 γάρ
3574 1702 3668 1755 ἐκ·

2089 1812 2281 1860 στασις
2312 1794 2530 1864 λέγεται
2554 1794 2616 1848 τὸ
2653 1791 2757 1857 ἐξω
2793 1789 2958 1845 αὐτοῦ
2995 1788 3270 1860 γενέσθαι.
3309 1786 3670 1855 Ἐπεϐέϐλητο

2092 1881 2149 1935 δὲ
2184 1877 2335 1950 αὐτῷ
2383 1878 2530 1944 τότε,
2574 1876 2718 1931 ὥστε
2768 1875 2842 1947 μὴ
2889 1872 3238 1930 αἰσθάνεσθαι
3285 1871 3385 1941 τῆς
3432 1869 3668 1939 πλευρᾶς

2089 1961 2523 2034 ἀφαιρουμένης,
2590 1960 2726 2032 μηδὲ
2760 1958 2997 2029 ἀλγῆσαι
3045 1956 3125 2028 τῷ
3170 1954 3465 2026 γενομένῳ.
3516 1951 3671 2007 Οὕτω

2090 2046 2341 2101 κλέπτων
2377 2047 2406 2099 ό
2453 2043 2585 2107 Θεὸς
2626 2043 2725 2113 τῆς
2760 2043 2954 2112 ὀδύνης
2996 2040 3095 2112 τὴν
3139 2039 3423 2111 αἴσθησιν,
3461 2035 3547 2090 ἵνα
3595 2035 3670 2106 μὴ

2096 2131 2300 2200 μισήσῃ
2323 2127 2384 2181 τὸ
2412 2127 2472 2191 ἐξ
2496 2125 2661 2180 αὐτοῦ
2692 2125 2976 2196 γινόμενον
2994 2165 3009 2187 ,
3042 2125 3137 2177 ἅτε
3170 2121 3413 2192 ἀλγήσας
3431 2158 3447 2183 ,
3476 2118 3670 2172 ἐπέϐα-

2091 2211 2181 2265 λεν
2209 2221 2232 2250 ο
2259 2211 2346 2265 ἐπ’
2376 2209 2538 2264 αὐτὸν
2563 2208 2841 2262 ἔκστασιν.
2872 2208 2982 2261 Kal
3017 2204 3252 2276 ἀλλαχοῦ
3282 2203 3462 2267 πάλιν,
3496 2204 3674 2256 Ἐπε-

2091 2310 2206 2349 σεν
2247 2294 2340 2347 ἐπ’
2373 2292 2597 2359 αὐτοὺς
2645 2291 2972 2356 ἔκστασις,
3009 2290 3160 2361 φησί.
3203 2289 3387 2360 Κάρον
3416 2286 3541 2340 τινὰ
3578 2288 3674 2340 καὶ

2092 2379 2210 2432 ἐκεῖ
2229 2376 2398 2448 δηλοῖ,
2433 2375 2527 2429 καὶ
2559 2376 2619 2429 τὸ
2647 2374 2752 2441 ἔξω
2775 2375 3078 2445 αἰσθήσεως
3101 2372 3374 2442 γενέσθαι.
3407 2370 3516 2423 Kal
3545 2386 3675 2423 πανο

2092 2458 2259 2531 ταχοῦ
2296 2460 2330 2530 ή
2362 2458 2621 2521 ἔκστασις
2641 2456 2801 2511 τοῦτο
2827 2456 3080 2527 ἐμφαίνει
3110 2455 3154 2509 ι.
3188 2454 3399 2508 Γίνεται
3425 2454 3482 2508 δέ
3521 2454 3555 2524 ἢ
3580 2452 3676 2507 τοῦ

2093 2541 2231 2597 Θεοῦ
2260 2540 2657 2614 ἐργαζομένου,
2682 2539 2717 2611 ἢ
2736 2539 2838 2610 τῆς
2859 2538 3163 2611 ὑπερϐολῆς
3181 2537 3289 2593 τῶν
3304 2536 3490 2591 κακῶν
3507 2536 3675 2606 κάρον

2095 2626 2451 2697 ἐμποιούσης.
2469 2620 2590 2678 Οἷδε
2607 2623 2715 2695 γάρ
2731 2624 2827 2677 καὶ
2846 2640 2910 2676 συ
2918 2621 3103 2697 μφορά
3122 2624 3294 2676 ποιεῖν
3306 2622 3559 2675 ἔκστασιν
3579 2619 3675 2674 καὶ

2094 2708 2286 2782 κάρον.
2328 2706 2590 2762 Ἐνταῦθα
2612 2701 2706 2760 οὖν
2728 2705 2984 2759 ἔκστασιν
3016 2705 3187 2774 λέγει,
3218 2704 3279 2765 τὸ
3314 2702 3540 2775 μέγεθος
3570 2702 3677 2755 τῶν

2094 2792 2283 2848 κακῶν
2302 2790 2409 2844 τῶν
2432 2790 2855 2863 κατειληφότων.
2874 2790 2939 2843 Τί
2954 2789 3010 2842 δέ
3031 2789 3179 2843 ἐστιν
3205 2788 3234 2840 δ
3262 2785 3546 2858 φησι,Πᾶς
3569 2784 3676 2839 ἂν·-

2096 2882 2328 2945 θρωπος
2344 2875 2641 2943 ψεύστηςς
2657 2870 2806 2945 [545]
2824 2872 3010 2936 Οὐδεὶς
3036 2867 3128 2926 οὖν
3148 2870 3372 2942 ἀληθήςς
3402 2869 3527 2932 Πῶς
3541 2865 3633 2922 οὖν
3650 2870 3677 2922 ὁ

2107 2959 2227 3014 Ἰὼϐ
2253 2959 2666 3029 ἀναγέγραπται
2700 2957 3045 3025 Ἀνθρωπος
3075 2957 3382 3022 ἀληθινὸς,
3428 2953 3677 3024 δίκαιος,

2097 3041 2472 3109 θεοσεϐής;Τί
2486 3041 2542 3095 δὲ
2554 3040 2649 3094 καί
2662 3038 2907 3113 περὶτῶν
2923 3038 3215 3112 προφητῶν
3226 3037 3349 3111 ἐροῦ
3358 3053 3478 3109 μεν;
3492 3037 3554 3090 Εἰ
3571 3035 3679 3108 γὰρ

2097 3126 2191 3180 καὶ
2215 3128 2412 3181 ἐκεῖνοι
2440 3123 2691 3194 ψεῦσται,
2721 3122 2816 3177 καὶ
2839 3123 3136 3193 ἐψεύσαντο
3153 3122 3188 3178 ἀ
3210 3123 3483 3194 εἰρήκασι,
3502 3122 3679 3176 πάντα

2097 3212 2337 3283 οἴχεται.
2364 3210 2430 3263 Τί
2473 3209 2531 3262 δέ
2559 3211 2588 3263 ὁ
2621 3208 2904 3280 Ἀϐραάμς
2952 3209 3005 3262 τί
3035 3208 3090 3261 δέ
3117 3209 3166 3261 οί
3203 3205 3676 3283 δίκαιοιλπάντες,

2108 3276 2272 3365 ’ὁρᾷς
2317 3294 2441 3347 ὅσον
2477 3291 2596 3345 ἐστὶ
2619 3276 2790 3346 κακὸν
2815 3276 2915 3364 τὴν
2946 3290 3091 3357 λέξιν
3117 3289 3305 3354 ἀπλῶς
3332 3276 3676 3359 ἐκδέχεσθαι,

2100 3379 2196 3430 καὶ
2230 3375 2304 3447 μὴ
2328 3374 2399 3429 τά
2413 3376 2665 3446 νοήματα
2690 3377 3075 3446 περισκοπεῖν;
3101 3369 3271 3427 Τίοῦν
3294 3374 3441 3425 ἐστιν
3471 3373 3500 3426 ὅ
3524 3389 3679 3443 φησι,

2099 3459 2225 3526 Πᾶς
2255 3458 2568 3527 ἅνθρωπος
2605 3459 2916 3526 ψεύστης;
2954 3460 3020 3512 "O
3057 3456 3289 3527 ἀλλαχοῦ
3323 3472 3487 3526 φησιν
3503 3496 3518 3519 ,
3553 3457 3683 3511 Ἀν-

2099 3546 2331 3610 θρωπος
2356 3540 2701 3611 ματαιότητι
2724 3540 3013 3609 ὡμοιώθη.
3047 3542 3115 3593 ’0
3147 3540 3242 3595 καί
3266 3541 3452 3612 ἐτερος
3478 3542 3682 3610 προφής

2099 3642 2202 3696 της
2229 3621 2381 3678 εἷπε·
2408 3622 2586 3678 Πᾶσα
2608 3623 2764 3692 σὰρξ
2797 3627 3027 3692 χόρτος,
3057 3623 3155 3677 καί
3197 3622 3366 3679 πᾶσα
3405 3622 3554 3687 δόξα
3573 3625 3681 3678 ἀν-

2102 3706 2337 3776 θρώπου
2362 3708 2444 3773 ὡς
2465 3704 2648 3772 ἄνθος
2675 3708 2926 3775 χόρτουο
2965 3705 3273 3767 τουτέστιν,
3304 3704 3683 3758 εὐτελέστατον

2103 3792 2337 3862 πρᾶγμα
2356 3829 2372 3856 ,
2402 3789 2715 3861 παραρρέον
2738 3827 2754 3854 ,
2805 3790 2933 3860 σκιᾷ
2964 3787 3141 3852 ἐοικὸς
3164 3829 3180 3853 ,
3208 3787 3445 3857 ὀνείρατι
3466 3826 3481 3852 ,
3512 3787 3683 3840 εἰκόνι

2102 3872 2226 3928 τινί.

2174 3953 2239 4007 δ’.
2269 3952 2378 4006 Kal
2410 3953 2497 4007 ἵνα
2531 3952 2733 4024 μάθῃς,
2766 3954 2850 4007 ὅτι
2892 3952 2991 4024 οὐχ
3019 3952 3204 4014 ἁπλῶς
3244 3951 3477 4016 εἰκάζων
3508 3950 3686 4005 ταῦτα

2103 4039 2266 4110 λέγω,
2298 4041 2485 4111 ἐτερος
2511 4041 2856 4112 ἑρμηνευτὴς
2886 4036 3029 4106 εἶπε,
3069 4039 3440 4109 Διάψευσμα,
3471 4039 3566 4092 καί¹
3588 4037 3683 4092 ἀλ-

2105 4125 2218 4188 λος,
2253 4124 2663 4193 Διαψεύδεται,
2705 4124 2801 4178 καὶ
2838 4124 3047 4196 ἐτερος,
3088 4124 3402 4178 Ἐκλείπει.
3445 4123 3586 4177 Πολύ
3627 4122 3685 4177 δέ

2105 4206 2265 4261 τοῦτο
2294 4206 2502 4262 ἐκείνου
2535 4206 2809 4278 διέστηκε.
2851 4207 2926 4261 Τὸ
2960 4206 3059 4276 μὲν
3109 4206 3221 4278 γάρ
3252 4204 3544 4274 ψεύδεσθαι
3587 4222 3686 4259 κα-

2107 4290 2233 4354 κίας
2256 4290 2374 4344 ἐστί
2401 4290 2503 4360 τῆς
2532 4288 2674 4343 κατά
2699 4288 2878 4362 ψυχήν
2900 4306 2914 4321 ·
2941 4290 3001 4343 τὸ
3025 4288 3083 4342 δέ
3112 4288 3384 4343 ἐκλείπειν
3417 4291 3512 4343 καὶ
3531 4289 3688 4361 διαρο

2110 4374 2245 4445 ῥεῖν,
2283 4372 2381 4426 καί
2410 4374 2717 4445 παραρρεῖν
2734 4374 2783 4438 l,’
2818 4372 2913 4427 καὶ
2944 4371 3076 4446 όναρ
3109 4368 3247 4427 εἶναι
3284 4374 3377 4427 καὶ
3397 4372 3557 4437 ἄνθος
3593 4373 3688 4427 καὶ⁸

2110 4456 2292 4520 σκιάν,
2316 4457 2415 4528 τῆς
2441 4456 2585 4511 κατά
2618 4456 2780 4525 φύσιν
2818 4456 3106 4521 εὐτελείας.
3138 4455 3346 4511 Ταύτδν
3378 4456 3488 4529 γάρ
3518 4455 3684 4526 λέγει,

2106 4539 2183 4602 ὡς
2214 4540 2343 4594 ὅταν
2389 4542 2519 4614 εῐπῃ
2544 4555 2560 4573 ο
2607 4539 2757 4608 Ἐγὼ
2781 4540 2850 4595 δέ
2874 4543 2989 4609 εἰμι
3027 4539 3103 4610 γῆ
3144 4540 3242 4594 καί
3278 4540 3544 4607 σποδός*
3595 4541 3689 4595 καὶ

2109 4622 2292 4688 πάλιν,
2341 4623 2402 4677 Τί
2447 4625 2959 4692 ὑπερηφανεύεται
3010 4624 3087 4694 γῆ
3137 4625 3236 4679 καί
3285 4625 3549 4692 σποδός;
3594 4626 3688 4678 καὶ

2110 4706 2301 4769 πάλιν,
2353 4705 2429 4770 ὡς
2472 4707 2600 4760 ὅταν
2648 4706 2784 4778 λέγῃ
2819 4702 2973 4783 οὗτος
3007 4710 3036 4762 ό
3071 4712 3383 4780 προφήτης,
3424 4710 3484 4763 Τί
3518 4709 3691 4760 ἐστιν

2108 4786 2452 4855 ἄνθρωπος,
2495 4789 2584 4843 ὅτι
2626 4789 2929 4859 ἐμνήσθης
2982 4792 3170 4846 αὐτοῦ
3191 4809 3211 4857 ;
3263 4789 3538 4860 πανταχοῦ
3588 4789 3689 4858 τῆς

2110 4870 2326 4940 φύσεως
2368 4873 2429 4926 τὸ
2458 4874 2674 4940 εὐτελὲς
2720 4875 2916 4949 δηλῶν,
2952 4877 3013 4930 τὸ
3047 4877 3355 4947 οὐδαμινόν.
3412 4875 3522 4929 Kal
3576 4872 3686 4943 γάρ

2112 4955 2204 5007 ἐπί
2234 4955 2401 5027 λη’ίων
2430 4956 2661 5029 λέγομεν
2684 4975 2698 4988 ο
2719 4957 2795 5012 Τά
2844 4958 2971 5030 λήῖα
3022 4958 3364 5029 διεψεύσατο,
3394 4959 3690 5025 τουτέστιν,

2118 5116 2198 5196 ..⁸⁸
2220 5119 2359 5196 κρέξ-
2374 5114 2545 5196 ἐκεῶν
2565 5121 2848 5196 mm“:
2881 5123 2963 5196 καὶ
2982 5123 3206 5196 Wet-3V;
3222 5120 3399 5196 “tum
3418 5117 3684 5196 τῷῖὲἒὶοὲ-

2110 5181 2265 5289 ἐήτων
2284 5181 2364 5229 hic
2382 5194 2479 5229 non
2501 5181 2742 5242 quadrili'e
2766 5183 3013 5232 existimo.
3038 5181 3160 5233 lliid.
3175 5182 3387 5231 εει-Πίος
3409 5188 3467 5227 ad
3493 5181 3683 5237 venam.

2142 5240 2355 5289 ναπείθη.
2376 5243 2579 5289 alteram
2603 5251 2739 5289 notat
2760 5240 2808 5289 in
2832 5246 3072 5289 mamine.
3106 5256 3285 5289 uemoe
3307 5243 3461 5289 πείθῃ.

2142 5240 2355 5304 ναπείθῃ,
2376 5240 2579 5290 alteram
2603 5251 2739 5292 notat
2760 5240 2808 5292 iu
2832 5246 3072 5304 margine,
3106 5256 3285 5304 nempe
3307 5243 3461 5304 πείθῃ.

2176 5258 2355 5303 anew-9,
2376 5258 2579 5290 οιιετεπι
2603 5258 2808 5292 nouum
2832 5258 2935 5292 mar
2974 5258 3072 5304 me,
3106 5258 3285 5304 nempe
3307 5258 3461 5304 πειυῃ.

2176 5315 2201 5341 ο
2225 5303 2441 5363 ᾼΙιετειη
2467 5304 2730 5351 lectionem
2775 5309 2910 5353 notat
2936 5258 2999 5353 ﬁn
3021 5318 3172 5363 marg.
3197 5304 3325 5353 Savi'
3352 5329 3373 5363 ,Α
3406 5313 3551 5362 ιιιηρε
3573 5301 3683 5351 £80:-

2107 5364 2204 5434 λενξ
2228 5361 2354 5434 Ιηίεε
2506 5365 2796 5434 αἰσθῄσειρς,
2834 5366 2983 5434 _a_lius.
3016 5360 3279 5434 _refe_reme
3408 5360 3686 5434 fnai'glncm

2109 5423 2285 5487 εοᾴεεη
2308 5423 2479 5480 Savil..
2504 5424 2592 5478 ἔξω
2612 5426 2809 5487 ἐαρινῶν,
2830 5428 2878 5474 id
2900 5428 3030 5487 quod
3052 5428 3227 5475 eodem
3248 5425 3447 5474 recidit.

2177 5484 2196 5522 Ι
2232 5485 2351 5543 Reg.
2387 5490 2438 5532 el
2460 5497 2627 5545 margo
2650 5485 2798 5534 Savil.
2824 5484 2975 5542 δηλοῖ.

2113 5546 2582 5669 ΐοὲοξῗξυξαραρρεῖν
2606 5545 2743 5597 deest
2771 5547 2820 5597 in
2841 5548 2994 5600 Sani.
3011 5550 3109 5602 Sed
3132 5551 3180 5599 in
3194 5549 3413 5608 margine
3434 5547 3495 5599 ab
3515 5545 3689 5597 eodem

3175 5714 3251 5776 ‘20
