4018 6268
334 227 442 283 5Ξ5

337 357 457 396 mus
487 359 498 392 :
533 338 813 393 Ementit'n
838 345 961 392 sunt
987 345 1218 409 segetes,
1249 336 1352 393 hoc
1377 345 1480 400 est,
1509 351 1658 406 spem
1682 343 1921 389 noster

337 431 667 496 fefellerunt,
699 443 798 484 nec
829 439 885 484 ut
914 429 1284 498 sperabamus,
1319 429 1554 484 tulerunt
1587 445 1602 484 :
1635 436 1708 490 et,
1741 429 1926 482 Annus

342 532 425 578 est
444 522 754 585 ementitus,
783 519 885 575 hoc
905 535 1091 576 rursus
1114 520 1494 589 signiﬁcantes.
1522 519 1782 587 Quoniam
1800 533 1928 589 ergo

342 615 504 676 homo
554 628 644 669 res
690 621 774 668 est
820 613 959 676 vilis,
1009 622 1168 682 atque
1199 613 1333 668 adeo
1373 612 1525 667 nihili
1559 630 1573 677 ;
1608 615 1708 666 hac
1751 621 1928 666 autem

343 706 682 777 philosophia
732 706 968 763 solemus
1024 706 1097 760 uti
1149 707 1380 761 maxime
1423 707 1476 760 in
1526 707 1848 768 calamitate,
1879 713 1935 759 et

340 812 497 864 quam
523 797 595 850 sit
622 793 833 850 inﬁrma
862 805 1046 850 natura
1075 795 1417 852 considerare
1447 812 1462 853 :
1493 796 1614 851 ideo
1643 796 1760 866 ipse
1798 812 1933 865 quu-

340 903 445 958 que
487 903 610 943 cum
654 897 797 942 esset
835 887 996 942 animi
1025 887 1234 950 anxius,
1264 898 1320 941 et
1369 887 1577 942 videret
1604 887 1753 956 argui
1781 895 1928 940 natu-

342 995 452 1033 ram
486 1021 502 1045 ,
552 989 605 1033 et
630 995 787 1048 quam
817 979 937 1033 vilis
961 988 1105 1034 esset
1132 989 1181 1034 et
1215 978 1367 1033 nihili
1396 979 1539 1034 omni
1569 993 1632 1035 ex
1664 988 1823 1050 parte
1849 993 1929 1033 os-

342 1074 526 1138 tendit,
563 1073 762 1136 Omnis,
800 1072 988 1142 inquit,
1023 1071 1173 1126 homo
1205 1071 1424 1127 mendax
1450 1087 1469 1124 :
1496 1070 1597 1125 hoc
1624 1081 1725 1135 est,
1759 1071 1932 1125 llomo

343 1164 492 1218 nihili
541 1172 646 1219 est.
693 1163 951 1230 Quocirca
997 1163 1109 1232 ipse
1133 1179 1342 1232 quoque
1382 1162 1507 1215 alibi
1535 1162 1791 1231 dicebat;
1831 1160 1928 1214 Ve-

340 1268 621 1310 rumtamen
663 1257 717 1309 in
757 1256 978 1326 imagine
1027 1262 1298 1323 pertransit
1342 1255 1491 1308 homo
1523 1251 1693 1326 (Psal.
1727 1253 1814 1307 38.
1849 1252 1927 1320 7).

342 1349 394 1404 ὅ.
426 1347 563 1414 Quid
590 1347 859 1400 retribuam
897 1346 1120 1401 Domino
1148 1364 1238 1417 pro
1279 1347 1508 1400 omnibus
1549 1362 1662 1414 qua:
1703 1346 1931 1398 retribuit

342 1442 520 1495 mihi!
549 1439 686 1496 Vide
728 1440 998 1511 quomodo
1040 1440 1272 1496 ostendit
1314 1456 1564 1510 magnum
1609 1439 1930 1495 beneﬁcium

347 1549 456 1590 non
483 1549 546 1590 ex
565 1534 629 1588 iis
649 1534 821 1589 solum
847 1550 965 1603 quae
993 1532 1129 1589 facta
1157 1542 1299 1598 sunt,
1325 1533 1417 1588 sed
1435 1532 1596 1588 etiam
1618 1547 1684 1586 ex
1705 1547 1772 1587 eo
1791 1531 1932 1601 quod

345 1626 483 1682 facta
534 1627 640 1682 sint
679 1627 730 1680 in
776 1640 898 1680 eum
944 1627 1033 1697 qui
1076 1635 1218 1680 esset
1247 1623 1530 1695 ejusmodi,
1561 1623 1682 1679 aliis
1715 1623 1931 1694 quidem

348 1720 550 1784 verbis,
595 1718 687 1774 sed
727 1718 917 1774 eodem
960 1733 1122 1772 sensu
1167 1733 1231 1774 ea
1277 1732 1518 1780 narrans,
1550 1731 1671 1785 quae
1713 1725 1836 1770 sunt
1878 1716 1931 1770 in

347 1812 580 1868 PSalmo.
609 1810 1065 1878 Quemadmodum
1097 1810 1240 1866 enim
1268 1810 1375 1865 illic
1400 1809 1608 1864 dicebat
1648 1825 1664 1864 :
1698 1808 1834 1875 Quid
1855 1819 1928 1862 est

345 1905 499 1958 homo
522 1903 654 1973 quod
683 1919 873 1956 metuar
903 1920 954 1956 es
973 1904 1106 1972 ejus,
1134 1912 1222 1955 aut
1247 1901 1386 1970 ﬁlius
1425 1901 1662 1966 hominis,
1692 1901 1932 1970 quoniam

341 1997 515 2051 uisitas
539 2013 651 2051 eum
671 1995 849 2066 (Psal.
882 1995 934 2050 8.
969 1996 1054 2065 5)?
1085 1995 1155 2048 ita
1189 1993 1274 2048 hic
1301 1993 1484 2046 etiam.

410 2088 666 2156 Beneﬁcia
687 2099 739 2142 ut
762 2088 1113 2158 duplicentur;
1134 2085 1385 2157 quomodo
1421 2100 1518 2138 vos:
1540 2125 1554 2149 ,
1591 2083 1831 2147 calicem,
1855 2083 1934 2138 in-

341 2180 614 2249 telligenda
638 2179 738 2245 sit,
766 2180 819 2233 in
847 2195 990 2232 versu
1015 2177 1258 2246 sequenti.
1281 2206 1352 2216 —
1376 2176 1526 2230 Tunc
1553 2185 1728 2229 autem
1755 2184 1934 2230 Osten-

340 2273 540 2327 duntur
557 2271 790 2342 duplicia
817 2285 938 2348 esse
969 2269 1250 2334 beneﬁcia,
1275 2269 1488 2337 quando
1513 2276 1568 2322 et
1595 2275 1787 2321 natura
1812 2283 1929 2321 ma-

340 2379 442 2431 gna
489 2374 633 2426 sunt,
677 2370 734 2417 et
756 2361 969 2432 quando
995 2359 1344 2415 conferuntur
1373 2360 1424 2413 in
1456 2373 1579 2414 eum
1621 2357 1711 2429 qui
1749 2367 1832 2412 est
1860 2357 1931 2411 ni-

342 2454 432 2508 bili
464 2470 482 2512 ;
508 2454 652 2525 quod
680 2455 893 2525 quidem
923 2453 1240 2508 beneﬁcium
1269 2461 1322 2507 et
1355 2452 1579 2522 gratiam
1619 2451 1929 2520 ampliﬁcat.

341 2547 455 2600 lloc
497 2544 672 2614 ipsum
701 2544 884 2598 volens
925 2543 1228 2606 ostendere,
1277 2542 1404 2596 dicit
1433 2558 1447 2597 :
1480 2541 1615 2607 Quid
1656 2542 1934 2596 retribuam

340 2634 607 2690 Domino?
631 2633 934 2705 signiﬁcans
982 2633 1154 2702 ipsum
1190 2631 1460 2686 hominem
1484 2673 1500 2698 ,
1543 2632 1636 2701 qui
1681 2641 1763 2686 est
1784 2647 1934 2686 men-

340 2726 576 2792 dacium,
615 2725 704 2794 qui
735 2735 819 2780 est
843 2723 962 2778 vilis
987 2733 1148 2793 atque
1171 2721 1306 2777 adeo
1334 2721 1506 2788 nihili,
1529 2721 1746 2793 dignum
1787 2731 1930 2776 tanta

339 2818 615 2872 censuisse
638 2815 828 2886 gratia.
866 2813 972 2868 Pro
1000 2813 1232 2868 omnibus
1256 2828 1370 2882 qua:
1387 2813 1618 2868 retribuit
1649 2813 1795 2867 mihi.
1818 2814 1936 2868 lloe

343 2916 428 2962 est
463 2907 594 2977 grati
618 2907 803 2971 animi,
835 2905 1080 2969 circuire,
1110 2916 1166 2960 et
1195 2920 1291 2974 pro
1315 2905 1380 2961 iis
1408 2920 1526 2974 quas
1548 2903 1754 2974 accepit
1778 2905 1935 2960 bene-

345 2997 483 3050 ﬁciis
517 3012 756 3067 quaerere
787 2995 1111 3053 benefactori
1151 2995 1381 3066 aliquam
1421 2996 1625 3051 referre
1653 2996 1881 3066 gratiam
1911 3013 1924 3050 :

339 3098 397 3143 et
425 3103 547 3142 cum
573 3088 749 3142 omnia
781 3088 1067 3143 exsolverit
1086 3129 1100 3153 ,
1132 3097 1320 3156 putare
1347 3102 1406 3143 se
1434 3087 1566 3142 nihil
1595 3087 1743 3143 dare.
1774 3087 1926 3154 Quod

337 3197 460 3236 cum
489 3196 554 3235 ex
589 3181 954 3236 retributionis
984 3181 1248 3249 principio
1275 3179 1664 3235 s-ubindicasset
1695 3221 1709 3246 ,
1743 3195 1929 3248 proce-

334 3275 471 3328 dens
501 3272 760 3342 signiﬁcal
789 3286 848 3327 se
885 3271 934 3326 id
961 3272 1358 3328 exsoluturum.
1387 3271 1632 3326 Ostendit
1666 3273 1806 3325 enim
1835 3271 1933 3324 dn-

337 3367 532 3434 plicem
564 3365 858 3434 gratiarum
883 3364 1170 3428 actionem,
1212 3373 1266 3416 et
1299 3363 1442 3433 quod
1471 3378 1534 3417 ea
1559 3363 1670 3427 det,
1701 3380 1819 3433 qua:
1845 3378 1934 3432 po-

337 3470 461 3522 test,
497 3469 552 3514 et
576 3457 716 3527 quod
761 3472 880 3512 cum
911 3472 972 3511 ea
1000 3456 1110 3520 det,
1137 3471 1196 3510 se
1227 3456 1358 3509 nihil
1399 3455 1616 3524 dignum
1646 3455 1776 3510 dare
1815 3455 1932 3509 exi-

334 3552 539 3605 stimet.
561 3549 697 3616 Quid
719 3556 802 3603 cst
825 3563 950 3618 ergo
976 3548 1115 3618 quod
1143 3556 1224 3602 est
1246 3548 1502 3602 daturus?
1529 3547 1661 3602 Audi
1692 3563 1812 3602 eum
1840 3547 1928 3601 di-

332 3653 547 3699 centem
566 3661 580 3708 ;
612 3642 880 3712 subjungit
896 3645 1037 3696 enim
1066 3661 1078 3693 :
1101 3642 1151 3696 4.
1177 3640 1396 3699 Calicem
1412 3641 1650 3695 salutaris
1661 3641 1929 3710 accipiam,

333 3745 381 3788 et
407 3751 594 3788 nomen
611 3733 816 3787 Domini
833 3733 1091 3788 invocabo.
1116 3733 1214 3800 Qui
1236 3733 1376 3803 quod
1399 3734 1597 3788 dictum
1617 3743 1698 3788 est
1717 3741 1934 3787 sumunt

332 3827 658 3897 anagogice,
685 3826 871 3884 dicunt
899 3841 1020 3881 esse
1057 3827 1490 3880 connuunionem
1532 3827 1928 3896 mysteriorum.

333 3921 452 3975 Nos
465 3930 642 3974 autem
661 3917 934 3974 historiam
953 3928 1257 3988 sequentes,
1278 3918 1504 3972 dicimus
1515 3933 1634 3971 eum
1651 3917 1738 3972 hic
1753 3917 1931 3972 dicere

330 4012 592 4067 libamina
636 4021 690 4064 et
720 4009 996 4072 sacriﬁcia,
1022 4019 1079 4064 et
1101 4010 1327 4079 hymnos
1357 4009 1646 4078 gratiarum
1678 4008 1925 4062 actionis.

334 4105 511 4159 Erant
529 4103 726 4172 quippe
754 4103 1047 4171 antiquitus
1076 4101 1294 4156 diversa
1321 4099 1581 4155 sacriﬁcia
1605 4117 1617 4152 :
1648 4109 1764 4155 erat
1785 4100 1926 4154 enim

330 4194 663 4250 sacriﬁcium
711 4192 901 4257 laudis,
943 4207 1040 4262 pro
1073 4193 1326 4260 peccatis,
1360 4191 1692 4255 holocausta,
1729 4205 1824 4259 pro
1848 4205 1934 4244 sa-

331 4287 470 4349 lute,
511 4295 566 4339 et
586 4284 826 4353 paciﬁca,
859 4293 910 4338 et
938 4283 1088 4351 plura
1111 4283 1234 4337 alia.
1267 4282 1380 4336 Hoc
1405 4291 1488 4338 est
1515 4297 1648 4352 ergo
1672 4280 1816 4350 quod
1845 4280 1929 4336 di-

330 4379 410 4431 cit
449 4391 465 4428 :
504 4374 622 4429 hon
670 4389 884 4444 possum
929 4373 1143 4442 quidem
1187 4372 1328 4442 quod
1367 4372 1599 4441 dignum
1627 4382 1711 4428 est
1738 4373 1932 4442 persol-

332 4485 490 4534 vere,
523 4467 673 4521 solvo
709 4479 887 4521 autem
933 4466 1337 4536 quod‘possum.
1369 4465 1600 4522 Oﬁ'eram
1637 4465 1778 4520 enim
1823 4465 1932 4519 Deo

331 4561 665 4624 sacriﬁcium
709 4560 1002 4628 gratiarum
1053 4558 1299 4622 actionis,
1337 4568 1388 4613 et
1418 4558 1608 4612 salutis
1634 4573 1757 4613 eum
1785 4571 1932 4612 com-

333 4651 714 4709 monefaciam.
747 4652 803 4706 5.
838 4649 1091 4704 Votamea
1116 4649 1336 4704 Domino
1354 4650 1564 4703 reddant
1592 4666 1764 4704 coram
1795 4650 1932 4704 omni

335 4743 534 4815 populo
557 4742 684 4812 ejus.
723 4742 854 4796 Vota
886 4742 971 4795 hic
992 4741 1121 4795 dicit
1145 4741 1404 4810 promissa
1430 4751 1482 4794 et
1502 4740 1930 4807 pollicitationes.

336 4839 392 4891 ln
420 4837 507 4891 his
527 4835 670 4890 etaim
699 4835 952 4889 aerumnis
965 4833 1030 4889 ad
1058 4834 1222 4888 Deum
1247 4831 1604 4902 confugiebat,
1631 4841 1685 4886 et
1709 4847 1766 4887 se
1785 4833 1933 4888 debi-

337 4938 515 4982 torem
547 4926 594 4982 ei
618 4925 974 4981 constituebat
1002 4967 1016 4989 ,
1047 4924 1308 4994 pollicens
1333 4924 1374 4978 si
1403 4939 1464 4977 ea
1493 4924 1630 4978 mala
1652 4924 1929 4994 effugeret,

336 5033 399 5074 se
434 5017 554 5071 haec
592 5017 957 5071 exsoluturum
985 5031 1106 5072 esse
1151 5015 1436 5073 sacriﬁcia.
1473 5015 1734 5083 Quoniam
1782 5031 1931 5086 ergo,

338 5112 538 5181 inquit,
565 5109 798 5164 ceasavit
830 5109 1126 5173 calamitas,
1163 5107 1291 5162 Vota
1328 5125 1440 5162 mea
1465 5108 1675 5162 reddam
1717 5107 1932 5163 Domino

338 5218 512 5255 coram
533 5201 674 5255 σικιιὶ
689 5203 878 5270 populo
893 5201 1018 5267 ejus.
1039 5198 1092 5254 6.
1118 5197 1350 5252 Pretiosa
1365 5200 1416 5251 in
1439 5208 1704 5269 rorispectu
1726 5197 1934 5252 Dom-ini

340 5308 480 5344 mors
504 5301 799 5344 sanctorum
838 5306 968 5359 ejus.
997 5291 1170 5354 Alius,
1206 5287 1470 5342 Honorata
1496 5303 1667 5342 coram
1691 5287 1930 5342 Domino.

338 5383 600 5448 Quanam
641 5390 724 5434 est
761 5389 937 5433 autem
984 5380 1098 5434 ha'c
1119 5380 1514 5448 consequentia,
1539 5389 1592 5434 et
1616 5379 1740 5449 quid
1775 5379 1936 5433 habet

339 5473 483 5542 quod
523 5487 647 5526 cum
689 5471 953 5540 prioribus
991 5472 1317 5526 conveniat?
1356 5471 1410 5527 Si
1461 5473 1580 5541 quis
1609 5471 1662 5526 id
1690 5485 1934 5528 accurate

337 5563 754 5627 ex:m.inaverit,
799 5564 1081 5617 maximam
1108 5563 1349 5619 inveniet
1378 5565 1768 5633 cognationem.
1798 5565 1932 5632 Quia

340 5650 486 5711 enim
534 5645 763 5720 dixerat,
811 5653 945 5720 Quid
989 5655 1260 5708 retribuam
1309 5655 1523 5711 Domino
1567 5673 1660 5725 rro
1702 5659 1932 5712 erunibus

1471 219 1829 278 exrosmo
1869 217 1934 273 IN
1973 219 2292 276 PSALMUM
2331 185 2488 276 cxv.

3521 227 3628 282 3'26

2033 349 2148 402 ante
2168 337 2394 390 retribuit
2415 335 2538 389 mihi
2554 335 2578 389 .9
2605 337 2892 393 ostendens
2920 338 3036 408 ejus
3063 339 3340 406 beneﬁcia,
3369 341 3495 400 dicit
3515 364 3624 403 non

2034 424 2207 480 solum
2237 427 2421 491 vitam,
2452 426 2544 481 sed
2575 427 2733 481 etiam
2768 436 2995 482 mortem
3029 440 3335 487 sanctorum
3367 434 3474 489 Deo
3503 452 3624 493 esse

2035 530 2198 581 cura,
2239 530 2344 570 non
2379 532 2495 570 eam
2522 517 2692 571 solum
2738 534 2858 586 quze
2892 519 3006 589 lege
3037 530 3242 577 natura:
3268 523 3502 594 advenit,
3529 530 3623 583 sed

2035 609 2195 662 etiam
2235 624 2355 678 quae
2397 609 2516 678 ejus
2560 609 2840 665 voluntate
2870 613 3176 682 snseipitur.
3232 616 3424 672 Annon
3471 621 3624 677 audis

2037 700 2256 755 Paulum
2281 701 2547 757 dicentem
2581 719 2594 755 :
2628 702 2692 757 l-n
2721 720 2872 758 carne
2906 715 3072 760 autem
3099 724 3318 775 manere,
3350 713 3510 783 magis
3538 732 3626 768 ne-

2035 794 2308 847 cessarium
2329 803 2531 866 propter
2548 810 2652 862 vos,
2679 806 2726 850 et
2749 813 2805 850 eo
2824 798 3004 865 fretus,
3035 801 3137 853 scio
3158 802 3293 870 quod
3323 806 3551 868 manebo,
3578 817 3624 860 et

2036 885 2334 954 permanebo
2374 901 2476 939 una
2513 885 2764 940 vobiscum
2795 885 3017 958 (Philip.
3065 891 3112 944 Ι.
3137 890 3227 945 24.
3250 892 3363 962 25).
3393 894 3457 949 Ει
3497 896 3622 966 quid

2038 975 2249 1029 miraris
2275 975 2321 1029 si
2347 991 2511 1041 mors,
2535 991 2656 1030 eum
2696 992 2793 1032 nec
2819 980 3094 1048 generatio
3127 996 3228 1036 non
3240 983 3506 1039 nullorum
3527 1002 3621 1040 na-

2039 1073 2170 1120 turai
2199 1065 2312 1134 lege
2337 1075 2547 1134 peracta
2572 1067 2659 1131 sit,
2687 1068 3138 1137 quemadmodum
3165 1075 3436 1141 generatio
3459 1075 3622 1132 lsaari

2035 1165 2090 1210 et
2113 1157 2387 1225 generatio
2423 1157 2687 1213 Samuelis
2728 1157 2879 1229 (Gen.
2925 1176 2972 1213 c.
2998 1160 3088 1214 27.
3119 1173 3165 1216 et
3212 1165 3382 1231 c.18;
3415 1167 3464 1220 1.
3493 1166 3622 1238 Reg.

2037 1246 2090 1300 5.
2112 1247 2252 1315 20)?
2295 1248 2554 1315 Quocirca
2593 1265 2693 1305 nec
2713 1252 2889 1306 carnis
2927 1252 3140 1322 quidem
3171 1270 3263 1309 eos
3285 1267 3437 1312 vocat
3464 1259 3621 1324 ﬁlios,
3681 1323 3684 1325 ε

2037 1337 2132 1392 sed
2178 1339 2318 1393 ﬁlios
2355 1340 2722 1408 promissionis
2759 1341 2937 1411 (liam.
2961 1341 3012 1398 9.
3044 1345 3123 1412 8).
3153 1345 3228 1400 lta
3261 1348 3423 1401 etiam
3447 1349 3625 1405 Moses

2035 1442 2142 1482 non
2172 1439 2256 1483 est
2279 1430 2600 1500 simpliciter
2634 1443 2686 1487 et
2716 1433 2958 1488 absolute
2997 1445 3238 1492 mortuus
3269 1438 3502 1506 (Denter.
3531 1442 3621 1497 5‘2.

2045 1517 2133 1574 ιε).
2167 1517 2281 1592 50);
2307 1521 2401 1578 sed
2428 1537 2549 1576 eum
2571 1524 2710 1577 Deus
2727 1523 2972 1593 jnssisset
3001 1542 3014 1578 :
3043 1542 3216 1596 neque
3244 1529 3506 1597 Joannes,
3531 1534 3624 1587 sed

2033 1625 2156 1666 cum
2189 1613 2301 1682 ipse
2333 1615 2684 1683 permisisset.
2717 1618 2874 1687 Atqui
2904 1617 3002 1673 fuit
3045 1633 3254 1676 merces
3283 1625 3582 1679 meretricis
3609 1644 3622 1687 ;

2036 1703 2136 1758 fuit
2167 1710 2346 1759 tamen
2382 1706 2552 1760 nihilo
2580 1707 2754 1762 secius
2785 1707 3066 1764 honorata.
3097 1711 3210 1766 Hoc
3240 1713 3412 1783 ipsum
3443 1726 3622 1771 autem

2036 1805 2118 1849 est
2142 1794 2478 1862 admirabile,
2501 1797 2644 1867 quod
2671 1799 2756 1852 vel
2783 1799 2861 1853 sic
2889 1811 3129 1855 mortuus
3155 1802 3450 1858 honoratus
3476 1804 3576 1860 fuit
3608 1823 3621 1868 ;

2035 1887 2299 1957 siquidem
2325 1905 2420 1958 pro
2449 1891 2672 1946 veritate
2695 1892 2854 1946 vitam
2895 1892 3063 1949 ﬁnivit
3083 1935 3098 1962 ,
3134 1903 3386 1966 tantoque
3416 1897 3627 1954 habitus

2039 1987 2122 2034 est
2150 1980 2202 2035 in
2245 1980 2468 2044 honore,
2501 1994 2557 2037 ut
2579 1983 2692 2054 ipse
2716 1987 2876 2041 etiam
2900 1989 2990 2057 qui
3011 2004 3134 2043 eum
3162 1990 3522 2058 interfecerat,
3548 1993 3627 2062 ip-

2037 2087 2156 2130 sum
2185 2073 2416 2129 timeret.
2443 2075 2597 2143 Quod
2623 2088 2801 2133 autem
2836 2082 3068 2146 timeret,
3098 2083 3219 2137 audi
3247 2083 3372 2153 quid
3403 2099 3620 2156 evange:

2037 2163 2158 2218 lista
2179 2165 2320 2221 dicat
2365 2166 2433 2222 de
2475 2168 2683 2224 Herode
2710 2189 2722 2224 :
2748 2171 2957 2226 Dicebat
2983 2175 3138 2241 enim,
3165 2177 3302 2245 quod
3323 2179 3429 2247 ipse
3467 2195 3624 2234 resur-

2035 2257 2166 2310 rexit
2194 2273 2227 2310 a
2256 2259 2487 2323 mortuis,
2525 2270 2570 2313 et
2611 2272 2881 2331 prapterea
2898 2265 3103 2320 virtutes
3132 2281 3411 2335 operantur
3433 2269 3487 2323 in
3513 2271 3625 2340 ipso

2039 2345 2227 2416 (Marc.
2259 2347 2311 2402 6.
2347 2349 2459 2418 M).
2487 2349 2616 2404 \‘ide
2637 2355 2906 2420 quomodo
2924 2355 3080 2409 etiam
3106 2357 3158 2410 in
3183 2357 3315 2414 Abel
3345 2370 3462 2413 erat
3481 2376 3625 2414 mor..-

2038 2439 2270 2506 pretiosa
2313 2447 2367 2494 et
2408 2440 2690 2498 honorata.
2734 2444 2830 2499 Ubi
2855 2455 2925 2499 est
2954 2448 3079 2502 Abel
3115 2452 3274 2519 frater
3316 2461 3430 2506 tuus
3457 2454 3482 2506 Ξ)
3520 2453 3627 2508 Vox

2035 2530 2296 2599 sanguinis
2316 2533 2493 2602 fratris
2517 2535 2588 2588 tui
2623 2537 2808 2590 clamat
2828 2539 2895 2590 ad
2922 2555 3000 2592 me
3028 2539 3183 2612 (Gen.
3209 2543 3262 2598 4.
3287 2544 3340 2598 9.
3369 2544 3480 2617 l0).

2107 2621 2162 2674 5.
2194 2622 2442 2694 Sepulcra
2470 2637 2752 2696 martyrum
2779 2629 3112 2686 honorabilia.
3135 2664 3207 2673 —
3228 2635 3358 2689 Vide
3384 2639 3542 2692 etiam
3571 2640 3623 2694 in

2035 2711 2274 2779 Lazaro,
2305 2717 2574 2785 quomodo
2603 2728 2721 2787 post
2752 2720 2867 2790 ejus
2898 2733 3123 2778 mortem
3155 2727 3328 2797 angeli
3363 2745 3482 2782 eum
3532 2731 3627 2785 de—

2039 2804 2306 2861 ducebant
2332 2807 2351 2881 (
2370 2807 2496 2863 Luc.
2527 2810 2611 2865 16.
2636 2809 2764 2883 22).
2797 2813 3167 2885 Contemplare
3195 2820 3352 2873 etiam
3383 2821 3626 2877 civitates

2036 2896 2103 2953 ad
2133 2908 2426 2969 martyrum
2472 2903 2716 2970 sepulcra
2759 2919 3170 2975 concurrentes,
3204 2919 3256 2964 et
3283 2913 3503 2982 populos
3534 2931 3625 2970 eo-

2035 3003 2153 3046 rum
2193 3005 2376 3047 amore
2405 2992 2781 3051 inﬂammatos.
2827 2997 2941 3052 Hoc
2980 3009 3063 3054 est
3108 3017 3235 3073 ergo
3277 3004 3416 3074 quod
3454 3005 3619 3062 dicit:

2037 3079 2177 3135 Dens
2203 3096 2446 3152 magnam
2472 3085 2883 3142 sollicitudinem
2911 3099 2958 3144 et
2983 3107 3163 3146 curam
3188 3095 3326 3164 gerit
3347 3096 3428 3151 vel
3454 3095 3624 3167 ipsius

2039 3174 2226 3229 mortis
2255 3186 2585 3230 sanctorum.
2623 3177 2804 3248 Neque
2828 3182 2969 3235 enim
2997 3185 3494 3257 quomodocumque
3522 3203 3622 3244 nec

2038 3265 2256 3320 fortuito
2277 3267 2593 3332 moriuntur,
2617 3270 2709 3324 sed
2727 3267 2948 3341 quando
2970 3275 3083 3343 ipse
3111 3276 3160 3330 id
3183 3292 3247 3332 ex
3276 3293 3386 3333 sua:
3407 3279 3622 3351 dispen—

2038 3357 2259 3410 sationis
2285 3359 2512 3412 consilio
2540 3363 2859 3429 permiserit.
2894 3365 2958 3418 Et
2989 3366 3107 3445 idep
3135 3367 3380 3434 dicebat,
3412 3369 3479 3425 In
3502 3389 3623 3426 con-

2036 3459 2208 3518 spectu
2235 3449 2479 3520 Domini,
2525 3453 2626 3508 hoc
2652 3456 2836 3510 volens
2878 3460 3192 3526 ostendere,
3226 3461 3277 3516 'i'.
3313 3465 3358 3516 υ
3385 3462 3619 3528 Domine,

2037 3558 2127 3612 ego
2152 3559 2322 3598 scmus
2349 3555 2462 3600 tuus
2481 3587 2495 3612 ,
2538 3563 2628 3616 ego
2657 3565 2824 3604 sewus
2851 3561 2967 3604 tuus
2987 3594 3000 3616 ,
3033 3563 3079 3605 et
3109 3554 3246 3622 ﬁlius
3272 3557 3472 3611 ancilla:
3500 3568 3616 3613 tuan

2036 3634 2152 3690 Non
2177 3637 2303 3692 dicit
2323 3653 2663 3695 communem
2687 3644 3017 3707 servitutem,
3051 3646 3143 3699 sed
3171 3662 3285 3700 eam
3313 3664 3429 3717 quae
3453 3651 3622 3704 oritur

2037 3744 2102 3783 ex
2133 3745 2325 3800 magno
2351 3747 2534 3787 amore
2563 3742 2618 3787 et
2647 3733 2952 3802 adiectione,
2988 3753 3179 3808 magno
3208 3741 3454 3794 incensus
3482 3742 3622 3796 desi-

2038 3820 2209 3889 derio,
2237 3825 2376 3892 quod
2406 3835 2488 3879 est
2515 3840 2710 3880 corona
2744 3830 2971 3882 maxima
2989 3871 3004 3895 ,
3033 3840 3083 3884 et
3111 3833 3300 3900 quovis
3324 3831 3622 3887 diademate

2037 3916 2359 3983 praeclarius.
2395 3918 2653 3984 Quocirca
2685 3919 2823 3974 Deus
2848 3936 3060 3991 quoque
3088 3923 3137 3976 id
3169 3924 3341 3991 posuit
3376 3937 3474 3992 pro
3513 3940 3624 3977 ma-

2037 4005 2179 4059 xima
2208 4005 2362 4061 laude
2387 4047 2400 4070 ,
2445 4007 2630 4062 dicens
2649 4048 2665 4075 ,
2703 4009 2868 4063 Moses
2907 4027 3078 4064 servus
3107 4028 3244 4064 meus
3275 4023 3500 4066 mortuus
3528 4027 3619 4067 est.

2037 4095 2106 4152 Et
2133 4098 2270 4166 ﬁlius
2296 4099 2499 4152 ancilla:
2528 4110 2628 4153 tua:
2655 4098 2842 4173 (Iosue
2886 4103 2936 4155 l.
2960 4102 3051 4170 2).
3087 4103 3200 4158 Hoc
3228 4116 3305 4158 εει
3325 4146 3337 4167 ,
3371 4107 3413 4158 Α
3444 4107 3620 4160 multis

2036 4200 2179 4243 retro
2221 4190 2464 4255 saeculis,
2505 4206 2534 4244 a
2579 4200 2819 4259 tempore
2849 4191 3108 4261 majorum
3150 4208 3388 4248 meorum
3427 4195 3621 4250 addicti

2036 4295 2220 4334 sumus
2267 4290 2369 4335 tua:
2411 4282 2671 4335 servituti.
2721 4281 2875 4348 Quod
2919 4283 3080 4338 etiam
3114 4283 3308 4339 Paulus
3353 4287 3528 4354 posuit
3571 4290 3620 4340 in

2037 4371 2319 4426 Timotheo
2349 4388 2443 4441 pro
2469 4373 2700 4426 Inaximo
2727 4382 3075 4437 ornamento,
3105 4374 3287 4429 dicens
3320 4393 3331 4446 ξ
3361 4376 3618 4432 Recorda-

2038 4466 2223 4518 tionem
2251 4465 2437 4518 habens
2462 4465 2582 4534 ﬁdei
2606 4481 2720 4536 qua:
2748 4476 2820 4519 est
2845 4467 2895 4519 in
2924 4477 2970 4520 te
2996 4483 3095 4521 non
3124 4469 3260 4535 ﬁcta,
3290 4485 3403 4536 qua:
3426 4469 3625 4523 habita-

2036 4555 2103 4608 vit
2135 4556 2352 4623 primum
2393 4557 2445 4608 in
2490 4555 2603 4608 avia
2644 4571 2729 4608 tua
2768 4556 2962 4622 Laide,
3006 4568 3052 4612 et
3093 4569 3253 4613 matre
3290 4569 3377 4612 tua
3407 4559 3619 4614 Eunice.

2043 4647 2348 4700 Persuasum
2377 4656 2546 4700 autem
2589 4646 2744 4700 habeo
2771 4648 2903 4718 quod
2930 4658 2975 4702 et
3013 4649 3065 4701 in
3097 4658 3172 4715 te,
3218 4659 3262 4702 et
3288 4651 3422 4718 quod
3451 4653 3512 4704 ab
3540 4651 3623 4704 in-

2040 4741 2202 4810 fantia
2240 4740 2461 4794 didicisti
2505 4756 2675 4793 sacras
2720 4738 2890 4794 literas
2917 4740 3002 4810 (2.
3027 4741 3160 4796 Tim.
3188 4744 3236 4796 i.
3264 4743 3318 4796 5.
3345 4753 3390 4795 et
3412 4745 3464 4798 5.
3497 4745 3561 4795 lii
3581 4743 3621 4812 ).

2041 4829 2107 4883 Et
2143 4845 2327 4883 rursus
2355 4829 2423 4884 de
2464 4831 2639 4900 seipso
2669 4845 2684 4881 :
2714 4829 2960 4885 Hebr-reus
2998 4849 3061 4886 ea:
3094 4831 3320 4886 Hebra’is
3347 4833 3363 4900 (
3391 4832 3621 4902 Philipp.

2040 4923 2090 4975 5.
2122 4922 2154 4973 5
2175 4923 2214 4990 ).
2250 4922 2314 4975 Et
2341 4936 2544 4987 rursus,
2579 4920 2782 4976 Hebraei
2806 4933 2952 4988 sunt,
2982 4933 3028 4977 et
3053 4941 3142 4993 ego
3167 4939 3184 4976 :
3210 4921 3464 4976 Israelita:
3487 4935 3621 4990 sum,

2039 5023 2085 5068 et
2115 5030 2204 5085 ego
2237 5014 2310 5084 (2.
2337 5015 2457 5067 Cor.
2484 5017 2568 5068 ‘Il.
2597 5013 2725 5086 22).
2757 5017 2998 5084 Amplius
3026 5015 3167 5068 enim
3191 5014 3437 5084 quiddam
3467 5013 3627 5067 habe-

2038 5107 2185 5174 bant,
2207 5123 2366 5178 quam
2390 5107 2661 5178 proselyti,
2688 5108 2775 5176 qui
2800 5123 2829 5161 a
2851 5108 2963 5162 suis
2983 5107 3274 5174 majoribus
3297 5105 3428 5159 tales
3452 5114 3625 5159 erant.

2041 5202 2108 5257 Et
2137 5201 2256 5257 ideo
2284 5202 2369 5256 hic
2393 5216 2603 5271 quoque
2630 5201 2755 5254 dicit
2781 5219 2793 5254 :
2823 5201 2886 5253 Et
2917 5200 3056 5270 ﬁlius
3083 5200 3283 5253 ancillae
3308 5209 3424 5251 tua.

2113 5291 2244 5346 Sunt
2282 5292 2411 5344 bona
2438 5301 2486 5344 et
2525 5289 2661 5342 mala
2690 5291 2932 5354 vincula;
2971 5299 3142 5360 gratus
3182 5289 3380 5342 animus
3411 5290 3626 5342 maxime

2040 5383 2148 5436 Deo
2174 5385 2424 5452 placet.—
2455 5381 2706 5450 Dirupisti
2743 5381 2943 5435 vincula
2989 5395 3117 5433 mea.
3159 5381 3272 5434 Non
3294 5382 3444 5442 dixit.
3486 5380 3628 5436 Con-

2038 5476 2271 5539 cussisti,
2303 5474 2417 5538 sed,
2445 5473 2692 5542 Dirupisti
2714 5516 2728 5539 ,
2757 5473 3062 5543 signiﬁcans
3087 5491 3147 5528 ea
3181 5477 3248 5529 ita
3279 5477 3436 5530 etiam
3467 5475 3624 5538 facta,

2042 5577 2099 5621 ut
2125 5573 2304 5622 essent
2329 5565 2552 5619 inutilia.
2575 5564 2794 5620 Vincula
2825 5575 2999 5620 autem
3031 5564 3115 5620 hic
3141 5566 3265 5621 dicit
3292 5567 3626 5629 allliCtiones,
3675 5579 3679 5584 '

2043 5657 2386 5723 tentationes,
2417 5655 2670 5729 pericula.
2701 5655 2794 5711 Est
2819 5656 2958 5711 enim
2989 5657 3183 5712 bonum
3205 5657 3491 5727 vinculum,
3520 5671 3627 5728 quo
