4088 6274
490 240 556 294 27
1158 238 1215 295 S.
1254 237 1530 297 IOANNIS
1563 238 2037 300 CHBVSOSTOMI
2073 242 2390 301 ARCIIlEP.
2429 239 2965 303 CONSTANTINOP.

457 351 690 426 optabile
713 360 799 409 est
827 353 1106 424 adstringi,
1137 363 1195 409 ut
1222 355 1435 426 quando
1457 355 1607 425 dicit,
1637 355 1705 411 In
1729 355 1926 412 vinculo
1955 357 2037 412 di-

454 446 680 500 lectionis
713 443 943 517 (Epltes.
969 445 1023 500 ὁ.
1053 443 1122 517 3)
1151 465 1165 501 :
1191 455 1245 502 et
1263 487 1280 512 ,
1325 445 1473 513 Quod
1501 456 1574 502 est
1599 449 1852 504 vinculum
1875 454 2045 523 perfe-

452 538 634 591 ctionis
661 535 881 608 (Coloss.
909 537 964 591 3.
998 537 1105 609 ιι).
1141 538 1233 594 Est
1259 538 1419 594 etiam
1450 540 1720 596 vinculum
1760 541 1884 597 huic
1906 558 2041 598 con-

454 631 707 695 trarium,
740 637 796 683 ut
824 629 1037 699 quando
1061 629 1222 696 dicit,
1262 629 1466 686 Catenis
1495 643 1813 702 peccatorum
1837 652 2042 690 suorum

451 721 796 789 unusquisque
841 719 1176 792 adstringitur
1207 721 1405 793 (Prov.
1447 723 1502 778 5.
1537 723 1671 795 22).
1716 725 1772 780 ld
1803 725 2042 782 Christus

451 827 666 882 quoque
691 812 938 879 innuens,
963 813 1181 866 Abralue
1202 820 1388 879 autem,
1418 813 1706 884 inquiebat,
1729 817 1888 885 ﬁliam
1910 818 2042 871 hanc

450 919 484 956 a
512 912 692 956 satana
731 903 938 974 ligatam
981 920 1083 958 non
1128 903 1386 975 oportebat
1425 907 1554 960 solvi
1582 905 1743 978 (-Luc.
1767 908 1862 964 «I3.
1895 908 2038 981 l6);

454 1001 512 1048 et
542 993 706 1051 Isaias
733 994 800 1050 de
823 994 1037 1050 Christo
1061 1037 1075 1061 ,
1109 992 1243 1050 Dedi
1267 1005 1314 1050 te
1339 997 1392 1051 in
1419 1005 1766 1052 testamentum
1793 1000 2038 1070 gentium,

451 1088 698 1142 dicentem
726 1089 788 1141 iis
817 1089 903 1158 qui
927 1097 1040 1142 sunt
1066 1087 1118 1142 in
1144 1088 1374 1154 vinculis,
1409 1087 1726 1159 Egredimini
1754 1089 1920 1161 (Isai.
1942 1092 2038 1146 49.

449 1179 504 1236 8.
537 1181 633 1248 9).
683 1179 812 1236 Haec
853 1195 981 1251 ergo
1009 1181 1216 1236 vincula
1267 1181 1504 1253 dirupit,
1553 1198 1663 1238 non
1705 1185 1907 1238 solvit:
1940 1183 2044 1240 hoc

449 1273 592 1328 enim
619 1282 702 1328 est
734 1273 825 1328 illo
849 1273 1100 1343 amplius.
1145 1272 1299 1341 Quod
1343 1275 1392 1329 si
1436 1275 1558 1345 quis
1583 1276 1899 1332 etiam-velit
1927 1277 2042 1333 hinc

448 1375 664 1420 sumere
690 1363 1008 1434 anagogice,
1039 1363 1223 1418 dicens
1237 1363 1370 1420 haec
1407 1379 1528 1420 esse
1557 1365 1765 1420 vincula
1796 1377 2043 1436 peccato-

448 1469 590 1520 rum,
615 1461 669 1508 et
690 1462 855 1508 totum
877 1462 1112 1508 veterem
1136 1452 1430 1519 hominem,
1456 1454 1674 1510 minimc
1693 1457 2038 1512 aberraverit.

452 1545 550 1600 Est
579 1544 721 1600 aliud
749 1559 960 1616 quoque
982 1545 1252 1600 vinculum
1283 1543 1718 1615 pulcherrimum,
1741 1547 1881 1616 quod
1906 1548 2043 1604 Pau-

446 1638 531 1694 lus
554 1653 768 1708 semper
793 1639 1176 1694 circumferens
1199 1638 1411 1694 dicebat
1437 1656 1450 1692 :
1478 1637 1677 1694 Paulus
1697 1641 1891 1695 vinctus
1910 1639 2038 1696 Jesu

447 1732 634 1786 Christi
671 1730 902 1804 (Ephes.
934 1733 987 1786 ὃ.
1020 1732 1073 1786 1.
1106 1742 1152 1785 et
1180 1731 1233 1786 6.
1260 1730 1388 1801 20).
1433 1731 1502 1785 Ει
1539 1747 1726 1786 rursus
1749 1773 1764 1796 ,
1808 1731 1912 1786 Pro
1940 1749 2039 1803 quo

443 1823 598 1877 etiam
627 1823 822 1876 vinctus
849 1837 961 1876 sum
987 1822 1042 1874 iu
1069 1830 1250 1875 catena
1280 1819 1427 1890 (Act.
1457 1820 1548 1876 28.
1571 1820 1698 1892 20-).
1730 1822 1784 1877 8.
1815 1821 1924 1876 Tibi
1950 1839 2040 1876 sa-

448 1913 688 1982 criﬁcabo
719 1912 936 1966 hostiam
965 1913 1152 1967 laudis.
1197 1911 1329 1969 Vide
1357 1912 1624 1984 quomodo
1652 1914 1941 1985 superius,
1986 1926 2040 1971 et

449 2003 705 2070 inferius,
734 2011 788 2057 et
813 2003 1012 2074 ubique
1050 2003 1281 2059 exsolvit
1323 2005 1562 2059 eamdem
1596 2005 1704 2061 Deo
1730 2006 2038 2063 retributio-

449 2110 573 2150 nem
605 2112 618 2149 :
651 2095 897 2165 superius
925 2095 1140 2161 dicens,
1171 2093 1390 2150 Calicem
1415 2097 1652 2151 salutaris
1679 2099 1962 2168 accipiam,
1993 2112 2039 2154 et

448 2203 628 2241 nomen
672 2184 881 2241 Domini
905 2185 1188 2250 invocabo;
1217 2185 1331 2254 hic,
1363 2186 1475 2241 Tibi
1502 2189 1798 2258 sacriﬁcabo
1822 2189 2040 2244 hostium

447 2279 616 2333 laudis
635 2321 648 2346 ,
696 2278 800 2336 hoc
825 2288 908 2334 est
930 2320 945 2345 ,
993 2279 1204 2335 Gratias
1229 2295 1416 2350 agam,
1444 2279 1724 2336 Laudabo.
1758 2281 1824 2334 Et
1855 2299 2039 2337 nomen

445 2371 652 2425 Domini
681 2371 942 2426 invocabo.
975 2369 1136 2426 Vides
1163 2370 1431 2442 quomodo
1459 2381 1542 2428 cst
1565 2372 1889 2430 sacriﬁcium
1923 2373 2037 2430 lau-

447 2463 572 2518 dis?
605 2463 658 2518 9.
690 2461 822 2518 Vota
847 2479 958 2517 mea
979 2461 1199 2518 Domino
1229 2464 1451 2518 reddam
1467 2465 1521 2519 in
1560 2475 1834 2535 conspectu
1875 2467 2038 2521 omnis

447 2555 801 2625 papuli-ejus,
834 2555 922 2610 10.
954 2555 1007 2609 in
1033 2556 1175 2610 atriis
1202 2556 1381 2611 domus
1405 2555 1650 2622 Domini,
1691 2559 1744 2612 in
1772 2558 1936 2614 medio
1965 2561 2039 2614 tui

443 2644 753 2701 Jerusalem.
785 2645 895 2701 lloc
922 2654 1100 2700 autem
1129 2645 1389 2712 faciebat,
1421 2663 1526 2702 non
1555 2657 1612 2703 ut
1636 2663 1696 2704 se
1721 2659 2032 2718 ostentaret,

442 2751 543 2792 nec
572 2745 628 2791 ut
653 2736 878 2808 gloriam
905 2745 1162 2808 captaret,
1190 2737 1284 2793 sed
1312 2753 1501 2794 omnes
1527 2739 1594 2794 ad
1621 2754 1774 2796 suam
1804 2741 2036 2796 invitans

441 2831 828 2897 imitationem,
861 2839 916 2886 et
942 2831 1124 2886 volens
1164 2847 1259 2888 eos
1289 2831 1487 2888 habere
1527 2834 1705 2889 socios
1740 2835 2030 2904 gratiarum

439 2928 686 2982 actionis.
716 2925 867 2995 Quod
893 2925 1108 2997 quidem
1139 2924 1338 2980 faciunt
1367 2941 1556 2981 omnes
1579 2928 1771 2994 sancti,
1800 2943 1905 2982 non
1937 2927 2035 2981 ho-

441 3018 615 3073 mines
642 3018 847 3082 solum,
880 3015 974 3071 sed
1017 3015 1174 3071 etiam
1208 3031 1421 3071 mtinem
1445 3025 1752 3072 creaturam
1774 3058 1788 3082 ,
1822 3019 2036 3088 quando

441 3108 686 3165 beneﬁcii
715 3108 915 3179 aliquid
943 3108 1270 3178 acceperint,
1312 3117 1563 3164 vocantes
1587 3109 1656 3165 ad
1689 3109 1858 3166 laudis
1885 3126 2034 3166 com-

438 3201 767 3256 munionem.
797 3199 941 3255 Nihil
971 3212 1054 3256 est
1083 3201 1227 3255 enim
1248 3241 1264 3267 ,
1289 3200 1434 3270 quod
1467 3201 1604 3256 Deus
1627 3201 1834 3270 majore
1858 3203 2034 3260 studio

439 3292 842 3362 complectatur,
871 3306 1027 3362 quam
1055 3307 1175 3347 esse
1195 3301 1430 3360 gratum,
1449 3308 1564 3346 non
1586 3293 1760 3348 solum
1783 3294 2033 3351 in-rebus

439 3384 722 3450 secundis,
754 3383 848 3440 sed
883 3384 1045 3438 etiam
1076 3384 1128 3438 in
1176 3384 1436 3439 adversis.
1485 3383 1596 3439 Hoc
1634 3392 1719 3441 est
1765 3386 2030 3456 praecipue

443 3475 653 3541 hostia,
687 3474 788 3530 hoc
816 3475 1048 3529 maxima
1095 3475 1314 3530 oblatio.
1353 3476 1437 3532 Ila
1480 3475 1582 3531 Job
1625 3478 2028 3548 praedicabatur,

438 3570 510 3626 ita
536 3569 748 3633 Paulus,
775 3568 844 3623 ita
865 3567 1028 3623 Jacob
1053 3585 1067 3622 :
1093 3568 1165 3623 ita
1191 3569 1550 3640 unusquisque
1569 3569 1857 3640 iustorum,
1885 3574 2029 3643 pium

439 3676 593 3716 suum
622 3669 673 3715 et
693 3668 904 3731 gratum
933 3659 986 3713 in
1018 3659 1182 3715 Deum
1220 3661 1455 3716 animum
1484 3663 1714 3718 maxime
1742 3664 1794 3718 in
1825 3676 2031 3736 tempo-

437 3769 556 3809 rum
579 3752 891 3808 difﬁcultate
912 3751 1218 3807 ostendens.
1238 3752 1483 3822 Idipsum
1509 3767 1607 3808 nos
1631 3770 1844 3825 quoque
1871 3755 2030 3811 lacia~

440 3863 582 3914 nius,
606 3855 661 3903 et
681 3847 1156 3917 gratiasperpetuo
1176 3861 1344 3916 agere.
1359 3861 1782 3916 perseveremus,
1812 3857 1868 3902 ut
1889 3849 2028 3904 bona

437 3943 598 4000 etiam
629 3949 827 3999 aeterna
868 3952 1297 4008 consequamur:
1330 3955 1448 4008 qua:
1474 3939 1629 3994 detur
1669 3941 1822 3996 nobis
1848 3943 2026 3996 omni-

438 4037 537 4092 bus
558 4035 832 4106 conscqui,
853 4034 1022 4106 gratia
1049 4042 1103 4088 et
1123 4033 1449 4104 benignitate
1475 4033 1682 4088 Domini
1713 4035 1878 4090 nostri
1900 4035 2025 4092 .lesu

437 4131 670 4196 Christi,
699 4129 784 4184 cui
812 4128 982 4200 gloria
1011 4135 1065 4182 et
1093 4126 1374 4197 imperium
1395 4167 1410 4193 ,
1440 4141 1581 4182 nunc
1619 4135 1676 4182 et
1701 4141 1942 4197 semper,
1971 4137 2028 4183 ot

438 4224 490 4278 in
520 4221 716 4280 saecula
744 4221 1086 4277 macularum.
1117 4220 1313 4274 Amen.

900 4351 968 4406 IN
1007 4349 1327 4406 PSALM‘UM
1375 4345 1556 4403 CXVI.

436 4467 487 4520 1.
519 4460 748 4518 Landate
772 4460 1048 4515 Dominum
1067 4499 1080 4522 ,
1107 4475 1278 4513 omnes
1300 4469 1470 4530 gentes
1494 4499 1509 4522 ,
1539 4459 1744 4512 laudate
1769 4474 1882 4512 eum
1908 4475 2020 4513 om-

506 4570 594 4609 nes
641 4551 838 4620 populi.
880 4549 934 4603 2.
980 4548 1232 4615 Quoniam
1275 4549 1576 4617 conﬁrmata
1623 4558 1694 4603 est
1736 4565 1887 4617 super
1929 4567 2021 4605 nos

485 4643 854 4700 misericordia
880 4644 990 4712 ejus
1008 4684 1024 4710 ,
1061 4651 1110 4696 et
1137 4642 1319 4696 veritas
1345 4640 1553 4696 Domini
1585 4653 1751 4696 manet
1779 4643 1833 4697 in
1865 4653 2019 4698 teter-

502 4755 643 4794 num.

389 4837 394 4846 ’
506 4849 686 4908 Cuivis
720 4847 921 4904 clarum
961 4854 1076 4913 est,
1119 4844 1235 4900 lunc
1261 4861 1379 4916 qua:
1417 4845 1555 4901 dicta
1593 4854 1716 4901 sunt
1742 4861 1862 4903 esse
1893 4863 2016 4918 pro-

432 4945 667 5016 phetiam
695 4940 952 4997 Ecclesia:
981 4937 1312 4994 credentium
1329 4977 1348 5004 ,
1377 4947 1433 4993 et
1458 4936 1858 5008 praedictionem
1885 4955 2020 5009 prte-

428 5035 711 5092 dicationis
758 5048 878 5104 quae
920 5031 1226 5088 universum
1273 5029 1460 5085 orbem
1510 5037 1670 5084 terra:
1715 5032 2011 5100 occupavit.

427 5129 610 5200 Neque
636 5127 780 5183 enim
807 5139 964 5180 unam
983 5163 1000 5191 ,
1033 5122 1168 5178 duas
1194 5130 1286 5176 aut
1313 5131 1421 5177 tres
1445 5119 1782 5175 solummodo
1807 5133 2013 5190 gentes,

428 5221 524 5278 sed
552 5231 770 5286 teriam,
799 5227 854 5274 et
878 5218 1186 5274 universum
1217 5230 1363 5270 mare
1388 5222 1542 5269 vocat
1570 5212 1832 5268 Psalmus.
1863 5213 2015 5282 Quod

425 5316 586 5369 etiam
631 5311 848 5377 evenit,
877 5308 1089 5381 quando
1127 5307 1326 5364 Christi
1360 5305 1619 5362 adventus
1661 5305 2009 5376 resplenduit.

429 5403 634 5463 Deinde
679 5403 809 5459 dicit
835 5403 996 5459 etiam
1035 5413 1250 5456 causam
1292 5397 1518 5465 salutis,
1549 5411 1643 5454 eos
1688 5411 1879 5465 nempe
1908 5411 2012 5452 non

424 5513 491 5555 ex
525 5495 764 5569 propriis
795 5489 983 5560 lactis,
1017 5509 1117 5550 nec
1155 5508 1222 5549 ex
1250 5493 1356 5548 vita
1378 5533 1394 5558 ,
1423 5505 1524 5546 nec
1550 5506 1615 5546 ex
1661 5488 1850 5546 ﬁducia
1869 5529 1885 5556 ,
1918 5489 2011 5545 sed

427 5603 494 5646 ex
537 5586 650 5642 sola
689 5583 782 5640 Dei
815 5583 1101 5640 clementia
1143 5591 1384 5638 servatos
1428 5595 1569 5638 esse.
1597 5578 1914 5649 Confirmata
1939 5589 2012 5634 est

428 5681 571 5738 enim
595 5719 614 5749 ,
657 5677 848 5747 inquit,
893 5690 1042 5748 super
1066 5690 1158 5731 nos
1197 5673 1546 5755 misericordia
1585 5672 1739 5744 ejus:
1783 5670 1885 5730 hoc
1908 5681 2009 5736 est,

3631 248 3736 305 8'13

2154 368 2337 414 coacta
2365 366 2450 414 est
2475 366 2529 412 et
2553 357 2772 424 coaluit,
2803 357 3062 429 ﬁrmaque
3091 359 3345 415 acaulida
3364 359 3512 418 Tacta
3541 375 3656 430 est,
3686 378 3740 422 et

2154 459 2304 519 petra
2333 447 2592 504 stabilior.
2639 449 3026 512 lncrementum
3051 452 3462 522 enim-quotidie
3495 455 3736 524 suscipit.

2152 539 2220 595 Et
2245 541 2428 595 veritas
2467 541 2577 609 ejus
2609 549 2780 593 manet
2823 541 3168 594 inaternum.
3194 541 3346 598 Tunc
3371 543 3514 598 enim
3544 546 3738 601 veritas

2151 633 2383 688 maxime
2408 632 2755 704 resplenduit.
2797 632 2922 688 Ideo
2959 643 3136 688 autem
3180 633 3258 689 sic
3290 634 3458 702 dixit,
3484 637 3735 704 quoniam

2151 733 2332 780 vetera
2385 725 2472 778 illa
2517 732 2671 779 erant
2710 735 2866 796 typus
2889 731 2944 780 et
2978 724 3165 794 ﬁgura.
3211 724 3323 779 Iloc
3360 725 3531 796 ipsum
3573 725 3737 797 signi-

2151 817 2322 873 ficans
2345 832 2560 887 quoque
2587 816 2934 886 evangelista,
2965 817 3177 872 dicebat
3209 834 3221 870 :
3257 817 3366 871 Lex
3389 835 3479 887 per
3505 817 3735 890 Moysen:

2149 909 2273 962 data
2299 917 2396 974 est,
2427 909 2594 979 gratia
2617 918 2662 962 et
2700 910 2882 963 veritas
2907 926 2997 980 per
3019 907 3480 965 Iesum-Christum
3497 915 3638 982 facta
3661 923 3736 967 est

2151 999 2331 1073 (Joan.
2367 1003 2418 1058 1.
2449 1001 2562 1072 17).

2609 1133 2678 1191 ΙΝ
2716 1133 3034 1192 PSALMUM
3071 1134 3278 1194 CXVII.

2149 1250 2203 1306 1.
2227 1247 2548 1322 Conﬁlemini
2573 1249 2795 1306 Domino
2820 1255 3059 1324 quoniam
3084 1255 3262 1323 bonus,
3285 1256 3525 1327 quoniam
3549 1256 3602 1312 in
3632 1272 3731 1313 sa:-

2590 1345 2761 1399 cnlum
2787 1347 3134 1402 misericordia
3162 1349 3290 1418 ejus.

2219 1455 2272 1509 1.
2315 1452 2523 1510 Dictum
2550 1455 2767 1526 quidem
2799 1457 2994 1514 Psalmi
3025 1459 3164 1528 quod
3205 1463 3480 1518 consuevit
3509 1465 3732 1534 populus

2147 1545 2432 1602 succinere
2461 1548 2560 1619 (α),
2590 1547 2691 1602 hoc
2715 1557 2797 1603 est
2822 1566 2835 1602 :
2867 1548 2994 1603 Haec
3010 1559 3089 1604 est
3111 1549 3218 1604 dies
3239 1567 3392 1622 quam
3417 1553 3534 1623 fecit
3553 1553 3730 1609 Domi.

2145 1650 2262 1700 nus,
2287 1639 2594 1692 exsultemus
2625 1649 2674 1692 et
2711 1639 2938 1694 ltetemur
2964 1640 3016 1693 in
3045 1657 3105 1694 ea
3131 1657 3148 1694 :
3170 1641 3310 1710 quod
3337 1650 3396 1698 et
3421 1646 3616 1700 multos
3641 1662 3723 1701 ex-

2145 1727 2308 1796 citat,
2352 1737 2408 1784 et
2437 1729 2540 1786 hoc
2575 1732 2808 1786 maxime
2831 1733 2973 1788 solet
2999 1732 3243 1803 .populns
3275 1733 3369 1788 illo
3397 1736 3654 1805 Spirituali
3677 1745 3736 1792 et

2143 1818 2346 1875 caelesti
2389 1810 2526 1876 festo
2567 1823 2864 1880 succinere.
2909 1822 3016 1878 Nos
3041 1833 3217 1879 autem
3239 1865 3255 1889 ,
3285 1826 3328 1879 si
3356 1840 3452 1880 vos
3478 1827 3634 1881 vultis
3657 1869 3673 1892 ,
3708 1839 3738 1876 a

2144 1911 2319 1981 capite
2347 1922 2403 1967 et
2427 1913 2868 1970 abinitio‘totum
2889 1915 3169 1970 Psahnum
3198 1932 3600 1987 persequamur,
3627 1935 3729 1974 non

2144 2015 2174 2054 a
2206 2017 2362 2057 versu
2391 2003 2480 2073 qui
2513 2005 2836 2068 succinitur,
2881 2006 2976 2062 sed
3005 2006 3215 2076 ab-ipso
3258 2008 3480 2064 exordio
3516 2011 3730 2080 exposi-

2145 2092 2344 2148 tionem
2391 2095 2722 2152 inchoantes.
2769 2097 2992 2154 Versum
3022 2101 3165 2155 enim
3196 2100 3378 2156 Patres
3411 2103 3626 2166 nostri,
3677 2114 3730 2158 ut

2144 2187 2233 2256 qui
2263 2197 2406 2244 esset
2430 2203 2675 2255 sonorus,
2704 2198 2760 2246 et
2784 2191 3010 2247 sublime
3034 2192 3246 2263 aliquod
3271 2193 3462 2264 dogma
3493 2195 3730 2249 contine-

2145 2287 2260 2344 ret,
2307 2279 2559 2350 populum
2604 2281 2886 2337 suceinere
2929 2293 3261 2349 sanxerunt,
3302 2285 3732 2355 quandoquidem

2146 2377 2313 2424 totum
2342 2370 2613 2426 Psalmum
2643 2371 2952 2442 ignorabat,
2981 2382 3038 2426 ut
3062 2373 3146 2428 vel
3174 2373 3298 2427 hinc
3322 2373 3606 2442 perlectam
3631 2374 3731 2431 do-

2143 2464 2367 2517 ctriuam
2409 2465 2732 2533 acciperent.
2783 2463 2947 2520 Nobis
2990 2475 3168 2520 autem
3213 2480 3434 2521 necesse
3477 2476 3562 2521 est
3602 2481 3727 2523 eum

2145 2563 2312 2610 totum
2359 2557 2642 2627 persequi,
2671 2557 2772 2612 etsi
2800 2573 2920 2626 (μιᾶς
2948 2567 3070 2613 sunt
3102 2557 3153 2612 in
3183 2558 3360 2613 medio
3388 2558 3524 2628 ejus,
3552 2559 3729 2614 maxi-

2141 2662 2283 2701 mam
2319 2646 2548 2703 habeant
2579 2648 2937 2717 prophetiam.
2970 2648 3067 2702 Ilic
3091 2648 3233 2703 enim
3259 2648 3460 2704 dictum
3476 2658 3570 2706 est
3591 2667 3604 2703 :
3627 2649 3729 2704 La-

2142 2739 2312 2810 pidem
2335 2755 2484 2811 quem
2507 2740 2898 2811 reprobaverunl
2925 2741 3254 2810 ludiﬁcantes,
3270 2740 3364 2794 -ltic
3388 2741 3555 2810 factus
3583 2752 3655 2796 est
3680 2742 3730 2797 in

2138 2842 2292 2901 caput
2319 2833 2495 2904 anguli
2523 2833 2606 2902 (υ.
2639 2831 2710 2886 22
2725 2832 2769 2903 ).
2811 2831 2962 2901 Quod
2989 2832 3202 2902 quidem
3231 2831 3478 2887 Christus
3515 2847 3730 2903 quoque

2139 2924 2272 2980 dixit
2291 2923 2488 2998 Iudaeis
2512 2924 2732 2996 (Matth.
2757 2925 2848 2978 21.
2871 2925 2995 2994 42),
3024 2924 3184 2994 paulo
3208 2924 3424 2994 quidem
3443 2926 3734 2981 obscurius

2140 3017 2338 3087 (adhuc
2365 3017 2611 3072 enim-ira
2655 3016 2964 3082 fervebant,
3005 3017 3121 3087 ipse
3159 3025 3335 3072 autem
3364 3031 3484 3072 eam
3516 3017 3728 3072 nolebat

2137 3109 2435 3166 accendere
2465 3127 2479 3164 :
2508 3108 2941 3164 Calamum'enim
2968 3109 3235 3162 contritum
3277 3124 3379 3162 non
3414 3109 3726 3179 confringet,

2137 3213 2184 3258 et
2213 3204 2657 3275 linumfumigans
2685 3218 2787 3256 non
2810 3203 3089 3272 exstinguet
3122 3200 3282 3274 [Isai.
3309 3201 3398 3255 42.
3428 3199 3495 3273 5]
3515 3200 3564 3272 ),
3596 3202 3730 3257 dixit

2139 3303 2336 3348 tamen.
2367 3292 2754 3364 Aggrediamur
2773 3307 2900 3362 ergo
2922 3291 3190 3346 Psalmum
3210 3289 3277 3345 ab
3299 3291 3414 3360 ipso
3441 3295 3722 3361 prommio,

2136 3384 2292 3440 sicuti
2313 3383 2423 3454 jam
2449 3383 2698 3438 diximus.
2727 3382 2879 3450 Quod
2909 3391 2988 3437 est
3027 3397 3155 3453 ergo
3196 3383 3557 3452 prooemium?
3594 3383 3726 3438 Cou-

2135 3477 2348 3545 [itemini
2373 3475 2614 3542 Domino,
2645 3473 3066 3545 quoniam-bonus
3085 3515 3100 3541 ,
3125 3475 3362 3544 quoniam
3395 3476 3448 3529 in
3483 3479 3726 3530 secutum

2135 3569 2636 3638 misericordia-ejus.
2663 3568 2795 3622 Nam
2822 3582 2942 3622 cum
2970 3575 3150 3622 mente
3177 3567 3428 3636 agitasset
3465 3570 3723 3637 prophcla

2135 3659 2282 3716 orbis
2326 3669 2483 3714 terra:
2524 3657 2878 3724 beneﬁcium,
2918 3667 2975 3713 et
3015 3672 3302 3727 perennem
3341 3657 3720 3729 benignitatem

2135 3769 2198 3810 ac
2221 3753 2560 3810 clementiam
2590 3767 2749 3822 quam
2794 3751 2850 3806 in
2892 3750 3139 3806 omnibus
3181 3750 3413 3806 ostendit
3443 3751 3719 3818 Dominus,

2135 3853 2294 3900 vocat
2323 3843 2483 3898 simul
2523 3857 2714 3898 omnes
2740 3841 2805 3896 ad
2839 3841 3076 3911 agendas
3105 3840 3300 3910 gratias
3322 3881 3338 3906 ,
3368 3841 3601 3895 maximo
3628 3858 3720 3896 ca-

2136 3939 2245 4009 pite
2291 3938 2552 3993 bonorum
2593 3936 2708 4005 ejus
2752 3936 2805 3989 in
2851 3933 3029 3988 medio
3074 3934 3263 4003 posito.
3313 3932 3366 3988 2.
3400 3932 3550 3987 Dicat
3589 3951 3720 3987 nunc

2131 4034 2314 4088 domus
2342 4032 2548 4095 Israel,
2591 4032 2829 4104 quoniam
2857 4031 3030 4084 bonus
3053 4071 3067 4094 ,
3113 4031 3353 4099 quoniam
3385 4031 3438 4082 in
3477 4030 3717 4084 saculum

2131 4125 2475 4180 misericordia
2502 4125 2632 4194 ejus.
2664 4122 2802 4191 Quid
2831 4121 3007 4176 dicis!
3035 4120 3230 4174 Domus
3256 4119 3441 4188 Israel,
3473 4136 3594 4190 qua:
3618 4135 3710 4175 ca-

2131 4217 2399 4288 ptivitates
2423 4229 2672 4286 perpessa
2703 4223 2786 4268 est
2815 4211 3250 4276 innumerabiles,
3272 4227 3390 4281 quae
3415 4214 3466 4265 in
3485 4209 3715 4282 Egypto

2129 4309 2368 4374 servivit,
2402 4322 2521 4379 quas
2547 4309 2599 4362 in
2627 4306 2774 4362 orbis
2804 4313 3064 4360 terrarum
3095 4315 3333 4358 extrema
3357 4303 3582 4359 abducta
3611 4313 3709 4368 est,

2127 4418 2247 4472 qua:
2273 4402 2326 4455 in
2353 4399 2632 4455 Palaestina
2661 4397 2809 4452 mille
2847 4396 3092 4452 toleravit
3133 4394 3492 4450 afflictiones?
3535 4397 3708 4461 Certe,

2127 4496 2319 4566 inquit.
2353 4495 2389 4548 li
2417 4495 2558 4548 enim
2590 4501 2714 4546 sunt
2741 4491 2856 4560 ejus
2884 4489 3143 4556 bonorum
3171 4489 3358 4558 optimi
3387 4497 3572 4554 testes,
3603 4505 3712 4542 ma-

2119 4587 2347 4658 joraque
2371 4593 2426 4640 et
2450 4584 2706 4653 ampliora
2736 4589 3058 4652 acceperunt
3082 4594 3239 4650 quam
3269 4579 3380 4634 alii.
3409 4580 3707 4646 Quinetiam

2124 4683 2227 4738 hoc
2258 4683 2428 4753 ipsum
2455 4677 2596 4749 quod
2629 4675 2767 4746 passi
2811 4684 2963 4738 sunt,
2995 4681 3080 4728 est
3119 4680 3490 4742 argumentum
3535 4672 3710 4741 magni

2123 4777 2386 4834 beneficii.
2414 4773 2471 4830 Si
2491 4774 2610 4844 quis
2629 4781 2806 4826 autem
2827 4769 3110 4838 diligenter
3126 4765 3529 4828 examinaverit,
3550 4767 3707 4819 etiam

2123 4885 2221 4941 pro
2255 4866 2452 4924 Christi
2481 4865 2710 4920 adventu
2749 4871 3164 4918 consentaneum
3193 4866 3277 4912 est
3316 4870 3410 4911 eos
3449 4857 3708 4911 maximas

2123 4977 2282 5034 agere
2307 4960 2524 5031 gratias.
2555 4958 2665 5013 Etsi
2694 4956 2835 5011 enim
2859 4954 3085 5008 adversa
3110 4950 3249 5022 passi
3275 4957 3420 5014 sunt,
3450 4947 3502 5004 id
3531 4957 3705 5003 tamen

2122 5074 2227 5113 non
2258 5055 2327 5110 ab
2351 5069 2418 5110 eo
2444 5053 2534 5122 qui
2561 5050 2736 5116 venit,
2774 5048 2868 5103 sed
2898 5046 2966 5100 ab
2994 5060 3180 5100 eorum
3219 5041 3557 5112 improbitate
3588 5057 3712 5108 pro-

2121 5152 2318 5207 fectum
2346 5159 2445 5203 est.
2479 5147 2598 5216 Ipse
2625 5142 2766 5197 enim
2798 5139 2864 5194 ad
2892 5153 2986 5194 eos
3015 5135 3292 5202 veniebat,
3321 5143 3375 5187 et
3402 5132 3712 5203 frequenter

2119 5242 2330 5300 dicebat
2360 5256 2376 5292 :
2415 5236 2540 5292 Non
2569 5235 2749 5288 missus
2793 5247 2903 5285 sum
2943 5229 3040 5283 nisi
3077 5227 3144 5280 ad
3171 5241 3284 5280 oves
3311 5239 3427 5295 qua
3454 5223 3710 5294 perimat

2120 5338 2301 5392 domus
2331 5329 2498 5388 Israel
2523 5326 2738 5400 (Matth.
2766 5325 2850 5380 15.
2878 5322 2984 5391 24)
3010 5339 3026 5389 ;
3053 5328 3108 5378 et
3133 5316 3408 5389 discipulis
3439 5332 3456 5372 :
3481 5313 3550 5372 In
3574 5316 3653 5372 via
3665 5332 3712 5368 m

2193 5488 2264 5552 τα)
2291 5483 2798 5559 (ὶυίίξ.είιε.ρεαέη.ιξιπε
2823 5477 3454 5559 δξιέσἪῗέέῗτξῗψέῖἒξξῖλ
3481 5475 3699 5559 Ἧὲὶπιξξ

2131 5536 2278 5612 supra
2301 5536 2356 5599 in
2396 5536 2583 5596 Monito
2605 5545 2665 5594 ad
2693 5545 2819 5592 Psal.
2850 5543 2923 5592 ll.
2951 5536 3450 5612 Igitur'hic_'versus,
3492 5536 3597 5612 lucc
3627 5541 3699 5612 est

2131 5576 2278 5686 ξζὲἓῗ
2300 5576 2583 5686 ξείὀῗῖζῖ
2603 5576 2923 5686 minus:
2946 5576 3101 5669 {1335'
3129 5576 3265 5666 ὅδὲ(
3279 5576 3701 5665 ΞίιῖἓόἰοὲἭιιῖιιῖ

2136 5667 2314 5726 malini
2339 5667 2511 5725 versus
2535 5667 2874 5732 repetebatur.
