4088 6274
431 541 532 598 323

431 657 652 726 gentium
681 671 743 710 ne
769 654 991 709 abieritis
1014 670 1035 709 :
1055 655 1123 709 ite
1150 655 1316 723 potius
1355 653 1421 706 ad
1455 667 1569 706 oves
1602 666 1719 722 qua:
1753 651 2003 721 perierunt

434 753 611 805 domus
636 748 802 803 Israel
828 746 1050 817 (Matth.
1077 746 1164 801 10.
1191 744 1260 816 5)
1282 761 1299 810 ;
1325 754 1381 800 et
1408 743 1719 798 Chananieat
1746 758 1760 794 :
1786 740 1907 795 Non
1935 749 2006 795 est

436 843 618 896 bonum
638 839 868 908 accipere
890 854 1070 909 panem
1097 838 1320 904 ﬁliorum
1344 845 1390 890 et
1412 835 1536 890 dare
1562 834 1768 891 canibus
1793 831 2001 903 (Matth.

437 933 521 987 l5.
550 931 662 1001 26).
690 926 884 985 Omnia
914 928 1057 983 enim
1093 928 1280 998 agelmt
1313 936 1366 983 et
1410 925 1723 995 procurabat
1760 938 1861 993 pro
1886 923 2003 976 illo-

433 1037 546 1077 rnm
576 1021 767 1076 salute.
812 1019 963 1088 Quod
989 1019 1034 1073 si
1060 1018 1158 1074 visi
1186 1027 1313 1074 sunt
1344 1016 1541 1086 indigni
1569 1013 1829 1072 beneﬂcio
1850 1053 1865 1079 ,
1896 1010 2029 1067 suis

433 1112 723 1167 sceleribus
769 1111 1070 1182 imputem,
1115 1116 1170 1163 et
1208 1120 1418 1163 suinme
1464 1120 1563 1162 suo
1604 1104 1799 1174 ingrati
1843 1101 2006 1157 animi

429 1202 659 1256 crimini.

500 1292 786 1348 Sacerdotii
812 1290 1054 1360 dignitas.
1077 1318 1149 1329 —
1172 1288 1225 1344 5.
1278 1285 1422 1341 Dicat
1446 1286 1625 1340 domus
1665 1282 1836 1338 Aaron
1879 1296 2004 1350 (μου

431 1384 565 1437 niam
605 1382 764 1437 bonus
781 1422 798 1448 ,
825 1382 1065 1452 quoniam
1109 1379 1163 1434 iu
1211 1377 1452 1433 arculum
1493 1373 1836 1429 misericordia
1873 1372 2002 1442 ejus.
2040 1368 2049 1377 ’

431 1474 524 1529 llic
554 1482 709 1529 vocat
744 1472 1050 1528 sacerdotes
1092 1470 1378 1540 separatim
1418 1470 1483 1523 ad
1511 1467 1694 1523 laudes
1717 1465 2002 1528 canendus,

429 1567 716 1621 ostendens
742 1579 899 1635 quam
936 1563 1005 1617 sit
1043 1562 1314 1617 excellens
1341 1558 1713 1614 sacerdotium.
1738 1555 1870 1611 Nam
1898 1569 2006 1625 quo

430 1670 583 1713 erant
607 1656 723 1711 aliis
767 1656 999 1725 majores
1018 1695 1033 1717 ,
1064 1668 1130 1707 eo
1158 1654 1412 1719 majorem
1442 1668 1470 1704 a
1498 1650 1609 1705 Deo
1636 1649 1854 1719 gloriam
1880 1662 2008 1701 con-

430 1750 639 1819 sequuti
665 1758 805 1810 sunt,
835 1762 941 1801 non
966 1746 1137 1799 solum
1164 1743 1303 1814 quod
1330 1742 1395 1796 ad
1422 1740 1777 1796 sacerdotium
1797 1737 2003 1803 attinet,

432 1840 525 1895 sed
550 1838 709 1893 etiam
742 1836 880 1907 quod
915 1835 981 1890 ad
1005 1835 1107 1889 alia
1145 1835 1341 1887 omnia.
1389 1831 1597 1887 Etenim
1623 1828 1834 1900 quando
1873 1827 2007 1897 ignis

433 1930 693 1984 demissus
711 1939 811 1995 est,
837 1936 1051 2005 propter
1070 1941 1167 1982 eos
1184 1925 1444 1980 demissus
1462 1933 1566 1989 est,
1586 1932 1640 1978 et
1665 1931 1801 1977 terra
1824 1929 2005 1991 aperta

418 2002 535 2081 est,
566 2029 620 2075 et
642 2019 784 2089 virga
810 2002 1128 2089 germinavit
1153 2015 1294 2088 (Lev.
1325 2016 1409 2070 10.
1436 2014 1472 2069 2
1495 2031 1510 2080 ;
1543 2014 1702 2068 Num.
1730 2013 1816 2068 l6.
1844 2013 1931 2067 52.
1958 2021 2006 2066 et

433 2114 521 2166 l7.
546 2110 659 2183 18),
686 2121 740 2166 et
762 2111 860 2164 alia
890 2111 1164 2163 innumera
1192 2116 1407 2177 promer
1431 2107 1594 2174 ipsos,
1625 2106 1731 2159 imo
1757 2118 1885 2158 vero
1909 2117 2005 2171 pro

432 2203 560 2273 ipsis
585 2200 836 2256 miracula
859 2204 1001 2261 facta
1028 2207 1172 2252 sunt.
1213 2198 1267 2252 4.
1300 2195 1486 2248 Dieant
1513 2209 1685 2249 omnes
1719 2194 1806 2263 qui
1833 2192 2006 2246 tintent

430 2292 704 2346 Dominum
722 2331 738 2357 ,
769 2290 1008 2360 quamam
1036 2290 1193 2343 bonus
1211 2328 1226 2353 ,
1256 2286 1490 2356 quoniam
1515 2285 1569 2338 in
1594 2284 1833 2340 secutum
1857 2283 2006 2336 mise-

429 2383 650 2436 ricordia
675 2382 805 2451 ejus.
836 2380 878 2435 li
902 2381 1044 2433 enim
1071 2387 1195 2433 sunt
1219 2378 1308 2446 qui
1333 2376 1561 2431 maxime
1580 2384 1801 2445 possunt
1824 2375 2007 2429 videre

366 2472 381 2488 ⁸
428 2475 546 2545 ejus
589 2473 967 2545 benignitatem
988 2513 1003 2539 ,
1042 2481 1097 2527 et
1122 2486 1220 2541 per
1252 2470 1428 2524 omnia
1454 2469 1661 2524 discere
1692 2467 2002 2522 bonitatem.

427 2566 562 2635 Quid
605 2575 688 2622 est
728 2575 945 2630 autem,
995 2563 1244 2630 Quoniam
1286 2566 1340 2616 in
1382 2559 1622 2616 secutum
1662 2557 2006 2612 misericordia

425 2658 538 2727 ejus
558 2657 586 2710 7
615 2655 896 2725 Perpetua,
923 2654 1121 2723 inquit,
1155 2670 1260 2707 non
1291 2654 1604 2722 interrupta,
1633 2650 1727 2706 sed
1750 2651 1803 2706 in
1829 2650 2004 2703 omni-

427 2747 527 2802 bus
551 2755 606 2803 et
630 2762 729 2817 per
753 2746 930 2802 omnia
955 2744 1329 2815 resplendens,
1354 2752 1410 2799 et
1434 2758 1493 2797 se
1514 2741 1822 2797 ostendens.
1854 2738 2006 2809 Quod

428 2840 474 2894 si
501 2839 652 2893 multi
682 2853 800 2893 eam
827 2853 934 2893 non
970 2845 1230 2901 cernunt,
1263 2844 1481 2905 pr0pter
1506 2833 1767 2890 ratiocinii
1792 2833 1874 2887 sui
1902 2832 2003 2886 im-

430 2930 771 2985 becillitatem
798 2944 904 2983 non
928 2935 1174 2983 cernunt.
1218 2925 1352 2982 Nam
1382 2925 1417 2980 ii
1444 2925 1602 2979 etiam
1632 2937 1855 2994 quorum
1879 2921 2006 2992 aegri

434 3031 560 3073 sunt
585 3020 720 3074 oculi
743 3059 763 3084 ,
800 3034 864 3074 ea
891 3019 1121 3074 maxime
1148 3018 1218 3073 de
1245 3032 1406 3073 causa
1445 3017 1609 3071 solem
1640 3030 1748 3069 non
1784 3014 2002 3075 vident:

434 3110 874 3179 quemadmodum
912 3126 1013 3166 nec
1054 3110 1141 3181 qui
1179 3110 1295 3166 sani
1336 3116 1499 3177 sunt,
1541 3122 1756 3177 semper
1784 3114 2007 3178 possunt

432 3218 552 3258 eum
574 3203 737 3257 oculis
760 3203 976 3271 intueri,
1004 3210 1221 3274 prepter
1247 3216 1514 3257 summum
1536 3200 1872 3270 splendorem
1893 3216 1911 3254 :
1932 3199 2005 3253 ita

431 3309 532 3351 nec
572 3296 814 3351 universa
858 3296 952 3351 Dei
991 3294 1320 3366 providentia
1362 3295 1594 3365 perfecte
1639 3293 1765 3348 sciri
1809 3300 2001 3362 potest,

427 3388 567 3459 quod
588 3403 799 3444 omnem
823 3389 842 3421 ¹
866 3388 1150 3443 humanam
1177 3389 1435 3444 rationem
1461 3386 1616 3458 longe
1634 3394 1848 3457 superet
1868 3385 2007 3440 illius

428 3479 725 3550 prudentiae
752 3486 808 3533 et
837 3478 1110 3549 sapientiae
1139 3476 1464 3547 magnitudo.

501 3569 800 3636 directiones
837 3569 1034 3624 oculum
1054 3570 1245 3633 ,mentis
1268 3578 1569 3625 excwcantes
1609 3579 1727 3639 quot
1774 3577 1905 3622 sunt.
1936 3597 2009 3608 ——

428 3660 564 3716 Sunt
578 3662 737 3715 etiam
755 3660 935 3716 multae
950 3659 1276 3723 affectiones,
1289 3675 1406 3731 qua:
1420 3660 1595 3714 stultis
1611 3674 1752 3730 smpe
1763 3659 2008 3713 tenebras

428 3752 727 3816 offundunt,
746 3762 800 3807 et
819 3751 1055 3807 efficiunt
1082 3762 1137 3807 ut
1152 3767 1268 3807 eam
1287 3752 1503 3806 omnino
1522 3751 1699 3806 videre
1720 3759 2002 3821 nequeant.

428 3843 664 3898 Primum
704 3842 918 3913 quidem
972 3857 1125 3896 amor
1169 3841 1453 3911 voluptatis
1501 3859 1515 3894 :
1554 3840 1801 3912 quocirca
1847 3841 2005 3895 etiam

428 3948 547 4001 quae
567 3941 691 3987 sunt
708 3932 955 3988 omnibus
983 3930 1261 3987 manifesta
1288 3942 1628 4003 praetereunt.
1658 3931 1857 3987 Deinde
1884 3947 2005 3986 cum

431 4025 495 4079 iis
520 4033 605 4080 est
630 4024 944 4095 ignorantia,
972 4012 1027 4079 et
1051 4026 1243 4079 mentis
1271 4023 1606 4093 perversitas.
1634 4025 1823 4078 Annon
1853 4024 2009 4093 igitur

428 4114 716 4169 absurdum
744 4125 847 4178 est,
878 4115 921 4168 si
946 4113 1128 4170 videas
1156 4114 1368 4185 quidem
1396 4122 1597 4184 patrem
1625 4112 1793 4167 [ilium
1816 4112 2007 4167 verbe-

352 4202 353 4205 “
431 4215 657 4273 rantem,
685 4206 735 4262 id
765 4205 989 4275 probare
1016 4214 1071 4260 et
1095 4205 1329 4269 laudare,
1357 4214 1412 4260 et
1439 4205 1522 4259 vel
1547 4219 1615 4259 eo
1646 4206 1872 4259 maxime
1906 4220 2007 4257 no-

432 4299 575 4352 mine
603 4306 805 4367 patrem
836 4297 1140 4352 existimare
1180 4316 1195 4352 :
1239 4298 1281 4351 si
1326 4298 1464 4351 Deus
1489 4306 1663 4351 autem
1692 4295 1817 4350 velit
1845 4294 1912 4349 de
1944 4296 2007 4351 iis

430 4403 550 4458 quae
589 4387 724 4442 facta
764 4397 888 4442 sunt
913 4428 929 4452 ,
977 4402 1165 4458 pinnas
1215 4402 1445 4451 sumere,
1495 4386 1750 4457 indignari
1780 4394 1834 4441 et
1868 4401 2010 4456 aegre

433 4478 611 4535 ferre?
635 4478 770 4547 Quid
797 4487 975 4534 autem
1011 4478 1175 4549 possit
1203 4493 1323 4534 esse
1360 4477 1459 4533 hac
1486 4477 1832 4548 perversitate
1857 4476 2008 4532 dete-

431 4571 564 4636 rius,
591 4585 713 4626 cum
742 4586 805 4627 ea
846 4586 966 4640 quae
1008 4579 1131 4625 sunt
1165 4571 1305 4626 inter
1332 4586 1390 4626 se
1418 4571 1704 4636 contraria,
1750 4584 1891 4640 aegre
1933 4568 2012 4625 fe-

435 4670 574 4723 rant,
604 4675 744 4715 nune
782 4660 996 4731 quidem
1024 4659 1284 4724 dolentes,
1317 4660 1455 4729 quod
1482 4660 1737 4729 supplicia
1769 4675 1872 4713 non
1899 4659 2012 4713 exi-

433 4760 541 4819 gat,
574 4767 714 4807 nunc
733 4760 932 4818 autem,
959 4751 1101 4822 quod
1126 4751 1339 4823 exigat?
1363 4752 1584 4819 Quando
1612 4753 1754 4807 enim
1782 4751 2012 4806 viderint

432 4844 640 4913 aliquos
668 4843 953 4912 rapientes,
980 4852 1033 4898 et
1060 4843 1111 4897 in
1143 4842 1278 4897 bona
1305 4842 1526 4897 aliorum
1558 4842 1884 4908 invadentes,
1916 4857 2015 4897 vo-

435 4931 551 4986 lunt
573 4948 667 4986 eos
689 4932 817 4987 dare
842 4948 1059 5002 poenas;
1086 4932 1298 5002 quando
1319 4947 1446 4986 vero
1473 4932 1680 5002 seipsos
1707 4941 2008 5002 peccantes,

435 5024 653 5080 minime
684 5041 696 5077 :
723 5025 864 5090 quod
897 5024 1111 5095 quidem
1139 5034 1222 5079 est
1248 5023 1517 5093 depravati
1544 5034 1597 5079 et
1621 5025 1856 5093 corrupti
1895 5024 2013 5079 ani-

439 5115 531 5169 mi.
556 5116 781 5170 Accedit
820 5115 900 5170 his
927 5116 1161 5180 tertium,
1194 5115 1332 5182 quod
1371 5114 1610 5169 nesciant
1642 5114 1768 5184 quid
1812 5116 1881 5169 sit
1924 5118 2016 5170 bo-

439 5221 586 5266 num,
618 5205 840 5276 quidsit
878 5205 1095 5270 malum,
1122 5205 1216 5260 sed
1245 5207 1297 5259 in
1325 5220 1501 5260 rerum
1525 5205 1724 5274 judicio
1751 5206 2014 5269 labantur,

438 5298 578 5365 quod
622 5299 763 5352 malo
805 5298 1155 5363 delectentur,
1188 5308 1241 5353 et
1283 5298 1389 5352 sint
1422 5297 1675 5367 prepensi
1705 5296 1771 5351 ad
1811 5298 2014 5352 vitium.

438 5392 733 5457 Quartum,
779 5390 920 5460 quod
966 5405 1183 5446 suorum
1236 5399 1571 5458 peccatorum
1613 5389 1871 5444 rationem
1912 5405 2020 5442 non

441 5482 645 5537 ineunt.
690 5481 984 5548 Quintum,
1033 5481 1175 5552 quod
1217 5490 1424 5535 vastum
1479 5481 1549 5536 sit
1595 5489 1650 5536 et
1703 5483 2019 5536 immensum

441 5571 515 5640 id,
543 5573 684 5644 quod
716 5574 856 5627 inter
883 5574 1047 5628 Deum
1077 5583 1132 5628 et
1161 5572 1401 5627 homines
1439 5571 1738 5626 intercedit.
1778 5571 2017 5637 Sextum,

442 5666 584 5735 quod
628 5681 733 5720 non
763 5665 891 5720 velit
931 5664 1072 5719 Deus
1112 5664 1287 5717 omnia
1332 5664 1528 5733 ubique
1565 5662 1867 5728 ostendere,
1898 5664 2020 5734 quia

445 5772 636 5826 nempe
664 5755 937 5810 sufﬁciunt
963 5769 1080 5823 quae
1103 5753 1236 5808 ﬂunt
1257 5755 1546 5825 sigillatim.

514 5849 569 5904 2.
600 5848 693 5903 Dei
715 5845 1080 5901 administratio
1098 5854 1149 5897 ut
1168 5847 1554 5916 contemplanda
1571 5855 1617 5902 et
1641 5847 2023 5919 investiganda;

516 5965 529 5994 '
554 5969 658 6020 Vox
702 5973 905 6019 onmem,
919 5959 1063 6008 deest
1080 5962 1130 6008 'm
1150 5956 1290 6014 Savil.

1520 535 1876 593 EXI‘OSITIO
1914 534 1979 591 IN
2015 534 2333 592 PSALMUM
2367 535 2574 596 CXV".

3578 549 3681 605 530

2111 647 2249 703 Deus
2273 659 2458 721 quanto
2478 650 2760 706 hominibus
2785 652 3109 719 clementior;
3129 654 3445 725 afﬂictione:-
3458 674 3547 713 cur
3568 677 3683 730 per-

2109 739 2271 794 mittat
2300 740 2452 795 Deus.
2481 771 2553 782 —
2570 741 2684 797 Non
2710 752 2918 813 oportet
2944 760 3069 814 ergo
3093 745 3312 801 nimium
3332 749 3680 816 contendere,

2108 841 2166 883 ut
2194 829 2247 885 in
2278 831 2523 887 omnibus
2559 833 2732 887 discas
2763 835 2855 890 Dei
2876 835 3380 893 administrationem
3403 838 3495 911 (de
3523 842 3684 901 rebus

2108 920 2249 975 enim
2289 921 2560 978 inmensis
2585 926 2972 992 contendimus,
3001 936 3053 982 et
3075 942 3195 998 quas
3217 939 3449 986 creatam
3470 947 3683 990 omnem

2109 1020 2349 1066 naturam
2403 1013 2558 1082 longe
2601 1020 2876 1087 superant)
2914 1035 2929 1073 :
2972 1033 3066 1075 eos
3108 1029 3285 1077 Mein
3330 1023 3419 1093 qui
3450 1027 3682 1081 camvel

2107 1102 2283 1172 aliqua
2312 1119 2376 1159 ex
2405 1114 2556 1174 parte
2591 1114 2716 1165 sunt
2761 1108 3044 1177 cognituri,
3072 1120 3291 1180 oportet
3325 1106 3463 1171 esse
3486 1115 3686 1173 tiberne

2108 1191 2176 1247 ab
2201 1192 2265 1247 iis
2293 1208 2425 1263 quas
2446 1194 2557 1263 jam
2594 1195 2828 1261 diximus
2853 1198 3240 1268 affectionibus,
3291 1216 3347 1260 et
3381 1219 3501 1261 eam
3530 1206 3681 1262 vide-

2107 1283 2239 1339 bunt
2265 1286 2380 1341 sole
2397 1287 2611 1353 clarius,
2641 1289 2764 1344 licet
2795 1306 2901 1346 non
2925 1306 3138 1349 omnem
3173 1313 3191 1352 :
3223 1306 3282 1353 et
3311 1312 3433 1355 eum
3459 1314 3575 1355 eam
3614 1316 3682 1357 ex

2109 1382 2260 1442 parte
2302 1373 2605 1442 didicerint,
2651 1392 2750 1448 pro
2790 1381 3045 1439 universa
3074 1396 3231 1456 agent
3262 1389 3481 1458 gratias.
3513 1390 3568 1446 Β.
3604 1389 3686 1446 Ds

2109 1459 2430 1521 tribulatione
2452 1470 2676 1525 invocavi
2706 1471 2998 1541 Dominum,
3026 1486 3074 1533 et
3110 1481 3363 1536 exaudivit
3387 1498 3467 1538 me
3489 1482 3543 1538 in
3566 1484 3683 1539 lati-

2109 1557 2298 1609 tudine.
2329 1556 2520 1614 Vidisti
2556 1560 2847 1618 bonitatem
2890 1574 2943 1621 et
2969 1566 3346 1625 clementiam?
3383 1571 3498 1626 Non
3525 1573 3679 1640 dixit,

2111 1647 2267 1702 Eram
2293 1649 2481 1721 dignus
2500 1668 2515 1716 ;
2545 1669 2649 1708 non
2670 1654 2820 1719 diuit,
2842 1655 2952 1711 Mea
2974 1668 3118 1714 recte
3144 1659 3281 1716 facta
3296 1664 3503 1720 ostendi
3526 1683 3542 1731 ;
3563 1666 3680 1731 sed,

2107 1738 2365 1806 Inuocaui,
2387 1743 2581 1808 solum,
2608 1754 2661 1799 et
2698 1748 2825 1801 satis
2852 1747 2948 1802 fuit
2971 1751 3141 1805 oratio
3162 1767 3277 1807 mea
3304 1754 3373 1809 ad
3395 1756 3681 1812 tollendam

2107 1831 2480 1889 calamitatem.
2517 1834 2665 1900 Quod
2707 1836 2865 1891 etiam
2904 1838 3032 1893 dicit
3073 1840 3125 1894 in
3157 1841 3463 1913 Egyptiis:
3499 1844 3684 1901 Videns

2107 1920 2209 1975 vidi
2232 1922 2543 1992 aﬂlictionem
2583 1926 2761 1995 papuli
2801 1927 2918 1994 mei,
2966 1937 3014 1983 et
3060 1929 3294 1986 descendi
3336 1943 3392 1989 ut
3438 1936 3681 2003 eriperem

2107 2029 2192 2067 eos
2237 2011 2430 2086 (Exod.
2456 2016 2513 2071 5.
2560 2016 2638 2087 7).
2682 2016 2796 2072 Non
2842 2019 3012 2075 dixit:
3046 2021 3163 2076 Vidi
3209 2024 3458 2080 virtutem
3502 2027 3681 2097 populi

2110 2107 2233 2169 mei,
2261 2107 2345 2161 vel
2364 2107 2480 2176 ejus
2502 2110 2845 2169 mutationem
2874 2113 2941 2168 ad
2962 2114 3013 2170 id
3039 2116 3179 2184 quod
3204 2124 3287 2172 est
3313 2119 3539 2173 melius:
3563 2120 3681 2186 sed,

2108 2195 2479 2264 Afﬂictionem,
2503 2208 2558 2254 et
2577 2216 2761 2256 eorum
2786 2203 3074 2261 clamorem
3101 2206 3362 2263 exandivi.
3395 2206 3553 2265 Vides
3587 2225 3682 2279 pa-

2110 2297 2242 2343 trem
2273 2288 2556 2359 benignum
2574 2302 2628 2348 et
2647 2294 3067 2363 misericordem,
3094 2297 3182 2366 qui
3204 2298 3375 2353 solum
3399 2297 3502 2354 fert
3525 2316 3682 2370 opem

2111 2390 2326 2449 propter
2346 2382 2705 2437 calamitates?
2732 2386 2887 2455 Atqui
2916 2401 3016 2443 nec
3043 2388 3178 2457 apud
3205 2389 3448 2446 homines
3468 2394 3682 2463 quidem

2108 2471 2429 2541 quicumque
2456 2473 2726 2544 affligitur,
2766 2476 2958 2547 dignus
3001 2485 3084 2534 est
3123 2481 3213 2549 qui
3247 2491 3513 2537 servetur.
3549 2484 3681 2538 Cum

2110 2561 2303 2616 multos
2329 2563 2505 2633 itaque
2525 2564 2764 2620 videmus
2786 2565 3009 2623 famulos
3042 2567 3222 2638 ﬂagris
3248 2571 3381 2625 andi
3405 2581 3459 2629 et
3490 2588 3675 2641 excrea

2107 2652 2256 2719 ciari,
2287 2668 2380 2708 eos
2422 2669 2527 2709 non
2572 2649 2906 2729 dimittimus,
2942 2658 3342 2737 consider-antes
3382 2678 3537 2731 quam
3566 2681 3687 2735 gra-

2109 2743 2247 2798 viter
2292 2746 2563 2814 peccarint
2593 2763 2607 2800 :
2640 2745 2778 2802 Deus
2820 2755 2998 2803 autem
3043 2764 3113 2806 ex
3152 2752 3265 2806 sola
3296 2752 3587 2810 aﬂlictione
3607 2755 3687 2810 di-

2110 2834 2289 2889 misit:
2318 2850 2491 2906 neque
2512 2852 2579 2892 ex
2617 2837 2904 2894 aﬂlictione
2940 2842 3303 2898 tantummodo
3327 2844 3556 2913 eripuit,
3589 2846 3682 2900 sed

2110 2939 2350 2994 magnam
2381 2926 2541 2980 etiam
2584 2928 2921 2983 securitatem
2958 2929 3232 2999 impertiit.
3280 2930 3574 2998 Exaudiant,
3604 2935 3684 2990 in-

2107 3014 2242 3084 quit,
2281 3031 2361 3069 me
2404 3015 2460 3070 in
2493 3015 2779 3072 latitudine.
2825 3018 3121 3085 Quinetiam
3166 3021 3383 3079 afﬂictio
3427 3023 3549 3080 ideo
3589 3024 3686 3080 fuit

2108 3120 2382 3172 concessa,
2410 3117 2468 3163 ut
2504 3123 2599 3164 eos
2627 3110 2717 3178 qui
2746 3108 3050 3181 afﬂiguntur
3074 3112 3323 3170 meliores
3360 3115 3605 3171 redderet
3631 3126 3685 3172 et
3710 3184 3715 3189 δ

2107 3198 2455 3267 sapientiores
2483 3198 2523 3253 ἢ
2552 3198 2607 3254 6.
2649 3198 2900 3255 Dominus
2941 3201 3064 3255 mihi
3091 3203 3315 3274 adjutor,
3358 3221 3458 3261 non
3503 3195 3711 3261 timebo

2106 3291 2226 3359 quid
2244 3290 2399 3360 faciat
2421 3291 2545 3346 milii
2576 3293 2743 3347 homo.
2779 3293 2962 3349 Vidisti
2994 3296 3185 3350 mentis
3207 3296 3578 3354 altitudinem?
3601 3278 3683 3354 vi?

2108 3382 2230 3438 disti
2251 3399 2495 3455 magnum
2522 3386 2785 3454 spiritum,
2810 3388 2897 3457 qui
2926 3388 2994 3443 ita
3015 3403 3170 3458 supra
3192 3388 3472 3446 humanam
3491 3406 3685 3448 ascen-

2107 3472 2185 3527 dit
2212 3473 2646 3543 imbecillitatem,
2670 3485 2725 3531 ut
2746 3491 2957 3532 omnem
2984 3489 3224 3533 naturam
3250 3480 3540 3552 despiciat?
3561 3483 3685 3539 Haec

2108 3582 2215 3621 non
2240 3567 2411 3622 solum
2440 3569 2775 3624 succinamus
2805 3569 2898 3642 (a),
2940 3570 3033 3627 sed
3064 3571 3215 3628 factis
3246 3573 3405 3629 etiam
3429 3575 3684 3632 ostenda-

2110 3672 2246 3712 mus.
2278 3657 2394 3713 Non
2422 3659 2572 3727 dixit,
2596 3659 2677 3715 Nil
2702 3661 2912 3730 patiar:
2938 3663 3056 3726 sed,
3102 3662 3226 3719 Non
3254 3665 3432 3721 tintebo
3456 3667 3576 3736 quid
3613 3669 3686 3738 fa-

2109 3748 2209 3803 ciat
2236 3749 2361 3803 mihi
2381 3748 2550 3804 homo.
2572 3750 2684 3806 Hoc
2702 3760 2804 3815 est,
2833 3751 3049 3809 Etiamsi
3080 3755 3271 3823 patiar,
3297 3771 3404 3810 non
3432 3756 3630 3811 tiittebn
3661 3774 3676 3810 :

2111 3840 2161 3895 id
2185 3842 2357 3912 ipsum
2379 3841 2562 3897 dicens
2582 3843 2725 3913 quod
2749 3843 2944 3916 Paulus
2972 3862 2985 3899 :
3019 3843 3079 3899 Si
3108 3844 3246 3899 Deus
3271 3862 3364 3915 pro
3391 3845 3553 3909 nobis,
3575 3847 3686 3918 quis

2108 3943 2285 3987 contra
2305 3949 2396 3988 nos
2415 3933 2592 4004 (Rom.
2618 3933 2674 3989 8.
2700 3934 2840 4005 δην
2869 3934 3026 4004 Atqui
3051 3944 3232 3990 centm
3257 3936 3402 4005 ipsos
3426 3920 3579 3993 erant
3603 3938 3686 3991 in-

2111 4022 2485 4089 numerabiles,
2514 4022 2609 4077 sed
2635 4037 2729 4077 eos
2753 4023 2883 4077 nihil
2911 4022 3228 4079 offendebat.
3244 4022 3521 4091 Quomodo
3540 4027 3682 4080 enim

2111 4128 2216 4168 non
2239 4112 2397 4168 fuerit
2419 4113 2581 4167 animi
2607 4112 2758 4168 valde
2777 4114 2959 4182 pusilli
2996 4124 3050 4169 et
3073 4113 3284 4184 abjecti,
3317 4123 3373 4170 ut
3413 4116 3501 4185 qui
3528 4115 3689 4171 habet

2113 4204 2392 4259 Dominum
2424 4203 2706 4273 propitium
2734 4218 2797 4258 ac
2827 4204 3139 4258 benevolum
3158 4245 3175 4269 ,
3203 4219 3491 4260 conservos
3516 4208 3684 4275 perti-

2114 4295 2344 4351 mescat?
2371 4293 2476 4351 Sed
2514 4295 2600 4349 hic
2624 4308 2730 4349 non
2759 4302 2841 4348 est
2871 4293 3166 4363 ejusmodi;
3193 4294 3289 4349 sed
3325 4303 3406 4350 est
3438 4296 3685 4352 omnibus

2111 4387 2371 4456 ejusmodi
2394 4385 2669 4441 timoribus
2696 4386 2839 4442 omni
2882 4399 2950 4440 ex
2975 4396 3123 4455 parte
3161 4382 3421 4454 superior.
3457 4387 3566 4441 Hoc
3601 4388 3682 4457 ip-

2112 4492 2229 4532 sum
2281 4491 2380 4532 nos
2405 4490 2614 4547 quoque
2656 4473 2949 4541 faciamus,
2997 4489 3066 4530 ne
3095 4490 3192 4529 nos
3240 4476 3445 4531 Domini
3489 4479 3685 4531 auxilio

2115 4567 2400 4637 privemus,
2427 4565 2567 4637 quod
2611 4564 2839 4620 humana
2867 4563 3232 4620 formidamus.
3275 4564 3385 4621 lloc
3427 4575 3511 4621 est
3545 4568 3683 4621 enim

2114 4672 2300 4715 eorum
2329 4657 2417 4727 qui
2468 4657 2559 4713 Dei
2604 4655 2857 4711 auxilium
2883 4656 3200 4711 contumelia
3241 4655 3494 4712 afficiunt.
3542 4658 3689 4725 Quo-

2060 4750 2063 4751 ⁷
2114 4749 2254 4804 circa
2276 4748 2468 4802 dicitur
2510 4744 2764 4802 Ezechias
2810 4759 2998 4814 passus
3043 4760 3162 4802 esse
3199 4762 3319 4817 quae
3361 4762 3546 4817 passus
3586 4759 3684 4813 est,

2116 4842 2256 4913 quod
2296 4855 2417 4895 cum
2459 4840 2539 4899 sol
2582 4838 2859 4895 resiliisset
2905 4847 2959 4894 et
3003 4841 3397 4895 retrocessisset
3439 4840 3690 4912 gradibus

2181 4974 2203 5040 ξ
2213 4979 2335 5040 ἰήσει,
2345 4968 2958 5040 smiauiores,addit5avﬂ.
2969 4968 3017 5040 in
3030 4969 3486 5040 marg.,tpwdetian
3495 4970 3692 5021 accidit.

2182 5034 2255 5096 (α)
2279 5043 2337 5083 ,ιιι
2359 5030 2463 5084 haec
2484 5035 2655 5093 verba,
2678 5040 2794 5082 mea
2813 5044 2908 5081 non
2928 5030 3081 5096 saltm:
3101 5030 3419 5096 succinctius,
3445 5039 3563 5096 etc.,_
3576 5046 3693 5095 gra-

2118 5090 2198 5162 vis
2215 5090 2366 5162 oritur
2386 5090 2656 5162 difﬁcultas.
2678 5100 2792 5162 tiam
2827 5105 2937 5162 qua;
2960 5090 3043 5141 ille
3066 5091 3169 5162 vult
3191 5093 3414 5162 populum
3441 5090 3694 5162 succijiere

2119 5156 2211 5207 hoc
2229 5157 2353 5214 loco,
2377 5164 2491 5207 sunt
2514 5159 2664 5206 verba
2678 5153 2775 5213 illa,
2798 5151 3024 5203 Dominus
3044 5151 3160 5203 mihi
3179 5151 3500 5214 Μάνιον-,ηπ
3523 5151 3698 5203 timebo

2119 5221 2235 5281 quid
2253 5217 2400 5282 faciat
2420 5217 2540 5282 mihi
2553 5218 2709 5282 homo.
2732 5216 2864 5282 Unde
2877 5216 3020 5277 sequi
3045 5214 3233 5282 videtur
3252 5215 3378 5282 hunc
3394 5226 3590 5264 versum
3615 5228 3696 5264 es-

2119 5275 2177 5330 Se
2192 5275 2486 5343 responsum
2518 5280 2662 5343 hujus
2685 5276 2871 5333 Psalmi,
2899 5275 2968 5324 et‘
2985 5275 3340 5343 postsingulosA
3363 5287 3534 5343 versus
3553 5289 3700 5343 _a_po-

2120 5342 2236 5407 pulo
2431 5332 2746 5407 recitandum,
2771 5345 2825 5388 ut
2863 5332 3010 5386 antea
3032 5332 3303 5385 notavimus
3322 5338 3371 5386 in
3387 5332 3700 5407 Expositione

2123 5399 2399 5472 psalmin
2428 5415 2454 5472 τί
2473 5403 2604 5472 atqui
2628 5402 2772 5472 hujus
2795 5410 2965 5472 versus
2983 5409 3269 5472 responsum
3303 5404 3426 5472 erat,
3448 5399 3564 5449 Hac
3595 5399 3700 5449 dies

2123 5459 2268 5527 quam
2288 5462 2399 5527 fecit
2426 5459 2668 5527 (patinas,
2693 5459 2790 5510 etc.
2815 5460 2933 5527 Hinc
2963 5471 3080 5508 vero
3092 5459 3314 5518 sequitur
3334 5459 3464 5527 lianc
3485 5473 3700 5527 versum.

2124 5519 2355 5577 immitius
2509 5523 2720 5590 adjutor,
2737 5534 2833 5569 non
2856 5519 3008 5590 fuisse
3022 5531 3312 5590 responsum
3334 5521 3480 5590 hujus
3502 5521 3698 5590 Psabni:

2124 5599 2290 5648 neque
2315 5586 2445 5634 enim
2465 5580 2945 5648 hoc'chrysostomus
2962 5580 3097 5637 dicit,
3122 5592 3286 5642 neque
3309 5580 3436 5632 aliu'd
3458 5584 3703 5648 quidpiam

2126 5602 2190 5638 ne
2224 5602 2290 5636 ue
2315 5602 2445 5634 enuu
2465 5602 2559 5633 uoc
2585 5602 2945 5647 uurywamuua
2962 5602 3097 5637 utut,
3122 5602 3286 5642 uulua
3309 5602 3436 5632 auuu
3458 5602 3703 5648 qluuptam

2126 5602 2256 5714 unde
2279 5649 2380 5714 hoc
2392 5647 2543 5708 possit
2583 5644 2772 5714 indnci;
2806 5654 2975 5714 verum
3013 5654 3224 5714 auguror
3255 5657 3542 5707 responsum
3565 5646 3706 5714 hujus

2128 5710 2296 5774 psalmi
2318 5703 2487 5774 fuisse,
2503 5703 2903 5774 (tivc_dies,'quod
2928 5711 3036 5772 post
3055 5703 3276 5774 singulos
3295 5703 3467 5757 versus
3484 5720 3515 5757 a
3536 5703 3706 5774 male

2129 5765 2488 5829 succinebatur;
2500 5767 2626 5829 illud
2645 5780 2781 5827 vero,
2795 5765 3029 5829 ‘Dominus
3052 5765 3172 5816 utihi
3190 5769 3405 5829 adjutor,
3428 5782 3522 5819 non
3536 5765 3708 5819 timebo

2129 5834 2247 5896 quid
2271 5831 2416 5896 faciat
2440 5828 2570 5896 mihi
2588 5830 2753 5886 homo,
2783 5830 2893 5896 quia
2926 5828 2984 5877 ad
3014 5828 3280 5896 institutum
3304 5828 3414 5880 vitae
3436 5832 3708 5896 christiana

2129 5889 2585 5960 opportunissimum
2600 5899 2720 5946 erat,
2735 5889 2891 5960 semel
2913 5892 3176 5960 repetitum
3199 5890 3348 5943 fuisse
3369 5905 3395 5940 δ
3419 5890 3706 5954 pollutum).

2138 5952 2353 6023 sitiente.
2379 5958 2424 6005 td
2447 5954 2737 6017 conjecturae
2762 5959 2941 6004 tantum
2967 5952 3070 6001 loco
3087 5955 3168 6003 sit.
