4088 6274
375 481 518 540 ’551’

378 609 514 668 quos
541 584 892 647 descenderat
922 581 1000 650 (4.
1046 574 1172 644 Reg.
1226 572 1316 625 20.
1361 566 1475 633 11),
1507 571 1560 616 et
1599 559 1792 612 factum
1821 555 1964 605 esset

382 649 592 759 signum
611 678 750 752 quod
768 681 946 746 posset
968 681 1158 726 omnes
1184 656 1582 728 ohstupefacere
1594 665 1688 704 eos
1701 649 1788 716 qui
1806 655 1968 698 vene-

385 739 527 844 ra‘itt,
550 783 606 829 nt
627 739 742 827 lucc
757 765 1131 834 intelligerent.
1157 769 1337 811 nonex
1356 750 1431 805 eis
1447 761 1563 817 qua!
1582 739 1831 797 divinitus
1842 749 1969 790 eve-

1343 842 1354 844 ς
1399 840 1410 844 -
1806 837 1842 844 κ.
1876 840 1895 844 _
1911 823 1936 844 μ

389 823 598 930 nera'nt,
617 862 712 918 sed
733 875 801 916 ex
820 857 980 913 rebus
1004 847 1248 906 humanis
1271 840 1440 898 voluit
1459 845 1777 911 perterrere,
1796 837 1848 881 et
1873 823 1970 878 ad-

392 961 590 1015 ducere
614 955 668 1010 io
697 947 1126 1007 admirationem,
1153 939 1348 994 timens
1377 945 1444 985 ne
1482 928 1549 983 ab
1576 926 1655 980 eis
1693 918 1975 994 invadere-

390 1063 509 1116 tur;
536 1045 738 1105 et-ideo
765 1041 846 1098 eis
871 1037 1148 1092 thesauros
1195 1023 1446 1085 ostendit,
1490 1019 1693 1073 habens
1727 1025 1874 1080 Spem
1921 1008 1976 1062 in

391 1100 678 1198 thesauris.
704 1136 879 1201 Quare
902 1131 1038 1182 Deus
1064 1123 1320 1183 irritatus,
1348 1111 1626 1182 Accipient,
1651 1104 1839 1173 inquit.
1871 1100 1978 1154 lure

391 1232 564 1288 omnia
583 1229 660 1300 (ι.
702 1198 831 1295 mg.
858 1221 949 1276 ao.
983 1218 1071 1287 t7)
1105 1233 1118 1270 :
1159 1213 1259 1266 hoc
1290 1215 1394 1288 est,
1428 1219 1490 1258 ea
1517 1203 1571 1256 in
1604 1198 1795 1269 quibus
1834 1202 1978 1247 tuam

392 1341 542 1397 spem
568 1296 802 1392 reponis,
832 1314 1024 1385 quibus
1067 1302 1312 1364 conﬁdis.
1345 1296 1507 1354 Israel
1534 1303 1744 1363 quoque
1767 1297 1983 1341 accusa-

394 1379 504 1480 tur,
533 1379 674 1485 quod
706 1379 944 1482 pecuniis
971 1412 1026 1458 et
1051 1398 1202 1469 equis
1223 1390 1575 1450 confiderent.
1608 1379 1867 1449 Quocirca
1889 1388 1984 1430 eos

401 1513 648 1566 admonet
673 1500 926 1576 propheta
952 1539 968 1564 ,
996 1503 1056 1550 ut
1075 1506 1137 1548 ex
1168 1491 1232 1545 iis
1251 1499 1369 1557 qua:
1393 1489 1517 1537 sunt
1535 1473 1798 1533 contraria
1819 1471 1984 1524 Deum

403 1605 641 1665 placent,
675 1559 730 1651 et
752 1559 928 1648 dicant
992 1585 1159 1653 Super
1179 1593 1330 1651 equos
1345 1590 1445 1629 non
1465 1566 1787 1625 ascendemus
1815 1559 1967 1627 (Osee

404 1695 490 1750 li.
531 1652 786 1762 4).’Dens
815 1691 870 1738 te
899 1652 1148 1739 honorat,
1177 1679 1232 1726 et
1252 1677 1307 1723 tu
1337 1679 1458 1721 eum
1489 1653 1826 1716 contemnis?
1850 1652 1990 1706 Deus

406 1795 459 1839 te
484 1741 731 1841 honorat,
759 1787 914 1828 suum
942 1767 1035 1822 tibi
1073 1761 1328 1817 auxilium
1349 1753 1670 1826 promittens
1702 1764 1716 1800 :
1747 1754 1800 1802 et
1827 1746 1890 1799 tu
1925 1741 1988 1796 ad

409 1877 668 1928 humanas
695 1880 818 1936 spes
846 1856 1111 1927 confugis,
1150 1860 1204 1908 et
1242 1847 1492 1904 inanima:
1517 1840 1773 1900 materne,
1802 1847 1995 1903 nempe

411 1963 672 2040 pecuniis,
701 1956 890 2012 salutis
926 1965 1074 2020 spem
1108 1938 1440 2002 committis?
1481 1935 1596 1990 Non
1635 1931 1827 2001 quaerit
1853 1926 1994 1982 enim

1135 2038 1144 2040 ξ
1278 2033 1290 2040 ⁸
1449 2037 1459 2040 Α
1523 2026 1543 2040 ⁵
1588 2039 1624 2040 re
1675 2039 1686 2040 κ
1750 2019 1911 2040 ιῒ-ΙΔ-
1945 2025 1994 2040 ι..

410 2019 584 2115 solum
610 2019 846 2114 servare,
876 2019 969 2099 sed
998 2041 1048 2096 id
1076 2038 1236 2093 etiam
1278 2033 1498 2088 honeste
1521 2026 1716 2080 facere.
1750 2019 1916 2073 Valde
1945 2025 1998 2071 te

619 2109 672 2200 et
719 2109 843 2197 ideo
866 2147 918 2193 te
953 2135 1020 2191 ab
1055 2129 1301 2188 omnibus
1341 2121 1632 2184 abducens,
1665 2112 1868 2182 sibiipsi
1900 2109 1996 2163 ad-

411 2205 583 2313 iungit
611 2256 624 2292 :
656 2244 711 2291 et
749 2229 926 2287 omnia
953 2232 1255 2294 amputans,
1284 2215 1350 2271 ad
1379 2214 1612 2282 seipsum
1639 2205 1870 2265 adducit,
1903 2216 2000 2270 per

416 2292 580 2313 l""D"
1047 2292 1055 2294 ν

416 2355 477 2391 ea
505 2347 622 2404 qua:
650 2328 773 2384 facit
800 2315 1180 2394 propemodum
1209 2311 1393 2365 dicens
1422 2322 1438 2361 :
1466 2303 1522 2358 lu
1551 2315 1637 2355 me
1663 2312 1810 2367 spem
1838 2292 1997 2356 habe,

1390 2396 1405 2404 ⁸
1492 2395 1522 2404 -
1593 2391 1630 2404 ’⁵
1723 2389 1736 2400 ⁹
1823 2403 1827 2404 ν
1883 2383 1997 2404 “.20.!

418 2439 472 2481 et
496 2383 582 2479 me
622 2428 882 2491 perpetuo
902 2412 1123 2465 observa
1151 2413 1204 2458 et
1229 2396 1461 2455 attende.
1492 2395 1543 2447 7.
1586 2389 1833 2444 Dominus
1879 2383 2004 2438 mihi

420 2521 647 2590 adjutor,
696 2521 741 2566 et
789 2525 878 2579 ego
905 2501 1178 2573 despiciam
1222 2491 1450 2547 inimicos
1499 2501 1653 2540 meos.
1698 2480 1853 2535 Vides
1881 2490 2003 2531 eum

1539 2585 1550 2590 -
1629 2589 1633 2590 ν
1694 2587 1741 2590 --
1768 2571 1781 2590 ι
1807 2569 1911 2590 τι--
1942 2565 2003 2590 ..1-

425 2565 530 2666 nan
557 2607 923 2664 ulciscentem,
946 2605 1119 2661 neque
1141 2598 1324 2658 poenas
1347 2585 1668 2640 sumentem,
1691 2571 1783 2627 sed
1806 2569 1915 2623 Deo
1939 2565 2007 2621 de

423 2706 536 2763 suis
562 2696 790 2756 inimicis
814 2689 1100 2746 vindictam
1127 2678 1507 2736 remittentem.

725 2749 839 2841 Deo
867 2783 1030 2843 bona;
1050 2790 1162 2846 spes
1189 2772 1242 2825 in
1263 2767 1461 2822 homine
1483 2757 1798 2832 periculosa;
1822 2754 1874 2806 in
1901 2749 2009 2804 Do-

428 2841 570 2944 mind
608 2893 662 2938 ut
702 2873 1028 2950 sperandum.
1077 2894 1149 2907 ——
1194 2861 1247 2917 8.
1301 2857 1500 2912 Bonum
1545 2859 1614 2906 est
1663 2844 1916 2926 conﬁdere
1958 2841 2013 2894 in

435 2979 678 3040 Domino,
704 2985 855 3042 quam
883 2959 1136 3031 confidere
1158 2955 1212 3008 in
1242 2948 1459 3004 homine.
1487 2943 1540 2998 9.
1580 2940 1776 2995 Bonum
1801 2941 1872 2989 est
1897 2948 2013 3002 spe-

431 3069 646 3128 rare‘in
695 3060 930 3121 Domino,
960 3065 1112 3122 quam
1154 3057 1358 3115 sperare
1420 3038 1472 3090 in
1529 3030 1857 3105 principibus.
1898 3025 2014 3079 Non

435 3167 553 3218 haec
571 3156 698 3214 dicit
717 3167 813 3223 per
839 3139 1311 3214 comparationem,
1337 3128 1428 3185 sed
1455 3123 1730 3180 consuevit
1746 3117 2015 3186 Scriptura

436 3216 544 3310 hac
562 3249 638 3306 uti
665 3216 829 3316 figura
857 3241 909 3294 in
937 3238 1003 3292 iis
1029 3233 1188 3289 etiam
1216 3239 1338 3297 qua:
1365 3236 1468 3276 non
1495 3216 1777 3272 admittunt
1799 3224 2016 3279 compa-

439 3305 730 3403 rationem:
755 3339 970 3404 propter
995 3319 1410 3380 imbecillitatem
1437 3323 1623 3366 eorum
1655 3305 1743 3375 qni
1774 3313 1899 3357 tunc
1927 3317 2021 3355 att-

906 3433 1032 3486 ergo
1050 3413 1177 3468 dicit
1203 3416 1538 3475 comparans,
1571 3397 1664 3454 sed
1712 3411 1772 3451 se
1809 3393 1873 3448 ad
1901 3392 2020 3446 illo-

443 3541 560 3583 rum
581 3527 792 3589 captum
815 3483 1118 3567 demit—tens.
1143 3501 1211 3556 Et
1239 3497 1360 3553 ideo
1380 3493 1512 3548 alius
1531 3502 1741 3560 quoque
1765 3483 2021 3556 propheta

445 3575 618 3673 *ς
649 3575 950 3664 λιαιεάίτιαε
977 3595 1138 3652 omnis
1159 3591 1245 3662 qui
1272 3595 1438 3658 sperat
1467 3584 1521 3637 in
1558 3580 1757 3635 homine
1779 3575 1907 3649 (Jer.
1935 3576 2023 3629 17.

575 3702 706 3760 nihil
733 3705 815 3753 est
837 3693 977 3751 enim
1011 3704 1072 3745 ea
1099 3701 1194 3756 spe
1217 3681 1464 3744 debilius,
1487 3683 1570 3731 est
1595 3674 1787 3745 quippe
1809 3670 1891 3725 vel
1921 3669 2024 3723 tela

448 3761 658 3854 aII-anes:
707 3784 1058 3846 imbecillior:
1088 3779 1196 3834 imo
1235 3787 1368 3828 vero
1405 3784 1510 3823 non
1539 3776 1621 3821 est
1647 3764 1818 3819 solum
1863 3761 2029 3815 imbc.

447 3891 592 3953 cilia,
625 3878 970 3940 verumetiam
1001 3867 1315 3942 periculosa.
1361 3860 1552 3917 Sciunt
1569 3864 1743 3911 autem
1771 3852 1858 3923 qui
1889 3865 2032 3919 smpe

1079 431 1142 518 Si
1179 451 1456 515 JOANNIS
1491 435 1969 505 CHRYSOSTOMI
2007 430 2323 490 ABCHIEP.
2363 421 2902 484 CONSTANTI‘NOP.

3545 411 3650 468 352

2075 542 2371 614 prepheta?
2399 554 2576 594 annon
2623 551 2745 591 cum
2786 541 2930 588 esset
2971 531 3023 584 in
3067 534 3253 584 ventre
3290 523 3396 580 ceti
3425 522 3569 594 (Jon.
3595 523 3653 580 2.

2073 634 2152 706 5),
2186 632 2366 702 templi
2394 641 2448 686 et
2475 644 2584 684 suae
2613 624 3004 698 Jerosolymam
3039 616 3361 674 reversionis
3395 612 3656 668 memine-

2075 703 2196 780 rat?
2217 724 2286 778 Et
2313 731 2366 776 tu
2395 735 2541 789 ergo,
2574 715 2814 788 quamvis
2843 711 2930 768 vel
2957 711 3023 764 ad
3051 704 3217 774 ipsam
3246 715 3472 761 mortem
3499 703 3660 759 deve-

2079 816 2245 876 neris.
2294 822 2349 868 et
2396 811 2630 880 undique
2667 805 2899 861 maxima
2943 799 3256 857 immineant
3303 797 3560 868 pericula,
3589 809 3661 848 ne

2080 903 2469 976 desperaveris.
2510 901 2691 956 Potest
2717 898 2860 952 enim
2885 895 3025 949 Deus
3047 893 3098 947 in
3126 891 3285 946 rebus
3310 888 3391 944 vel
3416 886 3664 943 difficilli-

2083 997 2184 1050 mis
2211 995 2408 1051 exitum
2437 991 2674 1047 invenire
2701 1006 2715 1043 :
2755 997 2809 1042 et
2850 986 2970 1040 ideo
2998 984 3126 1038 dicit
3167 981 3380 1051 quidam
3409 979 3660 1048 sapiens:

2084 1088 2128 1142 A
2171 1101 2319 1139 mane
2348 1098 2502 1153 usque
2538 1082 2605 1134 ad
2650 1093 2907 1148 vesperam
2951 1075 3254 1128 mutationes
3292 1074 3483 1134 multae,
3529 1079 3573 1122 et
3610 1070 3662 1122 in

2085 1186 2354 1244 conspectu
2381 1175 2492 1244 ejus
2514 1180 2634 1227 sunt
2661 1170 2832 1224 omnia
2869 1167 3044 1238 facilia
3067 1163 3255 1238 (Eccli.
3289 1163 3374 1217 i8.
3405 1161 3521 1231 26).
3550 1159 3663 1214 Non

2087 1268 2265 1322 vidisti
2315 1265 2580 1320 tribunum
2607 1263 2683 1333 (a)
2714 1263 2765 1316 in
2804 1272 3011 1313 summa
3055 1271 3232 1311 rerum
3269 1255 3420 1324 copia
3466 1251 3666 1308 fameli-

2089 1377 2208 1416 cum
2234 1360 2311 1432 (4.
2340 1357 2468 1429 Reg.
2494 1356 2589 1424 7)?
2631 1369 2737 1409 non
2775 1352 2947 1406 vidisti
2986 1348 3195 1404 viduam
3227 1348 3279 1401 in
3316 1346 3459 1402 fame
3495 1345 3667 1398 abun-

2089 1453 2304 1508 dantem
2338 1451 2414 1520 (5.
2442 1447 2573 1518 Reg.
2605 1446 2735 1516 l7)?
2773 1441 2996 1511 Quando
3035 1455 3121 1495 res
3147 1441 3197 1493 in
3227 1443 3511 1492 maximam
3541 1436 3670 1491 inci-

2091 1546 2268 1601 derint
2311 1543 2565 1610 inopiam,
2616 1548 2740 1593 tune
2787 1546 2840 1590 tu
2887 1550 3041 1603 spera
3085 1532 3330 1587 maxime.
3357 1531 3506 1586 Tunc
3530 1531 3669 1584 enim

2095 1637 2237 1692 Deus
2261 1634 2489 1689 maxime
2531 1646 2679 1686 suam
2717 1626 2950 1683 ostendit
2991 1623 3299 1694 potentiam,
3340 1637 3443 1676 non
3499 1637 3526 1674 a
3546 1623 3675 1698 λ)τί-

2097 1727 2324 1788 mordio,
2352 1724 2446 1780 sed
2476 1722 2688 1793 quando
2725 1735 2810 1775 res
2859 1717 3056 1774 fuerint
3102 1715 3256 1784 plane
3290 1713 3585 1782 desperatae
3610 1713 3678 1767 ab

2097 1817 2418 1872 hominibus.
2471 1815 2582 1870 Hoc
2629 1821 2712 1869 est
2757 1812 2896 1866 enim
2934 1818 3140 1877 tempus
3177 1805 3339 1861 divini
3383 1805 3583 1859 auxilii.
3613 1804 3678 1858 Et

2099 1912 2219 1967 ideo
2258 1924 2361 1965 nec
2405 1921 2599 1978 pueros
2642 1905 2838 1974 eripuit
2873 1917 2903 1956 a
2949 1898 3230 1970 principio,
3271 1896 3363 1952 sed
3403 1906 3678 1966 postquam

2099 2002 2310 2056 fuerunt
2357 1999 2406 2053 in
2438 1997 2706 2051 fornacem
2733 1992 2960 2062 conjecti
2993 1988 3154 2062 (Dan.
3196 1987 3248 2042 3.
3279 1986 3369 2053 93)
3405 2003 3420 2038 :
3456 2001 3556 2040 nec
3583 1985 3684 2038 Da-

2101 2093 2316 2157 nielem,
2346 2099 2628 2158 antequam
2673 2094 2815 2140 esset
2860 2085 3149 2144 immissus.
3192 2079 3285 2135 sed
3331 2087 3533 2148 septem
3563 2086 3684 2150 post

2102 2183 2290 2238 diebus
2319 2180 2477 2252 (Dan.
2525 2179 2615 2233 M.
2647 2174 2759 2248 39).
2805 2175 2914 2230 Nec
2948 2173 3161 2228 attende
3210 2186 3386 2226 rerum
3419 2179 3682 2236 naturam,

2103 2293 2224 2349 quae
2251 2273 2548 2346 praecipites
2571 2273 2678 2342 agit
2703 2272 2755 2326 in
2781 2268 3225 2338 desperationem,
3253 2265 3346 2320 sed
3377 2265 3468 2319 Dei
3500 2271 3686 2332 poten-

2108 2371 2255 2434 tiam,
2284 2384 2400 2438 qu:e
2431 2382 2492 2422 ea
2513 2381 2631 2438 qua:
2669 2373 2792 2420 sunt
2817 2363 3117 2432 desperata,
3148 2359 3360 2414 adducit
3405 2359 3454 2411 in
3493 2359 3687 2411 bonam

2109 2481 2277 2535 spem.
2303 2463 2413 2517 Hoc
2433 2462 2589 2516 etiam
2612 2458 2899 2515 ostendens
2929 2452 3389 2526 psalmographus,
3413 2462 3466 2506 et
3493 2463 3687 2521 quanta

2109 2561 2178 2612 sit
2207 2556 2297 2610 Dei
2323 2553 2571 2624 potentiae
2602 2551 2823 2605 facilitas
2846 2549 3026 2602 volens
3049 2555 3364 2604 monstrare.
3393 2541 3532 2612 quod
3551 2541 3694 2595 scili-

2111 2658 2196 2705 cet
2215 2663 2306 2703 eos
2332 2646 2489 2701 etiam
2516 2643 2602 2713 qui
2629 2642 2681 2698 in
2711 2641 2889 2712 gravia
2930 2639 3066 2692 mala
3107 2635 3423 2696 inciderunt,
3453 2641 3691 2702 prostra-

2114 2743 2257 2811 tique
2279 2748 2333 2795 et
2359 2737 2652 2792 conculcati
2686 2743 2831 2796 sunt,
2878 2731 3044 2801 possit
3068 2727 3315 2787 educere,
3342 2734 3397 2780 et
3440 2740 3542 2778 non
3573 2733 3694 2777 tan-

2115 2844 2226 2890 tum
2277 2849 2305 2887 a
2346 2831 2623 2903 principio,
2675 2826 2795 2882 audi
2844 2823 2968 2895 quid
3021 2822 3343 2890 subjungat:
3389 2818 3474 2872 10.
3510 2817 3696 2871 Omnes

2116 2937 2284 2999 gentes
2324 2920 2760 2978 circumdederunt
2787 2932 2883 2972 me.
2912 2913 3100 2969 Vidisti
3141 2911 3428 2981 periculum
3473 2907 3697 2962 inevita-

2119 3018 2260 3074 bile?
2285 3017 2465 3087 Neque
2492 3013 2632 3070 enim
2659 3018 2772 3066 erat
2809 3008 2923 3062 acie
2949 3001 3356 3073 confligendum.
3393 3014 3562 3069 neque
3592 3006 3698 3052 sta-

2120 3111 2250 3166 bant
2291 3105 2491 3162 inimici
2529 3119 2561 3159 e
2583 3101 2821 3172 regione,
2848 3098 2940 3154 sed
2967 3105 3082 3151 erat
3111 3096 3452 3162 interceptus,
3481 3099 3533 3144 et
3560 3099 3696 3143 tam-

2121 3217 2276 3274 quam
2302 3212 2494 3270 sagena
2515 3196 2687 3265 aliqua
2712 3189 3088 3254 circumdatus,
3116 3201 3177 3240 ac
3207 3184 3366 3240 veluti
3387 3179 3699 3253 quibusdam

2122 3297 2323 3353 retibus
2341 3289 2777 3363 comprehensus,
2799 3300 2904 3339 non
2927 3283 2992 3338 ab
3017 3296 3143 3344 uno,
3168 3277 3370 3334 duobus
3391 3282 3486 3330 aut
3513 3273 3698 3333 tribus.

2123 3390 2218 3446 sed
2259 3389 2327 3444 ab
2370 3384 2616 3441 omnibus
2659 3378 2903 3451 gentibus
2935 3393 2948 3428 :
2980 3382 3105 3429 sunt
3150 3381 3324 3426 tamen
3374 3369 3488 3420 haec
3527 3363 3704 3418 omnia

2124 3481 2334 3538 vincula
2369 3475 2636 3535 confracta
2672 3489 2702 3527 a
2733 3486 2826 3541 Spe
2856 3469 2908 3522 in
2940 3467 3127 3521 Deum.
3173 3461 3239 3516 Et
3275 3460 3478 3515 nomine
3505 3453 3708 3509 Domini

2127 3577 2266 3631 ultus
2279 3585 2394 3624 sum
2413 3570 2465 3623 in
2479 3583 2585 3622 eos.
2605 3566 2662 3621 11
2679 3608 2691 3620 .
2711 3561 3092 3618 Circumdantes
3129 3552 3565 3610 circumdederunt
3613 3563 3709 3608 me,

2130 3681 2175 3726 et
2201 3667 2401 3723 nomine
2421 3661 2622 3718 Domini
2651 3657 2786 3712 ultus
2807 3671 2917 3709 sum
2942 3655 2995 3706 in
3020 3667 3123 3705 eos.
3150 3648 3236 3702 i2.
3267 3643 3712 3700 Circumdederunt

2134 3780 2213 3817 me
2241 3763 2368 3816 sicut
2393 3772 2511 3826 apes
2538 3753 2727 3823 favum,
2755 3757 2800 3803 et
2826 3751 3119 3802 exarserunt
3145 3742 3272 3794 sicut
3299 3737 3429 3806 ignis
3457 3735 3509 3788 in
3535 3734 3712 3804 spinis,

2132 3865 2179 3911 et
2203 3856 2254 3907 in
2279 3824 2478 3906 nomine
2507 3843 2708 3899 Domini
2739 3841 2872 3895 ultus
2892 3854 3001 3891 sunt
3019 3837 3072 3888 in
3089 3850 3191 3887 eos.
3232 3828 3422 3885 Vidisti
3450 3824 3717 3896 quomodo

452 3914 592 3953 l'lllil,
629 3914 970 3940 “nun-cuum
1003 3914 1314 3942 ’,νην-.--τη
1375 3914 1422 3917 -,
1790 3914 1803 3923 _
1970 3914 1981 3919 _

452 3983 505 4036 ill
534 3973 838 4034 Ιιοωίηῖδυε
860 3963 1212 4024 conﬁdam!»
1241 3968 1362 4012 Cum
1384 3950 1575 4021 (ιυῖὺυε
1599 3945 1758 4003 είῐηιιι
1790 3951 1911 3999 sum
1939 3942 2034 3996 de-
2135 3942 2386 4001 describit
2412 3947 2764 3992 aerumnarum
2790 3922 3243 3996 magnitudinem?
3271 3919 3384 3973 Non
3413 3917 3554 3972 enim
3583 3914 3714 3967 dixit

1908 4035 1917 4036 ί
1963 4034 1973 4036 4
2417 4030 2432 4036 ’
2528 4025 2578 4036 In
2743 4022 2756 4036 ³
2806 4021 2818 4036 ¹
2952 4027 2964 4036 ⁸
3002 4033 3014 4036 -
3045 4014 3134 4036 -·-¹
3194 4012 3333 4036 σιμ-ι
3361 4025 3476 4036 ι--ιιρ
3523 4015 3565 4036 ιιι
3595 4007 3714 4036 ,ξι-..ι

456 4070 645 4142 pressi.
673 4067 810 4138 Spes
838 4069 1015 4116 autem
1058 4054 1112 4108 in
1144 4052 1307 4106 Deum
1355 4061 1463 4101 non
1511 4051 1595 4098 est
1642 4039 1812 4095 solum
1840 4034 2032 4098 valida,

455 4127 646 4220 verum
665 4127 824 4212 etiam
847 4161 980 4214 tnta,
1002 4155 1063 4201 ut
1085 4157 1203 4214 qua:
1224 4137 1421 4195 nullam
1444 4133 1640 4188 habeat
1669 4127 2033 4184 mutationem.

464 4258 530 4311 Et
567 4254 688 4309 ideo
719 4247 912 4304 Paulus
938 4252 1147 4313 quoque
1171 4232 1382 4290 dicebat
1410 4245 1424 4281 :
1452 4228 1584 4297 Spes
1605 4231 1770 4277 autem
1796 4237 1896 4273 non
1922 4234 2042 4271 con-

466 4309 632 4419 pmda
664 4340 837 4413 (Rom.
871 4335 926 4391 5.
954 4309 1034 4401 ἐς).
1064 4326 1212 4384 Alius
1239 4337 1368 4378 vero
1395 4317 1626 4386 sapiens,
1659 4309 1929 4381 Respicite,
1957 4309 2041 4361 in-

463 4398 597 4507 quit,
621 4398 688 4485 ad
712 4429 944 4496 antiquas
975 4398 1336 4492 generationes,
1367 4420 1412 4464 et
1440 4407 1601 4463 videte
1627 4403 1738 4473 quis
1775 4398 2047 4468 speraverit

541 4491 843 4585 Dominum,
875 4528 918 4572 et
946 4515 1137 4585 pudore
1176 4508 1386 4575 affectus
1413 4511 1483 4557 est
1515 4497 1700 4572 (Eccli.
1731 4495 1787 4549 2.
1820 4491 1932 4564 10).
1981 4492 2049 4544 At

1905 4583 2047 4637 Bona

467 4634 588 4688 ego,
631 4611 820 4681 inquit,
866 4602 1094 4676 speravi,
1134 4608 1189 4654 et
1233 4611 1350 4651 sum
1398 4592 1601 4662 pudore
1639 4586 1875 4642 allectus.

2137 4030 2491 4094 solummodo,
2519 4021 2965 4082 Circumdederunt
2997 4033 3015 4070 :
3043 4014 3156 4080 sed,
3188 4012 3333 4067 Sicut
3357 4025 3496 4078 apes,
3520 4015 3565 4060 et
3592 4007 3715 4058 sicut

2138 4128 2272 4198 ignis
2292 4125 2342 4177 in
2368 4121 2566 4193 spinis:
2598 4132 2690 4185 per
2728 4127 2855 4182 apes
2883 4108 3093 4181 quidem
3145 4118 3386 4173 magnam
3419 4099 3580 4153 animi
3611 4097 3718 4150 ala—

2143 4220 2406 4280 critatem,
2451 4227 2545 4282 per
2577 4210 2756 4278 spinas
2782 4219 2909 4258 vero
2952 4203 3083 4257 iram
3111 4195 3520 4258 intolerabilem,
3551 4199 3605 4245 et
3633 4189 3720 4261 qui

2145 4307 2413 4377 exstingui
2445 4280 2548 4357 non
2579 4295 2934 4370 poterat,bilis
2963 4291 3206 4346 ardorem
3239 4283 3566 4355 significans.
3597 4280 3724 4348 Quis

2149 4402 2290 4456 enim
2311 4372 2608 4452 cohibuerit
2628 4391 2820 4461 ignem,
2845 4385 2936 4456 qui
2974 4383 3029 4436 in
3053 4381 3232 4450 spinas
3263 4373 3487 4430 incidit?
3517 4372 3623 4426 Eos
3649 4379 3727 4423 ta-

2152 4508 2295 4552 men,
2327 4486 2516 4558 inquit,
2547 4492 2653 4538 tam
2681 4480 3025 4535 vehementer
3049 4483 3101 4528 et
3129 4480 3236 4525 tam
3266 4465 3512 4523 celeriter
3537 4477 3726 4517 accen-

2153 4599 2262 4648 sos,
2295 4595 2413 4634 cum
2445 4592 2530 4631 me
2553 4572 2785 4650 medium
2840 4565 3264 4633 intercepissent,
3306 4572 3409 4612 non
3453 4555 3624 4609 solum
3656 4549 3731 4604 ef-

2155 4643 2282 4746 fugi,
2310 4671 2402 4726 sed
2430 4669 2590 4726 etiam
2620 4643 2761 4719 ultus
2786 4675 2924 4732 sum.
2950 4654 3082 4709 Vide
3112 4653 3214 4706 hoc
3242 4651 3414 4714 ipsum
3437 4645 3549 4700 fieri
3573 4643 3728 4698 etiam

2158 4733 2481 4822 invntateria.
2510 4756 2648 4828 Ignis
2669 4753 2810 4810 enim
2847 4749 3034 4804 rubum
3057 4743 3264 4807 urebat,
3299 4748 3352 4794 et
3378 4750 3551 4807 neque
3575 4733 3732 4788 rubus

2159 4823 2568 4912 comburebatur
2590 4843 2782 4919 (Exod.
2806 4840 2887 4911 5),
2917 4852 3015 4893 nec
3054 4835 3141 4890 ille
3160 4829 3615 4900 exstinguebatur,
3643 4823 3732 4878 sed

2161 4957 2384 5014 utraque
2423 4951 2548 4996 tunc
2595 4934 2884 4992 manebant
2919 4927 3076 4983 simul
3109 4920 3474 4978 conversantia
3495 4958 3511 4982 ,
3546 4929 3643 4970 nec
3680 4929 3736 4966 se

2163 5008 2546 5092 consumentia.
2576 5028 2732 5095 Atqui
2761 5022 2885 5093 quid
2917 5028 2999 5074 est
3022 5018 3156 5071 rubo
3185 5012 3354 5083 magis
3380 5008 3656 5064 flaccidum
3687 5017 3736 5061 et

2165 5121 2528 5184 imbecillum?
2549 5119 2672 5189 quid
2697 5124 2872 5170 autem
2903 5113 3024 5181 igne
3049 5115 3131 5163 est
3149 5102 3460 5160 ardentius?
3491 5099 3737 5154 Admira-

2167 5222 2289 5276 bilis
2324 5229 2498 5272 tamcn
2543 5211 2632 5267 Dei
2683 5205 2936 5278 potentia,
2990 5216 3109 5271 qua:
3151 5213 3239 5253 res
3268 5196 3391 5251 facit
3437 5194 3739 5264 opinionem

467 4711 650 4772 verba,
681 4715 883 4774 quaeso,
907 4698 1085 4756 homo,
1109 4707 1178 4746 ne
1195 4689 1388 4745 divinae
1413 4685 1699 4752 Scriptura:
1719 4675 2046 4746 obloquaris.

472 4795 692 4857 Etiamsi
722 4790 927 4865 pudore
954 4784 1172 4841 affectus
1214 4780 1306 4844 sis,
1355 4775 1407 4831 id
1457 4772 1652 4837 evenit,
1693 4767 1834 4840 quod
1866 4781 1970 4821 non
1998 4773 2055 4818 ut

471 4890 709 4965 oportuit
724 4862 1058 4956 vsperaveris,
1100 4872 1243 4944 quod
1287 4867 1536 4928 cesseris,
1574 4863 1715 4936 quod
1762 4862 1919 4916 finem
1949 4873 2054 4912 non

473 4950 890 5055 eitSpectaveris,
912 4967 1053 5042 quod
1076 4964 1266 5038 pusillo
1285 4960 1466 5015 animo
1493 4956 1674 5012 fueris.
1716 4952 1822 5008 Sed
1851 4967 1955 5005 non
1988 4950 2057 5002 ita

477 5040 640 5134 facias
664 5091 676 5126 :
707 5081 892 5125 verum
913 5040 1124 5134 quando
1143 5053 1341 5113 videris
1365 5066 1484 5121 qum
1511 5057 1634 5103 sunt
1673 5045 1809 5108 mala
1835 5051 1892 5097 et
1917 5040 2059 5097 difli-

477 5170 597 5225 cilia
625 5163 924 5224 imminere,
966 5168 1036 5209 ne
1077 5150 1314 5205 animum
1358 5141 1624 5198 demittas.
1668 5137 1778 5191 lloc
1808 5135 1948 5188 enim
1981 5133 2063 5187 vel

481 5261 709 5318 maxime
731 5262 814 5311 est
839 5260 1080 5321 sperare,
1112 5237 1324 5313 quando
1364 5236 1416 5290 in
1445 5231 1616 5288 media
1642 5228 1777 5284 maia
1808 5238 1860 5282 et
1889 5225 2063 5296 gravia

485 5348 716 5424 pericula
745 5343 906 5399 fueris
927 5337 1218 5407 coniectus,
1249 5338 1373 5383 tunc
1402 5323 1552 5394 erigi.

557 5442 612 5496 5.
643 5435 780 5506 Quid
801 5431 1042 5490 barbaris
1080 5425 1205 5489 illis,
1257 5418 1526 5480 Ninivitis,
1559 5414 1793 5483 inquam,
1825 5419 1938 5465 erat
1966 5407 2068 5462 nti-

486 5531 698 5590 serius?
731 5529 797 5582 Et
821 5535 995 5579 tamen
1017 5533 1139 5575 cum
1170 5515 1278 5585 jam
1301 5517 1481 5566 essent
1505 5508 1622 5577 ipso
1647 5505 1833 5575 laqueo
1863 5499 2069 5562 irretiti,

489 5639 543 5684 et
591 5623 847 5679 ruituram
885 5615 1152 5671 civitatem
1193 5609 1582 5676 exspectarent,
1633 5614 1700 5653 ne
1749 5597 1826 5652 sic
1860 5592 2074 5665 quidem

492 5717 864 5786 desperarunt,
893 5705 986 5761 sed
1019 5714 1279 5758 summam
1314 5693 1660 5750 ostenderunt
1690 5687 2074 5759 pcenitentiam,

496 5825 552 5866 et
574 5807 864 5865 effecerunt
889 5807 946 5852 ut
988 5795 1128 5850 Deus
1157 5801 1339 5844 rursus
1375 5799 1524 5839 suam
1571 5789 1845 5836 revocaret
1868 5783 2079 5832 senten-

503 5905 649 5961 tiam.
677 5891 864 5950 Vidisti
895 5895 1102 5960 quanta:
1139 5881 1241 5935 sint
1269 5878 1379 5948 spei
1410 5874 1586 5930 vires?
1625 5869 1760 5937 Quid
1801 5883 1923 5924 vero
1963 5869 2076 5938 ipse

2237 5379 2309 5441 (η)
2340 5377 2423 5426 Hic
2443 5383 2587 5441 ροτπρ
2610 5360 3054 5441 ιείδιιηυὲλιιεέῖξξε
3088 5354 3400 5441 εξξὶειτὲεέἓξξξὲ
3427 5345 3745 5441 Ξῗῇἔὲΐέυἷξῗ

2173 5413 2724 5498 nu‘éiéuiii'gip’dpﬁeﬁii
2754 5426 2901 5498 adiit2
2939 5413 3052 5470 dum
3089 5416 3410 5498 misit-feretur;
3431 5413 3663 5498 samgrig,
3697 5414 3745 5455 et

2174 5471 2937 5552 i3i3'3“iiitéiiié'£t"6iiiné§{'de
2973 5496 3070 5545 quo
3101 5478 3279 5528 dicitur
3298 5476 3358 5552 ‘l.
3385 5481 3500 5535 Reg.
3517 5472 3580 5552 λ
3654 5480 3750 5552 Ξιιιαι

2177 5530 2388 5626 Ξᾟᾷοηιὲ
2627 5566 2677 5626 ις’
2701 5564 2740 5601 δν
2759 5561 2780 5599 ὁ
2984 5530 3311 5626 1ﬁssuramsubsuos"!
3337 5530 3749 5626 tribu;

2609 5624 2615 5626 ’
2712 5620 2723 5626 ‘
2776 5625 2784 5626 ί
2837 5618 3060 5626 “’“⁴⁴-⁴“-“
3096 5614 3200 5626 ἰ’-Μ
3288 5611 3428 5626 Iam-Ic
3465 5610 3492 5626 η
3601 5604 3729 5626 mal-4!

2178 5594 2480 5676 3:93:13;
2493 5594 3063 5676 iniii'teiia'turfivimirum
3092 5614 3202 5651 cum
3237 5594 3431 5647 Elisaaus
3465 5594 3752 5676 praediceret

2179 5658 2479 5748 iii'é'eiﬁéhié'
2501 5658 2595 5729 δῖε
2619 5658 2930 5748 ueiens.
2949 5658 3753 5748 alia?"19:93:39.9..‘iitia‘3a'i’f‘

2182 5717 2601 5800 Simwiiihé'ﬁi;
2621 5717 2734 5785 eum
2754 5717 2865 5782 ille
2878 5729 3092 5800 se_dic_t_i_s
3115 5717 3363 5800 prapheite
3384 5717 3532 5800 fidem
3543 5730 3646 5787 .non
3671 5717 3752 5800 his:

2185 5776 3219 5860 iilisiizus'
3235 5823 3248 5840 ,
3295 5791 3361 5860 [ιι
3396 5778 3576 5833 videbis
3608 5776 3759 5828 oculis

2323 5846 2753 5928 ei'iﬁﬁriiabi‘a;
2781 5846 2974 5918 id'quod
3001 5853 3145 5901 etiam
3170 5846 3350 5897 evenit.
