4088 6274
378 443 444 500 5|
1368 438 1732 498 EXPOSI'I‘IO
1770 439 1842 497 IN
1873 441 1906 499 Ρ

2007 427 2203 503 unm
2240 447 2448 509 cxvn.

336 562 448 615 τῶν
483 555 630 629 παρὰ
654 552 751 609 τοῦ
777 538 913 608 Θεοῦ
935 553 1275 625 συμϐάντων,
1300 555 1412 612 ἀλλ’
1434 557 1542 611 ἀπὺ
1566 557 1674 612 τῶν
1699 557 1907 632 ἀνθρω-

341 655 517 709 πίνων
567 650 903 722 καταπλῆξαι
958 650 1209 705 ἐϐούλετο
1230 693 1246 717 ,
1284 652 1536 718 δεδοικὼς
1587 653 1765 708 αὐτῶν
1813 654 1914 726 τὴν

341 752 529 823 ῑφοδον
551 767 568 783 ·
598 748 678 804 διὸ
715 748 807 802 καί
837 750 963 813 τοὺς
994 749 1299 821 θησαυροὺς
1329 750 1510 813 αὐτοῖς
1541 748 1828 814 ἐδείκνυεν,
1856 751 1914 803 ἐν

339 855 454 914 τοῖς
474 850 765 922 θησαυροῖς
783 849 881 910 τάς
918 847 1137 910 ἐλπίδας
1175 846 1335 917 ἔχων.
1367 846 1458 900 Διὸ
1487 846 1550 919 δὴ
1578 848 1674 901 καὶ
1715 849 1744 901 6
1780 846 1914 912 Θεὸς

337 945 694 1019 παροξυνθείς
726 959 888 1013 φησι,
922 942 1232 1011 Λήψονται
1266 941 1452 996 ταῦτα
1496 945 1720 996 πάντα·
1760 959 1914 997 τουτ-

336 1045 484 1108 έστι,
524 1041 664 1112 Παρ’
694 1036 776 1106 οἷς
815 1039 1051 1111 ήλπισας
1072 1078 1089 1104 ,
1128 1034 1210 1102 οἷς
1253 1037 1492 1110 θαρρεῖς.
1535 1039 1706 1093 Τοῦτο
1755 1040 1850 1093 καὶ
1884 1041 1913 1093 6

350 1139 567 1212 Ἰσραὴλ
615 1137 959 1206 ἐγκαλεῖται,
993 1136 1076 1188 ὅτι
1114 1135 1178 1206 δὴ
1211 1136 1460 1206 χρήμασι
1505 1134 1771 1208 ἐθάρρουν
1818 1135 1913 1188 καὶ

337 1236 545 1300 ἵπποις.
576 1232 670 1288 Διὸ
707 1234 800 1287 καὶ
825 1231 1056 1303 παρῄνει
1085 1231 1270 1294 αὐτοῖς
1295 1232 1324 1284 6
1349 1233 1652 1303 προφήτης,
1690 1233 1802 1294 τοῖς
1825 1232 1912 1285 ἐν-

336 1331 536 1394 αντίοις
561 1326 894 1397 ἐξιλεοῦσθαι
915 1328 1006 1381 τὸν
1031 1327 1183 1394 Θεὸν,
1207 1329 1301 1381 καὶ
1323 1327 1500 1397 λέγειν
1515 1346 1529 1360 ο
1560 1330 1686 1398 Ἐφ’
1706 1329 1912 1395 ἵπποις

333 1429 449 1483 οὐκ
493 1425 933 1494 ἀναθησόμεθα.
962 1420 1024 1477 ’0
1049 1423 1181 1487 Θεός
1212 1441 1271 1477 σε
1302 1425 1453 1495 τιμᾷ,
1494 1425 1586 1478 καὶ
1621 1426 1685 1477 σὺ
1719 1424 1911 1477 σαυτὸν

334 1524 652 1594 ἀτιμάζεις;
686 1523 715 1574 6
747 1520 879 1583 Θεός
913 1537 974 1573 σε
1008 1520 1161 1591 τιμᾷ,
1189 1520 1288 1591 τὴν
1328 1521 1457 1592 παρ’
1489 1521 1653 1574 αὑτοῦ
1687 1537 1910 1590 συμμα-

333 1618 463 1691 χίαν
498 1614 947 1686 ὑπισχνούμενος,
981 1615 1077 1669 καὶ
1106 1616 1169 1669 σὺ
1209 1615 1345 1687 πρὸς
1372 1616 1716 1687 ἀνθρωπίνας
1750 1633 1911 1671 κατα-

330 1713 561 1785 φεύγεις
589 1711 825 1778 ἐλπίδας,
866 1713 961 1765 καὶ
997 1710 1189 1781 ἀψύχῳ
1222 1711 1325 1783 ῦλῃ
1363 1714 1474 1776 τοῖς
1524 1713 1770 1784 χρήμασι
1812 1711 1911 1783 τὴν

335 1808 530 1862 ἐλπίδα
559 1824 652 1862 σου
684 1808 782 1878 τῆς
817 1807 1089 1878 σωτηρίας
1118 1807 1428 1870 πιστεύεις;
1456 1807 1529 1860 Οὐ
1564 1807 1674 1878 γάρ
1708 1808 1772 1880 δὴ
1810 1810 1912 1862 σῶ.

338 1925 432 1960 σαι
460 1906 613 1977 ζητεῖ
657 1905 837 1976 μόνον,
865 1903 1017 1957 Ἑλλά
1045 1903 1138 1956 καὶ
1186 1903 1422 1970 ἐντίμως
1466 1902 1625 1957 τοῦτο
1662 1905 1904 1976 ποιῆσαι.

334 2005 552 2075 Σφόδρα
578 2019 637 2056 σε
682 2001 847 2072 φιλεῖ,
885 2000 980 2053 καὶ
1007 2000 1095 2054 διά
1120 1999 1277 2053 τοῦτό
1310 2016 1369 2052 σε
1408 1999 1624 2054 πάντων
1655 1994 1905 2069 ἀπάγων,

332 2102 516 2173 ἐαυτῷ
535 2100 816 2172 προσηλοῖ,
841 2100 935 2152 καὶ
958 2098 1136 2151 πάντα
1160 2097 1528 2168 περικόπτων,
1559 2098 1696 2172 πρὸς
1718 2098 1907 2153 ἑαυτὸν

332 2203 479 2268 ἄγει,
527 2195 812 2268 μονονουχὶ
854 2194 1012 2247 τοῦτο
1061 2192 1234 2262 λέγων
1264 2193 1331 2247 δι’
1363 2186 1439 2247 ὧν
1461 2196 1621 2247 ποιεῖ·
1668 2194 1755 2247 Ἐν
1781 2194 1907 2264 ἐμοὶ

330 2299 434 2360 τὰς
446 2295 681 2359 ,ἐλπίδας
704 2293 816 2363 ἔχε,
848 2291 944 2344 καὶ
971 2292 1096 2361 ἐμοὶ
1121 2292 1353 2362 πρόσεχε
1383 2291 1666 2362 διηνεκῶς.
1692 2293 1907 2361 Κύριος

333 2396 466 2464 ἐμοὶ
495 2392 744 2462 βοηθὸς,
776 2390 937 2460 κάγὼ
965 2389 1259 2457 ἐπόψομαι
1310 2388 1453 2454 τοὺς
1482 2389 1732 2457 ἐχθρούς
1762 2406 1903 2458 μου.

344 2493 506 2565 Ὀρᾷς
529 2492 628 2544 οὐκ
647 2488 809 2543 αὑτὸν
840 2486 1197 2558 ἀμυνόμενον,
1226 2486 1346 2539 ούδέ
1366 2487 1739 2553 ἐπεξελθόντα,
1770 2487 1907 2542 ἀλλά

330 2592 412 2662 τῷ
439 2587 559 2659 Θεῷ
590 2583 898 2658 ἀμύνασθαι
927 2582 1360 2654 παραχωροῦντα
1394 2585 1518 2647 τοὺς
1544 2583 1799 2655 ἐχθρούς;

419 2685 658 2757 Ἀγαθὸν
690 2681 1031 2737 πεποιθέναι
1062 2680 1161 2735 ἐπὶ
1200 2682 1455 2749 Κύριον,
1493 2682 1530 2752 ἢ
1560 2681 1905 2738 πεποιθέναι

331 2784 427 2838 ἐπ’
471 2782 803 2849 ἄνθρωπον.
844 2776 1083 2847 Ἀγαθὸν
1131 2775 1392 2837 ἐλπίζειν
1437 2778 1536 2831 ἐπὶ
1578 2779 1829 2846 Κύρων,
1864 2779 1904 2848 ἣ

334 2880 593 2942 ἐλπίζειν
636 2878 729 2933 ἐπ’
766 2877 1080 2946 ἄρχουσιν.
1116 2874 1192 2929 Οὐ
1236 2876 1377 2930 κατὰ
1418 2874 1704 2947 σύγκρισιν
1733 2876 1906 2932 ταῦτα

339 2977 603 3046 προάγει,
641 2974 753 3028 ἀλλ’
784 2973 905 3036 ἔθος
946 2974 1012 3043 τῇ
1046 2972 1233 3043 Γραφῇ
1275 2971 1449 3043 τούτῳ
1483 2973 1784 3045 κεχρῆσθαι
1827 2975 1907 3047 τῷ

332 3075 525 3145 τρόπῳ
557 3074 647 3127 καὶ
682 3072 775 3125 ἐπὶ
814 3069 924 3124 τῶν
975 3069 1321 3140 ἀσυγκρίτων
1352 3069 1441 3123 διά
1477 3073 1577 3142 τὴν
1623 3071 1905 3127 ἀσθένειαν

330 3175 443 3228 τῶν
467 3173 587 3226 τότε
626 3170 954 3225 ἀκουόντων.
979 3168 1090 3222 Ούκ
1135 3167 1246 3238 ἄρα
1274 3168 1578 3239 συγκρίνων
1609 3169 1767 3224 τοῦτό
1801 3187 1906 3241 φη-

334 3287 443 3334 σιν,
472 3267 608 3322 ἀλλά
630 3263 1081 3333 συγκαταϐαίνων
1114 3262 1363 3326 ἐκείνοις.
1394 3264 1493 3317 Διά
1523 3264 1586 3337 δὴ
1617 3264 1774 3321 τοῦτο
1811 3268 1904 3320 καὶ

329 3366 418 3420 ἐτε
424 3382 519 3437 ρος
545 3364 829 3435 προφήτης
854 3359 1067 3429 ἐλεγενσ
1114 3359 1571 3428 Ἐπικατάρατος
1598 3361 1717 3429 πᾶς
1749 3365 1783 3417 ό
1806 3364 1907 3418 ἐλ-

329 3460 511 3523 πίζων
536 3461 630 3515 ἐπ’
666 3458 982 3527 ἄνθρωπον
999 3473 1015 3489 ⁸
1048 3455 1200 3511 οὐδὲν
1230 3455 1340 3528 γάρ
1368 3456 1572 3528 ταύτης
1600 3458 1906 3513 εὐτελέστε-

333 3576 427 3629 ρον
476 3559 575 3628 τῆς
618 3553 859 3617 ἐλπίδος’
896 3553 989 3605 καὶ
1027 3551 1136 3623 γὰρ
1172 3552 1268 3606 καὶ
1315 3552 1484 3623 αὐτῆς
1519 3553 1619 3624 τῆς
1664 3553 1907 3625 ἀράχνης

330 3652 690 3725 εύτελεστέρα
716 3650 834 3704 ἐστί
851 3667 864 3680 ·
889 3648 1161 3719 μᾶλλονδέ
1187 3648 1289 3702 οὐκ
1308 3649 1539 3722 ἀσθενής
1564 3650 1744 3721 μόνον,
1771 3650 1906 3707 ἀλλά

330 3761 427 3805 και
455 3749 784 3820 ἐπισφαλής.
822 3747 934 3800 Καὶ
958 3747 1136 3801 ἴσασιν
1156 3746 1271 3799 ὅσοι
1307 3746 1562 3812 πολλάκις
1587 3748 1673 3801 ἐπ’
1692 3747 1905 3820 ἀνθρὼ-

333 3867 456 3913 ποις
479 3847 874 3918 θαρρήσαντες,
904 3844 1088 3906 αὐτοῖς
1115 3843 1344 3906 ἐκείνοις
1365 3844 1901 3916 συγκατηνέχθησαν.

342 3948 409 4001 Ἥ
437 3946 495 3999 δέ
526 3946 606 4007 είς
628 3943 721 3996 τὸν
743 3941 876 3995 Θεὸν
896 3940 1050 4003 ἐλπὶς
1073 3939 1174 3993 ούκ
1205 3939 1401 4010 ίσχυρά
1427 3941 1585 4010 μόνον
1611 3942 1749 4007 ἐστὶ,
1769 3942 1906 3998 ἀλλά

332 4044 430 4097 καὶ
460 4039 728 4111 ἀσφαλὴς,
758 4038 860 4093 οὐκ
888 4036 1089 4107 ἐχουσά
1118 4052 1241 4090 τινα
1272 4035 1595 4107 μεταϐολήν.
1636 4037 1728 4090 Διὸ
1753 4039 1847 4092 καὶ
1875 4041 1906 4094 6

331 4136 546 4199 Παῦλος
577 4134 760 4203 ἔλεγεν
778 4150 793 4166 ·
820 4132 891 4186 'H
927 4131 996 4184 δὲ
1021 4131 1198 4197 ἐλπίς
1221 4133 1294 4186 οὐ
1322 4133 1730 4202 καταισχύνει.
1749 4133 1906 4188 ’Έτε-

333 4249 424 4304 ρος
450 4231 508 4284 δέ
547 4246 629 4294 τις
664 4228 847 4298 σοφὸς,
897 4225 1287 4296 Ἐμϐλέψατε,
1326 4227 1508 4297 φησιν,
1539 4231 1626 4293 εὶς
1654 4228 1904 4298 ἀρχαίας

330 4329 562 4399 γενεὰς,
607 4326 704 4381 καὶ
740 4324 914 4387 ιδετε,
944 4325 1037 4389 τίς
1076 4321 1342 4390 ἤλπισεν
1375 4321 1473 4377 ἐπί
1516 4324 1769 4392 Κύριον,
1803 4325 1903 4378 καὶ

331 4421 748 4492 κατῃσχύνθη.
784 4419 920 4472 Ἀλλ’
952 4417 1093 4487 ἐγὼ,
1143 4418 1339 4488 φησὶν,
1375 4420 1599 4489 ἤλπισα,
1644 4420 1736 4474 καὶ
1771 4437 1903 4473 κατ-

330 4519 627 4594 ῃσχύνθην.
647 4517 915 4586 Εὐφήμει,
936 4513 1210 4583 ἄνθρωπε,
1228 4515 1301 4584 μὴ
1320 4514 1677 4585 ἀντιφθέγγου
1697 4519 1762 4587 τῇ
1785 4516 1905 4590 θείᾳ

329 4619 546 4689 Γραφῇσ
581 4614 628 4668 εί
672 4614 763 4666 καὶ
795 4608 1174 4684 κατῃσχύνθης
1196 4621 1247 4675 ⁸,
1293 4611 1357 4663 ἐκ
1394 4611 1488 4665 τοῦ
1523 4613 1599 4684 μὴ
1631 4614 1707 4678 ὡς
1737 4615 1903 4686 ἐχρῆν

330 4718 585 4780 ἐλπίσαι,
633 4714 699 4766 ἐκ
732 4710 825 4764 τοῦ
863 4708 1140 4775 ἐνδοῦναι,
1178 4709 1243 4761 ἐκ
1277 4707 1371 4760 τοῦ
1409 4708 1485 4780 μὴ
1525 4709 1812 4779 ἀναμεῖναι
1842 4711 1904 4765 τὸ

328 4812 503 4876 τέλος,
541 4812 606 4864 ἐκ
636 4809 731 4863 τοῦ
771 4805 1191 4878 μικροῲυχῆσαι.
1231 4803 1390 4857 Ἀλλά
1423 4805 1498 4876 μὴ
1536 4804 1692 4859 τοῦτο
1724 4806 1901 4860 ποίειο

330 4909 446 4979 ἀλλ’
472 4908 600 4961 ὅταν
627 4906 741 4979 ἴδῃς
768 4904 835 4957 τὰ
858 4901 1008 4955 δεινά
1032 4898 1371 4970 ἐπικείμενα,
1406 4900 1481 4971 μὴ
1510 4901 1825 4974 καταπέσῃς
1849 4910 1900 4958 b,

328 4970 504 5057 ίΐοῦτο
529 5002 640 5074 γὰρ
670 4970 905 5072 μάλιστά
932 4999 1078 5051 ἐστιν
1101 4995 1340 5063 ἐλπίσαι,
1371 4996 1434 5051 τὸ
1466 4970 1525 5051 ἐν
1552 4997 1702 5071 μέσῳ
1735 4970 1902 5070 ἐμὸε-

331 5101 541 5170 ϐηκότα
572 5102 686 5163 τοῖς
709 5098 964 5170 χαλεποῖς
989 5098 1300 5171 ὀρθοῦσθαι.

398 5199 464 5264 γ’.
497 5195 562 5248 Τί
591 5195 699 5247 τῶν
723 5194 1011 5266 βαρϐάρων
1028 5194 1271 5261 ἐκείνων,
1290 5194 1396 5248 τῶν
1425 5194 1718 5249 Νινευῖτῶν
1737 5196 1900 5265 λέγω,

326 5286 658 5361 ἀθλιώτερον
698 5283 797 5360 ἧν;
831 5289 944 5342 ἀλλ’
971 5290 1120 5359 ὅμως
1167 5291 1224 5345 ἐν
1251 5291 1387 5362 αὐτῇ
1426 5292 1660 5356 ἑστῶτες
1696 5295 1763 5362 τῇ
1799 5309 1903 5345 πα-

326 5385 457 5452 γίδι,
481 5384 635 5459 [521]
673 5387 767 5438 καὶ
799 5385 1225 5456 προσδοκῶντες,
1265 5388 1348 5441 ὅτι
1376 5392 1621 5442 πεσεῖται
1655 5391 1687 5459 ἡ
1724 5388 1898 5453 πόλις,

326 5482 447 5536 οὐδὲ
487 5482 660 5546 οὕτως
689 5484 1035 5551 ἀπέγνωσαν,
1069 5485 1205 5540 ἀλλὰ
1244 5487 1531 5557 μετάνοιαν
1562 5486 1902 5552 ἐπεδείξαντο

325 5578 426 5648 τὴν
446 5578 649 5651 ἀκριϐῆ
668 5596 682 5609 ο
702 5579 784 5632 διὸ
808 5581 901 5632 καὶ
921 5580 1015 5634 τοῦ
1045 5580 1182 5635 Θεοῦ
1203 5582 1302 5653 τὴν
1323 5583 1594 5655 ἀπόφασιν
1614 5586 1695 5649 εἰς
1716 5584 1778 5638 τὸ
1800 5585 1902 5639 πά-

390 5728 418 5796 f
442 5728 524 5776 Sic
548 5726 697 5776 Savil.
741 5727 1091 5796 τεοῖο-λίθεοι.
1117 5732 1157 5796 εἰ
1178 5731 1229 5781 δέ
1266 5734 1346 5781 καὶ
1365 5749 1497 5793 mn.
1537 5746 1648 5795 qua:
1668 5734 1902 5796 parlicula

322 5785 373 5833 δέ
401 5793 550 5837 lotam
576 5790 873 5837 sententiam
899 5788 1230 5842 label’actabal.

389 5848 416 5891 δ
443 5850 597 5899 Savil.
625 5852 733 5899 τότε
759 5866 823 5904 μη
846 5853 1136 5916 καταπέσῃς.

3473 462 3584 520 352

2017 558 2100 613 λιν
2121 562 2456 637 ὑποστρέψαι
2473 566 2910 639 παρεσκεύασαν.
2929 565 3080 634 Εἶδες
3096 571 3234 645 πόση
3255 575 3353 646 τῆς
3371 576 3583 647 ἐλπίδος

2016 656 2049 726 ἠ
2090 658 2275 730 ίσχύς;
2298 662 2362 715 Τί
2386 662 2443 716 δὲ
2481 662 2691 727 αύτὸςό
2726 666 3044 737 προφήτης;
3082 668 3180 722 οὐκ
3213 671 3272 723 ἐν
3298 674 3365 743 τῇ
3404 674 3584 747 κοιλίᾳ

2013 752 2107 806 τοῦ
2142 755 2340 825 κήτους
2369 756 2466 821 ὣν,
2493 757 2586 811 τοῦ
2619 758 2748 813 ναοῦ
2779 755 2872 813 καὶ
2903 761 2996 832 τῆς
3024 762 3103 825 είς
3134 762 3202 817 τά
3236 759 3584 838 Ἱεροσόλυμα

2015 848 2274 904 ἐπανόδου
2320 852 2631 924 ἐμέμνητο;
2676 855 2784 909 Καὶ
2823 856 2887 909 σὺ
2920 857 3120 923 τοίνυν,
3164 859 3269 913 κᾶν
3300 862 3381 923 είς
3421 861 3584 916 αὐτὸν

2013 942 2189 1015 ἐμὸῇς
2214 946 2306 999 τὸν
2334 946 2580 1013 θάνατον,
2598 950 2692 1002 καὶ
2718 951 2986 1005 τοσούτων
3007 954 3384 1027 ἐπικρεμασθῇ
3409 955 3587 1010 κινδύ-
3674 944 3679 951 ’

2014 1054 2121 1091 νων
2150 1038 2399 1109 μέγεθος,
2435 1042 2509 1114 μὴ
2537 1044 2811 1115 ἀπογνῷς.
2834 1046 3068 1100 Δυνατὺν
3099 1048 3207 1120 γάρ
3237 1048 3313 1119 τῷ
3344 1050 3463 1122 Θεῷ
3486 1052 3585 1106 καὶ

2020 1133 2079 1200 ἐξ
2117 1135 2338 1207 ἀπόρων
2369 1137 2534 1207 πόρον
2574 1139 2777 1210 εὑρεῖν.
2801 1140 2892 1193 Διὸ
2925 1142 3020 1196 καί
3044 1158 3128 1206 τις
3164 1144 3325 1213 σοφὸς
3362 1144 3580 1214 ἔλεγεν·

2024 1228 2159 1285 Ἀπὸ
2183 1234 2336 1296 πρωϊ
2350 1240 2372 1268 ε
2396 1230 2506 1297 ἕως
2525 1233 2641 1300 ὀψὲ
2654 1235 2977 1302 μεταϐολαί
2996 1239 3245 1298 πολλαί,
3261 1239 3357 1293 καί
3386 1239 3583 1293 πάντα

2011 1324 2225 1391 ταχινὰ
2245 1324 2502 1381 ἐνώπιον
2521 1327 2725 1382 αὐτοῦ.
2745 1330 2858 1383 Ούκ
2879 1326 3017 1394 εἶδες
3040 1332 3130 1385 τὸν
3165 1335 3498 1405 περιστάτην
3522 1336 3582 1389 ἐν

2011 1418 2240 1490 ἀφθονίᾳ
2269 1419 2641 1491 λιμώττοντα;
2677 1424 2778 1477 οὐκ
2819 1419 2958 1489 εἶδες
2995 1426 3096 1498 τὴν
3124 1428 3294 1499 χήραν
3325 1429 3469 1502 λιμῷ
3491 1431 3584 1484 εύ-

2011 1514 2382 1587 θηνουμένηνς
2415 1518 2585 1572 Ὅταν
2614 1519 2694 1582 εἰς
2713 1519 2946 1589 ἀπορίαν
2971 1520 3040 1575 τά
3074 1524 3376 1596 πράγματα
3407 1526 3584 1597 ἐμπέ-

2013 1624 2103 1682 σῃ,
2129 1610 2248 1663 τότε
2283 1611 2519 1682 μάλιστα
2567 1613 2775 1677 ελπιξε.
2806 1615 2941 1670 Τότε
2969 1617 3079 1689 γάρ
3121 1620 3355 1689 μάλιστα
3391 1623 3421 1676 ό
3449 1606 3582 1688 Θεὸς

2009 1706 2377 1763 ἐπιδείκνυται
2414 1710 2527 1785 τὴν,
2543 1711 2738 1764 ἑαυτοῦ
2764 1711 3012 1785 δύναμιν,
3036 1716 3136 1770 οὐκ
3160 1718 3226 1770 ἐκ
3257 1717 3578 1789 προοιμίων,

2009 1801 2126 1855 ἀλλ’
2150 1803 2277 1857 ὅταν
2301 1803 2369 1857 τά
2398 1807 2550 1879 παρὰ
2576 1805 2686 1858 τῶν
2715 1805 3018 1878 ἀνθρώπων
3044 1810 3393 1883 ἀπογνωσθῇ.
3412 1806 3581 1876 Οὗτος

2010 1897 2121 1969 γὰρ
2146 1898 2246 1970 τῆς
2284 1897 2381 1953 τοῦ
2409 1898 2545 1976 Θεοῦ
2592 1901 2842 1972 βοηθείας
2870 1905 2898 1956 6
2931 1904 3139 1976 καιρός.
3184 1906 3284 1960 Διά
3325 1906 3390 1978 δὴ
3426 1906 3584 1960 τοῦτο

2007 1992 2131 2046 οὔτε
2166 1994 2291 2057 τοὺς
2328 1996 2521 2059 παῖδας
2557 1998 2622 2049 ἐκ
2663 1997 2960 2069 προοιμίων
2997 2001 3267 2071 ἥρπασεν,
3287 2001 3422 2056 ἀλλά
3443 2001 3582 2072 μετά

2006 2088 2106 2158 τήν
2140 2087 2368 2158 κάμινον
2387 2105 2402 2120 ·
2439 2088 2563 2144 οὔτε
2598 2091 2688 2145 τὸν
2728 2092 2925 2164 Δανιὴλ
2943 2095 3122 2165 πρὶνή
3145 2098 3422 2166 ἐμπεσεῖν,
3444 2095 3582 2149 ἀλλά

2011 2184 2148 2253 μετά
2185 2185 2283 2248 τάς
2320 2185 2460 2239 ἐπτά
2499 2186 2733 2259 ἡμέρας.
2754 2189 2844 2257 Μὴ
2877 2189 2941 2259 δὴ
2960 2190 3192 2262 πρόσεχε
3209 2194 3274 2261 τῇ
3297 2193 3455 2260 φύσει
3470 2192 3582 2246 τῶν

2008 2279 2348 2349 πραγμάτων
2385 2282 2463 2345 είς
2501 2283 2808 2351 ἀπόγνωσιν
2828 2285 3225 2356 ἐμϐαλλόντων,
3249 2287 3386 2341 ἀλλά
3403 2292 3470 2359 τῇ
3489 2289 3589 2343 δυσ

2007 2375 2167 2443 νάμει
2187 2375 2282 2428 τοῦ
2299 2376 2434 2429 Θεοῦ
2454 2380 2519 2448 τῇ
2541 2378 2608 2431 τά
2627 2379 3023 2451 ἀπεγνωσμένα
3041 2383 3121 2446 είς
3139 2381 3356 2447 ἐλπίδας
3372 2384 3581 2459 ἀγούσῃ

2007 2470 2267 2539 χρηστάς.
2289 2470 2460 2525 Τοῦτο
2477 2472 2541 2544 δὴ
2562 2472 3001 2546 καὶόΨαλμῳδδς
3019 2476 3250 2541 δεικνὺς,
3273 2477 3369 2531 καὶ
3407 2479 3469 2532 τό
3487 2478 3579 2531 εῦ-

2008 2581 2173 2635 πορον
2205 2566 2306 2637 τῆς
2336 2566 2429 2620 τοῦ
2450 2567 2583 2621 Θεοῦ
2613 2568 2894 2641 δυνάμεως
2916 2572 3264 2643 παραστῆσαι
3285 2572 3579 2640 θέλων,ηὸτι

2008 2663 2102 2716 καὶ
2138 2664 2218 2726 εἰς
2255 2664 2394 2717 αύτά
2411 2665 2480 2718 τά
2497 2666 2644 2720 δεινά
2663 2669 3017 2738 ἐμπεσόντας,
3040 2672 3134 2724 καὶ
3173 2673 3580 2736 καταποθέντας

2007 2758 2378 2829 ἀνιμήσασθαι
2395 2760 2759 2826 δύναται,ούκ
2792 2765 2856 2817 ἐκ
2889 2765 3186 2835 προοιμίων
3208 2767 3390 2838 μόνον,
3411 2767 3578 2823 ἀκου-

2008 2868 2100 2905 σον
2133 2853 2185 2905 τί
2219 2855 2462 2925 ἐπήγαγε
2485 2872 2497 2886 ι
2520 2854 2723 2909 Πάντα
2739 2858 2811 2912 τὰ
2829 2858 2973 2926 ἔθνη
2995 2858 3351 2913 ἐκύκλωσάν
3365 2879 3460 2930 με.
3484 2856 3579 2914 Εἷ-
3606 2896 3611 2909 ι

2005 2946 2090 3011 δες
2125 2947 2391 3019 ἀφευκτον
2433 2950 2708 3018 κίνδυνον;
2746 2953 2820 3006 Οὐ
2858 2952 2966 3024 γὰρ
2985 2955 3049 3008 ἐκ
3068 2955 3425 3025 παρατάξεως
3455 2951 3576 3028 ἦνή

2008 3042 2177 3114 μάχη,
2196 3044 2317 3098 ούδέ
2334 3045 2395 3110 ἐξ
2413 3045 2626 3109 εὐθείας
2655 3046 2922 3111 ἐστώτων,
2943 3049 3058 3102 ἀλλ’
3077 3049 3223 3104 ἐνδον
3254 3051 3575 3123 ἀπείληπτο,

2006 3141 2097 3193 καὶ
2112 3141 2188 3203 ὼς
2207 3142 2414 3213 σαγήνῃ
2444 3142 2548 3194 τινὶ
2583 3142 2988 3215 περιεϐέϐλητο,
3010 3147 3103 3200 καὶ
3135 3145 3324 3218 ὥσπερ
3361 3148 3465 3203 ὑπὸ
3499 3147 3578 3201 δι-

2006 3234 2182 3289 κτύων
2204 3237 2494 3307 συνείχετο,
2514 3238 2612 3308 οὐχ
2632 3240 2719 3308 ὑφ’
2736 3239 2874 3303 ἐνὸς,
2895 3240 3119 3307 καὶδύο,
3138 3243 3233 3297 καὶ
3249 3236 3437 3314 τριῶν,
3460 3244 3576 3298 ἀλλ’

2004 3331 2109 3385 ὑπὸ
2127 3333 2235 3386 τῶν
2256 3333 2422 3386 ἐθνῶν
2444 3335 2697 3390 ἁπάντων
2717 3353 2731 3366 °
2754 3336 2867 3390 ἀλλ’
2887 3338 3036 3409 ὅμως
3057 3340 3233 3393 πάντα
3253 3339 3576 3412 διερρήγνυ-

2004 3444 2065 3480 το
2083 3427 2150 3480 τά
2169 3428 2341 3499 δεσμά
2357 3429 2531 3482 ταῦτα
2548 3433 2613 3500 τῇ
2635 3433 2714 3495 εἰς
2733 3433 2864 3485 Θεὸν
2883 3433 3076 3488 ἐλπίδι.
3100 3436 3210 3489 Καὶ
3230 3433 3310 3501 τῷ
3332 3437 3577 3506 ὀνόματι

2004 3524 2224 3589 Κυρίου
2242 3523 2565 3593 ἠμυνάμην
2596 3528 2834 3597 αὐτούς.
2852 3527 3293 3596 Κυκλώσαντες
3310 3532 3575 3587 ἐκύκλω-

2004 3616 2126 3671 σάν
2139 3634 2236 3686 με,
2260 3618 2360 3672 καί
2384 3619 2462 3685 τῷ
2486 3622 2727 3690 ὀνόματι
2756 3624 2975 3691 Κυρίου
2992 3625 3314 3696 ἠμυνάμην
3333 3628 3572 3694 αὐτούς,

2017 3712 2400 3767 Ἐκύκλωσάν
2414 3733 2489 3785 με
2507 3716 2647 3770 ὡσεὶ
2663 3717 2955 3786 μέλισσαι
2977 3722 3206 3788 κηρίον,
3221 3721 3320 3775 καί
3338 3723 3580 3787 ἐξεκαύ-

2005 3813 2203 3878 θησαν
2221 3810 2302 3877 ὠς
2321 3811 2439 3879 πῦρ
2459 3813 2529 3865 ἐν
2547 3814 2826 3880 ἀκάνθαις
2839 3856 2855 3881 ,
2878 3816 2975 3869 καί
2996 3815 3076 3881 τῷ
3094 3818 3337 3887 ὀνόματι
3352 3819 3575 3888 Κυρίου

2003 3905 2322 3976 ἠμυνάμην
2338 3910 2579 3976 αὐτούς.
2605 3905 2754 3974 Εἶδες
2775 3909 2891 3974 πῶς
2927 3911 3213 3981 διαγράφει
3247 3912 3353 3965 τῶν
3385 3912 3575 3966 δεινῶν

2003 4001 2065 4054 τὸ
2088 4001 2314 4072 μέγεθος
2333 4019 2350 4069 ;
2383 4005 2457 4056 Οὐ
2491 4006 2598 4075 γάρ
2617 4004 2802 4069 ἀπλῶς
2822 4001 2994 4069 εἶπεν,
3012 4006 3413 4071 Ἑκύκλωσαν,
3435 4008 3574 4076 ἀλλ’,

2015 4095 2170 4151 Ὠσεὶ
2201 4098 2636 4168 μέλισσαι,καί
2671 4100 2751 4166 ὡς
2785 4101 2905 4170 πῦρ
2927 4102 2997 4155 ἐν
3017 4102 3308 4168 ἀκάνθαις
3326 4120 3339 4133 ·
3368 4104 3457 4159 διὰ
3476 4105 3575 4176 μὲν

2003 4195 2112 4249 τῶν
2148 4195 2415 4267 μελισσῶν
2445 4196 2505 4249 τὸ
2539 4195 2766 4267 σφοδρὸν
2797 4197 2897 4267 τῆς
2933 4185 3368 4270 προθυμίας,διά
3391 4202 3449 4255 δέ
3468 4202 3576 4257 τῶν

2005 4291 2253 4345 ἀκανθῶν
2272 4290 2332 4345 τὸ
2351 4292 2618 4363 ἀφόρητον
2639 4291 2731 4345 τοῦ
2754 4291 2948 4364 θυμοῦ,
2972 4295 3067 4347 καὶ
3102 4295 3165 4348 τὸ
3195 4296 3458 4352 ἄσϐεστον
3477 4299 3576 4371 τῆς

2006 4388 2173 4459 ὀργῆς
2192 4390 2574 4459 αἰνιττόμενος.
2599 4389 2694 4452 Τίς
2712 4388 2819 4460 γάρ
2840 4388 3022 4459 ὑφέξει
3042 4391 3152 4463 πῦρ
3179 4393 3441 4458 ἀκάνθαις
3473 4397 3574 4468 ἐμ-

2006 4483 2171 4537 πεσόν
2186 4500 2201 4550 ;
2234 4484 2371 4537 Ἀλλ’
2388 4486 2557 4556 ὅμως,
2572 4485 2756 4557 φησὶν,
2772 4485 2912 4539 οὕτω
2932 4487 3197 4559 σφοδρῶς,
3209 4488 3351 4543 οὕτω
3369 4491 3576 4562 ταχέως

2005 4579 2341 4648 ἀναφθέντας
2380 4581 2475 4634 καὶ
2511 4582 2570 4634 ἐν
2608 4580 2759 4653 μέσῳ
2791 4582 3218 4655 περιλαϐόνταςά
3241 4586 3300 4640 οὐ
3326 4587 3485 4658 μόνον
3504 4587 3580 4641 δι-

2005 4675 2225 4744 έφυγον,
2247 4675 2382 4729 ἀλλά
2422 4676 2515 4729 καὶ
2553 4676 2865 4748 ήμυνάμην.
2887 4678 3057 4732 Τοῦτο
3082 4679 3185 4749 δρα
3216 4682 3312 4736 καὶ
3347 4684 3441 4736 ἐπὶ
3473 4682 3577 4754 τῆς

2005 4769 2139 4841 ὕλης
2173 4771 2345 4839 αὐτῆς
2381 4773 2682 4841 γινόμενον.
2705 4773 2814 4826 Καὶ
2838 4773 2947 4845 γάρ
2980 4774 3090 4845 πῦρ
3113 4775 3274 4847 βάτον
3290 4779 3459 4844 ἐκαιε,
3480 4781 3577 4833 καὶ

2003 4864 2127 4919 οὔτε
2146 4868 2180 4938 η
2202 4865 2361 4935 βάτος
2381 4865 2530 4938 [522]
2550 4866 2783 4933 ἐκαίετο,
2800 4867 2922 4921 οῦτε
2941 4870 3119 4923 ἐκεῖνο
3137 4852 3438 4936 ἐσϐέννυτο,
3458 4873 3572 4927 ἀλλ’

2003 4963 2290 5034 ἀμφότερα
2303 4961 2563 5035 ἐμε[ι]νεν
2581 4964 2869 5034 ὁμιλοῦντα
2884 4966 3153 5038 ἀλλήλοις,
3171 4971 3265 5024 καὶ
3278 4971 3377 5023 οὐκ
3390 4969 3575 5024 ἀναλι-

2005 5058 2265 5131 σκόμενα.
2293 5060 2486 5113 Καίτοι
2526 5059 2580 5114 τί
2622 5059 2945 5133 σαθρότερον
2986 5063 3179 5132 βάτους
3218 5066 3271 5117 τί
3305 5065 3362 5117 δὲ
3402 5064 3573 5136 πυρὸς

2002 5156 2470 5230 καυστικώτερον;
2516 5157 2655 5211 Ἀλλ’
2674 5158 2822 5230 ὅμως
2842 5161 2876 5230 ἡ
2896 5158 3306 5230 θαυματουργὸς
3326 5159 3416 5212 τοῦ
3436 5159 3570 5214 Θεοῦ

2067 5415 2091 5446 ο
2116 5415 2170 5464 ιη
2181 5411 2414 5478 editione
2432 5413 2648 5478 Rgmana
2670 5413 2857 5478 legitur
2870 5413 2966 5478 ἀπὸ
2982 5413 3203 5478 πρωΐθεν,
3230 5421 3279 5464 et
3308 5422 3477 5478 poslea
3489 5422 3570 5468 καὶ

2001 5477 2155 5526 πάντα
2173 5475 2274 5523 ἐστὶ
2295 5477 2462 5540 ταχινὰ
2479 5476 2630 5540 ἔναντι
2664 5475 2854 5540 Κυρίου.
2880 5475 2986 5540 Mox
3010 5475 3091 5523 τὸν
3125 5475 3376 5540 τριστάτὴν
3416 5478 3566 5530 Savil.

2003 5540 2052 5588 in
2073 5549 2250 5607 μηδ.ῐεὶ
2273 5535 2750 5607 τὸν“προο·τάτην,ει”
2783 5537 2855 5607 δίο
2887 5537 3070 5597 legisse
3098 5535 3294 5607 vjdelur
3322 5535 3569 5607 Ηειςνειιισ

2000 5595 2276 5662 (ιυίίνειῖιὶι,
2298 5595 2598 5661 praefectum,
2630 5595 2725 5646 etsi
2748 5595 2958 5646 certum?
2969 5611 3067 5647 non
3087 5597 3156 5651 sil
3172 5605 3283 5650 utro
3313 5603 3460 5653 modo
3490 5606 3568 5654 le-

2066 5661 2147 5708 rit.

1998 5674 2263 5785 εεέιὲανίι.
2287 5733 2533 5793 λαϐόντας,
2567 5738 2621 5783 et
2639 5735 2687 5783 In
2713 5746 2865 5794 marg.
2889 5735 3239 5845 περιλαϐόντας.
3264 5737 3385 5786 Infra
3411 5737 3567 5788 Savﬂ.

1999 5801 2030 5845 ἡ
2059 5797 2200 5845 Βάτοε
2218 5796 2511 5845 κατεκαίετο.
2540 5796 2645 5845 Mox
2689 5797 2859 5845 Morel.
2886 5797 2945 5845 ἀλ
2975 5797 2989 5822 ’
3030 5799 3156 5845 ὅμως
3178 5801 3285 5845 τότε
3308 5801 3564 5845 dandum:

1999 5801 2030 5864 ἡ
2059 5797 2200 5864 βάτος
2218 5796 2645 5864 κατεκαίετᾳμκοκ
2689 5797 2859 5846 Morel.
2886 5796 2989 5845 ἀλλ’
3030 5799 3156 5860 ὅμως
3178 5801 3285 5848 τότε
3308 5801 3564 5864 ἀμφότεραι·

2004 5860 2153 5909 Savil.
2190 5860 2369 5909 melius
2388 5859 2490 5907 ἀλλ’
2509 5859 2765 5923 ἀμφότερα.
