4018 6268
508 428 609 484 $33

500 548 727 614 δύναμις
747 538 1245 614 παραδοξοποιοῦσα
1265 546 1547 616 ἀμφότερα
1564 547 1713 599 εἴασε
1735 546 1934 617 μένειν.
1950 546 2075 598 Τοι-

502 630 657 684 οῦτον
695 627 749 681 δέ
774 644 826 680 τι
849 627 1147 699 παράδοξον
1165 630 1257 682 καὶ
1274 629 1394 682 τότε
1417 630 1715 684 συνέϐαινε.
1733 631 1822 694 Ὡς
1840 630 1950 701 πῦρ
1968 631 2077 701 γὰρ

502 713 827 782 ἐπέδραμον,
849 711 924 773 ὡς
945 710 1192 780 μέλισσαι
1215 712 1352 781 μετά
1372 711 1678 784 προθυμίας
1699 708 1969 778 ἐπέθεντο,
1992 712 2078 766 ἐν-

500 793 591 846 δον
612 789 760 862 είχον
780 792 1203 863 ἀπειλημμένον,
1228 795 1320 847 καὶ
1338 794 1489 848 οὐδὲν
1509 796 1731 865 ποιῆσαι
1752 795 2078 866 ίσχυσαν.Τδ

500 876 608 946 γὰρ
629 875 790 929 ὅπλον
808 876 869 929 τὸ
887 877 1198 950 ἀχείρωτον,
1221 878 1255 947 ἡ
1276 878 1559 948 συμμαχία
1579 881 1610 949 ὴ
1634 879 2075 950 ἀκαταμάχητος,

498 959 594 1011 τοῦ
631 958 765 1012 Θεοῦ
797 959 859 1012 τὸ
894 961 1062 1029 ὄνομα
1096 962 1302 1024 πάντας
1321 964 1512 1026 αὐτοὺς
1534 962 1831 1033 ἀπήλασεν.
1850 963 2078 1028 Ὠσθείς

500 1043 847 1111 ἀνετράπην
887 1045 991 1098 τοῦ
1026 1045 1254 1109 πεσεῖν,
1277 1046 1375 1100 καί
1416 1048 1450 1099 ό
1485 1047 1698 1114 Κύριος
1718 1034 2081 1100 ἀντελάϐετό

494 1143 633 1195 μου.
649 1123 781 1179 Εἷπε
801 1127 861 1180 τὸ
883 1128 1109 1198 μέγεθος
1122 1128 1230 1183 τῶν
1247 1129 1449 1193 δεινῶν,
1465 1129 1572 1183 ἀπὸ
1588 1131 1679 1183 τοῦ
1698 1129 1952 1198 πλήθους.
1967 1130 2075 1182 ἀπὸ

498 1208 595 1261 τοῦ
627 1210 921 1280 σχήματος,
943 1212 1050 1265 ἀπὸ
1069 1213 1168 1282 τῆς
1189 1213 1515 1285 προθυμίας,
1537 1213 1643 1266 ἀπὸ
1660 1213 1760 1283 τῆς
1776 1212 1947 1284 ὀργῆς
1966 1212 2074 1265 τῶν

500 1293 763 1347 ἐπιόντων
787 1311 800 1324 ·
840 1295 984 1363 λέγει
1024 1297 1116 1350 καὶ
1154 1298 1246 1366 ἀφ’
1267 1291 1341 1350 ὧν
1374 1297 1535 1361 αὐτὸς
1554 1298 1773 1353 ἔπαθεν.
1795 1298 1950 1350 οῦτω
1972 1315 2072 1367 μου

499 1375 841 1448 ἐπεκράτησε
861 1379 930 1431 τά
948 1379 1113 1437 δεινὰ.
1138 1379 1321 1448 φησὶν,
1344 1379 1419 1442 ὡς
1439 1380 1533 1433 καὶ
1556 1379 1751 1452 μικροῦ
1780 1381 1945 1448 ἐγγὺς
1978 1395 2072 1447 γε-

501 1459 687 1512 νέσθαι
709 1460 802 1514 τοῦ
824 1465 1006 1515 πεσεῖν
1028 1462 1120 1515 καὶ
1140 1461 1713 1532 κατενεχθῆναι.οῦτω
1735 1462 1837 1533 γὰρ
1854 1462 2073 1532 ἀνετρά-

498 1560 607 1612 πην
626 1543 840 1607 ὠσθεὶς,
860 1545 938 1608 ὡς
970 1546 1186 1614 μέλλειν
1219 1547 1582 1600 καταπίπτειν
1602 1562 1614 1574 ο
1639 1545 1753 1599 ἀλλ’
1772 1548 1858 1599 ὅτε
1887 1545 2070 1599 λοιπὸν

496 1624 719 1695 ἔμελλον
759 1628 852 1681 ἐπὶ
888 1628 1018 1694 γόνυ
1058 1629 1337 1699 φέρεσθαι,
1359 1630 1453 1683 καὶ¹
1471 1629 1887 1683 κατακλίνεσθαι
1905 1641 1954 1691 ι,
1976 1630 2070 1683 καὶ

496 1708 677 1763 πάντα
725 1711 1045 1779 ἀπέγνωστο
1080 1712 1147 1766 τὰ
1184 1711 1531 1783 ἀνθρώπινα,
1577 1712 1700 1765 τότε
1737 1712 1837 1782 τὴν
1876 1710 2067 1765 ἑαυτοῦ

498 1792 816 1863 συμμαχίαν
836 1794 1164 1860 ἐπεδείξατο.
1190 1795 1340 1847 Ποιεῖ
1370 1795 1427 1847 δὲ
1461 1794 1616 1848 τοῦτο
1635 1798 1663 1847 ό
1682 1795 1831 1857 Θεὸς,
1854 1795 1938 1848 ἵνα
1961 1813 2066 1866 μη·

494 1871 606 1935 δε¹ις
642 1874 738 1944 τὴν
782 1877 973 1928 ἑαυτοῦ
1010 1876 1163 1940 δόξαν
1203 1877 1541 1948 νοσφίζηται.
1571 1877 1740 1930 Τοῦτο
1772 1879 1864 1930 καί
1900 1879 1958 1930 ἐν
2000 1880 2064 1949 τῇ

499 1957 711 2027 ἱστορίᾳ
728 1957 836 2009 τῶν
858 1957 1069 2027 Κριτῶν
1093 1961 1182 2012 ἐπὶ
1200 1959 1292 2013 τοῦ
1314 1960 1517 2013 Γεδεὼν
1538 1962 1777 2029 ἐποίησε.
1796 1961 1892 2014 Διά
1912 1963 2067 2015 τοῦτο

496 2039 594 2091 καὶ
614 2038 708 2091 ἐπὶ
740 2040 832 2092 τοῦ
862 2041 1125 2105 Ἐζεκίου,
1146 2044 1334 2107 νυκτὸς
1352 2043 1537 2114 οὔσης,
1559 2044 1619 2096 τὸ
1636 2046 1892 2114 τρόπαιον
1911 2044 2068 2115 ἕστη-

498 2137 609 2174 σεν.
631 2122 695 2174 Εἰ
727 2122 835 2195 γὰρ
871 2124 966 2177 καὶ
1001 2125 1163 2195 μηδὲν
1192 2126 1514 2189 συντελέσας
1532 2129 1610 2190 εἰς
1627 2129 1727 2197 τὴν
1745 2128 1899 2198 νίκην
1919 2128 2064 2180 ἐκεῖ·

494 2221 585 2267 νος
604 2205 697 2258 καὶ
715 2206 808 2259 τὸν
830 2207 1077 2277 πόλεμον,
1099 2210 1246 2280 ὅμως
1278 2211 1554 2281 ἀπενοήθη
1574 2227 1588 2241 ·
1610 2214 1659 2264 εἰ
1689 2212 1934 2282 παρέστη
1971 2211 2067 2281 μόε

493 2305 584 2341 νον
618 2290 683 2359 τῇ
723 2290 1044 2359 παρατάξει,
1060 2295 1115 2345 εἰ
1149 2293 1446 2357 πίπτοντας
1465 2292 1571 2347 εἶδε
1591 2296 1716 2357 τοὺς
1734 2296 2064 2366 ἀναιρουμέ-

492 2387 637 2435 νους,
666 2373 766 2425 οὐκ
804 2372 871 2427 ἂν
914 2375 1173 2443 μειζόνως
1210 2376 1367 2429 τοῦτο
1402 2376 1638 2442 ἐπαθεν;
1682 2378 1848 2433 Ὅταν
1886 2379 2064 2432 τοίνυν

492 2455 819 2527 ἀπογνωσθῇ
841 2456 898 2523 ἐξ
918 2457 1261 2529 ἀνθρωπίνης
1279 2460 1489 2523 ἐλπίδος
1506 2460 1574 2514 τὰ
1594 2461 1911 2531 πράγματα,
1943 2462 2066 2515 τότε

493 2539 687 2606 ἐπάγει
707 2539 805 2608 τὴν
824 2542 953 2610 παρῖ
975 2542 1165 2595 ἑαυτοῦ
1187 2544 1517 2614 συμμαχίαν.
1543 2545 1711 2598 Τοῦτο
1739 2549 1831 2599 καὶ
1854 2547 1945 2600 ἐπὶ
1967 2547 2061 2600 τοῦ

498 2622 687 2675 Γολιάθ
708 2623 929 2694 ἐποίησε
947 2641 959 2653 ·
981 2624 1136 2679 τοῦτο
1156 2628 1247 2679 καὶ
1270 2629 1486 2681 ἐπὶτῶν
1508 2630 1835 2683 ἀποστόλων.
1861 2631 1950 2684 Διὸ
1972 2633 2062 2684 καὶ

492 2707 521 2757 ὁ
559 2705 766 2769 Παῦλος
799 2707 1016 2775 ἔλεγεν*
1051 2708 1397 2763 Ἀλλάὑτοί
1435 2711 1505 2764 ἐν
1541 2711 1775 2778 ἑαυτοῖς
1812 2714 1876 2766 τὸ
1914 2715 2064 2769 ἀπό-

490 2805 668 2858 κριμα
698 2789 803 2843 τοῦ
837 2788 1094 2845 θανάτου
1112 2792 1476 2861 ἐσχήκαμεν,
1499 2795 1599 2847 ἵνα
1618 2795 1698 2863 μὴ
1718 2800 2064 2863 πεποιθότες

487 2866 646 2940 ὦμεν
677 2871 770 2941 ἐφ’
801 2873 1054 2938 ἑαυτοῖς,
1087 2874 1226 2927 ἀλλ’
1257 2875 1353 2927 ἐπὶ
1390 2874 1471 2940 τῷ
1509 2876 1630 2941 Θεῷ
1665 2878 1745 2943 τῷ
1778 2879 2063 2946 ἐγείροντι

488 2955 632 3020 τοὺς
652 2956 925 3023 νεκρούς.
944 2955 1137 3025 Ἰσχύς
1150 2974 1290 3026 μου,
1312 2958 1409 3011 καί
1440 2959 1702 3027 ὕμνησίς
1722 2978 1842 3028 μου
1882 2963 1915 3014 6
1947 2963 2066 3015 Κύ-

487 3054 634 3103 ριος,
657 3037 757 3091 καί
785 3038 1023 3107 ἐγένετό
1030 3056 1133 3107 μοι
1148 3042 1231 3105 εὶς
1253 3041 1571 3108 σωτηρίαν.
1605 3042 1749 3095 Ὠσεὶ
1768 3043 1945 3112 έλεγε’
1964 3042 2066 3096 Δύ-

488 3120 651 3189 ναμις
668 3125 775 3191 ’μου
795 3122 955 3185 αὐτὸς
976 3123 1189 3191 ἐγένετο
1209 3124 1301 3177 καὶ
1322 3123 1560 3195 βοήθεια.
1585 3123 1649 3176 Τί
1668 3124 1722 3178 δέ
1742 3127 1887 3179 ἐστιν
1906 3126 1935 3178 ὅ
1956 3143 2063 3196 φη.

491 3205 890 3273 σιν,”Υμνησίς
903 3222 1047 3275 μου;
1079 3206 1142 3259 Ἡ
1162 3205 1286 3272 δόξα
1309 3224 1429 3277 μου,
1451 3210 1479 3261 ὁ
1499 3204 1646 3271 αῐνός
1670 3226 1791 3278 μου,
1813 3211 1842 3261 6
1861 3209 2064 3281 κόσμος

493 3304 618 3357 μου,
638 3290 673 3359 ἡ
709 3289 1034 3359 περιφάνειά
1075 3307 1196 3360 μου.
1219 3289 1295 3344 Οῦ
1317 3289 1425 3362 γὰρ
1442 3290 1504 3362 δὴ
1538 3291 1695 3362 μόνον
1730 3292 2061 3349 ἀπαλλάττει

488 3370 599 3422 τῶν
638 3372 918 3435 κινδύνων,
940 3372 1075 3426 ἀλλά
1107 3373 1203 3426 καὶ
1234 3372 1519 3443 λαμπροὺς
1552 3377 1697 3427 ποιεῖ
1714 3376 1806 3429 καὶ
1829 3395 2063 3448 περιφα-

488 3456 600 3515 νεῖς
622 3470 636 3484 ·
658 3456 753 3508 καὶ
786 3456 1057 3524 πανταχοῦ
1090 3455 1250 3509 τοῦτο
1281 3456 1427 3509 ἐστιν
1463 3456 1608 3520 ἰδεῖν,
1635 3458 1770 3527 μετὰ
1788 3459 1945 3531 δόξης
1961 3462 2062 3534 τὴν

490 3535 764 3606 σωτηρίαν
783 3535 1085 3606 διδομένην.
1105 3539 1211 3590 Kal.
1228 3538 1414 3609 ἕτερον
1433 3539 1488 3592 δέ
1508 3556 1558 3592 τι
1577 3540 1666 3593 διὰ
1685 3542 1871 3596 τούτου
1892 3544 2062 3597 αίνίτ-

488 3633 662 3671 τεται.
686 3619 842 3671 Ποῖον
859 3618 914 3672 δὲ
929 3619 1122 3683 τοῦτο;
1164 3621 1285 3673 ’Ότι
1306 3618 1464 3675 τοῦτό
1501 3640 1610 3692 μοι,
1634 3625 1786 3692 φησὶ,
1808 3625 2062 3698 διηνεκὴς

487 3699 616 3771 ᾠδὴ,
642 3699 797 3753 τοῦτό
836 3719 927 3773 μοι
962 3701 1212 3774 διηνεκὴς
1251 3704 1471 3774 eun/+1.6
1492 3703 1658 3773 ὕμνος
1695 3709 1724 3759 6
1761 3708 1838 3771 είς
1875 3709 2058 3778 αὐτὸν,

486 3783 647 3838 τοῦτό
668 3803 757 3856 μοι
780 3784 958 3856 ἔργον,
979 3785 1243 3857 διηνεκῶς
1262 3787 1423 3840 αὐτὸν
1443 3790 1720 3857 ἀνυμνεῖν.

557 3870 617 3923 δ’.
666 3871 1033 3924 Ἀκουέτωσαν
1070 3873 1121 3923 οἰ
1164 3872 1282 3933 ταῖς
1316 3874 1634 3935 σατανικαῖς
1667 3872 1827 3943 ᾠδαῖς
1867 3890 2069 3929 κατασο·

484 3955 886 4028 ηπόμενοι,οῖαν
898 3955 1222 4026 ὑπομένουσι
1235 3954 1611 4027 βλάϐην,ποίας
1622 3957 1666 4010 δ’
1675 3957 1740 4011 ἂν
1751 3960 1842 4012 καὶ
1852 3960 2061 4031 τύχοιεν

487 4039 839 4111 συγγνώμης,
859 4039 1051 4093 τούτου
1084 4040 1348 4109 διηνεκῶς
1385 4040 1474 4093 τὸν
1508 4042 1728 4113 σωτῆρα
1761 4044 2061 4115 ἀνυμνοῦν-

481 4141 578 4188 τος
598 4126 648 4187 δ,
669 4128 864 4179 ἐκεῖνοι
903 4118 1167 4194 διηνεκῶς
1205 4128 1263 4177 ἐν
1298 4126 1421 4188 ταῖς
1456 4124 1565 4177 τῶν
1593 4125 1861 4197 δαιμόνων
1892 4128 2060 4198 ᾠδαῖς

484 4211 975 4282 ἐγκαλινδούμενοι.
998 4210 1171 4274 Φωνὴ
1205 4209 1620 4279 ἀγαλλιάσεως
1648 4211 1745 4264 καί
1764 4214 2059 4281 σωτηρίας

481 4296 552 4348 ἐν
587 4294 841 4361 σκηναῖς
878 4293 1315 4347 δικαίων-,Ὅταν
1335 4294 1444 4364 γάρ
1461 4294 1490 4345 6
1510 4293 1641 4357 Θεὸς
1659 4295 1976 4367 κατορθώσῃ
1997 4296 2059 4348 τὸ

486 4379 617 4439 πᾶν,
637 4378 686 4430 οί
704 4379 802 4448 τῆς
823 4377 980 4447 νίκης
998 4376 1358 4440 ἀπολαύοντες
1377 4376 1644 4447 χαίρουσι,
1670 4375 1951 4447 σκιρτῶσι,
1978 4378 2055 4430 δι-

486 4462 594 4531 πλῇ
608 4460 770 4527 γαννύ
779 4477 949 4531 μενοι,
967 4460 1059 4513 καὶ
1069 4458 1146 4529 τῷ
1160 4460 1420 4529 σωθῆναι,
1435 4459 1680 4532 καί[523]
1694 4460 1773 4530 τῷ
1782 4460 1869 4514 διὰ
1880 4461 2013 4514 Θεοῦ
2030 4473 2051 4501 ο

487 4542 748 4612 σωθῆναι.
772 4543 941 4595 Τοῦτο
978 4544 1207 4593 ποιεῖται
1242 4541 1602 4612 εὐφροσύνην,
1636 4543 1665 4594 ὁ
1700 4543 1762 4595 τὸ
1799 4544 2056 4615 τρόπαιον

487 4627 709 4696 στήσας.
734 4622 865 4677 Εἶτα
898 4625 1108 4686 δεικνὺς
1128 4625 1336 4695 καὶτῆς
1356 4626 1666 4696 συμμαχίας
1683 4627 1785 4696 τῆς
1802 4627 2055 4699 τοιαύτης

1233 427 1291 483 S.
1331 426 1614 485 JOANNIS
1641 428 2135 486 CHRYSOSTOMI
2172 428 2490 488 ARCHIEP.
2527 430 3081 490 CONSTANTINOP.

2188 547 2328 617 Ὅρα
2366 548 2470 619 τῆς
2503 549 2873 619 ἀγαλλιάσεως
2909 547 3005 618 τὴν
3038 544 3311 600 ὑπόθεσιν.
3336 543 3504 599 Τοῦτο
3536 546 3640 616 γάρ
3657 548 3751 603 καὶ

2184 634 2277 688 νῦν
2318 634 2484 703 λέγει,
2508 636 2643 705 ὅπερ
2681 633 2987 705 ἔμπροσθεν
3018 632 3191 700 ἔλεγε,
3225 631 3437 693 δεικνὺς
3473 631 3599 683 ὄτιό
3621 633 3749 694 Θεὸς

2181 716 2357 771 ταῦτα
2394 716 2776 790 κατώρθωσεν.
2801 718 2984 790 Ὁρᾷς,
3021 716 3121 769 οὐκ
3159 713 3259 766 ἐνά
3282 713 3565 785 ἀπαλλαγῇ
3593 716 3751 785 μόνον

2181 799 2289 851 τῶν
2307 801 2514 866 δεινῶν,
2537 800 2672 854 ἀλλά
2691 800 2784 854 καί.
2804 802 2861 854 ἐν
2883 800 3070 871 κτήσει
3090 796 3442 870 περιφανείας
3462 797 3749 869 γινομένην

2182 881 2347 934 αὑτοῦ
2384 882 2483 953 τὴν
2524 883 2867 954 εὐεργεσίαν·
2921 879 3108 935 Εἰπὼν
3142 881 3280 951 γάρ’
3320 879 3493 943 Δεξιά
3529 880 3748 946 Κυρίου

2181 964 2431 1031 ἐποίησε
2463 964 2739 1034 δύναμιν,
2761 965 3043 1036 ἐπήγαγε·
3072 962 3249 1027 Δεξιά
3287 962 3509 1030 Κυρίου
3541 961 3750 1030 ῦψωσέ

2176 1064 2273 1117 με.
2298 1047 2386 1100 ῖνα
2418 1046 2518 1119 τὴν
2550 1047 2699 1118 αὐτῷ
2724 1058 2748 1087 ο
2768 1048 3064 1116 γενομένην
3082 1044 3239 1109 δόξαν
3256 1043 3491 1114 δηλώσῃ.
3515 1043 3589 1096 Τὸ
3607 1042 3715 1115 γὰρ
3729 1083 3746 1109 ,

2183 1131 2418 1199 ’Υψωσέ
2433 1147 2534 1199 με,
2553 1131 2675 1185 ἀντί
2708 1130 2824 1197 τοῦ,
2865 1129 3133 1195 ἐδόξασεν,
3159 1127 3324 1181 ἐστίν.
3348 1127 3422 1180 Οὐ
3441 1127 3553 1199 γὰρ
3592 1127 3748 1197 μόνον

2179 1213 2437 1276 δυνατοὺς
2458 1212 2731 1283 ἐποίησεν,
2751 1210 2893 1265 ἀλλὰ
2907 1213 3000 1265 καὶ
3016 1210 3283 1275 ἐνδόξους.

2251 1299 2372 1350 Οὐκ
2392 1296 2824 1365 ἀποθανοῦμαι,
2846 1294 3008 1349 ἀλλὰ
3038 1292 3307 1363 ζήσομαι,
3340 1292 3441 1347 καί
3461 1291 3744 1361 διηγήσο-

2172 1396 2278 1446 μαι
2314 1379 2387 1432 τὰ
2421 1379 2566 1449 ἔργα
2594 1379 2832 1447 Κυρίου.
2855 1378 2919 1429 Ol
2954 1378 3052 1449 μὲν
3073 1376 3324 1439 κίνδυνοι,
3346 1375 3497 1445 φησὶ,
3520 1373 3744 1427 θάνατον

2176 1459 2451 1528 ἠπείλουν·
2466 1452 2585 1529 ’ἐγὼ
2601 1460 2682 1526 δὲ,
2704 1462 2824 1514 Οὐκ
2845 1459 3272 1527 ἀποθανοῦμαι,
3293 1458 3453 1513 ἀλλὰ
3474 1455 3739 1526 ζήσομαι.

2176 1544 2455 1607 Τουτέστι,
2474 1544 2694 1615 τοιαύτη
2717 1543 2860 1615 ήτοῦ
2890 1542 3158 1596 Δεσπότου
3194 1541 3634 1613 παραδοξοποιία,
3662 1542 3746 1594 ὅτι

2176 1627 2272 1680 καὶ
2292 1627 2353 1691 ἐξ
2372 1628 2551 1681 αὐτῶν
2570 1628 2785 1698 ἥρπασε
2805 1626 2912 1679 τῶν
2933 1624 3198 1690 θανάτων,
3217 1626 3312 1680 καὶ
3330 1625 3436 1697 πρὸ
3472 1627 3571 1695 τῆς
3612 1627 3753 1679 Και-ν

2173 1711 2273 1778 νῆς
2305 1712 2362 1765 ἐν
2403 1714 2511 1774 τοῖς
2543 1709 2863 1783 παραδόξοις
2884 1709 3147 1773 κινδύνοις
3163 1713 3263 1780 τῆς
3282 1709 3629 1772 ἀναστάσεως
3646 1710 3741 1780 τὴν

2173 1794 2359 1847 εἰκόνα
2401 1793 3058 1865 προδιαγράφων.Ἐδωκε
3088 1793 3198 1863 γὰρ
3228 1795 3360 1863 ἡμῖν
3381 1793 3475 1845 καὶ
3494 1792 3552 1859 ἐξ
3571 1793 3741 1863 ἀρχῆς

2172 1877 2486 1947 αἰνίγματα,
2499 1877 2589 1931 ὅτε
2607 1877 2697 1930 τὸν
2719 1876 2887 1948 Ἑνὼχ
2909 1877 3255 1947 μετέστησεν.
3271 1877 3337 1928 Εἰ
3351 1876 3460 1947 γὰρ
3476 1877 3738 1940 ἀπιστεῖς,

2171 1960 2252 2013 ὅτι
2284 1962 2343 2013 οὐ
2377 1962 2602 2015 δυνατὸν
2622 1962 2968 2032 διαναστῆναι
2992 1960 3011 1999 ι’
3039 1960 3287 2031 σώματα,
3309 1961 3418 2015 ἀπὸ
3436 1960 3627 2013 τούτου
3650 1960 3742 2013 πί-

2173 2060 2348 2097 στευε.
2370 2042 2495 2107 Πῶς
2532 2044 2640 2115 γὰρ
2674 2045 2903 2115 ἤρκεσεν
2922 2045 3002 2106 είς
3020 2045 3207 2116 χρόνον
3236 2043 3488 2097 τοσοῦτον
3505 2042 3567 2095 τὸ
3587 2042 3742 2113 σῶμα

2170 2129 2344 2181 ἐκεῖνο
2360 2143 2375 2191 ;
2392 2127 2465 2182 Οῦ
2481 2127 2590 2199 γάρ
2605 2128 2751 2181 ἐστιν
2771 2127 2882 2182 ἴσον
2900 2128 3078 2180 οίκίαν
3091 2126 3491 2198 διεφθαρμένην
3501 2127 3742 2197 ἀναστῆ-

2174 2228 2283 2275 σαι,
2307 2211 2401 2264 καὶ
2438 2212 2537 2281 τὴν
2576 2210 2781 2282 σαθρὰν
2817 2211 2912 2265 καὶ
2944 2210 3178 2263 παλαιὰν
3195 2206 3360 2264 οὖσαν
3379 2209 3745 2281 διακρατῆσαι

2170 2295 2262 2348 ἐπὶ
2292 2295 2483 2365 χρόνον
2516 2293 2786 2348 τοσοῦτον.
2814 2294 2926 2347 Οὐκ
2955 2295 3154 2357 ἐννοεῖς
3170 2294 3253 2346 ὅτι
3271 2294 3371 2346 οὐκ
3388 2293 3518 2346 ὅντα
3549 2294 3749 2363 ἐποίη-

2172 2395 2294 2443 σεν;
2333 2378 2542 2432 Οὐκοῦν
2570 2377 2749 2447 πολλῷ
2772 2378 2968 2448 μᾶλλον
2987 2378 3287 2448 ἀναστῆσαι
3304 2376 3743 2448 δύναται.Ἔχεις

2169 2460 2264 2515 καὶ
2300 2461 2488 2533 ἑτέραν
2523 2462 2705 2514 εἰκόνα
2721 2462 2821 2531 τῆς
2850 2460 3215 2524 ἀναστάσεως,
3252 2458 3401 2528 λέγω
3428 2459 3527 2530 τὴν
3559 2459 3747 2514 Ἠλίου

2169 2544 2448 2616 ἁρπαγὴν,
2469 2545 2527 2608 ὃς
2560 2546 2770 2598 οὐδέπω
2809 2545 2902 2598 κα)⁸
2936 2543 3175 2614 τήμερον
3194 2542 3533 2611 ἐτελεύτησε.
3555 2544 3745 2597 Πάντα

2171 2627 2328 2698 ῥᾴδια
2369 2628 2461 2681 καὶ
2497 2626 2690 2680 εὔκολα
2727 2625 2805 2697 τῷ
2841 2625 2977 2696 Θεῷ.
3004 2627 3125 2679 Οὐκ
3162 2624 3549 2691 ἀδυνατήσει,
3585 2626 3739 2696 φησί,

2169 2710 2327 2778 παρὰ
2361 2709 2442 2774 τῷ
2480 2708 2603 2776 Θεῷ
2636 2709 2759 2766 πᾶν
2784 2708 2966 2779 ῥῆμα.
2990 2709 3099 2763 Καὶ
3134 2710 3162 2762 6
3193 2709 3515 2779 Προφήτης*
3539 2709 3742 2765 Πάντα

2170 2792 2286 2846 ὅσα
2312 2793 2633 2859 ἠθέλησεν,
2652 2793 2961 2861 ἐποίησεν.
2985 2794 3095 2863 Οὐχ
3112 2794 3244 2863 ὁρᾷς
3280 2792 3361 2845 ὅτι
3401 2792 3494 2845 καὶ
3514 2792 3597 2845 σοὶ
3615 2790 3743 2845 δύσ-

2170 2877 2299 2930 κολα
2337 2879 2404 2929 τά
2435 2876 2529 2929 τοῦ
2563 2878 2808 2939 τέκτονος
2844 2876 3012 2949 ἕργα;
3052 2875 3190 2928 Ἀλλ’
3223 2876 3374 2946 ὅμως
3393 2876 3740 2945 παραχωρεῖς

2146 2962 2232 3035 ,τῇ
2253 2961 2433 3031 τέχνη.
2459 2955 2590 3011 Εἶτα
2626 2961 2691 3029 τῇ
2734 2958 2833 3029 μὲν
2869 2957 3149 3012 συνδούλου
3168 2957 3333 3030 τέχνῃ
3351 2959 3702 3028 παραχωρεῖς
3724 2972 3740 2985 ·

2166 3041 2261 3094 τοῦ
2280 3043 2337 3094 δὲ
2356 3041 2628 3095 Δεσπότου
2648 3042 2746 3113 τὴν
2769 3040 2961 3109 σοφίαν
2979 3039 3208 3103 εὐθύνας
3227 3042 3477 3103 ἀπαιτεῖς
3493 3047 3545 3101 ε,
3569 3039 3661 3093 καὶ
3678 3039 3745 3093 οὐ

2168 3123 2440 3198 καταδέχῃ
2476 3126 2541 3195 τῇ
2584 3125 2765 3177 πίστει
2804 3124 2861 3177 τὸ
2898 3124 3212 3194 γινόμενον;
3249 3123 3359 3177 Καὶ
3378 3123 3552 3193 πόσης
3568 3122 3745 3176 ταῦτα

2168 3208 2292 3274 ἀξια
2329 3208 2541 3272 ἀνοίας;
2585 3209 2706 3261 Οὐκ
2739 3205 3170 3274 ἀποθανοῦμαι,
3191 3204 3350 3261 ἀλλὰ
3382 3203 3652 3275 ζήσομαι.
3678 3207 3750 3260 Et

2166 3307 2247 3353 τις
2264 3292 2357 3344 καὶ
2373 3291 2514 3343 κατὰ
2531 3291 2819 3360 ἀναγωγὴν
2833 3289 3052 3342 ἐκλάόοι
3062 3289 3121 3342 τὸ
3137 3288 3555 3359 εἰρημένον,οὐχ
3568 3290 3751 3358 ἀμαρ-

2166 3374 2411 3443 τήσεται.
2435 3372 2496 3424 Εἰ
2528 3372 2638 3441 γὰρ
2668 3374 2760 3425 καί.
2780 3362 2906 3442 περῖ
2928 3373 3024 3443 τῆς
3046 3372 3394 3434 ἀναστάσεως
3412 3371 3572 3423 τοῦτο
3589 3373 3745 3442 εῖρη-

2166 3473 2255 3510 ται
2287 3454 2380 3526 (τὸ
2400 3455 2527 3527 γὰρ,
2567 3457 2689 3509 Οὐκ
2708 3454 3141 3524 ἀποθανοῦμαι,
3161 3452 3449 3524 δηλοῦντός
3468 3455 3639 3516 ἐστιν,
3658 3455 3747 3507 ὅτι

2167 3538 2287 3592 οὑδέ
2297 3540 2325 3591 6
2340 3538 2565 3602 θάνατος
2580 3537 2850 3607 θάνατος),
2864 3537 2975 3590 ἀλλ’
2991 3537 3141 3610 [524]
3152 3538 3300 3609 ὅμως
3312 3539 3406 3591 καὶ
3418 3538 3520 3591 καθ
3528 3540 3541 3556 ⁹
3553 3537 3642 3591 ἓτε
3648 3555 3743 3609 ρον

2165 3622 2365 3692 τρόπον
2411 3624 2621 3675 νοεῖται.
2648 3623 2768 3675 Οὐκ
2808 3621 3218 3690 ἀποθανοῦμαι
3255 3620 3398 3692 γὰρ,
3439 3620 3609 3691 φησὶ,
3647 3620 3749 3673 τὸν

2166 3705 2351 3775 ἕτερον
2372 3703 2619 3769 θάνατον,
2640 3704 2699 3758 ὃν
2718 3704 2812 3757 καὶ
2835 3706 2863 3757 ὁ
2882 3704 3114 3775 Χριστὸς
3131 3703 3496 3774 αἰνιττόμενος
3517 3702 3703 3772 ἔλεγεν
3723 3720 3740 3734 ο

2179 3787 2231 3839 '0
2270 3788 2568 3841 πιστεύων
2601 3789 2689 3853 εις
2723 3786 2850 3856 ἐμὲ,
2886 3786 3002 3840 κᾶν
3030 3786 3322 3853 ἀποθάνῃ,
3344 3784 3583 3851 ζήσεται
3603 3802 3618 3816 ο
3641 3786 3747 3840 καί

2165 3869 2285 3937 πᾶς
2321 3875 2354 3925 ό
2390 3868 2503 3931 ζῶν
2535 3870 2631 3924 καί
2663 3871 2964 3924 πιστεύων
2989 3872 3076 3935 εἰς
3094 3868 3219 3939 ἐμὲ,
3246 3870 3319 3922 οὐ
3331 3868 3419 3938 μὴ
3438 3868 3749 3938 ἀποθάνῃ.

2164 3955 2277 4009 Kal
2322 3952 2679 4024 διηγήσομαι
2714 3952 2787 4006 τὰ
2826 3953 2971 4023 ἔργα
3010 3952 3252 4020 Κυρίου.
3292 3951 3463 4006 Τοῦτο
3502 3953 3747 4023 μάλιστα

2162 4035 2301 4107 ζωὴ,
2320 4036 2381 4091 τὸ
2400 4040 2497 4092 καὶ
2516 4038 2676 4091 αὑτὸν
2695 4038 2885 4098 αἰνεῖν,
2907 4035 3001 4089 καὶ
3018 4036 3099 4097 εἰς
3118 4035 3362 4098 ἅπαντας
3392 4034 3744 4104 ἐξαγγέλλειν

2148 4118 2235 4172 ’τά
2274 4119 2526 4189 θαύματα
2564 4118 2750 4173 αὑτοῦ.
2785 4120 2922 4171 Ποῖα
2959 4117 3129 4189 ἐργας
3165 4116 3289 4170 είπέ
3331 4135 3441 4188 μοι.
3481 4119 3667 4172 Ταῦτα
3701 4121 3743 4175 ἃ

2168 4202 2349 4271 μέλλει
2390 4202 2728 4272 διηγεῖσθαι,
2766 4201 2987 4270 ἐπάγων
3011 4220 3023 4230 -
3063 4201 3366 4254 Παιδεύων
3413 4201 3744 4258 ἐπαίδευσέ

2158 4303 2235 4354 με
2253 4290 2285 4340 ὀ
2304 4288 2539 4354 Κύριος,
2560 4286 2659 4342 καί
2692 4285 2774 4351 τῷ
2806 4283 3038 4352 θανάτῳ
3054 4283 3452 4353 οὑπαρέδωκέ
3463 4302 3560 4355 με.
3585 4282 3742 4350 Εἶδες

2162 4370 2261 4438 τὴν
2304 4367 2794 4437 παραδοξοποιίαν;
2833 4362 2973 4431 εἶδες
3007 4367 3070 4420 τὸ
3109 4369 3407 4439 χρήσιμον;
3448 4368 3654 4439 Οὐγάρ
3672 4370 3738 4441 δὴ

2165 4450 2324 4521 μόνον
2360 4451 2440 4503 ὅτι
2483 4450 2770 4522 ἀπηλλάγη
2807 4452 3137 4522 εὐχαριστεῖ.
3161 4451 3375 4504 ἀλλ’ὅτι
3396 4452 3492 4504 καὶ
3511 4452 3738 4505 ἐνέπεσε

2162 4535 2321 4606 χάριν
2356 4531 2463 4587 οίδε
2504 4535 2788 4605 μεγίστην,
2810 4535 2903 4588 καὶ
2922 4534 3069 4602 λέγει
3095 4533 3157 4586 τὸ
3188 4531 3378 4604 κέρδος
3411 4533 3505 4587 τοῦ
3541 4550 3737 4604 πειρα-

2164 4616 2321 4687 σμοῦ.
2347 4618 2505 4670 Ποῖον
2522 4617 2584 4689 δὴ
2603 4617 2762 4671 τοῦτο
2778 4634 2793 4683 ;
2815 4616 3118 4671 Παιδεύων
3133 4616 3459 4670 ἐπαίδευσέ
3473 4634 3551 4685 με
3568 4620 3602 4671 ὁ
3625 4617 3737 4671 Κύ-

482 4710 582 4780 τὴν
612 4707 886 4777 ἀφορμὴν,
906 4707 1183 4777 ἐπήγαγεν
1197 4724 1210 4737 ·
1245 4708 1348 4760 Ἔν
1382 4709 1637 4776 σκηναῖς
1654 4708 1918 4764 δικαίων,
1941 4698 2056 4765 οὒκ
2152 4719 2304 4769 ριος,
2328 4699 2479 4771 φησί.
2514 4700 2685 4754 Τοῦτο
2705 4700 2826 4780 Δτῶν
2846 4699 3104 4753 κινδύνων
3120 4698 3181 4751 τὸ
3201 4699 3487 4770 χρήσιμον,
3508 4700 3590 4753 ὅτι
3614 4698 3736 4769 βελ-

481 4790 659 4849 εἷπενι
673 4791 763 4843 Ἐν
780 4789 1000 4854 οἰκίαις,
1016 4787 1150 4853 ἀλλ’,
1170 4791 1270 4843 Ἐν
1286 4791 1560 4855 σκηναῖς,
1573 4791 1633 4843 τὸ
1644 4792 2054 4863 ἐσχεδιασμένον
2067 4848 2103 4865 ο

480 4877 580 4947 τῆς
601 4876 867 4946 οἰκήσεως
884 4872 1061 4925 αὐτῶν
1085 4875 1429 4943 παραστῆσαι
1456 4873 1793 4944 βουλόμενος.
1816 4877 2050 4944 Τοιαύτη

477 4956 547 5033 ἦν
569 4961 602 5030 ἡ
625 4956 797 5030 σκηνὴ
815 4955 910 5010 τοῦ
934 4955 1201 5026 Ἀϐραὰμ,
1220 4956 1306 5008 ὅτε
1335 4955 1623 5027 ἐπανῆλθε,
1639 4957 1747 5011 τῶν
1765 4959 2054 5032 βαρϐάρων

480 5044 920 5117 περιγενόμενος,
942 5040 1191 5111 λαμπρὸς
1222 5040 1330 5093 ἀπὸ
1365 5039 1473 5093 τῶν
1503 5041 1942 5111 κατορθωμάτων
1962 5062 2054 5112 γε-

476 5126 668 5196 γονώς.
694 5126 928 5197 Τοιαύτη
960 5121 1028 5196 ἦν
1065 5127 1099 5197 ἡ
1138 5124 1310 5195 σκηνὴ
1339 5122 1433 5176 τοῦ
1466 5124 1701 5190 Παύλου,
1722 5127 1808 5179 ὅτε
1830 5129 2052 5200 ἐπανῄει

476 5213 586 5266 τῶν
620 5211 887 5283 δαιμόνων
923 5208 1361 5281 περιγενόμενος,
1380 5208 1476 5261 καὶ
1508 5208 1607 5279 τὴν
1644 5209 1851 5280 πλάνην
1883 5229 2052 5267 κατα.

475 5296 640 5361 λύων,
659 5296 753 5349 καὶ
779 5295 849 5349 τά
884 5291 1281 5365 κατορθώματα
1312 5290 1685 5363 διηγούμενος.
1723 5294 1896 5358 Δεξιὰ
1932 5301 2050 5351 Κν-

475 5382 609 5450 ρίου
650 5378 900 5447 ἐποίησε
939 5376 1216 5448 δύναμιν,
1244 5375 1412 5439 δεειά
1441 5375 1664 5443 Κιρίου
1709 5377 1915 5446 ῦψωσέ
1950 5398 2045 5451 με.

539 5485 567 5514 ⁸
614 5482 765 5532 Savil.
812 5485 893 5531 καί
932 5482 1185 5531 κλίνωθαυ
1223 5482 1312 5530 sed
1353 5478 1403 5530 in
1436 5479 1657 5543 margine
1688 5484 2048 5534 κατακλίνεσθαι

477 5551 613 5594 n0lal
645 5552 698 5593 ul
725 5549 930 5594 alleram
956 5546 1237 5594 lectionem.

539 5605 568 5646 δ
590 5604 741 5653 Savil.
760 5606 842 5654 τὸν
866 5612 1060 5669 σωτῆρα
1084 5604 1356 5667 ὑμνοῦντος,
1380 5609 1434 5653 εἰ
1451 5603 1576 5653 infra
1599 5603 1729 5655 idem
1754 5606 2051 5667 ἑγκυλινδού-

542 5730 565 5758 ε
592 5727 744 5775 Savil.
776 5728 824 5774 in
848 5740 1000 5787 marg.
1026 5729 1231 5777 alteram
1269 5726 1531 5775 lectionem
1556 5728 1716 5785 τῦφε-ι,
1736 5731 1816 5777 καὶ
1840 5729 1924 5777 τοῦ
1948 5747 2048 5778 σω-

475 5792 630 5844 θῆναι,
652 5787 833 5834 καὶτοῦ
853 5792 928 5837 δια
952 5787 1094 5843 Θεοῦ,
1118 5796 1213 5837 etc.
1242 5788 1348 5836 Ibid
1409 5790 1558 5837 Sal/il.
1584 5789 1723 5838 τοῦτο
1743 5792 1945 5840 ποιεῖται
1970 5792 2046 5839 £6-

485 5850 732 5906 εοοσύνην.
758 5846 929 5897 Morel.
956 5848 1098 5898 τοῦτο
1117 5850 1343 5905 ποιεῖτὴν
1368 5850 1669 5909 εὐφροσύνην.

2159 4784 2308 4837 τίονα
2329 4783 2639 4854 εἰργάσατο.
2660 4778 2814 4847 Εἶδες
2830 4782 3170 4853 ἑκατέρωθεν
3186 4780 3350 4835 αὑτοῦ
3368 4782 3465 4853 τὴν
3480 4781 3731 4851 δύναμιν,

2160 4866 2254 4919 καὶ
2292 4866 2388 4938 τὴν
2427 4866 2770 4936 κηδεμονίαν,
2806 4867 2901 4918 καί
2935 4865 2995 4917 τὸ
3037 4866 3253 4933 ἀφεῖναι
3291 4864 3731 4934 ἐναποληφθῆναι

2157 4952 2270 5013 τοῖς
2308 4951 2499 5014 δεινοῖς
2515 4950 2564 5011 1³,
2588 4948 2759 5002 καὶτὸ
2781 4948 2941 5001 πάλιν
2962 4947 3263 5012 ἀπαλλάξαι
3285 4963 3299 5011 ;
3328 4946 3411 5012 Τῷ
3428 4947 3535 5019 γὰρ
3554 4946 3733 5000 θανά-

2158 5033 2256 5098 τῴ,
2279 5035 2460 5104 φησὶν,
2482 5035 2554 5087 οὐ
2586 5032 2889 5100 παρέδωκέ
2924 5048 3019 5102 με.
3042 5033 3149 5085 Καὶ
3176 5031 3356 5095 καλῶς
3375 5027 3526 5084 εἶπεν
3547 5031 3730 5099 ἕτερος

2158 5119 2496 5189 ἑρμηνευτής
2516 5134 2527 5146 '
2558 5117 2640 5180 Τῷ
2658 5116 2725 5169 δὲ
2744 5116 2974 5180 θανάτῳ
2991 5119 3102 5171 οὐκ
3122 5116 3305 5169 ἔδωκέ
3319 5132 3417 5186 με,
3435 5116 3523 5168 ἵνα
3555 5114 3730 5184 δηλὼ-

2219 5298 2247 5337 (ἰ
2270 5300 2339 5349 lla
2357 5298 2507 5349 Savil.
2531 5299 2597 5349 At
2619 5298 2789 5361 more].
2817 5299 2929 5361 ὁρᾷς
2951 5297 3023 5344 ὅτι
3045 5296 3134 5344 οὐκ
3156 5295 3222 5344 ἐν.

2218 5374 2244 5401 ε
2273 5363 2423 5411 Savil.
2448 5364 2524 5410 ἵνα
2542 5362 2628 5417 τήν
2649 5358 2815 5409 αὐτοῦ.

2225 5423 2245 5462 ί
2274 5425 2424 5472 Savil.
2445 5423 2525 5471 καί
2548 5414 2835 5478 εἰ-άπιοτεῖς,
2861 5420 2933 5468 ὅτι
2953 5419 3009 5467 οὗ
3047 5418 3241 5467 δυνατὸν
3277 5418 3553 5476 ἀναστῆναι.
3598 5414 3723 5466 Infra

2154 5487 2310 5552 Sa’jil.
2329 5485 2481 5552 οἰκίαν
2504 5482 2609 5546 [μὴ]
2637 5480 3064 5552 διερθαρμένηνκίη
3086 5480 3257 5552 Μαι-ει.
3295 5481 3358 5541 μή
3380 5481 3539 5527 deest.

2220 5550 2245 5586 8
2269 5547 2439 5595 Morel.
2465 5543 2783 5607 προαπαιτεζς.
2803 5543 2961 5607 Βανιι.
2984 5543 3211 5607 ἀπαιτεῖς.

2215 5610 2243 5647 ll
2279 5607 2485 5669 Ἀφεῖναι
2506 5598 2775 5669 περιπεσεῖν
2793 5606 2892 5669 τοῖς
2909 5604 3075 5669 δεινοῖς
3096 5604 3216 5669 H_Pg.
3240 5602 3350 5669 Illo:
3379 5608 3489 5669 pqst
3509 5598 3720 5669 ἀπαυᾴ-

2154 5671 2226 5725 εαι
2247 5663 2378 5719 addit
2402 5670 2450 5715 in
2477 5663 2629 5728 mafg.
2650 5667 2798 5715 Savnl.
2821 5667 2901 5713 καὶ
2921 5666 3077 5719 καλῶς
3098 5663 3228 5728 εἶπεν
3251 5666 3403 5726 ἔτερος
3423 5663 3717 5728 ἑρμηνξιξτὴςε

2153 5722 2210 5780 οε
2231 5735 2271 5780 si
2297 5731 2381 5778 illa
2407 5722 2707 5788 verbafquaa
2730 5735 3024 5787 sequunlur,
3063 5725 3131 5788 τῷ
3150 5727 3239 5788 γὰρ
3262 5722 3443 5786 θανάτῳ
3460 5722 3545 5788 οὐκ
3571 5722 3718 5770 ἔδωκέ

2155 5810 2230 5853 με,
2258 5793 2353 5838 sint
2379 5791 2584 5838 :Illerius
2601 5787 3042 5853 _inlerprclls,_m:n_
3059 5787 3404 5853 Ch_r_ysosu)mi.
3425 5787 3522 5835 Sed
3550 5792 3715 5831 lenus

2156 5849 2323 5903 deﬂent
2348 5855 2396 5901 in
2422 5853 2573 5901 Salil.
2600 5851 2829 5912 beneque
2855 5850 3001 5898 habet
3032 5850 3079 5895 in
3124 5849 3293 5900 Morel.
