4088 6274
364 502 473 558 333

366 620 701 685 superantes,
730 606 973 680 permisit
990 614 1046 661 ut
1069 614 1289 676 utraque
1311 613 1605 660 manerent.
1629 599 1941 671 Hujusmodi

368 720 583 777 quoque
610 712 732 758 tunc
767 700 957 756 accidit
978 700 1315 754 miraculum.
1345 695 1495 752 Sicut
1522 696 1656 766 ignis
1679 695 1820 749 enim
1850 709 1944 748 ac-

369 796 672 859 eurrebant,
701 792 839 848 sicut
867 804 995 859 apes
1013 804 1133 845 cum
1169 796 1360 859 magna
1384 787 1545 842 animi
1570 786 1841 841 alacritate
1867 786 1948 839 in-

369 890 650 949 vadebant,
674 886 817 939 intus
835 884 1181 953 interceptum
1210 881 1478 940 tenebant.
1501 895 1601 935 nec
1620 879 1818 950 aliquid
1848 893 1946 948 po-

370 989 584 1036 tuerunt
608 978 800 1033 facere.
843 978 1003 1030 Arma
1026 974 1168 1030 enim
1196 974 1410 1039 invicta,
1441 971 1698 1026 auxilium
1726 972 1949 1039 inexpu-

366 1072 597 1142 gnabile,
623 1069 715 1123 Dei
740 1082 930 1121 nomen
953 1067 1095 1135 ipsos
1109 1078 1295 1120 omnes
1315 1063 1533 1132 expulit.
1553 1063 1639 1117 15.
1663 1063 1688 1115 1
1699 1062 1943 1131 inpulsus,

368 1181 567 1220 eversus
587 1179 699 1218 sum
727 1169 781 1213 at
808 1160 1059 1224 caderem,
1086 1166 1131 1213 et
1156 1156 1404 1210 Dominus
1440 1157 1657 1223 suscepit
1680 1171 1779 1208 me.
1812 1155 1950 1209 Dixit

370 1257 630 1310 malorum
662 1250 1073 1320 magnitudinem
1101 1263 1131 1302 a
1169 1247 1538 1309 multitudine,
1574 1261 1603 1300 a
1648 1246 1844 1315 ﬁgura,
1881 1247 1950 1299 ab

369 1346 530 1399 animi
559 1344 850 1402 alacritate,
882 1339 951 1393 ab
994 1339 1072 1394 ira
1118 1353 1301 1393 eorum
1351 1337 1443 1406 qui
1487 1337 1742 1390 invadunt
1776 1354 1789 1389 :
1821 1336 1949 1390 dicit

367 1437 527 1491 etiam
557 1435 711 1488 abiis
739 1448 857 1502 qua:
882 1432 997 1501 ipse
1018 1445 1205 1500 passus
1227 1438 1328 1485 est.
1355 1431 1447 1490 ita,
1482 1430 1668 1499 inquit,
1697 1444 1783 1483 me
1811 1420 1946 1482 ni'ala

368 1526 553 1580 adorta
584 1531 728 1588 sunt,
761 1531 818 1576 ut
856 1536 1042 1590 parum
1076 1519 1323 1579 abfuerit,
1351 1518 1475 1589 quin
1502 1518 1748 1572 caderem
1772 1527 1826 1571 et
1854 1517 1949 1572 de-

372 1618 636 1672 turbarer.
669 1615 928 1683 impulsus
952 1613 1117 1678 enim,
1165 1612 1234 1666 ita
1278 1610 1355 1665 fui
1403 1625 1636 1673 eversus,
1667 1618 1727 1663 ut
1774 1623 1948 1664 essem

371 1710 532 1764 etiam
563 1723 817 1762 casurus:
846 1706 940 1760 sed
966 1720 1090 1759 cum
1126 1704 1236 1773 jam
1265 1719 1437 1757 essem
1478 1705 1526 1757 in
1557 1717 1729 1773 genua
1769 1703 1949 1772 lapsu-

372 1814 487 1862 rus,
514 1807 569 1853 et
593 1797 893 1860 inclinarer,
934 1803 989 1849 et
1020 1810 1201 1850 rerum
1247 1794 1595 1848 humanarum
1635 1794 1779 1847 nulla
1805 1800 1949 1846 esset

367 1904 498 1956 spes
527 1890 727 1952 relicta,
755 1897 877 1940 tunc
900 1900 1053 1939 suum
1080 1884 1315 1939 ostendit
1336 1883 1609 1938 auxilium.
1637 1881 1750 1937 Hoc
1770 1891 1947 1937 autem

372 1979 501 2034 facit
536 1979 705 2043 Deus,
734 1992 804 2031 ne
834 1977 974 2031 ullus
1010 1976 1124 2045 ejus
1154 1976 1251 2030 sibi
1294 1975 1514 2045 gloriam
1556 1975 1802 2029 vindicet.
1834 1974 1948 2029 Hoc

370 2071 533 2126 etiam
563 2071 615 2123 in
639 2068 856 2122 historia
877 2067 1117 2123 Judicum
1151 2066 1272 2121 fecit
1298 2067 1349 2120 in
1378 2064 1836 2137 Gedeone(Judic.
1866 2065 1945 2135 7).

373 2161 659 2230 Propterea
685 2167 940 2229 regnante
964 2174 1174 2227 quoque
1200 2158 1423 2212 Ezechia
1448 2158 1622 2212 erexit
1658 2166 1814 2230 noctu
1840 2166 1950 2211 tro-

371 2228 544 2321 parum
574 2251 651 2319 (ι.
684 2228 811 2318 Reg.
838 2249 923 2303 l9.
951 2246 1061 2320 55).
1085 2248 1140 2302 sa
1165 2251 1307 2302 enim
1338 2248 1429 2302 ille
1454 2261 1574 2301 Ctml
1605 2228 1826 2301 nihilad
1862 2247 1946 2301 vi-

371 2347 615 2403 ctoriam,
639 2341 773 2395 nihil
799 2341 862 2395 ad
894 2341 1089 2396 bellum
1122 2341 1452 2403 contulisset,
1482 2338 1740 2410 superbus
1766 2350 1948 2395 tamen

371 2441 430 2485 et
452 2445 704 2502 arrogans
730 2429 900 2484 factus
928 2440 1009 2485 est
1040 2447 1054 2484 :
1092 2431 1133 2485 si
1162 2431 1343 2500 praelio
1372 2440 1572 2484 tantum
1602 2430 1944 2494 interfuisset,

366 2523 417 2576 si
460 2522 709 2576 cadentes
741 2523 963 2576 vidisset
998 2536 1091 2577 eos
1130 2523 1221 2593 qui
1273 2522 1737 2588 interﬁciebantur,
1767 2537 1947 2578 attnon

366 2613 476 2669 hoc
498 2614 547 2669 ei
594 2614 763 2667 multo
790 2614 956 2683 magis
990 2614 1312 2668 accidisset?
1352 2613 1578 2681 Quando
1602 2628 1730 2683 ergo
1754 2612 1825 2666 ab
1852 2613 1949 2666 hu-

368 2722 527 2762 mana
553 2721 648 2775 spe
678 2722 766 2761 res
791 2717 914 2764 sunt
941 2706 1248 2774 deploratae,
1280 2720 1433 2759 suum
1462 2716 1586 2759 tunc
1614 2704 1767 2760 alfert
1790 2705 1941 2758 auxi-

374 2799 526 2851 lium.
559 2796 671 2851 Hoc
712 2796 838 2852 fecit
880 2798 931 2850 in
966 2796 1177 2852 Goliath
1216 2798 1297 2864 (1.
1330 2796 1455 2866 Reg.
1491 2797 1578 2866 l7)
1609 2815 1621 2846 :
1656 2795 1758 2850 hoc
1782 2796 1943 2850 etiam

370 2889 499 2942 iecit
522 2889 573 2942 in
599 2890 872 2957 apostolis.
902 2890 966 2943 Et
1002 2889 1127 2943 ideo
1156 2889 1363 2943 dicebat
1385 2890 1578 2944 Paulus
1601 2909 1615 2943 :
1640 2889 1746 2945 Sed
1769 2891 1866 2959 ipsi
1893 2890 1947 2943 in

378 2979 642 3047 uobisipsis
674 2994 965 3048 responsum
991 2981 1167 3034 mortis
1198 2979 1466 3033 habuimus
1493 2981 1592 3049 (tt),
1616 2991 1672 3033 ut
1698 2998 1798 3034 non
1828 2996 1948 3034 conn

378 3071 649 3139 ﬁderemns
664 3071 717 3123 in
743 3070 1025 3141 nobisipsis,
1060 3072 1149 3139 sed
1177 3074 1228 3125 in
1256 3070 1367 3125 Deo
1401 3074 1488 3141 qui
1512 3074 1697 3126 excitat
1724 3083 1947 3126 mortuos

374 3160 457 3231 (‘2.
490 3161 606 3214 Cor.
638 3163 686 3215 1.
719 3162 797 3234 9).
824 3163 911 3216 li.
942 3161 1213 3217 Fortitudo
1250 3178 1380 3229 mea,
1412 3173 1457 3218 et
1487 3163 1598 3217 laus
1636 3180 1748 3218 mea
1771 3162 1951 3217 Domi-

372 3270 490 3314 nus,
514 3262 561 3306 et
588 3256 753 3323 factus
777 3263 848 3308 est
870 3254 995 3306 mihi
1018 3256 1072 3307 in
1109 3254 1341 3309 salutem.
1381 3255 1541 3322 Quasi
1568 3255 1789 3321 diceret,
1827 3255 1946 3310 Fuit

367 3342 504 3397 mihi
549 3344 663 3411 ipse
698 3346 864 3399 virtus
888 3353 944 3399 et
971 3345 1244 3400 auxilium.
1288 3344 1422 3414 Quid
1468 3355 1551 3401 est
1584 3354 1760 3403 autem
1805 3348 1947 3418 quod

369 3434 527 3501 dicit,
580 3435 714 3489 Laus
760 3436 907 3489 mea?
946 3435 1123 3491 Gloria
1167 3452 1321 3502 mea,
1376 3439 1767 3495 commendatio
1805 3454 1942 3505 mea,

371 3525 533 3579 decus
558 3540 759 3591 meum,
783 3540 933 3582 meus
969 3527 1239 3596 splendor.
1273 3527 1385 3582 Non
1406 3530 1579 3583 solum
1598 3530 1737 3583 enim
1760 3530 1948 3585 liberat

368 3631 401 3671 a
432 3618 697 3686 periculis,
734 3619 828 3672 sed
850 3620 1025 3674 claros
1046 3621 1208 3674 etiam
1234 3619 1360 3675 facit
1382 3630 1437 3675 et
1474 3621 1738 3688 illustres;
1765 3632 1821 3677 et
1847 3620 1949 3676 hoc

370 3709 568 3779 ubique
595 3710 758 3765 videri
787 3719 981 3780 potest,
1005 3711 1123 3766 dari
1150 3727 1270 3766 cum
1297 3713 1461 3781 gloria
1486 3714 1734 3770 salutem.
1781 3714 1948 3769 Porro

368 3800 513 3854 aliud
538 3812 751 3871 quoque
783 3816 880 3871 per
905 3802 1004 3857 hoc
1031 3804 1257 3858 obscure
1295 3806 1638 3875 signiﬁcatur.
1667 3807 1945 3874 Quodnam

371 3891 512 3946 hoc?
537 3892 650 3947 lloc
667 3904 768 3956 est,
795 3893 982 3963 inquit,
1008 3895 1139 3948 mihi
1169 3906 1479 3965 perpetuum
1505 3898 1768 3953 canticum
1785 3939 1801 3964 ,
1848 3898 1949 3954 hoc

370 3991 456 4035 est
484 3982 614 4037 mihi
640 3998 741 4037 vox
785 3995 1070 4054 perpetua,
1122 3987 1351 4059 hymnus
1378 3989 1466 4059 qui
1509 3989 1578 4044 de
1619 4003 1685 4045 eo
1720 3991 1946 4059 canitur,

370 4071 477 4127 hoc
501 4084 585 4127 est
606 4075 734 4128 mihi
767 4087 1078 4145 perpetuum
1118 4093 1328 4142 munus,
1353 4095 1473 4134 eum
1501 4080 1736 4136 laudare.

439 4165 497 4219 4.
542 4166 773 4221 Audiam
820 4170 907 4237 qui
961 4170 1209 4224 satanicis
1248 4173 1467 4226 canticis
1508 4182 1943 4243 corrumpuntur,

368 4265 625 4324 quantum
653 4257 833 4313 damni
878 4256 1098 4325 faciant,
1121 4272 1372 4330 quantum
1417 4263 1523 4318 sint
1552 4264 1745 4333 indigni
1773 4267 1945 4332 venia,

371 4361 515 4411 cum,
549 4347 652 4402 isto
690 4360 1014 4405 servatorem
1046 4363 1301 4422 perpetuo
1329 4354 1575 4410 laudante
1595 4397 1609 4420 ,
1638 4356 1713 4411 illi
1745 4357 1796 4411 in
1839 4357 1951 4412 dae-

371 4452 589 4493 monum
614 4441 833 4496 canticis
862 4452 1117 4512 perpetuo
1138 4446 1455 4501 volutentur.
1485 4448 1571 4502 15.
1604 4446 1711 4502 Vox
1730 4449 1951 4503 exsulta-

372 4531 525 4584 tionis
551 4543 598 4585 et
625 4534 802 4588 salutis
828 4535 881 4588 in
916 4536 1249 4591 tabernaculis
1263 4539 1537 4608 juslorunt.
1560 4539 1785 4608 Quando
1806 4542 1946 4595 enim

372 4634 465 4678 res
487 4625 738 4681 universa
766 4642 794 4680 a
819 4627 929 4681 Deo
950 4629 1201 4697 pra‘clare
1225 4638 1371 4699 gesta
1395 4629 1581 4686 fuerit:
1610 4633 1697 4702 qui
1731 4634 1948 4687 victoria

371 4715 639 4782 fruuntur,
661 4717 911 4785 gaudent,
937 4719 1219 4785 exsultant,
1237 4721 1430 4790 duplici
1456 4722 1636 4776 laetitia
1662 4722 1856 4789 allecti,
1886 4732 1941 4778 et

371 4807 514 4875 quod
545 4808 741 4863 servati
770 4820 909 4875 sunt,
929 4818 986 4865 ct
1003 4811 1142 4881 quod
1174 4827 1267 4881 per
1293 4814 1454 4868 Deum
1479 4815 1697 4870 servati.
1729 4815 1949 4872 Laetitia:

372 4900 453 4954 eis
474 4914 632 4956 causa
674 4913 754 4958 est
800 4905 865 4971 is,
893 4907 983 4975 qui
1029 4916 1284 4975 tropzeum
1311 4911 1499 4963 erexit.
1530 4909 1731 4965 Deinde
1769 4921 1952 4967 osten-

370 4993 507 5047 dens
534 4994 786 5064 quidnam
824 5012 946 5052 enm
968 4999 1238 5067 impulerit
1269 4999 1335 5054 ad
1366 4999 1467 5055 hoc
1499 4999 1774 5056 ferendum
1804 5004 1955 5057 auxi-

372 5086 527 5153 lium,
550 5088 841 5158 subjunxit,
877 5089 940 5146 In
966 5093 1299 5147 tabernaculis
1329 5094 1598 5164 iustorum.
1638 5094 1753 5149 Non
1799 5095 1948 5162 dixit,

376 5179 433 5233 ln
483 5180 748 5251 domibus,
776 5184 905 5252 sed,
940 5183 1007 5239 In
1049 5186 1414 5253 tabernaculis,
1444 5187 1628 5241 volens
1670 5189 1953 5245 ostendere

376 5278 794 5346 extemporalem
824 5288 1061 5348 paratam
1094 5279 1493 5335 habitationem.
1541 5280 1669 5335 Tale
1715 5290 1827 5336 erat
1870 5290 1953 5336 ta-

378 5367 722 5423 bernaculum
757 5370 1005 5439 Abrahae,
1031 5372 1244 5439 quando
1275 5372 1500 5437 redibat,
1531 5372 1793 5441 superatis
1816 5375 1954 5442 regi-

383 5459 502 5524 bus,
549 5476 792 5529 magnam
836 5477 900 5516 ex
939 5461 1099 5517 rebus
1126 5463 1289 5530 gestis
1333 5463 1553 5532 gloriam
1595 5474 1953 5533 consequutus

379 5549 534 5615 (Gen.
566 5553 650 5607 M-
677 5553 793 5625 16).
819 5553 945 5609 Tale
975 5563 1091 5608 erat
1125 5554 1271 5617 Pauli
1303 5555 1720 5622 tabernaculum,
1742 5556 1952 5625 quando

379 5644 753 5701 revertebatur
775 5649 1034 5714 superatis
1055 5645 1405 5712 daemonibus,
1433 5663 1667 5702 errorem
1690 5646 1758 5702 de
1779 5648 1954 5703 medio

382 5737 608 5801 tollens,
638 5749 692 5790 et
714 5739 963 5805 praeclara
1014 5738 1253 5795 referens
1307 5739 1562 5795 facinora.
1614 5739 1700 5793 lli.
1732 5739 1954 5794 Dextera

441 5869 514 5930 (α)
550 5871 632 5919 ttic
665 5869 799 5921 locus
837 5871 1154 5924 extlimbitur
1194 5876 1241 5924 in
1278 5872 1490 5925 ttomiliis
1528 5874 1577 5922 in
1600 5872 1859 5922 secundam
1897 5872 1958 5922 ad

377 5932 669 5983 Corinthios.
694 5941 803 5984 Nam
819 5937 881 5987 dc
906 5937 1033 5987 illius
1053 5937 1395 6001 Signiﬁcatione
1409 5938 1599 6001 quidam
1615 5934 1951 5997 digladiantur.

1478 486 1836 546 sxmsmo
1874 485 1940 542 IN
1978 464 2297 545 rsiLuuu
2326 489 2533 546 cxvn.

3525 503 3631 558 331

2053 600 2260 657 Domini
2278 606 2391 676 fecit
2407 607 2650 673 uirtutem,
2669 608 2873 663 dextera
2899 608 3105 663 Domini
3131 611 3362 665 multauit
3398 616 3635 672 me.Vide

2052 695 2383 749 occasionem
2405 697 2792 753 exsultationis.
2826 699 2967 754 Idem
2990 701 3130 754 enim
3154 715 3295 758 nunc
3320 703 3466 769 dicit,
3491 706 3631 774 quod

2052 794 2208 841 antea
2229 785 2461 855 diccbat,
2488 790 2775 845 ostendens
2817 790 2932 845 haec
2956 807 2986 845 a
3017 793 3126 846 Deo
3153 791 3318 849 fuisse
3352 804 3521 864 gesta.
3547 796 3634 850 Vi-

2053 878 2148 933 des
2173 894 2278 933 non
2319 882 2489 934 solum
2525 880 2577 935 in
2604 880 2920 938 liberatione
2963 898 2991 937 a
3036 884 3220 949 malis,
3267 884 3361 940 sed
3389 886 3550 941 etiam
3580 888 3630 940 in

2054 971 2401 1039 acquisitioue
2430 973 2614 1041 gloria:
2641 981 2695 1027 et
2728 974 3028 1042 splendoris
3071 976 3365 1032 consistere
3388 980 3504 1046 ejus
3535 978 3630 1031 be-

2057 1062 2348 1117 neﬁcium?
2379 1064 2510 1118 Cum
2540 1065 2681 1119 enim
2728 1065 2951 1122 dixisset
2979 1083 2993 1120 :
3033 1068 3252 1124 Dextera
3295 1069 3495 1124 Domini
3515 1072 3634 1139 fecit

2054 1152 2308 1215 virtutem,
2339 1154 2631 1222 subiunxit,
2672 1153 2893 1210 Dextera
2922 1157 3133 1212 Domini
3164 1162 3402 1214 exaltabit
3444 1178 3541 1224 me,
3563 1168 3627 1214 ut

2054 1245 2361 1298 ostenderet
2406 1243 2631 1312 gloriam
2668 1259 2787 1312 quae
2812 1245 2879 1299 ad
2918 1261 2988 1301 se.
3005 1256 3341 1316 pervenerat.
3371 1248 3637 1304 Exultat-it

2064 1336 2196 1388 enim
2235 1352 2350 1399 me,
2398 1335 2694 1405 signiﬁcat,
2725 1337 2806 1391 Me
2856 1339 3018 1406 gloria
3063 1338 3256 1393 aﬂ'eeit.
3305 1339 3422 1395 Non
3458 1340 3628 1395 solum

2054 1427 2196 1481 enim
2224 1424 2351 1482 fecit
2380 1436 2642 1496 potentes,
2667 1428 2759 1482 sed
2788 1430 2944 1483 etiam
2974 1430 3148 1484 claros
3168 1441 3220 1486 et
3249 1430 3500 1487 illustres.

2131 1518 2531 1572 Resurrectionis
2556 1519 2759 1590 imago;
2790 1521 3076 1575 tentationis
3102 1532 3150 1575 et
3179 1523 3521 1592 castigationis
3547 1524 3630 1577 lu-

2053 1620 2215 1661 crum.
2232 1636 2304 1648 ——
2332 1609 2421 1662 17.
2458 1607 2581 1663 Non
2621 1611 2830 1675 moriar,
2866 1611 2954 1664 sed
2971 1611 3152 1677 uiuam,
3176 1622 3223 1666 et
3240 1614 3456 1675 narrabo
3476 1631 3630 1684 opera

2054 1698 2280 1753 Domini.
2335 1699 2569 1754 Pericula
2618 1702 2874 1769 quidem,
2940 1704 3144 1772 inquit,
3187 1710 3411 1759 mortem
3458 1708 3629 1759 mina-

2052 1789 2244 1844 bantur
2272 1807 2285 1843 :
2315 1804 2414 1859 ego
2439 1798 2616 1845 autem
2650 1789 2769 1844 Non
2802 1793 3010 1855 moriar,
3040 1794 3129 1847 sed
3152 1796 3336 1847 vivam.
3371 1795 3483 1849 Hoc
3525 1806 3627 1862 est,

2055 1881 2183 1935 Tam
2210 1896 2399 1951 magna
2429 1892 2484 1937 et
2524 1882 2855 1937 admirabilia
2878 1883 3009 1938 fecit
3040 1885 3297 1941 Dominus
3324 1927 3339 1945 .
3372 1895 3430 1940 nt
3455 1888 3536 1940 vel
3564 1888 3632 1941 ab

2054 1973 2166 2038 ipsa
2211 1984 2379 2026 morte
2402 1974 2696 2043 eripuerit,
2722 1975 2882 2028 etiam
2919 1983 3046 2029 ante
3084 1975 3287 2031 Novum
3318 1976 3631 2031 Testamen-

2054 2074 2165 2119 tum
2218 2065 2271 2118 in
2321 2066 2570 2132 periculis
2622 2066 2924 2133 Opinionem
2958 2082 3173 2121 omnem
3222 2068 3629 2136 superantibus,

2053 2159 2461 2214 resurrectionis
2512 2160 2792 2227 imaginem
2862 2160 3227 2228 praeligurans.
3290 2160 3444 2214 Dedit
3489 2162 3631 2215 enim

2054 2253 2207 2306 nobis
2228 2252 2310 2303 vel
2341 2266 2367 2302 a
2399 2251 2655 2320 principio
2679 2252 2978 2319 aenigmata,
3000 2250 3215 2318 quando
3240 2251 3419 2305 Enoeh
3452 2261 3630 2305 trans-

2055 2343 2172 2397 tulit
2204 2343 2221 2415 (
2250 2342 2376 2396 Gen.
2409 2343 2460 2398 5-
2493 2342 2565 2395 24
2590 2341 2631 2412 ).
2675 2342 2728 2396 Si
2759 2341 2900 2396 enim
2940 2357 3047 2395 non
3086 2342 3262 2397 credis
3307 2341 3420 2395 ﬁeri
3470 2356 3631 2410 posse

2056 2444 2114 2488 ιιι
2139 2450 2361 2501 corpora
2404 2440 2719 2501 resurgant,
2751 2447 2820 2486 ex
2868 2446 2933 2484 eo
2961 2430 3141 2486 crede.
3172 2431 3451 2498 Quomodo
3486 2432 3628 2485 enim

2053 2534 2201 2581 tanto
2243 2536 2483 2593 tempore
2525 2523 2817 2594 permansit
2877 2522 3008 2577 illud
3058 2522 3299 2589 corpus?
3339 2522 3455 2577 Non
3507 2530 3632 2577 sunt

2052 2619 2194 2673 enim
2220 2617 2460 2688 tequalia,
2500 2616 2714 2670 dntnum
2760 2631 2877 2686 qua:
2906 2615 3106 2670 interiit
3134 2624 3188 2670 et
3217 2624 3299 2670 est
3326 2615 3499 2670 diruta
3530 2630 3629 2669 ex-

2051 2711 2255 2767 citare:
2304 2718 2361 2764 et
2403 2719 2636 2763 veterem
2688 2723 2752 2762 ac
2797 2707 3148 2763 collabentem
3192 2715 3341 2761 tanto
3380 2716 3621 2776 tempore

2052 2817 2391 2859 conservare.
2425 2803 2614 2856 Annon
2641 2800 2949 2854 consideras
2976 2812 3097 2852 eum
3121 2799 3268 2853 illum
3296 2798 3509 2861 fecisse,
3533 2798 3627 2867 qui

2055 2909 2158 2947 non
2189 2902 2305 2946 erat
2329 2892 2354 2945 ‘i
2383 2891 2546 2946 Multo
2570 2890 2743 2960 magis
2770 2903 2900 2959 ergo
2922 2888 3073 2942 illum
3100 2888 3360 2942 suscitare
3383 2897 3438 2941 et
3467 2887 3627 2941 resti-

2054 2993 2206 3038 tuere
2260 2983 2470 3051 poterit.
2517 2981 2689 3036 Habes
2725 2980 2884 3033 etiam
2929 2981 3086 3035 aliam
3137 2979 3419 3047 imaginem
3450 2994 3630 3033 resur-

2052 3074 2326 3135 rectionis,
2352 3088 2544 3140 nempe
2569 3072 2734 3126 llelite
2750 3081 2980 3139 raptmn,
2999 3071 3094 3139 qui
3119 3086 3215 3124 nec
3236 3069 3287 3122 in
3316 3069 3627 3126 hodiernum

2054 3179 2221 3229 usque
2240 3164 2380 3219 diem
2402 3173 2484 3218 est
2511 3172 2750 3217 mortuus
2780 3164 2855 3230 (4.
2889 3162 3016 3232 Reg.
3047 3162 3101 3215 2.
3138 3163 3194 3216 ll
3220 3160 3259 3234 ).
3288 3162 3475 3215 Omnia
3507 3170 3630 3216 sunt

2053 3255 2297 3324 expedita
2328 3256 2439 3310 Deo
2462 3264 2515 3309 et
2541 3255 2740 3309 facilia.
2770 3253 2893 3308 Non
2920 3256 3014 3308 erit
3039 3295 3053 3317 ,
3085 3255 3292 3323 inquit,
3320 3254 3631 3324 impossibile

2052 3346 2193 3414 apud
2220 3346 2382 3401 Deum
2402 3363 2549 3401 mune
2565 3345 2762 3400 uerbum
2787 3347 2807 3417 (
2832 3345 2955 3398 Luc.
2988 3347 3040 3399 1.
3079 3346 3148 3400 57
3179 3349 3217 3414 ).
3252 3345 3314 3399 Et
3345 3345 3626 3416 propheta,

2056 3440 2391 3506 Quacumque
2433 3438 2629 3503 voluit,
2667 3439 2782 3509 fecit
2832 3436 2853 3510 (
2897 3435 3049 3491 Psal.
3084 3438 3204 3490 115.
3254 3437 3341 3491 il.
3371 3436 3468 3505 5).
3512 3434 3630 3489 Non

2056 3533 2208 3586 vides
2230 3530 2365 3585 fabri
2405 3546 2567 3600 opera
2598 3546 2718 3609 esse
2748 3529 2844 3584 tibi
2875 3528 3110 3582 difﬁcilia
3138 3527 3162 3581 2
3203 3526 3296 3581 sed
3329 3537 3504 3581 tamen
3530 3526 3631 3580 arti

2052 3625 2221 3680 cedis.
2265 3624 2409 3678 Itane
2444 3622 2686 3677 conservi
2705 3621 2920 3692 quidem
2951 3621 3025 3675 tui
3055 3622 3155 3675 arti
3181 3635 3290 3674 non
3332 3619 3626 3674 concedis:

2052 3730 2083 3769 a
2114 3714 2318 3769 Domini
2339 3722 2513 3767 autem
2544 3713 2801 3780 sapientia
2829 3712 3088 3765 rationem
3116 3711 3304 3779 exigis,
3335 3719 3388 3764 et
3414 3709 3463 3763 id
3487 3709 3627 3778 quod

2054 3805 2112 3859 ﬁt
2142 3806 2244 3859 ﬁde
2270 3818 2375 3858 nou
2404 3802 2684 3857 admittis?
2731 3801 2952 3869 Quantae
2997 3808 3120 3853 sunt
3164 3799 3279 3853 hmo
3315 3798 3632 3853 dementia?

2055 3896 2177 3951 Non
2200 3899 2410 3961 moriar,
2438 3894 2528 3951 sed
2553 3896 2736 3949 vivam.
2780 3892 2840 3948 Si
2868 3893 2987 3962 quis
3028 3891 3083 3945 id
3113 3891 3257 3961 quod
3305 3891 3500 3945 dictum
3545 3897 3629 3943 est

2054 3989 2283 4044 voluerit
2330 3988 2493 4042 etiam
2523 4000 2736 4040 sumere
2771 3985 3091 4054 anagogice,
3123 3999 3228 4038 non
3256 3982 3475 4037 errabit.
3517 3980 3629 4035 Etsi

2056 4080 2157 4133 hoc
2184 4079 2328 4132 enim
2358 4078 2427 4132 de
2452 4075 2845 4131 resurrectione
2870 4075 3068 4129 dictum
3093 4085 3176 4128 est
3208 4072 3229 4141 (
3261 4073 3389 4127 illud
3441 4073 3583 4127 enim
3614 4112 3630 4134 ,

2056 4170 2179 4225 Non
2209 4170 2418 4233 moriar,
2447 4176 2531 4222 est
2565 4164 2914 4236 signiﬁcantis
2955 4174 3178 4219 mortem
3212 4179 3314 4218 non
3342 4178 3462 4219 esse
3491 4177 3635 4216 mor-

2056 4276 2159 4320 tem
2180 4262 2227 4334 .),
2258 4261 2366 4317 alio
2417 4270 2591 4315 tamen
2618 4258 2779 4313 etiam
2810 4257 2969 4311 modo
3016 4255 3347 4325 intelligitur.
3378 4241 3501 4308 Non
3525 4270 3633 4307 mo-

2054 4355 2160 4408 riar
2185 4354 2350 4418 enim,
2382 4351 2584 4422 inquit,
2607 4349 2775 4403 altera
2804 4357 2975 4403 morte
3002 4364 3017 4401 :
3043 4361 3201 4416 quam
3228 4345 3469 4400 Christus
3495 4357 3633 4414 quo-

2054 4460 2159 4514 que
2196 4444 2537 4514 signiﬁcans,
2585 4440 2795 4495 dicebat
2826 4455 2839 4492 :
2870 4438 2968 4505 Qui
3016 4438 3175 4491 credit
3222 4436 3275 4489 in
3314 4448 3411 4498 me,
3442 4433 3630 4505 inquit,

2056 4537 2249 4610 etiamsi
2272 4543 2498 4587 mortuus
2525 4533 2699 4601 tuerit,
2718 4532 2843 4584 vivet
2867 4538 2954 4585 :.et
2983 4528 3145 4584 omnis
3159 4529 3244 4598 qui
3270 4528 3384 4581 vivit
3399 4537 3446 4581 et
3475 4527 3634 4581 credit

2056 4632 2110 4684 in
2135 4645 2216 4683 me
2236 4667 2251 4691 ,
2276 4644 2377 4681 non
2405 4626 2649 4681 morietur
2671 4625 2690 4693 (
2710 4624 2865 4679 Joan.
2897 4624 2985 4678 11.
3014 4620 3106 4676 25.
3135 4621 3206 4676 26
3235 4619 3275 4693 ).
3318 4619 3386 4674 Et
3410 4622 3632 4674 narrabo

2057 4740 2208 4796 Opera
2238 4722 2461 4777 Domini.
2494 4719 2607 4776 Hoc
2635 4730 2717 4774 est
2742 4720 2968 4774 maxime
2993 4718 3119 4781 vita,
3148 4731 3269 4771 eum
3296 4716 3512 4771 laudare
3533 4756 3548 4780 ,
3579 4723 3635 4769 et

2057 4819 2173 4887 ejus
2201 4815 2455 4870 miracula
2499 4813 2745 4867 omnibus
2773 4810 3106 4866 annuntiare.
3138 4809 3390 4876 Quaenam
3418 4821 3577 4876 opera
3599 4808 3625 4858 ?

2056 4909 2165 4975 die,
2192 4922 2394 4977 qua-so.
2423 4906 2498 4962 Ea
2521 4921 2639 4976 quae
2664 4913 2750 4960 est
2778 4914 3111 4969 narraturus,
3141 4902 3466 4969 subjungens
3490 4938 3507 4964 ,
3539 4899 3626 4953 18.

2057 5002 2318 5073 Castigans
2344 4998 2602 5070 castigavit
2629 5014 2709 5051 me
2737 4996 3003 5059 Dominus,
3036 5003 3085 5047 et
3113 4994 3261 5045 morti
3301 5007 3401 5044 non
3425 4990 3635 5042 tradidit

2061 5109 2160 5147 me.
2195 5092 2380 5145 Vidisti
2408 5104 2565 5158 quam
2592 5086 2921 5141 admirabilia
2950 5083 3176 5137 fecerit?
3205 5080 3381 5133 vidisti
3415 5092 3536 5147 quae
3563 5094 3628 5132 ex

2059 5182 2138 5238 eis
2164 5183 2368 5251 capitur
2385 5180 2622 5235 utilitas?
2643 5177 2756 5232 Non
2783 5176 2954 5230 solum
2980 5173 3119 5227 enim
3143 5172 3248 5237 agit
3274 5171 3470 5240 gratias
3488 5170 3628 5238 quod

2060 5273 2219 5329 fuerit
2244 5274 2519 5335 liberatus,
2548 5269 2640 5323 sed
2671 5268 2828 5322 etiam
2857 5264 2994 5334 quod
3020 5258 3306 5326 ceciderit,
3340 5260 3627 5312 maximum

2060 5367 2299 5437 agnoscit
2324 5363 2642 5418 beneﬁcium
2668 5402 2682 5426 ,
2710 5368 2765 5412 et
2789 5366 3046 5411 memorat
3069 5355 3272 5408 lucrum
3303 5352 3627 5406 tcntationis.

2060 5460 2336 5528 Quodnam
2368 5456 2512 5510 hoc?
2535 5454 2795 5522 Castigans
2841 5448 3100 5517 castigavit
3140 5462 3220 5499 me
3249 5486 3264 5509 ,
3297 5445 3494 5514 inquit,
3525 5443 3636 5497 Do-

2062 5554 2246 5604 minus.
2285 5548 2410 5601 llmc
2445 5554 2528 5599 est
2554 5544 2753 5598 utilitas
2778 5540 3133 5610 periculorum
3153 5579 3166 5599 ,
3200 5537 3341 5606 quod
3369 5553 3488 5590 eum
3517 5553 3632 5591 me-

2062 5644 2251 5697 liorem
2307 5638 2549 5695 lecerint.
2613 5635 2800 5690 Vidisti
2871 5632 3117 5699 utrinque
3179 5634 3295 5695 ejus
3349 5629 3633 5699 potentiam

2063 5746 2117 5791 et
2181 5727 2548 5788 curationem?
2611 5727 2677 5781 Et
2731 5723 2970 5794 permisit
3016 5731 3074 5776 ut
3133 5720 3626 5790 apprehenderetur

2063 5842 2092 5881 a
2120 5825 2293 5881 malis,
2324 5828 2378 5875 et
2404 5835 2525 5875 eum
2548 5832 2733 5874 rursus
2752 5814 3010 5870 liberavit.
3043 5813 3203 5867 Morti
3237 5813 3403 5873 enim,
3435 5811 3622 5878 inquit,

2067 5938 2166 5977 non
2234 5913 2439 5970 tradidit
2495 5928 2594 5968 mc.
2654 5912 2719 5967 Et
2765 5919 2907 5965 recte
2972 5909 3103 5963 dixit
3160 5907 3295 5961 alios
3350 5901 3633 5966 interpres,
