  <div class='ocr_page' id='page_1' title='image "/cluster/home/n/w/nwhite01/storage/ocr_20150623/55/mdp.39015028539511/327.png"; bbox 0 0 4018 6268; ppageno 0'>
   <div class='ocr_carea' id='block_1_1' title="bbox 479 427 586 482">
    <p class='ocr_par' dir='ltr' id='par_1_1' title="bbox 479 427 586 482">
     <span class='ocr_line' id='line_1_1' title="bbox 479 427 586 482; baseline 0 0"><span class='ocrx_word' id='word_1_1' title='bbox 479 427 586 482; x_wconf 70' lang='lat'><strong>535</strong></span> 
     </span>
    </p>
   </div>
   <div class='ocr_carea' id='block_1_2' title="bbox 486 521 2060 600">
    <p class='ocr_par' dir='ltr' id='par_1_2' title="bbox 486 521 2060 600">
     <span class='ocr_line' id='line_1_2' title="bbox 486 521 2060 600; baseline -0.006 -8"><span class='ocrx_word' id='word_1_2' title='bbox 486 521 648 592; x_wconf 63' lang='lat' dir='ltr'><strong>Morti</strong></span> <span class='ocrx_word' id='word_1_3' title='bbox 676 545 846 592; x_wconf 89' lang='lat' dir='ltr'><strong>autem</strong></span> <span class='ocrx_word' id='word_1_4' title='bbox 875 551 975 590; x_wconf 90' lang='lat' dir='ltr'><strong>non</strong></span> <span class='ocrx_word' id='word_1_5' title='bbox 1002 533 1138 589; x_wconf 87' lang='lat' dir='ltr'><strong>dedit</strong></span> <span class='ocrx_word' id='word_1_6' title='bbox 1174 550 1274 600; x_wconf 81' lang='lat' dir='ltr'><strong>nte,</strong></span> <span class='ocrx_word' id='word_1_7' title='bbox 1305 541 1362 588; x_wconf 93' lang='lat' dir='ltr'><strong>ut</strong></span> <span class='ocrx_word' id='word_1_8' title='bbox 1403 531 1710 588; x_wconf 73' lang='lat' dir='ltr'><strong>ostenderet</strong></span> <span class='ocrx_word' id='word_1_9' title='bbox 1736 529 1913 583; x_wconf 81' lang='lat' dir='ltr'><strong>omnia</strong></span> <span class='ocrx_word' id='word_1_10' title='bbox 1938 543 2060 583; x_wconf 88' lang='lat' dir='ltr'><strong>esse</strong></span> 
     </span>
    </p>
   </div>
   <div class='ocr_carea' id='block_1_3' title="bbox 484 619 2064 696">
    <p class='ocr_par' dir='ltr' id='par_1_3' title="bbox 484 619 2064 696">
     <span class='ocr_line' id='line_1_3' title="bbox 484 619 2064 696; baseline -0.005 -14"><span class='ocrx_word' id='word_1_11' title='bbox 484 629 584 682; x_wconf 87' lang='lat' dir='ltr'><strong>sita</strong></span> <span class='ocrx_word' id='word_1_12' title='bbox 614 629 665 682; x_wconf 93' lang='lat' dir='ltr'><strong>in</strong></span> <span class='ocrx_word' id='word_1_13' title='bbox 695 626 812 696; x_wconf 83' lang='lat' dir='ltr'><strong>ejus</strong></span> <span class='ocrx_word' id='word_1_14' title='bbox 843 634 1122 696; x_wconf 89' lang='lat' dir='ltr'><strong>potestate.</strong></span> <span class='ocrx_word' id='word_1_15' title='bbox 1151 624 1504 690; x_wconf 84' lang='lat' dir='ltr'><strong>Quamobrem</strong></span> <span class='ocrx_word' id='word_1_16' title='bbox 1531 621 1794 691; x_wconf 88' lang='lat' dir='ltr'><strong>duplicem</strong></span> <span class='ocrx_word' id='word_1_17' title='bbox 1828 619 2064 674; x_wconf 89' lang='lat' dir='ltr'><strong>lucratus</strong></span> 
     </span>
    </p>
   </div>
   <div class='ocr_carea' id='block_1_4' title="bbox 489 712 2064 786">
    <p class='ocr_par' dir='ltr' id='par_1_4' title="bbox 489 712 2064 786">
     <span class='ocr_line' id='line_1_4' title="bbox 489 712 2064 786; baseline -0.007 -11"><span class='ocrx_word' id='word_1_18' title='bbox 489 729 571 775; x_wconf 80' lang='lat' dir='ltr'><strong>est</strong></span> <span class='ocrx_word' id='word_1_19' title='bbox 595 719 839 784; x_wconf 80' lang='lat' dir='ltr'><strong>salutem,</strong></span> <span class='ocrx_word' id='word_1_20' title='bbox 883 732 1075 786; x_wconf 89' lang='lat' dir='ltr'><strong>nempe</strong></span> <span class='ocrx_word' id='word_1_21' title='bbox 1116 715 1480 770; x_wconf 86' lang='lat' dir='ltr'><strong>liberationem</strong></span> <span class='ocrx_word' id='word_1_22' title='bbox 1509 729 1539 767; x_wconf 90' lang='lat' dir='ltr'><strong>a</strong></span> <span class='ocrx_word' id='word_1_23' title='bbox 1586 713 1765 778; x_wconf 91' lang='lat' dir='ltr'><strong>malis,</strong></span> <span class='ocrx_word' id='word_1_24' title='bbox 1789 719 1844 768; x_wconf 90' lang='lat' dir='ltr'><strong>et</strong></span> <span class='ocrx_word' id='word_1_25' title='bbox 1871 712 2064 766; x_wconf 87' lang='lat' dir='ltr'><strong>libera-</strong></span> 
     </span>
    </p>
   </div>
   <div class='ocr_carea' id='block_1_5' title="bbox 501 803 2068 874">
    <p class='ocr_par' dir='ltr' id='par_1_5' title="bbox 501 803 2068 874">
     <span class='ocr_line' id='line_1_5' title="bbox 501 803 2068 874; baseline -0.003 -13"><span class='ocrx_word' id='word_1_26' title='bbox 501 810 698 864; x_wconf 82' lang='lat' dir='ltr'><strong>tionem</strong></span> <span class='ocrx_word' id='word_1_27' title='bbox 752 824 781 861; x_wconf 91' lang='lat' dir='ltr'><strong>a</strong></span> <span class='ocrx_word' id='word_1_28' title='bbox 822 807 968 862; x_wconf 85' lang='lat' dir='ltr'><strong>vitio.</strong></span> <span class='ocrx_word' id='word_1_29' title='bbox 1015 807 1271 874; x_wconf 82' lang='lat' dir='ltr'><strong>Quocirca</strong></span> <span class='ocrx_word' id='word_1_30' title='bbox 1321 806 1531 861; x_wconf 85' lang='lat' dir='ltr'><strong>dicebat</strong></span> <span class='ocrx_word' id='word_1_31' title='bbox 1587 804 1780 860; x_wconf 87' lang='lat' dir='ltr'><strong>Paulus</strong></span> <span class='ocrx_word' id='word_1_32' title='bbox 1826 803 2068 858; x_wconf 88' lang='lat' dir='ltr'><strong>scribens</strong></span> 
     </span>
    </p>
   </div>
   <div class='ocr_carea' id='block_1_6' title="bbox 493 894 2066 967">
    <p class='ocr_par' dir='ltr' id='par_1_6' title="bbox 493 894 2066 967">
     <span class='ocr_line' id='line_1_6' title="bbox 493 894 2066 967; baseline -0.004 -13"><span class='ocrx_word' id='word_1_33' title='bbox 493 900 764 955; x_wconf 67' lang='lat' dir='ltr'><strong>llebrasis:</strong></span> <span class='ocrx_word' id='word_1_34' title='bbox 796 898 858 954; x_wconf 87' lang='lat' dir='ltr'><strong>Si</strong></span> <span class='ocrx_word' id='word_1_35' title='bbox 882 907 1047 952; x_wconf 86' lang='lat' dir='ltr'><strong>autem</strong></span> <span class='ocrx_word' id='word_1_36' title='bbox 1087 907 1230 952; x_wconf 73' lang='lat' dir='ltr'><strong>extra</strong></span> <span class='ocrx_word' id='word_1_37' title='bbox 1258 897 1576 967; x_wconf 84' lang='lat' dir='ltr'><strong>disciplinam</strong></span> <span class='ocrx_word' id='word_1_38' title='bbox 1612 897 1728 951; x_wconf 82' lang='lat' dir='ltr'><strong>estis</strong></span> <span class='ocrx_word' id='word_1_39' title='bbox 1747 937 1761 958; x_wconf 94' lang='lat'><strong>,</strong></span> <span class='ocrx_word' id='word_1_40' title='bbox 1789 894 2066 948; x_wconf 88' lang='lat' dir='ltr'><strong>adulterini</strong></span> 
     </span>
    </p>
   </div>
   <div class='ocr_carea' id='block_1_7' title="bbox 486 991 2068 1064">
    <p class='ocr_par' dir='ltr' id='par_1_7' title="bbox 486 991 2068 1064">
     <span class='ocr_line' id='line_1_7' title="bbox 486 991 2068 1064; baseline -0.003 -17"><span class='ocrx_word' id='word_1_41' title='bbox 486 1011 606 1064; x_wconf 87' lang='lat' dir='ltr'><strong>ergo</strong></span> <span class='ocrx_word' id='word_1_42' title='bbox 625 995 762 1060; x_wconf 84' lang='lat' dir='ltr'><strong>estis,</strong></span> <span class='ocrx_word' id='word_1_43' title='bbox 776 1006 820 1048; x_wconf 90' lang='lat' dir='ltr'><strong>et</strong></span> <span class='ocrx_word' id='word_1_44' title='bbox 841 1011 940 1048; x_wconf 89' lang='lat' dir='ltr'><strong>non</strong></span> <span class='ocrx_word' id='word_1_45' title='bbox 957 994 1050 1062; x_wconf 79' lang='lat' dir='ltr'><strong>ﬁlii</strong></span> <span class='ocrx_word' id='word_1_46' title='bbox 1071 991 1224 1061; x_wconf 84' lang='lat' dir='ltr'><strong>(Heb.</strong></span> <span class='ocrx_word' id='word_1_47' title='bbox 1240 993 1324 1047; x_wconf 75' lang='grc'><strong>12.</strong></span> <span class='ocrx_word' id='word_1_48' title='bbox 1345 991 1525 1063; x_wconf 90' lang='grc'><strong>8).19.</strong></span> <span class='ocrx_word' id='word_1_49' title='bbox 1543 991 1744 1060; x_wconf 82' lang='lat' dir='ltr'><strong>Aperite</strong></span> <span class='ocrx_word' id='word_1_50' title='bbox 1757 991 1880 1044; x_wconf 88' lang='lat' dir='ltr'><strong>mihi</strong></span> <span class='ocrx_word' id='word_1_51' title='bbox 1896 998 2068 1058; x_wconf 89' lang='lat' dir='ltr'><strong>portas</strong></span> 
     </span>
    </p>
   </div>
   <div class='ocr_carea' id='block_1_8' title="bbox 487 1080 2071 1156">
    <p class='ocr_par' dir='ltr' id='par_1_8' title="bbox 487 1080 2071 1156">
     <span class='ocr_line' id='line_1_8' title="bbox 487 1080 2071 1156; baseline -0.003 -18"><span class='ocrx_word' id='word_1_52' title='bbox 487 1086 700 1156; x_wconf 69' lang='lat' dir='ltr'><strong>iustitia!</strong></span> <span class='ocrx_word' id='word_1_53' title='bbox 725 1103 746 1152; x_wconf 87' lang='lat'><em>;</em></span> <span class='ocrx_word' id='word_1_54' title='bbox 769 1087 1020 1156; x_wconf 85' lang='lat' dir='ltr'><strong>ingressus</strong></span> <span class='ocrx_word' id='word_1_55' title='bbox 1046 1085 1098 1138; x_wconf 88' lang='lat' dir='ltr'><strong>in</strong></span> <span class='ocrx_word' id='word_1_56' title='bbox 1126 1101 1209 1138; x_wconf 87' lang='lat' dir='ltr'><strong>eas</strong></span> <span class='ocrx_word' id='word_1_57' title='bbox 1231 1083 1503 1151; x_wconf 83' lang='lat' dir='ltr'><strong>conﬁtebor</strong></span> <span class='ocrx_word' id='word_1_58' title='bbox 1523 1081 1762 1136; x_wconf 85' lang='lat' dir='ltr'><strong>Domino.</strong></span> <span class='ocrx_word' id='word_1_59' title='bbox 1787 1080 1853 1134; x_wconf 92' lang='lat' dir='ltr'><strong>lis</strong></span> <span class='ocrx_word' id='word_1_60' title='bbox 1875 1080 1962 1151; x_wconf 93' lang='lat' dir='ltr'><strong>qui</strong></span> <span class='ocrx_word' id='word_1_61' title='bbox 1985 1095 2071 1134; x_wconf 79' lang='lat' dir='ltr'><strong>ca-</strong></span> 
     </span>
    </p>
   </div>
   <div class='ocr_carea' id='block_1_9' title="bbox 491 1171 2063 1247">
    <p class='ocr_par' dir='ltr' id='par_1_9' title="bbox 491 1171 2063 1247">
     <span class='ocr_line' id='line_1_9' title="bbox 491 1171 2063 1247; baseline -0.004 -18"><span class='ocrx_word' id='word_1_62' title='bbox 491 1176 755 1244; x_wconf 85' lang='lat' dir='ltr'><strong>stigantur</strong></span> <span class='ocrx_word' id='word_1_63' title='bbox 778 1187 945 1247; x_wconf 70' lang='lat' dir='ltr'><strong>porta:</strong></span> <span class='ocrx_word' id='word_1_64' title='bbox 973 1175 1300 1245; x_wconf 85' lang='lat' dir='ltr'><strong>aperiuntur,</strong></span> <span class='ocrx_word' id='word_1_65' title='bbox 1325 1175 1390 1228; x_wconf 89' lang='lat' dir='ltr'><strong>iis</strong></span> <span class='ocrx_word' id='word_1_66' title='bbox 1411 1174 1500 1244; x_wconf 89' lang='lat' dir='ltr'><strong>qui</strong></span> <span class='ocrx_word' id='word_1_67' title='bbox 1529 1182 1740 1243; x_wconf 91' lang='lat' dir='ltr'><strong>peccata</strong></span> <span class='ocrx_word' id='word_1_68' title='bbox 1769 1171 2063 1242; x_wconf 87' lang='lat' dir='ltr'><strong>deponunt.</strong></span> 
     </span>
    </p>
   </div>
   <div class='ocr_carea' id='block_1_10' title="bbox 567 1262 2069 1335">
    <p class='ocr_par' dir='ltr' id='par_1_10' title="bbox 567 1262 2069 1335">
     <span class='ocr_line' id='line_1_10' title="bbox 567 1262 2069 1335; baseline -0.003 -15"><span class='ocrx_word' id='word_1_69' title='bbox 567 1266 623 1320; x_wconf 86' lang='lat'><strong>5.</strong></span> <span class='ocrx_word' id='word_1_70' title='bbox 675 1266 774 1333; x_wconf 92' lang='lat' dir='ltr'><strong>Qui</strong></span> <span class='ocrx_word' id='word_1_71' title='bbox 825 1266 1155 1335; x_wconf 90' lang='lat' dir='ltr'><strong>disciplinam</strong></span> <span class='ocrx_word' id='word_1_72' title='bbox 1211 1264 1482 1334; x_wconf 89' lang='lat' dir='ltr'><strong>suscepit,</strong></span> <span class='ocrx_word' id='word_1_73' title='bbox 1524 1272 1698 1331; x_wconf 84' lang='lat' dir='ltr'><strong>potest</strong></span> <span class='ocrx_word' id='word_1_74' title='bbox 1738 1262 2069 1317; x_wconf 77' lang='lat' dir='ltr'><strong>conﬁdenter</strong></span> 
     </span>
    </p>
   </div>
   <div class='ocr_carea' id='block_1_11' title="bbox 489 1359 2066 1432">
    <p class='ocr_par' dir='ltr' id='par_1_11' title="bbox 489 1359 2066 1432">
     <span class='ocr_line' id='line_1_11' title="bbox 489 1359 2066 1432; baseline 0.001 -20"><span class='ocrx_word' id='word_1_75' title='bbox 489 1359 670 1414; x_wconf 84' lang='lat' dir='ltr'><strong>dicere</strong></span> <span class='ocrx_word' id='word_1_76' title='bbox 702 1376 714 1411; x_wconf 93' lang='lat'>:</span> <span class='ocrx_word' id='word_1_77' title='bbox 747 1359 949 1430; x_wconf 82' lang='lat' dir='ltr'><strong>Aperite</strong></span> <span class='ocrx_word' id='word_1_78' title='bbox 977 1361 1099 1414; x_wconf 88' lang='lat' dir='ltr'><strong>ntihi</strong></span> <span class='ocrx_word' id='word_1_79' title='bbox 1123 1371 1293 1432; x_wconf 88' lang='lat' dir='ltr'><strong>portas</strong></span> <span class='ocrx_word' id='word_1_80' title='bbox 1305 1361 1544 1432; x_wconf 76' lang='lat' dir='ltr'><strong>justitite.</strong></span> <span class='ocrx_word' id='word_1_81' title='bbox 1567 1361 1680 1415; x_wconf 85' lang='lat' dir='ltr'><strong>lloc</strong></span> <span class='ocrx_word' id='word_1_82' title='bbox 1701 1360 1898 1414; x_wconf 89' lang='lat' dir='ltr'><strong>dictum</strong></span> <span class='ocrx_word' id='word_1_83' title='bbox 1925 1365 2066 1414; x_wconf 89' lang='lat' dir='ltr'><strong>cnim</strong></span> 
     </span>
    </p>
   </div>
   <div class='ocr_carea' id='block_1_12' title="bbox 493 1448 2070 1520">
    <p class='ocr_par' dir='ltr' id='par_1_12' title="bbox 493 1448 2070 1520">
     <span class='ocr_line' id='line_1_12' title="bbox 493 1448 2070 1520; baseline 0.001 -16"><span class='ocrx_word' id='word_1_84' title='bbox 493 1448 806 1504; x_wconf 87' lang='lat' dir='ltr'><strong>sumendum</strong></span> <span class='ocrx_word' id='word_1_85' title='bbox 844 1460 924 1504; x_wconf 87' lang='lat' dir='ltr'><strong>est</strong></span> <span class='ocrx_word' id='word_1_86' title='bbox 967 1453 1286 1520; x_wconf 85' lang='lat' dir='ltr'><strong>anagogiee,</strong></span> <span class='ocrx_word' id='word_1_87' title='bbox 1335 1461 1390 1506; x_wconf 89' lang='lat' dir='ltr'><strong>et</strong></span> <span class='ocrx_word' id='word_1_88' title='bbox 1443 1452 1693 1506; x_wconf 74' lang='lat' dir='ltr'><strong>caelorum</strong></span> <span class='ocrx_word' id='word_1_89' title='bbox 1733 1460 1899 1520; x_wconf 73' lang='lat' dir='ltr'><strong>portae</strong></span> <span class='ocrx_word' id='word_1_90' title='bbox 1944 1459 2070 1505; x_wconf 91' lang='lat' dir='ltr'><strong>sunt</strong></span> 
     </span>
    </p>
   </div>
   <div class='ocr_carea' id='block_1_13' title="bbox 491 1543 2070 1614">
    <p class='ocr_par' dir='ltr' id='par_1_13' title="bbox 491 1543 2070 1614">
     <span class='ocr_line' id='line_1_13' title="bbox 491 1543 2070 1614; baseline 0.002 -19"><span class='ocrx_word' id='word_1_91' title='bbox 491 1543 848 1613; x_wconf 61' lang='lat' dir='ltr'><strong>intelligendas</strong></span> <span class='ocrx_word' id='word_1_92' title='bbox 872 1584 886 1608; x_wconf 94' lang='lat'><strong>,</strong></span> <span class='ocrx_word' id='word_1_93' title='bbox 917 1560 1036 1614; x_wconf 65' lang='lat' dir='ltr'><strong>quae</strong></span> <span class='ocrx_word' id='word_1_94' title='bbox 1088 1553 1211 1599; x_wconf 90' lang='lat' dir='ltr'><strong>sunt</strong></span> <span class='ocrx_word' id='word_1_95' title='bbox 1255 1545 1451 1599; x_wconf 72' lang='lat' dir='ltr'><strong>clausa:</strong></span> <span class='ocrx_word' id='word_1_96' title='bbox 1494 1545 1775 1614; x_wconf 84' lang='lat' dir='ltr'><strong>improbis,</strong></span> <span class='ocrx_word' id='word_1_97' title='bbox 1803 1559 1920 1613; x_wconf 81' lang='lat' dir='ltr'><strong>quae</strong></span> <span class='ocrx_word' id='word_1_98' title='bbox 1945 1552 2070 1598; x_wconf 89' lang='lat' dir='ltr'><strong>sunt</strong></span> 
     </span>
    </p>
   </div>
   <div class='ocr_carea' id='block_1_14' title="bbox 495 1633 2071 1707">
    <p class='ocr_par' dir='ltr' id='par_1_14' title="bbox 495 1633 2071 1707">
     <span class='ocr_line' id='line_1_14' title="bbox 495 1633 2071 1707; baseline 0.002 -22"><span class='ocrx_word' id='word_1_99' title='bbox 495 1633 765 1699; x_wconf 74' lang='lat' dir='ltr'><strong>pulsanda:</strong></span> <span class='ocrx_word' id='word_1_100' title='bbox 793 1649 888 1702; x_wconf 90' lang='lat' dir='ltr'><strong>per</strong></span> <span class='ocrx_word' id='word_1_101' title='bbox 915 1635 1185 1698; x_wconf 84' lang='lat' dir='ltr'><strong>virtutem,</strong></span> <span class='ocrx_word' id='word_1_102' title='bbox 1216 1650 1311 1704; x_wconf 90' lang='lat' dir='ltr'><strong>per</strong></span> <span class='ocrx_word' id='word_1_103' title='bbox 1334 1636 1727 1707; x_wconf 81' lang='lat' dir='ltr'><strong>eleemosynam</strong></span> <span class='ocrx_word' id='word_1_104' title='bbox 1757 1676 1772 1699; x_wconf 93' lang='lat'><strong>,</strong></span> <span class='ocrx_word' id='word_1_105' title='bbox 1801 1649 1895 1704; x_wconf 90' lang='lat' dir='ltr'><strong>per</strong></span> <span class='ocrx_word' id='word_1_106' title='bbox 1917 1635 2071 1704; x_wconf 84' lang='lat' dir='ltr'><strong>justi-</strong></span> 
     </span>
    </p>
   </div>
   <div class='ocr_carea' id='block_1_15' title="bbox 493 1723 2068 1795">
    <p class='ocr_par' dir='ltr' id='par_1_15' title="bbox 493 1723 2068 1795">
     <span class='ocr_line' id='line_1_15' title="bbox 493 1723 2068 1795; baseline 0.003 -21"><span class='ocrx_word' id='word_1_107' title='bbox 493 1725 642 1778; x_wconf 88' lang='lat' dir='ltr'><strong>tiam.</strong></span> <span class='ocrx_word' id='word_1_108' title='bbox 674 1723 766 1778; x_wconf 76' lang='grc'><strong>20.</strong></span> <span class='ocrx_word' id='word_1_109' title='bbox 808 1723 935 1779; x_wconf 65' lang='lat' dir='ltr'><strong>Haec</strong></span> <span class='ocrx_word' id='word_1_110' title='bbox 964 1734 1109 1795; x_wconf 88' lang='lat' dir='ltr'><strong>porta</strong></span> <span class='ocrx_word' id='word_1_111' title='bbox 1136 1723 1339 1778; x_wconf 78' lang='lat' dir='ltr'><strong>Domini</strong></span> <span class='ocrx_word' id='word_1_112' title='bbox 1367 1741 1385 1789; x_wconf 91' lang='lat'><em>;</em></span> <span class='ocrx_word' id='word_1_113' title='bbox 1421 1726 1548 1795; x_wconf 81' lang='lat' dir='ltr'><strong>justi</strong></span> <span class='ocrx_word' id='word_1_114' title='bbox 1575 1727 1829 1779; x_wconf 90' lang='lat' dir='ltr'><strong>intrabunt</strong></span> <span class='ocrx_word' id='word_1_115' title='bbox 1857 1726 1910 1779; x_wconf 89' lang='lat' dir='ltr'><strong>in</strong></span> <span class='ocrx_word' id='word_1_116' title='bbox 1936 1742 2068 1779; x_wconf 86' lang='lat' dir='ltr'><strong>eam.</strong></span> 
     </span>
    </p>
   </div>
   <div class='ocr_carea' id='block_1_16' title="bbox 493 1815 2068 1890">
    <p class='ocr_par' dir='ltr' id='par_1_16' title="bbox 493 1815 2068 1890">
     <span class='ocr_line' id='line_1_16' title="bbox 493 1815 2068 1890; baseline 0.003 -20"><span class='ocrx_word' id='word_1_117' title='bbox 493 1815 631 1870; x_wconf 87' lang='lat' dir='ltr'><strong>Sunt</strong></span> <span class='ocrx_word' id='word_1_118' title='bbox 654 1825 818 1885; x_wconf 68' lang='lat' dir='ltr'><strong>portae</strong></span> <span class='ocrx_word' id='word_1_119' title='bbox 845 1818 1054 1882; x_wconf 89' lang='lat' dir='ltr'><strong>mortis,</strong></span> <span class='ocrx_word' id='word_1_120' title='bbox 1081 1826 1211 1873; x_wconf 90' lang='lat' dir='ltr'><strong>sunt</strong></span> <span class='ocrx_word' id='word_1_121' title='bbox 1239 1827 1404 1887; x_wconf 85' lang='lat' dir='ltr'><strong>portae</strong></span> <span class='ocrx_word' id='word_1_122' title='bbox 1431 1820 1672 1873; x_wconf 90' lang='lat' dir='ltr'><strong>interitus</strong></span> <span class='ocrx_word' id='word_1_123' title='bbox 1695 1860 1712 1886; x_wconf 94' lang='lat'><strong>,</strong></span> <span class='ocrx_word' id='word_1_124' title='bbox 1752 1830 1874 1874; x_wconf 92' lang='lat' dir='ltr'><strong>sunt</strong></span> <span class='ocrx_word' id='word_1_125' title='bbox 1902 1831 2068 1890; x_wconf 72' lang='lat' dir='ltr'><strong>porta:</strong></span> 
     </span>
    </p>
   </div>
   <div class='ocr_carea' id='block_1_17' title="bbox 494 1909 2068 1983">
    <p class='ocr_par' dir='ltr' id='par_1_17' title="bbox 494 1909 2068 1983">
     <span class='ocr_line' id='line_1_17' title="bbox 494 1909 2068 1983; baseline 0.004 -22"><span class='ocrx_word' id='word_1_126' title='bbox 494 1909 642 1970; x_wconf 66' lang='lat' dir='ltr'><strong>vitae,</strong></span> <span class='ocrx_word' id='word_1_127' title='bbox 691 1918 814 1962; x_wconf 90' lang='lat' dir='ltr'><strong>sunt</strong></span> <span class='ocrx_word' id='word_1_128' title='bbox 857 1919 1024 1978; x_wconf 74' lang='lat' dir='ltr'><strong>portae</strong></span> <span class='ocrx_word' id='word_1_129' title='bbox 1074 1919 1236 1964; x_wconf 77' lang='lat' dir='ltr'><strong>arcta:</strong></span> <span class='ocrx_word' id='word_1_130' title='bbox 1263 1918 1315 1964; x_wconf 89' lang='lat' dir='ltr'><strong>et</strong></span> <span class='ocrx_word' id='word_1_131' title='bbox 1360 1922 1616 1980; x_wconf 56' lang='lat' dir='ltr'><strong>angusta.</strong></span> <span class='ocrx_word' id='word_1_132' title='bbox 1647 1912 1904 1980; x_wconf 88' lang='lat' dir='ltr'><strong>Quoniam</strong></span> <span class='ocrx_word' id='word_1_133' title='bbox 1941 1929 2068 1983; x_wconf 83' lang='lat' dir='ltr'><strong>ergo</strong></span> 
     </span>
    </p>
   </div>
   <div class='ocr_carea' id='block_1_18' title="bbox 494 2000 2065 2076">
    <p class='ocr_par' dir='ltr' id='par_1_18' title="bbox 494 2000 2065 2076">
     <span class='ocr_line' id='line_1_18' title="bbox 494 2000 2065 2076; baseline 0.005 -25"><span class='ocrx_word' id='word_1_134' title='bbox 494 2008 617 2053; x_wconf 87' lang='lat' dir='ltr'><strong>sunt</strong></span> <span class='ocrx_word' id='word_1_135' title='bbox 639 2001 836 2067; x_wconf 70' lang='lat' dir='ltr'><strong>multm,</strong></span> <span class='ocrx_word' id='word_1_136' title='bbox 855 2000 979 2054; x_wconf 88' lang='lat' dir='ltr'><strong>dicit</strong></span> <span class='ocrx_word' id='word_1_137' title='bbox 1008 2001 1214 2072; x_wconf 75' lang='lat' dir='ltr'><strong>insigne</strong></span> <span class='ocrx_word' id='word_1_138' title='bbox 1227 2003 1456 2059; x_wconf 78' lang='lat' dir='ltr'><strong>civitatis</strong></span> <span class='ocrx_word' id='word_1_139' title='bbox 1478 2005 1707 2072; x_wconf 87' lang='lat' dir='ltr'><strong>Domini,</strong></span> <span class='ocrx_word' id='word_1_140' title='bbox 1723 2006 2065 2076; x_wconf 83' lang='lat' dir='ltr'><strong>subjungeus:</strong></span> 
     </span>
    </p>
   </div>
   <div class='ocr_carea' id='block_1_19' title="bbox 509 2088 2066 2160">
    <p class='ocr_par' dir='ltr' id='par_1_19' title="bbox 509 2088 2066 2160">
     <span class='ocr_line' id='line_1_19' title="bbox 509 2088 2066 2160; baseline 0.006 -19"><span class='ocrx_word' id='word_1_141' title='bbox 509 2088 633 2143; x_wconf 68' lang='lat' dir='ltr'><strong>flare</strong></span> <span class='ocrx_word' id='word_1_142' title='bbox 675 2100 819 2160; x_wconf 84' lang='lat' dir='ltr'><strong>porta</strong></span> <span class='ocrx_word' id='word_1_143' title='bbox 865 2089 1091 2146; x_wconf 84' lang='lat' dir='ltr'><strong>Domini.</strong></span> <span class='ocrx_word' id='word_1_144' title='bbox 1148 2091 1254 2148; x_wconf 72' lang='lat' dir='ltr'><strong>Illa:</strong></span> <span class='ocrx_word' id='word_1_145' title='bbox 1296 2094 1439 2148; x_wconf 89' lang='lat' dir='ltr'><strong>enim</strong></span> <span class='ocrx_word' id='word_1_146' title='bbox 1489 2111 1596 2150; x_wconf 91' lang='lat' dir='ltr'><strong>non</strong></span> <span class='ocrx_word' id='word_1_147' title='bbox 1652 2107 1778 2151; x_wconf 88' lang='lat' dir='ltr'><strong>sunt</strong></span> <span class='ocrx_word' id='word_1_148' title='bbox 1835 2099 2066 2152; x_wconf 89' lang='lat' dir='ltr'><strong>Domini.</strong></span> 
     </span>
    </p>
   </div>
   <div class='ocr_carea' id='block_1_20' title="bbox 494 2182 2067 2261">
    <p class='ocr_par' dir='ltr' id='par_1_20' title="bbox 494 2182 2067 2261">
     <span class='ocr_line' id='line_1_20' title="bbox 494 2182 2067 2261; baseline 0.007 -28"><span class='ocrx_word' id='word_1_149' title='bbox 494 2182 772 2248; x_wconf 84' lang='lat' dir='ltr'><strong>Quodnam</strong></span> <span class='ocrx_word' id='word_1_150' title='bbox 800 2192 883 2237; x_wconf 91' lang='lat' dir='ltr'><strong>est</strong></span> <span class='ocrx_word' id='word_1_151' title='bbox 922 2193 1096 2239; x_wconf 91' lang='lat' dir='ltr'><strong>autem</strong></span> <span class='ocrx_word' id='word_1_152' title='bbox 1138 2185 1253 2255; x_wconf 86' lang='lat' dir='ltr'><strong>ejus</strong></span> <span class='ocrx_word' id='word_1_153' title='bbox 1297 2187 1545 2258; x_wconf 78' lang='lat' dir='ltr'><strong>insigne?</strong></span> <span class='ocrx_word' id='word_1_154' title='bbox 1573 2190 1724 2258; x_wconf 89' lang='lat' dir='ltr'><strong>Quod</strong></span> <span class='ocrx_word' id='word_1_155' title='bbox 1769 2191 1858 2261; x_wconf 88' lang='lat' dir='ltr'><strong>qui</strong></span> <span class='ocrx_word' id='word_1_156' title='bbox 1906 2193 2067 2246; x_wconf 79' lang='lat' dir='ltr'><strong>casti-</strong></span> 
     </span>
    </p>
   </div>
   <div class='ocr_carea' id='block_1_21' title="bbox 501 2275 2070 2351">
    <p class='ocr_par' dir='ltr' id='par_1_21' title="bbox 501 2275 2070 2351">
     <span class='ocr_line' id='line_1_21' title="bbox 501 2275 2070 2351; baseline 0.008 -25"><span class='ocrx_word' id='word_1_157' title='bbox 501 2283 729 2342; x_wconf 86' lang='lat' dir='ltr'><strong>gantur,</strong></span> <span class='ocrx_word' id='word_1_158' title='bbox 761 2275 849 2343; x_wconf 92' lang='lat' dir='ltr'><strong>qui</strong></span> <span class='ocrx_word' id='word_1_159' title='bbox 889 2275 1228 2346; x_wconf 80' lang='lat' dir='ltr'><strong>afﬂiguntur,</strong></span> <span class='ocrx_word' id='word_1_160' title='bbox 1275 2293 1370 2348; x_wconf 90' lang='lat' dir='ltr'><strong>per</strong></span> <span class='ocrx_word' id='word_1_161' title='bbox 1395 2295 1515 2336; x_wconf 89' lang='lat' dir='ltr'><strong>eam</strong></span> <span class='ocrx_word' id='word_1_162' title='bbox 1551 2283 1938 2351; x_wconf 84' lang='lat' dir='ltr'><strong>ingrediuntur.</strong></span> <span class='ocrx_word' id='word_1_163' title='bbox 1974 2285 2070 2339; x_wconf 89' lang='lat' dir='ltr'><strong>Est</strong></span> 
     </span>
    </p>
   </div>
   <div class='ocr_carea' id='block_1_22' title="bbox 502 2364 2071 2445">
    <p class='ocr_par' dir='ltr' id='par_1_22' title="bbox 502 2364 2071 2445">
     <span class='ocr_line' id='line_1_22' title="bbox 502 2364 2071 2445; baseline 0.008 -28"><span class='ocrx_word' id='word_1_164' title='bbox 502 2364 644 2418; x_wconf 85' lang='lat' dir='ltr'><strong>enim</strong></span> <span class='ocrx_word' id='word_1_165' title='bbox 670 2376 816 2420; x_wconf 89' lang='lat' dir='ltr'><strong>arcta</strong></span> <span class='ocrx_word' id='word_1_166' title='bbox 845 2375 898 2420; x_wconf 91' lang='lat' dir='ltr'><strong>c&#39;t</strong></span> <span class='ocrx_word' id='word_1_167' title='bbox 919 2376 1140 2438; x_wconf 84' lang='lat' dir='ltr'><strong>angusta</strong></span> <span class='ocrx_word' id='word_1_168' title='bbox 1170 2386 1183 2422; x_wconf 90' lang='lat'><strong>:</strong></span> <span class='ocrx_word' id='word_1_169' title='bbox 1212 2370 1257 2424; x_wconf 91' lang='lat' dir='ltr'><strong>si</strong></span> <span class='ocrx_word' id='word_1_170' title='bbox 1288 2381 1466 2427; x_wconf 90' lang='lat' dir='ltr'><strong>autem</strong></span> <span class='ocrx_word' id='word_1_171' title='bbox 1507 2383 1589 2427; x_wconf 91' lang='lat' dir='ltr'><strong>est</strong></span> <span class='ocrx_word' id='word_1_172' title='bbox 1613 2385 1759 2429; x_wconf 88' lang='lat' dir='ltr'><strong>arcta</strong></span> <span class='ocrx_word' id='word_1_173' title='bbox 1778 2416 1792 2440; x_wconf 96' lang='lat'><strong>,</strong></span> <span class='ocrx_word' id='word_1_174' title='bbox 1819 2378 1908 2445; x_wconf 88' lang='lat' dir='ltr'><strong>qui</strong></span> <span class='ocrx_word' id='word_1_175' title='bbox 1945 2386 2071 2431; x_wconf 90' lang='lat' dir='ltr'><strong>sunt</strong></span> 
     </span>
    </p>
   </div>
   <div class='ocr_carea' id='block_1_23' title="bbox 497 2456 2066 2537">
    <p class='ocr_par' dir='ltr' id='par_1_23' title="bbox 497 2456 2066 2537">
     <span class='ocr_line' id='line_1_23' title="bbox 497 2456 2066 2537; baseline 0.011 -33"><span class='ocrx_word' id='word_1_176' title='bbox 497 2456 681 2509; x_wconf 84' lang='lat' dir='ltr'><strong>amicti</strong></span> <span class='ocrx_word' id='word_1_177' title='bbox 704 2466 758 2511; x_wconf 91' lang='lat' dir='ltr'><strong>et</strong></span> <span class='ocrx_word' id='word_1_178' title='bbox 801 2460 1039 2527; x_wconf 88' lang='lat' dir='ltr'><strong>oppressi</strong></span> <span class='ocrx_word' id='word_1_179' title='bbox 1065 2500 1081 2526; x_wconf 92' lang='lat'><strong>,</strong></span> <span class='ocrx_word' id='word_1_180' title='bbox 1112 2476 1207 2530; x_wconf 89' lang='lat' dir='ltr'><strong>per</strong></span> <span class='ocrx_word' id='word_1_181' title='bbox 1234 2477 1350 2516; x_wconf 91' lang='lat' dir='ltr'><strong>eam</strong></span> <span class='ocrx_word' id='word_1_182' title='bbox 1379 2463 1774 2533; x_wconf 83' lang='lat' dir='ltr'><strong>ingredientur:</strong></span> <span class='ocrx_word' id='word_1_183' title='bbox 1808 2469 2066 2537; x_wconf 87' lang='lat' dir='ltr'><strong>quemad-</strong></span> 
     </span>
    </p>
   </div>
   <div class='ocr_carea' id='block_1_24' title="bbox 501 2546 2066 2627">
    <p class='ocr_par' dir='ltr' id='par_1_24' title="bbox 501 2546 2066 2627">
     <span class='ocr_line' id='line_1_24' title="bbox 501 2546 2066 2627; baseline 0.01 -29"><span class='ocrx_word' id='word_1_184' title='bbox 501 2546 718 2600; x_wconf 83' lang='lat' dir='ltr'><strong>modum</strong></span> <span class='ocrx_word' id='word_1_185' title='bbox 739 2563 856 2614; x_wconf 70' lang='lat' dir='ltr'><strong>qute</strong></span> <span class='ocrx_word' id='word_1_186' title='bbox 880 2549 1022 2604; x_wconf 89' lang='lat' dir='ltr'><strong>ducit</strong></span> <span class='ocrx_word' id='word_1_187' title='bbox 1043 2550 1109 2603; x_wconf 90' lang='lat' dir='ltr'><strong>ad</strong></span> <span class='ocrx_word' id='word_1_188' title='bbox 1151 2551 1418 2607; x_wconf 85' lang='lat' dir='ltr'><strong>interitum</strong></span> <span class='ocrx_word' id='word_1_189' title='bbox 1443 2596 1457 2619; x_wconf 96' lang='lat'><strong>,</strong></span> <span class='ocrx_word' id='word_1_190' title='bbox 1491 2556 1593 2610; x_wconf 90' lang='lat' dir='ltr'><strong>lata</strong></span> <span class='ocrx_word' id='word_1_191' title='bbox 1627 2566 1710 2612; x_wconf 91' lang='lat' dir='ltr'><strong>est</strong></span> <span class='ocrx_word' id='word_1_192' title='bbox 1735 2566 1788 2612; x_wconf 92' lang='lat' dir='ltr'><strong>et</strong></span> <span class='ocrx_word' id='word_1_193' title='bbox 1813 2560 2066 2627; x_wconf 79' lang='lat' dir='ltr'><strong>Spatiosa.</strong></span> 
     </span>
    </p>
   </div>
   <div class='ocr_carea' id='block_1_25' title="bbox 569 2635 2073 2719">
    <p class='ocr_par' dir='ltr' id='par_1_25' title="bbox 569 2635 2073 2719">
     <span class='ocr_line' id='line_1_25' title="bbox 569 2635 2073 2719; baseline 0.012 -32"><span class='ocrx_word' id='word_1_194' title='bbox 569 2635 857 2691; x_wconf 78' lang='lat' dir='ltr'><strong>Gratiarum</strong></span> <span class='ocrx_word' id='word_1_195' title='bbox 889 2640 1019 2693; x_wconf 76' lang='lat' dir='ltr'><strong>actio</strong></span> <span class='ocrx_word' id='word_1_196' title='bbox 1045 2643 1317 2696; x_wconf 76' lang='lat' dir='ltr'><strong>maximum</strong></span> <span class='ocrx_word' id='word_1_197' title='bbox 1337 2646 1633 2714; x_wconf 76' lang='lat' dir='ltr'><strong>sacriﬁcium</strong></span> <span class='ocrx_word' id='word_1_198' title='bbox 1647 2665 1668 2714; x_wconf 89' lang='lat'><strong><em>;</em></strong></span> <span class='ocrx_word' id='word_1_199' title='bbox 1695 2651 1969 2719; x_wconf 68' lang='lat' dir='ltr'><strong>prophetiae</strong></span> <span class='ocrx_word' id='word_1_200' title='bbox 1982 2668 2073 2706; x_wconf 83' lang='lat' dir='ltr'><strong>cur</strong></span> 
     </span>
    </p>
   </div>
   <div class='ocr_carea' id='block_1_26' title="bbox 497 2727 2064 2809">
    <p class='ocr_par' dir='ltr' id='par_1_26' title="bbox 497 2727 2064 2809">
     <span class='ocr_line' id='line_1_26' title="bbox 497 2727 2064 2809; baseline 0.012 -31"><span class='ocrx_word' id='word_1_201' title='bbox 497 2727 785 2796; x_wconf 84' lang='lat' dir='ltr'><strong>plerumque</strong></span> <span class='ocrx_word' id='word_1_202' title='bbox 828 2729 1080 2795; x_wconf 71' lang='lat' dir='ltr'><strong>obscurat;</strong></span> <span class='ocrx_word' id='word_1_203' title='bbox 1131 2731 1358 2790; x_wconf 73' lang='lat' dir='ltr'><strong>Christus</strong></span> <span class='ocrx_word' id='word_1_204' title='bbox 1395 2737 1525 2808; x_wconf 83' lang='lat' dir='ltr'><strong>lapis</strong></span> <span class='ocrx_word' id='word_1_205' title='bbox 1569 2741 1853 2809; x_wconf 80' lang='lat' dir='ltr'><strong>angularia.</strong></span> <span class='ocrx_word' id='word_1_206' title='bbox 1879 2772 1948 2781; x_wconf 93' lang='lat'><strong>—</strong></span> <span class='ocrx_word' id='word_1_207' title='bbox 1975 2742 2064 2797; x_wconf 75' lang='grc'><strong>21.</strong></span> 
     </span>
    </p>
   </div>
   <div class='ocr_carea' id='block_1_27' title="bbox 497 2816 2073 2902">
    <p class='ocr_par' dir='ltr' id='par_1_27' title="bbox 497 2816 2073 2902">
     <span class='ocr_line' id='line_1_27' title="bbox 497 2816 2073 2902; baseline 0.011 -32"><span class='ocrx_word' id='word_1_208' title='bbox 497 2816 782 2885; x_wconf 83' lang='lat' dir='ltr'><strong>Conﬁtebor</strong></span> <span class='ocrx_word' id='word_1_209' title='bbox 808 2821 896 2875; x_wconf 86' lang='lat' dir='ltr'><strong>tibi</strong></span> <span class='ocrx_word' id='word_1_210' title='bbox 928 2825 1162 2892; x_wconf 89' lang='lat' dir='ltr'><strong>quoniam</strong></span> <span class='ocrx_word' id='word_1_211' title='bbox 1193 2827 1443 2882; x_wconf 73' lang='lat' dir='ltr'><strong>exaudiui</strong></span> <span class='ocrx_word' id='word_1_212' title='bbox 1477 2845 1576 2893; x_wconf 89' lang='lat' dir='ltr'><strong>me,</strong></span> <span class='ocrx_word' id='word_1_213' title='bbox 1624 2840 1670 2884; x_wconf 90' lang='lat' dir='ltr'><strong>et</strong></span> <span class='ocrx_word' id='word_1_214' title='bbox 1689 2835 1853 2902; x_wconf 77' lang='lat' dir='ltr'><strong>factus</strong></span> <span class='ocrx_word' id='word_1_215' title='bbox 1875 2849 1927 2887; x_wconf 83' lang='lat' dir='ltr'><strong>es</strong></span> <span class='ocrx_word' id='word_1_216' title='bbox 1948 2835 2073 2887; x_wconf 87' lang='lat' dir='ltr'><strong>milti</strong></span> 
     </span>
    </p>
   </div>
   <div class='ocr_carea' id='block_1_28' title="bbox 495 2909 2070 2985">
    <p class='ocr_par' dir='ltr' id='par_1_28' title="bbox 495 2909 2070 2985">
     <span class='ocr_line' id='line_1_28' title="bbox 495 2909 2070 2985; baseline 0.01 -24"><span class='ocrx_word' id='word_1_217' title='bbox 495 2910 549 2961; x_wconf 86' lang='lat' dir='ltr'><strong>in</strong></span> <span class='ocrx_word' id='word_1_218' title='bbox 579 2909 807 2964; x_wconf 79' lang='lat' dir='ltr'><strong>salutem.</strong></span> <span class='ocrx_word' id='word_1_219' title='bbox 851 2912 964 2966; x_wconf 89' lang='lat' dir='ltr'><strong>Non</strong></span> <span class='ocrx_word' id='word_1_220' title='bbox 1000 2914 1128 2969; x_wconf 89' lang='lat' dir='ltr'><strong>dicit</strong></span> <span class='ocrx_word' id='word_1_221' title='bbox 1150 2916 1502 2983; x_wconf 84' lang='lat' dir='ltr'><strong>solummodo,</strong></span> <span class='ocrx_word' id='word_1_222' title='bbox 1522 2918 1810 2985; x_wconf 71' lang='lat' dir='ltr'><strong>Exaudisti,</strong></span> <span class='ocrx_word' id='word_1_223' title='bbox 1836 2924 1928 2977; x_wconf 90' lang='lat' dir='ltr'><strong>sed</strong></span> <span class='ocrx_word' id='word_1_224' title='bbox 1950 2939 2070 2979; x_wconf 89' lang='lat' dir='ltr'><strong>cum</strong></span> 
     </span>
    </p>
   </div>
   <div class='ocr_carea' id='block_1_29' title="bbox 497 3000 2075 3084">
    <p class='ocr_par' dir='ltr' id='par_1_29' title="bbox 497 3000 2075 3084">
     <span class='ocr_line' id='line_1_29' title="bbox 497 3000 2075 3084; baseline 0.012 -34"><span class='ocrx_word' id='word_1_225' title='bbox 497 3000 642 3066; x_wconf 90' lang='lat' dir='ltr'><strong>prius</strong></span> <span class='ocrx_word' id='word_1_226' title='bbox 656 3003 965 3071; x_wconf 77' lang='lat' dir='ltr'><strong>castigasset</strong></span> <span class='ocrx_word' id='word_1_227' title='bbox 986 3013 1040 3059; x_wconf 89' lang='lat' dir='ltr'><strong>et</strong></span> <span class='ocrx_word' id='word_1_228' title='bbox 1060 3006 1330 3060; x_wconf 89' lang='lat' dir='ltr'><strong>meliorem</strong></span> <span class='ocrx_word' id='word_1_229' title='bbox 1354 3009 1581 3065; x_wconf 82' lang='lat' dir='ltr'><strong>fecisset.</strong></span> <span class='ocrx_word' id='word_1_230' title='bbox 1602 3010 1668 3064; x_wconf 89' lang='lat' dir='ltr'><strong>Et</strong></span> <span class='ocrx_word' id='word_1_231' title='bbox 1692 3013 1811 3066; x_wconf 86' lang='lat' dir='ltr'><strong>ideo</strong></span> <span class='ocrx_word' id='word_1_232' title='bbox 1829 3015 1935 3082; x_wconf 88' lang='lat' dir='ltr'><strong>agit</strong></span> <span class='ocrx_word' id='word_1_233' title='bbox 1953 3030 2075 3084; x_wconf 88' lang='lat' dir='ltr'><strong>gra-</strong></span> 
     </span>
    </p>
   </div>
   <div class='ocr_carea' id='block_1_30' title="bbox 500 3093 2069 3174">
    <p class='ocr_par' dir='ltr' id='par_1_30' title="bbox 500 3093 2069 3174">
     <span class='ocr_line' id='line_1_30' title="bbox 500 3093 2069 3174; baseline 0.012 -32"><span class='ocrx_word' id='word_1_234' title='bbox 500 3093 599 3144; x_wconf 85' lang='lat' dir='ltr'><strong>tias</strong></span> <span class='ocrx_word' id='word_1_235' title='bbox 621 3133 637 3157; x_wconf 93' lang='lat'><strong>,</strong></span> <span class='ocrx_word' id='word_1_236' title='bbox 669 3108 776 3147; x_wconf 87' lang='lat' dir='ltr'><strong>non</strong></span> <span class='ocrx_word' id='word_1_237' title='bbox 804 3095 974 3150; x_wconf 90' lang='lat' dir='ltr'><strong>solum</strong></span> <span class='ocrx_word' id='word_1_238' title='bbox 1006 3097 1147 3166; x_wconf 92' lang='lat' dir='ltr'><strong>quod</strong></span> <span class='ocrx_word' id='word_1_239' title='bbox 1174 3098 1244 3152; x_wconf 86' lang='lat' dir='ltr'><strong>sit</strong></span> <span class='ocrx_word' id='word_1_240' title='bbox 1271 3099 1550 3155; x_wconf 79' lang='lat' dir='ltr'><strong>exauditus</strong></span> <span class='ocrx_word' id='word_1_241' title='bbox 1573 3142 1587 3167; x_wconf 96' lang='lat'><strong>,</strong></span> <span class='ocrx_word' id='word_1_242' title='bbox 1619 3102 1712 3157; x_wconf 88' lang='lat' dir='ltr'><strong>sed</strong></span> <span class='ocrx_word' id='word_1_243' title='bbox 1747 3103 1904 3158; x_wconf 91' lang='lat' dir='ltr'><strong>etiam</strong></span> <span class='ocrx_word' id='word_1_244' title='bbox 1931 3106 2069 3174; x_wconf 91' lang='lat' dir='ltr'><strong>quod</strong></span> 
     </span>
    </p>
   </div>
   <div class='ocr_carea' id='block_1_31' title="bbox 499 3182 2072 3261">
    <p class='ocr_par' dir='ltr' id='par_1_31' title="bbox 499 3182 2072 3261">
     <span class='ocr_line' id='line_1_31' title="bbox 499 3182 2072 3261; baseline 0.01 -25"><span class='ocrx_word' id='word_1_245' title='bbox 499 3182 657 3238; x_wconf 80' lang='lat' dir='ltr'><strong>fuerit</strong></span> <span class='ocrx_word' id='word_1_246' title='bbox 679 3187 984 3257; x_wconf 78' lang='lat' dir='ltr'><strong>castigatus.</strong></span> <span class='ocrx_word' id='word_1_247' title='bbox 1015 3189 1138 3244; x_wconf 87' lang='lat' dir='ltr'><strong>ldeo</strong></span> <span class='ocrx_word' id='word_1_248' title='bbox 1165 3206 1392 3261; x_wconf 88' lang='lat' dir='ltr'><strong>namque</strong></span> <span class='ocrx_word' id='word_1_249' title='bbox 1417 3191 1514 3246; x_wconf 84' lang='lat' dir='ltr'><strong>fuit</strong></span> <span class='ocrx_word' id='word_1_250' title='bbox 1538 3195 1814 3250; x_wconf 82' lang='lat' dir='ltr'><strong>exauditus</strong></span> <span class='ocrx_word' id='word_1_251' title='bbox 1838 3207 1924 3250; x_wconf 86' lang='lat' dir='ltr'><strong>:et</strong></span> <span class='ocrx_word' id='word_1_252' title='bbox 1953 3197 2072 3251; x_wconf 91' lang='lat' dir='ltr'><strong>ubi-</strong></span> 
     </span>
    </p>
   </div>
   <div class='ocr_carea' id='block_1_32' title="bbox 499 3280 2071 3356">
    <p class='ocr_par' dir='ltr' id='par_1_32' title="bbox 499 3280 2071 3356">
     <span class='ocr_line' id='line_1_32' title="bbox 499 3280 2071 3356; baseline 0.011 -30"><span class='ocrx_word' id='word_1_253' title='bbox 499 3289 602 3342; x_wconf 86' lang='lat' dir='ltr'><strong>que</strong></span> <span class='ocrx_word' id='word_1_254' title='bbox 643 3291 886 3346; x_wconf 85' lang='lat' dir='ltr'><strong>magnum</strong></span> <span class='ocrx_word' id='word_1_255' title='bbox 929 3287 1011 3334; x_wconf 89' lang='lat' dir='ltr'><strong>est</strong></span> <span class='ocrx_word' id='word_1_256' title='bbox 1048 3280 1184 3349; x_wconf 89' lang='lat' dir='ltr'><strong>apud</strong></span> <span class='ocrx_word' id='word_1_257' title='bbox 1225 3281 1394 3351; x_wconf 87' lang='lat' dir='ltr'><strong>ipsum</strong></span> <span class='ocrx_word' id='word_1_258' title='bbox 1438 3282 1541 3338; x_wconf 89' lang='lat' dir='ltr'><strong>hoc</strong></span> <span class='ocrx_word' id='word_1_259' title='bbox 1583 3299 1750 3354; x_wconf 89' lang='lat' dir='ltr'><strong>genus</strong></span> <span class='ocrx_word' id='word_1_260' title='bbox 1787 3288 2071 3356; x_wconf 86' lang='lat' dir='ltr'><strong>gratiarum</strong></span> 
     </span>
    </p>
   </div>
   <div class='ocr_carea' id='block_1_33' title="bbox 499 3365 2071 3439">
    <p class='ocr_par' dir='ltr' id='par_1_33' title="bbox 499 3365 2071 3439">
     <span class='ocr_line' id='line_1_33' title="bbox 499 3365 2071 3439; baseline 0.01 -22"><span class='ocrx_word' id='word_1_261' title='bbox 499 3365 742 3421; x_wconf 87' lang='lat' dir='ltr'><strong>actionis.</strong></span> <span class='ocrx_word' id='word_1_262' title='bbox 781 3368 1236 3436; x_wconf 83' lang='lat' dir='ltr'><strong>Quemadmodum</strong></span> <span class='ocrx_word' id='word_1_263' title='bbox 1262 3374 1403 3429; x_wconf 89' lang='lat' dir='ltr'><strong>enim</strong></span> <span class='ocrx_word' id='word_1_264' title='bbox 1433 3373 1539 3428; x_wconf 78' lang='lat' dir='ltr'><strong>dixi</strong></span> <span class='ocrx_word' id='word_1_265' title='bbox 1559 3415 1575 3439; x_wconf 97' lang='lat'><strong>,</strong></span> <span class='ocrx_word' id='word_1_266' title='bbox 1618 3391 1714 3431; x_wconf 91' lang='lat' dir='ltr'><strong>nec</strong></span> <span class='ocrx_word' id='word_1_267' title='bbox 1742 3378 1960 3432; x_wconf 82' lang='lat' dir='ltr'><strong>cessabo</strong></span> <span class='ocrx_word' id='word_1_268' title='bbox 1986 3378 2071 3433; x_wconf 92' lang='lat' dir='ltr'><strong>di-</strong></span> 
     </span>
    </p>
   </div>
   <div class='ocr_carea' id='block_1_34' title="bbox 501 3456 2071 3524">
    <p class='ocr_par' dir='ltr' id='par_1_34' title="bbox 501 3456 2071 3524">
     <span class='ocr_line' id='line_1_34' title="bbox 501 3456 2071 3524; baseline 0.01 -15"><span class='ocrx_word' id='word_1_269' title='bbox 501 3471 643 3521; x_wconf 89' lang='lat' dir='ltr'><strong>cere,</strong></span> <span class='ocrx_word' id='word_1_270' title='bbox 663 3456 761 3512; x_wconf 92' lang='lat' dir='ltr'><strong>hoc</strong></span> <span class='ocrx_word' id='word_1_271' title='bbox 778 3469 859 3513; x_wconf 91' lang='lat' dir='ltr'><strong>est</strong></span> <span class='ocrx_word' id='word_1_272' title='bbox 877 3461 1160 3516; x_wconf 79' lang='lat' dir='ltr'><strong>maximum</strong></span> <span class='ocrx_word' id='word_1_273' title='bbox 1178 3464 1494 3519; x_wconf 83' lang='lat' dir='ltr'><strong>sacriﬁcium</strong></span> <span class='ocrx_word' id='word_1_274' title='bbox 1521 3476 1575 3521; x_wconf 91' lang='lat' dir='ltr'><strong>et</strong></span> <span class='ocrx_word' id='word_1_275' title='bbox 1599 3467 1816 3522; x_wconf 90' lang='lat' dir='ltr'><strong>oblatio.</strong></span> <span class='ocrx_word' id='word_1_276' title='bbox 1844 3468 1931 3523; x_wconf 74' lang='grc'><strong>22.</strong></span> <span class='ocrx_word' id='word_1_277' title='bbox 1966 3470 2071 3524; x_wconf 85' lang='lat' dir='ltr'><strong>La-</strong></span> 
     </span>
    </p>
   </div>
   <div class='ocr_carea' id='block_1_35' title="bbox 502 3547 2126 3629">
    <p class='ocr_par' dir='ltr' id='par_1_35' title="bbox 502 3547 2126 3629">
     <span class='ocr_line' id='line_1_35' title="bbox 502 3547 2126 3629; baseline 0.01 -30"><span class='ocrx_word' id='word_1_278' title='bbox 502 3547 670 3616; x_wconf 82' lang='lat' dir='ltr'><strong>pidem</strong></span> <span class='ocrx_word' id='word_1_279' title='bbox 693 3565 835 3618; x_wconf 84' lang='lat' dir='ltr'><strong>quem</strong></span> <span class='ocrx_word' id='word_1_280' title='bbox 859 3552 1246 3620; x_wconf 70' lang='lat' dir='ltr'><strong>reprobaverunt</strong></span> <span class='ocrx_word' id='word_1_281' title='bbox 1272 3555 1600 3622; x_wconf 71' lang='lat' dir='ltr'><strong>wdiﬁcantes,</strong></span> <span class='ocrx_word' id='word_1_282' title='bbox 1625 3557 1706 3611; x_wconf 89' lang='lat' dir='ltr'><strong>hic</strong></span> <span class='ocrx_word' id='word_1_283' title='bbox 1734 3562 1896 3629; x_wconf 78' lang='lat' dir='ltr'><strong>factus</strong></span> <span class='ocrx_word' id='word_1_284' title='bbox 1921 3570 1990 3614; x_wconf 86' lang='lat' dir='ltr'><strong>est</strong></span> <span class='ocrx_word' id='word_1_285' title='bbox 2019 3561 2072 3614; x_wconf 86' lang='lat' dir='ltr'><strong>in</strong></span> <span class='ocrx_word' id='word_1_286' title='bbox 2112 3565 2126 3578; x_wconf 78' lang='lat'><strong><em>’</em></strong></span> 
     </span>
    </p>
   </div>
   <div class='ocr_carea' id='block_1_36' title="bbox 500 3639 2075 3717">
    <p class='ocr_par' dir='ltr' id='par_1_36' title="bbox 500 3639 2075 3717">
     <span class='ocr_line' id='line_1_36' title="bbox 500 3639 2075 3717; baseline 0.009 -25"><span class='ocrx_word' id='word_1_287' title='bbox 500 3647 650 3709; x_wconf 86' lang='lat' dir='ltr'><strong>caput</strong></span> <span class='ocrx_word' id='word_1_288' title='bbox 676 3639 869 3710; x_wconf 86' lang='lat' dir='ltr'><strong>anguli.</strong></span> <span class='ocrx_word' id='word_1_289' title='bbox 893 3641 1042 3710; x_wconf 88' lang='lat' dir='ltr'><strong>Quod</strong></span> <span class='ocrx_word' id='word_1_290' title='bbox 1066 3642 1166 3698; x_wconf 90' lang='lat' dir='ltr'><strong>hoc</strong></span> <span class='ocrx_word' id='word_1_291' title='bbox 1197 3645 1265 3700; x_wconf 91' lang='lat' dir='ltr'><strong>de</strong></span> <span class='ocrx_word' id='word_1_292' title='bbox 1284 3645 1496 3701; x_wconf 90' lang='lat' dir='ltr'><strong>Christo</strong></span> <span class='ocrx_word' id='word_1_293' title='bbox 1516 3648 1712 3702; x_wconf 93' lang='lat' dir='ltr'><strong>dictum</strong></span> <span class='ocrx_word' id='word_1_294' title='bbox 1747 3651 1834 3717; x_wconf 88' lang='lat' dir='ltr'><strong>sit,</strong></span> <span class='ocrx_word' id='word_1_295' title='bbox 1863 3659 1946 3706; x_wconf 90' lang='lat' dir='ltr'><strong>est</strong></span> <span class='ocrx_word' id='word_1_296' title='bbox 1962 3652 2075 3706; x_wconf 88' lang='lat' dir='ltr'><strong>cui-</strong></span> 
     </span>
    </p>
   </div>
   <div class='ocr_carea' id='block_1_37' title="bbox 498 3729 2070 3808">
    <p class='ocr_par' dir='ltr' id='par_1_37' title="bbox 498 3729 2070 3808">
     <span class='ocr_line' id='line_1_37' title="bbox 498 3729 2070 3808; baseline 0.011 -28"><span class='ocrx_word' id='word_1_297' title='bbox 498 3729 581 3784; x_wconf 80' lang='lat' dir='ltr'><strong>vis</strong></span> <span class='ocrx_word' id='word_1_298' title='bbox 610 3730 960 3786; x_wconf 81' lang='lat' dir='ltr'><strong>manifestum.</strong></span> <span class='ocrx_word' id='word_1_299' title='bbox 994 3732 1109 3802; x_wconf 88' lang='lat' dir='ltr'><strong>lpse</strong></span> <span class='ocrx_word' id='word_1_300' title='bbox 1140 3735 1279 3789; x_wconf 91' lang='lat' dir='ltr'><strong>enim</strong></span> <span class='ocrx_word' id='word_1_301' title='bbox 1308 3737 1358 3788; x_wconf 92' lang='lat' dir='ltr'><strong>in</strong></span> <span class='ocrx_word' id='word_1_302' title='bbox 1374 3736 1669 3808; x_wconf 81' lang='lat' dir='ltr'><strong>Evangeliis</strong></span> <span class='ocrx_word' id='word_1_303' title='bbox 1700 3738 1914 3797; x_wconf 88' lang='lat' dir='ltr'><strong>adducit</strong></span> <span class='ocrx_word' id='word_1_304' title='bbox 1937 3741 2070 3798; x_wconf 92' lang='lat' dir='ltr'><strong>hanc</strong></span> 
     </span>
    </p>
   </div>
   <div class='ocr_carea' id='block_1_38' title="bbox 503 3820 2070 3902">
    <p class='ocr_par' dir='ltr' id='par_1_38' title="bbox 503 3820 2070 3902">
     <span class='ocr_line' id='line_1_38' title="bbox 503 3820 2070 3902; baseline 0.01 -30"><span class='ocrx_word' id='word_1_305' title='bbox 503 3820 858 3888; x_wconf 86' lang='lat' dir='ltr'><strong>prophetiam,</strong></span> <span class='ocrx_word' id='word_1_306' title='bbox 882 3823 1062 3879; x_wconf 87' lang='lat' dir='ltr'><strong>dicens</strong></span> <span class='ocrx_word' id='word_1_307' title='bbox 1087 3842 1099 3878; x_wconf 85' lang='lat'>:</span> <span class='ocrx_word' id='word_1_308' title='bbox 1131 3823 1422 3896; x_wconf 83' lang='lat' dir='ltr'><strong>Numquam</strong></span> <span class='ocrx_word' id='word_1_309' title='bbox 1447 3827 1902 3899; x_wconf 83' lang='lat' dir='ltr'><strong>legistis,Lapidem</strong></span> <span class='ocrx_word' id='word_1_310' title='bbox 1923 3849 2070 3902; x_wconf 84' lang='lat' dir='ltr'><strong>quem</strong></span> 
     </span>
    </p>
   </div>
   <div class='ocr_carea' id='block_1_39' title="bbox 497 3909 2069 3993">
    <p class='ocr_par' dir='ltr' id='par_1_39' title="bbox 497 3909 2069 3993">
     <span class='ocr_line' id='line_1_39' title="bbox 497 3909 2069 3993; baseline 0.01 -31"><span class='ocrx_word' id='word_1_311' title='bbox 497 3909 882 3978; x_wconf 80' lang='lat' dir='ltr'><strong>reprobaverunt</strong></span> <span class='ocrx_word' id='word_1_312' title='bbox 901 3914 1228 3982; x_wconf 64' lang='lat' dir='ltr'><strong>aediﬁcantes,</strong></span> <span class='ocrx_word' id='word_1_313' title='bbox 1256 3917 1338 3970; x_wconf 88' lang='lat' dir='ltr'><strong>hic</strong></span> <span class='ocrx_word' id='word_1_314' title='bbox 1365 3921 1529 3987; x_wconf 80' lang='lat' dir='ltr'><strong>factus</strong></span> <span class='ocrx_word' id='word_1_315' title='bbox 1548 3928 1620 3972; x_wconf 88' lang='lat' dir='ltr'><strong>est</strong></span> <span class='ocrx_word' id='word_1_316' title='bbox 1642 3919 1696 3974; x_wconf 87' lang='lat' dir='ltr'><strong>in</strong></span> <span class='ocrx_word' id='word_1_317' title='bbox 1714 3931 1867 3990; x_wconf 86' lang='lat' dir='ltr'><strong>caput</strong></span> <span class='ocrx_word' id='word_1_318' title='bbox 1893 3923 2069 3993; x_wconf 82' lang='lat' dir='ltr'><strong>anguli</strong></span> 
     </span>
    </p>
   </div>
   <div class='ocr_carea' id='block_1_40' title="bbox 496 4002 2066 4081">
    <p class='ocr_par' dir='ltr' id='par_1_40' title="bbox 496 4002 2066 4081">
     <span class='ocr_line' id='line_1_40' title="bbox 496 4002 2066 4081; baseline 0.01 -27"><span class='ocrx_word' id='word_1_319' title='bbox 496 4002 708 4068; x_wconf 80' lang='lat' dir='ltr'><strong>(Matth.</strong></span> <span class='ocrx_word' id='word_1_320' title='bbox 734 4005 822 4059; x_wconf 76' lang='grc'><strong>21.</strong></span> <span class='ocrx_word' id='word_1_321' title='bbox 849 4005 948 4069; x_wconf 68' lang='lat'><strong>42;</strong></span> <span class='ocrx_word' id='word_1_322' title='bbox 977 4005 1101 4061; x_wconf 86' lang='lat' dir='ltr'><strong>Luc.</strong></span> <span class='ocrx_word' id='word_1_323' title='bbox 1128 4007 1218 4063; x_wconf 75' lang='grc'><strong>20.</strong></span> <span class='ocrx_word' id='word_1_324' title='bbox 1253 4003 1388 4072; x_wconf 76' lang='lat' dir='ltr'><strong>t7)?</strong></span> <span class='ocrx_word' id='word_1_325' title='bbox 1411 4007 1466 4062; x_wconf 91' lang='lat' dir='ltr'><strong>Si</strong></span> <span class='ocrx_word' id='word_1_326' title='bbox 1495 4019 1670 4065; x_wconf 88' lang='lat' dir='ltr'><strong>autem</strong></span> <span class='ocrx_word' id='word_1_327' title='bbox 1699 4011 1840 4081; x_wconf 92' lang='lat' dir='ltr'><strong>quod</strong></span> <span class='ocrx_word' id='word_1_328' title='bbox 1869 4012 2066 4069; x_wconf 86' lang='lat' dir='ltr'><strong>dictum</strong></span> 
     </span>
    </p>
   </div>
   <div class='ocr_carea' id='block_1_41' title="bbox 492 4097 2068 4167">
    <p class='ocr_par' dir='ltr' id='par_1_41' title="bbox 492 4097 2068 4167">
     <span class='ocr_line' id='line_1_41' title="bbox 492 4097 2068 4167; baseline 0.008 -18"><span class='ocrx_word' id='word_1_329' title='bbox 492 4104 610 4158; x_wconf 88' lang='lat' dir='ltr'><strong>est,</strong></span> <span class='ocrx_word' id='word_1_330' title='bbox 646 4111 750 4151; x_wconf 93' lang='lat' dir='ltr'><strong>non</strong></span> <span class='ocrx_word' id='word_1_331' title='bbox 777 4097 986 4154; x_wconf 89' lang='lat' dir='ltr'><strong>videtur</strong></span> <span class='ocrx_word' id='word_1_332' title='bbox 1012 4099 1244 4167; x_wconf 90' lang='lat' dir='ltr'><strong>pendere</strong></span> <span class='ocrx_word' id='word_1_333' title='bbox 1283 4114 1352 4154; x_wconf 85' lang='lat' dir='ltr'><strong>ex</strong></span> <span class='ocrx_word' id='word_1_334' title='bbox 1391 4099 1627 4166; x_wconf 89' lang='lat' dir='ltr'><strong>historia,</strong></span> <span class='ocrx_word' id='word_1_335' title='bbox 1658 4103 1750 4157; x_wconf 88' lang='lat' dir='ltr'><strong>sed</strong></span> <span class='ocrx_word' id='word_1_336' title='bbox 1779 4104 1952 4158; x_wconf 90' lang='lat' dir='ltr'><strong>media</strong></span> <span class='ocrx_word' id='word_1_337' title='bbox 1983 4106 2068 4160; x_wconf 87' lang='lat' dir='ltr'><strong>in-</strong></span> 
     </span>
    </p>
   </div>
   <div class='ocr_carea' id='block_1_42' title="bbox 494 4192 2067 4264">
    <p class='ocr_par' dir='ltr' id='par_1_42' title="bbox 494 4192 2067 4264">
     <span class='ocr_line' id='line_1_42' title="bbox 494 4192 2067 4264; baseline 0.009 -26"><span class='ocrx_word' id='word_1_338' title='bbox 494 4197 730 4256; x_wconf 84' lang='lat' dir='ltr'><strong>terrupta</strong></span> <span class='ocrx_word' id='word_1_339' title='bbox 757 4203 937 4244; x_wconf 88' lang='lat' dir='ltr'><strong>rerum</strong></span> <span class='ocrx_word' id='word_1_340' title='bbox 965 4192 1102 4246; x_wconf 90' lang='lat' dir='ltr'><strong>serie</strong></span> <span class='ocrx_word' id='word_1_341' title='bbox 1128 4192 1361 4260; x_wconf 84' lang='lat' dir='ltr'><strong>ingressa</strong></span> <span class='ocrx_word' id='word_1_342' title='bbox 1391 4207 1509 4248; x_wconf 82' lang='lat' dir='ltr'><strong>esse</strong></span> <span class='ocrx_word' id='word_1_343' title='bbox 1538 4195 1835 4264; x_wconf 87' lang='lat' dir='ltr'><strong>prophetia,</strong></span> <span class='ocrx_word' id='word_1_344' title='bbox 1859 4212 1962 4252; x_wconf 90' lang='lat' dir='ltr'><strong>non</strong></span> <span class='ocrx_word' id='word_1_345' title='bbox 1985 4206 2067 4252; x_wconf 89' lang='lat' dir='ltr'><strong>est</strong></span> 
     </span>
    </p>
   </div>
   <div class='ocr_carea' id='block_1_43' title="bbox 494 4278 2066 4358">
    <p class='ocr_par' dir='ltr' id='par_1_43' title="bbox 494 4278 2066 4358">
     <span class='ocr_line' id='line_1_43' title="bbox 494 4278 2066 4358; baseline 0.01 -28"><span class='ocrx_word' id='word_1_346' title='bbox 494 4278 705 4344; x_wconf 88' lang='lat' dir='ltr'><strong>mirum,</strong></span> <span class='ocrx_word' id='word_1_347' title='bbox 731 4296 830 4336; x_wconf 90' lang='lat' dir='ltr'><strong>nec</strong></span> <span class='ocrx_word' id='word_1_348' title='bbox 851 4297 1043 4338; x_wconf 88' lang='lat' dir='ltr'><strong>novum</strong></span> <span class='ocrx_word' id='word_1_349' title='bbox 1065 4301 1076 4337; x_wconf 93' lang='lat'><strong>:</strong></span> <span class='ocrx_word' id='word_1_350' title='bbox 1097 4285 1354 4354; x_wconf 90' lang='lat' dir='ltr'><strong>siquidem</strong></span> <span class='ocrx_word' id='word_1_351' title='bbox 1382 4285 1649 4358; x_wconf 64' lang='lat' dir='ltr'><strong>plerasque</strong></span> <span class='ocrx_word' id='word_1_352' title='bbox 1675 4289 1751 4343; x_wconf 91' lang='lat' dir='ltr'><strong>sic</strong></span> <span class='ocrx_word' id='word_1_353' title='bbox 1780 4291 2066 4345; x_wconf 81' lang='lat' dir='ltr'><strong>enuntiata:</strong></span> 
     </span>
    </p>
   </div>
   <div class='ocr_carea' id='block_1_44' title="bbox 492 4368 2067 4448">
    <p class='ocr_par' dir='ltr' id='par_1_44' title="bbox 492 4368 2067 4448">
     <span class='ocr_line' id='line_1_44' title="bbox 492 4368 2067 4448; baseline 0.011 -30"><span class='ocrx_word' id='word_1_354' title='bbox 492 4376 620 4420; x_wconf 90' lang='lat' dir='ltr'><strong>sunt</strong></span> <span class='ocrx_word' id='word_1_355' title='bbox 644 4368 696 4421; x_wconf 91' lang='lat' dir='ltr'><strong>in</strong></span> <span class='ocrx_word' id='word_1_356' title='bbox 727 4368 903 4425; x_wconf 88' lang='lat' dir='ltr'><strong>Veteri</strong></span> <span class='ocrx_word' id='word_1_357' title='bbox 929 4372 1268 4429; x_wconf 82' lang='lat' dir='ltr'><strong>Testamento</strong></span> <span class='ocrx_word' id='word_1_358' title='bbox 1295 4375 1607 4445; x_wconf 71' lang='lat' dir='ltr'><strong>prophetiae,</strong></span> <span class='ocrx_word' id='word_1_359' title='bbox 1625 4378 1765 4448; x_wconf 83' lang='lat' dir='ltr'><strong>quod</strong></span> <span class='ocrx_word' id='word_1_360' title='bbox 1795 4389 2067 4446; x_wconf 87' lang='lat' dir='ltr'><strong>oporteret</strong></span> 
     </span>
    </p>
   </div>
   <div class='ocr_carea' id='block_1_45' title="bbox 492 4462 2065 4538">
    <p class='ocr_par' dir='ltr' id='par_1_45' title="bbox 492 4462 2065 4538">
     <span class='ocr_line' id='line_1_45' title="bbox 492 4462 2065 4538; baseline 0.01 -28"><span class='ocrx_word' id='word_1_361' title='bbox 492 4466 621 4512; x_wconf 84' lang='lat' dir='ltr'><strong>tunc</strong></span> <span class='ocrx_word' id='word_1_362' title='bbox 647 4462 900 4529; x_wconf 90' lang='lat' dir='ltr'><strong>temporis</strong></span> <span class='ocrx_word' id='word_1_363' title='bbox 928 4462 998 4514; x_wconf 92' lang='lat' dir='ltr'><strong>ita</strong></span> <span class='ocrx_word' id='word_1_364' title='bbox 1019 4463 1230 4534; x_wconf 89' lang='lat' dir='ltr'><strong>obtegi,</strong></span> <span class='ocrx_word' id='word_1_365' title='bbox 1258 4473 1316 4519; x_wconf 92' lang='lat' dir='ltr'><strong>ut</strong></span> <span class='ocrx_word' id='word_1_366' title='bbox 1345 4481 1447 4520; x_wconf 90' lang='lat' dir='ltr'><strong>nou</strong></span> <span class='ocrx_word' id='word_1_367' title='bbox 1477 4467 1635 4522; x_wconf 90' lang='lat' dir='ltr'><strong>etiam</strong></span> <span class='ocrx_word' id='word_1_368' title='bbox 1664 4468 1762 4538; x_wconf 89' lang='lat' dir='ltr'><strong>ipsi</strong></span> <span class='ocrx_word' id='word_1_369' title='bbox 1789 4469 1908 4524; x_wconf 89' lang='lat' dir='ltr'><strong>libri</strong></span> <span class='ocrx_word' id='word_1_370' title='bbox 1933 4470 2065 4525; x_wconf 88' lang='lat' dir='ltr'><strong>abo-</strong></span> 
     </span>
    </p>
   </div>
   <div class='ocr_carea' id='block_1_46' title="bbox 492 4546 2063 4632">
    <p class='ocr_par' dir='ltr' id='par_1_46' title="bbox 492 4546 2063 4632">
     <span class='ocr_line' id='line_1_46' title="bbox 492 4546 2063 4632; baseline 0.011 -32"><span class='ocrx_word' id='word_1_371' title='bbox 492 4546 743 4605; x_wconf 84' lang='lat' dir='ltr'><strong>lereutur.</strong></span> <span class='ocrx_word' id='word_1_372' title='bbox 777 4549 855 4604; x_wconf 89' lang='lat' dir='ltr'><strong>De</strong></span> <span class='ocrx_word' id='word_1_373' title='bbox 879 4550 992 4618; x_wconf 88' lang='lat' dir='ltr'><strong>ejus</strong></span> <span class='ocrx_word' id='word_1_374' title='bbox 1015 4553 1155 4607; x_wconf 90' lang='lat' dir='ltr'><strong>enim</strong></span> <span class='ocrx_word' id='word_1_375' title='bbox 1182 4565 1300 4609; x_wconf 91' lang='lat' dir='ltr'><strong>ortu</strong></span> <span class='ocrx_word' id='word_1_376' title='bbox 1325 4557 1599 4626; x_wconf 89' lang='lat' dir='ltr'><strong>prophetia</strong></span> <span class='ocrx_word' id='word_1_377' title='bbox 1616 4558 1826 4614; x_wconf 87' lang='lat' dir='ltr'><strong>videtur</strong></span> <span class='ocrx_word' id='word_1_378' title='bbox 1850 4561 2063 4632; x_wconf 89' lang='lat' dir='ltr'><strong>quidem</strong></span> 
     </span>
    </p>
   </div>
   <div class='ocr_carea' id='block_1_47' title="bbox 493 4637 2064 4710">
    <p class='ocr_par' dir='ltr' id='par_1_47' title="bbox 493 4637 2064 4710">
     <span class='ocr_line' id='line_1_47' title="bbox 493 4637 2064 4710; baseline 0.013 -21"><span class='ocrx_word' id='word_1_379' title='bbox 493 4637 726 4706; x_wconf 88' lang='lat' dir='ltr'><strong>pendere</strong></span> <span class='ocrx_word' id='word_1_380' title='bbox 751 4639 818 4693; x_wconf 88' lang='lat' dir='ltr'><strong>ab</strong></span> <span class='ocrx_word' id='word_1_381' title='bbox 847 4639 1089 4706; x_wconf 88' lang='lat' dir='ltr'><strong>historia,</strong></span> <span class='ocrx_word' id='word_1_382' title='bbox 1117 4643 1246 4698; x_wconf 88' lang='lat' dir='ltr'><strong>nihil</strong></span> <span class='ocrx_word' id='word_1_383' title='bbox 1273 4655 1448 4701; x_wconf 89' lang='lat' dir='ltr'><strong>autem</strong></span> <span class='ocrx_word' id='word_1_384' title='bbox 1472 4647 1630 4704; x_wconf 87' lang='lat' dir='ltr'><strong>habet</strong></span> <span class='ocrx_word' id='word_1_385' title='bbox 1647 4664 1927 4707; x_wconf 88' lang='lat' dir='ltr'><strong>commune</strong></span> <span class='ocrx_word' id='word_1_386' title='bbox 1943 4668 2064 4710; x_wconf 92' lang='lat' dir='ltr'><strong>cum</strong></span> 
     </span>
    </p>
   </div>
   <div class='ocr_carea' id='block_1_48' title="bbox 493 4727 2062 4812">
    <p class='ocr_par' dir='ltr' id='par_1_48' title="bbox 493 4727 2062 4812">
     <span class='ocr_line' id='line_1_48' title="bbox 493 4727 2062 4812; baseline 0.011 -32"><span class='ocrx_word' id='word_1_387' title='bbox 493 4728 602 4791; x_wconf 91' lang='lat' dir='ltr'><strong>illa,</strong></span> <span class='ocrx_word' id='word_1_388' title='bbox 632 4737 690 4782; x_wconf 93' lang='lat' dir='ltr'><strong>ut</strong></span> <span class='ocrx_word' id='word_1_389' title='bbox 711 4727 860 4793; x_wconf 87' lang='lat' dir='ltr'><strong>illttd,</strong></span> <span class='ocrx_word' id='word_1_390' title='bbox 892 4729 1020 4784; x_wconf 83' lang='lat' dir='ltr'><strong>Ecce</strong></span> <span class='ocrx_word' id='word_1_391' title='bbox 1043 4734 1180 4802; x_wconf 84' lang='lat' dir='ltr'><strong>virgo</strong></span> <span class='ocrx_word' id='word_1_392' title='bbox 1199 4735 1251 4788; x_wconf 89' lang='lat' dir='ltr'><strong>in</strong></span> <span class='ocrx_word' id='word_1_393' title='bbox 1281 4744 1422 4789; x_wconf 87' lang='lat' dir='ltr'><strong>utero</strong></span> <span class='ocrx_word' id='word_1_394' title='bbox 1447 4740 1713 4809; x_wconf 82' lang='lat' dir='ltr'><strong>concipiet,</strong></span> <span class='ocrx_word' id='word_1_395' title='bbox 1743 4753 1792 4795; x_wconf 90' lang='lat' dir='ltr'><strong>et</strong></span> <span class='ocrx_word' id='word_1_396' title='bbox 1813 4744 1975 4811; x_wconf 86' lang='lat' dir='ltr'><strong>pariet</strong></span> <span class='ocrx_word' id='word_1_397' title='bbox 1998 4746 2062 4812; x_wconf 80' lang='lat' dir='ltr'><strong>li-</strong></span> 
     </span>
    </p>
   </div>
   <div class='ocr_carea' id='block_1_49' title="bbox 491 4817 2063 4903">
    <p class='ocr_par' dir='ltr' id='par_1_49' title="bbox 491 4817 2063 4903">
     <span class='ocr_line' id='line_1_49' title="bbox 491 4817 2063 4903; baseline 0.011 -32"><span class='ocrx_word' id='word_1_398' title='bbox 491 4817 635 4879; x_wconf 82' lang='lat' dir='ltr'><strong>lium,</strong></span> <span class='ocrx_word' id='word_1_399' title='bbox 659 4830 707 4874; x_wconf 80' lang='lat' dir='ltr'><strong>et</strong></span> <span class='ocrx_word' id='word_1_400' title='bbox 725 4822 969 4872; x_wconf 78' lang='lat' dir='ltr'><strong>uocabunt</strong></span> <span class='ocrx_word' id='word_1_401' title='bbox 991 4823 1007 4852; x_wconf 86' lang='grc'>¹</span> <span class='ocrx_word' id='word_1_402' title='bbox 1043 4839 1222 4877; x_wconf 83' lang='lat' dir='ltr'><strong>nomen</strong></span> <span class='ocrx_word' id='word_1_403' title='bbox 1251 4826 1359 4889; x_wconf 85' lang='lat' dir='ltr'><strong>eius</strong></span> <span class='ocrx_word' id='word_1_404' title='bbox 1384 4825 1684 4884; x_wconf 84' lang='lat' dir='ltr'><strong>Emmanuel</strong></span> <span class='ocrx_word' id='word_1_405' title='bbox 1709 4830 1858 4902; x_wconf 84' lang='lat' dir='ltr'><strong>(Isai.</strong></span> <span class='ocrx_word' id='word_1_406' title='bbox 1879 4834 1929 4888; x_wconf 90' lang='lat'><strong>7.</strong></span> <span class='ocrx_word' id='word_1_407' title='bbox 1951 4836 2063 4903; x_wconf 76' lang='lat' dir='ltr'><strong>M),</strong></span> 
     </span>
    </p>
   </div>
   <div class='ocr_carea' id='block_1_50' title="bbox 489 4911 2066 4993">
    <p class='ocr_par' dir='ltr' id='par_1_50' title="bbox 489 4911 2066 4993">
     <span class='ocr_line' id='line_1_50' title="bbox 489 4911 2066 4993; baseline 0.01 -31"><span class='ocrx_word' id='word_1_408' title='bbox 489 4911 632 4980; x_wconf 87' lang='lat' dir='ltr'><strong>quod</strong></span> <span class='ocrx_word' id='word_1_409' title='bbox 678 4920 762 4967; x_wconf 88' lang='lat' dir='ltr'><strong>est</strong></span> <span class='ocrx_word' id='word_1_410' title='bbox 805 4911 1241 4981; x_wconf 89' lang='lat' dir='ltr'><strong>interpretatum,</strong></span> <span class='ocrx_word' id='word_1_411' title='bbox 1286 4915 1570 4972; x_wconf 83' lang='lat' dir='ltr'><strong>Nobiscum</strong></span> <span class='ocrx_word' id='word_1_412' title='bbox 1613 4919 1774 4976; x_wconf 88' lang='lat' dir='ltr'><strong>Deus.</strong></span> <span class='ocrx_word' id='word_1_413' title='bbox 1821 4921 2066 4993; x_wconf 83' lang='lat' dir='ltr'><strong>Lapidem</strong></span> 
     </span>
    </p>
   </div>
   <div class='ocr_carea' id='block_1_51' title="bbox 488 5005 2063 5085">
    <p class='ocr_par' dir='ltr' id='par_1_51' title="bbox 488 5005 2063 5085">
     <span class='ocr_line' id='line_1_51' title="bbox 488 5005 2063 5085; baseline 0.011 -31"><span class='ocrx_word' id='word_1_414' title='bbox 488 5019 641 5070; x_wconf 78' lang='lat' dir='ltr'><strong>quem</strong></span> <span class='ocrx_word' id='word_1_415' title='bbox 662 5005 1053 5074; x_wconf 82' lang='lat' dir='ltr'><strong>reprobaverunt</strong></span> <span class='ocrx_word' id='word_1_416' title='bbox 1076 5007 1383 5074; x_wconf 69' lang='lat' dir='ltr'><strong>aediﬁcantes</strong></span> <span class='ocrx_word' id='word_1_417' title='bbox 1412 5009 1624 5076; x_wconf 80' lang='lat' dir='ltr'><strong>(Matth.</strong></span> <span class='ocrx_word' id='word_1_418' title='bbox 1650 5013 1699 5066; x_wconf 94' lang='grc'><strong>1.</strong></span> <span class='ocrx_word' id='word_1_419' title='bbox 1729 5013 1842 5085; x_wconf 74' lang='grc'><strong>25).</strong></span> <span class='ocrx_word' id='word_1_420' title='bbox 1871 5014 2063 5071; x_wconf 68' lang='grc' dir='ltr'><strong>Ᾱείίἰῐί-</strong></span> 
     </span>
    </p>
   </div>
   <div class='ocr_carea' id='block_1_52' title="bbox 487 5096 2067 5170">
    <p class='ocr_par' dir='ltr' id='par_1_52' title="bbox 487 5096 2067 5170">
     <span class='ocr_line' id='line_1_52' title="bbox 487 5096 2067 5170; baseline 0.008 -21"><span class='ocrx_word' id='word_1_421' title='bbox 487 5106 674 5150; x_wconf 88' lang='lat' dir='ltr'><strong>cantes</strong></span> <span class='ocrx_word' id='word_1_422' title='bbox 700 5096 787 5151; x_wconf 89' lang='lat' dir='ltr'><strong>hic</strong></span> <span class='ocrx_word' id='word_1_423' title='bbox 815 5097 943 5152; x_wconf 90' lang='lat' dir='ltr'><strong>dicit</strong></span> <span class='ocrx_word' id='word_1_424' title='bbox 965 5097 1196 5162; x_wconf 68' lang='lat' dir='ltr'><strong>Judatos,</strong></span> <span class='ocrx_word' id='word_1_425' title='bbox 1230 5099 1359 5170; x_wconf 81' lang='lat' dir='ltr'><strong>legis</strong></span> <span class='ocrx_word' id='word_1_426' title='bbox 1383 5101 1644 5168; x_wconf 89' lang='lat' dir='ltr'><strong>doctores,</strong></span> <span class='ocrx_word' id='word_1_427' title='bbox 1677 5105 1896 5168; x_wconf 88' lang='lat' dir='ltr'><strong>scribas,</strong></span> <span class='ocrx_word' id='word_1_428' title='bbox 1928 5106 2067 5162; x_wconf 90' lang='lat' dir='ltr'><strong>Pha-</strong></span> 
     </span>
    </p>
   </div>
   <div class='ocr_carea' id='block_1_53' title="bbox 487 5188 2061 5263">
    <p class='ocr_par' dir='ltr' id='par_1_53' title="bbox 487 5188 2061 5263">
     <span class='ocr_line' id='line_1_53' title="bbox 487 5188 2061 5263; baseline 0.008 -23"><span class='ocrx_word' id='word_1_429' title='bbox 487 5188 691 5255; x_wconf 74' lang='lat' dir='ltr'><strong>rismos,</strong></span> <span class='ocrx_word' id='word_1_430' title='bbox 719 5189 1145 5260; x_wconf 84' lang='lat' dir='ltr'><strong>quandoquidem</strong></span> <span class='ocrx_word' id='word_1_431' title='bbox 1173 5193 1523 5261; x_wconf 89' lang='lat' dir='ltr'><strong>reprobarunt</strong></span> <span class='ocrx_word' id='word_1_432' title='bbox 1551 5193 1718 5263; x_wconf 92' lang='lat' dir='ltr'><strong>ipsum</strong></span> <span class='ocrx_word' id='word_1_433' title='bbox 1737 5234 1754 5257; x_wconf 91' lang='lat'><strong>,</strong></span> <span class='ocrx_word' id='word_1_434' title='bbox 1782 5195 2020 5253; x_wconf 88' lang='lat' dir='ltr'><strong>dicentes</strong></span> <span class='ocrx_word' id='word_1_435' title='bbox 2047 5215 2061 5252; x_wconf 91' lang='lat'>:</span> 
     </span>
    </p>
   </div>
   <div class='ocr_carea' id='block_1_54' title="bbox 485 5279 2060 5359">
    <p class='ocr_par' dir='ltr' id='par_1_54' title="bbox 485 5279 2060 5359">
     <span class='ocr_line' id='line_1_54' title="bbox 485 5279 2060 5359; baseline 0.005 -23"><span class='ocrx_word' id='word_1_436' title='bbox 485 5279 844 5336; x_wconf 83' lang='lat' dir='ltr'><strong>Samaritanus</strong></span> <span class='ocrx_word' id='word_1_437' title='bbox 873 5298 925 5335; x_wconf 89' lang='lat' dir='ltr'><strong>es</strong></span> <span class='ocrx_word' id='word_1_438' title='bbox 943 5291 997 5335; x_wconf 89' lang='lat' dir='ltr'><strong>tu</strong></span> <span class='ocrx_word' id='word_1_439' title='bbox 1015 5322 1034 5348; x_wconf 78' lang='lat'><strong>,</strong></span> <span class='ocrx_word' id='word_1_440' title='bbox 1058 5292 1106 5335; x_wconf 86' lang='lat' dir='ltr'><strong>et</strong></span> <span class='ocrx_word' id='word_1_441' title='bbox 1135 5282 1437 5336; x_wconf 67' lang='lat' dir='ltr'><strong>da&#39;monium</strong></span> <span class='ocrx_word' id='word_1_442' title='bbox 1467 5283 1616 5337; x_wconf 83' lang='lat' dir='ltr'><strong>habes</strong></span> <span class='ocrx_word' id='word_1_443' title='bbox 1649 5284 1824 5343; x_wconf 83' lang='lat' dir='ltr'><strong>(Joan.</strong></span> <span class='ocrx_word' id='word_1_444' title='bbox 1851 5287 1904 5340; x_wconf 90' lang='lat'><strong>8.</strong></span> <span class='ocrx_word' id='word_1_445' title='bbox 1932 5288 2022 5359; x_wconf 70' lang='grc'><strong>48)</strong></span> <span class='ocrx_word' id='word_1_446' title='bbox 2044 5331 2060 5354; x_wconf 90' lang='grc'><em>,</em></span> 
     </span>
    </p>
   </div>
   <div class='ocr_carea' id='block_1_55' title="bbox 484 5371 2061 5441">
    <p class='ocr_par' dir='ltr' id='par_1_55' title="bbox 484 5371 2061 5441">
     <span class='ocr_line' id='line_1_55' title="bbox 484 5371 2061 5441; baseline 0.007 -20"><span class='ocrx_word' id='word_1_447' title='bbox 484 5381 536 5422; x_wconf 81' lang='lat' dir='ltr'><strong>et</strong></span> <span class='ocrx_word' id='word_1_448' title='bbox 562 5387 746 5428; x_wconf 88' lang='lat' dir='ltr'><strong>rursus</strong></span> <span class='ocrx_word' id='word_1_449' title='bbox 777 5390 788 5425; x_wconf 93' lang='lat'><strong>:</strong></span> <span class='ocrx_word' id='word_1_450' title='bbox 824 5371 922 5426; x_wconf 83' lang='lat' dir='ltr'><strong>Hic</strong></span> <span class='ocrx_word' id='word_1_451' title='bbox 959 5390 1060 5428; x_wconf 87' lang='lat' dir='ltr'><strong>non</strong></span> <span class='ocrx_word' id='word_1_452' title='bbox 1103 5384 1175 5427; x_wconf 87' lang='lat' dir='ltr'><strong>est</strong></span> <span class='ocrx_word' id='word_1_453' title='bbox 1219 5390 1282 5428; x_wconf 82' lang='lat' dir='ltr'><strong>ea:</strong></span> <span class='ocrx_word' id='word_1_454' title='bbox 1325 5373 1464 5441; x_wconf 82' lang='lat' dir='ltr'><strong>Deo,</strong></span> <span class='ocrx_word' id='word_1_455' title='bbox 1504 5376 1595 5429; x_wconf 87' lang='lat' dir='ltr'><strong>sed</strong></span> <span class='ocrx_word' id='word_1_456' title='bbox 1631 5376 1825 5431; x_wconf 83' lang='lat' dir='ltr'><strong>seducit</strong></span> <span class='ocrx_word' id='word_1_457' title='bbox 1862 5379 2061 5432; x_wconf 85' lang='lat' dir='ltr'><strong>turbam</strong></span> 
     </span>
    </p>
   </div>
   <div class='ocr_carea' id='block_1_56' title="bbox 485 5462 2060 5542">
    <p class='ocr_par' dir='ltr' id='par_1_56' title="bbox 485 5462 2060 5542">
     <span class='ocr_line' id='line_1_56' title="bbox 485 5462 2060 5542; baseline 0.008 -27"><span class='ocrx_word' id='word_1_458' title='bbox 485 5462 661 5531; x_wconf 83' lang='lat' dir='ltr'><strong>(Joan.</strong></span> <span class='ocrx_word' id='word_1_459' title='bbox 692 5465 742 5519; x_wconf 88' lang='lat'><strong>7.</strong></span> <span class='ocrx_word' id='word_1_460' title='bbox 775 5467 886 5534; x_wconf 72' lang='grc' dir='ltr'><strong>η).</strong></span> <span class='ocrx_word' id='word_1_461' title='bbox 918 5467 1015 5522; x_wconf 90' lang='lat' dir='ltr'><strong>llic</strong></span> <span class='ocrx_word' id='word_1_462' title='bbox 1037 5477 1212 5522; x_wconf 89' lang='lat' dir='ltr'><strong>tamen</strong></span> <span class='ocrx_word' id='word_1_463' title='bbox 1245 5468 1557 5536; x_wconf 88' lang='lat' dir='ltr'><strong>reprobatus</strong></span> <span class='ocrx_word' id='word_1_464' title='bbox 1583 5469 1716 5526; x_wconf 90' lang='lat' dir='ltr'><strong>adeo</strong></span> <span class='ocrx_word' id='word_1_465' title='bbox 1745 5473 1941 5542; x_wconf 87' lang='lat' dir='ltr'><strong>probus</strong></span> <span class='ocrx_word' id='word_1_466' title='bbox 1965 5488 2060 5542; x_wconf 86' lang='lat' dir='ltr'><strong>ap-</strong></span> 
     </span>
    </p>
   </div>
   <div class='ocr_carea' id='block_1_57' title="bbox 484 5556 2057 5633">
    <p class='ocr_par' dir='ltr' id='par_1_57' title="bbox 484 5556 2057 5633">
     <span class='ocr_line' id='line_1_57' title="bbox 484 5556 2057 5633; baseline 0.008 -25"><span class='ocrx_word' id='word_1_467' title='bbox 484 5556 674 5624; x_wconf 81' lang='lat' dir='ltr'><strong>paruit,</strong></span> <span class='ocrx_word' id='word_1_468' title='bbox 704 5567 762 5610; x_wconf 92' lang='lat' dir='ltr'><strong>ut</strong></span> <span class='ocrx_word' id='word_1_469' title='bbox 801 5559 952 5614; x_wconf 80' lang='lat' dir='ltr'><strong>ﬁeret</strong></span> <span class='ocrx_word' id='word_1_470' title='bbox 989 5569 1146 5629; x_wconf 88' lang='lat' dir='ltr'><strong>caput</strong></span> <span class='ocrx_word' id='word_1_471' title='bbox 1172 5561 1370 5631; x_wconf 88' lang='lat' dir='ltr'><strong>anguli.</strong></span> <span class='ocrx_word' id='word_1_472' title='bbox 1401 5561 1516 5616; x_wconf 87' lang='lat' dir='ltr'><strong>Non</strong></span> <span class='ocrx_word' id='word_1_473' title='bbox 1546 5562 1686 5616; x_wconf 90' lang='lat' dir='ltr'><strong>enim</strong></span> <span class='ocrx_word' id='word_1_474' title='bbox 1716 5578 1889 5618; x_wconf 77' lang='lat' dir='ltr'><strong>omnis</strong></span> <span class='ocrx_word' id='word_1_475' title='bbox 1924 5563 2057 5633; x_wconf 89' lang='lat' dir='ltr'><strong>lapis</strong></span> 
     </span>
    </p>
   </div>
   <div class='ocr_carea' id='block_1_58' title="bbox 481 5649 2056 5723">
    <p class='ocr_par' dir='ltr' id='par_1_58' title="bbox 481 5649 2056 5723">
     <span class='ocr_line' id='line_1_58' title="bbox 481 5649 2056 5723; baseline 0.008 -22"><span class='ocrx_word' id='word_1_476' title='bbox 481 5657 635 5716; x_wconf 86' lang='lat' dir='ltr'><strong>aptus</strong></span> <span class='ocrx_word' id='word_1_477' title='bbox 660 5658 741 5702; x_wconf 91' lang='lat' dir='ltr'><strong>est</strong></span> <span class='ocrx_word' id='word_1_478' title='bbox 767 5649 832 5702; x_wconf 86' lang='lat' dir='ltr'><strong>ad</strong></span> <span class='ocrx_word' id='word_1_479' title='bbox 862 5653 1106 5721; x_wconf 85' lang='lat' dir='ltr'><strong>angulum</strong></span> <span class='ocrx_word' id='word_1_480' title='bbox 1129 5693 1144 5718; x_wconf 96' lang='lat'><strong>,</strong></span> <span class='ocrx_word' id='word_1_481' title='bbox 1185 5653 1277 5707; x_wconf 88' lang='lat' dir='ltr'><strong>sed</strong></span> <span class='ocrx_word' id='word_1_482' title='bbox 1307 5655 1392 5723; x_wconf 89' lang='lat' dir='ltr'><strong>qui</strong></span> <span class='ocrx_word' id='word_1_483' title='bbox 1420 5662 1502 5708; x_wconf 90' lang='lat' dir='ltr'><strong>est</strong></span> <span class='ocrx_word' id='word_1_484' title='bbox 1531 5653 1930 5723; x_wconf 91' lang='lat' dir='ltr'><strong>probatissimus</strong></span> <span class='ocrx_word' id='word_1_485' title='bbox 1955 5700 1969 5721; x_wconf 94' lang='lat'><strong>,</strong></span> <span class='ocrx_word' id='word_1_486' title='bbox 2001 5667 2056 5713; x_wconf 91' lang='lat' dir='ltr'><strong>et</strong></span> 
     </span>
    </p>
   </div>
   <div class='ocr_carea' id='block_1_59' title="bbox 481 5743 2053 5818">
    <p class='ocr_par' dir='ltr' id='par_1_59' title="bbox 481 5743 2053 5818">
     <span class='ocr_line' id='line_1_59' title="bbox 481 5743 2053 5818; baseline 0.011 -31"><span class='ocrx_word' id='word_1_487' title='bbox 481 5749 652 5808; x_wconf 82' lang='lat' dir='ltr'><strong>potest</strong></span> <span class='ocrx_word' id='word_1_488' title='bbox 680 5754 864 5793; x_wconf 74' lang='lat' dir='ltr'><strong>mures</strong></span> <span class='ocrx_word' id='word_1_489' title='bbox 889 5743 1149 5798; x_wconf 80' lang='lat' dir='ltr'><strong>revincire</strong></span> <span class='ocrx_word' id='word_1_490' title='bbox 1179 5758 1242 5798; x_wconf 85' lang='lat' dir='ltr'><strong>ex</strong></span> <span class='ocrx_word' id='word_1_491' title='bbox 1269 5751 1491 5816; x_wconf 89' lang='lat' dir='ltr'><strong>utroque</strong></span> <span class='ocrx_word' id='word_1_492' title='bbox 1517 5745 1700 5801; x_wconf 84' lang='lat' dir='ltr'><strong>latere.</strong></span> <span class='ocrx_word' id='word_1_493' title='bbox 1746 5745 1897 5814; x_wconf 85' lang='lat' dir='ltr'><strong>Quod</strong></span> <span class='ocrx_word' id='word_1_494' title='bbox 1927 5762 2053 5818; x_wconf 75' lang='lat' dir='ltr'><strong>ergo</strong></span> 
     </span>
    </p>
   </div>
   <div class='ocr_carea' id='block_1_60' title="bbox 543 5836 1049 5897">
    <p class='ocr_par' dir='ltr' id='par_1_60' title="bbox 543 5836 1049 5897">
     <span class='ocr_line' id='line_1_60' title="bbox 543 5836 1049 5897; baseline 0.006 -10"><span class='ocrx_word' id='word_1_495' title='bbox 543 5842 558 5872; x_wconf 80' lang='grc' dir='ltr'>ι</span> <span class='ocrx_word' id='word_1_496' title='bbox 592 5836 755 5897; x_wconf 71' lang='lat' dir='ltr'><strong>Savin</strong></span> <span class='ocrx_word' id='word_1_497' title='bbox 777 5843 824 5889; x_wconf 79' lang='grc' dir='ltr'>α</span> <span class='ocrx_word' id='word_1_498' title='bbox 845 5841 1049 5890; x_wconf 61' lang='lat' dir='ltr'><strong>vocatus.</strong></span> 
     </span>
    </p>
   </div>
   <div class='ocr_carea' id='block_1_61' title="bbox 1195 400 3008 477">
    <p class='ocr_par' dir='ltr' id='par_1_61' title="bbox 1195 400 3008 477">
     <span class='ocr_line' id='line_1_61' title="bbox 1195 400 3008 477; baseline -0.006 0"><span class='ocrx_word' id='word_1_499' title='bbox 1195 420 1254 477; x_wconf 88' lang='lat' dir='ltr'><strong>S.</strong></span> <span class='ocrx_word' id='word_1_500' title='bbox 1291 417 1567 476; x_wconf 79' lang='lat' dir='ltr'><strong>JOANNlS</strong></span> <span class='ocrx_word' id='word_1_501' title='bbox 1602 400 2092 472; x_wconf 52' lang='lat' dir='ltr'><strong>CHRYSOS&#39;I&#39;OMI&#39;</strong></span> <span class='ocrx_word' id='word_1_502' title='bbox 2119 407 2434 466; x_wconf 81' lang='lat' dir='ltr'><strong>ARCHIEP.</strong></span> <span class='ocrx_word' id='word_1_503' title='bbox 2474 410 3008 469; x_wconf 74' lang='lat' dir='ltr'><strong>CONSTANTINOP.</strong></span> 
     </span>
    </p>
   </div>
   <div class='ocr_carea' id='block_1_62' title="bbox 3651 417 3751 475">
    <p class='ocr_par' dir='ltr' id='par_1_62' title="bbox 3651 417 3751 475">
     <span class='ocr_line' id='line_1_62' title="bbox 3651 417 3751 475; baseline 0 0"><span class='ocrx_word' id='word_1_504' title='bbox 3651 417 3751 475; x_wconf 76' lang='lat'><strong>336</strong></span> 
     </span>
    </p>
   </div>
   <div class='ocr_carea' id='block_1_63' title="bbox 2169 521 3750 606">
    <p class='ocr_par' dir='ltr' id='par_1_63' title="bbox 2169 521 3750 606">
     <span class='ocr_line' id='line_1_63' title="bbox 2169 521 3750 606; baseline 0.007 -31"><span class='ocrx_word' id='word_1_505' title='bbox 2169 521 2297 578; x_wconf 92' lang='lat' dir='ltr'><strong>dicit</strong></span> <span class='ocrx_word' id='word_1_506' title='bbox 2327 526 2602 595; x_wconf 82' lang='lat' dir='ltr'><strong>prepheta,</strong></span> <span class='ocrx_word' id='word_1_507' title='bbox 2630 527 2732 581; x_wconf 89' lang='lat' dir='ltr'><strong>tale</strong></span> <span class='ocrx_word' id='word_1_508' title='bbox 2755 537 2839 584; x_wconf 90' lang='lat' dir='ltr'><strong>est</strong></span> <span class='ocrx_word' id='word_1_509' title='bbox 2868 545 2882 583; x_wconf 92' lang='lat'><strong>:</strong></span> <span class='ocrx_word' id='word_1_510' title='bbox 2910 527 3010 597; x_wconf 89' lang='lat' dir='ltr'><strong>Qui</strong></span> <span class='ocrx_word' id='word_1_511' title='bbox 3030 535 3112 584; x_wconf 88' lang='lat' dir='ltr'><strong>est</strong></span> <span class='ocrx_word' id='word_1_512' title='bbox 3138 543 3170 583; x_wconf 87' lang='lat' dir='ltr'><strong>a</strong></span> <span class='ocrx_word' id='word_1_513' title='bbox 3189 527 3389 585; x_wconf 69' lang='lat' dir='ltr'><strong>Iudaeis</strong></span> <span class='ocrx_word' id='word_1_514' title='bbox 3413 531 3750 606; x_wconf 76' lang='lat' dir='ltr'><strong>reprobatus,</strong></span> 
     </span>
    </p>
   </div>
   <div class='ocr_carea' id='block_1_64' title="bbox 2169 615 3750 689">
    <p class='ocr_par' dir='ltr' id='par_1_64' title="bbox 2169 615 3750 689">
     <span class='ocr_line' id='line_1_64' title="bbox 2169 615 3750 689; baseline 0.009 -22"><span class='ocrx_word' id='word_1_515' title='bbox 2169 622 2221 668; x_wconf 89' lang='lat' dir='ltr'><strong>et</strong></span> <span class='ocrx_word' id='word_1_516' title='bbox 2246 628 2342 683; x_wconf 90' lang='lat' dir='ltr'><strong>pro</strong></span> <span class='ocrx_word' id='word_1_517' title='bbox 2371 615 2538 670; x_wconf 88' lang='lat' dir='ltr'><strong>nihilo</strong></span> <span class='ocrx_word' id='word_1_518' title='bbox 2565 615 2796 682; x_wconf 88' lang='lat' dir='ltr'><strong>habitus,</strong></span> <span class='ocrx_word' id='word_1_519' title='bbox 2821 618 3067 688; x_wconf 87' lang='lat' dir='ltr'><strong>apparuit</strong></span> <span class='ocrx_word' id='word_1_520' title='bbox 3091 617 3228 675; x_wconf 87' lang='lat' dir='ltr'><strong>adeo</strong></span> <span class='ocrx_word' id='word_1_521' title='bbox 3255 620 3537 689; x_wconf 86' lang='lat' dir='ltr'><strong>mirabilis,</strong></span> <span class='ocrx_word' id='word_1_522' title='bbox 3567 633 3626 679; x_wconf 90' lang='lat' dir='ltr'><strong>ut</strong></span> <span class='ocrx_word' id='word_1_523' title='bbox 3650 641 3750 682; x_wconf 88' lang='lat' dir='ltr'><strong>non</strong></span> 
     </span>
    </p>
   </div>
   <div class='ocr_carea' id='block_1_65' title="bbox 2170 706 3755 786">
    <p class='ocr_par' dir='ltr' id='par_1_65' title="bbox 2170 706 3755 786">
     <span class='ocr_line' id='line_1_65' title="bbox 2170 706 3755 786; baseline 0.009 -27"><span class='ocrx_word' id='word_1_524' title='bbox 2170 706 2342 760; x_wconf 91' lang='lat' dir='ltr'><strong>solum</strong></span> <span class='ocrx_word' id='word_1_525' title='bbox 2370 718 2680 764; x_wconf 85' lang='lat' dir='ltr'><strong>contexeret</strong></span> <span class='ocrx_word' id='word_1_526' title='bbox 2715 709 3004 764; x_wconf 84' lang='lat' dir='ltr'><strong>aedilicium</strong></span> <span class='ocrx_word' id='word_1_527' title='bbox 3022 751 3035 775; x_wconf 91' lang='lat'><strong>,</strong></span> <span class='ocrx_word' id='word_1_528' title='bbox 3063 712 3156 766; x_wconf 91' lang='lat' dir='ltr'><strong>sed</strong></span> <span class='ocrx_word' id='word_1_529' title='bbox 3181 713 3316 768; x_wconf 87' lang='lat' dir='ltr'><strong>duos</strong></span> <span class='ocrx_word' id='word_1_530' title='bbox 3337 715 3498 770; x_wconf 89' lang='lat' dir='ltr'><strong>etiam</strong></span> <span class='ocrx_word' id='word_1_531' title='bbox 3526 719 3755 786; x_wconf 88' lang='lat' dir='ltr'><strong>parietes</strong></span> 
     </span>
    </p>
   </div>
   <div class='ocr_carea' id='block_1_66' title="bbox 2170 797 3754 876">
    <p class='ocr_par' dir='ltr' id='par_1_66' title="bbox 2170 797 3754 876">
     <span class='ocr_line' id='line_1_66' title="bbox 2170 797 3754 876; baseline 0.01 -27"><span class='ocrx_word' id='word_1_532' title='bbox 2170 797 2517 867; x_wconf 88' lang='lat' dir='ltr'><strong>conjungeret</strong></span> <span class='ocrx_word' id='word_1_533' title='bbox 2544 814 2606 854; x_wconf 91' lang='lat' dir='ltr'><strong>ac</strong></span> <span class='ocrx_word' id='word_1_534' title='bbox 2631 801 2934 856; x_wconf 79' lang='lat' dir='ltr'><strong>revinciret.</strong></span> <span class='ocrx_word' id='word_1_535' title='bbox 2955 802 3101 868; x_wconf 88' lang='lat' dir='ltr'><strong>Quos</strong></span> <span class='ocrx_word' id='word_1_536' title='bbox 3124 803 3338 860; x_wconf 89' lang='lat' dir='ltr'><strong>tandem</strong></span> <span class='ocrx_word' id='word_1_537' title='bbox 3371 806 3637 876; x_wconf 82' lang='lat' dir='ltr'><strong>parietes?</strong></span> <span class='ocrx_word' id='word_1_538' title='bbox 3665 810 3754 866; x_wconf 81' lang='lat' dir='ltr'><strong>Ju-</strong></span> 
     </span>
    </p>
   </div>
   <div class='ocr_carea' id='block_1_67' title="bbox 2170 887 3749 969">
    <p class='ocr_par' dir='ltr' id='par_1_67' title="bbox 2170 887 3749 969">
     <span class='ocr_line' id='line_1_67' title="bbox 2170 887 3749 969; baseline 0.011 -27"><span class='ocrx_word' id='word_1_539' title='bbox 2170 887 2318 944; x_wconf 83' lang='lat' dir='ltr'><strong>daeos</strong></span> <span class='ocrx_word' id='word_1_540' title='bbox 2362 891 2586 956; x_wconf 88' lang='lat' dir='ltr'><strong>scilicet,</strong></span> <span class='ocrx_word' id='word_1_541' title='bbox 2617 900 2672 948; x_wconf 88' lang='lat' dir='ltr'><strong>et</strong></span> <span class='ocrx_word' id='word_1_542' title='bbox 2721 908 2815 948; x_wconf 90' lang='lat' dir='ltr'><strong>eos</strong></span> <span class='ocrx_word' id='word_1_543' title='bbox 2865 894 2956 963; x_wconf 90' lang='lat' dir='ltr'><strong>qui</strong></span> <span class='ocrx_word' id='word_1_544' title='bbox 3001 896 3289 951; x_wconf 89' lang='lat' dir='ltr'><strong>credebant</strong></span> <span class='ocrx_word' id='word_1_545' title='bbox 3343 913 3409 953; x_wconf 83' lang='lat' dir='ltr'><strong>ex</strong></span> <span class='ocrx_word' id='word_1_546' title='bbox 3459 901 3749 969; x_wconf 88' lang='lat' dir='ltr'><strong>gentibus:</strong></span> 
     </span>
    </p>
   </div>
   <div class='ocr_carea' id='block_1_68' title="bbox 2171 982 3754 1064">
    <p class='ocr_par' dir='ltr' id='par_1_68' title="bbox 2171 982 3754 1064">
     <span class='ocr_line' id='line_1_68' title="bbox 2171 982 3754 1064; baseline 0.011 -31"><span class='ocrx_word' id='word_1_547' title='bbox 2171 982 2615 1051; x_wconf 89' lang='lat' dir='ltr'><strong>quemadmodum</strong></span> <span class='ocrx_word' id='word_1_548' title='bbox 2639 984 2833 1040; x_wconf 87' lang='lat' dir='ltr'><strong>Paulus</strong></span> <span class='ocrx_word' id='word_1_549' title='bbox 2851 1001 3062 1057; x_wconf 88' lang='lat' dir='ltr'><strong>quoque</strong></span> <span class='ocrx_word' id='word_1_550' title='bbox 3080 987 3246 1044; x_wconf 83' lang='lat' dir='ltr'><strong>dicit:</strong></span> <span class='ocrx_word' id='word_1_551' title='bbox 3267 989 3387 1060; x_wconf 85' lang='lat' dir='ltr'><strong>Ipse</strong></span> <span class='ocrx_word' id='word_1_552' title='bbox 3407 994 3539 1047; x_wconf 88' lang='lat' dir='ltr'><strong>enim</strong></span> <span class='ocrx_word' id='word_1_553' title='bbox 3559 1004 3635 1048; x_wconf 89' lang='lat' dir='ltr'><strong>est</strong></span> <span class='ocrx_word' id='word_1_554' title='bbox 3656 1013 3754 1064; x_wconf 73' lang='lat' dir='ltr'><strong>pas</strong></span> 
     </span>
    </p>
   </div>
   <div class='ocr_carea' id='block_1_69' title="bbox 2171 1077 3750 1152">
    <p class='ocr_par' dir='ltr' id='par_1_69' title="bbox 2171 1077 3750 1152">
     <span class='ocr_line' id='line_1_69' title="bbox 2171 1077 3750 1152; baseline 0.01 -26"><span class='ocrx_word' id='word_1_555' title='bbox 2171 1084 2360 1137; x_wconf 89' lang='lat' dir='ltr'><strong>nostra,</strong></span> <span class='ocrx_word' id='word_1_556' title='bbox 2393 1077 2480 1147; x_wconf 87' lang='lat' dir='ltr'><strong>qui</strong></span> <span class='ocrx_word' id='word_1_557' title='bbox 2503 1078 2619 1147; x_wconf 82' lang='lat' dir='ltr'><strong>fecit</strong></span> <span class='ocrx_word' id='word_1_558' title='bbox 2642 1089 2850 1148; x_wconf 86' lang='lat' dir='ltr'><strong>utraque</strong></span> <span class='ocrx_word' id='word_1_559' title='bbox 2874 1096 3050 1146; x_wconf 90' lang='lat' dir='ltr'><strong>unum,</strong></span> <span class='ocrx_word' id='word_1_560' title='bbox 3070 1091 3116 1134; x_wconf 89' lang='lat' dir='ltr'><strong>et</strong></span> <span class='ocrx_word' id='word_1_561' title='bbox 3140 1083 3272 1150; x_wconf 72' lang='lat' dir='ltr'><strong>scpis</strong></span> <span class='ocrx_word' id='word_1_562' title='bbox 3291 1085 3436 1138; x_wconf 85' lang='lat' dir='ltr'><strong>soluit</strong></span> <span class='ocrx_word' id='word_1_563' title='bbox 3463 1089 3750 1152; x_wconf 85' lang='lat' dir='ltr'><strong>maceriam,</strong></span> 
     </span>
    </p>
   </div>
   <div class='ocr_carea' id='block_1_70' title="bbox 2172 1168 3754 1248">
    <p class='ocr_par' dir='ltr' id='par_1_70' title="bbox 2172 1168 3754 1248">
     <span class='ocr_line' id='line_1_70' title="bbox 2172 1168 3754 1248; baseline 0.009 -28"><span class='ocrx_word' id='word_1_564' title='bbox 2172 1168 2462 1223; x_wconf 85' lang='lat' dir='ltr'><strong>inimicitias</strong></span> <span class='ocrx_word' id='word_1_565' title='bbox 2488 1171 2542 1224; x_wconf 89' lang='lat' dir='ltr'><strong>in</strong></span> <span class='ocrx_word' id='word_1_566' title='bbox 2565 1187 2716 1225; x_wconf 89' lang='lat' dir='ltr'><strong>carne</strong></span> <span class='ocrx_word' id='word_1_567' title='bbox 2743 1188 2855 1233; x_wconf 82' lang='lat' dir='ltr'><strong>sua,</strong></span> <span class='ocrx_word' id='word_1_568' title='bbox 2884 1173 3043 1243; x_wconf 81' lang='lat' dir='ltr'><strong>legem</strong></span> <span class='ocrx_word' id='word_1_569' title='bbox 3067 1175 3439 1244; x_wconf 72' lang='lat' dir='ltr'><strong>mandatorum,</strong></span> <span class='ocrx_word' id='word_1_570' title='bbox 3471 1195 3586 1248; x_wconf 61' lang='lat' dir='ltr'><strong>quae</strong></span> <span class='ocrx_word' id='word_1_571' title='bbox 3609 1189 3680 1233; x_wconf 83' lang='lat' dir='ltr'><strong>est</strong></span> <span class='ocrx_word' id='word_1_572' title='bbox 3703 1182 3754 1233; x_wconf 84' lang='lat' dir='ltr'><strong>in</strong></span> 
     </span>
    </p>
   </div>
   <div class='ocr_carea' id='block_1_71' title="bbox 2172 1258 3755 1332">
    <p class='ocr_par' dir='ltr' id='par_1_71' title="bbox 2172 1258 3755 1332">
     <span class='ocr_line' id='line_1_71' title="bbox 2172 1258 3755 1332; baseline 0.009 -21"><span class='ocrx_word' id='word_1_573' title='bbox 2172 1258 2402 1326; x_wconf 82' lang='lat' dir='ltr'><strong>decretis,</strong></span> <span class='ocrx_word' id='word_1_574' title='bbox 2424 1261 2626 1315; x_wconf 85' lang='lat' dir='ltr'><strong>abolens</strong></span> <span class='ocrx_word' id='word_1_575' title='bbox 2652 1278 2671 1314; x_wconf 87' lang='lat'><strong><em>:</em></strong></span> <span class='ocrx_word' id='word_1_576' title='bbox 2690 1272 2743 1315; x_wconf 88' lang='lat' dir='ltr'><strong>ut</strong></span> <span class='ocrx_word' id='word_1_577' title='bbox 2766 1263 2849 1332; x_wconf 82' lang='lat' dir='ltr'><strong>qui</strong></span> <span class='ocrx_word' id='word_1_578' title='bbox 2879 1262 2978 1316; x_wconf 88' lang='lat' dir='ltr'><strong>duo</strong></span> <span class='ocrx_word' id='word_1_579' title='bbox 3004 1274 3166 1332; x_wconf 79' lang='lat' dir='ltr'><strong>erant,</strong></span> <span class='ocrx_word' id='word_1_580' title='bbox 3184 1279 3489 1323; x_wconf 85' lang='lat' dir='ltr'><strong>construeret</strong></span> <span class='ocrx_word' id='word_1_581' title='bbox 3519 1272 3574 1324; x_wconf 80' lang='lat' dir='ltr'><strong>in</strong></span> <span class='ocrx_word' id='word_1_582' title='bbox 3604 1289 3755 1325; x_wconf 78' lang='lat' dir='ltr'><strong>unum</strong></span> 
     </span>
    </p>
   </div>
   <div class='ocr_carea' id='block_1_72' title="bbox 2172 1350 3756 1430">
    <p class='ocr_par' dir='ltr' id='par_1_72' title="bbox 2172 1350 3756 1430">
     <span class='ocr_line' id='line_1_72' title="bbox 2172 1350 3756 1430; baseline 0.01 -30"><span class='ocrx_word' id='word_1_583' title='bbox 2172 1363 2352 1401; x_wconf 79' lang='lat' dir='ltr'><strong>nouum</strong></span> <span class='ocrx_word' id='word_1_584' title='bbox 2380 1350 2631 1404; x_wconf 84' lang='lat' dir='ltr'><strong>hominem</strong></span> <span class='ocrx_word' id='word_1_585' title='bbox 2656 1351 2868 1420; x_wconf 85' lang='lat' dir='ltr'><strong>(Ephes.</strong></span> <span class='ocrx_word' id='word_1_586' title='bbox 2895 1352 2949 1406; x_wconf 75' lang='grc' dir='ltr'><strong>Ξ.</strong></span> <span class='ocrx_word' id='word_1_587' title='bbox 2979 1354 3060 1408; x_wconf 74' lang='grc'><strong>14.</strong></span> <span class='ocrx_word' id='word_1_588' title='bbox 3087 1355 3198 1425; x_wconf 84' lang='grc'><strong>15).</strong></span> <span class='ocrx_word' id='word_1_589' title='bbox 3227 1356 3296 1410; x_wconf 84' lang='lat' dir='ltr'><strong>Et</strong></span> <span class='ocrx_word' id='word_1_590' title='bbox 3324 1373 3510 1414; x_wconf 90' lang='lat' dir='ltr'><strong>rursus</strong></span> <span class='ocrx_word' id='word_1_591' title='bbox 3529 1359 3756 1430; x_wconf 73' lang='lat' dir='ltr'><strong>:Super-</strong></span> 
     </span>
    </p>
   </div>
   <div class='ocr_carea' id='block_1_73' title="bbox 2172 1438 3752 1521">
    <p class='ocr_par' dir='ltr' id='par_1_73' title="bbox 2172 1438 3752 1521">
     <span class='ocr_line' id='line_1_73' title="bbox 2172 1438 3752 1521; baseline 0.009 -31"><span class='ocrx_word' id='word_1_592' title='bbox 2172 1438 2413 1507; x_wconf 75' lang='lat' dir='ltr'><strong>a&#39;diﬁcatt&#39;</strong></span> <span class='ocrx_word' id='word_1_593' title='bbox 2438 1456 2590 1507; x_wconf 79' lang='lat' dir='ltr'><strong>super</strong></span> <span class='ocrx_word' id='word_1_594' title='bbox 2613 1441 2996 1510; x_wconf 76' lang='lat' dir='ltr'><strong>fundamentum</strong></span> <span class='ocrx_word' id='word_1_595' title='bbox 3023 1447 3369 1512; x_wconf 83' lang='lat' dir='ltr'><strong>apostolorum</strong></span> <span class='ocrx_word' id='word_1_596' title='bbox 3401 1459 3448 1502; x_wconf 88' lang='lat' dir='ltr'><strong>et</strong></span> <span class='ocrx_word' id='word_1_597' title='bbox 3478 1452 3752 1521; x_wconf 82' lang='lat' dir='ltr'><strong>propheta-</strong></span> 
     </span>
    </p>
   </div>
   <div class='ocr_carea' id='block_1_74' title="bbox 2172 1531 3750 1613">
    <p class='ocr_par' dir='ltr' id='par_1_74' title="bbox 2172 1531 3750 1613">
     <span class='ocr_line' id='line_1_74' title="bbox 2172 1531 3750 1613; baseline 0.011 -33"><span class='ocrx_word' id='word_1_598' title='bbox 2172 1545 2303 1588; x_wconf 84' lang='lat' dir='ltr'><strong>rum.</strong></span> <span class='ocrx_word' id='word_1_599' title='bbox 2333 1531 2443 1600; x_wconf 89' lang='lat' dir='ltr'><strong>ipso</strong></span> <span class='ocrx_word' id='word_1_600' title='bbox 2467 1548 2663 1586; x_wconf 88' lang='lat' dir='ltr'><strong>summa</strong></span> <span class='ocrx_word' id='word_1_601' title='bbox 2691 1536 2926 1604; x_wconf 87' lang='lat' dir='ltr'><strong>angulari</strong></span> <span class='ocrx_word' id='word_1_602' title='bbox 2955 1535 3124 1606; x_wconf 89' lang='lat' dir='ltr'><strong>lapide</strong></span> <span class='ocrx_word' id='word_1_603' title='bbox 3151 1537 3349 1593; x_wconf 87' lang='lat' dir='ltr'><strong>Christo</strong></span> <span class='ocrx_word' id='word_1_604' title='bbox 3380 1541 3508 1596; x_wconf 80' lang='lat' dir='ltr'><strong>Jesu.</strong></span> <span class='ocrx_word' id='word_1_605' title='bbox 3537 1543 3750 1613; x_wconf 80' lang='lat' dir='ltr'><strong>(Ephes.</strong></span> 
     </span>
    </p>
   </div>
   <div class='ocr_carea' id='block_1_75' title="bbox 2171 1618 3754 1694">
    <p class='ocr_par' dir='ltr' id='par_1_75' title="bbox 2171 1618 3754 1694">
     <span class='ocr_line' id='line_1_75' title="bbox 2171 1618 3754 1694; baseline 0.009 -21"><span class='ocrx_word' id='word_1_606' title='bbox 2171 1618 2224 1673; x_wconf 72' lang='lat'><strong>2.</strong></span> <span class='ocrx_word' id='word_1_607' title='bbox 2258 1619 2371 1689; x_wconf 71' lang='lat'><strong>20).</strong></span> <span class='ocrx_word' id='word_1_608' title='bbox 2398 1620 2498 1674; x_wconf 88' lang='lat' dir='ltr'><strong>Per</strong></span> <span class='ocrx_word' id='word_1_609' title='bbox 2528 1621 2629 1676; x_wconf 91' lang='lat' dir='ltr'><strong>hoc</strong></span> <span class='ocrx_word' id='word_1_610' title='bbox 2652 1632 2829 1678; x_wconf 90' lang='lat' dir='ltr'><strong>autem</strong></span> <span class='ocrx_word' id='word_1_611' title='bbox 2851 1625 2991 1694; x_wconf 90' lang='lat' dir='ltr'><strong>quod</strong></span> <span class='ocrx_word' id='word_1_612' title='bbox 3019 1627 3216 1682; x_wconf 91' lang='lat' dir='ltr'><strong>dictum</strong></span> <span class='ocrx_word' id='word_1_613' title='bbox 3239 1639 3319 1683; x_wconf 84' lang='lat' dir='ltr'><strong>est</strong></span> <span class='ocrx_word' id='word_1_614' title='bbox 3347 1634 3579 1688; x_wconf 87' lang='lat' dir='ltr'><strong>maxime</strong></span> <span class='ocrx_word' id='word_1_615' title='bbox 3602 1649 3754 1690; x_wconf 73' lang='lat' dir='ltr'><strong>accu-</strong></span> 
     </span>
    </p>
   </div>
   <div class='ocr_carea' id='block_1_76' title="bbox 2173 1713 3754 1796">
    <p class='ocr_par' dir='ltr' id='par_1_76' title="bbox 2173 1713 3754 1796">
     <span class='ocr_line' id='line_1_76' title="bbox 2173 1713 3754 1796; baseline 0.011 -31"><span class='ocrx_word' id='word_1_616' title='bbox 2173 1721 2356 1766; x_wconf 88' lang='lat' dir='ltr'><strong>santur</strong></span> <span class='ocrx_word' id='word_1_617' title='bbox 2381 1713 2549 1769; x_wconf 72' lang='lat' dir='ltr'><strong>Judtei</strong></span> <span class='ocrx_word' id='word_1_618' title='bbox 2568 1757 2584 1783; x_wconf 93' lang='lat'><strong>,</strong></span> <span class='ocrx_word' id='word_1_619' title='bbox 2613 1717 2752 1785; x_wconf 92' lang='lat' dir='ltr'><strong>quod</strong></span> <span class='ocrx_word' id='word_1_620' title='bbox 2778 1731 2900 1771; x_wconf 90' lang='lat' dir='ltr'><strong>cum</strong></span> <span class='ocrx_word' id='word_1_621' title='bbox 2929 1719 3254 1776; x_wconf 72' lang='lat' dir='ltr'><strong>tediliearent</strong></span> <span class='ocrx_word' id='word_1_622' title='bbox 3272 1763 3287 1787; x_wconf 94' lang='lat'><strong>,</strong></span> <span class='ocrx_word' id='word_1_623' title='bbox 3318 1735 3500 1793; x_wconf 88' lang='lat' dir='ltr'><strong>aptum</strong></span> <span class='ocrx_word' id='word_1_624' title='bbox 3531 1726 3754 1796; x_wconf 87' lang='lat' dir='ltr'><strong>lapidem</strong></span> 
     </span>
    </p>
   </div>
   <div class='ocr_carea' id='block_1_77' title="bbox 2173 1804 3756 1888">
    <p class='ocr_par' dir='ltr' id='par_1_77' title="bbox 2173 1804 3756 1888">
     <span class='ocr_line' id='line_1_77' title="bbox 2173 1804 3756 1888; baseline 0.013 -32"><span class='ocrx_word' id='word_1_625' title='bbox 2173 1818 2278 1857; x_wconf 92' lang='lat' dir='ltr'><strong>non</strong></span> <span class='ocrx_word' id='word_1_626' title='bbox 2309 1804 2682 1874; x_wconf 85' lang='lat' dir='ltr'><strong>dijudicarunt,</strong></span> <span class='ocrx_word' id='word_1_627' title='bbox 2706 1807 2800 1862; x_wconf 89' lang='lat' dir='ltr'><strong>sed</strong></span> <span class='ocrx_word' id='word_1_628' title='bbox 2828 1823 2949 1864; x_wconf 92' lang='lat' dir='ltr'><strong>eum</strong></span> <span class='ocrx_word' id='word_1_629' title='bbox 2974 1811 3132 1866; x_wconf 91' lang='lat' dir='ltr'><strong>etiam</strong></span> <span class='ocrx_word' id='word_1_630' title='bbox 3155 1821 3214 1866; x_wconf 89' lang='lat' dir='ltr'><strong>ut</strong></span> <span class='ocrx_word' id='word_1_631' title='bbox 3239 1815 3525 1882; x_wconf 88' lang='lat' dir='ltr'><strong>reprobum</strong></span> <span class='ocrx_word' id='word_1_632' title='bbox 3554 1819 3756 1888; x_wconf 76' lang='lat' dir='ltr'><strong>reject:-</strong></span> 
     </span>
    </p>
   </div>
   <div class='ocr_carea' id='block_1_78' title="bbox 2173 1899 3756 1967">
    <p class='ocr_par' dir='ltr' id='par_1_78' title="bbox 2173 1899 3756 1967">
     <span class='ocr_line' id='line_1_78' title="bbox 2173 1899 3756 1967; baseline 0.011 -19"><span class='ocrx_word' id='word_1_633' title='bbox 2173 1904 2314 1961; x_wconf 90' lang='lat' dir='ltr'><strong>runt,</strong></span> <span class='ocrx_word' id='word_1_634' title='bbox 2346 1899 2432 1965; x_wconf 93' lang='lat' dir='ltr'><strong>qui</strong></span> <span class='ocrx_word' id='word_1_635' title='bbox 2459 1907 2666 1967; x_wconf 85' lang='lat' dir='ltr'><strong>poterat</strong></span> <span class='ocrx_word' id='word_1_636' title='bbox 2696 1900 2798 1955; x_wconf 89' lang='lat' dir='ltr'><strong>tale</strong></span> <span class='ocrx_word' id='word_1_637' title='bbox 2825 1901 3107 1958; x_wconf 80' lang='lat' dir='ltr'><strong>aedilicium</strong></span> <span class='ocrx_word' id='word_1_638' title='bbox 3135 1906 3430 1962; x_wconf 88' lang='lat' dir='ltr'><strong>continere.</strong></span> <span class='ocrx_word' id='word_1_639' title='bbox 3463 1908 3521 1963; x_wconf 90' lang='lat' dir='ltr'><strong>Si</strong></span> <span class='ocrx_word' id='word_1_640' title='bbox 3552 1925 3633 1963; x_wconf 87' lang='lat' dir='ltr'><strong>vts</strong></span> <span class='ocrx_word' id='word_1_641' title='bbox 3660 1925 3756 1964; x_wconf 87' lang='lat' dir='ltr'><strong>au-</strong></span> 
     </span>
    </p>
   </div>
   <div class='ocr_carea' id='block_1_79' title="bbox 2174 1988 3758 2069">
    <p class='ocr_par' dir='ltr' id='par_1_79' title="bbox 2174 1988 3758 2069">
     <span class='ocr_line' id='line_1_79' title="bbox 2174 1988 3758 2069; baseline 0.009 -28"><span class='ocrx_word' id='word_1_642' title='bbox 2174 1997 2281 2042; x_wconf 91' lang='lat' dir='ltr'><strong>tem</strong></span> <span class='ocrx_word' id='word_1_643' title='bbox 2325 1988 2463 2042; x_wconf 88' lang='lat' dir='ltr'><strong>scire</strong></span> <span class='ocrx_word' id='word_1_644' title='bbox 2505 1990 2718 2058; x_wconf 89' lang='lat' dir='ltr'><strong>quinam</strong></span> <span class='ocrx_word' id='word_1_645' title='bbox 2762 1991 2869 2046; x_wconf 91' lang='lat' dir='ltr'><strong>sint</strong></span> <span class='ocrx_word' id='word_1_646' title='bbox 2913 1992 2946 2046; x_wconf 90' lang='lat' dir='ltr'><strong>ii</strong></span> <span class='ocrx_word' id='word_1_647' title='bbox 2997 1993 3104 2048; x_wconf 91' lang='lat' dir='ltr'><strong>duo</strong></span> <span class='ocrx_word' id='word_1_648' title='bbox 3144 1996 3407 2064; x_wconf 87' lang='lat' dir='ltr'><strong>parietes,</strong></span> <span class='ocrx_word' id='word_1_649' title='bbox 3435 1999 3558 2053; x_wconf 88' lang='lat' dir='ltr'><strong>audi</strong></span> <span class='ocrx_word' id='word_1_650' title='bbox 3587 2001 3758 2069; x_wconf 79' lang='lat' dir='ltr'><strong>ipsum</strong></span> 
     </span>
    </p>
   </div>
   <div class='ocr_carea' id='block_1_80' title="bbox 2173 2077 3758 2155">
    <p class='ocr_par' dir='ltr' id='par_1_80' title="bbox 2173 2077 3758 2155">
     <span class='ocr_line' id='line_1_80' title="bbox 2173 2077 3758 2155; baseline 0.011 -27"><span class='ocrx_word' id='word_1_651' title='bbox 2173 2093 2382 2148; x_wconf 89' lang='lat' dir='ltr'><strong>quoque</strong></span> <span class='ocrx_word' id='word_1_652' title='bbox 2422 2077 2692 2134; x_wconf 83' lang='lat' dir='ltr'><strong>Christum</strong></span> <span class='ocrx_word' id='word_1_653' title='bbox 2736 2081 2998 2138; x_wconf 90' lang='lat' dir='ltr'><strong>dicentem</strong></span> <span class='ocrx_word' id='word_1_654' title='bbox 3029 2101 3042 2138; x_wconf 89' lang='lat'><strong>:</strong></span> <span class='ocrx_word' id='word_1_655' title='bbox 3073 2085 3215 2139; x_wconf 85' lang='lat' dir='ltr'><strong>Alias</strong></span> <span class='ocrx_word' id='word_1_656' title='bbox 3239 2088 3388 2140; x_wconf 87' lang='lat' dir='ltr'><strong>etiam</strong></span> <span class='ocrx_word' id='word_1_657' title='bbox 3415 2106 3532 2142; x_wconf 87' lang='lat' dir='ltr'><strong>oves</strong></span> <span class='ocrx_word' id='word_1_658' title='bbox 3563 2089 3758 2155; x_wconf 82' lang='lat' dir='ltr'><strong>habeo,</strong></span> 
     </span>
    </p>
   </div>
   <div class='ocr_carea' id='block_1_81' title="bbox 2171 2171 3763 2249">
    <p class='ocr_par' dir='ltr' id='par_1_81' title="bbox 2171 2171 3763 2249">
     <span class='ocr_line' id='line_1_81' title="bbox 2171 2171 3763 2249; baseline 0.008 -27"><span class='ocrx_word' id='word_1_659' title='bbox 2171 2185 2285 2238; x_wconf 62' lang='lat' dir='ltr'><strong>qua</strong></span> <span class='ocrx_word' id='word_1_660' title='bbox 2308 2186 2410 2223; x_wconf 89' lang='lat' dir='ltr'><strong>non</strong></span> <span class='ocrx_word' id='word_1_661' title='bbox 2442 2181 2559 2225; x_wconf 89' lang='lat' dir='ltr'><strong>sunt</strong></span> <span class='ocrx_word' id='word_1_662' title='bbox 2595 2171 2660 2226; x_wconf 85' lang='lat' dir='ltr'><strong>de</strong></span> <span class='ocrx_word' id='word_1_663' title='bbox 2699 2172 2793 2226; x_wconf 89' lang='lat' dir='ltr'><strong>hoc</strong></span> <span class='ocrx_word' id='word_1_664' title='bbox 2826 2175 2976 2241; x_wconf 88' lang='lat' dir='ltr'><strong>ovili,</strong></span> <span class='ocrx_word' id='word_1_665' title='bbox 3009 2185 3055 2229; x_wconf 90' lang='lat' dir='ltr'><strong>et</strong></span> <span class='ocrx_word' id='word_1_666' title='bbox 3083 2193 3163 2230; x_wconf 88' lang='lat' dir='ltr'><strong>me</strong></span> <span class='ocrx_word' id='word_1_667' title='bbox 3207 2178 3323 2232; x_wconf 89' lang='lat' dir='ltr'><strong>illas</strong></span> <span class='ocrx_word' id='word_1_668' title='bbox 3350 2196 3546 2249; x_wconf 86' lang='lat' dir='ltr'><strong>quoque</strong></span> <span class='ocrx_word' id='word_1_669' title='bbox 3582 2181 3763 2235; x_wconf 74' lang='lat' dir='ltr'><strong>ducere</strong></span> 
     </span>
    </p>
   </div>
   <div class='ocr_carea' id='block_1_82' title="bbox 2172 2263 3759 2340">
    <p class='ocr_par' dir='ltr' id='par_1_82' title="bbox 2172 2263 3759 2340">
     <span class='ocr_line' id='line_1_82' title="bbox 2172 2263 3759 2340; baseline 0.008 -26"><span class='ocrx_word' id='word_1_670' title='bbox 2172 2269 2367 2326; x_wconf 82' lang='lat' dir='ltr'><strong>Oportet</strong></span> <span class='ocrx_word' id='word_1_671' title='bbox 2395 2277 2414 2315; x_wconf 89' lang='lat'><strong><em>:</em></strong></span> <span class='ocrx_word' id='word_1_672' title='bbox 2439 2272 2484 2315; x_wconf 86' lang='lat' dir='ltr'><strong>et</strong></span> <span class='ocrx_word' id='word_1_673' title='bbox 2522 2263 2609 2330; x_wconf 81' lang='lat' dir='ltr'><strong>[iet</strong></span> <span class='ocrx_word' id='word_1_674' title='bbox 2652 2281 2808 2317; x_wconf 90' lang='lat' dir='ltr'><strong>unum</strong></span> <span class='ocrx_word' id='word_1_675' title='bbox 2845 2266 3004 2331; x_wconf 79' lang='lat' dir='ltr'><strong>ovile,</strong></span> <span class='ocrx_word' id='word_1_676' title='bbox 3036 2277 3082 2320; x_wconf 81' lang='lat' dir='ltr'><strong>et</strong></span> <span class='ocrx_word' id='word_1_677' title='bbox 3108 2285 3239 2322; x_wconf 88' lang='lat' dir='ltr'><strong>unus</strong></span> <span class='ocrx_word' id='word_1_678' title='bbox 3265 2281 3436 2340; x_wconf 89' lang='lat' dir='ltr'><strong>pastor</strong></span> <span class='ocrx_word' id='word_1_679' title='bbox 3463 2270 3646 2338; x_wconf 83' lang='lat' dir='ltr'><strong>(Joan.</strong></span> <span class='ocrx_word' id='word_1_680' title='bbox 3675 2274 3759 2328; x_wconf 82' lang='lat' dir='ltr'><strong>l0.</strong></span> 
     </span>
    </p>
   </div>
   <div class='ocr_carea' id='block_1_83' title="bbox 2175 2353 3761 2434">
    <p class='ocr_par' dir='ltr' id='par_1_83' title="bbox 2175 2353 3761 2434">
     <span class='ocr_line' id='line_1_83' title="bbox 2175 2353 3761 2434; baseline 0.006 -27"><span class='ocrx_word' id='word_1_681' title='bbox 2175 2353 2285 2424; x_wconf 89' lang='grc'><strong>16).</strong></span> <span class='ocrx_word' id='word_1_682' title='bbox 2312 2353 2426 2408; x_wconf 81' lang='lat' dir='ltr'><strong>[loc</strong></span> <span class='ocrx_word' id='word_1_683' title='bbox 2445 2353 2603 2410; x_wconf 89' lang='lat' dir='ltr'><strong>etiam</strong></span> <span class='ocrx_word' id='word_1_684' title='bbox 2626 2355 2806 2410; x_wconf 89' lang='lat' dir='ltr'><strong>multis</strong></span> <span class='ocrx_word' id='word_1_685' title='bbox 2830 2366 2975 2411; x_wconf 90' lang='lat' dir='ltr'><strong>retro</strong></span> <span class='ocrx_word' id='word_1_686' title='bbox 2999 2359 3209 2414; x_wconf 68' lang='lat' dir='ltr'><strong>swculis</strong></span> <span class='ocrx_word' id='word_1_687' title='bbox 3234 2368 3499 2432; x_wconf 89' lang='lat' dir='ltr'><strong>tamquam</strong></span> <span class='ocrx_word' id='word_1_688' title='bbox 3521 2364 3570 2417; x_wconf 93' lang='lat' dir='ltr'><strong>in</strong></span> <span class='ocrx_word' id='word_1_689' title='bbox 3596 2363 3761 2434; x_wconf 76' lang='lat' dir='ltr'><strong>figura</strong></span> 
     </span>
    </p>
   </div>
   <div class='ocr_carea' id='block_1_84' title="bbox 2174 2447 3760 2524">
    <p class='ocr_par' dir='ltr' id='par_1_84' title="bbox 2174 2447 3760 2524">
     <span class='ocr_line' id='line_1_84' title="bbox 2174 2447 3760 2524; baseline 0.004 -23"><span class='ocrx_word' id='word_1_690' title='bbox 2174 2447 2371 2502; x_wconf 83' lang='lat' dir='ltr'><strong>factum</strong></span> <span class='ocrx_word' id='word_1_691' title='bbox 2409 2456 2512 2501; x_wconf 88' lang='lat' dir='ltr'><strong>est.</strong></span> <span class='ocrx_word' id='word_1_692' title='bbox 2555 2447 2822 2503; x_wconf 89' lang='lat' dir='ltr'><strong>Abraham</strong></span> <span class='ocrx_word' id='word_1_693' title='bbox 2858 2450 2998 2504; x_wconf 89' lang='lat' dir='ltr'><strong>enim</strong></span> <span class='ocrx_word' id='word_1_694' title='bbox 3030 2450 3126 2505; x_wconf 77' lang='lat' dir='ltr'><strong>fuit</strong></span> <span class='ocrx_word' id='word_1_695' title='bbox 3150 2461 3494 2524; x_wconf 89' lang='lat' dir='ltr'><strong>utrorumque</strong></span> <span class='ocrx_word' id='word_1_696' title='bbox 3530 2456 3760 2524; x_wconf 81' lang='lat' dir='ltr'><strong>patriar-</strong></span> 
     </span>
    </p>
   </div>
   <div class='ocr_carea' id='block_1_85' title="bbox 2173 2540 3761 2620">
    <p class='ocr_par' dir='ltr' id='par_1_85' title="bbox 2173 2540 3761 2620">
     <span class='ocr_line' id='line_1_85' title="bbox 2173 2540 3761 2620; baseline 0.008 -26"><span class='ocrx_word' id='word_1_697' title='bbox 2173 2540 2296 2607; x_wconf 89' lang='lat' dir='ltr'><strong>cha,</strong></span> <span class='ocrx_word' id='word_1_698' title='bbox 2323 2551 2377 2596; x_wconf 90' lang='lat' dir='ltr'><strong>et</strong></span> <span class='ocrx_word' id='word_1_699' title='bbox 2399 2559 2584 2598; x_wconf 88' lang='lat' dir='ltr'><strong>eorum</strong></span> <span class='ocrx_word' id='word_1_700' title='bbox 2609 2545 2700 2614; x_wconf 86' lang='lat' dir='ltr'><strong>qui</strong></span> <span class='ocrx_word' id='word_1_701' title='bbox 2730 2545 2780 2600; x_wconf 94' lang='lat' dir='ltr'><strong>in</strong></span> <span class='ocrx_word' id='word_1_702' title='bbox 2810 2547 3092 2618; x_wconf 59' lang='lat' dir='ltr'><strong>praeputio,</strong></span> <span class='ocrx_word' id='word_1_703' title='bbox 3119 2557 3174 2604; x_wconf 92' lang='lat' dir='ltr'><strong>et</strong></span> <span class='ocrx_word' id='word_1_704' title='bbox 3200 2564 3384 2606; x_wconf 87' lang='lat' dir='ltr'><strong>eorum</strong></span> <span class='ocrx_word' id='word_1_705' title='bbox 3411 2555 3500 2620; x_wconf 81' lang='lat' dir='ltr'><strong>qui</strong></span> <span class='ocrx_word' id='word_1_706' title='bbox 3531 2563 3684 2606; x_wconf 88' lang='lat' dir='ltr'><strong>erant</strong></span> <span class='ocrx_word' id='word_1_707' title='bbox 3708 2551 3761 2607; x_wconf 85' lang='lat' dir='ltr'><strong>in</strong></span> 
     </span>
    </p>
   </div>
   <div class='ocr_carea' id='block_1_86' title="bbox 2173 2633 3759 2712">
    <p class='ocr_par' dir='ltr' id='par_1_86' title="bbox 2173 2633 3759 2712">
     <span class='ocr_line' id='line_1_86' title="bbox 2173 2633 3759 2712; baseline 0.008 -27"><span class='ocrx_word' id='word_1_708' title='bbox 2173 2633 2579 2690; x_wconf 89' lang='lat' dir='ltr'><strong>circumcisione</strong></span> <span class='ocrx_word' id='word_1_709' title='bbox 2608 2653 2621 2689; x_wconf 92' lang='lat'>:</span> <span class='ocrx_word' id='word_1_710' title='bbox 2649 2636 2742 2691; x_wconf 90' lang='lat' dir='ltr'><strong>sed</strong></span> <span class='ocrx_word' id='word_1_711' title='bbox 2778 2638 2904 2692; x_wconf 91' lang='lat' dir='ltr'><strong>illud</strong></span> <span class='ocrx_word' id='word_1_712' title='bbox 2939 2640 3089 2709; x_wconf 86' lang='lat' dir='ltr'><strong>quasi</strong></span> <span class='ocrx_word' id='word_1_713' title='bbox 3125 2641 3176 2694; x_wconf 92' lang='lat' dir='ltr'><strong>in</strong></span> <span class='ocrx_word' id='word_1_714' title='bbox 3209 2643 3394 2712; x_wconf 80' lang='lat' dir='ltr'><strong>ﬁgura,</strong></span> <span class='ocrx_word' id='word_1_715' title='bbox 3440 2643 3542 2696; x_wconf 92' lang='lat' dir='ltr'><strong>hoc</strong></span> <span class='ocrx_word' id='word_1_716' title='bbox 3579 2653 3759 2698; x_wconf 82' lang='lat' dir='ltr'><strong>autem</strong></span> 
     </span>
    </p>
   </div>
   <div class='ocr_carea' id='block_1_87' title="bbox 2175 2722 3756 2801">
    <p class='ocr_par' dir='ltr' id='par_1_87' title="bbox 2175 2722 3756 2801">
     <span class='ocr_line' id='line_1_87' title="bbox 2175 2722 3756 2801; baseline 0.008 -25"><span class='ocrx_word' id='word_1_717' title='bbox 2175 2722 2228 2776; x_wconf 91' lang='lat' dir='ltr'><strong>in</strong></span> <span class='ocrx_word' id='word_1_718' title='bbox 2278 2725 2516 2779; x_wconf 83' lang='lat' dir='ltr'><strong>veritate.</strong></span> <span class='ocrx_word' id='word_1_719' title='bbox 2563 2725 2665 2780; x_wconf 86' lang='lat' dir='ltr'><strong>Hic</strong></span> <span class='ocrx_word' id='word_1_720' title='bbox 2709 2729 2872 2798; x_wconf 78' lang='lat' dir='ltr'><strong>factus</strong></span> <span class='ocrx_word' id='word_1_721' title='bbox 2900 2739 2974 2783; x_wconf 89' lang='lat' dir='ltr'><strong>est</strong></span> <span class='ocrx_word' id='word_1_722' title='bbox 2999 2731 3053 2784; x_wconf 88' lang='lat' dir='ltr'><strong>in</strong></span> <span class='ocrx_word' id='word_1_723' title='bbox 3075 2740 3231 2801; x_wconf 89' lang='lat' dir='ltr'><strong>caput</strong></span> <span class='ocrx_word' id='word_1_724' title='bbox 3255 2731 3429 2801; x_wconf 88' lang='lat' dir='ltr'><strong>anguli</strong></span> <span class='ocrx_word' id='word_1_725' title='bbox 3463 2748 3483 2785; x_wconf 90' lang='lat'><strong><em>:</em></strong></span> <span class='ocrx_word' id='word_1_726' title='bbox 3509 2732 3613 2787; x_wconf 91' lang='lat' dir='ltr'><strong>hoc</strong></span> <span class='ocrx_word' id='word_1_727' title='bbox 3638 2745 3756 2799; x_wconf 82' lang='lat' dir='ltr'><strong>est,</strong></span> 
     </span>
    </p>
   </div>
   <div class='ocr_carea' id='block_1_88' title="bbox 2174 2819 3762 2895">
    <p class='ocr_par' dir='ltr' id='par_1_88' title="bbox 2174 2819 3762 2895">
     <span class='ocr_line' id='line_1_88' title="bbox 2174 2819 3762 2895; baseline 0.006 -28"><span class='ocrx_word' id='word_1_728' title='bbox 2174 2825 2427 2883; x_wconf 83' lang='lat' dir='ltr'><strong>utraSque</strong></span> <span class='ocrx_word' id='word_1_729' title='bbox 2469 2827 2657 2887; x_wconf 87' lang='lat' dir='ltr'><strong>gentes</strong></span> <span class='ocrx_word' id='word_1_730' title='bbox 2698 2819 2991 2888; x_wconf 82' lang='lat' dir='ltr'><strong>conjunxit.</strong></span> <span class='ocrx_word' id='word_1_731' title='bbox 3032 2821 3124 2876; x_wconf 75' lang='lat'><strong>25.</strong></span> <span class='ocrx_word' id='word_1_732' title='bbox 3171 2822 3215 2874; x_wconf 80' lang='grc' dir='ltr'><strong><em>Α</em></strong></span> <span class='ocrx_word' id='word_1_733' title='bbox 3264 2821 3478 2876; x_wconf 86' lang='lat' dir='ltr'><strong>Domino</strong></span> <span class='ocrx_word' id='word_1_734' title='bbox 3508 2827 3650 2895; x_wconf 78' lang='lat' dir='ltr'><strong>facta</strong></span> <span class='ocrx_word' id='word_1_735' title='bbox 3690 2835 3762 2879; x_wconf 89' lang='lat' dir='ltr'><strong>est</strong></span> 
     </span>
    </p>
   </div>
   <div class='ocr_carea' id='block_1_89' title="bbox 2174 2907 3758 2983">
    <p class='ocr_par' dir='ltr' id='par_1_89' title="bbox 2174 2907 3758 2983">
     <span class='ocr_line' id='line_1_89' title="bbox 2174 2907 3758 2983; baseline 0.008 -23"><span class='ocrx_word' id='word_1_736' title='bbox 2174 2907 2291 2960; x_wconf 85' lang='lat' dir='ltr'><strong>ista.</strong></span> <span class='ocrx_word' id='word_1_737' title='bbox 2337 2908 2472 2975; x_wconf 90' lang='lat' dir='ltr'><strong>Quid</strong></span> <span class='ocrx_word' id='word_1_738' title='bbox 2499 2918 2599 2975; x_wconf 88' lang='lat' dir='ltr'><strong>est,</strong></span> <span class='ocrx_word' id='word_1_739' title='bbox 2625 2909 2670 2963; x_wconf 83' lang='grc' dir='ltr'><em>Α</em></span> <span class='ocrx_word' id='word_1_740' title='bbox 2695 2909 2914 2966; x_wconf 83' lang='lat' dir='ltr'><strong>Domino</strong></span> <span class='ocrx_word' id='word_1_741' title='bbox 2941 2916 3078 2983; x_wconf 78' lang='lat' dir='ltr'><strong>facta</strong></span> <span class='ocrx_word' id='word_1_742' title='bbox 3097 2923 3169 2967; x_wconf 89' lang='lat' dir='ltr'><strong>est</strong></span> <span class='ocrx_word' id='word_1_743' title='bbox 3192 2914 3327 2968; x_wconf 83' lang='lat' dir='ltr'><strong>ista?</strong></span> <span class='ocrx_word' id='word_1_744' title='bbox 3353 2914 3468 2969; x_wconf 87' lang='lat' dir='ltr'><strong>Non</strong></span> <span class='ocrx_word' id='word_1_745' title='bbox 3493 2927 3611 2970; x_wconf 82' lang='lat' dir='ltr'><strong>erat</strong></span> <span class='ocrx_word' id='word_1_746' title='bbox 3630 2957 3644 2982; x_wconf 91' lang='lat'><strong>,</strong></span> <span class='ocrx_word' id='word_1_747' title='bbox 3677 2919 3758 2972; x_wconf 76' lang='lat' dir='ltr'><strong>in-</strong></span> 
     </span>
    </p>
   </div>
   <div class='ocr_carea' id='block_1_90' title="bbox 2175 2998 3759 3072">
    <p class='ocr_par' dir='ltr' id='par_1_90' title="bbox 2175 2998 3759 3072">
     <span class='ocr_line' id='line_1_90' title="bbox 2175 2998 3759 3072; baseline 0.009 -22"><span class='ocrx_word' id='word_1_748' title='bbox 2175 2998 2322 3066; x_wconf 92' lang='lat' dir='ltr'><strong>quit,</strong></span> <span class='ocrx_word' id='word_1_749' title='bbox 2354 2998 2642 3054; x_wconf 90' lang='lat' dir='ltr'><strong>humanum</strong></span> <span class='ocrx_word' id='word_1_750' title='bbox 2683 3002 2822 3072; x_wconf 92' lang='lat' dir='ltr'><strong>quod</strong></span> <span class='ocrx_word' id='word_1_751' title='bbox 2867 3002 3063 3058; x_wconf 83' lang='lat' dir='ltr'><strong>factum</strong></span> <span class='ocrx_word' id='word_1_752' title='bbox 3103 3015 3204 3070; x_wconf 91' lang='lat' dir='ltr'><strong>est,</strong></span> <span class='ocrx_word' id='word_1_753' title='bbox 3234 3021 3337 3060; x_wconf 93' lang='lat' dir='ltr'><strong>non</strong></span> <span class='ocrx_word' id='word_1_754' title='bbox 3362 3017 3477 3061; x_wconf 90' lang='lat' dir='ltr'><strong>erat</strong></span> <span class='ocrx_word' id='word_1_755' title='bbox 3506 3010 3666 3062; x_wconf 90' lang='lat' dir='ltr'><strong>unius</strong></span> <span class='ocrx_word' id='word_1_756' title='bbox 3694 3025 3759 3064; x_wconf 82' lang='lat' dir='ltr'><strong>es</strong></span> 
     </span>
    </p>
   </div>
   <div class='ocr_carea' id='block_1_91' title="bbox 2177 3091 3835 3170">
    <p class='ocr_par' dir='ltr' id='par_1_91' title="bbox 2177 3091 3835 3170">
     <span class='ocr_line' id='line_1_91' title="bbox 2177 3091 3835 3170; baseline 0.007 -27"><span class='ocrx_word' id='word_1_757' title='bbox 2177 3091 2376 3154; x_wconf 90' lang='lat' dir='ltr'><strong>multis,</strong></span> <span class='ocrx_word' id='word_1_758' title='bbox 2402 3107 2508 3146; x_wconf 91' lang='lat' dir='ltr'><strong>non</strong></span> <span class='ocrx_word' id='word_1_759' title='bbox 2539 3103 2654 3148; x_wconf 79' lang='lat' dir='ltr'><strong>emt</strong></span> <span class='ocrx_word' id='word_1_760' title='bbox 2676 3095 3010 3165; x_wconf 87' lang='lat' dir='ltr'><strong>angelorum,</strong></span> <span class='ocrx_word' id='word_1_761' title='bbox 3041 3112 3146 3150; x_wconf 78' lang='lat' dir='ltr'><strong>non</strong></span> <span class='ocrx_word' id='word_1_762' title='bbox 3174 3107 3291 3152; x_wconf 87' lang='lat' dir='ltr'><strong>erat</strong></span> <span class='ocrx_word' id='word_1_763' title='bbox 3316 3098 3756 3170; x_wconf 80' lang='lat' dir='ltr'><strong>arcltangelorum</strong></span> <span class='ocrx_word' id='word_1_764' title='bbox 3803 3091 3835 3115; x_wconf 39' lang='grc' dir='ltr'>Χ</span> 
     </span>
    </p>
   </div>
   <div class='ocr_carea' id='block_1_92' title="bbox 2179 3182 3754 3260">
    <p class='ocr_par' dir='ltr' id='par_1_92' title="bbox 2179 3182 3754 3260">
     <span class='ocr_line' id='line_1_92' title="bbox 2179 3182 3754 3260; baseline 0.008 -26"><span class='ocrx_word' id='word_1_765' title='bbox 2179 3182 2334 3236; x_wconf 90' lang='lat' dir='ltr'><strong>talem</strong></span> <span class='ocrx_word' id='word_1_766' title='bbox 2366 3184 2614 3252; x_wconf 89' lang='lat' dir='ltr'><strong>angulum</strong></span> <span class='ocrx_word' id='word_1_767' title='bbox 2643 3200 2988 3254; x_wconf 88' lang='lat' dir='ltr'><strong>componere.</strong></span> <span class='ocrx_word' id='word_1_768' title='bbox 3028 3187 3196 3242; x_wconf 85' lang='lat' dir='ltr'><strong>Nemo</strong></span> <span class='ocrx_word' id='word_1_769' title='bbox 3236 3203 3364 3259; x_wconf 89' lang='lat' dir='ltr'><strong>ergo</strong></span> <span class='ocrx_word' id='word_1_770' title='bbox 3403 3189 3505 3245; x_wconf 91' lang='lat' dir='ltr'><strong>hoc</strong></span> <span class='ocrx_word' id='word_1_771' title='bbox 3552 3193 3754 3260; x_wconf 87' lang='lat' dir='ltr'><strong>potuit,</strong></span> 
     </span>
    </p>
   </div>
   <div class='ocr_carea' id='block_1_93' title="bbox 2177 3275 3756 3350">
    <p class='ocr_par' dir='ltr' id='par_1_93' title="bbox 2177 3275 3756 3350">
     <span class='ocr_line' id='line_1_93' title="bbox 2177 3275 3756 3350; baseline 0.006 -23"><span class='ocrx_word' id='word_1_772' title='bbox 2177 3289 2284 3328; x_wconf 94' lang='lat' dir='ltr'><strong>non</strong></span> <span class='ocrx_word' id='word_1_773' title='bbox 2304 3275 2497 3344; x_wconf 89' lang='lat' dir='ltr'><strong>justus,</strong></span> <span class='ocrx_word' id='word_1_774' title='bbox 2529 3292 2637 3330; x_wconf 90' lang='lat' dir='ltr'><strong>non</strong></span> <span class='ocrx_word' id='word_1_775' title='bbox 2668 3278 2922 3346; x_wconf 89' lang='lat' dir='ltr'><strong>propheta</strong></span> <span class='ocrx_word' id='word_1_776' title='bbox 2946 3319 2961 3343; x_wconf 89' lang='lat'><strong>,</strong></span> <span class='ocrx_word' id='word_1_777' title='bbox 2991 3294 3096 3334; x_wconf 83' lang='lat' dir='ltr'><strong>non</strong></span> <span class='ocrx_word' id='word_1_778' title='bbox 3121 3281 3360 3350; x_wconf 86' lang='lat' dir='ltr'><strong>angelus,</strong></span> <span class='ocrx_word' id='word_1_779' title='bbox 3392 3296 3506 3335; x_wconf 84' lang='lat' dir='ltr'><strong>non</strong></span> <span class='ocrx_word' id='word_1_780' title='bbox 3527 3282 3756 3337; x_wconf 85' lang='lat' dir='ltr'><strong>archan-</strong></span> 
     </span>
    </p>
   </div>
   <div class='ocr_carea' id='block_1_94' title="bbox 2175 3366 3757 3440">
    <p class='ocr_par' dir='ltr' id='par_1_94' title="bbox 2175 3366 3757 3440">
     <span class='ocr_line' id='line_1_94' title="bbox 2175 3366 3757 3440; baseline 0.006 -22"><span class='ocrx_word' id='word_1_781' title='bbox 2175 3366 2342 3434; x_wconf 90' lang='lat' dir='ltr'><strong>gelus,</strong></span> <span class='ocrx_word' id='word_1_782' title='bbox 2375 3366 2467 3421; x_wconf 90' lang='lat' dir='ltr'><strong>sed</strong></span> <span class='ocrx_word' id='word_1_783' title='bbox 2493 3367 2658 3422; x_wconf 90' lang='lat' dir='ltr'><strong>solius</strong></span> <span class='ocrx_word' id='word_1_784' title='bbox 2677 3368 2772 3423; x_wconf 87' lang='lat' dir='ltr'><strong>Dei</strong></span> <span class='ocrx_word' id='word_1_785' title='bbox 2796 3377 2912 3424; x_wconf 90' lang='lat' dir='ltr'><strong>erat</strong></span> <span class='ocrx_word' id='word_1_786' title='bbox 2939 3367 3041 3424; x_wconf 92' lang='lat' dir='ltr'><strong>hoc</strong></span> <span class='ocrx_word' id='word_1_787' title='bbox 3065 3371 3377 3440; x_wconf 68' lang='lat' dir='ltr'><strong>praeclarum</strong></span> <span class='ocrx_word' id='word_1_788' title='bbox 3411 3371 3616 3428; x_wconf 82' lang='lat' dir='ltr'><strong>facinus</strong></span> <span class='ocrx_word' id='word_1_789' title='bbox 3643 3383 3757 3428; x_wconf 85' lang='lat' dir='ltr'><strong>:est</strong></span> 
     </span>
    </p>
   </div>
   <div class='ocr_carea' id='block_1_95' title="bbox 2175 3455 3758 3531">
    <p class='ocr_par' dir='ltr' id='par_1_95' title="bbox 2175 3455 3758 3531">
     <span class='ocr_line' id='line_1_95' title="bbox 2175 3455 3758 3531; baseline 0.007 -25"><span class='ocrx_word' id='word_1_790' title='bbox 2175 3455 2316 3509; x_wconf 89' lang='lat' dir='ltr'><strong>enim</strong></span> <span class='ocrx_word' id='word_1_791' title='bbox 2363 3455 2479 3524; x_wconf 88' lang='lat' dir='ltr'><strong>ejus</strong></span> <span class='ocrx_word' id='word_1_792' title='bbox 2523 3457 2815 3526; x_wconf 88' lang='lat' dir='ltr'><strong>proprium.</strong></span> <span class='ocrx_word' id='word_1_793' title='bbox 2860 3458 3010 3513; x_wconf 86' lang='lat' dir='ltr'><strong>Alius</strong></span> <span class='ocrx_word' id='word_1_794' title='bbox 3051 3459 3312 3528; x_wconf 89' lang='lat' dir='ltr'><strong>interpres</strong></span> <span class='ocrx_word' id='word_1_795' title='bbox 3341 3460 3418 3531; x_wconf 89' lang='lat' dir='ltr'><strong>(a)</strong></span> <span class='ocrx_word' id='word_1_796' title='bbox 3448 3461 3612 3527; x_wconf 89' lang='lat' dir='ltr'><strong>dicit,</strong></span> <span class='ocrx_word' id='word_1_797' title='bbox 3644 3462 3758 3517; x_wconf 81' lang='lat' dir='ltr'><strong>Hoc</strong></span> 
     </span>
    </p>
   </div>
   <div class='ocr_carea' id='block_1_96' title="bbox 2177 3548 3758 3622">
    <p class='ocr_par' dir='ltr' id='par_1_96' title="bbox 2177 3548 3758 3622">
     <span class='ocr_line' id='line_1_96' title="bbox 2177 3548 3758 3622; baseline 0.007 -23"><span class='ocrx_word' id='word_1_798' title='bbox 2177 3549 2366 3617; x_wconf 76' lang='lat' dir='ltr'><strong>factum</strong></span> <span class='ocrx_word' id='word_1_799' title='bbox 2389 3557 2460 3602; x_wconf 91' lang='lat' dir='ltr'><strong>est</strong></span> <span class='ocrx_word' id='word_1_800' title='bbox 2487 3565 2520 3602; x_wconf 90' lang='lat' dir='ltr'><strong>a</strong></span> <span class='ocrx_word' id='word_1_801' title='bbox 2546 3548 2800 3614; x_wconf 87' lang='lat' dir='ltr'><strong>Domino;</strong></span> <span class='ocrx_word' id='word_1_802' title='bbox 2841 3550 2891 3605; x_wconf 89' lang='lat' dir='ltr'><strong>id</strong></span> <span class='ocrx_word' id='word_1_803' title='bbox 2919 3560 3020 3617; x_wconf 90' lang='lat' dir='ltr'><strong>est,</strong></span> <span class='ocrx_word' id='word_1_804' title='bbox 3047 3550 3148 3607; x_wconf 86' lang='lat' dir='ltr'><strong>hoc</strong></span> <span class='ocrx_word' id='word_1_805' title='bbox 3177 3567 3310 3622; x_wconf 91' lang='lat' dir='ltr'><strong>opus</strong></span> <span class='ocrx_word' id='word_1_806' title='bbox 3335 3553 3674 3620; x_wconf 87' lang='lat' dir='ltr'><strong>admirabile,</strong></span> <span class='ocrx_word' id='word_1_807' title='bbox 3705 3565 3758 3610; x_wconf 89' lang='lat' dir='ltr'><strong>et</strong></span> 
     </span>
    </p>
   </div>
   <div class='ocr_carea' id='block_1_97' title="bbox 2176 3638 3758 3714">
    <p class='ocr_par' dir='ltr' id='par_1_97' title="bbox 2176 3638 3758 3714">
     <span class='ocr_line' id='line_1_97' title="bbox 2176 3638 3758 3714; baseline 0.005 -22"><span class='ocrx_word' id='word_1_808' title='bbox 2176 3638 2318 3708; x_wconf 90' lang='lat' dir='ltr'><strong>quod</strong></span> <span class='ocrx_word' id='word_1_809' title='bbox 2345 3653 2558 3695; x_wconf 90' lang='lat' dir='ltr'><strong>omnem</strong></span> <span class='ocrx_word' id='word_1_810' title='bbox 2582 3650 2799 3709; x_wconf 90' lang='lat' dir='ltr'><strong>superat</strong></span> <span class='ocrx_word' id='word_1_811' title='bbox 2819 3641 3139 3710; x_wconf 89' lang='lat' dir='ltr'><strong>opinionem,</strong></span> <span class='ocrx_word' id='word_1_812' title='bbox 3162 3643 3262 3697; x_wconf 91' lang='lat' dir='ltr'><strong>hoc</strong></span> <span class='ocrx_word' id='word_1_813' title='bbox 3285 3644 3488 3699; x_wconf 89' lang='lat' dir='ltr'><strong>scilicet</strong></span> <span class='ocrx_word' id='word_1_814' title='bbox 3507 3660 3645 3714; x_wconf 82' lang='lat' dir='ltr'><strong>Opus</strong></span> <span class='ocrx_word' id='word_1_815' title='bbox 3664 3661 3758 3700; x_wconf 84' lang='lat' dir='ltr'><strong>an-</strong></span> 
     </span>
    </p>
   </div>
   <div class='ocr_carea' id='block_1_98' title="bbox 2174 3729 3757 3800">
    <p class='ocr_par' dir='ltr' id='par_1_98' title="bbox 2174 3729 3757 3800">
     <span class='ocr_line' id='line_1_98' title="bbox 2174 3729 3757 3800; baseline 0.006 -19"><span class='ocrx_word' id='word_1_816' title='bbox 2174 3730 2302 3800; x_wconf 89' lang='lat' dir='ltr'><strong>guli.</strong></span> <span class='ocrx_word' id='word_1_817' title='bbox 2332 3729 2396 3782; x_wconf 88' lang='lat' dir='ltr'><strong>Et</strong></span> <span class='ocrx_word' id='word_1_818' title='bbox 2423 3741 2495 3784; x_wconf 84' lang='lat' dir='ltr'><strong>est</strong></span> <span class='ocrx_word' id='word_1_819' title='bbox 2520 3731 2830 3786; x_wconf 86' lang='lat' dir='ltr'><strong>admirabilis</strong></span> <span class='ocrx_word' id='word_1_820' title='bbox 2849 3733 2903 3786; x_wconf 89' lang='lat' dir='ltr'><strong>in</strong></span> <span class='ocrx_word' id='word_1_821' title='bbox 2924 3734 3082 3786; x_wconf 88' lang='lat' dir='ltr'><strong>oculis</strong></span> <span class='ocrx_word' id='word_1_822' title='bbox 3103 3733 3305 3787; x_wconf 89' lang='lat' dir='ltr'><strong>nostris.</strong></span> <span class='ocrx_word' id='word_1_823' title='bbox 3333 3734 3462 3800; x_wconf 90' lang='lat' dir='ltr'><strong>Quis</strong></span> <span class='ocrx_word' id='word_1_824' title='bbox 3481 3744 3568 3791; x_wconf 88' lang='lat' dir='ltr'><strong>est</strong></span> <span class='ocrx_word' id='word_1_825' title='bbox 3585 3736 3757 3791; x_wconf 84' lang='lat' dir='ltr'><strong>admi-</strong></span> 
     </span>
    </p>
   </div>
   <div class='ocr_carea' id='block_1_99' title="bbox 2176 3821 3756 3896">
    <p class='ocr_par' dir='ltr' id='par_1_99' title="bbox 2176 3821 3756 3896">
     <span class='ocr_line' id='line_1_99' title="bbox 2176 3821 3756 3896; baseline 0.005 -22"><span class='ocrx_word' id='word_1_826' title='bbox 2176 3821 2392 3876; x_wconf 86' lang='lat' dir='ltr'><strong>rabilis?</strong></span> <span class='ocrx_word' id='word_1_827' title='bbox 2423 3823 2663 3892; x_wconf 88' lang='lat' dir='ltr'><strong>Angulus</strong></span> <span class='ocrx_word' id='word_1_828' title='bbox 2681 3824 2901 3888; x_wconf 89' lang='lat' dir='ltr'><strong>scilicet,</strong></span> <span class='ocrx_word' id='word_1_829' title='bbox 2925 3825 3086 3880; x_wconf 84' lang='lat' dir='ltr'><strong>coitio</strong></span> <span class='ocrx_word' id='word_1_830' title='bbox 3104 3824 3328 3880; x_wconf 88' lang='lat' dir='ltr'><strong>duorum</strong></span> <span class='ocrx_word' id='word_1_831' title='bbox 3352 3827 3671 3896; x_wconf 90' lang='lat' dir='ltr'><strong>populorum</strong></span> <span class='ocrx_word' id='word_1_832' title='bbox 3689 3828 3756 3882; x_wconf 84' lang='lat' dir='ltr'><strong>ad</strong></span> 
     </span>
    </p>
   </div>
   <div class='ocr_carea' id='block_1_100' title="bbox 2175 3912 3755 3990">
    <p class='ocr_par' dir='ltr' id='par_1_100' title="bbox 2175 3912 3755 3990">
     <span class='ocr_line' id='line_1_100' title="bbox 2175 3912 3755 3990; baseline 0.006 -25"><span class='ocrx_word' id='word_1_833' title='bbox 2175 3912 2445 3981; x_wconf 75' lang='lat' dir='ltr'><strong>pietatem.</strong></span> <span class='ocrx_word' id='word_1_834' title='bbox 2480 3913 2556 3968; x_wconf 87' lang='lat' dir='ltr'><strong>Ex</strong></span> <span class='ocrx_word' id='word_1_835' title='bbox 2584 3912 2788 3969; x_wconf 66' lang='lat' dir='ltr'><strong>ludatis</strong></span> <span class='ocrx_word' id='word_1_836' title='bbox 2809 3915 2952 3970; x_wconf 90' lang='lat' dir='ltr'><strong>enim</strong></span> <span class='ocrx_word' id='word_1_837' title='bbox 2979 3916 3160 3970; x_wconf 68' lang='lat' dir='ltr'><strong>multa:</strong></span> <span class='ocrx_word' id='word_1_838' title='bbox 3186 3915 3526 3973; x_wconf 89' lang='lat' dir='ltr'><strong>crediderunt</strong></span> <span class='ocrx_word' id='word_1_839' title='bbox 3554 3920 3755 3990; x_wconf 85' lang='lat' dir='ltr'><strong>myria-</strong></span> 
     </span>
    </p>
   </div>
   <div class='ocr_carea' id='block_1_101' title="bbox 2172 4001 3756 4075">
    <p class='ocr_par' dir='ltr' id='par_1_101' title="bbox 2172 4001 3756 4075">
     <span class='ocr_line' id='line_1_101' title="bbox 2172 4001 3756 4075; baseline 0.006 -19"><span class='ocrx_word' id='word_1_840' title='bbox 2172 4001 2269 4057; x_wconf 86' lang='lat' dir='ltr'><strong>des</strong></span> <span class='ocrx_word' id='word_1_841' title='bbox 2298 4020 2313 4057; x_wconf 90' lang='lat'><strong>:</strong></span> <span class='ocrx_word' id='word_1_842' title='bbox 2343 4004 2629 4072; x_wconf 87' lang='lat' dir='ltr'><strong>quinetiam</strong></span> <span class='ocrx_word' id='word_1_843' title='bbox 2659 4005 2764 4073; x_wconf 83' lang='lat' dir='ltr'><strong>ipsi</strong></span> <span class='ocrx_word' id='word_1_844' title='bbox 2797 4013 2950 4059; x_wconf 87' lang='lat' dir='ltr'><strong>erant</strong></span> <span class='ocrx_word' id='word_1_845' title='bbox 2985 4006 3209 4075; x_wconf 85' lang='lat' dir='ltr'><strong>apostoli</strong></span> <span class='ocrx_word' id='word_1_846' title='bbox 3235 4021 3298 4061; x_wconf 85' lang='lat' dir='ltr'><strong>ex</strong></span> <span class='ocrx_word' id='word_1_847' title='bbox 3324 4007 3540 4064; x_wconf 56' lang='lat' dir='ltr'><strong>Judaeis.</strong></span> <span class='ocrx_word' id='word_1_848' title='bbox 3590 4010 3756 4067; x_wconf 82' lang='lat' dir='ltr'><strong>Recte</strong></span> 
     </span>
    </p>
   </div>
   <div class='ocr_carea' id='block_1_102' title="bbox 2173 4091 3796 4179">
    <p class='ocr_par' dir='ltr' id='par_1_102' title="bbox 2173 4091 3796 4179">
     <span class='ocr_line' id='line_1_102' title="bbox 2173 4091 3796 4179; baseline 0.005 -33"><span class='ocrx_word' id='word_1_849' title='bbox 2173 4102 2351 4148; x_wconf 85' lang='lat' dir='ltr'><strong>autem</strong></span> <span class='ocrx_word' id='word_1_850' title='bbox 2381 4093 2542 4158; x_wconf 87' lang='lat' dir='ltr'><strong>dixit,</strong></span> <span class='ocrx_word' id='word_1_851' title='bbox 2571 4091 2637 4147; x_wconf 83' lang='lat' dir='ltr'><strong>In</strong></span> <span class='ocrx_word' id='word_1_852' title='bbox 2667 4095 2827 4148; x_wconf 82' lang='lat' dir='ltr'><strong>oculis</strong></span> <span class='ocrx_word' id='word_1_853' title='bbox 2853 4096 3034 4149; x_wconf 86' lang='lat' dir='ltr'><strong>nostris</strong></span> <span class='ocrx_word' id='word_1_854' title='bbox 3061 4112 3080 4149; x_wconf 90' lang='lat'><strong><em>:</em></strong></span> <span class='ocrx_word' id='word_1_855' title='bbox 3105 4111 3278 4166; x_wconf 87' lang='lat' dir='ltr'><strong>neque</strong></span> <span class='ocrx_word' id='word_1_856' title='bbox 3302 4098 3443 4152; x_wconf 90' lang='lat' dir='ltr'><strong>enim</strong></span> <span class='ocrx_word' id='word_1_857' title='bbox 3467 4098 3570 4155; x_wconf 90' lang='lat' dir='ltr'><strong>hoc</strong></span> <span class='ocrx_word' id='word_1_858' title='bbox 3597 4101 3756 4154; x_wconf 82' lang='lat' dir='ltr'><strong>mira-</strong></span> <span class='ocrx_word' id='word_1_859' title='bbox 3793 4177 3796 4179; x_wconf 11' lang='grc' dir='ltr'><strong>Δ</strong></span> 
     </span>
    </p>
   </div>
   <div class='ocr_carea' id='block_1_103' title="bbox 2171 4187 3755 4256">
    <p class='ocr_par' dir='ltr' id='par_1_103' title="bbox 2171 4187 3755 4256">
     <span class='ocr_line' id='line_1_103' title="bbox 2171 4187 3755 4256; baseline 0.003 -15"><span class='ocrx_word' id='word_1_860' title='bbox 2171 4187 2350 4241; x_wconf 91' lang='lat' dir='ltr'><strong>culum</strong></span> <span class='ocrx_word' id='word_1_861' title='bbox 2371 4187 2616 4242; x_wconf 88' lang='lat' dir='ltr'><strong>omnibus</strong></span> <span class='ocrx_word' id='word_1_862' title='bbox 2635 4197 2716 4241; x_wconf 85' lang='lat' dir='ltr'><strong>est</strong></span> <span class='ocrx_word' id='word_1_863' title='bbox 2740 4187 3096 4243; x_wconf 84' lang='lat' dir='ltr'><strong>manifestum.</strong></span> <span class='ocrx_word' id='word_1_864' title='bbox 3129 4189 3258 4256; x_wconf 86' lang='lat' dir='ltr'><strong>Quis</strong></span> <span class='ocrx_word' id='word_1_865' title='bbox 3279 4191 3421 4244; x_wconf 86' lang='lat' dir='ltr'><strong>enim</strong></span> <span class='ocrx_word' id='word_1_866' title='bbox 3443 4205 3549 4246; x_wconf 87' lang='lat' dir='ltr'><strong>non</strong></span> <span class='ocrx_word' id='word_1_867' title='bbox 3569 4193 3755 4247; x_wconf 89' lang='lat' dir='ltr'><strong>obstu-</strong></span> 
     </span>
    </p>
   </div>
   <div class='ocr_carea' id='block_1_104' title="bbox 2173 4277 3758 4349">
    <p class='ocr_par' dir='ltr' id='par_1_104' title="bbox 2173 4277 3758 4349">
     <span class='ocr_line' id='line_1_104' title="bbox 2173 4277 3758 4349; baseline 0.004 -17"><span class='ocrx_word' id='word_1_868' title='bbox 2173 4287 2374 4346; x_wconf 89' lang='lat' dir='ltr'><strong>pescat,</strong></span> <span class='ocrx_word' id='word_1_869' title='bbox 2415 4278 2536 4348; x_wconf 88' lang='lat' dir='ltr'><strong>quis</strong></span> <span class='ocrx_word' id='word_1_870' title='bbox 2575 4293 2680 4332; x_wconf 93' lang='lat' dir='ltr'><strong>non</strong></span> <span class='ocrx_word' id='word_1_871' title='bbox 2712 4277 3003 4333; x_wconf 87' lang='lat' dir='ltr'><strong>admiretur</strong></span> <span class='ocrx_word' id='word_1_872' title='bbox 3041 4279 3184 4349; x_wconf 91' lang='lat' dir='ltr'><strong>quod</strong></span> <span class='ocrx_word' id='word_1_873' title='bbox 3231 4280 3319 4335; x_wconf 91' lang='lat' dir='ltr'><strong>ubi</strong></span> <span class='ocrx_word' id='word_1_874' title='bbox 3366 4283 3651 4340; x_wconf 82' lang='lat' dir='ltr'><strong>cruciﬁxus</strong></span> <span class='ocrx_word' id='word_1_875' title='bbox 3675 4294 3758 4338; x_wconf 89' lang='lat' dir='ltr'><strong>cst</strong></span> 
     </span>
    </p>
   </div>
   <div class='ocr_carea' id='block_1_105' title="bbox 2171 4366 3753 4444">
    <p class='ocr_par' dir='ltr' id='par_1_105' title="bbox 2171 4366 3753 4444">
     <span class='ocr_line' id='line_1_105' title="bbox 2171 4366 3753 4444; baseline 0.003 -21"><span class='ocrx_word' id='word_1_876' title='bbox 2171 4366 2412 4423; x_wconf 86' lang='lat' dir='ltr'><strong>Christus</strong></span> <span class='ocrx_word' id='word_1_877' title='bbox 2433 4410 2450 4434; x_wconf 93' lang='lat'><strong>,</strong></span> <span class='ocrx_word' id='word_1_878' title='bbox 2481 4368 2589 4422; x_wconf 91' lang='lat' dir='ltr'><strong>illic</strong></span> <span class='ocrx_word' id='word_1_879' title='bbox 2613 4368 2854 4423; x_wconf 90' lang='lat' dir='ltr'><strong>Christus</strong></span> <span class='ocrx_word' id='word_1_880' title='bbox 2881 4369 3132 4424; x_wconf 88' lang='lat' dir='ltr'><strong>adoratur</strong></span> <span class='ocrx_word' id='word_1_881' title='bbox 3162 4387 3176 4423; x_wconf 91' lang='lat'><strong>:</strong></span> <span class='ocrx_word' id='word_1_882' title='bbox 3203 4378 3259 4426; x_wconf 91' lang='lat' dir='ltr'><strong>et</strong></span> <span class='ocrx_word' id='word_1_883' title='bbox 3277 4372 3364 4440; x_wconf 92' lang='lat' dir='ltr'><strong>qui</strong></span> <span class='ocrx_word' id='word_1_884' title='bbox 3387 4389 3508 4427; x_wconf 91' lang='lat' dir='ltr'><strong>eum</strong></span> <span class='ocrx_word' id='word_1_885' title='bbox 3537 4374 3753 4444; x_wconf 87' lang='lat' dir='ltr'><strong>quidem</strong></span> 
     </span>
    </p>
   </div>
   <div class='ocr_carea' id='block_1_106' title="bbox 2169 4459 3753 4537">
    <p class='ocr_par' dir='ltr' id='par_1_106' title="bbox 2169 4459 3753 4537">
     <span class='ocr_line' id='line_1_106' title="bbox 2169 4459 3753 4537; baseline 0.004 -22"><span class='ocrx_word' id='word_1_886' title='bbox 2169 4459 2566 4523; x_wconf 83' lang='lat' dir='ltr'><strong>cruciﬁxerunt,</strong></span> <span class='ocrx_word' id='word_1_887' title='bbox 2596 4459 2902 4530; x_wconf 86' lang='lat' dir='ltr'><strong>ignominia,</strong></span> <span class='ocrx_word' id='word_1_888' title='bbox 2929 4461 3018 4530; x_wconf 90' lang='lat' dir='ltr'><strong>qui</strong></span> <span class='ocrx_word' id='word_1_889' title='bbox 3045 4476 3174 4516; x_wconf 89' lang='lat' dir='ltr'><strong>vero</strong></span> <span class='ocrx_word' id='word_1_890' title='bbox 3199 4462 3442 4530; x_wconf 87' lang='lat' dir='ltr'><strong>adorant,</strong></span> <span class='ocrx_word' id='word_1_891' title='bbox 3472 4465 3641 4537; x_wconf 89' lang='lat' dir='ltr'><strong>gloria</strong></span> <span class='ocrx_word' id='word_1_892' title='bbox 3671 4467 3753 4520; x_wconf 86' lang='lat' dir='ltr'><strong>af-</strong></span> 
     </span>
    </p>
   </div>
   <div class='ocr_carea' id='block_1_107' title="bbox 2172 4548 3755 4624">
    <p class='ocr_par' dir='ltr' id='par_1_107' title="bbox 2172 4548 3755 4624">
     <span class='ocr_line' id='line_1_107' title="bbox 2172 4548 3755 4624; baseline 0.004 -21"><span class='ocrx_word' id='word_1_893' title='bbox 2172 4548 2454 4604; x_wconf 84' lang='lat' dir='ltr'><strong>ﬁciuntur?</strong></span> <span class='ocrx_word' id='word_1_894' title='bbox 2509 4548 2822 4604; x_wconf 84' lang='lat' dir='ltr'><strong>Universum</strong></span> <span class='ocrx_word' id='word_1_895' title='bbox 2877 4550 3019 4604; x_wconf 90' lang='lat' dir='ltr'><strong>enim</strong></span> <span class='ocrx_word' id='word_1_896' title='bbox 3070 4550 3255 4606; x_wconf 91' lang='lat' dir='ltr'><strong>orbem</strong></span> <span class='ocrx_word' id='word_1_897' title='bbox 3309 4561 3464 4608; x_wconf 72' lang='lat' dir='ltr'><strong>terra:</strong></span> <span class='ocrx_word' id='word_1_898' title='bbox 3518 4557 3755 4624; x_wconf 84' lang='lat' dir='ltr'><strong>pervasit</strong></span> 
     </span>
    </p>
   </div>
   <div class='ocr_carea' id='block_1_108' title="bbox 2171 4640 3754 4714">
    <p class='ocr_par' dir='ltr' id='par_1_108' title="bbox 2171 4640 3754 4714">
     <span class='ocr_line' id='line_1_108' title="bbox 2171 4640 3754 4714; baseline 0.005 -20"><span class='ocrx_word' id='word_1_899' title='bbox 2171 4641 2413 4704; x_wconf 90' lang='lat' dir='ltr'><strong>verbum,</strong></span> <span class='ocrx_word' id='word_1_900' title='bbox 2435 4654 2622 4696; x_wconf 87' lang='lat' dir='ltr'><strong>omnes</strong></span> <span class='ocrx_word' id='word_1_901' title='bbox 2643 4640 2848 4695; x_wconf 84' lang='lat' dir='ltr'><strong>veritati</strong></span> <span class='ocrx_word' id='word_1_902' title='bbox 2874 4641 3220 4711; x_wconf 90' lang='lat' dir='ltr'><strong>conjungens.</strong></span> <span class='ocrx_word' id='word_1_903' title='bbox 3253 4643 3347 4697; x_wconf 87' lang='lat' dir='ltr'><strong>Est</strong></span> <span class='ocrx_word' id='word_1_904' title='bbox 3365 4659 3494 4714; x_wconf 87' lang='lat' dir='ltr'><strong>ergo</strong></span> <span class='ocrx_word' id='word_1_905' title='bbox 3521 4647 3754 4702; x_wconf 87' lang='lat' dir='ltr'><strong>admira-</strong></span> 
     </span>
    </p>
   </div>
   <div class='ocr_carea' id='block_1_109' title="bbox 2171 4736 3750 4807">
    <p class='ocr_par' dir='ltr' id='par_1_109' title="bbox 2171 4736 3750 4807">
     <span class='ocr_line' id='line_1_109' title="bbox 2171 4736 3750 4807; baseline 0.003 -15"><span class='ocrx_word' id='word_1_906' title='bbox 2171 4737 2330 4802; x_wconf 90' lang='lat' dir='ltr'><strong>bilis,</strong></span> <span class='ocrx_word' id='word_1_907' title='bbox 2359 4737 2444 4792; x_wconf 77' lang='lat' dir='ltr'><strong>vel</strong></span> <span class='ocrx_word' id='word_1_908' title='bbox 2490 4737 2555 4792; x_wconf 91' lang='lat' dir='ltr'><strong>iis</strong></span> <span class='ocrx_word' id='word_1_909' title='bbox 2598 4736 2689 4807; x_wconf 90' lang='lat' dir='ltr'><strong>qui</strong></span> <span class='ocrx_word' id='word_1_910' title='bbox 2730 4736 3230 4807; x_wconf 88' lang='lat' dir='ltr'><strong>quomodocumque</strong></span> <span class='ocrx_word' id='word_1_911' title='bbox 3279 4737 3329 4792; x_wconf 92' lang='lat' dir='ltr'><strong>id</strong></span> <span class='ocrx_word' id='word_1_912' title='bbox 3373 4739 3750 4805; x_wconf 87' lang='lat' dir='ltr'><strong>considerant,</strong></span> 
     </span>
    </p>
   </div>
   <div class='ocr_carea' id='block_1_110' title="bbox 2171 4828 3752 4903">
    <p class='ocr_par' dir='ltr' id='par_1_110' title="bbox 2171 4828 3752 4903">
     <span class='ocr_line' id='line_1_110' title="bbox 2171 4828 3752 4903; baseline 0.004 -19"><span class='ocrx_word' id='word_1_913' title='bbox 2171 4831 2339 4885; x_wconf 93' lang='lat' dir='ltr'><strong>multo</strong></span> <span class='ocrx_word' id='word_1_914' title='bbox 2377 4838 2551 4885; x_wconf 90' lang='lat' dir='ltr'><strong>autem</strong></span> <span class='ocrx_word' id='word_1_915' title='bbox 2586 4828 2757 4898; x_wconf 85' lang='lat' dir='ltr'><strong>magis</strong></span> <span class='ocrx_word' id='word_1_916' title='bbox 2777 4838 2832 4885; x_wconf 91' lang='lat' dir='ltr'><strong>et</strong></span> <span class='ocrx_word' id='word_1_917' title='bbox 2858 4829 3014 4899; x_wconf 83' lang='lat' dir='ltr'><strong>longe</strong></span> <span class='ocrx_word' id='word_1_918' title='bbox 3042 4830 3341 4886; x_wconf 81' lang='lat' dir='ltr'><strong>evidentius</strong></span> <span class='ocrx_word' id='word_1_919' title='bbox 3381 4831 3460 4886; x_wconf 90' lang='lat' dir='ltr'><strong>eis</strong></span> <span class='ocrx_word' id='word_1_920' title='bbox 3497 4834 3587 4903; x_wconf 92' lang='lat' dir='ltr'><strong>qui</strong></span> <span class='ocrx_word' id='word_1_921' title='bbox 3631 4850 3752 4890; x_wconf 82' lang='lat' dir='ltr'><strong>cre-</strong></span> 
     </span>
    </p>
   </div>
   <div class='ocr_carea' id='block_1_111' title="bbox 2171 4919 3759 4988">
    <p class='ocr_par' dir='ltr' id='par_1_111' title="bbox 2171 4919 3759 4988">
     <span class='ocr_line' id='line_1_111' title="bbox 2171 4919 3759 4988; baseline 0.001 -12"><span class='ocrx_word' id='word_1_922' title='bbox 2171 4923 2322 4977; x_wconf 90' lang='lat' dir='ltr'><strong>dunt.</strong></span> <span class='ocrx_word' id='word_1_923' title='bbox 2351 4922 2418 4977; x_wconf 87' lang='lat' dir='ltr'><strong>Et</strong></span> <span class='ocrx_word' id='word_1_924' title='bbox 2438 4922 2556 4977; x_wconf 88' lang='lat' dir='ltr'><strong>ideo</strong></span> <span class='ocrx_word' id='word_1_925' title='bbox 2575 4922 2728 4988; x_wconf 82' lang='lat' dir='ltr'><strong>dixit,</strong></span> <span class='ocrx_word' id='word_1_926' title='bbox 2751 4919 2818 4975; x_wconf 86' lang='lat' dir='ltr'><strong>In</strong></span> <span class='ocrx_word' id='word_1_927' title='bbox 2845 4922 3006 4976; x_wconf 88' lang='lat' dir='ltr'><strong>oculis</strong></span> <span class='ocrx_word' id='word_1_928' title='bbox 3033 4923 3236 4977; x_wconf 89' lang='lat' dir='ltr'><strong>nostris.</strong></span> <span class='ocrx_word' id='word_1_929' title='bbox 3264 4922 3352 4978; x_wconf 77' lang='grc'><strong>24.</strong></span> <span class='ocrx_word' id='word_1_930' title='bbox 3382 4923 3511 4978; x_wconf 70' lang='lat' dir='ltr'><strong>Haec</strong></span> <span class='ocrx_word' id='word_1_931' title='bbox 3529 4935 3604 4980; x_wconf 81' lang='lat' dir='ltr'><strong>est</strong></span> <span class='ocrx_word' id='word_1_932' title='bbox 3649 4925 3759 4979; x_wconf 86' lang='lat' dir='ltr'><strong>dies</strong></span> 
     </span>
    </p>
   </div>
   <div class='ocr_carea' id='block_1_112' title="bbox 2170 5013 3754 5083">
    <p class='ocr_par' dir='ltr' id='par_1_112' title="bbox 2170 5013 3754 5083">
     <span class='ocr_line' id='line_1_112' title="bbox 2170 5013 3754 5083; baseline 0.005 -18"><span class='ocrx_word' id='word_1_933' title='bbox 2170 5029 2321 5083; x_wconf 85' lang='lat' dir='ltr'><strong>quam</strong></span> <span class='ocrx_word' id='word_1_934' title='bbox 2345 5014 2458 5082; x_wconf 83' lang='lat' dir='ltr'><strong>fecit</strong></span> <span class='ocrx_word' id='word_1_935' title='bbox 2490 5013 2770 5077; x_wconf 89' lang='lat' dir='ltr'><strong>Dominus;</strong></span> <span class='ocrx_word' id='word_1_936' title='bbox 2797 5013 3120 5080; x_wconf 74' lang='lat' dir='ltr'><strong>multemus,</strong></span> <span class='ocrx_word' id='word_1_937' title='bbox 3145 5023 3191 5068; x_wconf 89' lang='lat' dir='ltr'><strong>et</strong></span> <span class='ocrx_word' id='word_1_938' title='bbox 3212 5014 3436 5068; x_wconf 74' lang='lat' dir='ltr'><strong>hetemur</strong></span> <span class='ocrx_word' id='word_1_939' title='bbox 3455 5017 3506 5069; x_wconf 89' lang='lat' dir='ltr'><strong>in</strong></span> <span class='ocrx_word' id='word_1_940' title='bbox 3533 5033 3612 5070; x_wconf 89' lang='lat' dir='ltr'><strong>ea.</strong></span> <span class='ocrx_word' id='word_1_941' title='bbox 3646 5017 3754 5073; x_wconf 72' lang='lat' dir='ltr'><strong>Vo-</strong></span> 
     </span>
    </p>
   </div>
   <div class='ocr_carea' id='block_1_113' title="bbox 2170 5103 3751 5174">
    <p class='ocr_par' dir='ltr' id='par_1_113' title="bbox 2170 5103 3751 5174">
     <span class='ocr_line' id='line_1_113' title="bbox 2170 5103 3751 5174; baseline 0.001 -13"><span class='ocrx_word' id='word_1_942' title='bbox 2170 5114 2255 5161; x_wconf 87' lang='lat' dir='ltr'><strong>cat</strong></span> <span class='ocrx_word' id='word_1_943' title='bbox 2280 5105 2364 5160; x_wconf 91' lang='lat' dir='ltr'><strong>hic</strong></span> <span class='ocrx_word' id='word_1_944' title='bbox 2391 5103 2553 5170; x_wconf 90' lang='lat' dir='ltr'><strong>diem,</strong></span> <span class='ocrx_word' id='word_1_945' title='bbox 2586 5118 2690 5159; x_wconf 93' lang='lat' dir='ltr'><strong>non</strong></span> <span class='ocrx_word' id='word_1_946' title='bbox 2716 5103 2842 5158; x_wconf 88' lang='lat' dir='ltr'><strong>solis</strong></span> <span class='ocrx_word' id='word_1_947' title='bbox 2863 5119 3097 5167; x_wconf 88' lang='lat' dir='ltr'><strong>cursum,</strong></span> <span class='ocrx_word' id='word_1_948' title='bbox 3120 5104 3214 5160; x_wconf 78' lang='lat' dir='ltr'><strong>sed</strong></span> <span class='ocrx_word' id='word_1_949' title='bbox 3244 5106 3496 5174; x_wconf 78' lang='lat' dir='ltr'><strong>prteclara</strong></span> <span class='ocrx_word' id='word_1_950' title='bbox 3517 5106 3751 5163; x_wconf 80' lang='lat' dir='ltr'><strong>facinora</strong></span> 
     </span>
    </p>
   </div>
   <div class='ocr_carea' id='block_1_114' title="bbox 2170 5195 3750 5267">
    <p class='ocr_par' dir='ltr' id='par_1_114' title="bbox 2170 5195 3750 5267">
     <span class='ocr_line' id='line_1_114' title="bbox 2170 5195 3750 5267; baseline 0.004 -18"><span class='ocrx_word' id='word_1_951' title='bbox 2170 5207 2290 5267; x_wconf 73' lang='lat' dir='ltr'><strong>quae</strong></span> <span class='ocrx_word' id='word_1_952' title='bbox 2333 5197 2386 5252; x_wconf 91' lang='lat' dir='ltr'><strong>in</strong></span> <span class='ocrx_word' id='word_1_953' title='bbox 2429 5211 2494 5251; x_wconf 86' lang='lat' dir='ltr'><strong>eo</strong></span> <span class='ocrx_word' id='word_1_954' title='bbox 2537 5205 2684 5266; x_wconf 85' lang='lat' dir='ltr'><strong>gesta</strong></span> <span class='ocrx_word' id='word_1_955' title='bbox 2725 5205 2870 5250; x_wconf 88' lang='lat' dir='ltr'><strong>sunt.</strong></span> <span class='ocrx_word' id='word_1_956' title='bbox 2911 5195 3060 5252; x_wconf 85' lang='lat' dir='ltr'><strong>Sicut</strong></span> <span class='ocrx_word' id='word_1_957' title='bbox 3091 5197 3230 5251; x_wconf 92' lang='lat' dir='ltr'><strong>enim</strong></span> <span class='ocrx_word' id='word_1_958' title='bbox 3267 5197 3357 5267; x_wconf 88' lang='lat' dir='ltr'><strong>qui</strong></span> <span class='ocrx_word' id='word_1_959' title='bbox 3385 5198 3524 5253; x_wconf 85' lang='lat' dir='ltr'><strong>diem</strong></span> <span class='ocrx_word' id='word_1_960' title='bbox 3554 5204 3750 5256; x_wconf 86' lang='lat' dir='ltr'><strong>malum</strong></span> 
     </span>
    </p>
   </div>
   <div class='ocr_carea' id='block_1_115' title="bbox 2170 5285 3748 5357">
    <p class='ocr_par' dir='ltr' id='par_1_115' title="bbox 2170 5285 3748 5357">
     <span class='ocr_line' id='line_1_115' title="bbox 2170 5285 3748 5357; baseline 0.004 -18"><span class='ocrx_word' id='word_1_961' title='bbox 2170 5287 2318 5350; x_wconf 92' lang='lat' dir='ltr'><strong>dicit,</strong></span> <span class='ocrx_word' id='word_1_962' title='bbox 2352 5300 2456 5340; x_wconf 90' lang='lat' dir='ltr'><strong>non</strong></span> <span class='ocrx_word' id='word_1_963' title='bbox 2495 5300 2710 5340; x_wconf 87' lang='lat' dir='ltr'><strong>cursum</strong></span> <span class='ocrx_word' id='word_1_964' title='bbox 2751 5285 2901 5352; x_wconf 88' lang='lat' dir='ltr'><strong>solis,</strong></span> <span class='ocrx_word' id='word_1_965' title='bbox 2934 5285 3026 5340; x_wconf 88' lang='lat' dir='ltr'><strong>sed</strong></span> <span class='ocrx_word' id='word_1_966' title='bbox 3053 5286 3188 5341; x_wconf 89' lang='lat' dir='ltr'><strong>mala</strong></span> <span class='ocrx_word' id='word_1_967' title='bbox 3215 5302 3333 5356; x_wconf 74' lang='lat' dir='ltr'><strong>quas</strong></span> <span class='ocrx_word' id='word_1_968' title='bbox 3359 5287 3410 5342; x_wconf 92' lang='lat' dir='ltr'><strong>in</strong></span> <span class='ocrx_word' id='word_1_969' title='bbox 3443 5289 3559 5357; x_wconf 88' lang='lat' dir='ltr'><strong>ipso</strong></span> <span class='ocrx_word' id='word_1_970' title='bbox 3583 5303 3706 5346; x_wconf 88' lang='lat' dir='ltr'><strong>sunt</strong></span> <span class='ocrx_word' id='word_1_971' title='bbox 3735 5310 3748 5345; x_wconf 90' lang='lat'><strong>:</strong></span> 
     </span>
    </p>
   </div>
   <div class='ocr_carea' id='block_1_116' title="bbox 2168 5376 3748 5451">
    <p class='ocr_par' dir='ltr' id='par_1_116' title="bbox 2168 5376 3748 5451">
     <span class='ocr_line' id='line_1_116' title="bbox 2168 5376 3748 5451; baseline 0.004 -20"><span class='ocrx_word' id='word_1_972' title='bbox 2168 5376 2241 5431; x_wconf 90' lang='lat' dir='ltr'><strong>ita</strong></span> <span class='ocrx_word' id='word_1_973' title='bbox 2269 5377 2425 5432; x_wconf 86' lang='lat' dir='ltr'><strong>etiam</strong></span> <span class='ocrx_word' id='word_1_974' title='bbox 2457 5376 2650 5430; x_wconf 87' lang='lat' dir='ltr'><strong>bonum</strong></span> <span class='ocrx_word' id='word_1_975' title='bbox 2677 5377 2818 5431; x_wconf 90' lang='lat' dir='ltr'><strong>diem</strong></span> <span class='ocrx_word' id='word_1_976' title='bbox 2849 5387 3000 5431; x_wconf 84' lang='lat' dir='ltr'><strong>vocat</strong></span> <span class='ocrx_word' id='word_1_977' title='bbox 3025 5379 3277 5448; x_wconf 70' lang='lat' dir='ltr'><strong>prmelara</strong></span> <span class='ocrx_word' id='word_1_978' title='bbox 3306 5377 3438 5434; x_wconf 77' lang='lat' dir='ltr'><strong>facta</strong></span> <span class='ocrx_word' id='word_1_979' title='bbox 3461 5397 3580 5451; x_wconf 69' lang='lat' dir='ltr'><strong>quae</strong></span> <span class='ocrx_word' id='word_1_980' title='bbox 3609 5383 3659 5437; x_wconf 93' lang='lat' dir='ltr'><strong>in</strong></span> <span class='ocrx_word' id='word_1_981' title='bbox 3686 5398 3748 5438; x_wconf 84' lang='lat' dir='ltr'><strong>eo</strong></span> 
     </span>
    </p>
   </div>
   <div class='ocr_carea' id='block_1_117' title="bbox 2169 5465 3778 5548">
    <p class='ocr_par' dir='ltr' id='par_1_117' title="bbox 2169 5465 3778 5548">
     <span class='ocr_line' id='line_1_117' title="bbox 2169 5465 3778 5548; baseline 0.005 -28"><span class='ocrx_word' id='word_1_982' title='bbox 2169 5465 2400 5522; x_wconf 81' lang='lat' dir='ltr'><strong>fuerunt.</strong></span> <span class='ocrx_word' id='word_1_983' title='bbox 2442 5466 2594 5534; x_wconf 91' lang='lat' dir='ltr'><strong>Quod</strong></span> <span class='ocrx_word' id='word_1_984' title='bbox 2628 5476 2804 5521; x_wconf 90' lang='lat' dir='ltr'><strong>autem</strong></span> <span class='ocrx_word' id='word_1_985' title='bbox 2835 5465 2962 5548; x_wconf 55' lang='lat' dir='ltr'><strong>dicit</strong></span> <span class='ocrx_word' id='word_1_986' title='bbox 2985 5507 2999 5532; x_wconf 92' lang='lat'><strong>,</strong></span> <span class='ocrx_word' id='word_1_987' title='bbox 3028 5478 3107 5522; x_wconf 91' lang='lat' dir='ltr'><strong>est</strong></span> <span class='ocrx_word' id='word_1_988' title='bbox 3137 5467 3401 5536; x_wconf 86' lang='lat' dir='ltr'><strong>ejusmodi</strong></span> <span class='ocrx_word' id='word_1_989' title='bbox 3429 5485 3446 5525; x_wconf 90' lang='lat'><strong>:</strong></span> <span class='ocrx_word' id='word_1_990' title='bbox 3473 5471 3578 5528; x_wconf 84' lang='lat' dir='ltr'><strong>Res</strong></span> <span class='ocrx_word' id='word_1_991' title='bbox 3618 5488 3742 5542; x_wconf 71' lang='lat' dir='ltr'><strong>pra:-</strong></span> <span class='ocrx_word' id='word_1_992' title='bbox 3772 5545 3778 5548; x_wconf 93' lang='lat'><strong><em>_</em></strong></span> 
     </span>
    </p>
   </div>
   <div class='ocr_carea' id='block_1_118' title="bbox 2166 5535 3743 5639">
    <p class='ocr_par' dir='ltr' id='par_1_118' title="bbox 2166 5535 3743 5639">
     <span class='ocr_line' id='line_1_118' title="bbox 2166 5535 3743 5639; baseline 0.003 -23"><span class='ocrx_word' id='word_1_993' title='bbox 2166 5562 2335 5616; x_wconf 88' lang='lat' dir='ltr'><strong>claras</strong></span> <span class='ocrx_word' id='word_1_994' title='bbox 2363 5575 2482 5629; x_wconf 71' lang='lat' dir='ltr'><strong>qum</strong></span> <span class='ocrx_word' id='word_1_995' title='bbox 2522 5561 2572 5612; x_wconf 89' lang='lat' dir='ltr'><strong>in</strong></span> <span class='ocrx_word' id='word_1_996' title='bbox 2612 5574 2676 5614; x_wconf 88' lang='lat' dir='ltr'><strong>eo</strong></span> <span class='ocrx_word' id='word_1_997' title='bbox 2705 5535 2884 5639; x_wconf 49' lang='lat' dir='ltr'><strong>gesta:</strong></span> <span class='ocrx_word' id='word_1_998' title='bbox 2903 5570 3028 5613; x_wconf 91' lang='lat' dir='ltr'><strong>sunt</strong></span> <span class='ocrx_word' id='word_1_999' title='bbox 3073 5560 3208 5615; x_wconf 91' lang='lat' dir='ltr'><strong>Deus</strong></span> <span class='ocrx_word' id='word_1_1000' title='bbox 3255 5561 3410 5629; x_wconf 81' lang='lat' dir='ltr'><strong>fecit;</strong></span> <span class='ocrx_word' id='word_1_1001' title='bbox 3448 5573 3565 5619; x_wconf 88' lang='lat' dir='ltr'><strong>erat</strong></span> <span class='ocrx_word' id='word_1_1002' title='bbox 3605 5567 3743 5620; x_wconf 87' lang='lat' dir='ltr'><strong>enim</strong></span> 
     </span>
    </p>
   </div>
   <div class='ocr_carea' id='block_1_119' title="bbox 2165 5650 3783 5720">
    <p class='ocr_par' dir='ltr' id='par_1_119' title="bbox 2165 5650 3783 5720">
     <span class='ocr_line' id='line_1_119' title="bbox 2165 5650 3783 5720; baseline -0.001 -12"><span class='ocrx_word' id='word_1_1003' title='bbox 2165 5653 2305 5708; x_wconf 89' lang='lat' dir='ltr'><strong>illius</strong></span> <span class='ocrx_word' id='word_1_1004' title='bbox 2330 5650 2495 5706; x_wconf 90' lang='lat' dir='ltr'><strong>solius</strong></span> <span class='ocrx_word' id='word_1_1005' title='bbox 2523 5665 2710 5704; x_wconf 89' lang='lat' dir='ltr'><strong>manus</strong></span> <span class='ocrx_word' id='word_1_1006' title='bbox 2736 5650 2948 5704; x_wconf 82' lang='lat' dir='ltr'><strong>el‘licere</strong></span> <span class='ocrx_word' id='word_1_1007' title='bbox 2977 5667 3094 5720; x_wconf 67' lang='lat' dir='ltr'><strong>qua:</strong></span> <span class='ocrx_word' id='word_1_1008' title='bbox 3121 5650 3257 5706; x_wconf 80' lang='lat' dir='ltr'><strong>facta</strong></span> <span class='ocrx_word' id='word_1_1009' title='bbox 3283 5661 3426 5706; x_wconf 90' lang='lat' dir='ltr'><strong>sunt.</strong></span> <span class='ocrx_word' id='word_1_1010' title='bbox 3774 5651 3783 5671; x_wconf 83' lang='grc'><strong>”·</strong></span> 
     </span>
    </p>
   </div>
   <div class='ocr_carea' id='block_1_120' title="bbox 2226 5781 3743 5849">
    <p class='ocr_par' dir='ltr' id='par_1_120' title="bbox 2226 5781 3743 5849">
     <span class='ocr_line' id='line_1_120' title="bbox 2226 5781 3743 5849; baseline 0.002 -17"><span class='ocrx_word' id='word_1_1011' title='bbox 2226 5783 2300 5845; x_wconf 84' lang='lat' dir='ltr'><strong>(a)</strong></span> <span class='ocrx_word' id='word_1_1012' title='bbox 2324 5790 2406 5833; x_wconf 82' lang='lat' dir='ltr'><strong>HIC</strong></span> <span class='ocrx_word' id='word_1_1013' title='bbox 2427 5789 2672 5849; x_wconf 73' lang='lat' dir='ltr'><strong>interpres</strong></span> <span class='ocrx_word' id='word_1_1014' title='bbox 2693 5791 2770 5849; x_wconf 67' lang='lat' dir='ltr'><strong>est</strong></span> <span class='ocrx_word' id='word_1_1015' title='bbox 2791 5781 2981 5849; x_wconf 74' lang='lat' dir='ltr'><strong>Aquila,</strong></span> <span class='ocrx_word' id='word_1_1016' title='bbox 3004 5796 3155 5849; x_wconf 68' lang='lat' dir='ltr'><strong>quem</strong></span> <span class='ocrx_word' id='word_1_1017' title='bbox 3163 5797 3412 5849; x_wconf 71' lang='lat' dir='ltr'><strong>sequutus</strong></span> <span class='ocrx_word' id='word_1_1018' title='bbox 3432 5793 3743 5849; x_wconf 69' lang='lat' dir='ltr'><strong>t-treronynms</strong></span> 
     </span>
    </p>
   </div>
   <div class='ocr_carea' id='block_1_121' title="bbox 2166 5843 3747 5910">
    <p class='ocr_par' dir='ltr' id='par_1_121' title="bbox 2166 5843 3747 5910">
     <span class='ocr_line' id='line_1_121' title="bbox 2166 5843 3747 5910; baseline 0.004 -14"><span class='ocrx_word' id='word_1_1019' title='bbox 2166 5843 2382 5896; x_wconf 84' lang='lat' dir='ltr'><strong>verterat</strong></span> <span class='ocrx_word' id='word_1_1020' title='bbox 2398 5858 2411 5894; x_wconf 91' lang='lat'><strong>:</strong></span> <span class='ocrx_word' id='word_1_1021' title='bbox 2427 5856 2462 5894; x_wconf 76' lang='grc' dir='ltr'><em>Α</em></span> <span class='ocrx_word' id='word_1_1022' title='bbox 2476 5843 2674 5895; x_wconf 80' lang='lat' dir='ltr'><strong>Domino</strong></span> <span class='ocrx_word' id='word_1_1023' title='bbox 2684 5843 2863 5905; x_wconf 76' lang='lat' dir='ltr'><strong>factum</strong></span> <span class='ocrx_word' id='word_1_1024' title='bbox 2872 5852 2940 5894; x_wconf 80' lang='lat' dir='ltr'><strong>est</strong></span> <span class='ocrx_word' id='word_1_1025' title='bbox 2955 5843 3102 5896; x_wconf 71' lang='lat' dir='ltr'><strong>istud.</strong></span> <span class='ocrx_word' id='word_1_1026' title='bbox 3118 5844 3237 5896; x_wconf 84' lang='lat' dir='ltr'><strong>Vide</strong></span> <span class='ocrx_word' id='word_1_1027' title='bbox 3252 5843 3297 5895; x_wconf 82' lang='lat' dir='ltr'><strong>in</strong></span> <span class='ocrx_word' id='word_1_1028' title='bbox 3311 5848 3537 5910; x_wconf 60' lang='lat' dir='ltr'><strong>Hexaplis</strong></span> <span class='ocrx_word' id='word_1_1029' title='bbox 3554 5843 3747 5903; x_wconf 60' lang='lat' dir='ltr'><strong>nostris.</strong></span> 
     </span>
    </p>
   </div>
  </div>
