4088 6274
316 197 420 254 535

314 333 384 387 σῃ
405 315 486 367 δτι
505 312 563 365 ἐν
582 312 648 382 τῇ
673 309 889 382 ἐξουσίᾳ.
906 309 1068 365 αὑτοῦ
1089 309 1150 364 τὺ
1170 311 1276 364 πᾶν
1305 310 1672 366 ἐκειτο.Ὥστε
1708 311 1896 382 διπλῆν

315 397 576 469 ἐκέρδανε
611 395 909 466 σωτηρίαν,
931 395 1030 466 τήν
1040 411 1108 478 ξε
1128 394 1236 448 τῶν
1254 395 1466 456 δεινῶν,
1487 398 1588 466 τήν
1607 413 1666 448 τε
1687 395 1786 465 τῆς
1805 412 1905 448 κα-

315 482 440 546 κίας
481 479 822 546 ἀπαλλαγήν.
865 479 956 532 Διὸ
1011 483 1104 533 καὶ
1146 480 1359 544 Παῦλος
1414 480 1599 549 ἔλεγεν
1629 479 1905 551 Ἐδραίοις

315 565 549 637 γράφων
564 578 578 592 ⁸
599 565 667 618 Εἰ
686 562 753 616 δὲ
773 562 948 628 ἐκτός
965 563 1106 616 ἐστε
1124 563 1415 630 παιδείας,
1430 563 1544 632 ἄρα
1559 565 1722 617 νόθοι
1739 563 1900 628 ἐστὲ,

318 649 419 703 καί
458 649 572 716 οὐχ
607 645 744 700 υίοί.
777 645 1074 710 Ἄνοίξατέ
1104 663 1206 715 μοι
1242 646 1444 712 πύλας
1473 645 1899 712 δικαιοσύνης·

318 733 610 790 εἰσελθὼν
643 731 712 786 ὲν
750 731 960 797 αὐταῖς
998 730 1516 802 ἐξομολογησομαι
1569 730 1650 796 τῷ
1687 733 1901 799 Κυρίῳ.

319 824 448 887 Τοῖς
486 819 890 891 παιδευομένοις
909 821 964 873 αἰ
988 819 1152 874 πύλαι
1172 821 1501 890 ἀνοίγονται,
1522 823 1633 884 τοῖς
1653 819 1906 874 ἀποτιθε-

321 906 507 976 μένοις
523 905 594 956 τά
613 903 834 974 ἀμαρτή
844 919 1010 973 ματα.
1775 901 1784 908 ’

388 993 451 1041 ε’.
486 988 546 1040 '0
569 986 878 1050 παιδευθεὶς
913 985 1051 1055 μετά
1083 985 1396 1058 παρρησίας
1425 984 1648 1038 δύναται
1686 983 1861 1052 λέγειν
1886 999 1900 1014 ’

329 1069 628 1135 Ἇνοίεατέ
673 1087 778 1139 μοι
825 1070 1027 1136 πύλας
1063 1069 1478 1137 δικαιοσύνης.
1519 1069 1628 1123 Καὶ
1667 1068 1774 1139 γὰρ
1812 1066 1906 1122 καὶ

318 1153 464 1208 κατά
499 1152 789 1222 ἀναγωγὴν
825 1151 1124 1221 ἐκληπτέον
1160 1151 1222 1204 τὸ
1256 1151 1564 1222 εἰρημένον,
1599 1151 1694 1204 καὶ
1731 1150 1906 1212 πύλας

319 1237 418 1299 τὰς
435 1234 542 1288 τῶν
561 1233 808 1307 οὐρανῶν
827 1234 1066 1304 νοητέον,
1088 1235 1144 1288 αἲ
1163 1236 1276 1296 τοῖς
1297 1236 1548 1304 πονηροῖς
1570 1234 1674 1285 εἰσι
1695 1231 1906 1286 κεκλει-

321 1319 541 1389 σμέναι,
563 1318 702 1389 πρὸς
719 1330 745 1358 ι
767 1317 833 1380 ἃς
851 1317 931 1370 δεῖ
949 1316 1164 1388 κρούειν
1183 1315 1272 1370 διὰ
1290 1317 1388 1386 τῆς
1408 1316 1628 1386 ἀρετῆς,
1667 1314 1733 1367 δι’
1755 1315 1908 1384 ἐλεη-

325 1400 585 1472 μοσύνης,
606 1399 696 1453 διὰ
713 1399 1077 1470 δικαιοσύνης.
1099 1399 1260 1466 Αὕτη
1284 1400 1321 1468 η
1344 1399 1507 1466 πύλη
1527 1398 1633 1452 τοῦ
1653 1398 1872 1468 Κυρίου
1887 1414 1902 1426 ·

321 1484 540 1538 δίκαιοι
566 1483 1020 1537 είσελεύσονται
1038 1483 1108 1535 έν
1125 1481 1302 1550 αὐτῇ.
1327 1480 1447 1534 Εἰσὶ
1467 1481 1630 1534 πύλαι
1651 1481 1904 1546 Θανάτου,

322 1568 430 1620 εἰσὶ
449 1567 614 1640 πύλαι
634 1564 932 1630 ἀπωλείας,
955 1567 1063 1618 εἰσὶ
1084 1565 1250 1619 πύλαι
1272 1565 1438 1637 ζωῆς,
1461 1566 1567 1619 εἰσί
1587 1565 1754 1618 πύλαι
1784 1581 1908 1620 στε-

321 1649 414 1703 ναὶ
453 1641 548 1702 καὶ
587 1649 1009 1720 τεθλιμμέναιηδ.
1033 1649 1133 1702 Διὰ
1168 1649 1230 1718 δὴ
1272 1649 1431 1702 τοῦτο
1467 1649 1654 1720 ἐπειδὴ
1693 1648 1908 1714 πολλαὶ,

321 1733 472 1802 λέγει
511 1732 570 1786 τὺ
606 1734 932 1804 παράσημον
963 1732 1062 1804 τῆς
1080 1731 1176 1786 τοῦ
1198 1732 1406 1803 Κυρίου
1428 1731 1622 1801 πύλης,
1645 1731 1868 1800 ἐπάγων
1889 1748 1904 1762 ο

321 1820 488 1885 Αὕτη
532 1818 572 1885 ἡ
611 1819 773 1886 πύλη
812 1815 919 1871 τοῦ
960 1818 1202 1885 Κυρίου.
1242 1817 1478 1871 Ἐκεῖναι
1515 1816 1623 1889 γὰρ
1658 1816 1779 1887 οὐχὶ
1815 1816 1910 1869 τοῦ

323 1902 556 1971 Κυρίου.
580 1901 689 1954 Καὶ
706 1900 766 1954 τὸ
784 1900 1113 1971 παράσημον
1134 1901 1284 1953 ποῖον
1304 1900 1509 1970 αὑτῆς;
1544 1900 1616 1952 Τὸ
1653 1899 1720 1953 δι’
1742 1899 1912 1969 αὐτῆς

322 1985 454 2047 τοὺς
495 1984 916 2054 παιδευομένους
934 1983 1184 2048 εἰσιέναι,
1202 1986 1329 2046 τοὺς
1349 1980 1718 2052 θλιϐομένους.
1741 1982 1910 2052 Στενή

325 2068 436 2140 γάρ
468 2069 584 2120 ἐστι
622 2068 714 2120 καὶ
753 2066 1112 2138 τεθλιμμένη·
1138 2065 1262 2119 εἰδὲ
1283 2066 1638 2136 τεθλιμμένη,
1659 2065 1709 2117 οί
1730 2064 1910 2121 θλιϐό-

327 2167 480 2221 μενοι
516 2150 582 2203 δι’
602 2151 773 2220 αὐτῆς
813 2149 1148 2220 βαδιοῦνται·
1171 2149 1360 2220 ὥσπερ
1395 2151 1428 2221 ἠ
1470 2148 1605 2219 πρὸς
1635 2148 1912 2202 ἀπώλειαν

325 2233 556 2288 πλατεῖα
577 2234 674 2286 καὶ
695 2233 1027 2304 εὐρύχωρος.

411 2317 956 2386 Ἐξομολογήσομαί
992 2331 1111 2381 σοι,
1150 2315 1240 2370 ὅτι
1276 2314 1628 2382 ἐπήκουσάς
1652 2333 1792 2386 μου,
1817 2315 1916 2369 καί

326 2398 540 2468 ἐγένου
571 2417 691 2469 μου
733 2401 821 2465 είς
859 2400 1178 2467 σωτηρίαν.
1201 2399 1312 2469 Οὐχ
1349 2398 1534 2463 ἁπλῶς
1573 2393 1748 2465 εἶπεν,
1775 2400 1916 2453 Ἐπ-

329 2487 624 2550 ηκουσας,
646 2483 783 2536 ἀλλὰ
803 2482 1065 2555 πρότερον
1087 2482 1404 2546 παιδεύσας,
1430 2484 1525 2536 καὶ
1539 2481 1738 2553 ,βελτίω
1769 2483 1919 2553 ποιή-

331 2584 452 2630 σας.
473 2567 566 2620 Διὸ
599 2567 695 2620 καὶ
727 2567 1058 2639 εὐχαριστεῖ,
1089 2568 1187 2638 οὐχ
1226 2567 1364 2638 ὑπὲρ
1402 2561 1476 2620 ὧν
1515 2566 1781 2637 ἠκούσθη,
1803 2566 1916 2620 ἀλλ’

330 2651 474 2722 ὑπὲρ
509 2644 584 2704 ὧν
621 2649 935 2721 ἐπαιδεύθη.
957 2649 1057 2704 Διὰ
1076 2651 1186 2722 γὰρ
1205 2649 1362 2704 τοῦτο
1378 2648 1642 2720 ἠκούσθη,
1665 2650 1758 2702 καὶ
1779 2665 1918 2702 παν-

330 2735 503 2805 ταχοῦ
524 2735 658 2788 πολὺ
696 2736 855 2788 τοῦτο
874 2736 1006 2806 παρ’
1025 2734 1175 2805 αὐτῷ
1193 2734 1254 2787 τὺ
1271 2736 1372 2805 τῆς
1391 2733 1738 2805 εὐχαριστίας
1757 2728 1913 2794 εἶδος.

335 2818 519 2889 Ὅπερ
552 2818 661 2889 γάρ
697 2813 871 2883 είπον,
896 2819 989 2870 καὶ
1024 2817 1198 2886 λέγων
1218 2817 1278 2870 οὐ
1300 2818 1598 2886 παύσομαι,
1619 2816 1778 2869 τοῦτο
1813 2815 1920 2886 μά-

337 2899 499 2954 λιστα
528 2899 683 2953 θυσία
709 2902 803 2954 καὶ
832 2902 1135 2972 προσφορά.
1157 2903 1340 2955 Λίθον
1369 2899 1443 2953 ὃν
1464 2899 1920 2968 ἀπεδοκίμασαν

341 2985 401 3037 οί
421 2984 887 3052 οίκοδομοῦντες,
906 2981 1084 3050 οὗτος
1102 2984 1352 3055 ἐγενήθη
1373 2986 1460 3050 εἰς
1475 2982 1628 3054 [⁸525]
1646 2981 1920 3052 κεφαλὴν

341 3069 706 3139 γωνίας.”οτι
729 3069 826 3139 μὲν
847 3071 928 3133 εἰς
947 3070 1178 3140 Χριστὸν
1196 3069 1257 3122 τὸ
1276 3069 1586 3139 εἰρημένον,
1615 3066 1776 3120 παντί
1815 3083 1918 3120 που

337 3152 520 3222 δῆλον.
542 3153 650 3205 Kal
668 3153 776 3223 γὰρ
796 3152 960 3215 αὐτὸς
979 3155 1036 3204 ἐν
1057 3154 1166 3215 τοῖς
1185 3151 1537 3220 Εὐαγγελίοις
1558 3150 1759 3222 ταύτην
1778 3167 1920 3221 παρ-

338 3235 464 3303 άγει
501 3235 600 3307 τήν
637 3235 973 3306 προφητείαν
1005 3236 1176 3304 λέγων
1196 3253 1210 3268 ο
1253 3235 1551 3290 Οὐδέποτε
1581 3234 1879 3304 ἀνέγνωτε
1903 3273 1918 3298 ,

337 3319 523 3371 Λίθον
559 3319 632 3371 ὃν
653 3318 1107 3389 ἀπεδοκίμασαν
1148 3321 1200 3372 οἰ
1232 3317 1702 3386 οἰκοδομοῦντες,
1743 3313 1922 3383 οὗτος

337 3400 591 3470 ἐγενήθη
614 3405 700 3468 εἰς
717 3402 994 3472 κεφαλὴν
1015 3404 1264 3472 rma-lac;
1285 3403 1347 3455 Εἰ
1367 3401 1422 3454 δὲ
1446 3402 1520 3471 μὴ
1540 3402 1688 3454 δοκεῖ
1723 3400 1783 3465 ἐξ
1819 3401 1920 3454 αὑ-

337 3487 440 3557 τῆς
457 3487 726 3556 ἠρτῆσθαι
746 3487 840 3557 τῆς
866 3487 1104 3556 ἱστορίας
1136 3487 1196 3540 τὸ
1230 3486 1540 3557 εἰρημένον,
1577 3483 1714 3538 ἀλλά
1752 3484 1922 3556 μέσην

337 3571 440 3640 τὴν
462 3569 782 3622 ἀκολουθίαν
802 3581 824 3608 ο
853 3571 1156 3641 διακόψασα
1194 3573 1228 3640 ἠ
1268 3571 1570 3641 προφητεία
1608 3568 1920 3640 ἐπεισῆλθε,

341 3653 658 3723 θαυμαστὸν
695 3654 1008 3718 ούδὲν,οὑδὲ
1047 3655 1232 3707 καινόν
1255 3667 1269 3682 ⁶
1309 3653 1452 3706 οὕτω
1491 3653 1600 3724 γὰρ
1633 3655 1686 3706 αἰ
1708 3651 1924 3715 πλείους

339 3737 451 3791 τῶν
491 3739 837 3809 προφητειών
875 3738 1286 3809 ἐξεφωνήθησαν
1306 3739 1364 3790 ἐν
1383 3740 1446 3809 τῇ
1472 3737 1702 3807 Παλαιᾷ,
1737 3736 1825 3788 διὰ
1864 3735 1926 3789 τὸ

340 3819 453 3874 δεῖν
489 3823 660 3882 αὑτὰς
699 3822 1085 3886 συσκιάςεσθαι
1105 3823 1261 3885 τέως,
1285 3821 1424 3874 ὥστε
1451 3820 1525 3890 μὴ
1545 3821 1725 3872 καὶτὰ
1746 3817 1926 3888 βιδλία

342 3905 485 3958 αὺτά
518 3905 916 3976 ἐξαλειφθῆναι.
937 3907 1089 3959 Ἐπεὶ
1129 3907 1221 3958 καὶ
1258 3906 1290 3975 ἡ
1337 3905 1464 3974 περὶ
1503 3903 1602 3972 τῆς
1623 3904 1926 3972 γεννήσεως

343 3989 512 4044 αὑτοῦ
529 3992 831 4062 προφητεία
849 3992 996 4044 δοκεῖ
1015 3991 1114 4060 μὲν
1133 3989 1241 4042 ἀπὸ
1259 3991 1356 4060 τῆς
1379 3989 1616 4058 ἱστορίας
1637 3987 1924 4057 ἠρτῆσθαι,

343 4075 498 4130 οὐδὲν
535 4076 590 4129 δὲ
629 4075 803 4128 κοινὸν
833 4075 946 4146 ἔχει
979 4075 1114 4145 πρὸς
1146 4073 1391 4144 ἐκείνην·
1431 4066 1542 4124 οἷον
1576 4070 1656 4134 τὸ,
1699 4069 1851 4124 Ἰδοὺ
1887 4071 1926 4137 ἠ

346 4157 643 4228 παρθένος
660 4159 731 4211 ἐν
749 4159 958 4228 γαστρί
992 4158 1272 4226 λήψεται,
1291 4157 1387 4209 καί
1408 4153 1636 4219 τέξεται
1652 4153 1806 4217 υίὸν,
1829 4152 1927 4205 καί

219 4247 230 4250 ’
347 4241 720 4296 καλέσουσιτι
764 4241 832 4295 τὸ
869 4241 1054 4310 ὄνομα
1087 4240 1274 4294 αὐτοῦ
1307 4236 1708 4309 Ἐμμανουήλ,
1732 4236 1764 4288 ὅ
1798 4235 1931 4290 ἐστι

341 4328 966 4399 μεθερμηνευόμενον,
1013 4326 1152 4380 Μεθ’
1180 4320 1349 4394 ἡμῶν
1377 4327 1408 4378 ό
1439 4323 1602 4389 Θεός.
1641 4319 1824 4374 Λίθον
1859 4317 1932 4371 ὃν

347 4411 805 4480 ἀπεδοκίμασαν
860 4414 914 4464 οἱ
967 4408 1441 4478 οἰκοδομοῦντες.
1498 4400 1930 4474 Οἰκοδομοῦντας

349 4496 500 4566 λέγει
539 4497 663 4559 τοὺς
711 4495 1029 4558 Ἰουδαίους,
1077 4496 1202 4555 τοὺς
1243 4488 1762 4562 νομοδιδασκάλους,
1802 4488 1930 4550 τοὺς

350 4591 719 4660 γραμματεῖς,
740 4589 866 4650 τοὺς
885 4586 1232 4657 Φαρισαίους,
1254 4587 1335 4639 ὅτι
1355 4579 1751 4653 ἀπεδοκίμαζον
1770 4579 1930 4634 αὐτὸν

352 4672 634 4740 λέγοντες·
665 4673 1027 4739 Σαμαρείτης
1059 4670 1112 4722 εί
1139 4669 1243 4731 σὺ,
1264 4667 1363 4719 καί
1399 4665 1706 4735 δαιμόνιον
1734 4663 1896 4734 ἔχεις
1915 4679 1928 4692 ·

354 4758 450 4811 καὶ
489 4757 682 4809 πάλινο
728 4752 916 4822 Οὗτος
938 4758 1050 4808 οὐκ
1119 4752 1289 4806 ἔστιν
1322 4753 1388 4805 ἐκ
1437 4751 1545 4805 τοῦ
1579 4749 1749 4812 Θεοῦ,
1772 4746 1936 4802 ἀλλὰ

355 4839 563 4907 πλανᾷ
580 4841 684 4894 τὸν
708 4840 915 4909 ὄχλον.
935 4839 1071 4892 Ἀλλ’
1090 4839 1240 4910 ὅμως
1259 4829 1413 4900 οὗτος
1432 4839 1460 4889 6
1477 4832 1936 4904 ἀποδοκιμασθεὶς

355 4927 532 4987 οὕτως
569 4927 738 4996 ἐφάνη
780 4925 1020 4996 δόκιμος,
1041 4923 1115 4986 ὡς
1154 4920 1404 4991 γενέσθαι
1438 4919 1678 4990 κεφαλὴν
1711 4918 1934 4987 γωνίας.

358 5011 436 5063 Οὐ
475 5009 583 5080 γὰρ
619 5013 761 5072 ἄπας
782 5008 926 5072 λίθος
946 5007 1024 5072 εἰς
1043 5006 1244 5076 γωνίαν
1265 5003 1586 5074 ἐπιτήδειος,
1605 5001 1719 5054 ἀλλ’
1741 5003 1770 5054 6
1788 5001 1934 5054 δοκι-

361 5096 632 5169 μώτατος,
654 5097 746 5150 καὶ
766 5091 825 5159 ἐξ
844 5093 1108 5165 ἑκατέρας
1129 5091 1366 5162 πλευρᾶς
1404 5091 1529 5154 τοὺς
1565 5087 1777 5158 τοίχους
1812 5103 1935 5140 συν-

428 5366 456 5394 ι
479 5364 561 5412 Sic
581 5359 738 5413 Savil.
760 5361 816 5411 In
841 5361 1015 5412 Morel.
1041 5365 1204 5410 autem
1223 5359 1338 5423 πρὸς
1359 5359 1518 5408 deest.

424 5427 454 5467 δ
475 5427 712 5475 Savilium
733 5423 1000 5486 sequimur.
1029 5423 1200 5486 Morel.
1226 5417 1348 5486 ζῲῆς
1371 5424 1419 5469 αἱ
1439 5417 1700 5486 στεναῖριᾳὶ
1718 5417 1843 5486 τεθλ.

427 5489 625 5561 ξδεξὶι.
649 5487 772 5535 ἀλλὰ
808 5479 959 5548 ’μέσον
980 5487 1065 5544 τὴν
1087 5485 1222 5535 ἁκολ.
1265 5482 1394 5535 Infra
1432 5484 1480 5532 έν
1501 5486 1559 5544 τῇ
1584 5481 1774 5544 Ποιλαιᾷ
1797 5479 1940 5529 deest

359 5554 412 5603 In
436 5550 586 5600 Savil.

428 5611 458 5654 ἆ
491 5612 640 5662 Βεθινίί.
669 5613 748 5660 καὶ
767 5612 1004 5665 καλέσεις.

1379 196 1751 255 EXPOSITIO
1787 197 1852 252 IN
1895 197 2228 256 PSALMUM
2270 201 2476 264 CXVII.

3476 215 3582 272 336

2011 313 2171 382 δῆσαι
2208 315 2504 386 δυνάμενος
2523 327 2567 368 ε.
2597 318 2662 370 '0
2698 316 2876 372 τοίνυν
2894 319 2923 372 ό
2941 321 3223 392 Προφήτης
3242 323 3408 395 λέγει,
3429 331 3586 384 τοῦτο

2007 398 2176 464 ἐστιν,
2198 401 2277 453 ὅτι
2317 403 2345 454 6
2383 401 2840 472 ἀποδοκιμασθεὶς
2876 403 3029 478 παρά
3055 405 3163 461 τῶν
3195 410 3459 466 Ἰουδαίων
3491 419 3587 470 καὶ

2008 481 2403 568 ἐξουθενηθεὶς,
2426 485 2600 550 οὕτως
2619 487 2791 558 ἐφάνη
2812 488 3145 559 θαυμαστὸς,
3169 491 3308 546 ὥστε
3331 495 3406 567 μὴ
3427 498 3586 568 μόνον

2005 566 2296 651 ἓκοδομῂν
2338 569 2572 638 ὑφῆναι,
2612 571 2750 624 ἀλλὰ
2791 573 2884 625 καὶ
2922 573 3016 626 δύο
3060 575 3317 646 συνδῆσαι
3353 566 3584 651 τοίχους,

2006 647 2200 734 Ποίους
2236 649 2299 719 δὴ
2340 651 2552 722 τοίχους
2577 669 2591 718 ;
2621 655 2760 718 Τοὺς
2793 654 2854 720 ἐξ
2887 656 3156 711 Ἰουδαίων
3196 661 3290 713 καὶ
3322 647 3589 734 Ἑλλήνων

2007 733 2395 796 πιστεύοντας·
2443 735 2694 811 καθάπερ
2733 739 2826 791 xal
2858 741 2886 791 6
2923 739 3134 805 Παῦλος
3171 741 3318 811 λέγει
3343 761 3356 777 ο
3394 733 3590 813 Αὐτὸς

2006 813 2116 899 γάρ
2137 815 2308 870 ἐστιν
2346 819 2384 886 ἠ
2421 820 2630 888 εἰρήνη
2652 819 2838 890 ἡμῶν,
2866 826 2900 877 ό
2918 827 3179 892 ποιήσας
3199 827 3270 881 τὰ
3289 829 3590 899 ἀμφότερα

2004 897 2094 963 έν,
2134 901 2230 952 καί
2269 899 2337 953 τὸ
2368 902 2729 973 μεσότοιχον
2763 907 2871 960 τοῦ
2907 910 3180 978 φραγμοῦ
3215 897 3435 979 λύσας,
3475 897 3592 979 τὴν

2005 981 2230 1052 ἔχθραν
2247 983 2318 1037 ἐν
2334 979 2412 1053 τῇ
2429 987 2608 1054 σαρκί
2626 987 2832 1054 αὑτοῦ,
2854 990 2961 1044 τὸν
2984 993 3172 1062 νόμον
3191 993 3310 1048 τῶν
3326 996 3592 1051 ἐντολῶν

2003 1067 2076 1120 έν
2108 1065 2365 1136 δόγμασι
2399 1071 2804 1140 καταργήσας,
2831 1074 2932 1128 ἵνα
2967 1076 3109 1142 τοὺς
3145 1076 3252 1130 δύο
3286 1079 3466 1147 κτίσῃ
3505 1081 3588 1144 είς

2005 1147 2114 1203 ἕνα
2155 1149 2367 1204 καινὸν
2410 1151 2741 1220 ἄνθρωπον.
2782 1156 2892 1210 Kal
2928 1157 3120 1211 πάλινο
3173 1160 3594 1232 Ἐποικοδομη-

2007 1233 2210 1301 θέντες
2229 1233 2308 1300 τῷ
2326 1236 2574 1304 θεμελίῳ
2593 1235 2711 1290 τῶν
2727 1237 3086 1294 ἀποστόλων
3117 1243 3215 1296 καὶ
3247 1244 3589 1314 προφητῶν,

2007 1316 2182 1382 ὄντος
2213 1317 2641 1386 ἀκρογωνιαίου
2679 1321 2853 1375 λίθου
2886 1323 3089 1390 Ἰησοῦ
3133 1326 3405 1394 Χριστοῦ.
3429 1327 3504 1380 Τὸ
3534 1328 3593 1382 δὲ

2007 1400 2296 1470 εἰρημένον
2317 1400 2486 1472 πολλή
2507 1405 2812 1474 κατηγορία
2833 1407 2940 1461 τῶν
2972 1408 3262 1470 Ἰουδαίων,
3285 1411 3366 1464 δτι
3387 1412 3593 1466 οἰκοδο-

2011 1481 2237 1553 μοῦντες
2268 1483 2359 1536 τὸν
2391 1483 2694 1554 ἐπιτήδειον
2733 1487 2880 1541 λίθον
2911 1490 3013 1544 οὐκ
3033 1490 3252 1563 ἔκριναν
3275 1493 3319 1557 ί,
3343 1495 3478 1548 ἀλλὰ
3498 1496 3593 1550 xal

2008 1564 2083 1627 ώς
2121 1564 2375 1635 ἀδόκιμον
2407 1566 2658 1638 ἔρριψαν,
2687 1571 2942 1642 τοιαύτην
2974 1573 3271 1645 δυνάμενον
3307 1577 3594 1648 οἰκοδομὴν

2009 1648 2228 1719 ὑφῆναι.
2252 1651 2313 1704 Εἰ
2342 1651 2398 1704 δὲ
2435 1651 2613 1722 βούλει
2638 1655 2766 1718 τοὺς
2785 1656 2879 1708 δύο
2896 1657 3107 1727 τοίχους
3129 1659 3338 1729 μαθεῖν,
3362 1660 3594 1714 ἄκουσον
3655 1648 3658 1652 ’

2008 1731 2103 1785 καὶ⁸
2121 1731 2283 1786 αὑτοῦ
2304 1732 2398 1786 τοῦ
2419 1735 2657 1805 Χριστοῦ
2678 1735 2927 1805 λέγοντος
2953 1757 2964 1767 ·
2987 1741 3095 1794 Καὶ
3133 1741 3293 1796 ἄλλα
3331 1745 3596 1810 πρόϐατα

2008 1813 2145 1882 ἔχω.
2165 1816 2202 1868 ἆ
2221 1817 2330 1869 οὐκ
2350 1816 2521 1870 ἐστιν
2549 1818 2618 1870 ἐκ
2644 1817 2754 1886 τῆς
2775 1819 2974 1887 αὐλῆς
2994 1823 3236 1889 ταύτης,
3259 1825 3504 1878 κάκεῖνά
3516 1842 3593 1893 με

2009 1896 2105 1949 δεῖ
2117 1897 2362 1967 ἀγαγεῖν
2377 1915 2390 1929 ·
2409 1899 2508 1952 καὶ
2525 1900 2840 1969 γενήσεται
2856 1903 2966 1972 μία
2984 1907 3226 1973 ποίμνη,
3244 1903 3332 1972 εἷς
3348 1905 3592 1975 ποιμήν.

2011 1979 2180 2033 Τοῦτο
2199 1981 2294 2034 καὶ
2315 1981 2522 2036 ἀνωθεν
2541 1983 2614 2047 ώς
2636 1985 2694 2037 ἐν
2711 1984 2866 2056 τύπῳ
2886 1986 3124 2055 γέγονεν.
3145 1988 3201 2042 Ὀ
3222 1989 3330 2059 γὰρ
3346 1989 3597 2061 ’Δῦραάμ

2011 2063 2235 2132 γέγονεν
2255 2066 2532 2137 ἑκατέρων
2551 2068 2920 2140 πατριάρχης,
2941 2070 3050 2123 τῶν
3069 2089 3127 2124 τε
3149 2073 3207 2125 ἐν
3236 2074 3595 2145 ἀκροϐυστίᾳ,

2011 2147 2120 2201 τῶν
2139 2166 2198 2201 τε
2220 2151 2277 2202 ἐν
2301 2155 2567 2223 περιτομῇ
2589 2169 2602 2182 ο
2626 2151 2740 2205 ἀλλ’
2762 2155 2938 2208 ἐκεῖνο
2962 2155 3060 2224 μὲν
3077 2155 3152 2218 ώς
3172 2158 3229 2208 ἐν
3249 2157 3423 2228 τύπῳ,
3440 2157 3597 2211 τοῦτο

2012 2231 2070 2284 δὲ
2090 2232 2148 2284 ἐν
2167 2231 2412 2303 ἀληθείᾳ.
2439 2230 2627 2302 Οὗτος
2658 2235 2912 2304 ἐγενήθη
2933 2239 3020 2302 είς
3039 2239 3313 2306 κεφαλὴν
3344 2241 3560 2308 γωνίας
3575 2256 3593 2273 ο

2011 2316 2276 2379 τουτέστι,
2301 2317 2587 2387 συνέδησεν
2627 2318 2863 2390 ἑκάτερα
2900 2319 2970 2372 τὰ
3008 2319 3156 2391 ἔθνη.
3181 2321 3347 2389 Παρὰ
3379 2324 3597 2391 Κυρίου

2013 2399 2252 2470 ἐγένετο
2270 2401 2442 2469 αὕτη.
2467 2401 2532 2454 Τί
2551 2403 2668 2455 ἐστι
2687 2418 2702 2432 ο
2722 2405 2890 2471 Παρὰ
2908 2405 3129 2472 Κυρίου
3157 2404 3391 2474 ἐγένετο
3409 2407 3597 2470 αὕτη;

2015 2486 2130 2537 Ούκ
2164 2479 2232 2556 ἦν
2271 2485 2629 2558 ἀνθρώπινον,
2653 2487 2808 2558 φησὶ,
2833 2487 2895 2540 τὸ
2914 2487 3223 2558 γενόμενον,
3246 2489 3344 2541 οὐκ
3375 2485 3442 2560 ἦν
3482 2490 3597 2553 ἐνὸς
3694 2503 3705 2514 ‘

2014 2567 2120 2621 τῶν
2143 2568 2372 2632 πολλῶν,
2389 2571 2490 2623 οὐκ
2507 2566 2575 2640 ἦν
2594 2571 2861 2639 ἀγγέλων,
2880 2571 2978 2624 οὐκ
2993 2567 3061 2641 ἦν
3078 2571 3431 2642 ἁρχαγγέλων
3444 2572 3595 2644 [5261

2014 2651 2076 2704 τὸ
2112 2652 2369 2723 τοιαύτην
2405 2652 2598 2718 πλέξαι
2635 2653 2856 2721 γωνίαν.
2879 2651 3067 2716 Οὐδεὶς
3105 2653 3234 2721 γοῦν
3277 2654 3513 2724 ἴσχυσεν,
3537 2656 3599 2708 οὐ

2016 2734 2242 2799 δίκαιος,
2265 2735 2326 2787 οὐ
2368 2737 2671 2806 προφήτης,
2692 2737 2791 2788 οὐκ
2835 2735 3084 2804 ἄγγελος,
3106 2736 3206 2788 ούκ
3238 2737 3575 2804 ἀρχάγγελος

2018 2818 2156 2872 ἀλλὰ
2194 2819 2290 2872 τοῦ
2331 2818 2466 2872 Θεοῦ
2508 2819 2570 2872 τὸ
2604 2819 2932 2890 κατόρθωμα
2969 2819 3159 2886 μόνον·
3203 2819 3425 2891 καὶγὰρ
3444 2819 3603 2874 τοῦτο

2021 2901 2200 2964 ἰδικῶς
2234 2901 2398 2955 αὑτοῦ
2437 2901 2499 2954 τὸ
2536 2901 2948 2972 ἔργον.Ἕτερος
2966 2902 3021 2954 δὲ
3041 2903 3411 2973 ἑρμηνευτής·
3436 2904 3600 2971 Παρὰ

2019 2987 2240 3056 Κυρίου
2279 2985 2514 3054 ἐγένετο
2551 2986 2746 3048 τοῦτο,
2769 2987 2938 3056 φησί’
2981 2986 3248 3049 τουτέστι,
3267 2986 3328 3039 τὸ
3361 2985 3520 3057 ἔργον
3542 2987 3596 3040 τὲ

2019 3069 2331 3141 θαυμαστὸν
2369 3069 2459 3122 καὶ
2500 3069 2821 3141 παράδοξον,
2841 3070 2903 3122 τὸ
2942 3071 3041 3140 τῆς
3085 3069 3309 3138 γωνίας.
3333 3072 3444 3125 Kal
3487 3071 3602 3124 ἔστι

2020 3153 2306 3225 θαυμαστὴ
2340 3155 2397 3206 ἐν
2434 3153 2728 3224 ὀφθαλμοῖς
2746 3152 2923 3224 ἡμῶν.
2948 3149 3043 3216 Τίς
3063 3153 3118 3206 δέ
3140 3155 3257 3206 ἐστι
3279 3153 3562 3224 θαυμαστή
3584 3171 3601 3219 ;

2031 3239 2094 3292 Ἢ
2116 3239 2304 3307 γωνία,
2327 3240 2360 3309 ἠ
2384 3237 2598 3301 σύνοδος
2631 3237 2740 3290 τῶν
2760 3237 2852 3290 δύο
2873 3237 3039 3290 ἐθνῶν
3057 3239 3104 3300 ⁸,
3128 3239 3162 3307 ἠ
3205 3239 3282 3300 εἰς
3315 3238 3415 3307 τήν
3450 3238 3607 3292 εὐσέ-

2021 3324 2190 3377 6ειαν.
2215 3321 2325 3376 Kal
2345 3321 2454 3394 γὰρ
2471 3322 2535 3374 ἐκ
2553 3321 2660 3374 τῶν
2690 3319 2955 3373 Ἰουδαίων
2979 3319 3170 3374 πολλαὶ
3193 3321 3451 3391 μυριάδες
3484 3321 3605 3374 ἐπί-

2020 3421 2280 3458 στευσαν·
2326 3407 2421 3458 καὶ
2452 3405 2501 3456 οί
2545 3403 2830 3458 ἀπόστολοι
2850 3403 2906 3456 δὲ
2926 3403 2986 3468 ἐξ
3015 3403 3303 3456 Ἰουδαίων.
3331 3403 3528 3466 Καλῶς
3547 3403 3604 3456 δὲ

2021 3484 2197 3541 εἶπεν
2235 3489 2338 3541 Ἐν
2372 3486 2700 3556 ὀφθαλμοῖς
2733 3483 2944 3556 ἠμῶνιι
2966 3502 2979 3516 ⁸
3013 3487 3074 3539 οὐ
3097 3485 3205 3556 γὰρ
3226 3485 3388 3538 πᾶσίν
3408 3487 3523 3538 ἐστι
3544 3486 3606 3538 τὸ

2021 3573 2206 3644 θαῦμα
2243 3571 2564 3643 κατάδηλον.
2586 3570 2681 3634 Τίς
2701 3570 2809 3641 γὰρ
2830 3571 2930 3624 οῦκ
2961 3570 3026 3625 ἂν
3059 3570 3381 3638 ἐκπλαγείη,
3401 3568 3484 3632 τίς
3505 3568 3606 3621 οὐκ

2020 3657 2086 3711 ἂν
2127 3656 2458 3726 θαυμάσειεν
2484 3695 2500 3718 ,
2547 3655 2628 3707 ὅτι
2664 3653 2790 3707 ἔνθα
2829 3651 3144 3724 ἐσταυρώθη
3178 3652 3410 3723 Χριστός
3434 3691 3448 3715 ,
3491 3653 3607 3704 ἐκεῖ

2024 3743 2409 3812 προσκυνεῖται
2448 3738 2716 3810 Χριστόςο
2765 3738 2859 3792 καὶ
2902 3737 2952 3788 of.
2993 3736 3092 3806 μὲν
3117 3734 3528 3805 σταυρώσαντες
3547 3735 3606 3786 ἐν

2021 3811 2234 3896 ἀτιμίᾳ,
2256 3826 2306 3877 οἱ
2343 3824 2400 3876 δέ
2439 3811 2874 3893 προσκυνοῦντες
2893 3823 2950 3872 ἐν
2968 3817 3094 3888 δόξῃ
3121 3833 3136 3883 ;
3168 3818 3277 3871 Kal
3297 3817 3405 3887 γὰρ
3425 3818 3608 3869 πᾶσαν

2021 3909 2122 3977 τὴν
2141 3905 2465 3976 οἰκουμένην
2483 3905 2770 3975 διέδραμεν
2809 3905 2840 3956 6
2877 3902 3054 3970 λόγος,
3078 3902 3365 3954 συνάπτων
3383 3903 3449 3970 τῇ
3471 3899 3607 3969 ἀλη-

2026 3990 2148 4061 θείᾳ
2187 3989 2452 4051 ἃπαντας.
2473 3988 2630 4040 Ἔστι
2671 3986 2770 4057 μὲν
2800 3981 2891 4041 οὖν
2907 3986 3130 4048 καὶτοῖς
3149 3984 3398 4037 ὁπωσοῦν
3417 3983 3607 4049 ἐξετά-

2027 4074 2180 4138 ζουσι
2213 4071 2521 4143 θαυμαστὴ,
2541 4070 2722 4140 πολλῷ
2739 4071 2797 4122 δέ
2815 4068 3203 4139 ἀκριϐέστερον
3229 4069 3322 4120 καὶ
3345 4067 3606 4136 σαφέστε-

2029 4173 2121 4228 ρον
2139 4158 2251 4220 τοῖς
2271 4154 2604 4208 πιστεύουσι.
2625 4153 2725 4207 Διὰ
2743 4152 2900 4206 τοῦτο
2939 4147 3090 4203 εἶπεν
3105 4164 3120 4179 °
3155 4151 3252 4203 Ἐν
3279 4147 3608 4218 ὀφθαλμοῖς

2027 4238 2215 4310 ἡμῶν.
2258 4238 2418 4306 Αὕτη
2460 4239 2499 4307 η
2543 4235 2755 4306 ἡμέρα,
2818 4233 2900 4302 ἢν
2946 4234 3236 4300 ἐποίησεν
3278 4235 3310 4285 ό
3353 4232 3604 4298 Κύριος·

2028 4318 2545 4394 ἀγαλλιασώμεθὶι,
2570 4322 2666 4375 καί
2702 4318 3126 4389 εὐφρανθῶμεν
3145 4316 3214 4370 ἐν
3251 4313 3425 4384 αὐτῇ.
3443 4313 3612 4384 Ἡμέ-

2035 4424 2132 4476 ραν
2174 4405 2407 4460 ἐνταῦθα
2443 4405 2565 4475 οὐχὶ
2603 4407 2694 4458 τὸν
2714 4403 2913 4476 δρόμον
2932 4402 3078 4471 λέγει
3097 4399 3188 4454 τὸν
3208 4400 3452 4472 ἠλιακὸν,
3475 4398 3610 4452 ἀλλὰ

2030 4488 2100 4542 τὰ
2137 4487 2535 4560 κατορθώματα
2569 4487 2638 4541 τὰ
2683 4488 2738 4540 ἐν
2779 4486 2916 4559 αὐτῇ
2961 4485 3244 4554 γενόμενα.
3262 4483 3471 4552 Ὥσπερ
3503 4480 3612 4550 γὰρ

2033 4572 2246 4645 ἡμέραν
2301 4571 2542 4644 πονηρὰν
2577 4571 2771 4640 λέγων,
2806 4571 2865 4624 ού
2905 4569 2998 4624 τὸν
3042 4568 3239 4639 δρόμον
3283 4566 3471 4636 λέγειί
3515 4563 3612 4618 τοῦ

2033 4657 2206 4729 ἠλίου,
2231 4655 2365 4709 ἀλλά
2403 4655 2472 4708 τὰ
2510 4656 2568 4708 ἐν
2604 4655 2740 4725 αὐτῇ
2779 4654 2927 4708 κακά
2945 4668 2957 4682 ·
2980 4651 3122 4705 οὕτω
3141 4651 3236 4704 καὶ
3254 4650 3464 4722 ἡμέραν
3486 4650 3616 4717 ἀγα-

2033 4741 2153 4812 θὴν,
2195 4740 2264 4794 τά
2301 4741 2360 4792 ἐν
2399 4739 2534 4809 αὐτῇ
2575 4737 3071 4810 κατορθώματα.“υ
3107 4735 3164 4788 δέ
3198 4735 3346 4802 λέγει
3375 4730 3614 4786 τοιοῦτόν

2035 4828 2170 4879 ἐστι·
2194 4823 2274 4876 Τὰ
2292 4822 2386 4875 τοῦ
2407 4821 2538 4876 Θεοῦ
2561 4821 2978 4893 κατορθώματα,
2999 4819 3068 4874 τὰ
3087 4821 3146 4873 ἐν
3167 4819 3304 4888 αὐτῇ
3324 4817 3612 4885 γενόμενα,

2033 4911 2061 4962 6
2080 4908 2213 4972 Θεὸς
2233 4907 2456 4979 ἐποίησε
2475 4923 2487 4936 ⁸
2531 4907 2631 4974 τῆς
2662 4906 2775 4977 γὰρ
2811 4904 2993 4976 χειρὸς
3035 4901 3250 4971 ἐκείνης
3283 4899 3450 4970 μόνης
3467 4893 3536 4966 ἠν
3553 4895 3617 4948 τὸ

2037 4992 2253 5047 τελέσαι
2274 4992 2342 5046 τὰ
2362 4990 2730 5062 γεγενημένα.

2105 5236 2128 5262 ε
2151 5222 2231 5271 Sic
2254 5220 2403 5270 Savil.
2426 5217 2598 5267 Morel.
2619 5216 2729 5271 τοὺς
2749 5214 2902 5266 λίθους
2924 5227 2973 5259 σ.
2997 5211 3040 5258 δ.
3061 5209 3140 5256 καὶ
3165 5205 3274 5260 τοὺς
3288 5202 3493 5265 τοίχους.

2106 5285 2127 5353 ς
2154 5285 2280 5353 ljog_._
2300 5291 2353 5330 et
2364 5293 2526 5353 τῇσι-ξ.
2547 5276 2704 5353 βαίνει.
2728 5277 2816 5324 οὐκ
2836 5275 3050 5334 ᾔδεισαν.

2103 5349 2128 5386 Β
2152 5341 2302 5392 Saﬁl.
2327 5346 2422 5390 τῶν
2447 5341 2530 5389 δύο
2547 5341 2693 5388 λαῶν.
2797 5397 2804 5398 γ
2885 5395 2894 5398 Α
2960 5394 2973 5398 _
3108 5391 3120 5398 _
3153 5392 3169 5398 Α
3207 5387 3232 5398 ,,

2102 5406 2128 5446 δ
2153 5386 2426 5470 ἓῦὲὶίῆιὲιῑι
2448 5386 2739 5470 livet-Nidd“
2838 5395 2927 5470 γάρ
2955 5394 3055 5470 έσῙ*
3073 5386 3614 5470 τὶθξξῖέιξαέαἱέξτέἒθὲ

2041 5449 2394 5519 Sed
2413 5449 2634 5522 margine
2669 5449 2928 5522 melius-of:
2962 5455 3051 5517 γὰρ
3083 5449 3440 5522 πᾷσίνέστμτὸ
3463 5449 3617 5522 θμῦμα

2039 5509 2324 5586 ἰέῑάἆλῶζ
2343 5509 2640 5573 -ᾖιιιοίνῖτδε
2665 5509 3107 5586 ριέἰοι-ιηίμὺηἱυις
3133 5512 3322 5586 in__edil_.
3349 5509 3526 5560 Morel.

2114 5573 2240 5640 iwgi'c
2263 5573 2412 5639 Sivil.
2431 5623 2446 5650 ,
2469 5587 2594 5646 ὶέγει
2619 5573 2876 5646 pe'rperam
2896 5580 3070 5628 deerat.
3092 5577 3141 5625 in
3170 5573 3342 5624 ﬂorel.
