4018 6268
237 217 339 274 35⁵1

305 333 360 386 6.
392 328 533 399 Quid
555 329 717 403 igitur
740 340 915 402 potest
940 344 1060 387 cum
1094 331 1195 387 hoc
1229 331 1315 387 die
1347 333 1612 399 conferri,
1644 335 1695 389 in
1722 351 1829 404 quo

235 423 321 479 die
350 438 475 479 cum
501 422 810 480 hominibus
835 424 966 479 facta
1001 432 1082 479 est
1114 425 1504 489 reconciliatio,
1536 435 1591 482 et
1615 427 1824 483 diutur-

238 530 362 568 num
391 513 591 568 bellum
622 511 725 568 fuit
746 508 1086 584 diremptum.
1111 524 1165 569 et
1187 524 1325 571 terra
1352 516 1539 572 caelum
1562 519 1749 581 evasit,
1774 527 1830 574 et

238 607 484 662 homines
509 614 651 660 terra
676 604 896 674 indigni,
917 607 1010 661 visi
1039 616 1164 662 sunt
1192 623 1355 678 regno
1374 610 1539 680 digni,
1557 619 1611 665 et
1631 620 1827 666 nostra:

237 708 443 754 natura:
471 699 718 773 primitiae
747 713 909 769 super
931 700 1090 755 caelos
1116 701 1338 755 sublatae
1364 710 1507 764 sunt.
1530 713 1585 758 et
1610 715 1827 773 apertus

236 799 318 845 est
346 789 649 860 paradisus.
689 799 743 844 et
778 799 1009 845 veterem
1042 792 1263 861 patriam
1288 794 1584 863 recepimus
1608 835 1623 860 ,
1655 804 1709 850 et
1732 810 1829 850 ex-

238 889 489 950 punctum
507 888 588 935 est
602 879 963 948 maledictum,
979 889 1037 937 et
1056 882 1320 936 sublatum
1352 893 1646 953 peccatum,
1665 895 1719 940 et
1737 888 1826 956 qui

238 985 334 1040 per
361 970 532 1042 legem
556 971 723 1041 puniti
742 969 971 1037 fuerant,
990 973 1104 1027 sine
1130 972 1245 1043 lege
1265 974 1489 1030 salutem
1511 976 1826 1047 consequuti

238 1069 396 1127 sunt,
432 1073 488 1115 et
517 1071 623 1116 tota
650 1070 796 1117 terra
833 1070 888 1117 et
916 1077 1065 1117 mare
1097 1077 1251 1117 suum
1277 1066 1488 1134 agnovit
1519 1066 1819 1131 Dominum,

238 1151 420 1206 utalia
449 1151 586 1207 facta
611 1161 736 1206 sunt
764 1150 1191 1219 innumerabilia,
1224 1170 1343 1224 quae
1386 1170 1491 1209 non
1539 1171 1824 1225 possumus

238 1242 481 1297 oratione
521 1243 807 1312 persequi?
853 1243 1112 1309 Quocirca
1148 1258 1268 1298 cum
1303 1245 1415 1300 haec
1439 1247 1617 1302 omnia
1647 1260 1826 1305 mente

236 1338 490 1407 agitasset
530 1335 789 1406 propheta
814 1376 831 1401 ,
869 1338 1045 1391 omnia
1077 1337 1189 1391 Deo
1212 1336 1504 1407 adscribit,
1536 1341 1825 1397 ostendens

235 1443 352 1497 quae
374 1436 521 1495 gesta
548 1437 702 1493 sum,
729 1442 760 1481 a
789 1427 896 1482 Deo
923 1426 1063 1482 facta
1089 1442 1230 1484 esse.

299 1579 533 1633 Gaudere
567 1579 710 1631 bonis
748 1592 850 1631 non
887 1592 1043 1648 parva
1075 1577 1253 1632 uirtus.
1295 1606 1371 1619 --
1410 1577 1734 1634 Eunaeum
1766 1586 1815 1633 et

225 1671 458 1726 (ceterum-
482 1671 537 1723 in
560 1685 637 1724 ea.
668 1669 930 1725 Laetitiam
980 1669 1067 1724 hic
1127 1669 1258 1725 dicit
1282 1670 1613 1739 Spiritualem
1633 1712 1647 1735 ,
1675 1671 1815 1725 ιδ)ιί-

229 1765 366 1818 tiam
391 1763 606 1828 mentis,
635 1763 870 1817 lmtitiam
899 1762 1082 1817 animi.
1117 1762 1445 1818 Exsultemus
1468 1805 1485 1831 ,
1516 1775 1562 1818 et
1589 1764 1817 1819 lmtemur

224 1855 282 1909 in
316 1870 405 1920 ea,
437 1853 577 1924 quod
618 1863 761 1908 tanta
805 1853 961 1908 nobis
994 1853 1131 1909 bona
1161 1855 1468 1924 obtigerint.
1511 1857 1720 1911 Etenim
1749 1871 1816 1913 ne

225 1945 335 2002 hoc
360 1945 576 2017 quidem
604 1956 686 1999 est
712 1959 875 2014 parva
897 1946 1088 2014 virtus,
1110 1946 1342 2017 gaudere
1368 1947 1546 2011 bonis,
1578 1949 1812 2017 exsilire,

225 2038 425 2109 gaudio
451 2037 593 2092 afﬁci
616 2078 633 2103 ,
666 2037 761 2093 Dei
793 2037 1051 2094 beneﬁcia
1072 2054 1197 2094 cum
1224 2041 1494 2111 voluptate
1522 2043 1814 2111 suscipere.

224 2131 319 2186 25.
351 2128 399 2184 0
434 2130 685 2197 Domine,
712 2131 908 2185 salvum
934 2132 1018 2202 fac
1035 2172 1051 2197 ,
1082 2132 1283 2186 obsecro
1310 2148 1329 2187 :
1355 2149 1388 2187 ο
1423 2132 1638 2188 Domine
1655 2175 1672 2201 ,
1700 2136 1818 2188 bene

227 2238 530 2292 prosperare
550 2262 566 2289 ,
598 2223 822 2277 obsecro.
859 2222 1118 2290 Quoniam
1143 2223 1356 2280 videbat
1378 2225 1525 2280 orbis
1551 2236 1707 2281 terrae
1728 2241 1818 2281 res

227 2312 492 2368 secundas
511 2353 528 2380 ,
558 2328 846 2383 rerumque
874 2314 1244 2381 mutationem,
1270 2324 1327 2371 et
1372 2316 1426 2371 in
1468 2317 1658 2372 melius
1683 2332 1827 2373 con-7

227 2406 529 2460 versionem
578 2421 592 2458 :
630 2405 695 2459 iis
731 2406 819 2475 qui
865 2405 944 2460 eis
989 2406 1232 2461 fruuntur
1275 2406 1579 2475 gratulans,
1620 2407 1754 2464 dixit
1799 2427 1814 2464 :

232 2496 279 2551 0
311 2496 569 2564 Domine,
606 2513 781 2563 serva,
822 2497 1061 2564 obsecro;
1102 2515 1134 2552 o
1161 2497 1410 2564 Domine,
1447 2500 1570 2555 bene
1607 2518 1816 2572 prospe-

226 2605 377 2657 rare,
404 2591 630 2644 obsecro.
670 2590 783 2646 Hoc
819 2601 902 2646 est
924 2632 941 2657 ,
972 2590 1241 2647 Conserva
1279 2606 1374 2647 eos
1402 2592 1493 2663 qui
1522 2591 1769 2650 fruuntur
1800 2614 1814 2650 :

226 2689 284 2735 et
337 2689 398 2735 ut
446 2682 770 2751 impleantur
815 2691 872 2737 et
917 2683 1084 2753 gratia
1140 2682 1332 2754 dignos
1384 2685 1582 2740 fructus
1632 2694 1816 2742 osten-

226 2770 381 2839 dant,
416 2772 584 2827 redde
613 2774 695 2828 eis
721 2774 856 2827 viam
882 2774 1112 2842 facilem,
1143 2784 1202 2830 ut
1238 2786 1518 2847 postquam
1544 2781 1816 2849 assequnti

231 2863 451 2931 fuerint,
479 2881 507 2918 a
536 2866 730 2922 talibus
759 2868 915 2923 bonis
936 2885 1040 2923 non
1064 2870 1291 2938 amplius
1318 2871 1583 2927 excidant.
1600 2874 1689 2928 ‘26.
1718 2873 1818 2928 Be-

236 2955 565 3025 nedictusqui
589 2958 719 3012 venit
747 2959 800 3011 in
825 2960 1028 3014 nomine
1051 2958 1278 3014 Domini.
1316 2960 1504 3016 Nostra
1534 2964 1676 3019 enim
1711 2980 1814 3019 non

229 3048 536 3101 conisistnnt
557 3047 605 3102 in
624 3048 691 3103 iis
716 3057 917 3104 tantum
940 3066 1062 3121 quae
1081 3051 1219 3107 facta
1238 3061 1378 3117 sunt,
1404 3054 1497 3109 sed
1518 3055 1818 3125 procedunt

225 3137 297 3191 ad
326 3137 432 3192 alia
455 3138 675 3207 majora,
706 3142 1174 3208 resurrectionem,
1198 3158 1441 3213 regnum,
1465 3142 1821 3202 hereditatem

224 3242 351 3281 cum
379 3225 597 3283 Christo
616 3247 630 3283 :
649 3245 768 3299 qua:
787 3232 965 3287 omnia
985 3234 1169 3288 volens
1196 3235 1501 3301 ostendere,
1519 3238 1812 3308 subjunxit,

227 3317 533 3373 Benedictus
557 3322 644 3390 qui
664 3323 796 3375 venit
820 3324 873 3378 in
895 3325 1097 3379 nomine
1114 3324 1340 3381 Domini.
1370 3328 1481 3383 Hoc
1502 3330 1662 3384 etiam
1683 3330 1819 3385 dixit

221 3410 473 3466 Christus
497 3411 699 3467 Iudaeis
731 3431 745 3466 :
777 3416 955 3481 Amen,
981 3432 1129 3472 amen
1153 3419 1267 3473 dico
1288 3418 1426 3473 vobis
1451 3437 1470 3474 :
1498 3437 1602 3474 non
1629 3439 1709 3477 me
1734 3425 1815 3478 vi-

221 3501 405 3557 debitis
425 3503 585 3557 donec
609 3505 808 3570 dicatis,
830 3504 1132 3562 Benedictus
1155 3511 1242 3579 qui
1265 3511 1395 3564 venit
1412 3513 1469 3565 in
1487 3512 1688 3567 nomine
1700 3513 1814 3567 Do-

220 3593 351 3647 mini
371 3591 587 3666 (blattis.
608 3594 829 3667 25.58).
852 3597 1112 3664 Quoniam
1133 3600 1276 3655 enim
1302 3616 1449 3671 saepe
1472 3602 1809 3673 objiciebant,

220 3692 279 3737 et
304 3685 357 3739 id
378 3699 580 3754 susque
597 3684 771 3756 deque
793 3688 1107 3757 miscebant,
1126 3692 1264 3761 quod
1287 3707 1392 3747 non
1414 3703 1558 3749 esset
1583 3710 1648 3750 ex
1679 3695 1810 3762 Deo,

219 3776 367 3847 quod
404 3787 554 3834 esset
586 3779 678 3833 Dei
715 3780 883 3836 hostis
915 3801 930 3837 :
958 3782 1086 3837 dicit
1108 3785 1207 3851 eis,
1238 3785 1341 3841 Vos
1368 3786 1496 3842 mihi
1527 3787 1711 3844 feretis
1735 3798 1813 3846 te-

218 3868 535 3923 stimonium
562 3872 703 3940 quod
730 3888 835 3927 non
861 3887 979 3929 sum
1009 3876 1100 3930 Dei
1132 3875 1314 3942 hostis,
1339 3879 1550 3947 quando
1574 3881 1811 3937 videritis

217 3958 531 4014 venientem
575 3960 628 4014 in
676 3963 923 4029 nubibus,
955 3974 1010 4020 et
1040 3966 1175 4021 hanc
1202 3969 1489 4025 emiseritis
1516 3987 1702 4028 vocem
1730 3974 1811 4029 di-

215 4058 407 4103 centes
426 4092 443 4117 ,
470 4049 773 4107 Benedictus
793 4056 879 4123 qui
900 4056 1032 4109 venit
1065 4057 1120 4110 in
1157 4058 1358 4112 nomine
1387 4059 1595 4116 Domini
1612 4103 1627 4126 ,
1659 4063 1811 4120 bonis

217 4142 403 4198 verbis
429 4153 486 4198 et
511 4145 666 4200 laude
695 4147 867 4216 plenis
887 4147 956 4203 ab
979 4150 1121 4205 onmi
1150 4151 1461 4210 defensione
1489 4156 1695 4226 seipsos
1719 4174 1812 4213 ex-

216 4234 523 4291 cludentes.
555 4237 750 4293 Eorum
778 4240 920 4296 enim
949 4258 1069 4313 quae
1095 4254 1221 4299 tunc
1247 4246 1375 4301 ﬁent
1395 4248 1657 4305 evidentia
1687 4251 1806 4306 efﬁ-

215 4330 342 4392 ciet,
372 4337 430 4383 ut
455 4344 576 4384 eam
604 4346 790 4387 vocem
815 4334 1093 4398 emittant,
1131 4337 1288 4393 simul
1329 4347 1383 4394 et
1406 4339 1727 4411 iaudantes,
1754 4354 1811 4402 et

217 4433 438 4489 gravem
489 4420 543 4474 in
589 4421 796 4491 seipsos
822 4429 1211 4481 accusationem
1243 4428 1597 4489 instituentcs.
1642 4435 1805 4492 Bene-

217 4514 443 4567 ditrimus
468 4514 605 4569 vobis
639 4517 703 4570 de
742 4516 891 4571 domo
923 4517 1144 4574 Domini.
1172 4522 1263 4576 27.
1292 4522 1434 4580 Deus
1462 4525 1730 4596 Dominus,
1761 4540 1808 4585 et

216 4604 387 4659 illuxit
428 4605 594 4660 nobis.
635 4607 770 4663 Dicit
808 4624 1022 4666 omnem
1068 4614 1318 4682 populum
1361 4617 1604 4687 fidelem,
1633 4622 1722 4691 qui
1753 4624 1805 4680 in

218 4695 379 4750 domo
408 4695 622 4751 Domini
647 4697 873 4769 adeptus
899 4711 982 4755 est
1012 4701 1455 4761 benedictionem.
1501 4709 1806 4768 Cernuntur

217 4787 359 4841 enim
401 4787 602 4855 ubique
636 4791 943 4859 prophetae,
972 4792 1156 4850 beatos
1185 4795 1424 4853 dicentes
1448 4813 1542 4854 eos
1567 4804 1654 4871 qui
1681 4813 1807 4860 sunt

219 4879 496 4933 credituri.
519 4879 630 4947 Qua
651 4882 720 4937 de
738 4898 895 4938 causa
917 4884 1284 4951 benedixistis,
1309 4897 1363 4944 et
1385 4891 1649 4947 undenam
1677 4895 1804 4950 bea-

218 4969 423 5023 titudo?
452 4968 711 5037 Quoniam
746 4972 886 5030 Deus
911 4978 1153 5046 apparuit
1175 4979 1346 5034 nobis.
1365 4980 1616 5051 Apparuit
1638 4984 1801 5052 enim,

217 5060 405 5131 inquit,
436 5063 602 5133 gratia
629 5063 727 5118 Dei
749 5066 1006 5132 salutaris,
1035 5070 1269 5124 erudiens
1306 5088 1397 5125 nos
1417 5115 1431 5138 ,
1468 5084 1523 5127 ut
1560 5074 1804 5149 abnegata

220 5153 478 5224 impietate
502 5166 552 5209 et
574 5158 846 5213 mundanis
882 5160 1140 5216 desideriis
1164 5204 1178 5229 ,
1215 5163 1466 5230 modeste,
1485 5166 1628 5237 juste
1649 5178 1694 5222 et
1725 5171 1804 5239 pie

219 5248 464 5313 vivamus,
486 5258 826 5319 exspectantes
849 5253 1043 5307 beatam
1070 5271 1211 5323 spem
1230 5265 1276 5309 et
1302 5257 1668 5325 apparitionem
1690 5277 1804 5315 ma-

220 5359 249 5411 g
269 5347 304 5400 ti
331 5346 429 5402 Dei
454 5355 501 5403 et
536 5348 819 5405 Seruatoris
854 5350 1012 5405 nostri
1034 5351 1158 5406 Iesu
1182 5351 1367 5408 Christi
1419 5353 1439 5425 (
1469 5350 1570 5408 Tit.
1613 5354 1670 5411 2.
1702 5356 1802 5411 il-

221 5437 329 5511 ia).
352 5440 777 5498 incarnationem
798 5457 925 5515 ergo
944 5443 1031 5498 hic
1049 5443 1341 5499 admiratur
1363 5448 1642 5516 pr0pheta,
1662 5450 1801 5518 quod

222 5545 339 5586 cum
368 5533 510 5589 Deus
537 5544 699 5601 esset,
728 5547 783 5591 et
809 5534 1082 5602 Dominus,
1106 5546 1161 5591 et
1186 5536 1328 5592 illius
1350 5538 1683 5606 substantiae,
1709 5556 1805 5609 ap-

223 5626 475 5690 paruerit.
514 5626 656 5682 Dixit
690 5635 879 5681 autem.
910 5628 1317 5697 apporitionem,
1353 5630 1531 5685 carnis
1554 5630 1802 5686 humanm

222 5717 646 5786 susceptionem,
690 5718 1003 5789 virginalem
1052 5719 1253 5777 scilicet
1294 5730 1504 5778 uterum
1549 5724 1795 5791 subiisse,

1371 216 1733 275 EXPOSITIO
1771 217 1837 274 ΙΝ
1873 218 2199 279 PSALMUM
2236 222 2416 280 CXIX.

3416 239 3521 297 338

1938 340 2204 395 hominem
2234 341 2433 398 factum
2458 357 2595 410 esse,
2624 354 2679 401 et
2703 357 2966 404 versatum
2996 365 3117 407 esse
3142 368 3262 412 cum
3290 358 3520 416 homini-

1938 429 2056 486 bus.
2099 432 2163 486 Et
2191 433 2310 489 ideo
2338 434 2475 490 dixit
2507 455 2520 491 :
2544 435 2900 493 Benediximus
2924 441 3060 495 uobis
3078 485 3093 507 ,
3123 446 3263 513 quod
3292 450 3396 504 tale
3422 450 3522 505 do—

1936 538 2061 577 num
2103 526 2219 581 sitis
2254 530 2590 599 consequuti.
2622 529 2734 586 Hoc
2756 531 3187 605 etiam\Christus
3213 539 3518 608 signiﬁcans

1933 614 2144 672 diccbat
2174 637 2187 674 :
2223 619 2375 675 Multi
2408 624 2666 692 propheta:
2693 634 2740 679 et
2758 627 2888 698 justi
2911 628 3318 686 desideramus
3350 635 3519 690 videre

1929 725 2046 775 qua:
2064 712 2257 778 videtis,
2276 723 2324 768 et
2350 731 2449 768 non
2464 717 2710 782 viderunt,
2725 730 2772 771 et
2791 721 2970 775 audire
2992 738 3104 793 qum
3122 724 3329 793 auditis,
3350 737 3398 780 et
3414 744 3516 781 non

1932 799 2199 856 audierunt
2233 803 2443 873 (Matth.
2473 808 2562 863 15.
2588 809 2701 879 17).
2748 808 3044 867 Constituite
3079 815 3211 868 diem
3243 814 3518 873 soiemuem

1932 889 1985 944 in
2009 891 2296 962 condensis,
2327 913 2483 963 usque
2521 899 2589 953 ad
2630 917 2788 954 cornu
2823 905 3020 958 altaris.
3064 905 3215 961 Alius
3257 908 3518 978 interpres

1930 982 2005 1038 ait
2035 1002 2045 1036 :
2072 984 2321 1057 Colligate
2346 989 2400 1043 in
2424 991 2603 1045 celebri
2622 1004 2870 1048 conventu
2890 996 3162 1051 condensa.
3196 1000 3366 1067 Alius,
3396 1003 3519 1057 Alli-

1929 1083 2042 1143 gate
2069 1080 2253 1148 festum
2276 1080 2329 1133 in
2352 1081 2636 1152 pinguibus.
2664 1086 2709 1139 Δ
2745 1085 3020 1155 prophetia
3049 1105 3235 1145 rursus
3264 1091 3422 1147 rediit
3448 1094 3515 1148 ad

1931 1166 2223 1224 historiam.
2278 1171 2389 1226 Hoc
2425 1183 2507 1227 est
2541 1182 2718 1228 autem
2744 1177 2886 1245 quod
2913 1178 3040 1233 dicit
3067 1197 3080 1233 :
3113 1178 3328 1235 Festum
3355 1184 3513 1253 agite,

1928 1257 2233 1330 frequentes
2253 1265 2553 1320 convenite.
2577 1266 2713 1334 Quid
2734 1279 2817 1324 est
2836 1279 3034 1336 autem,
3065 1270 3361 1328 Constituite
3384 1275 3516 1329 diem

1927 1353 2201 1408 solemnem
2218 1356 2271 1409 in
2293 1356 2595 1412 condensis?
2622 1359 2692 1415 Ut
2712 1362 2821 1415 vult
2838 1362 3049 1431 quidem
3073 1379 3209 1420 unus
3230 1366 3511 1435 interpres.

1927 1441 2229 1512 Sacriﬁcate
2254 1446 2549 1516 splendidas
2575 1450 2783 1506 hostias.
2810 1451 2882 1508 Ut
2909 1454 3044 1509 alius
3074 1462 3273 1521 autem,
3303 1455 3515 1513 Coronis

1925 1545 1974 1589 et
1994 1537 2151 1591 ramis
2171 1541 2413 1609 templum
2437 1540 2619 1612 cingite
2647 1542 2741 1614 (a).
2772 1543 3091 1601 Hebraicum
3121 1554 3299 1602 autem
3331 1548 3401 1603 ita
3430 1548 3513 1604 di-

1925 1625 2019 1692 cit,
2052 1626 2215 1683 Esrou
2249 1646 2316 1701 ag
2352 1631 2484 1686 baad
2522 1634 2755 1689 ot/ttltim.
2806 1635 2929 1691 Sive
2969 1636 3072 1693 hoc
3111 1652 3240 1711 ergo
3280 1639 3368 1704 sit,
3398 1639 3513 1696 sive

1927 1716 2079 1783 illud,
2106 1720 2367 1790 signiﬁcat
2391 1723 2606 1788 festum,
2650 1734 2704 1780 et
2745 1725 2884 1781 diem
2930 1726 3132 1796 laetum,
3164 1741 3216 1783 et
3244 1731 3509 1786 celebrem

1924 1820 2268 1866 conventum.
2314 1813 2359 1867 A
2402 1815 2767 1884 spiritualibus
2804 1818 2946 1872 enim
2994 1820 3286 1875 orationem
3329 1838 3513 1876 rursus

1926 1901 2165 1957 traduxit
2186 1902 2252 1957 ad
2279 1904 2514 1971 sensilia,
2541 1915 2595 1961 et
2620 1902 2862 1962 meminit
2889 1909 3099 1963 illorum
3127 1911 3348 1967 reditus.

1996 1993 2174 2049 Gratia
2194 1995 2301 2048 Deo
2330 1998 2527 2067 agenda
2562 1999 2712 2051 etiam
2737 1999 2846 2054 sine
2862 2001 3152 2069 'bene/iciis.
3170 2032 3241 2042 —-
3261 2003 3351 2058 28.
3374 2002 3512 2059 Deus

1924 2099 2063 2137 meus
2083 2102 2132 2139 es
2156 2096 2230 2150 tu,
2263 2096 2309 2138 et
2336 2088 2611 2155 conﬁtebor
2632 2089 2725 2144 tibi
2753 2104 2775 2143 .'
2797 2088 2935 2144 Deus
2961 2108 3102 2146 meus
3130 2109 3181 2147 es
3205 2104 3279 2159 tu,
3298 2103 3347 2147 et
3369 2096 3512 2149 exal-
3578 2136 3589 2153 κ

1922 2173 2040 2227 tabo
2064 2185 2129 2228 te.
2163 2176 2448 2245 conﬁtebor
2476 2178 2564 2231 tibi
2589 2180 2826 2249 quoniam
2854 2182 3104 2235 exaudisti
3132 2198 3211 2237 me
3229 2224 3245 2248 ,
3271 2194 3317 2237 et
3346 2186 3510 2256 {actus

1924 2282 1978 2321 es
2004 2267 2129 2322 mihi
2174 2268 2228 2322 in
2267 2271 2500 2323 salutem.
2544 2269 2642 2325 llic
2667 2272 2895 2326 ostendit
2923 2274 3082 2328 etiam
3113 2274 3313 2346 absque
3341 2277 3506 2330 bene-

1925 2358 2061 2414 ficiis
2089 2359 2198 2415 Deo
2217 2374 2337 2414 esse
2362 2360 2595 2431 agendas
2621 2363 2817 2430 gratias
2837 2404 2851 2429 ,
2881 2374 2935 2418 et
2960 2376 3179 2434 propter
3204 2366 3305 2421 hoc
3335 2368 3504 2436 ipsum

1920 2464 2044 2507 esse
2062 2450 2228 2522 gloria
2245 2460 2300 2506 et
2317 2452 2518 2507 honore
2538 2452 2895 2521 afﬁciendum,
2916 2466 3131 2526 propter
3151 2458 3503 2527 majestatem,

1924 2553 2141 2615 propter
2160 2542 2529 2612 substantiam,
2550 2555 2768 2615 propter
2786 2547 3009 2615 gloriam
3032 2549 3370 2606 inell‘abilem.
3396 2550 3511 2607 Hoc

1921 2636 2069 2691 enim
2117 2636 2411 2708 signiﬁcat,
2452 2650 2730 2709 postquam
2759 2641 2896 2696 dixit
2922 2642 3175 2698 beneﬁcia
3203 2647 3394 2715 quibus
3422 2657 3506 2701 est

1921 2727 2159 2796 affectus,
2198 2729 2277 2785 sic
2314 2731 2654 2803 subjungens.
2708 2733 2847 2788 Dicit
2885 2734 3025 2789 enim
3059 2754 3072 2789 :
3104 2738 3273 2791 Etiam
3304 2740 3505 2807 absque

1920 2819 2006 2874 his
2034 2835 2185 2891 agam
2210 2822 2442 2892 gratias,
2474 2832 2528 2878 et
2550 2825 2880 2892 confitebor,
2915 2828 3055 2896 quod
3089 2828 3245 2883 talem
3278 2830 3503 2885 habeant

1925 2911 2230 2980 Dominum,
2261 2914 2398 2969 adeo
2427 2915 2614 2983 altum,
2641 2917 2776 2971 adeo
2806 2933 3071 2987 magnum,
3100 2929 3154 2974 et
3175 2922 3262 2990 qui
3300 2937 3398 2978 nec
3424 2924 3505 2975 vi-

1920 3002 2056 3066 deri,
2084 3018 2183 3058 nec
2208 3004 2589 3074 comprehendi
2629 3015 2821 3076 potest.
2864 3008 2995 3062 lllud
3031 3011 3193 3074 enim,
3227 3010 3509 3078 Exaltabo,’

1919 3095 2180 3163 signiﬁcat
2196 3097 2523 3166 gloriﬁcabo.
2551 3096 2640 3153 29.
2665 3097 2986 3167 Conﬁtemini
3013 3099 3244 3167 Domino,
3264 3106 3501 3174 quoniam

1918 3186 2098 3254 bonus,
2121 3191 2358 3255 quoniam
2377 3192 2430 3245 in
2445 3192 2686 3246 saeculum
2702 3193 3043 3247 misericordia
3070 3196 3197 3265 ejus.
3230 3195 3344 3251 Non
3376 3199 3504 3253 satis

1875 3316 1879 3325 ι
1920 3279 2080 3335 habet
2120 3280 2263 3351 quod
2305 3281 2419 3351 ipse
2468 3283 2572 3338 hoc
2613 3283 2770 3339 oii'ert
2806 3284 3147 3353 sacrilicium,
3179 3287 3271 3345 sed
3308 3290 3503 3345 multos

1918 3375 2077 3429 etiam
2104 3384 2293 3442 vocat,
2323 3385 2380 3431 ut
2403 3376 2511 3431 sint
2539 3377 2671 3433 socii
2699 3387 2753 3433 ct
2780 3380 3064 3450 participes
3090 3381 3259 3437 laudis
3289 3391 3344 3437 ct
3378 3398 3504 3455 gru-

1918 3465 2110 3519 tiarum
2136 3466 2364 3522 actionis
2392 3485 2407 3522 :
2439 3477 2495 3522 et
2536 3467 2634 3522 Dei
2677 3468 3054 3541 benignitatem
3083 3473 3356 3542 praedicat,
3386 3473 3497 3543 ejus

1917 3559 2325 3627 perpetuitatem
2340 3569 2394 3614 et
2414 3561 2827 3631 magnitudinem
2844 3562 3041 3634 ubique
3053 3565 3347 3620 celebrans.
3366 3564 3497 3619 Cum

1916 3648 2033 3705 hinc
2062 3666 2191 3720 ergo
2218 3667 2317 3708 nos
2341 3668 2551 3724 quoque
2580 3654 2839 3722 sciamus,
2867 3670 3275 3726 permaneamtts
3302 3659 3499 3728 gratias

1916 3750 2174 3810 perpetuo
2212 3753 2430 3814 agentes
2467 3742 2694 3815 benigno
2723 3745 2850 3813 Deo,
2887 3757 2940 3803 et
2979 3748 3083 3803 hoc
3123 3749 3172 3804 ei
3213 3748 3500 3804 offeramus

1914 3834 2253 3898 sacriﬁcium,
2290 3844 2349 3889 ut
2375 3835 2513 3890 bona
2541 3839 2701 3893 etiam
2729 3837 2902 3894 futura
2928 3855 3343 3911 consequamur,
3370 3857 3495 3912 gra-

1915 3923 1986 3978 tia
2009 3933 2062 3979 et
2088 3924 2407 3995 benignitate
2429 3927 2637 3983 Domini
2661 3928 2826 3983 nostri
2847 3928 2971 3984 Jesn
2994 3927 3187 3985 Christi
3210 3947 3224 3983 :
3247 3945 3367 3984 cum
3392 3946 3498 4000 quo

1914 4013 2054 4068 Patri
2076 4014 2144 4067 sit
2164 4014 2328 4084 gloria
2349 4015 2505 4069 simul
2524 4030 2646 4071 cum
2666 4026 2849 4072 sancto
2874 4018 3094 4088 Spiritu,
3115 4035 3255 4074 nunc
3279 4030 3333 4075 et
3356 4008 3499 4076 sem-

1912 4118 2027 4175 per,
2056 4112 2109 4160 et
2134 4104 2190 4159 in
2215 4105 2408 4160 sucula
2436 4107 2773 4162 saeculorum.
2806 4110 2995 4164 Amen.

2395 4218 2463 4277 IN
2495 4218 2814 4275 PSALMUM
2845 4220 3031 4276 CXIX.

1947 4309 2209 4366 Canticum
2233 4311 2506 4384 graduum.
2539 4314 2689 4367 Alius
2717 4316 2978 4379 interpres
3004 4315 3167 4384 dicit,
3196 4316 3457 4373 Canticum

2469 4409 2821 4459 ascensionum
2852 4406 2950 4478 (ό).

1911 4499 1962 4555 1.
1980 4497 2060 4551 Ad
2074 4495 2351 4551 Dominum
2376 4512 2487 4551 cum
2514 4495 2783 4551 tribularer
2797 4496 3030 4561 clamaui,
3051 4508 3095 4555 et
3115 4503 3367 4557 exaudiuit
3396 4521 3490 4559 ine.

1981 4613 2034 4666 1.
2064 4609 2326 4665 Graduum
2351 4610 2602 4664 canticum
2625 4618 2759 4665 unde
2783 4612 2993 4667 dictum.
3015 4643 3086 4655 --
3115 4615 3351 4670 Aliorum
3380 4618 3497 4687 qui.

1908 4701 2033 4756 dem
2062 4701 2398 4757 Psalmorum
2431 4702 2791 4771 unusquisque
2817 4706 3080 4772 propriam
3112 4704 3273 4762 habet
3300 4707 3491 4763 inscri-

1908 4796 2142 4865 ptionem
2163 4835 2179 4859 ,
2216 4794 2303 4849 hic
2328 4804 2504 4852 autem
2534 4796 2712 4851 multis
2742 4798 2900 4852 simul
2935 4800 3235 4869 conjunctis
3260 4818 3362 4859 una
3396 4804 3494 4857 im-

1908 4887 2079 4957 posita
2107 4894 2190 4940 est
2217 4886 2519 4957 appellatio.
2553 4885 2822 4942 Canticum
2850 4890 3124 4959 graduum,
3145 4893 3248 4956 vel,
3273 4905 3332 4947 ut
3356 4893 3492 4949 alios

1907 4978 2047 5032 dixit
2097 4979 2360 5048 interpres
2382 5020 2397 5046 ,
2441 4978 2821 5034 Ascensionum.
2875 4980 3126 5037 Nonnulli
3171 4991 3350 5038 autem
3394 5001 3492 5040 eos

1907 5072 2066 5126 etiam
2093 5074 2282 5142 gradus
2301 5072 2588 5143 appellant.
2618 5072 2687 5127 Et
2708 5088 2933 5142 quanam
2965 5074 3033 5128 de
3060 5088 3239 5139 causa,
3258 5075 3484 5144 inquies,

1968 5184 2041 5247 (a)
2066 5186 2148 5235 Ha:
2169 5186 2600 5248 interpretationes
2619 5188 2801 5248 quinta}
2822 5185 3036 5237 fmtassrs
3058 5192 3111 5237 et
3133 5194 3290 5239 sexta:
3313 5189 3489 5239 Editioo‘

1904 5245 2175 5324 numsu‘nt.
2197 5245 2323 5324 Vide
2345 5247 2395 5296 in
2417 5245 2649 5324 Hexapiis‘
2664 5246 2756 5324 hoc
2779 5246 2900 5324 loco.
2972 5313 3084 5324 MM
3225 5313 3235 5323 .
3413 5313 3444 5324 η

1968 5312 2052 5383 (ὁ)
2079 5313 2386 5383 contulimus
2428 5327 2540 5363 cum
2579 5314 2758 5383 Codice
2796 5314 2916 5376 Reg.
2960 5313 3119 5383 .2909,
3153 5313 3257 5383 quin
3276 5313 3474 5383 mendis

1902 5373 2089 5444 scatetx
2136 5375 2387 5444 Interpi'es
2423 5386 2561 5444 vero
2595 5374 2721 5444 apud
2766 5373 2916 5444 quem
2959 5373 3184 5444 legi_tnr,_
3223 5373 3471 5444 Canticum

1901 5434 2237 5497 ascensiomtm
2261 5434 2521 5497 (13:69:16st
2539 5434 2845 5497 ἀναϐάσεαὶν)
2862 5470 2876 5486 .
2911 5443 2988 5483 est
3015 5434 3291 5485 Theodot‘o
3315 5450 3328 5482 :
3358 5436 3470 5485 vide

1903 5495 1953 5546 in
1978 5494 2218 5559 Hexaplis
2248 5494 2447 5559 nostris,
2490 5496 2648 5559 Hujus
2690 5494 2857 5559 porro.
2881 5503 2934 5544 et
2966 5501 3288 5559 sequentium
3331 5498 3472 5547 Psal-

1901 5564 2092 5622 morurn
2123 5554 2481 5622 interpretatio
2528 5554 2706 5604 Latina
2739 5555 2950 5622 habetur
2979 5554 3227 5622 ii_i:tr‘.odice
3254 5561 3467 5622 quodam

1901 5618 2248 5683 Qtlobomano,
2274 5618 2416 5683 cujus
2438 5618 2543 5683 haec
2576 5624 2658 5683 es_t._
2678 5624 2798 5683 nota
2820 5618 2875 5666 Β.
2916 5619 2970 5683 Υ.
2998 5619 3075 5683 48.
3104 5618 3360 5683 Ιιιρὶρὶῐείιι
3387 5635 3466 5669 em

1898 5680 2005 5748 sic:
2038 5683 2153 5748 Cum
2175 5675 2459 5748 caeterifere
2477 5676 2659 5743 singuli
2684 5677 2868 5730 Psalmt
2888 5678 3106 5746 singulas
3125 5675 3236 5732 suos
3253 5695 3469 5734 seorsum

1900 5740 2102 5792 habeant
2128 5738 2483 5804 inscriptibnes,
2507 5738 2606 5792 etc.
