4018 6268
503 237 607 296 339

502 355 573 408 ita
602 361 722 407 sunt
751 344 1040 420 appellati?
1073 343 1128 400 Si
1154 342 1428 397 historiam
1457 336 1668 409 quidem
1694 345 1924 406 spectes,
1948 348 2080 405 quo-

502 445 644 500 niam
672 444 957 512 loquuntur
979 437 1048 492 de
1073 436 1246 491 reditu
1269 448 1334 488 ex
1361 431 1654 502 Babylone,
1682 438 1734 484 et
1759 425 2082 498 captivitatis

500 551 621 604 qua:
669 533 778 588 illic
818 530 916 585 fuit
962 526 1286 584 mentionem
1322 522 1562 577 faciunt:
1595 519 1688 575 sed
1714 519 1759 574 si
1786 533 1878 573 eos
1903 530 2084 572 sumas

500 625 809 695 anagogice,
850 619 990 692 quod
1017 618 1084 673 ad
1120 618 1254 670 viam
1286 615 1495 669 virtutis
1535 612 1800 666 deducant
1827 627 1840 663 :
1868 607 2082 678 quidam

503 715 646 770 enim
687 727 781 767 eos
819 711 889 765 ita
929 715 1268 778 acceperunt.
1313 705 1445 759 Nam
1474 703 1557 756 via
1599 717 1717 773 qua:
1746 717 1810 756 eo
1836 699 2080 760 deducit,

503 813 586 859 est
610 802 798 858 similis
826 801 1094 871 gradibus,
1121 799 1289 851 virum
1319 796 1512 848 virtute
1537 802 1589 848 et
1616 792 1869 861 sapientia
1896 789 2083 858 pra-di-

506 909 615 951 tum
656 896 906 965 paulatim
949 891 1180 946 evehens
1223 897 1276 943 et
1315 887 1620 949 sustollens,
1648 894 1702 939 et
1725 899 1848 939 eum
1885 883 1936 936 in
1967 882 2082 950 ipso

504 988 636 1042 eaalo
663 996 919 1039 statuens.
947 983 1047 1037 Alii
1081 990 1258 1035 autem
1283 979 1465 1033 dicunt
1493 992 1590 1047 per
1615 976 1730 1029 haec
1758 971 2080 1028 subindicari

509 1077 702 1132 scalam
734 1074 896 1130 Jacob
919 1115 934 1140 ,
974 1086 1091 1141 quae
1132 1070 1228 1139 ipsi
1259 1078 1468 1123 ostensa
1499 1075 1581 1120 est
1607 1065 1673 1118 ad
1701 1064 1888 1119 caelum
1917 1077 2082 1130 usque

503 1169 828 1238 pertingens.
847 1167 936 1222 .lta
962 1164 1118 1218 etiam
1139 1161 1388 1232 gradibus
1416 1170 1468 1216 et
1495 1158 1651 1213 scalis
1675 1156 1946 1225 subjectis,
1967 1154 2088 1207 loca

503 1261 568 1317 ad
597 1277 714 1331 qua:
741 1275 846 1314 non
870 1266 1009 1328 patet
1029 1256 1220 1319 aditus,
1245 1261 1432 1323 etquae
1457 1259 1580 1305 sunt
1603 1248 1912 1311 excelsiora,
1935 1245 2084 1299 adire

506 1361 746 1423 possunt.
775 1351 1033 1419 Quoniam
1052 1358 1226 1402 autem
1249 1360 1342 1400 eos
1363 1344 1450 1414 qui
1473 1340 1785 1405 ascendunt,
1806 1348 2083 1408 postquam

507 1446 560 1499 in
581 1445 741 1499 altum
765 1444 938 1498 evecti
966 1442 1178 1506 fuerint,
1199 1439 1430 1508 caligare
1451 1448 1669 1490 necesse
1687 1440 1787 1498 est,
1807 1440 2083 1501 propterea

509 1550 614 1590 non
658 1549 752 1590 eos
793 1533 962 1587 solum
989 1531 1079 1602 qui
1110 1528 1435 1593 ascendunt,
1467 1525 1561 1580 sed
1590 1540 1682 1578 eos
1712 1523 1873 1576 etiam
1902 1520 1988 1590 qui
2018 1519 2084 1573 ad

505 1626 677 1695 ipsum
703 1639 960 1679 cacumen
991 1628 1364 1692 pervenerunt,
1388 1626 1604 1686 accepta
1629 1615 1873 1669 cautione
1892 1611 2086 1667 confir-

504 1717 637 1770 mari
666 1724 894 1785 oportet.
927 1714 1043 1769 Una
1084 1723 1167 1768 est
1207 1721 1382 1765 autem
1422 1709 1712 1771 securitas,
1741 1704 1950 1775 quando
1981 1717 2085 1757 non

505 1815 756 1876 quantum
785 1805 1124 1860 ascendimus
1151 1802 1559 1872 respexerimus,
1589 1801 1660 1854 ita
1687 1807 1744 1852 ut
1766 1797 2007 1868 superba:
2032 1808 2088 1851 et

507 1898 662 1950 elata:
709 1897 901 1949 mentis
944 1893 1230 1948 evadamus
1260 1911 1273 1947 :
1301 1891 1394 1947 sed
1429 1899 1682 1962 quantum
1709 1897 1876 1944 restat
1897 1903 2086 1942 ascen-

510 1986 762 2050 dendum,
794 1984 1084 2055 conSpicati
1133 1983 1384 2038 fuerimus
1407 2024 1422 2048 ,
1453 1990 1508 2037 et
1540 1981 1606 2035 ad
1646 1979 1776 2034 illud
1804 1977 2089 2034 tetenderi-

512 2093 648 2131 tuus.
679 2075 830 2143 Quod
860 2077 1020 2130 etiam
1048 2075 1242 2129 Paulus
1266 2073 1590 2144 signiﬁcans,
1615 2070 1825 2125 dicebat
1849 2087 1862 2124 :
1895 2068 2089 2122 Eorum

509 2184 622 2238 qua:
641 2177 774 2222 retro
799 2176 914 2221 sunt
938 2167 1296 2228 obliviscentes,
1327 2163 1396 2216 ad
1422 2162 1676 2216 anteriora
1696 2169 1863 2214 autem
1884 2176 1973 2213 nos
1995 2175 2086 2212 ea;-

511 2259 762 2313 teudentes
803 2257 1074 2330 (Philipp.
1103 2257 1154 2311 5.
1183 2257 1251 2311 15
1270 2255 1312 2327 ).
1357 2255 1426 2310 Ει
1449 2263 1532 2309 est
1561 2253 1675 2308 hrec
1703 2252 1917 2324 quidem
1953 2252 2090 2306 ratio

509 2364 776 2420 anagoges
801 2367 812 2401 :
845 2363 940 2403 nos
963 2358 1139 2402 autem
1170 2346 1442 2415 deinceps,
1465 2343 1508 2398 si
1534 2344 1790 2408 videatur,
1815 2343 2090 2397 veniamus

511 2442 576 2496 ad
601 2441 896 2506 historiam,
929 2450 982 2494 et
1009 2439 1281 2494 videamus
1319 2452 1412 2493 eos
1445 2437 1534 2507 qui
1579 2438 1791 2492 fuerunt
1825 2435 2034 2491 liberati
2057 2450 2088 2489 a

513 2534 838 2603 captivitate.
869 2531 1146 2601 Quomodo
1174 2530 1334 2600 igitur
1358 2545 1388 2583 a
1409 2529 1712 2598 captivitate
1744 2528 1948 2582 liberati
1976 2526 2091 2582 fue-

515 2626 676 2680 runt?
707 2625 978 2680 Desiderio
1006 2623 1454 2694 Jerosolymorum
1488 2623 1504 2653 ³
1539 2640 1550 2674 :
1578 2636 1697 2676 cum
1723 2629 1907 2676 contra
1939 2621 1971 2674 ii
2000 2620 2090 2690 qui

515 2734 620 2772 non
652 2719 762 2786 pari
791 2719 966 2772 studio
989 2726 1141 2772 erant
1165 2716 1358 2780 allecti,
1383 2731 1450 2771 ex
1475 2715 1568 2769 Dei
1588 2716 1754 2784 gratia
1775 2713 1906 2769 nihil
1934 2714 2092 2769 lucri-

517 2805 756 2872 fecerint,
785 2807 876 2860 sed
907 2807 956 2860 in
986 2816 1232 2876 perpetua
1263 2805 1519 2860 servitute
1545 2804 1660 2859 dies
1688 2820 1812 2860 suos
1841 2803 2089 2863 obierint.

514 2912 648 2966 quos
678 2913 775 2951 nos
802 2899 960 2965 etiam
987 2897 1030 2952 si
1063 2897 1328 2951 imitentur
1351 2936 1368 2961 ,
1397 2896 1466 2948 idi
1478 2910 1628 2964 psum
1657 2895 1860 2964 passuri
1887 2909 2090 2949 sumus.

515 2989 568 3044 Si
595 2990 735 3043 enim
764 2981 945 3042 amore
969 2990 1257 3043 caelestium
1281 3029 1295 3053 ,
1323 2997 1376 3042 et
1400 2986 1664 3042 desiderio
1689 2988 1916 3042 caelestis
1941 2986 2095 3041 Jeru-

516 3079 680 3134 salem
723 3095 830 3134 non
866 3090 1159 3144 teneamur,
1188 3078 1280 3132 sed
1321 3077 1365 3131 si
1411 3077 1655 3146 praesenti
1682 3077 1802 3131 vitae
1838 3087 2095 3146 perpetuo

518 3169 836 3236 haereamus,
861 3171 910 3223 iu
933 3184 1087 3224 cceno
1108 3167 1439 3222 saecularium
1462 3182 1710 3223 curarum
1732 3167 1970 3233 volutati,
1990 3183 2094 3222 non

519 3260 808 3328 poterimus
839 3261 1060 3329 patriam
1090 3261 1349 3327 recipere.

588 3349 877 3420 Aﬁlictiouis
920 3351 1153 3414 lucrum;
1182 3349 1379 3420 aﬂlictio
1413 3348 1686 3403 maximam
1727 3348 2097 3402 excusationem

521 3439 687 3492 habet.
747 3469 818 3480 -—
857 3441 934 3493 Ad
978 3439 1250 3493 Domiuunt
1288 3456 1403 3493 cum
1448 3438 1713 3492 tribularer
1755 3437 1965 3491 clamavi
1990 3478 2006 3504 ,
2050 3446 2096 3490 et

518 3529 773 3584 exaudivit
810 3545 907 3582 me.
948 3529 1136 3584 Vidisti
1185 3531 1389 3584 lucrum
1428 3528 1769 3583 aﬂlictionis?
1797 3529 1972 3584 vidisti
2005 3543 2096 3582 ce-

522 3619 784 3676 leritatem
825 3621 1155 3675 clementiae?
1195 3621 1419 3676 Lucrum
1457 3620 1780 3687 afﬂictionis,
1823 3619 1964 3690 quod
2006 3634 2099 3674 eos

520 3712 587 3766 ad
622 3726 778 3780 puras
804 3726 990 3782 preces
1017 3710 1311 3765 fundendus
1339 3710 1652 3765 adduxerit:
1683 3710 1977 3765 clementia:
2006 3724 2097 3764 ce-

523 3803 806 3869 leritatem,
835 3803 976 3873 quod
1005 3804 1316 3858 vocantibus
1344 3804 1421 3856 eis
1445 3803 1622 3857 statim
1647 3802 1892 3856 annuerit
1917 3820 1929 3855 :
1959 3801 2100 3872 quod

521 3895 682 3949 etiam
714 3895 859 3964 prius
894 3894 1018 3950 fecit
1060 3895 1124 3948 iis
1166 3895 1254 3963 qui
1306 3895 1536 3949 erantin
1565 3892 1818 3964 ngypto.
1871 3893 1939 3946 Et
1983 3894 2101 3948 ideo

521 3989 684 4051 dicit,
725 3986 910 4041 Videas
933 3987 1036 4040 vidi
1063 3987 1374 4057 afflictione":
1411 3986 1588 4057 populi
1625 3986 1753 4052 mei,
1783 3993 1826 4038 et
1867 3987 2103 4054 gemitum

520 4097 696 4136 eorum
730 4083 932 4147 audivi,
975 4090 1022 4134 et
1064 4080 1296 4132 descendi
1325 4089 1377 4131 ut
1420 4095 1502 4132 eos
1541 4079 1781 4148 eriperent
1811 4075 2000 4146 (Exod.
2045 4076 2098 4131 5.

523 4173 578 4225 7.
611 4171 692 4241 8).
726 4171 788 4225 Et
817 4180 873 4224 tu
903 4185 1051 4239 ergo,
1082 4184 1116 4224 0
1143 4169 1356 4235 dilecte,
1384 4167 1595 4238 quando
1621 4181 1682 4222 es
1710 4166 1762 4220 in
1793 4165 2100 4232 afﬂictione,

524 4278 594 4317 ne
620 4262 870 4332 desperes
890 4302 907 4327 ,
939 4276 1038 4315 nec
1069 4259 1278 4315 labores
1305 4257 1626 4328 indiligentia
1651 4298 1666 4322 ,
1693 4256 1786 4310 sed
1815 4266 1936 4310 tunc
1965 4264 2103 4310 tem-

526 4351 670 4422 poris
699 4352 927 4405 maxime
953 4351 1184 4405 excitare
1209 4367 1222 4402 :
1250 4358 1374 4404 sunt
1395 4349 1536 4404 enim
1563 4357 1687 4401 tunc
1707 4361 1894 4416 preces
1921 4345 2103 4415 purio-

527 4456 646 4508 res,
672 4452 726 4496 et
754 4442 922 4510 major
945 4451 1028 4496 est
1057 4441 1147 4494 Dei
1171 4441 1225 4494 in
1256 4449 1307 4496 te
1331 4439 1700 4495 benevolentia
1726 4455 1740 4492 :
1771 4447 1825 4491 et
1852 4445 2106 4506 perpetuo

528 4535 599 4586 ita
629 4531 794 4594 vivas,
827 4540 883 4584 ut
921 4531 990 4584 sit
1019 4531 1110 4585 tibi
1139 4531 1245 4583 vita
1273 4530 1534 4585 laboriosa
1556 4570 1571 4595 ,
1598 4529 1773 4584 sciens
1801 4543 1987 4582 omnes
2014 4528 2105 4598 qui

528 4625 615 4693 pie
651 4623 836 4676 volunt
878 4623 1055 4675 vivere
1097 4621 1150 4675 in
1190 4621 1402 4676 Christo
1446 4622 1590 4688 Jesu,
1642 4621 2104 4692 persequutiouem

530 4729 812 4786 passuros,
843 4722 897 4769 et
933 4729 1028 4784 per
1065 4714 1258 4768 multas
1286 4713 1597 4769 afﬂictioues
1625 4722 1875 4784 oportere
1902 4728 2000 4768 nos
2030 4715 2108 4767 in-

530 4821 674 4866 trare
697 4807 751 4862 in
781 4821 1001 4877 regnum
1026 4806 1119 4861 Dei
1149 4806 1224 4868 (2.
1254 4804 1390 4859 Tim.
1414 4807 1466 4861 5.
1498 4806 1598 4870 12;
1627 4808 1738 4859 Aet.
1773 4807 1858 4860 14.
1887 4805 2002 4875 2i).
2032 4805 2109 4861 Ne

529 4901 745 4957 mollem
790 4913 917 4968 ergo
945 4897 1106 4952 vitam
1151 4909 1204 4953 et
1229 4897 1536 4951 dissolutam
1575 4898 1860 4961 dilexeris,
1903 4913 2003 4952 nec
2026 4899 2107 4952 via

529 4997 633 5050 lata
663 4993 796 5050 velis
818 4991 1019 5062 ingredi
1045 4991 1146 5060 (ea
1169 4991 1308 5044 enim
1337 5005 1441 5044 non
1465 4989 1608 5043 ducit
1637 4991 1689 5043 in
1715 4989 1900 5043 caelum
1925 4991 1942 5058 )
1972 5031 1987 5056 ,
2015 4988 2110 5044 sed

527 5097 674 5142 arcta
716 5091 772 5140 et
817 5090 1058 5152 angusta.
1100 5081 1157 5136 Si
1203 5090 1379 5135 autem
1426 5079 1705 5150 pervenire
1743 5079 1810 5133 ad
1853 5095 2110 5150 supernas

529 5177 837 5232 mansiones
888 5173 1038 5237 velis.
1090 5172 1210 5244 fuge
1248 5172 1565 5242 voluptates,
1613 5180 1886 5226 externam
1929 5172 2108 5226 δευουιί

529 5283 779 5340 pompam
809 5281 871 5320 ac
905 5267 1139 5337 speciem
1177 5264 1450 5329 conculca,
1483 5278 1632 5335 opes,
1669 5263 1890 5334 gloriam
1917 5270 1972 5318 et
2015 5278 2112 5332 po-

533 5359 751 5416 tentiam
781 5357 985 5428 neglige
1009 5374 1022 5412 :
1053 5363 1414 5428 paupertatem
1441 5363 1616 5409 autem
1638 5395 1654 5420 ,
1686 5353 1879 5408 mentis
1907 5356 2113 5408 contri-

534 5450 755 5512 tionem,
777 5447 1272 5518 confessionemque
1291 5457 1343 5501 et
1370 5447 1720 5517 lacrymarum
1748 5444 1945 5500 fontem
1971 5454 2112 5512 tene,

534 5548 584 5591 et
611 5537 789 5592 omnia
813 5553 931 5608 quae
961 5547 1182 5607 possunt
1206 5536 1494 5592 conciliare
1518 5535 1740 5590 salutem
1768 5549 2112 5604 persequere.

600 5639 616 5666 ι
652 5634 744 5684 Alii
768 5635 964 5698 addunt,
987 5643 1116 5688 teste
1139 5636 1310 5689 savilio
1333 5638 1383 5687 in
1402 5637 1644 5700 margine,
1669 5634 1997 5700 metropoleos.

1208 227 1268 284 S.
1305 221 1586 281 JOANNIS
1617 216 2094 278 CIIRYSOSTOMI
2135 212 2453 270 ARCIIIEP.
2493 208 3030 266 CUNSTANTINOP.

3670 207 3776 261 340

2193 328 2269 381 Ea
2298 325 2439 381 enim
2480 333 2536 380 et
2579 324 2826 378 tutiorem
2863 322 3092 377 reddunt
3133 333 3254 375 eum
3285 318 3372 389 qui
3414 316 3676 390 possidet,
3721 333 3776 374 et

2193 433 2380 488 preces
2405 417 2636 472 reddunt
2670 415 3024 470 sublimiores.
3056 413 3111 469 Si
3143 398 3368 482 teipsum
3396 413 3467 467 ita
3492 426 3778 482 compara-

2188 509 2329 562 veris
2349 548 2364 573 ,
2393 516 2446 561 et
2469 507 2633 562 Deum
2661 520 2782 559 cum
2813 505 2912 559 hac
2939 512 3117 558 mente
3146 503 3444 568 vocaveris,
3475 511 3528 556 te
3553 504 3779 557 omnino

2188 598 2451 652 exaudiet.
2480 596 2547 650 Et
2576 596 2695 650 ideo
2722 595 2851 650 dixit
2882 594 3138 664 propheta
3159 636 3172 661 ,
3201 592 3328 649 Cum
3357 595 3629 648 tribularer
3667 594 3780 647 cla-

2190 692 2354 756 mavi,
2385 700 2429 744 et
2459 689 2713 744 exaudivit
2753 704 2851 753 me,
2901 696 2956 741 ut
2996 687 3166 740 discas
3218 686 3470 755 paulatim
3516 699 3782 740 conscen-

2188 779 2316 834 dere
2335 821 2348 842 ,
2377 789 2460 843 et,
2494 786 2550 832 ut
2578 778 2647 832 ita
2672 777 2844 832 dicam
2869 818 2884 842 ,
2915 776 3081 834 alatas
3106 776 3437 844 precationes
3465 773 3646 829 facere
3665 817 3681 838 ,
3717 791 3784 830 ne

2188 873 2430 941 angoris,
2459 886 2557 925 nec
2585 885 2723 940 mgre
2743 868 2884 924 feras
2916 868 2968 921 in
2995 866 3371 921 afﬂictionibus
3394 908 3409 933 ,
3441 866 3537 920 sed
3581 865 3780 920 utilita-

2190 971 2296 1016 tem
2323 977 2388 1016 ex
2417 962 2492 1014 eis
2519 959 2801 1030 percipias.
2845 957 2898 1012 Si
2929 959 3070 1012 enim
3101 956 3325 1010 Elisaaus
3365 954 3623 1025 propheta
3657 971 3776 1010 cum

2189 1062 2332 1107 esset
2363 1052 2540 1114 homo,
2575 1065 2680 1102 non
2712 1048 2952 1118 permisit
2978 1057 3034 1100 ut
3061 1045 3352 1114 discipulus
3381 1046 3684 1100 venientem
3713 1044 3778 1098 ad

2189 1158 2250 1197 se
2291 1141 2568 1195 mulierem
2615 1139 2940 1203 extruderet,
2983 1138 3198 1192 dicens:
3237 1135 3450 1190 Dimitte
3494 1153 3630 1202 eam,
3661 1138 3778 1207 quia

2190 1249 2400 1286 maerore
2425 1241 2497 1287 est
2534 1229 2717 1297 affecta
2754 1229 2925 1283 anima
2955 1229 3064 1299 ejus
3092 1228 3168 1298 (4.
3196 1227 3324 1298 Reg.
3368 1229 3423 1282 4.
3463 1227 3556 1298 27)
3585 1245 3599 1279 :
3646 1228 3777 1282 nihil

2189 1323 2332 1377 aliud
2359 1321 2542 1376 Valens
2571 1336 2634 1374 ex
2659 1334 2725 1374 eo
2752 1313 3055 1383 oStendcre,
3086 1317 3187 1370 nisi
3209 1315 3351 1386 quod
3377 1317 3775 1372 excusationem

2187 1426 2245 1472 et.
2279 1412 2640 1467 defensionem
2682 1410 2964 1463 maximam
3008 1407 3262 1472 haberet,
3299 1423 3493 1477 nempe
3534 1408 3779 1462 afﬂictio-

2191 1517 2312 1557 nem
2339 1518 2352 1556 :
2384 1501 2746 1556 multominus
2773 1499 2912 1554 Deus
2938 1507 2990 1554 te
3030 1499 3285 1566 repellet,
3314 1497 3359 1551 si
3388 1512 3508 1552 cum
3555 1499 3694 1552 tristi
3725 1508 3777 1553 et

2191 1593 2346 1646 anxia
2370 1591 2546 1645 anima
2567 1591 2630 1644 ad
2654 1605 2774 1644 eum
2797 1589 3040 1643 accedas.
3068 1587 3136 1642 Et
3161 1588 3280 1642 ideo
3300 1587 3546 1642 Christus
3567 1603 3778 1657 quoque

2192 1697 2286 1738 eos
2327 1684 2510 1738 beatos
2540 1682 2863 1751 pronuntiat,
2891 1681 2981 1750 qui
3006 1681 3208 1750 lugent,
3239 1687 3296 1734 et
3333 1681 3560 1734 miseros
3583 1680 3673 1750 qui
3703 1681 3776 1734 ri-

2192 1774 2320 1828 dent
2346 1772 2496 1845 (Luc.
2522 1773 2576 1827 6.
2605 1772 2720 1842 25).
2745 1771 3002 1837 Quocirca
3025 1769 3375 1825 beatitudines
3402 1770 3527 1824 hinc
3551 1785 3777 1826 exorsus

2191 1875 2273 1920 est
2290 1864 2384 1936 (a),
2400 1865 2580 1919 dicens
2604 1881 2620 1918 :
2637 1861 2779 1916 Beati
2799 1863 2883 1931 qui
2898 1863 3066 1932 lugent
3083 1859 3292 1931 (Matth.
3311 1861 3366 1915 5.
3381 1860 3460 1931 5).
3475 1859 3531 1915 Si
3550 1862 3631 1915 vis
3652 1876 3776 1931 ergo

2193 1946 2292 2013 hos
2316 1957 2510 2027 gradus
2537 1954 2850 2022 ascendere,
2871 1954 3012 2024 quod
3039 1962 3121 2009 est
3148 1953 3202 2007 in
3231 1953 3335 2006 vita
3366 1953 3526 2007 molle
3549 1967 3777 2007 enerva-

2196 2059 2412 2118 tumque
2451 2056 2506 2102 et
2545 2046 2859 2102 dissolutum
2907 2057 3110 2110 reseca,
3158 2052 3214 2098 et
3261 2043 3524 2098 laboriosa
3563 2043 3776 2098 vivendi

2194 2140 2400 2196 ratione
2426 2149 2476 2194 te
2514 2140 2683 2210 ipsum
2717 2137 2951 2206 astringe
2979 2145 3034 2191 et
3069 2136 3320 2191 contine:
3352 2150 3382 2189 a
3411 2136 3644 2190 terrenis
3684 2152 3776 2189 ne-

2193 2231 2350 2303 gotiis
2387 2229 2611 2286 abstine.
2662 2229 2759 2284 Hic
2795 2237 2878 2283 est
2911 2227 3112 2298 primus
3139 2241 3412 2282 ascensus.
3456 2225 3573 2280 Non
3607 2236 3780 2296 potest

2195 2323 2337 2378 enim
2360 2321 2494 2385 fieri,
2526 2337 2629 2375 non
2652 2329 2826 2389 potest
2852 2329 2908 2374 ut
2932 2318 3091 2374 simul
3117 2326 3171 2373 et
3197 2318 3396 2372 scalam
3419 2320 3778 2384 conscendas,

2196 2425 2252 2471 et
2281 2416 2333 2470 in
2365 2425 2504 2470 terra
2533 2413 2758 2470 haereus.

2266 2507 2321 2560 2.
2364 2506 2524 2561 Vides
2550 2515 2745 2575 quanta
2774 2504 2842 2559 sit
2869 2503 2984 2558 caeli
3014 2501 3270 2564 altitudo;
3299 2501 3438 2557 nosti
3466 2501 3781 2556 brevitatem

2198 2598 2452 2669 temporis
2482 2615 2495 2650 :
2527 2597 2631 2651 scis
2665 2611 2821 2666 quam
2849 2596 2917 2650 sit
2954 2610 3099 2649 mors
3134 2595 3357 2649 incerta.
3400 2593 3477 2648 Ne
3510 2594 3785 2647 cunctaris

2196 2705 2323 2760 ergo
2345 2731 2362 2756 ,
2391 2703 2488 2743 nec
2509 2686 2720 2742 differas
2739 2725 2754 2750 ,
2781 2684 2876 2739 sed
2914 2684 3050 2739 hanc
3075 2682 3554 2753 peregrinationem
3593 2697 3784 2752 magna

2197 2783 2248 2838 vi
2275 2781 2580 2854 aggredere,
2614 2789 2670 2834 ut
2699 2794 2804 2834 uno
2831 2777 2919 2834 die
2947 2777 3100 2843 duos,
3135 2786 3263 2843 tres,
3295 2776 3476 2832 decem
3508 2787 3564 2831 et
3598 2776 3783 2846 viginti

2197 2874 2392 2945 gradus
2419 2871 2766 2928 conscendas.

2269 2963 2448 3017 Dolasi
2472 2962 2734 3034 fugiendi;
2758 2959 3090 3030 improbitatis
3120 2958 3440 3028 supplicium.
3477 2985 3551 2997 —
3585 2957 3644 3011 2.
3685 2956 3787 3010 Do-

2198 3056 2353 3120 mine,
2383 3052 2538 3107 libera
2563 3051 2783 3104 animam
2810 3067 2972 3102 meam
2995 3067 3026 3101 a
3056 3048 3201 3103 labiis
3225 3049 3406 3118 iniquis
3424 3087 3441 3113 ,
3475 3056 3522 3102 et
3553 3065 3585 3100 tt
3613 3049 3786 3118 lingua

2200 3146 2392 3200 dolosa.
2427 3143 2556 3199 Vide
2581 3143 2666 3197 hic
2690 3156 2898 3211 quoque
2927 3142 3107 3195 lucere
3140 3138 3610 3208 praeceptumillud
3627 3153 3791 3193 evan~

2198 3238 2426 3307 gelicum
2451 3253 2464 3289 :
2488 3234 2661 3301 Orate,
2684 3251 2747 3288 ne
2760 3233 2952 3288 intretis
2967 3233 3018 3286 in
3035 3232 3353 3286 tentationem
3371 3229 3524 3300 (Luc.
3554 3230 3648 3284 22.
3672 3231 3785 3300 l6).

2201 3329 2352 3384 Nulla
2365 3328 2505 3382 enim
2520 3336 2620 3391 est,
2634 3339 2667 3380 o
2681 3324 2890 3387 dilecte,
2908 3323 3118 3393 gravior
3137 3324 3372 3387 tentatio,
3387 3336 3544 3391 quam
3565 3323 3616 3375 iu
3639 3321 3791 3375 dolo-

2202 3433 2320 3474 sum
2347 3417 2614 3472 hominem
2644 3414 2876 3469 incidere
2901 3431 2912 3466 :
2946 3415 2989 3468 is
3017 3414 3209 3482 quippe
3236 3421 3318 3466 est
3341 3412 3426 3466 vel
3455 3412 3645 3480 quavis
3674 3411 3786 3466 fera

2205 3510 2567 3567 truculentior.
2614 3508 2688 3562 Ea
2717 3506 2856 3562 enim
2886 3505 2936 3560 id
2974 3505 3114 3575 quod
3138 3512 3221 3560 est
3245 3519 3364 3559 esse
3400 3503 3667 3559 cernitur:
3701 3503 3790 3558 hic

2203 3611 2379 3656 autem
2404 3599 2622 3654 obtenta
2662 3597 2785 3652 velo
2811 3595 3230 3650 mansuetudinis
3261 3604 3315 3650 et
3339 3594 3620 3664 probitatis
3645 3609 3792 3663 scepe

2204 3693 2351 3746 virus
2381 3690 2628 3752 occultat,
2656 3698 2830 3742 utnec
2868 3687 3023 3742 facile
3058 3685 3262 3757 possint
3292 3684 3620 3754 deprehendi
3658 3687 3792 3739 insi—

2204 3784 2326 3847 diae,
2347 3791 2401 3837 et
2426 3782 2477 3836 in
2497 3781 2802 3836 barathrum
2821 3779 2958 3832 nulla
2981 3778 3212 3832 adhibita
3233 3779 3476 3832 cautione
3504 3777 3788 3842 incidatur.

2207 3873 2541 3942 Quapropter
2568 3869 2762 3938 ubique
2787 3885 2817 3922 a
2849 3869 2957 3922 Deo
2987 3868 3085 3922 hoc
3113 3867 3324 3921 assidue
3351 3868 3601 3938 pestulat,
3635 3877 3697 3922 nt
3726 3870 3793 3922 li-

2207 3965 2422 4020 beretur
2463 3981 2491 4016 a
2537 3962 2730 4017 talibus
2777 3960 3188 4015 insidiatoribus.
3228 3959 3286 4015 Si
3329 3969 3507 4014 autem
3556 3961 3792 4030 fugiendi

2208 4064 2332 4110 sunt
2352 4053 2668 4110 fraudulenti
2694 4063 2748 4108 et
2774 4053 3041 4118 malitiosi,
3072 4052 3239 4106 multo
3267 4053 3433 4122 inagis
3452 4052 3792 4122 deeeptores,

2209 4157 2263 4202 et
2290 4147 2378 4216 qui
2409 4149 2543 4200 mala
2571 4145 2814 4214 dogmata
2842 4143 3135 4214 proferunt.
3165 4145 3390 4198 Maxime
3409 4155 3586 4200 autem
3611 4146 3794 4215 iniqua

2209 4254 2270 4294 ea
2299 4239 2433 4294 labia
2471 4253 2589 4293 esse
2618 4238 2819 4291 dixeris
2839 4275 2854 4301 ,
2886 4252 3004 4306 quae
3051 4237 3105 4290 in
3146 4236 3339 4292 virtute
3367 4236 3598 4304 laedunt,
3641 4248 3698 4293 et
3725 4238 3793 4292 ad

2210 4330 2394 4383 vitium
2420 4327 2704 4383 adducunt.
2733 4327 2798 4380 Et
2824 4326 2942 4381 ideo
2963 4327 3048 4381 hic
3068 4325 3322 4396 propheta
3348 4337 3501 4397 rogat
3520 4338 3575 4382 ut
3603 4328 3796 4383 libere-

2211 4429 2297 4474 tur
2325 4420 2463 4475 illius
2500 4420 2712 4472 anima:
2745 4433 2810 4472 eo
2846 4418 2989 4472 enim
3030 4419 3129 4472 tela
3159 4418 3356 4489 dirigit.
3388 4421 3441 4474 '5.
3483 4420 3619 4485 Quid
3647 4420 3794 4474 detur

2213 4513 2330 4578 tibi,
2377 4521 2462 4564 aut
2507 4509 2628 4581 quid
2674 4519 2959 4580 apponatur
3011 4509 3100 4562 tibi
3141 4510 3209 4562 ad
3249 4511 3473 4580 linguam
3518 4512 3793 4566 dolosam!

2214 4602 2364 4657 Alius
2404 4600 2665 4668 interpres
2691 4600 2799 4653 ait:
2832 4599 2968 4666 Quid
2995 4599 3225 4667 prtebebit
3251 4599 3358 4664 tibi,
3388 4611 3476 4653 aut
3505 4600 3628 4670 quid
3650 4601 3786 4668 adji-

2213 4699 2305 4751 ciet
2335 4695 2508 4764 lingua
2538 4695 2754 4749 dolosa?
2775 4695 2923 4748 Alius
2962 4705 3168 4759 autem,
3205 4693 3339 4760 Quid
3364 4695 3554 4749 dederit
3581 4698 3671 4750 tibi
3692 4735 3710 4760 ,
3747 4707 3792 4750 et

2213 4786 2336 4858 quid
2361 4785 2448 4839 tibi
2477 4785 2713 4854 adjecerit
2738 4785 2912 4854 lingua
2936 4781 3212 4838 secundant
3246 4783 3463 4838 dolum?
3499 4786 3637 4840 Nihil
3667 4802 3792 4856 ergo

2214 4877 2355 4931 aliud
2393 4875 2624 4930 ostendit
2661 4875 2801 4944 quod
2841 4875 3039 4929 dictum
3083 4885 3196 4940 est,
3244 4876 3345 4930 nisi
3394 4876 3514 4941 hoc,
3549 4893 3789 4948 magnam

2215 4983 2334 5022 esse
2375 4965 2787 5034 improbitatem,
2836 4973 2891 5018 et
2919 4974 3112 5019 tetrum
3157 4980 3327 5034 genus
3362 4966 3495 5021 vitii.
3535 4967 3789 5035 Quocirca

2215 5059 2364 5114 vides
2400 5058 2558 5112 etiam
2589 5056 2900 5127 prophetam
2932 5057 3244 5112 irascentem
3265 5097 3280 5119 ,
3324 5071 3752 5130 commommquc
3773 5102 3788 5124 ,

2217 5161 2270 5206 et
2295 5150 2555 5204 dicentem
2582 5166 2594 5202 :
2620 5149 2741 5220 quid
2765 5147 2908 5201 detur
2927 5148 3034 5212 tibi,
3065 5158 3152 5202 aut
3172 5149 3293 5215 quid
3311 5160 3599 5219 apponatur
3623 5151 3710 5205 tibi
3728 5151 3792 5203 ad

2220 5244 2442 5315 linguam
2480 5243 2750 5296 dolosam?
2777 5241 2928 5308 Quod
2971 5250 3147 5296 autem
3187 5242 3333 5308 dicit,
3378 5252 3462 5298 est
3495 5243 3748 5312 ejusmodi
3781 5258 3796 5294 :

2218 5336 2494 5404 Quodnam
2526 5334 2626 5388 hoc
2669 5333 2794 5388 vitio
2838 5332 3052 5402 dignum
3095 5332 3392 5388 inveniatur
3437 5337 3797 5404 supplicium!

2283 5509 2355 5568 (a)
2381 5509 2546 5557 Nescio
2569 5507 2802 5577 cur__dicat
2827 5505 3190 5577 Clirysosto_mtts
3207 5507 3447 5577 Christum
3469 5509 3788 5577 beatitudinus

2219 5567 2383 5618 orsum
2409 5582 2521 5618 esse
2555 5570 2618 5617 ab
2648 5567 2764 5632 illa,
2802 5567 2937 5618 Beati
2967 5569 3049 5632 qui
3073 5568 3249 5632 lugent,
3274 5583 3382 5618 cum
3407 5583 3500 5618 nec
3534 5572 3656 5632 apud
3682 5579 3788 5618 im.

2222 5633 2402 5682 thaeum
2423 5644 2516 5683 nec
2535 5631 2661 5694 apud
2683 5637 2850 5682 Lucam
2871 5633 2934 5681 sit
2955 5631 3292 5695 isthmo’prit'ta
3315 5631 3580 5683 beatitudo.
