4018 6268
211 364 310 428 3M

213 487 369 556 Quod
396 487 556 542 etiam
583 483 778 540 Judzeis
820 481 1029 540 dicebat
1051 482 1214 539 lsaias
1238 501 1252 538 :
1279 483 1413 549 Quid
1435 485 1604 537 adhuc
1625 499 1804 552 percu-

214 580 412 636 tiamini
440 578 734 651 adjicientes
761 576 1075 645 iniquitatem
1099 574 1248 646 (Isai.
1281 575 1329 630 l.
1359 575 1462 646 5)?
1492 574 1604 629 Hoc
1646 573 1806 628 etiam

213 676 328 745 ipse
353 672 520 735 dicit,
556 670 694 735 Quid
721 670 864 724 detur
886 669 972 722 tibi
993 710 1008 733 ,
1035 677 1124 722 aut
1149 667 1272 738 quid
1311 675 1599 737 apponatur
1622 665 1712 719 tibi
1740 665 1808 718 ad

212 768 443 837 linguam
473 760 746 816 dolosam?
778 760 871 814 Vel
902 761 1003 814 hoc
1038 773 1168 830 ergo
1211 757 1374 813 dicit:
1407 758 1489 812 vel
1517 757 1676 812 etiam
1705 755 1807 811 hoc

213 858 388 926 ipsum
435 867 556 908 esse
602 851 940 921 supplicium,
973 857 1026 904 et
1068 858 1192 903 ante
1240 849 1524 903 vindictam
1567 847 1661 902 tibi
1689 847 1807 901 vine

213 947 410 1002 dictam
437 942 674 1013 exquiris
695 982 713 1009 ,
742 956 807 995 ex
837 941 1006 1009 teipse
1030 940 1215 993 vitium
1245 940 1476 1008 pariens.
1520 937 1806 992 Maximum

214 1033 356 1092 enim
387 1033 707 1103 supplicium
739 1032 929 1086 anima:
959 1039 1042 1085 est
1068 1031 1251 1085 vitium
1273 1071 1286 1095 ,
1315 1029 1478 1084 etiam
1522 1039 1807 1099 antequam

212 1129 487 1200 puniatun
517 1123 793 1193 Quodnam
829 1133 960 1192 ergo
1005 1121 1320 1192 supplicium
1363 1121 1520 1176 fuerit
1560 1121 1649 1175 tali
1679 1120 1810 1176 vitio

215 1219 462 1288 dignum?
492 1217 586 1270 llic
611 1215 825 1286 quidem
855 1214 1076 1278 nullum,
1099 1213 1191 1267 sed
1217 1214 1364 1282 plaga
1392 1229 1510 1283 qua:
1530 1227 1558 1265 a
1593 1213 1701 1267 Deo
1731 1213 1812 1266 in-

215 1310 402 1365 fertur.
436 1308 608 1362 Homo
627 1306 768 1360 enim
793 1321 896 1359 non
924 1306 1119 1374 poterit
1140 1303 1325 1373 dignas
1348 1318 1532 1372 ptenas
1553 1317 1765 1357 sumere
1792 1319 1806 1356 :

216 1419 339 1458 nam
363 1415 578 1456 omnem
608 1399 899 1454 cruciatum
926 1405 1144 1467 superat
1171 1396 1482 1467 improbitas
1508 1414 1521 1450 :
1547 1396 1686 1451 Deus
1712 1411 1808 1450 au-

217 1505 325 1550 tem
349 1491 422 1548 illi
452 1493 659 1563 plagam
679 1490 904 1561 infliget.
922 1488 988 1545 Et
1017 1490 1138 1544 ideo
1162 1484 1266 1544 hoc
1295 1481 1466 1559 ipsum
1490 1489 1805 1555 ostendens,

214 1601 342 1640 mox
373 1583 688 1653 subjunxit:
719 1582 773 1636 4.
802 1581 1018 1651 Sagitta:
1043 1580 1259 1650 potentis
1292 1591 1456 1634 acutae
1483 1596 1599 1634 cum
1629 1581 1806 1635 carbo-

214 1675 366 1728 nibus
395 1671 730 1727 desolatoriis.
758 1670 989 1740 Sagittas
1015 1665 1102 1725 hic
1131 1686 1317 1725 rursus
1337 1671 1567 1741 appellat
1601 1671 1807 1741 suppli-

214 1768 320 1821 cia.
355 1766 501 1820 Alius
526 1774 700 1819 autem
726 1763 986 1832 interpres
1006 1761 1158 1829 dixit,
1184 1762 1398 1833 Sagitta
1417 1763 1631 1833 potentis
1647 1773 1811 1818 acuta

215 1865 342 1911 sunt
372 1873 489 1909 cum
512 1854 813 1908 carbonibus
849 1855 1086 1925 aggestis.
1119 1854 1186 1908 Et
1213 1854 1346 1908 alius
1365 1895 1380 1921 ,
1416 1853 1541 1907 Cum
1572 1855 1808 1908 carboni-

217 1953 317 2002 bus
337 1947 645 2018 junipen'nis
667 1987 681 2011 ,
705 1947 978 2000 nominum
1010 1945 1354 1998 translatione
1381 1959 1579 2014 augens
1610 1954 1808 2000 metum

217 2040 489 2110 supplicii.
513 2038 640 2091 Nam
663 2045 716 2093 et
747 2037 896 2100 illud,
927 2037 1174 2108 Aggestis,
1202 2046 1257 2091 et
1285 2036 1386 2090 hoc
1411 2078 1426 2102 ,
1453 2034 1771 2106 Juniperinis
1791 2078 1806 2104 ,

217 2131 470 2185 eumdem
501 2129 664 2183 habet
709 2142 947 2182 sensum.
983 2127 1092 2182 Illic
1115 2127 1256 2182 enim
1287 2125 1522 2182 ostendit
1566 2129 1808 2183 multitu-

215 2223 433 2286 dinem;
465 2222 550 2276 hic
578 2229 756 2274 autem
784 2220 1086 2290 qualitatem
1113 2228 1166 2274 et
1191 2219 1578 2274 vehementiam
1603 2221 1810 2291 suppli-

218 2317 308 2371 cii.
343 2313 495 2381 Quod
525 2313 742 2384 quidem
787 2312 1131 2382 Septuaginta
1169 2326 1376 2381 quoque
1407 2311 1765 2382 signiﬁcantes
1786 2353 1801 2378 ,

221 2413 348 2467 Cum
384 2411 686 2465 carbonibus
723 2410 1073 2476 desolatoriis,
1106 2408 1422 2474 ediderunt,
1449 2408 1550 2462 hoc
1578 2415 1660 2462 est
1681 2447 1693 2469 ,
1721 2409 1812 2476 qui

224 2515 466 2572 vastant,
513 2504 770 2574 perdunt,
816 2512 870 2557 et
898 2511 1234 2556 consumunt.
1282 2499 1360 2556 Ex
1389 2501 1624 2556 materiis
1668 2499 1810 2554 enim

226 2615 342 2668 qua:
368 2607 494 2652 sunt
519 2597 660 2667 apud
699 2611 794 2651 nos
821 2596 1106 2660 terribiles,
1141 2594 1236 2648 Dei
1268 2595 1523 2648 ultionem
1554 2591 1812 2661 efﬁngunt

224 2689 519 2760 Scriptum:
544 2729 558 2752 ,
588 2689 810 2758 sagittas
839 2696 891 2741 et
917 2687 1091 2757 ignem
1117 2701 1178 2741 ea
1207 2697 1477 2741 vocantes.
1511 2685 1609 2740 llic
1634 2695 1810 2740 autem

226 2781 351 2835 mihi
381 2779 599 2834 videtur
624 2777 959 2833 subindicare
981 2776 1252 2832 barbaros.
1278 2777 1343 2831 Et
1372 2777 1490 2831 ideo
1517 2777 1652 2831 alius
1677 2792 1812 2846 quo-

225 2887 326 2941 que
355 2872 620 2937 interpres
646 2869 747 2923 hoc
771 2867 1094 2937 signiﬁcans,
1125 2865 1356 2931 dicebat,
1388 2864 1570 2920 Libera
1591 2866 1814 2919 animam

229 2978 395 3014 meum
414 2978 446 3013 a
469 2961 600 3014 labia
623 2959 871 3013 mendaci.
904 2958 1051 3013 Talia
1083 2960 1223 3014 enim
1250 2968 1373 3012 sunt
1394 2973 1576 3012 eorum
1606 2957 1766 3012 verba
1793 2998 1810 3026 ,

234 3054 373 3107 tales
398 3051 506 3106 doli
531 3052 726 3107 ettales
748 3049 953 3104 insidiae
972 3091 987 3117 ,
1017 3050 1168 3120 plena
1197 3049 1377 3104 omnia
1408 3048 1594 3104 fraude
1615 3059 1669 3104 ct
1699 3065 1813 3105 uta-

230 3145 382 3200 ximo
412 3143 624 3199 scelere.

303 3235 567 3306 Peregrini
584 3235 635 3289 in
656 3235 752 3288 hac
771 3235 870 3288 vita
889 3247 1078 3288 sumus.
1109 3258 1178 3274 -—-
1197 3232 1250 3289 5.
1298 3229 1395 3288 Hei
1424 3235 1567 3301 mihi,
1593 3235 1710 3305 quia
1731 3236 1813 3288 in-

226 3329 424 3381 colatus
453 3343 592 3381 meus
633 3326 962 3397 prolongatus
1008 3335 1099 3380 est.
1144 3324 1384 3380 Habitavi
1425 3343 1537 3380 cum
1585 3329 1816 3381 taberna-

228 3421 356 3475 culis
400 3421 585 3475 Cedar.
635 3421 787 3474 Alius
827 3420 1088 3488 interpres
1129 3419 1244 3472 ait:
1297 3417 1396 3472 Hei
1463 3418 1626 3482 mihi,
1696 3419 1818 3488 quia

229 3514 503 3567 involutum
534 3512 780 3582 protraxi.
815 3511 982 3576 Alius,
1020 3509 1118 3564 Hei
1161 3510 1304 3578 mihi,
1342 3511 1536 3564 advena
1562 3512 1636 3581 [ui
1666 3511 1817 3582 longo

235 3615 470 3672 tempore.
505 3603 568 3658 lli
593 3602 808 3672 quidem
849 3601 951 3679 hoc
979 3601 1138 3656 modo
1172 3602 1529 3656 lamentantur
1555 3602 1622 3656 de
1651 3604 1820 3674 capti-

233 3697 393 3750 vitate
435 3693 756 3765 Babylonica
784 3709 799 3746 :
828 3692 1022 3747 Paulus
1050 3701 1225 3747 autem
1253 3692 1319 3747 de
1357 3707 1417 3746 ca
1444 3708 1565 3762 quae
1593 3692 1680 3746 hic
1701 3695 1842 3748 lono'

231 3789 345 3854 gius
390 3785 623 3840 trahitur
664 3798 838 3851 mora,
867 3783 1048 3838 dicens
1084 3801 1098 3838 :
1131 3781 1330 3836 Etenim
1371 3781 1493 3835 dum
1541 3799 1715 3836 sumus
1763 3779 1815 3838 in

231 3879 323 3930 hoc
364 3873 709 3938 tabernaculo,
750 3875 1122 3943 ingemiscimus
1160 3871 1360 3944 gravati
1379 3873 1456 3942 (Ξ.
1498 3872 1615 3926 Cor.
1644 3873 1698 3927 5.
1737 3873 1814 3944 4).

236 3968 322 4034 Et,
365 3966 487 4020 Non
515 3977 680 4019 autem
704 3965 758 4018 id
781 3964 963 4030 solum,
996 3963 1085 4018 sed
1131 3964 1279 4018 etiam
1305 3962 1540 4016 habentes
1567 3963 1666 4034 ipsi
1715 3965 1820 4033 pri-

230 4061 400 4113 mitias
418 4059 668 4128 Spiritus,
687 4067 732 4112 et
751 4058 849 4128 ipsi
865 4059 917 4111 in
938 4058 1082 4111 nobis
1101 4057 1227 4126 ipsis
1247 4055 1620 4125 ingemiscimus
1637 4052 1812 4127 (Rom.

233 4153 284 4206 8.
312 4151 430 4222 23).
455 4151 549 4206 Est
571 4152 714 4206 enim
748 4165 982 4220 pmsens
1010 4151 1116 4204 vita
1143 4149 1422 4204 incolatus.
1454 4149 1518 4202 Et
1539 4147 1662 4218 quid
1699 4146 1820 4202 dico

234 4245 544 4309 incolatum,
573 4259 694 4299 cum
735 4259 822 4298 res
859 4244 930 4297 sit
963 4243 1046 4298 vel
1087 4242 1316 4298 incolatu
1363 4239 1620 4296 inferior?
1667 4237 1821 4296 Unde

231 4335 480 4392 Christus
501 4335 662 4392 etiam
691 4335 859 4404 ipsam
898 4335 1107 4390 vocavit
1133 4333 1294 4398 viam,
1321 4332 1506 4388 dicens
1540 4346 1555 4387 :
1593 4333 1821 4403 Angusta

233 4439 304 4482 est
329 4438 500 4498 porta,
526 4435 574 4481 et
617 4438 757 4480 arcta
800 4427 880 4480 uia
905 4440 1018 4495 qua
1040 4425 1178 4478 ducit
1222 4424 1292 4478 ad
1337 4425 1490 4478 vitam
1522 4421 1732 4494 (Matth.
1765 4423 1818 4478 7.

237 4519 348 4590 η).
377 4521 491 4574 Hoc
511 4519 653 4574 enim
682 4527 760 4573 est
782 4517 1022 4572 doctrina
1049 4517 1246 4586 Optima
1278 4525 1436 4587 atque
1461 4514 1595 4569 adeo
1625 4515 1816 4584 prima,

239 4611 372 4665 scire
412 4623 515 4672 nos
551 4624 673 4664 esse
715 4607 1004 4678 inquilinos
1029 4607 1081 4661 in
1107 4606 1216 4660 vita
1261 4605 1530 4676 praesenti.
1561 4606 1816 4672 Quocirca

244 4711 453 4756 veteres
480 4715 693 4770 quoque
719 4699 770 4754 id
800 4698 1192 4753 conﬁtebantur
1223 4713 1238 4750 :
1269 4706 1323 4751 et
1360 4695 1482 4752 ideo
1507 4695 1671 4750 habiti
1695 4703 1822 4750 sunt

245 4792 293 4845 in
321 4793 550 4846 maxima
577 4791 948 4851 admiratione.
982 4788 1094 4844 Hoc
1115 4789 1275 4843 etiam
1296 4787 1491 4842 Paulus
1519 4787 1823 4858 signiﬁcans

246 4880 520 4938 scribendo
541 4880 753 4936 dicebat
779 4898 792 4935 :
827 4878 1042 4950 PrOpter
1066 4879 1197 4933 hanc
1221 4895 1428 4932 causam
1457 4893 1558 4930 non
1581 4877 1823 4931 erubescit

247 4987 323 5024 eos
343 4970 498 5038 Deus,
515 4971 656 5026 Deus
676 4987 851 5025 eorum
877 4971 1048 5024 uocari
1074 4967 1257 5041 (Hebr.
1282 4969 1341 5024 Η
1356 5007 1368 5021 .
1396 4967 1507 5038 16).
1527 4967 1823 5036 Quamnam

247 5063 309 5117 ob
335 5063 584 5119 causam?
613 5063 700 5117 dic
737 5063 887 5116 mihi.
919 5063 1051 5130 Quia
1081 5060 1315 5117 confessi
1343 5071 1467 5114 sunt
1491 5075 1548 5114 se
1578 5074 1698 5115 esse
1725 5059 1824 5114 bo-

249 5158 404 5224 spites
432 5166 486 5210 et
512 5156 825 5227 peregrinos
853 5153 1015 5226 (Ibid.
1060 5171 1109 5208 υ.
1155 5154 1269 5225 15).
1305 5153 1416 5207 lloc
1443 5163 1526 5208 est
1574 5153 1725 5206 radix
1773 5163 1828 5208 et

253 5249 640 5305 fnntdamentum
687 5249 864 5304 omnis
917 5247 1147 5302 virtutis.
1199 5245 1299 5315 Qui
1327 5247 1469 5300 enim
1503 5260 1680 5300 rerum
1709 5261 1829 5316 qutc

255 5341 332 5396 hic
374 5352 495 5399 sunt
535 5351 619 5399 est
667 5342 884 5414 hospes,
912 5343 1015 5397 erit
1058 5356 1238 5396 rerum
1285 5354 1634 5410 supernarum
1675 5340 1826 5392 civis.

254 5433 345 5496 Qui
371 5450 555 5512 eorum
594 5449 714 5504 qua:
758 5433 845 5488 hic
886 5441 1009 5488 sunt
1050 5441 1135 5488 est
1183 5429 1400 5501 hospes,
1430 5445 1535 5485 non
1585 5429 1830 5485 lubenter

260 5525 542 5580 versabitur
571 5525 625 5580 in
656 5523 1036 5596 precantibus:
1067 5537 1172 5576 non
1198 5521 1408 5584 domus.
1428 5535 1532 5575 non
1561 5520 1823 5590 pecuniae.

261 5626 353 5668 non
381 5614 640 5682 alimenti,
672 5629 774 5670 nec
815 5613 948 5668 alius
994 5610 1253 5681 ejusmodi
1283 5625 1466 5666 curam
1512 5619 1659 5679 geret
1687 5626 1700 5662 :
1733 5607 1826 5663 sed

260 5707 689 5772 quemadmodum
719 5705 809 5776 qui
839 5706 889 5759 in
915 5705 1087 5758 aliena
1119 5705 1335 5773 regione
1365 5715 1661 5767 versantur,
1697 5702 1826 5756 nihil

264 5808 356 5852 non
376 5807 534 5870 agunt
564 5808 617 5854 et
663 5797 952 5851 moliuntur
982 5805 1036 5849 ut
1067 5796 1248 5865 patrim
1294 5809 1404 5849 sua:
1448 5796 1812 5860 restituantur,

1319 363 1678 424 EXPOSITIO
1716 361 1780 422 IN
1812 363 2136 424 PSALMUM
2177 362 2364 424 CXIX.

3405 365 3509 421 3η

1917 491 1972 536 et
1998 484 2232 553 quotidie
2259 491 2448 554 urgent
2477 492 2530 537 et
2561 482 2832 548 festinant,
2866 490 2925 538 ut
2964 496 3079 537 cam
3105 497 3224 554 qua:
3249 497 3344 539 eos
3385 485 3506 540 tulit

1915 573 2162 630 videant:
2197 575 2268 628 ita
2295 574 2454 628 etiam
2485 574 2575 645 qui
2604 589 2788 630 amore
2823 574 3120 628 futurorum
3150 583 3379 641 tenetur,
3407 590 3508 630 nec

1915 665 2073 720 rebus
2097 665 2450 736 prtescntibus
2476 665 2715 720 adversis
2742 665 2976 720 animum
3008 663 3273 730 demittet,
3291 679 3390 720 nec
3421 679 3506 720 se-

1915 756 2102 810 cundis
2130 770 2188 810 se
2210 755 2418 823 efferet,
2439 755 2531 810 sed
2563 767 2785 826 utraque
2815 763 3208 824 przctercurret,
3230 763 3506 824 tamquam

1913 848 2002 915 qui
2020 849 2118 902 iter
2131 847 2520 918 agit.Quocirca
2539 848 2788 918 iubemur
2802 849 2961 903 etiam
2979 849 3157 903 dicere
3174 848 3225 902 in
3240 849 3504 916 oratione,

1913 940 2159 994 Adveniat
2187 955 2398 1012 regnum
2445 951 2585 995 tuum
2611 937 2821 1012 (Matth.
2855 941 2906 996 6.
2933 940 3034 1006 10;
3065 939 3194 995 Luc.
3226 941 3312 996 li.
3343 941 3425 1011 2),
3450 951 3511 996 ut

1914 1034 2056 1089 illius
2099 1033 2204 1088 diei
2250 1033 2574 1088 desiderium
2623 1043 2677 1088 et
2716 1033 3060 1104 cupiditatem
3099 1034 3279 1088 animo
3322 1044 3510 1088 nostro

1913 1136 2211 1191 versantes,
2235 1136 2289 1181 et
2329 1127 2500 1195 ipsum
2532 1141 2641 1197 pra:
2681 1127 2851 1180 oculis
2901 1125 3180 1192 habentes,
3209 1141 3276 1181 ne
3320 1126 3507 1182 videa-

1914 1234 2033 1273 mus
2058 1219 2270 1289 quidem
2320 1220 2623 1289 praasentia.
2678 1217 2733 1274 Si
2765 1221 2906 1274 enim
2958 1219 3129 1275 Judaei
3173 1217 3508 1291 Jerosolyma

1912 1312 2301 1379 desiderantes,
2349 1314 2510 1368 etiam
2553 1321 2831 1383 postquam
2879 1313 3088 1368 liberati
3137 1322 3281 1380 sunt,
3311 1313 3512 1368 deﬂent

1913 1406 2182 1474 praeterita
2218 1422 2231 1458 :
2276 1420 2520 1475 quamam
2565 1405 2778 1461 dabitur
2822 1406 2976 1462 nobis
3026 1405 3216 1473 venia,
3261 1421 3506 1476 quaenam

1913 1494 2243 1564 relinquetur
2281 1494 2542 1562 defensio,
2585 1497 2628 1551 si
2660 1511 2766 1551 non
2806 1512 3053 1567 supernae
3093 1497 3388 1552 Jerusalem
3422 1507 3504 1551 te-

1913 1599 2137 1643 neamur
2165 1587 2471 1644 vehementi
2499 1587 2810 1645 desiderio?

1985 1678 2038 1734 3.
2063 1674 2197 1734 Vide
2221 1693 2348 1749 ergo
2372 1679 2639 1750 quomodo
2667 1676 2720 1733 hi
2743 1693 2955 1750 quoque
2979 1679 3337 1734 lamentantur
3360 1678 3505 1749 quod

1914 1785 2035 1826 cum
2071 1771 2175 1826 illis
2199 1781 2500 1837 versentur,
2536 1770 2792 1838 Ilabitavt,
2825 1773 3083 1838 dicentes,
3115 1789 3230 1824 cum
3269 1771 3507 1826 taberna-

1913 1863 2042 1920 culis
2065 1861 2228 1919 Cedar
2255 1879 2274 1917 :
2300 1863 2514 1917 multant
2547 1864 2714 1917 incola
2753 1863 2849 1931 fuit
2877 1864 3051 1917 anima
3077 1878 3204 1917 mea.
3238 1862 3338 1918 llic
3362 1864 3505 1917 enim

1917 1972 2020 2011 non
2045 1956 2216 2011 solum
2248 1955 2465 2019 deﬂent,
2483 1955 2624 2026 quod
2655 1956 2706 2010 in
2732 1953 2904 2011 aliena
2935 1953 3198 2020 habitent,
3224 1955 3316 2009 sed
3341 1954 3503 2009 etiam

1915 2046 2055 2115 quod
2088 2059 2211 2100 cum
2237 2045 2479 2100 barbaris
2506 2055 2803 2101 versentur.
2828 2045 2978 2114 Quod
3009 2045 3222 2116 quidem
3247 2045 3336 2100 alii
3364 2059 3504 2117 quo-

1915 2155 2018 2210 que
2045 2137 2309 2193 faciebant
2331 2137 2603 2208 propheta:
2623 2138 2690 2193 de
2713 2137 2962 2208 prtesenti
2996 2139 3102 2191 vita
3128 2138 3504 2199 lamentantes,

1915 2242 1967 2284 et
1995 2231 2270 2286 dicentes:
2307 2229 2404 2284 Hei
2442 2230 2604 2284 mihi!
2628 2231 2744 2299 quia
2775 2231 2920 2299 periit
2951 2231 3062 2300 pius
3092 2246 3124 2282 a
3161 2240 3315 2294 terra,
3349 2238 3395 2281 et
3420 2229 3507 2297 qui

1914 2330 2044 2376 recte
2082 2330 2200 2392 agat
2245 2337 2345 2374 non
2386 2330 2456 2375 est
2497 2322 2551 2374 in
2596 2320 2882 2374 hominibus
2929 2319 3112 2391 (Mich.
3147 2318 3200 2373 7.
3240 2319 3289 2372 1.
3321 2317 3414 2389 2);
3453 2329 3508 2372 et

1916 2413 2073 2467 etiam
2109 2413 2194 2466 hic
2222 2412 2336 2482 ipse
2360 2411 2542 2467 dicens
2588 2429 2601 2464 :
2654 2411 2812 2466 Serva
2837 2428 2936 2477 me,
2983 2410 3217 2474 Domine,
3267 2411 3507 2480 quoniam

1916 2502 2095 2573 defecit
2119 2513 2321 2556 sanctus
2349 2502 2520 2573 (Psal.
2552 2503 2640 2559 ll.
2670 2503 2749 2574 2).
2778 2501 2960 2573 Neque
2987 2501 3127 2556 enim
3159 2501 3275 2557 htuc
3300 2501 3401 2556 vita
3427 2511 3508 2555 est

1917 2612 1980 2651 eo
2025 2604 2227 2650 tantum
2275 2596 2560 2660 laboriosa,
2593 2596 2733 2667 quod
2767 2597 3048 2668 plurimam
3079 2595 3271 2651 habeat
3296 2595 3506 2651 vanita-

1918 2698 2048 2756 tem,
2079 2699 2133 2744 et
2155 2705 2312 2744 curas
2350 2689 2699 2759 importunus,
2731 2689 2824 2744 sed
2845 2689 2985 2760 quod
3024 2689 3182 2743 etiam
3211 2691 3408 2744 multus
3439 2689 3510 2744 sit

1918 2781 2176 2835 malorum
2206 2790 2514 2851 proventus.

1991 2871 2251 2926 Malorum
2277 2871 2584 2926 consuetudo
2636 2872 2778 2927 bonis
2833 2880 2908 2926 est
2965 2869 3361 2935 molestissima;
3405 2871 3508 2924 vita

1920 2980 2139 3034 pra'sens
2159 2964 2300 3020 bonis
2326 2965 2478 3036 longa
2501 2965 2714 3031 videtur,
2735 2965 2884 3020 malis
2906 2975 3074 3018 autem
3099 2962 3508 3018 brevis—Nihil

1917 3067 2000 3112 est
2030 3065 2208 3112 autem
2239 3057 2450 3128 gravius
2473 3065 2527 3112 et
2551 3055 2850 3124 molestius,
2872 3070 3030 3125 quam
3057 3069 3178 3111 cum
3207 3053 3506 3125 hujusmodi

1921 3148 2225 3203 hominibus
2269 3147 2592 3218 congressio.
2627 3144 2810 3217 Neque
2847 3145 2989 3202 enim
3043 3145 3222 3200 fumus
3262 3155 3316 3200 et
3341 3159 3509 3214 vapor

1921 3241 1992 3294 ita
2037 3240 2177 3295 solet
2204 3253 2430 3309 gravare
2455 3238 2660 3302 oculos,
2695 3247 2752 3292 ut
2781 3237 3142 3309 improborum
3172 3235 3506 3292 consuetudo

1919 3331 2154 3386 animum
2186 3331 2396 3385 tristitia
2424 3328 2607 3384 allicit.
2640 3328 2758 3384 Non
2802 3330 2949 3385 vides
2981 3329 3266 3385 Dominum
3293 3343 3507 3400 quoquo

1921 3433 2162 3479 nostrum
2188 3423 2371 3478 Jesum
2402 3421 2672 3478 Christum
2705 3422 2990 3478 ostendere
3010 3439 3165 3494 quam
3192 3425 3261 3479 sit
3286 3424 3510 3479 molesta

1920 3515 2180 3585 ejusmodi
2207 3514 2577 3571 consuetudo?
2621 3514 2846 3581 Quando
2875 3516 3017 3570 enim
3058 3515 3209 3582 dicit,
3241 3515 3512 3584 Quousque

1921 3617 2006 3660 ero
2034 3605 2327 3660 uobiscum?
2355 3615 2612 3676 quousque
2642 3609 2802 3677 feram
2827 3623 2913 3661 vos
2943 3605 3154 3676 (Matth.
3181 3607 3267 3661 l7.
3297 3607 3428 3673 l7)?
3456 3607 3510 3660 id

1923 3696 2073 3762 dicit,
2108 3695 2211 3756 hoc
2235 3695 2464 3751 obscure
2493 3695 2818 3768 significans,
2853 3697 3094 3752 Habitavi
3133 3716 3247 3752 cum
3273 3698 3512 3754 taberna-

1922 3779 2050 3834 culis
2079 3777 2263 3834 Cedar.
2291 3779 2584 3836 Barbarum
2611 3795 2778 3851 genus
2805 3790 2889 3836 est
2913 3781 3064 3848 illud,
3091 3781 3362 3837 efferatius
3387 3797 3511 3837 cum

1921 3871 2148 3926 subditis
2185 3871 2355 3926 instar
2405 3870 2636 3926 ferarum
2685 3887 2878 3943 agere,
2934 3881 2992 3928 ut
3032 3874 3120 3943 qui
3172 3873 3416 3928 tentoriis
3459 3882 3514 3927 ct

1924 3961 2148 4032 tuguriis
2195 3970 2432 4029 utantur,
2475 3971 2529 4016 et
2571 3963 2639 4018 ad
2692 3963 3077 4020 immanitatem
3128 3964 3360 4019 ferarutn
3408 3965 3516 4020 sint

1923 4052 2148 4107 redacti.
2196 4051 2304 4106 Sed
2354 4052 2436 4106 his
2484 4053 2651 4106 multo
2698 4062 2823 4108 sunt
2865 4053 3195 4109 cffcratiorcs
3248 4063 3509 4124 raptores,

1923 4148 2068 4202 avari
2094 4155 2148 4202 et
2163 4148 2254 4218 qui
2283 4147 2546 4218 impudice
2572 4163 2634 4205 ac
2661 4149 2943 4206 libidinose
2969 4161 3022 4206 et
3043 4153 3094 4206 in
3124 4151 3328 4208 deliciis
3348 4154 3511 4209 vitam

1927 4238 2244 4310 transigunt.
2275 4239 2332 4292 9.
2363 4238 2584 4293 Multum
2626 4241 2794 4295 incola
2836 4243 2935 4310 fuit
2973 4243 3145 4295 anima
3187 4259 3319 4298 mea.
3351 4245 3513 4314 Atqui

1925 4345 2031 4385 non
2061 4329 2327 4396 multum;
2371 4329 2582 4386 fuerunt
2614 4333 2755 4387 enim
2785 4333 2957 4387 solum
2987 4334 3316 4405 septuaginta
3351 4337 3511 4390 anni:

1926 4421 2020 4476 sed
2048 4435 2156 4475 non
2197 4421 2431 4490 appellat
2460 4420 2682 4476 multum
2729 4433 2944 4492 propter
2980 4423 3389 4492 multitudinem,
3418 4424 3514 4480 sed

1928 4521 2148 4582 propter
2175 4527 2351 4567 rerum
2379 4511 2764 4568 difﬁcultatem.
2814 4513 2924 4568 Etsi
2959 4513 3099 4568 enim
3146 4515 3214 4570 sit
3242 4517 3510 4588 exiguum.

1929 4604 2139 4659 videtur
2165 4618 2285 4658 esse
2309 4603 2534 4658 multum
2563 4604 2625 4658 iis
2652 4604 2740 4674 qui
2772 4603 3098 4675 afﬂiguntur.
3122 4604 3196 4661 lta
3227 4609 3384 4662 etiam
3417 4623 3516 4663 nos

1927 4705 2140 4764 oportet
2167 4693 2326 4760 afﬁci,
2355 4702 2410 4748 et
2437 4695 2680 4764 quamvis
2709 4694 2795 4751 hic
2827 4699 3008 4766 paucis
3028 4699 3182 4753 annis
3204 4701 3512 4764 vixerimus,

1926 4802 2020 4841 eos
2057 4797 2232 4840 tamen
2262 4785 2458 4839 multos
2485 4801 2604 4841 esse
2634 4797 2820 4855 putare
2851 4801 3067 4859 propter
3100 4787 3397 4845 futurorum
3425 4791 3516 4844 de-

1927 4878 2204 4931 siderium.
2238 4876 2362 4932 Haec
2387 4877 2507 4933 dico
2549 4893 2653 4933 non
2685 4879 2846 4934 vitam
2880 4891 3194 4950 praesentem
3223 4897 3515 4944 accusans;

1928 4969 2103 5022 absit:
2128 4983 2189 5023 ea
2217 4976 2300 5022 est
2327 4969 2468 5022 enim
2499 4983 2632 5040 opus
2659 4969 2754 5025 Dei
2785 4989 2797 5025 :
2830 4971 2922 5025 sed
2947 4971 3014 5026 ad
3046 4973 3339 5027 futurorum
3368 4987 3518 5025 atnoo

1930 5076 2042 5114 rem
2090 5075 2186 5115 vos
2212 5062 2450 5116 excitans
2475 5070 2530 5116 et
2558 5062 2804 5128 incitans,
2837 5071 2892 5118 et
2921 5079 2988 5118 ne
3015 5065 3065 5117 in
3098 5063 3258 5118 rebus
3286 5078 3518 5133 praesen-

1932 5153 2071 5207 tibus
2100 5153 2346 5208 lubenter
2379 5155 2688 5220 versemini,
2718 5171 2818 5210 nec
2838 5155 3048 5224 corpori
3077 5153 3221 5208 afﬁxi
3247 5149 3398 5208 sitis:
3420 5168 3519 5208 nec

1927 5247 1999 5301 ita
2032 5247 2362 5316 alliciamini,
2397 5257 2454 5302 ut
2478 5249 2720 5304 nonnulli
2752 5264 2783 5303 e
2803 5248 2962 5319 vulgo
2991 5248 3184 5317 ahjecti
3214 5246 3399 5314 animi,
3427 5251 3518 5318 qui

1929 5339 2030 5394 etsi
2064 5355 2161 5410 per
2188 5342 2384 5395 multos
2412 5356 2582 5396 annos
2619 5341 2867 5406 vixerint,
2899 5355 2994 5396 eos
3037 5355 3234 5412 paucos
3273 5355 3394 5396 esse
3435 5342 3518 5396 di-

1932 5441 2078 5486 cunt.
2109 5430 2316 5500 Quibus
2352 5431 2476 5502 quid
2524 5446 2643 5487 esse
2696 5440 2869 5503 potest
2921 5448 2950 5486 a
3003 5431 3209 5489 ratione
3259 5432 3520 5490 alieniusl

1933 5522 2068 5589 Quid
2092 5536 2222 5576 vero
2240 5523 2472 5576 crassius
2501 5523 2564 5577 iis
2590 5525 2678 5592 qui
2720 5524 2852 5577 czelo
2875 5524 3168 5594 proposito,
3197 5535 3253 5580 et
3277 5525 3343 5581 iis
3369 5525 3521 5582 bonis

1932 5628 2051 5681 qua:
2077 5621 2202 5667 sunt
2234 5613 2285 5666 in
2308 5614 2478 5668 ca'tis.
2501 5612 2628 5677 Qua:
2653 5629 2743 5667 nec
2781 5614 2955 5668 oculus
2977 5615 3118 5678 vidit,
3142 5632 3233 5670 nec
3259 5617 3400 5671 auris
3423 5635 3519 5670 au-

1934 5704 2055 5758 divit
2100 5701 2322 5768 (1.6ω.
2367 5704 2420 5759 2.
2452 5702 2530 5774 9),
2558 5720 2654 5760 ore
2703 5705 2882 5761 hiante
2925 5708 3138 5762 umbras
3182 5717 3417 5780 stupent.
3463 5721 3514 5763 et

1935 5793 2118 5847 volunt
2141 5795 2264 5847 vitm
2288 5797 2566 5866 praesentis
2595 5797 2838 5868 euripum
2871 5799 3136 5872 trajicere,
3166 5801 3214 5854 in
3249 5802 3515 5872 perpetuis
