4088 6274
511 290 613 346 διδ

506 406 784 468 ﬂuctibus,
835 407 1236 474 tempestatibus
1289 416 1342 459 et
1387 404 1673 476 naufragiis
1722 406 1980 460 voluisti?
2028 409 2095 459 At

507 512 613 550 non
647 496 724 551 sic
755 494 987 550 Paulus:
1019 493 1112 550 sed
1157 494 1444 550 festinabat
1470 506 1524 550 et
1573 495 1810 566 urgebat,
1838 506 1894 550 et
1932 512 2097 550 unum

506 591 680 642 solum
711 603 834 642 eum
862 588 1144 656 retinebat,
1178 604 1370 658 nempe
1395 588 1539 642 salus
1572 586 1844 643 hominum
1874 586 2096 660 (Philip.

509 681 562 733 l.
590 679 706 750 95).
732 679 785 733 7.
815 677 942 734 Cum
979 679 1057 733 his
1091 681 1177 750 qui
1211 683 1424 734 oderunt
1456 696 1627 748 pacem
1653 697 1790 734 erant
1821 679 2099 750 paciﬁcus:

513 789 628 824 cum
653 771 892 842 loquebar
914 773 1038 838 illis,
1063 771 1430 842 impugnabant
1460 787 1538 824 me
1565 772 1742 842 gratis.
1761 770 1950 825 Vidisti
1967 786 2098 842 quo-

507 863 670 918 modo
699 862 933 920 ostendit
953 879 1112 934 quam
1137 878 1298 934 grave
1318 863 1388 918 sit
1416 863 1523 916 illic
1547 863 1787 917 versari?
1812 861 1926 917 Non
1953 862 2096 919 enim

508 956 664 1022 dixit,
689 955 822 1012 Cum
846 956 909 1011 iis
929 957 1019 1027 qui
1049 971 1152 1011 non
1180 955 1379 1012 habent
1408 970 1613 1024 pacem,
1642 953 1757 1020 sed,
1777 953 1902 1009 Cum
1930 955 1992 1008 iis
2013 955 2097 1025 qui

508 1049 626 1103 odio
656 1049 837 1102 [tabent
869 1067 1041 1118 pacem
1067 1065 1203 1103 eram
1253 1049 1514 1119 paciﬁcus.
1539 1047 1731 1102 Vidisti
1756 1047 2093 1102 commodum

504 1138 846 1195 afﬂictionis?
887 1140 1064 1194 vidisti
1116 1141 1344 1194 fructum
1392 1139 1752 1208 captivitatis?
1801 1136 1906 1192 Sed
1955 1154 2095 1192 nunc

503 1231 622 1299 quis
651 1242 893 1286 nostrum
926 1233 1029 1288 hoc
1047 1232 1243 1304 poterit
1269 1232 1492 1286 dicere?
1520 1231 1660 1287 Satis
1683 1232 1825 1286 enim
1848 1230 2027 1295 fuerit,
2051 1233 2093 1286 si

504 1339 627 1376 eum
661 1321 894 1392 paciﬁcis
923 1324 1090 1378 simus
1122 1322 1324 1394 paciﬁci
1370 1340 1385 1377 :
1433 1321 1519 1377 hic
1562 1331 1736 1377 autem
1775 1321 1935 1378 etiam
1972 1336 2093 1378 cum

509 1413 572 1465 iis
597 1414 685 1482 qni
715 1429 897 1482 pacem
925 1414 1156 1468 oderant
1183 1423 1300 1468 erat
1326 1413 1598 1483 paciﬁcus.

578 1505 705 1560 Belli
736 1524 796 1561 ac
823 1523 1008 1578 pugnte
1026 1523 1185 1561 causa
1213 1509 1492 1578 prtecipua.
1536 1503 1690 1558 Mane
1724 1504 1848 1569 ovis,
1877 1513 1923 1558 et
1949 1503 2093 1575 lupos

500 1599 796 1665 supembis;
824 1598 1157 1652 mansuetudo
1185 1597 1271 1651 ubi
1297 1598 1514 1650 maxime
1532 1594 1934 1649 ostendenda.——
1952 1593 2092 1661 Quo-

502 1690 661 1744 modo
687 1705 816 1760 crgo
846 1707 943 1746 nos
971 1707 1185 1762 quoque
1221 1691 1275 1745 in
1299 1689 1399 1745 hac
1421 1705 1476 1745 re
1502 1699 1648 1744 recte
1676 1690 1991 1759 geremus“!
2038 1689 2092 1745 Si

503 1791 772 1850 tamquam
795 1782 1038 1852 inquilini
1069 1782 1157 1836 hic
1179 1796 1488 1845 versemur;
1521 1795 1706 1836 rursus
1726 1781 1868 1835 enim
1889 1780 2094 1837 deduco

503 1872 802 1925 orationem
831 1872 896 1925 ad
929 1872 1105 1941 ipsum
1132 1881 1542 1942 argumentum;
1579 1873 1622 1925 si
1662 1881 1722 1926 ut
1760 1872 2017 1942 hospites,
2049 1875 2091 1929 si

504 1962 652 2015 nullo
673 1977 860 2017 eorum
885 1980 1001 2033 qua:
1028 1972 1150 2016 sunt
1180 1963 1458 2033 prmsentia
1491 1963 1763 2018 retardati.
1788 1963 1926 2019 Nihil
1950 1966 2092 2020 enim

501 2071 653 2126 neque
681 2071 870 2127 pugna:
896 2067 949 2111 et
974 2057 1097 2112 belli
1129 2071 1287 2110 causa
1325 2067 1428 2124 est,
1453 2065 1509 2110 ut
1540 2071 1690 2111 amor
1723 2058 2086 2126 prmsentium,

501 2157 560 2201 ut
587 2148 667 2203 vel
705 2150 914 2219 gloria),
947 2150 1030 2203 vei
1075 2151 1332 2220 pecnnia~,
1364 2151 1446 2204 vel
1472 2149 1784 2206 deliciarum
1811 2152 2087 2220 cupiditas.

501 2240 725 2307 Quando
747 2257 876 2295 vero
903 2244 999 2296 hos
1023 2257 1210 2296 onmes
1232 2241 1386 2296 funes
1418 2241 1720 2312 praecideris
1738 2283 1753 2307 ,
1786 2251 1838 2298 et
1859 2244 2089 2299 animam

499 2331 651 2386 nullo
681 2332 870 2388 hormn
901 2335 1121 2389 retineri
1171 2334 1498 2404 permiseris,
1532 2343 1658 2390 tunc
1682 2334 1885 2390 videbis
1922 2336 2092 2392 unde-

501 2437 624 2481 nam
645 2421 840 2478 bellum
863 2425 1021 2478 ducat
1048 2413 1390 2495 principium,
1412 2436 1462 2480 ct
1493 2425 1756 2480 undenam
1788 2427 1858 2482 sit
1883 2427 2092 2482 virtutis

502 2515 804 2586 iaciendum
844 2516 1268 2572 fundamentum.
1295 2519 1581 2587 Propterea
1608 2517 1762 2588 jubet
1788 2519 1948 2574 etiam
1994 2535 2091 2575 nos

501 2607 746 2663 tlhristus
777 2624 902 2666 oves
934 2625 1054 2666 esse
1103 2612 1242 2666 inter
1289 2612 1442 2682 lupos
1491 2610 1702 2681 (Matth.
1737 2611 1823 2668 l0.
1867 2612 1989 2684 l6):
2023 2630 2092 2670 ne

501 2699 668 2767 dicas,
697 2700 822 2756 llmc
862 2712 916 2757 et
958 2703 1045 2757 illa
1092 2717 1281 2774 passus
1325 2718 1462 2771 sum,
1491 2703 1610 2758 ideo
1639 2705 1781 2760 evasi
1826 2720 1998 2762 saevus
2038 2717 2093 2762 et

499 2790 1039 2858 efferatum-Etiamsi,
1085 2796 1288 2866 inquit,
1334 2809 1525 2865 passus
1573 2794 1738 2850 fueris
1782 2796 2091 2853 innumera-

503 2882 646 2949 bilia,
675 2900 830 2940 mane
858 2887 994 2952 ovis,
1019 2895 1073 2940 et
1104 2887 1172 2940 ita
1223 2886 1375 2956 lupos
1408 2886 1706 2957 superabis.
1733 2886 1832 2942 Hic
1875 2899 1959 2944 est
1989 2889 2091 2942 im-

502 2973 703 3041 probus
740 2985 798 3030 et
832 2975 1159 3046 proliigatus,
1189 2976 1283 3030 scd
1326 2975 1490 3031 habes
1517 2985 1688 3031 tantas
1731 2978 1892 3044 vires,
1925 2987 1982 3033 ut
2009 2979 2092 3034 vel

502 3065 658 3121 malis
686 3069 930 3137 superior
955 3066 1172 3122 evadas.
1191 3067 1326 3134 Quid
1347 3076 1430 3123 est
1450 3082 1548 3123 ove
1575 3069 1941 3128 mansuetius?
1966 3070 2090 3141 quid

503 3172 632 3212 vero
663 3159 786 3230 lupo
842 3161 1140 3231 agrestins?
1172 3160 1262 3216 Ille
1293 3171 1465 3216 tamen
1495 3159 1563 3215 ab
1593 3161 1692 3217 hac
1721 3163 2090 3234 superabitur:

506 3249 664 3333 idque
691 3259 966 3307 ostensum
996 3265 1078 3308 est
1109 3253 1160 3308 in
1189 3253 1463 3324 apostolis.
1491 3252 1634 3308 Nihil
1663 3263 1746 3310 est
1769 3255 1911 3310 enim
1941 3271 2092 3310 man—

505 3343 786 3398 suetudine
816 3346 1103 3414 potentius,
1129 3345 1261 3400 nihil
1293 3345 1506 3402 lenitate
1536 3347 1759 3402 validius
1778 3362 1841 3403 ac
1862 3348 2089 3404 ﬁrmius.

503 3431 759 3498 Quocirca
793 3433 1034 3490 Christus
1057 3452 1269 3507 quoque
1292 3436 1443 3506 jubet
1469 3452 1596 3493 oves
1617 3453 1736 3494 esse
1755 3438 1893 3496 inter
1917 3441 2088 3512 lupos.

510 3522 715 3578 Deinde
758 3534 1037 3596 postquam
1067 3528 1146 3581 sic
1175 3527 1328 3593 dixit,
1359 3536 1627 3599 tamquam
1673 3543 1780 3585 non
1827 3530 2095 3588 sufﬁceret

507 3614 624 3670 lucc
671 3620 1045 3686 mansuetudo,
1088 3620 1222 3685 ovis,
1276 3623 1521 3690 inquam,
1574 3621 1622 3674 ei
1675 3636 1834 3691 quem
1882 3623 1994 3677 vult
2033 3640 2094 3679 se

506 3704 794 3761 ostendere
839 3707 1178 3778 discipulum,
1210 3710 1407 3781 aliquid
1451 3710 1594 3766 aliud
1636 3711 1818 3781 adjicit
1850 3731 1862 3766 :
1897 3713 2091 3784 Estote,

506 3798 697 3869 inquit,
737 3799 991 3871 simplices
1031 3801 1161 3854 sicut
1204 3803 1486 3868 columbae;
1522 3801 1748 3858 duorum
1791 3815 2097 3875 mansueto-

505 3902 624 3943 rum
654 3896 710 3944 et
737 3889 1058 3960 simplicium
1101 3891 1411 3948 animalium
1457 3892 1690 3948 miscens
1727 3896 2092 3951 mansuetudi-

504 3994 628 4035 nem
660 3997 674 4033 :
719 3989 916 4036 tantam
943 3997 972 4036 a
1000 3982 1156 4038 nobis
1197 3983 1361 4054 exigit
1394 3983 1684 4050 lenitatem,
1715 3984 1926 4053 quando
1954 3987 2092 4042 inter

505 4087 679 4130 stcvos
721 4083 776 4130 et
827 4083 1067 4146 agrestes
1113 4091 1408 4131 versamur.
1454 4075 1531 4131 Ne
1560 4077 1701 4132 enim
1729 4076 1949 4145 dixeris,
2002 4079 2094 4134 Est

505 4164 802 4237 improbus,
853 4184 951 4224 nec
1003 4167 1144 4224 ferre
1191 4184 1429 4238 possum.
1476 4167 1627 4224 Tunc
1671 4168 1814 4224 enim
1864 4171 2094 4226 maxime

503 4258 833 4314 ostendenda
862 4269 945 4315 est
970 4260 1344 4327 mansuetudo,
1375 4260 1590 4332 quando
1619 4275 1708 4316 res
1743 4261 1898 4316 nobis
1937 4260 2096 4318 fuerit

504 4365 626 4404 eum
663 4352 819 4407 saevis
845 4361 904 4406 et
930 4355 1229 4422 agrestibus
1260 4354 1584 4420 hominibus,
1613 4352 1824 4424 quando
1865 4369 1988 4408 cum
2031 4356 2096 4409 iis

507 4441 599 4510 qui
630 4451 751 4498 sunt
771 4442 840 4498 ab
866 4443 1195 4501 humanitate
1215 4447 1406 4501 alieni:
1430 4456 1558 4502 tunc
1580 4445 1697 4516 ejus
1723 4445 1890 4501 virtus
1916 4455 2094 4502 osten-

507 4535 671 4597 ditur,
705 4545 829 4590 tunc
859 4535 974 4605 ejus
998 4553 1191 4592 munus
1219 4548 1274 4593 et
1312 4539 1547 4593 ofiicium
1596 4537 1906 4608 fructusque
1935 4538 2096 4592 reful-

507 4635 618 4692 get.
648 4627 773 4680 Cum
801 4614 1038 4698 loquebar
1075 4631 1210 4694 illis,
1242 4631 1607 4704 impugnabant
1637 4647 1716 4685 me
1737 4633 1914 4702 gratis.
1947 4632 2096 4686 Alius

511 4729 687 4775 autem
735 4721 1000 4792 interpres
1021 4721 1097 4795 (a)
1127 4722 1273 4787 dicit,
1308 4723 1377 4778 Et
1422 4724 1625 4795 quando
1675 4724 1912 4797 loquebar
1949 4725 2092 4795 ipsis,

507 4810 779 4878 bellabant,
805 4811 888 4867 vel
917 4811 1018 4870 hoc
1061 4814 1387 4885 signiﬁcans,
1415 4815 1540 4869 Cum
1569 4816 1631 4870 iis
1663 4817 1748 4886 qui
1767 4818 1978 4871 oderant
2000 4835 2093 4886 pa-

507 4919 614 4956 csm
652 4920 790 4958 eram
815 4905 1060 4975 paciﬁcus
1092 4921 1112 4959 :
1151 4905 1255 4971 vel,
1292 4905 1506 4976 quando
1533 4906 1661 4975 ipsis
1694 4906 1968 4976 loquebar,
1999 4907 2095 4976 ipsi

508 5013 599 5053 me
628 4997 1024 5069 oppugnabant.
1056 4995 1210 5066 Quod
1236 5007 1415 5052 autem
1444 4995 1590 5061 dicit,
1623 4995 1727 5051 tale
1747 5006 1829 5052 est
1856 5014 1869 5050 :
1901 4995 1955 5050 ln
1985 4997 2098 5068 ipso

510 5099 752 5160 tempore
779 5087 1051 5159 colloquii,
1074 5087 1286 5159 quando
1320 5087 1570 5153 maxime,
1604 5087 1794 5158 inquit,
1823 5089 2098 5144 caritatem

506 5179 878 5246 ostendebam,
909 5179 1123 5252 quando
1150 5179 1310 5235 verba
1354 5179 1405 5234 in
1449 5178 1632 5250 primis
1673 5179 1842 5234 amica
1885 5180 2097 5233 emitte-

505 5276 651 5341 bam,
683 5284 808 5330 tunc
836 5273 1215 5339 cll‘erabantur,
1245 5281 1372 5330 tunc
1395 5270 1550 5327 dolos
1578 5270 1856 5328 struebant
1881 5281 1936 5326 et
1964 5270 2098 5343 nihil

508 5382 606 5424 eos
633 5367 915 5422 coercebat
945 5384 958 5419 :
993 5381 1092 5436 ego
1123 5375 1302 5421 tamen
1328 5364 1596 5435 propriam
1626 5362 1972 5418 ostendebant
1998 5363 2102 5415 vir-

568 5551 586 5580 ¹
623 5547 778 5597 Aliam
802 5548 1064 5613 lectionem
1086 5555 1230 5613 atteri
1268 5547 1315 5595 in
1351 5546 1572 5613 margine
1594 5543 1832 5613 savilius:
1863 5547 2104 5613 quomodo

503 5619 588 5660 hoc
617 5621 703 5658 nos
716 5621 999 5670 persuasum
1017 5608 1314 5668 habebimus,
1334 5606 1418 5669 qui
1441 5605 1585 5656 etiam
1609 5607 1659 5655 in
1682 5607 1862 5656 amicos
1886 5605 2102 5654 hostilem

508 5669 1001 5738 ueriet'ue'timm?
1192 5731 1239 5738 ._
1437 5729 1457 5738 -
1509 5728 1537 5738 ..
1666 5737 1674 5738 ί
1726 5727 1754 5738 ..
1795 5729 1804 5738 .

570 5731 645 5791 (a)
677 5732 791 5788 Quis
820 5732 886 5782 sit
916 5733 1164 5793 interpres
1192 5731 1272 5780 hic
1290 5743 1399 5793 non
1435 5728 1574 5793 facile
1605 5737 1682 5779 est
1710 5727 1946 5777 divinare.
1975 5727 2101 5776 Alio-

511 5795 630 5856 qoiu
650 5805 771 5842 vero
793 5793 896 5842 haec
923 5791 1262 5854 interpretatio
1284 5791 1389 5840 fere
1417 5792 1592 5840 eadem
1615 5798 1690 5840 est
1711 5803 1822 5854 qua:
1847 5797 1971 5838 LXX.

1195 291 1263 346 Β.
1303 289 1580 346 JOANNIS
1618 289 2093 347 CHRYSOSTOMI
2136 290 2453 347 AllCl‘liEP.
2494 290 3026 348 CONSTANTINOP.

3687 297 3796 355 ΞΗ

2211 415 2398 474 intem,
2421 408 2546 464 licet
2575 409 2608 463 ii
2637 410 2707 464 ita
2735 411 2910 468 allecti
2939 422 3138 470 essent.
3173 414 3245 468 Ita
3266 414 3425 470 etiam
3454 430 3556 471 nos
3577 430 3799 488 oportet

2207 497 2364 565 afﬁci,
2397 515 2586 570 nempe
2616 502 2736 557 licet
2761 517 2861 558 nos
2894 504 3104 560 illorum
3133 515 3374 562 amantes
3400 509 3470 562 ab
3499 508 3605 563 illis
3632 509 3762 566 fen'a
3781 543 3796 551 -

2203 607 2345 652 mur.
2379 591 2504 650 licet
2533 595 2686 650 nobis
2713 596 2788 651 illi
2822 597 3168 666 insidientur,
3201 615 3300 654 nos
3331 612 3508 656 nostra
3538 603 3798 660 exhibere

2205 693 2433 753 oportet,
2464 686 2603 742 illius
2630 688 2896 758 parabolas
2920 705 3202 755 memores,
3225 708 3344 762 qua:
3369 694 3522 763 jubet
3545 711 3646 752 nos
3671 712 3798 753 esse

2206 785 2474 848 tamquam
2504 794 2632 835 oves
2659 791 2714 837 et
2735 783 3014 839 columbas
3040 785 3094 840 in
3133 786 3314 841 medio
3354 787 3627 857 luporum,
3653 799 3716 845 ut
3743 801 3799 846 et

2204 869 2325 926 illos
2353 872 2602 929 meliores
2629 873 2934 940 reddamus,
2967 887 3024 932 et
3048 877 3150 949 ipsi
3171 879 3310 933 bona
3338 879 3570 936 calestia
3601 896 3800 938 conse-

2203 974 2433 1030 quamur
2460 980 2474 1017 :
2506 980 2626 1034 qua:
2653 964 2814 1021 detur
2857 967 3012 1023 nobis
3039 971 3288 1025 omnibus
3314 974 3593 1043 consequi,
3619 977 3797 1044 gratia

2201 1062 2254 1106 et
2288 1053 2616 1125 benignitate
2647 1057 2852 1113 Domini
2893 1061 3061 1116 nostri
3087 1060 3216 1117 Iesu
3243 1063 3462 1134 Christi,
3505 1066 3590 1120 cui
3621 1066 3797 1137 gloria

2203 1147 2254 1202 in
2282 1150 2472 1204 smcuia
2501 1153 2844 1208 smcttlorutn.
2871 1155 3061 1210 Amen.

2681 1285 2748 1340 IN
2785 1286 3106 1344 PSALMUM
3145 1289 3304 1346 CXX.

2231 1371 2498 1427 Canticum
2519 1376 2788 1446 graduum.
2820 1378 2990 1444 Alius,
3014 1377 3206 1436 Cantus
3233 1385 3286 1438 in
3314 1387 3629 1444 escensiones
3651 1390 3753 1460 (a).

2203 1465 2255 1518 l.
2292 1464 2473 1519 Levavi
2502 1467 2675 1522 oculos
2701 1486 2837 1523 meos
2878 1471 2931 1524 in
2957 1483 3168 1540 montes,
3200 1477 3337 1529 unde
3361 1479 3516 1532 veniet
3538 1482 3790 1535 auxilium

2271 1574 2456 1612 meum.
2489 1560 2657 1625 Alius,
2691 1559 2820 1616 Levo
2848 1565 3022 1618 oculos
3050 1582 3185 1622 aneos
3211 1569 3262 1622 in
3297 1581 3508 1637 montes,
3539 1573 3674 1626 unde
3701 1589 3784 1626 oe-

2269 1652 2368 1706 niet
2404 1654 2652 1708 auxilium
2678 1673 2862 1711 meum.

2271 1768 2321 1821 l.
2365 1766 2497 1829 Vide
2543 1769 2810 1834 animam,
2843 1788 2960 1842 quae
3003 1774 3156 1830 malis
3199 1775 3466 1845 implicata
3507 1783 3694 1852 nequit

2197 1857 2476 1926 expedire,
2504 1870 2557 1915 et
2581 1861 2817 1917 invenire
2842 1865 3065 1931 exitum,
3087 1874 3142 1920 et
3161 1867 3275 1922 vult
3297 1871 3507 1938 assequi
3535 1872 3788 1928 solatium

2197 1947 2262 2002 ad
2312 1949 2474 2004 Deum
2520 1953 2830 2022 reSpiciens.
2875 1953 3002 2011 [lare
3050 1973 3234 2014 rursus
3275 1962 3624 2018 tentationum
3664 1978 3791 2020 sunt

2192 2041 2356 2106 bona,
2385 2059 2504 2113 quin
2533 2045 2676 2101 illam
2707 2047 2917 2118 erigunt
2941 2057 2998 2105 et
3024 2053 3277 2120 excitant,
3309 2063 3363 2109 et
3401 2055 3466 2110 ad
3495 2071 3787 2126 supernum

2197 2135 2448 2189 auxilium
2479 2137 2828 2194 invocantium
2855 2152 3088 2209 movent,
3115 2154 3271 2215 atque
3295 2146 3363 2201 ab
3383 2150 3650 2216 omnibus,
3671 2169 3792 2223 qum

2197 2225 2261 2278 ad
2292 2225 2430 2282 hanc
2459 2228 2619 2284 vitam
2653 2232 2940 2300 pertinent,
2990 2235 3276 2292 abducunt.
3317 2239 3371 2294 Si
3397 2240 3539 2296 enim
3575 2241 3748 2299 Judmi
3771 2287 3790 2309 ,

2197 2315 2289 2384 qui
2313 2317 2478 2373 crassi
2503 2328 2657 2376 erant
2684 2330 2738 2377 et
2769 2331 2925 2378 terra:
2963 2325 3128 2393 affixi,
3156 2328 3223 2383 ab
3251 2328 3538 2388 afﬂictione
3563 2336 3790 2404 captivi-

2201 2411 2324 2498 tatis
2351 2409 2488 2466 adeo
2516 2412 2640 2469 boni
2668 2415 2982 2484 evadebant,
3024 2430 3078 2474 et
3101 2421 3165 2474 ad
3195 2424 3382 2478 caelum
3430 2425 3502 2480 ita
3530 2428 3790 2498 respicie-

2198 2496 2328 2553 bant
2359 2518 2369 2552 :
2399 2502 2568 2558 multo
2587 2503 2782 2573 justius
2803 2516 2883 2562 est
2909 2518 2966 2563 ut
2989 2525 3084 2564 nos
3106 2510 3208 2567 hoc
3234 2511 3489 2572 faciamus
3510 2517 3562 2572 in
3590 2496 3792 2574 nostris

2196 2590 2604 2662 calamitatibus,
2654 2605 2708 2650 et
2755 2597 2820 2651 ad
2872 2599 3042 2655 Deum
3086 2604 3471 2674 confugiamus,
3515 2624 3546 2662 a
3594 2611 3792 2678 quibus

2198 2679 2352 2751 longe
2400 2684 2571 2754 major
2594 2703 2753 2756 quam
2802 2689 2869 2743 ab
2897 2691 2998 2745 illis
3027 2692 3282 2762 perfectio
3311 2699 3618 2766 requiritur.
3650 2703 3790 2769 Quia

2197 2775 2338 2828 enim
2371 2775 2445 2830 illi
2472 2786 2596 2833 tmte
2621 2792 2772 2837 erant
2799 2783 2848 2838 in
2877 2785 3067 2840 mediis
3088 2786 3349 2855 hostibus,
3380 2800 3434 2846 et
3456 2807 3630 2864 neque
3654 2797 3792 2851 civi-

2198 2873 2358 2920 tatem
2392 2867 2677 2937 habebant,
2711 2889 2807 2928 nec
2837 2890 3036 2940 arcem,
3068 2894 3166 2933 nec
3195 2879 3484 2938 humanum
3511 2886 3791 2954 auxilium,

2201 2972 2299 3011 nec
2349 2961 2660 3029 pecuniam,
2707 2981 2883 3036 neque
2918 2968 3115 3039 aliquid
3163 2971 3304 3027 aliud
3355 2975 3647 3044 ejusmodi,
3693 2981 3790 3034 sed

2197 3051 2388 3119 captivi
2419 3061 2472 3107 et
2516 3057 2651 3110 servi
2685 3059 3030 3116 versabantur
3069 3063 3223 3118 simul
3273 3065 3411 3120 inter
3446 3067 3696 3125 dominos
3734 3083 3793 3126 et

2201 3141 2423 3200 hostes:
2453 3147 2811 3205 calamitatum
2833 3160 3011 3208 autem
3041 3157 3404 3226 magnitudine
3431 3163 3697 3230 oppressi,
3722 3163 3790 3217 ad

2203 3233 2454 3291 invictam
2483 3253 2697 3294 manum
2721 3241 3116 3313 confugiebant,
3148 3255 3203 3301 ct
3226 3246 3304 3301 ab
3319 3247 3564 3304 humanis
3590 3250 3792 3311 deserti

2202 3325 2482 3393 prasidiis,
2519 3343 2584 3383 ex
2628 3345 2689 3385 ea
2739 3331 2852 3402 ipsa
2902 3332 3206 3393 desertione
3249 3337 3598 3396 conferebant
3633 3357 3698 3397 se
3723 3344 3791 3397 ad

2199 3417 2609 3489 philosophiam.
2661 3423 2725 3477 Et
2750 3423 2870 3478 ideo
2907 3425 3155 3482 dicebant
3183 3446 3196 3483 :
3222 3427 3408 3485 Levavi
3447 3432 3622 3488 oculos
3653 3451 3792 3490 meos

2199 3510 2251 3563 in
2283 3522 2494 3578 montes,
2527 3514 2658 3569 unde
2673 3518 2831 3569 ueniet
2867 3520 3116 3573 auxilium
3145 3537 3328 3577 meum.
3355 3521 3488 3588 Quae
3525 3524 3592 3578 ab
3619 3524 3793 3581 homi-

2201 3604 2355 3659 nibus
2383 3605 2610 3662 coni'erri
2642 3619 2882 3678 possunt,
2905 3611 3082 3666 omnia
3102 3611 3431 3682 defecerunt,
3453 3617 3631 3672 omnia
3665 3633 3790 3687 per-

2202 3695 2407 3764 ierunt,
2439 3700 2613 3754 omnia
2638 3703 2819 3771 procul
2852 3715 3191 3760 recesserunt
3221 3723 3234 3760 :
3265 3723 3390 3772 una,
3419 3709 3624 3780 inquit,
3648 3713 3793 3767 salus

2201 3787 2453 3858 deinceps
2498 3791 2678 3847 relicta
2710 3804 2814 3861 est,
2856 3809 2977 3865 qua:
3022 3796 3224 3852 scilicet
3263 3799 3484 3856 affertur
3515 3817 3545 3856 a
3575 3803 3705 3860 Deo.
3735 3805 3793 3860 2.

2203 3881 2462 3937 Auxilium
2492 3900 2656 3939 meum
2680 3902 2713 3939 α
2754 3885 2993 3954 Domino,
3023 3889 3111 3959 qui
3139 3890 3258 3961 fecit
3284 3893 3464 3947 calum
3509 3903 3554 3948 et
3583 3904 3792 3954 terram.

2206 3974 2392 4029 Vidisti
2423 3991 2516 4031 eos
2547 3976 2714 4031 Deum
2737 3977 2932 4048 ubique
2959 3981 3243 4049 quaerere?
3270 3998 3334 4037 ex
3358 3993 3520 4054 terra,
3543 4001 3608 4042 ex
3635 3988 3793 4056 caelo,

2202 4079 2266 4119 ex
2315 4066 2616 4131 montibus,
2651 4083 2716 4122 ex
2759 4069 3136 4128 solitudinibus
3183 4087 3304 4128 eum
3351 4075 3544 4146 ubique
3585 4078 3685 4132 sibi
3725 4081 3797 4136 ob

2203 4157 2386 4211 oculos
2417 4159 2663 4228 ponere?
2692 4159 2870 4214 vidisti
2909 4175 3094 4216 eorum
3121 4173 3357 4219 mentem
3385 4164 3498 4221 ﬁeri
3525 4169 3795 4224 excelsio-

2203 4269 2340 4322 rem,
2385 4264 2440 4310 et
2483 4270 2745 4311 summam
2796 4257 2887 4314 Dei
2939 4261 3324 4329 providentiam
3369 4265 3440 4320 ab
3480 4267 3560 4322 eis
3603 4268 3797 4338 ubique

2207 4345 2524 4414 praedicari?
2575 4347 2760 4418 Neque
2807 4351 2949 4405 enim
2998 4354 3350 4424 nequicquam
3408 4357 3510 4412 hoc
3552 4359 3744 4427 adjecit
3781 4379 3794 4412 :

2208 4441 2310 4507 Qui
2343 4441 2460 4512 fecit
2506 4443 2684 4496 ctelttm
2710 4451 2758 4496 et
2788 4452 3007 4512 terram;
3049 4445 3142 4501 sed
3175 4446 3276 4502 hoc
3312 4447 3540 4504 obscure
3577 4451 3798 4506 ratioci-

2207 4550 2363 4601 nans,
2397 4542 2455 4590 et
2487 4534 2672 4590 dicens
2704 4554 2716 4588 :
2747 4536 2805 4592 Si
2852 4535 2976 4592 fecit
3019 4539 3210 4594 caelum
3257 4549 3308 4594 et
3358 4549 3576 4609 terram,
3623 4553 3798 4611 potest

2203 4626 2366 4680 etiam
2396 4625 2448 4680 in
2475 4625 2648 4682 aliena
2680 4629 2895 4697 regione
2922 4645 3078 4699 opem
3111 4629 3272 4698 ferre,
3301 4641 3357 4688 et
3386 4633 3600 4703 ubique,
3631 4635 3799 4689 etiam

2207 4725 2258 4778 in
2291 4718 2514 4773 barbara
2546 4727 2708 4782 terra,
2740 4734 2952 4774 mamnn
2984 4719 3299 4789 adjutricem
3329 4722 3594 4792 prmbcre,
3619 4734 3673 4778 ct
3703 4743 3798 4778 eos

2206 4812 2294 4880 qui
2322 4826 2355 4867 e
2390 4810 2562 4881 patria
2609 4810 2822 4879 expulsi
2867 4821 2990 4866 sunt
3017 4826 3355 4867 conservare.
3398 4813 3453 4868 Si
3495 4815 3635 4869 enim
3683 4815 3802 4870 hac

2205 4904 2471 4958 elementa
2519 4901 2685 4958 verbo
2730 4900 2904 4956 solum
2955 4901 3237 4971 produxit,
3285 4903 3457 4958 multo
3500 4903 3670 4974 magis
3700 4920 3800 4960 nos

2208 4993 2404 5064 poterit
2447 4992 2678 5050 liberare
2719 5006 2747 5046 a
2777 4991 3036 5047 barbaris.
3069 4992 3234 5049 Vides
3268 4993 3535 5060 quomodo
3560 4993 3802 5064 philoso-

2211 5087 2439 5156 phantur
2459 5085 2548 5154 qui
2579 5084 2770 5139 minori
2792 5099 2954 5138 sensu
2975 5092 3128 5138 erant
3151 5083 3361 5154 pricditi
3386 5099 3544 5154 quam
3573 5085 3801 5155 lapides,

2211 5179 2334 5232 dum
2367 5179 2419 5232 in
2447 5178 2617 5231 aliena
2650 5175 2868 5246 regione
2911 5174 3232 5230 versantur!
3259 5174 3378 5230 Non
3402 5175 3632 5245 amplius
3655 5177 3801 5231 enim

2211 5270 2413 5340 templi,
2441 5268 2535 5325 sed
2563 5269 2682 5323 eteli
2706 5277 2760 5322 et
2777 5276 2934 5322 terra:
2960 5267 3334 5322 meminerunt.
3367 5266 3502 5323 Vide
3525 5269 3798 5337 quo-mdo

2213 5361 2397 5418 nnmdi
2423 5360 2752 5418 creationem
2772 5358 2973 5429 Deique
2998 5357 3313 5428 sapientiam
3332 5366 3387 5413 et
3414 5357 3804 5441 providentiam

2211 5455 2523 5526 praedicant.
2555 5452 2654 5521 Qui
2681 5451 2825 5508 enim
2848 5459 3007 5505 antea
3036 5449 3181 5519 ligno
3202 5447 3472 5516 dicebant,
3498 5447 3638 5504 Dens
3663 5465 3803 5503 utens

2213 5565 2263 5602 es
2289 5558 2362 5610 tu,
2387 5554 2445 5600 et
2467 5543 2649 5615 lapidi,
2671 5541 2753 5597 Tu
2778 5558 2859 5596 ms
2882 5541 3097 5613 genuisti
3127 5539 3258 5612 (Jer.
3289 5537 3345 5592 9.
3373 5537 3492 5608 87),
3520 5553 3660 5594 nunc
3681 5542 3799 5592 uui-

2275 5662 2350 5722 (a)
2395 5666 2506 5708 tunc
2547 5655 2696 5722 lectio
2735 5654 3059 5722 pratermissa
3099 5651 3190 5722 fuit
3224 5649 3546 5722 [aAIIesaplis
3575 5652 3634 5701 ad
3678 5652 3808 5700 bum-

2215 5711 2468 5774 Psaltimm.
2491 5720 2604 5782 quia
2628 5719 2677 5766 in
2703 5711 3208 5782 praecedcmi__l‘salum
3230 5711 3322 5763 MO
3339 5711 3492 5782 posita
3513 5711 3701 5774 lin-tat;
3731 5724 3812 5764 est

2217 5794 2399 5843 autem,
2426 5791 2478 5833 ut
2504 5774 2715 5832 videtur:
2736 5779 2870 5828 iuxta
2895 5775 3107 5842 Aquilam
3134 5785 3182 5826 et
3206 5774 3557 5839 Symmachum.
