4088 6274
305 481 414 540 Siti

316 602 456 652 xei-si
485 604 628 652 orbis
659 604 817 651 terrae
845 594 1100 666 Opilicem
1123 605 1435 665 agnOscunt.
1464 595 1723 649 Auxilium
1745 610 1908 648 meum

317 707 348 741 σι
383 690 622 754 Domino,
655 704 762 744 non
811 688 877 745 ab
928 688 1251 756 hominibus,
1297 703 1398 744 nec
1440 687 1507 742 ab
1536 687 1718 757 equis,
1751 703 1855 741 non
1882 703 1910 740 a

323 784 580 853 pecuniis,
631 797 730 837 nec
777 783 1006 847 asociis,
1059 796 1158 836 nec
1199 797 1227 835 a
1274 779 1704 850 propugnaculis.
1749 781 1882 832 Λιιχὶ

321 877 452 931 lium
497 882 734 928 nostrum
765 887 794 926 a
825 872 1049 927 Domino
1075 889 1090 940 ;
1127 872 1227 928 hoc
1263 872 1518 926 auxilium
1547 879 1630 926 est
1659 870 1906 924 ittvictnn.

315 979 374 1026 et
427 965 836 1036 inexpugnabile
883 983 896 1021 :
939 980 1045 1020 non
1100 964 1275 1019 solum
1348 972 1524 1018 autem
1584 961 1910 1030 inexpugna-

316 1061 444 1124 bile,
473 1058 567 1114 sed
586 1058 748 1112 etiam
781 1056 1087 1127 expeditum
1111 1065 1165 1110 et
1191 1055 1360 1109 facile.
1386 1053 1567 1123 Neque
1590 1053 1731 1108 enim
1755 1051 1910 1120 longe

315 1163 401 1207 est
431 1149 898 1222 proficiscendum,
927 1163 1032 1203 non
1059 1156 1141 1203 est
1169 1132 1545 1202 blandiendum
1570 1144 1906 1214 janitoribus,

319 1259 427 1299 non
455 1251 584 1298 sunt
624 1239 1001 1296 consumenda:
1031 1243 1298 1311 pecuniae,
1327 1253 1433 1294 non
1472 1238 1763 1308 legationes
1790 1237 1912 1291 mit-

316 1333 512 1398 tendze,
545 1332 638 1386 sed
670 1342 842 1401 potest
883 1331 1004 1401 quis
1048 1330 1192 1384 domi
1239 1344 1459 1384 manens
1491 1329 1594 1384 hoc
1631 1328 1698 1383 ad
1727 1343 1786 1382 se
1815 1342 1908 1381 au-

318 1427 502 1481 xilium
566 1423 871 1488 attrahere,
920 1423 965 1478 si
1023 1432 1226 1476 tantum
1283 1421 1518 1490 seipsum
1564 1421 1906 1490 sejungensa

317 1519 480 1572 Iebus
529 1516 798 1581 humanis,
845 1513 920 1568 illi
949 1514 1063 1582 spei
1093 1512 1380 1572 adhaereat,
1409 1524 1664 1580 acresque
1701 1519 1753 1563 et
1785 1523 1906 1577 per-

316 1611 557 1680 spicaces
584 1606 772 1663 oculos
802 1605 1014 1668 habeat,
1042 1613 1096 1660 et
1121 1604 1227 1658 alta
1258 1603 1525 1671 respiciat.

395 1703 466 1756 οε
488 1700 680 1755 homini
701 1697 912 1753 sublime
930 1697 1066 1750 dedit
1090 1694 1610 1763 Dem—Propterea
1636 1691 1776 1746 enim
1809 1690 1908 1745 hoc

318 1795 493 1852 solum
548 1793 739 1848 animal
786 1792 926 1846 Deus
974 1797 1177 1844 rectum
1221 1787 1441 1852 creavit,
1485 1793 1539 1842 et
1585 1784 1765 1840 oculos
1787 1799 1909 1838 cur-

322 1886 470 1954 poris
500 1884 574 1938 illi
603 1884 654 1938 in
684 1883 792 1937 alto
820 1880 1034 1945 locavit,
1081 1880 1281 1934 docens
1308 1879 1467 1932 etiam
1495 1892 1525 1931 a
1555 1875 1714 1931 rebus
1738 1874 1909 1930 sensi-

312 1975 519 2030 ibiii'hus
543 1983 790 2044 oportere
815 1972 868 2027 in
895 1972 1058 2027 altum
1093 1971 1380 2038 respicere.
1425 1967 1608 2023 Solum
1635 1969 1776 2022 enim
1809 1967 1908 2021 hoc

315 2066 514 2121 animal
561 2067 645 2120 est
703 2066 776 2120 ita
824 2063 1112 2119 formatum
1143 2079 1156 2115 :
1187 2061 1389 2130 reliqua
1434 2069 1610 2114 autem
1658 2058 1906 2112 animalia

318 2176 482 2232 prona
509 2168 654 2225 sunt,
684 2169 735 2215 et
766 2168 960 2215 terram
986 2158 1236 2213 deorsum
1264 2156 1582 2226 despiciunt.
1613 2155 1710 2210 Hic
1728 2163 1904 2209 autem

321 2257 374 2309 in
399 2253 588 2309 calum
620 2262 700 2308 est
727 2261 959 2318 erectus,
988 2261 1045 2306 ut
1073 2267 1190 2321 qua:
1213 2250 1324 2306 illic
1351 2258 1475 2304 sunt
1500 2249 1824 2314 consideret,
1853 2249 1904 2302 in

319 2345 424 2399 Illis
452 2344 884 2416 philosophetur,
919 2343 1002 2397 illa
1032 2341 1396 2413 apprehendat
1424 2350 1478 2396 et
1504 2341 1688 2396 oculos
1715 2340 1906 2394 animm

317 2453 468 2493 acres
511 2437 725 2492 habeat.
758 2437 1016 2503 Quocirca
1063 2435 1272 2490 dicebat
1313 2449 1523 2504 quoque
1563 2433 1775 2502 quidam
1823 2447 1909 2486 sa-

313 2531 489 2601 piens,
531 2529 790 2599 Sapientis
833 2528 965 2583 oculi
1014 2528 1066 2583 in
1104 2529 1269 2598 capite
1307 2527 1418 2598 ejus
1457 2523 1654 2594 (Eccle.
1685 2526 1741 2580 2.
1793 2523 1902 2595 14),

317 2623 422 2676 hoc
466 2631 568 2680 est.
599 2620 855 2675 liberatus
891 2628 974 2675 est
1001 2620 1070 2674 ab
1093 2619 1340 2674 omnibus
1381 2617 1578 2673 infimis
1603 2617 1782 2682 rebus,
1811 2632 1906 2684 per

313 2715 503 2770 caelum
545 2725 798 2784 vagatur,
846 2720 899 2767 et
944 2711 1333 2782 contemplatur
1385 2709 1650 2763 sublimia.
1691 2709 1747 2763 3.
1787 2707 1902 2761 Non

314 2809 405 2863 des
430 2809 483 2862 in
526 2808 909 2861 commotionem
954 2805 1132 2877 pedem
1176 2813 1339 2869 tuum,
1391 2814 1551 2869 neque
1589 2797 1899 2854 dormitabit

313 2904 405 2972 qui
431 2903 646 2957 custodit
682 2910 746 2955 te.
798 2900 957 2955 Vides
983 2907 1233 2969 quantam
1259 2911 1288 2952 a
1316 2896 1469 2952 nobis
1496 2895 1658 2964 exigit
1679 2893 1905 2964 diligen-

323 2993 456 3046 tiam
486 2991 538 3044 id
567 2990 705 3060 quod
732 2989 969 3045 dicitur?
997 2989 1125 3056 Quia
1151 2989 1292 3043 enim
1321 2985 1502 3040 auxilii
1523 2985 1900 3048 meminerunt,

318 3090 380 3138 et
409 3095 688 3150 supernam
720 3095 875 3150 opem
921 3081 1187 3142 invocant,
1216 3076 1527 3131 adhortatur
1552 3084 1607 3131 et
1635 3074 1900 3140 consulit,

315 3175 422 3229 hoc
446 3173 826 3243 propemodum
858 3171 1042 3227 dicens
1071 3189 1082 3225 :
1113 3171 1170 3226 Si
1211 3171 1342 3226 velis
1368 3185 1486 3224 eam
1525 3169 1754 3239 assequi,
1785 3185 1904 3238 quae

315 3277 409 3321 tua
436 3280 648 3336 quoque
671 3275 796 3320 sunt
819 3263 1085 3319 conferas.
1117 3262 1253 3330 Quid
1283 3270 1367 3317 est
1386 3271 1567 3316 autem
1595 3261 1737 3332 quod
1776 3277 1905 3316 cou-

311 3357 486 3414 ωιῑιτ
513 3357 650 3412 Audi
681 3374 696 3410 :
732 3355 852 3410 Non
881 3355 968 3409 des
1010 3356 1063 3407 in
1101 3355 1482 3408 commotionem
1513 3353 1686 3423 pedem
1715 3362 1853 3406 tuum
1883 3369 1902 3408 :

310 3451 417 3505 hoc
442 3457 545 3518 est,
569 3447 645 3504 Ne
675 3447 962 3519 dejiciaris,
990 3462 1057 3501 ne
1088 3445 1382 3515 prolabaris
1400 3485 1416 3510 ,
1446 3455 1498 3500 et
1528 3444 1903 3504 tunc.habebis

308 3541 485 3598 Deum
507 3555 720 3596 manum
747 3539 1094 3610 prmbentem,
1114 3552 1213 3593 nec
1241 3546 1292 3593 te
1307 3536 1785 3607 derelinquentem,
1808 3550 1906 3591 nec

309 3634 701 3690 demittentem.

387 3726 593 3782 Arbitrii
621 3726 778 3780 nostri
805 3724 1026 3779 libertas.
1052 3753 1125 3764 —
1149 3723 1190 3776 A
1217 3722 1368 3778 nobis
1396 3722 1572 3792 itaque
1601 3730 1724 3775 sunt
1753 3721 1903 3790 prin-

308 3816 454 3888 cipia
501 3815 604 3888 (a),
647 3824 702 3871 et
729 3814 780 3869 id
825 3815 986 3870 situm
1029 3823 1111 3869 est
1151 3813 1206 3868 in
1232 3822 1414 3868 nostra
1446 3820 1726 3881 potestate.
1768 3810 1903 3866 Cum

307 3924 446 3980 ergo
472 3908 524 3963 id
554 3909 609 3963 in
636 3915 820 3963 nostra
865 3912 1128 3976 potestate
1155 3903 1246 3968 sit,
1278 3903 1492 3974 quando
1515 3903 1763 3958 volumus
1798 3903 1904 3958 ali-

308 4001 446 4072 quid
492 4000 726 4070 assequi,
777 4005 987 4068 oportet
1029 4011 1129 4052 nos
1171 4010 1383 4066 quoque
1427 4003 1611 4049 nostra
1660 3993 1906 4050 conferre

309 4094 418 4165 (ita
442 4095 584 4148 enim
604 4090 717 4145 vult
737 4088 897 4162 Deus)
923 4109 937 4146 :
959 4104 1077 4158 quae
1096 4093 1222 4142 sunt
1248 4101 1406 4156 parva
1431 4085 1644 4154 quidem
1672 4093 1729 4140 et
1754 4085 1900 4151 vilia,

306 4202 380 4242 ca
409 4194 585 4240 tamen
616 4199 714 4238 nos
740 4189 956 4252 oportet
979 4178 1245 4244 conferre,
1275 4192 1379 4232 non
1409 4177 1632 4244 otiosos,
1659 4191 1758 4232 nec
1781 4175 1906 4231 dor-

309 4277 591 4341 mitantes,
618 4290 726 4332 non
749 4281 1056 4337 stertentes,
1082 4285 1182 4327 nec
1205 4269 1445 4340 supinos,
1471 4267 1567 4324 sed
1591 4277 1896 4339 operantes,

307 4378 375 4427 et
398 4368 631 4425 studium
672 4365 989 4420 adhibentes
1014 4361 1081 4418 ad
1127 4360 1348 4417 salutem
1379 4368 1637 4415 nostram.
1679 4359 1745 4414 Et
1785 4359 1907 4414 ideo

310 4461 600 4518 undecima
631 4471 840 4529 quoque
868 4454 998 4510 hora
1027 4453 1286 4509 conduxit
1329 4451 1545 4522 (Matt/1.
1572 4450 1662 4506 20.
1698 4449 1774 4523 6).
1804 4450 1908 4504 Ta-

311 4551 477 4610 metsi
509 4550 766 4621 quidnam
799 4547 928 4602 tanti
969 4544 1226 4600 momenti
1268 4550 1422 4599 erant
1467 4542 1596 4597 hora
1628 4541 1906 4597 undecima

314 4644 556 4703 facturi?
583 4643 641 4699 Id
689 4641 914 4702 scilicet,
946 4648 1003 4693 ut
1042 4637 1282 4709 operatio
1323 4643 1467 4690 esset
1493 4635 1573 4690 eis
1617 4633 1828 4690 occasio
1853 4642 1908 4689 et

317 4752 486 4795 causa
515 4749 853 4790 coronarum.
881 4731 950 4785 Et
996 4729 1115 4784 ideo
1138 4728 1269 4782 dicit
1300 4747 1312 4782 :
1347 4725 1467 4780 Non
1503 4727 1590 4781 des
1616 4727 1668 4780 in
1695 4742 1909 4781 commo-

317 4835 510 4886 tionem
539 4829 716 4902 pedem
743 4837 904 4891 tuum,
936 4840 1093 4895 neque
1137 4820 1427 4876 dormitabit
1459 4821 1545 4891 qui
1581 4821 1795 4876 custodit
1838 4829 1904 4874 te.

315 4925 382 4979 Si
413 4931 500 4977 tua
533 4905 843 4992 przebueris,
876 4931 996 4988 qua:
1038 4922 1166 4969 sunt
1193 4912 1336 4968 illius
1361 4927 1572 4982 quoque
1597 4920 1903 4980 sequentur.

320 5017 406 5070 Ex
432 5013 534 5068 hoc
576 5011 629 5066 id
674 5024 885 5081 quoque
932 5005 1252 5069 ostenditur,
1299 5002 1438 5074 quod
1478 5002 1684 5058 etiamsi
1727 5011 1906 5056 nostra

314 5105 643 5171 aﬂ'eramus,
698 5103 775 5156 sic
827 5111 1001 5156 tamen
1066 5097 1182 5170 ejus
1232 5110 1445 5167 quoque
1490 5110 1706 5166 egemus
1755 5095 1908 5150 auxi-

317 5199 432 5263 lio,
461 5204 519 5250 ut
545 5194 599 5249 in
643 5199 756 5247 tuto
798 5191 988 5256 simus,
1025 5199 1080 5242 ut
1127 5199 1436 5243 maneamus
1476 5184 1614 5239 ﬁrmi
1640 5192 1696 5239 et
1722 5185 1908 5239 immo-

319 5291 476 5346 biles.

395 5384 451 5438 2.
482 5381 673 5437 Pedem
711 5379 764 5432 in
789 5375 1168 5431 commotionem
1191 5373 1314 5425 dare
1339 5370 1461 5442 quid
1482 5387 1501 5435 ;
1538 5367 1908 5421 mundanorum

323 5490 496 5529 rerum
526 5470 848 5526 instabilitas.
880 5492 950 5506 εε-
977 5465 1110 5532 Quis
1149 5473 1231 5518 est
1258 5471 1434 5515 autem
1464 5461 1552 5529 qui
1603 5458 1789 5529 pedem
1817 5457 1910 5512 dat

327 5571 382 5622 in
409 5559 866 5624 commotionem?
903 5558 1010 5626 Qui
1033 5570 1120 5612 res
1146 5547 1313 5610 iluxas
1338 5561 1390 5608 et
1413 5551 1638 5605 caducas
1666 5547 1910 5619 aggredi-

655 5704 736 5747 ιεε
763 5693 1151 5759 Civ-immuta
1187 5689 1269 5738 hic
1296 5683 1693 5759 δεφίρεῖῐεείτιηίε
1708 5680 1908 5759 ,ξείῗὲἷέ-

388 5699 736 5814 (amtes
1189 5699 1269 5738 mc
1296 5699 1693 5759 semipeiagiams
1722 5699 1908 5755 iuvere.

323 5771 436 5814 nec
617 5771 698 5810 em
721 5762 800 5807 est
815 5754 852 5806 C
1007 5758 1133 5814 toan
1156 5763 1313 5807 mens,
1337 5747 1680 5814 Christianum,
1703 5756 1745 5792 st
1779 5757 1911 5805 prm-

325 5812 624 5889 σῖιῖίδίιιίνη
643 5826 697 5870 ει
715 5812 1152 5889 νίιῖέβοῖὲιυέἓῗῗιε
1378 5813 1908 5889 θὲῗίιἮῗὶἯξῖἮῖῗῗῗ

327 5866 865 5950 uadejyuq
898 5876 961 5950 ab
999 5866 1364 5950 ipsouprinéipio
1402 5883 1491 5921 nos
1509 5866 1712 5918 'auxilio
1748 5866 1910 5915 divino

329 5935 373 6013 ιι.
388 5935 699 6001 ὲέέηινίῗυε
725 5942 799 5992 bis
820 5935 1037 6004 pluribus
1057 5935 1186 5987 alibi.

1405 479 1761 540 EXPOSITIO
1801 481 1863 538 ΙΝ
1907 481 2221 540 PSALMUM
2259 483 2418 539 CXX.

3503 483 3609 536 5115

2021 604 2126 658 tur,
2175 605 2228 649 et
2271 610 2494 666 quarunt
2539 591 2684 650 basis
2715 596 2931 653 minime
2976 597 3124 650 lirma
3169 605 3280 662 est,
3307 597 3604 666 cujusmodi

2018 697 2099 743 est
2125 704 2276 743 amor
2315 689 2572 758 pecuniae,
2620 690 2917 760 cujusmodi
2947 700 3029 746 est
3067 689 3389 746 desiderium
3421 707 3603 745 earum

2018 797 2194 836 rerum
2220 797 2340 851 qua:
2359 781 2424 836 ad
2451 782 2587 837 hanc
2616 784 2777 838 vitam
2802 784 3069 854 pertinent
3096 801 3108 838 :
3139 793 3193 838 et
3214 783 3332 839 ideo
3361 783 3608 853 frequen—

2017 881 2098 924 ter
2140 873 2521 928 subvertuntur
2557 885 2610 928 et
2654 874 2928 940 decidunt,
2958 883 3015 930 et
3055 876 3122 930 de
3171 876 3330 930 rebus
3361 875 3608 929 maximis

2020 965 2312 1031 periculum
2343 980 2488 1036 εει-ρο
2527 976 2707 1022 creant
2755 967 2880 1032 sibi,
2924 969 3014 1038 qui
3055 967 3145 1022 illa
3192 966 3482 1032 possident.
3515 966 3606 1021 Ille

2016 1057 2159 1111 enim
2195 1073 2486 1127 numquam
2541 1059 2862 1114 sunt'iirma
2915 1074 2980 1113 ac
3026 1059 3256 1122 stabilia,
3307 1069 3600 1128 numquam

2017 1156 2140 1204 sunt
2162 1145 2472 1210 immobilia,
2506 1150 2602 1204 sed
2633 1165 2845 1221 semper
2873 1159 3163 1216 mutantur,
3190 1149 3604 1204 transferuntur.
3695 1217 3698 1223 ν

2015 1249 2070 1295 et
2108 1241 2275 1311 magis
2317 1257 2476 1310 quam
2505 1241 2696 1296 ﬂuctus
2743 1242 3135 1311 perturbantur,
3168 1257 3324 1312 quam
3365 1240 3605 1295 ﬂutviales

2018 1330 2174 1385 undae
2217 1331 2374 1386 citius
2419 1341 2713 1399 transeunt,
2743 1348 2806 1386 ac
2832 1333 3019 1402 quavis
3057 1347 3218 1387 arena
3258 1331 3602 1386 imbecilliora

2015 1431 2157 1487 sunt,
2186 1432 2238 1478 et
2270 1425 2436 1493 magis
2453 1428 2738 1496 pertinent.
2757 1427 2810 1481 4.
2840 1425 2973 1480 Ecce
2993 1443 3092 1480 non
3118 1425 3426 1489 dormitubit,
3447 1440 3602 1495 neque

2015 1515 2230 1568 dormiet
2257 1517 2340 1584 qui
2364 1518 2578 1569 custodit
2606 1515 2794 1571 Israel.
2824 1517 2879 1573 Si
2903 1527 2970 1582 te,
3009 1519 3194 1589 inquit,
3230 1519 3298 1572 ita
3326 1533 3602 1586 compara-

2016 1608 2178 1672 veris,
2209 1607 2328 1662 Non
2359 1608 2665 1671 dormitabit,
2715 1628 2871 1680 neque
2914 1612 3148 1677 dormiet,
3201 1612 3302 1665 hoc
3345 1623 3447 1676 est,
3495 1628 3597 1666 uon

2013 1697 2366 1769 derelinquet,
2396 1715 2501 1754 non
2530 1702 2688 1768 sinet,
2721 1717 2823 1756 non
2852 1701 3084 1758 dimittet
3111 1702 3310 1757 nudum
3336 1712 3390 1758 et
3413 1703 3598 1758 deser-

2016 1799 2146 1844 tum.
2183 1789 2293 1846 Hoc
2319 1802 2498 1847 autem
2530 1793 2719 1848 volens
2756 1793 3112 1859 sul-iudicare,
3143 1810 3249 1848 non
3280 1795 3375 1848 abs
3403 1809 3460 1848 re
3503 1813 3599 1862 pu-

2012 1884 2119 1937 suit
2148 1883 2296 1948 illud,
2346 1884 2446 1951 Qui
2489 1885 2706 1939 custodit
2752 1884 2939 1939 Israel.
2970 1886 3081 1941 Hoc
3110 1895 3193 1940 est
3237 1895 3414 1940 autem
3458 1887 3597 1954 quod

2011 1974 2143 2029 dicit
2177 1994 2190 2029 :
2220 1974 2276 2030 Si
2306 1971 2407 2030 hoc
2433 1987 2516 2029 est
2553 1976 2668 2046 ejus
2697 1985 3010 2046 perpetuum
3037 1991 3250 2045 munus,
3273 1985 3331 2032 ut
3356 1985 3432 2031 tot
3453 1986 3599 2031 retro

2011 2079 2134 2123 ante
2160 2069 2292 2124 actis
2317 2068 2546 2132 sacculis,
2576 2078 2630 2124 et
2657 2086 2684 2124 a
2718 2070 2822 2124 tuis
2850 2069 3140 2140 majoribus
3167 2080 3218 2125 te
3247 2071 3300 2124 in
3334 2081 3446 2125 tuto
3476 2071 3558 2124 col
3585 2101 3592 2108 -

2013 2161 2171 2225 locet,
2201 2176 2232 2215 a
2261 2175 2358 2216 suo
2384 2175 2491 2214 non
2521 2159 2760 2215 discedet
2785 2160 2983 2227 ofﬁcio,
3007 2169 3062 2214 et
3086 2160 3137 2215 id
3163 2160 3306 2231 quod
3323 2163 3599 2215 consuevit

2013 2251 2188 2307 facere
2236 2268 2342 2308 non
2371 2252 2604 2318 deseret,
2634 2252 2733 2306 nisi
2763 2260 2818 2306 tu
2864 2251 3076 2306 dederis
3105 2252 3157 2305 in
3185 2251 3596 2320 commotionem

2012 2345 2200 2414 pedem
2247 2355 2416 2399 tuum.
2448 2344 2631 2414 Neque
2657 2359 2787 2399 vero
2813 2344 2984 2398 solum
3016 2359 3120 2398 non
3149 2343 3380 2410 deseret,
3411 2343 3504 2399 sed
3544 2353 3598 2396 te

2010 2439 2170 2494 etiam
2198 2454 2319 2494 cum
2348 2453 2536 2506 magna
2557 2437 2842 2492 securitate
2859 2434 3128 2491 defendet.
3149 2435 3217 2490 Et
3235 2435 3356 2491 ideo
3371 2434 3593 2504 subjun-

2008 2531 2084 2600 git
2112 2530 2294 2586 dicens
2319 2551 2332 2587 :
2359 2531 2413 2584 4.
2447 2529 2695 2584 Dominus
2723 2529 2938 2585 custodit
2964 2538 3047 2593 te;
3083 2528 3328 2582 Dominus
3357 2529 3594 2600 proiectio

2010 2632 2095 2676 tua
2123 2640 2275 2693 super
2299 2640 2502 2677 manuni
2533 2623 2789 2677 dexteram
2819 2632 2976 2676 luant.
3008 2623 3159 2677 Alius
3187 2621 3260 2693 (a)
3291 2631 3466 2676 autem
3497 2623 3590 2682 ait,

2009 2713 2090 2768 Ad
2113 2731 2319 2768 manum
2343 2715 2598 2770 dexteram
2623 2725 2778 2768 tuam.
2804 2715 2942 2778 Erit,
2968 2714 3152 2784 inquit,
3179 2713 3429 2769 defensor
3451 2723 3591 2776 tuus.

2007 2807 2240 2877 adjutor,
2264 2807 2565 2862 auxiliator.
2594 2806 2756 2862 Vides
2776 2806 3044 2877 quomodo
3067 2806 3151 2860 hic
3177 2820 3386 2877 quoque
3411 2813 3464 2860 te
3483 2807 3598 2861 vult

2009 2898 2061 2952 in
2105 2913 2270 2968 opere
2315 2897 2672 2954 exerceri?A
2717 2897 3028 2968 metaphora
3069 2906 3247 2953 autem
3277 2912 3463 2952 eorum
3505 2899 3593 2966 qui

2007 2997 2151 3045 stant
2174 2991 2226 3044 in
2251 2990 2387 3056 acie,
2417 2988 2577 3045 stabit
2605 2989 2672 3044 ad
2701 3004 2915 3044 manum
2944 2997 3085 3044 tuam
3113 2989 3409 3055 dexteram,
3437 2999 3494 3043 ut
3522 2990 3598 3042 sis

2008 3082 2454 3152 inexpugnabilis,
2501 3091 2558 3136 ut
2599 3082 2777 3152 gravis
2816 3096 2880 3136 ac
2923 3089 3192 3145 strenuus,
3239 3091 3297 3135 ut
3325 3074 3505 3136 valens
3542 3090 3598 3134 et

2010 3184 2218 3242 potens,
2239 3184 2298 3228 ut
2326 3183 2585 3242 trepreum
2611 3174 2806 3243 erigas,
2831 3181 2888 3228 ut
2915 3173 3113 3229 releras
3138 3172 3435 3238 victoriam,
3462 3188 3595 3242 quo-

2009 3268 2150 3321 niam
2182 3267 2267 3321 illa
2299 3278 2377 3323 est
2408 3267 2658 3332 maxime,
2705 3282 2798 3336 per
2825 3281 2984 3337 quam
3010 3266 3186 3321 omnia
3221 3266 3446 3335 agimus.
3479 3265 3592 3320 Non

2007 3358 2183 3414 solum
2210 3357 2302 3413 tibi
2337 3359 2572 3426 assistet,
2605 3367 2657 3413 et
2684 3358 2777 3412 tibi
2802 3372 2957 3428 Opem
2987 3356 3140 3424 feret,
3169 3349 3450 3412 sed'etiam
3473 3373 3596 3426 pro-

2009 3460 2168 3520 teget.
2219 3449 2416 3506 lterum
2448 3451 2591 3516 dico,
2623 3465 2719 3520 per
2756 3465 2818 3504 ea
2864 3465 2985 3520 qua:
3027 3459 3152 3504 sunt
3180 3450 3317 3519 apud
3352 3465 3469 3515 uos,
3501 3450 3592 3503 Dei

2007 3541 2262 3596 auxilium
2294 3543 2542 3612 eXprimit
2576 3563 2590 3598 :
2619 3551 2674 3596 et
2716 3541 2966 3597 omnibus
3016 3543 3252 3597 numeris
3296 3543 3590 3597 absolutam

2007 3633 2326 3701 custodiam,
2377 3642 2434 3690 et
2488 3636 2721 3689 maxime
2776 3632 3131 3704 propinquum
3160 3633 3444 3698 auxilium,
3500 3648 3596 3703 per

2007 3724 2281 3780 dexteram
2321 3732 2376 3780 et
2405 3725 2787 3795 protectionem
2814 3723 3068 3780 ostendit.
3117 3722 3171 3779 6.
3203 3722 3308 3778 Per
3353 3723 3486 3777 diem
3515 3724 3594 3778 sol

2008 3833 2108 3870 non
2155 3825 2265 3869 uret
2311 3825 2376 3878 te,
2410 3831 2567 3881 neque
2616 3815 2738 3869 luna
2780 3830 2870 3884 per
2915 3822 3128 3867 noctem.
3165 3813 3228 3867 Et
3255 3811 3359 3868 hoc
3396 3814 3590 3866 factum

2008 3918 2090 3966 est
2115 3909 2130 3940 ‘
2162 3908 2376 3978 quando
2402 3907 2602 3978 egressi
2633 3913 2758 3960 sunt
2784 3920 2850 3959 ex
2879 3903 3135 3975 Egypto,
3163 3910 3220 3958 et
3244 3901 3509 3973 degebant
3538 3902 3619 3955 in.

2009 4002 2316 4060 sillitudine.
2350 4001 2444 4056 llic
2471 4009 2648 4055 autem
2676 3999 2807 4055 dicit
2831 4013 3076 4068 magnam
3105 3995 3466 4052 securitatem.
3498 3994 3595 4048 Est

2007 4101 2184 4149 autem
2203 4091 2514 4155 verisimile,
2539 4103 2632 4145 eos
2657 4091 2841 4154 etiam,
2869 4103 2988 4142 cum
3017 4095 3144 4143 tunc
3169 4085 3423 4151 redirent,
3453 4084 3594 4153 ejus-

2009 4185 2154 4241 modi
2185 4182 2398 4255 aliquod
2446 4181 2759 4237 miraculum
2804 4181 2968 4237 fuisse
3013 4189 3372 4248 caiisequutos
3414 4177 3594 4246 aliquo

2009 4280 2118 4334 alio
2170 4278 2350 4333 modo.
2380 4275 2581 4331 Volens
2619 4290 2747 4345 ergo
2790 4275 2934 4344 large
2964 4281 3018 4328 et
3045 4272 3263 4342 copiose
3307 4271 3594 4327 ostendere

2009 4373 2128 4441 ejus
2154 4369 2538 4441 providentiam
2580 4366 2721 4438 quod
2773 4381 2878 4422 non
2917 4365 3087 4420 solum
3119 4363 3312 4419 liberet
3346 4379 3374 4416 a
3417 4363 3591 4433 malis,

2011 4464 2121 4520 imo
2161 4479 2229 4518 ne
2257 4478 2320 4518 ea
2348 4460 2564 4532 quidem
2593 4460 2732 4515 sinat
2760 4457 2986 4528 perpeti,
3011 4473 3130 4528 quae
3155 4456 3329 4512 solent
3352 4454 3595 4510 accidere

2014 4555 2339 4620 hominibus,
2385 4554 2488 4609 hoc
2535 4553 2825 4622 subjunxit.
2862 4551 2956 4629 Est
2997 4551 3140 4606 enim
3170 4549 3286 4620 ejus
3331 4549 3514 4605 auxilii
3543 4561 3598 4603 et

2011 4649 2176 4705 effusa
2204 4645 2581 4718 suppeditatio,
2610 4655 2664 4701 et
2689 4660 2809 4715 qua:
2832 4643 3010 4699 verbis
3037 4642 3260 4713 exprimi
3291 4657 3396 4696 non
3421 4650 3596 4712 potest

2011 4741 2334 4815 benignitas,
2365 4755 2488 4810 qua:
2531 4755 2637 4794 non
2685 4754 2782 4808 pro
2822 4737 2982 4793 modo
3022 4745 3218 4791 nostra:
3265 4734 3597 4790 necessitatis

2013 4853 2168 4892 suum
2202 4833 2404 4905 prabet
2429 4832 2707 4898 auxilium,
2738 4831 2832 4886 sed
2862 4828 3382 4886 renumerationibus
3415 4835 3592 4882 nostra

2011 4943 2223 4999 quoque
2252 4926 2517 4997 postulata
2563 4935 2801 4995 superat.
2835 4925 2887 4979 7.
2918 4923 3168 4976 Dominus
3192 4917 3433 4973 custodiet
3461 4927 3508 4970 te
3529 4918 3594 4971 ult

2013 5024 2149 5077 omni
2175 5021 2308 5076 malo
2334 5037 2352 5075 :
2379 5019 2621 5075 custodiet
2641 5019 2860 5070 animum
2881 5025 3021 5069 tuam
3043 5009 3431 5075 Dominus..Qui
3453 5009 3592 5064 enim

2013 5132 2080 5169 nc
2111 5115 2226 5169 haec
2251 5111 2467 5184 quidem
2512 5125 2676 5178 parva
2722 5107 2848 5162 sinit
2894 5104 3210 5160 tibiali'erre
3255 5099 3593 5160 molestiam,

2013 5205 2107 5261 sed
2139 5219 2378 5274 eousque
2405 5201 2647 5258 extendit
2682 5214 2833 5255 suam
2863 5211 3045 5252 curam
3083 5202 3136 5249 et
3165 5188 3548 5260 providentiam
3576 5229 3592 5254 ,

2014 5299 2186 5354 multo
2228 5297 2399 5366 magis
2445 5293 2641 5349 eiliciet
2683 5301 2740 5345 ut
2779 5289 2848 5344 ab
2878 5288 2995 5342 aliis
3020 5283 3308 5355 expugnari
3336 5295 3594 5350 nequeas.

2015 5389 2283 5462 Quidquid
2324 5387 2464 5442 enim
2517 5382 2718 5442 invadit
2755 5378 2964 5434 molesti
3005 5385 3059 5431 et
3087 5372 3285 5443 asperi,
3313 5371 3455 5426 cedit
3501 5370 3595 5426 Dei

2015 5483 2168 5540 nutui
2202 5501 2214 5536 :
2247 5494 2366 5550 qnt'e
2408 5477 2622 5547 quidem
2651 5489 2756 5528 non
2786 5473 2968 5526 insunt
3009 5468 3060 5523 in
3089 5465 3413 5521 hominibus.
3465 5463 3594 5523 Nam

2015 5576 2114 5630 etsi
2146 5587 2289 5642 smpe
2314 5570 2382 5624 ab
2415 5571 2514 5622 l.oc
2542 5564 2680 5620 malo
2706 5561 3030 5626 liberaverit,
3057 5559 3126 5613 ab
3148 5556 3253 5612 alio
3277 5571 3382 5611 non
3408 5557 3598 5627 potuit,

2017 5669 2098 5723 vel
2126 5667 2173 5722 si
2218 5664 2406 5736 potuit,
2448 5669 2594 5715 certe
2637 5656 2842 5720 noluit;
2872 5667 3060 5707 verum
3088 5650 3181 5706 Dei
3212 5663 3402 5704 manus
3428 5647 3603 5702 valida

2086 5803 2107 5833 *
2138 5795 2282 5850 Savil.
2312 5811 2325 5846 :
2355 5801 2410 5845 Et
2431 5790 2562 5846 illud
2578 5802 2717 5841 omne
2735 5788 2930 5852 quando
2960 5788 3140 5848 factum
3174 5791 3242 5836 est
3267 5782 3290 5833 ?
3329 5785 3603 5843 interroga-

2017 5868 2134 5917 tive,
2163 5875 2255 5911 non
2282 5857 2425 5908 male.

2084 5925 2156 5988 (tl)
2191 5932 2302 5983 Quis
2325 5923 2387 5970 sit
2411 5919 2487 5969 hic
2512 5917 2756 5978 interpres
2778 5917 3041 5976 Ignorattu'.
