4018 6268
480 487 584 542 347

484 617 537 656 et
558 600 914 668 omn'potens,
941 592 1310 664 quodcumque
1341 587 1621 649 invaserit,
1656 581 1935 653 proﬂigare
1966 592 2060 646 po-

496 694 637 758 terit,
665 700 717 746 et
745 700 796 744 te
825 687 1051 744 liberare
1075 683 1143 739 ab
1172 682 1435 738 omnibus.
1465 679 1519 733 8.
1553 676 1802 730 Dominus
1826 669 2067 725 custodiet

485 783 744 837 introitum
773 789 933 844 tuum,
965 787 1012 831 et
1037 777 1222 830 exitum
1261 783 1427 826 tuum.
1451 768 1600 824 Alius
1627 767 1889 833 interpres
1918 761 2063 824 dicit,

491 877 757 929 Accessum
798 881 936 925 tuum
979 867 1074 942 (a).
1110 865 1295 922 Vidisti
1328 864 1444 933 ejus
1476 869 1786 931 perpetuum
1816 854 2066 909 auxilium

494 969 690 1036 ubique
733 965 940 1027 adesse,
986 958 1271 1015 introeunti
1319 965 1374 1010 et
1413 950 1672 1010 exeunti?
1719 947 1853 1014 Quid
1895 952 2065 1014 potest

486 1077 609 1114 etim
638 1061 738 1114 hac
763 1059 984 1115 caritate
1007 1051 1278 1109 conferri?
1309 1047 1432 1117 quid
1459 1061 1578 1100 cum
1631 1042 1726 1096 hac
1751 1037 2068 1095 clementia?

490 1153 586 1208 llic
624 1151 835 1221 quidem
892 1156 1037 1203 certe
1080 1159 1294 1200 omnem
1340 1141 1502 1194 vitam
1549 1135 1806 1206 signiﬁcat
1839 1153 1852 1186 :
1888 1132 1940 1184 in
1989 1129 2069 1182 his

488 1245 634 1300 enim
678 1244 783 1296 vita
824 1241 1068 1296 universa
1112 1234 1375 1298 consistit,
1409 1244 1598 1298 nempe
1642 1228 1695 1280 in
1733 1227 1973 1293 ingressu
2016 1227 2071 1273 et

489 1337 655 1390 exitu.
704 1334 774 1388 Et
820 1340 881 1387 ut
926 1331 980 1386 id
1025 1329 1260 1398 apertius
1303 1322 1601 1394 signiﬁcet,
1648 1316 1918 1386 suhjnnxit
1947 1332 1960 1368 :
1992 1311 2071 1398 Ea;

495 1429 590 1480 hoc
616 1442 748 1479 nunc
783 1433 828 1479 et
865 1438 1024 1490 usque
1058 1422 1110 1473 in
1146 1417 1406 1474 srerulum.
1453 1413 1568 1468 Non
1612 1425 1735 1472 uno,
1766 1407 1954 1477 inquit,
1982 1395 2073 1458 aut

494 1515 724 1580 duobus,
767 1522 855 1567 aut
884 1511 1070 1575 tribus,
1100 1518 1191 1564 aut
1232 1509 1417 1562 decem
1437 1547 1452 1572 ,
1480 1511 1570 1558 aut
1599 1499 1798 1569 viginti,
1830 1507 1920 1551 aut
1944 1511 2065 1550 cen-

496 1616 606 1660 tum
653 1604 861 1670 diehns,
894 1602 990 1658 sed
1022 1611 1316 1672 perpetuo:
1347 1593 1487 1668 quod
1531 1593 1743 1664 quidem
1792 1604 1894 1643 non
1939 1588 2074 1640 inest

490 1697 833 1761 hominibus;
863 1695 959 1751 sed
999 1695 1180 1748 multm
1220 1699 1343 1744 sunt
1385 1688 1719 1746 mutationes,
1768 1681 2072 1751 frequentes

493 1805 674 1854 casus,
702 1799 758 1844 et
793 1787 1060 1842 continuae
1087 1779 1473 1837 vicissitudines
1505 1799 1517 1834 :
1547 1778 1636 1847 qui
1663 1775 1818 1828 hodie
1846 1772 2070 1836 amicus,

491 1893 612 1932 cras
633 1877 878 1932 inimicus
895 1885 978 1931 est
999 1891 1015 1930 :
1042 1875 1132 1944 qui
1151 1872 1306 1927 hodie
1325 1869 1428 1924 fert
1448 1882 1624 1938 Opem,
1645 1879 1764 1920 cras
1786 1873 1836 1918 te
1855 1862 2076 1917 deserit.

494 1969 651 2037 Saepe
675 1971 851 2022 autem
891 1981 997 2021 non
1026 1963 1197 2020 solum
1225 1961 1440 2026 deserit,
1481 1958 1576 2014 sed
1607 1957 1766 2012 etiam
1785 1961 2071 2023 oppugnat,

494 2068 547 2113 et
573 2057 851 2112 insidiatur
877 2056 1062 2125 quovis
1090 2055 1241 2108 hoste
1266 2051 1475 2123 gravius
1507 2068 1520 2103 :
1551 2047 1641 2105 sed
1671 2062 1787 2116 qua:
1813 2045 1904 2098 Dei
1931 2051 2074 2110 sunt,

495 2156 712 2202 manent
753 2144 1060 2208 immobilia,
1117 2150 1391 2212 perpetua,
1435 2136 1772 2200 immortalia,
1825 2133 2073 2200 stabilia,

495 2240 599 2293 ﬁne
624 2237 876 2294 carentia.
914 2235 978 2290 Ut
1006 2251 1066 2290 ea
1096 2249 1223 2304 ergo
1247 2245 1611 2302 assequamur,
1642 2237 1822 2282 nostra
1868 2240 2077 2295 quoque

491 2329 794 2393 aderamus,
840 2336 897 2382 ut
942 2341 1129 2397 magna
1182 2325 1467 2380 securitate
1515 2322 1772 2384 fruamur,
1827 2325 1882 2371 et
1939 2316 2076 2370 bona

491 2418 668 2474 futura
718 2418 1070 2489 adipiscamur
1109 2417 1165 2471 in
1189 2416 1399 2470 Christo
1424 2413 1546 2467 Jesu
1605 2410 1826 2465 Domino
1855 2415 2036 2464 nostro
2058 2445 2074 2472 ,

498 2511 579 2563 cui
621 2509 787 2578 gloria
812 2509 862 2560 in
900 2508 1090 2562 s:rcula
1114 2506 1447 2560 satculorum.
1480 2506 1670 2556 Amen.

975 2657 1039 2710 ΙΝ
1068 2655 1392 2711 PSALMUM
1420 2653 1606 2709 CXXI.

499 2795 549 2846 1.
588 2791 807 2848 laetatus
858 2807 965 2845 sum
995 2791 1049 2843 in
1078 2790 1174 2851 iis,
1203 2789 1290 2860 qui
1328 2789 1560 2841 dixerunt
1583 2786 1705 2838 milii
1729 2826 1746 2853 ,
1784 2785 1836 2837 in
1872 2784 2079 2837 domum

1076 2878 1285 2932 Domini
1326 2879 1528 2933 ibimus.

571 3041 620 3092 i.
650 3038 717 3092 At
764 3053 903 3091 nunc
948 3036 1098 3089 multi
1129 3033 1348 3088 verbum
1375 3047 1516 3102 aegre
1555 3030 1767 3087 ferunt:
1799 3039 1852 3085 et
1889 3031 1934 3085 si
1966 3028 2082 3098 quis

503 3133 567 3186 ad
597 3133 795 3187 circum
816 3170 834 3197 ,
865 3130 948 3186 vel
975 3128 1040 3182 ad
1071 3127 1273 3182 theatra
1301 3125 1589 3194 iniquitatis
1610 3124 1904 3179 ascendens
1923 3137 2082 3176 voca-

506 3225 637 3276 verit
661 3263 674 3286 ,
699 3222 846 3275 multi
875 3227 1198 3274 concurrunt
1223 3234 1234 3268 :
1264 3215 1358 3271 sed
1384 3217 1427 3270 si
1456 3214 1520 3268 ad
1546 3214 1762 3268 domum
1789 3213 2043 3268 orationis
2064 3251 2079 3275 ,

502 3313 650 3380 pauci
674 3320 829 3380 sunt,
874 3311 964 3381 qui
990 3324 1095 3364 non
1147 3315 1478 3363 cunctentur.
1507 3306 1578 3359 At
1602 3320 1705 3358 non
1751 3304 1829 3358 sic
1871 3301 2080 3358 Judzei:

505 3419 608 3472 quo
636 3401 759 3471 quid
791 3401 957 3470 possit
985 3415 1104 3455 esse
1130 3399 1345 3469 gravius
1369 3439 1383 3462 ,
1414 3394 1626 3467 quando
1653 3395 1757 3449 illis
1808 3393 2082 3462 negligen-

505 3494 668 3547 tiores
697 3501 986 3546 cernuntur
1008 3488 1334 3544 Christiani?
1374 3487 1644 3542 Undenam
1675 3493 1852 3538 autem
1885 3482 2079 3536 factum

503 3592 579 3638 est
599 3624 613 3647 ,
645 3591 700 3636 ut
727 3583 760 3635 ii
782 3589 960 3636 essent
982 3579 1150 3635 tales?
1176 3580 1376 3634 Rursus
1399 3578 1518 3631 dico
1543 3595 1554 3630 :
1579 3591 1607 3629 a
1630 3575 1935 3645 captivitate
1962 3572 2082 3626 facti

503 3682 628 3726 sunt
654 3672 924 3726 meliores.
957 3671 1092 3724 l-linc
1119 3669 1153 3723 ii
1184 3669 1271 3739 qui
1297 3675 1450 3721 antea
1483 3667 1808 3720 nauseabant
1829 3707 1842 3730 ,
1867 3674 1921 3719 et
1946 3673 2082 3716 tem-

508 3765 651 3834 plutn
682 3762 894 3833 quidem
917 3803 937 3829 ,
962 3761 1367 3828 divinorumque
1396 3757 1726 3826 eloquiorum
1760 3755 2080 3808 auditionem

504 3857 838 3912 dimittebant
855 3897 870 3921 ,
897 3855 1102 3923 seipsos
1127 3863 1300 3906 autent
1323 3850 1590 3904 montibus
1609 3890 1623 3915 ,
1648 3847 1868 3902 saltibus
1892 3887 1904 3910 ,
1929 3845 2081 3900 colli-

507 3951 605 4003 bus
625 3990 638 4013 ,
670 3958 720 4002 et
751 3947 992 4018 plurima:
1023 3944 1277 4015 impietati
1326 3940 1620 4004 dedebant,
1653 3940 1720 3992 ab
1751 3939 1897 3992 illius.
1913 3938 2084 3991 cultus

505 4039 771 4093 desiderio
795 4042 1099 4102 cessarunt,
1132 4041 1187 4089 et
1214 4033 1279 4088 ad
1305 4032 1442 4086 hanc
1472 4030 1874 4101 promissionem
1905 4027 2086 4083 incen-

506 4133 704 4186 duntur
725 4171 740 4196 ,
772 4131 1044 4199 eriguntur
1068 4170 1083 4195 ,
1117 4126 1452 4188 consistunt,
1499 4132 1554 4178 et
1597 4122 1774 4176 animo
1821 4121 2082 4174 laetantur.

506 4223 765 4291 Quoniam
801 4222 940 4276 enim
961 4219 1102 4275 fame
1130 4226 1187 4274 et
1227 4217 1314 4272 siti
1353 4217 1720 4271 laboraverant
1746 4256 1759 4275 ,
1800 4228 1903 4266 non
1947 4209 2088 4265 fame

509 4317 687 4386 panis,
714 4325 766 4368 et
785 4315 868 4369 siti
891 4328 1041 4384 aquae
1061 4355 1075 4378 ,
1099 4311 1191 4366 sed
1211 4309 1459 4366 audiendi
1487 4307 1631 4362 verbi
1657 4306 1857 4360 Domini
1884 4307 2087 4377 (Amos.

509 4409 564 4462 8.
587 4409 645 4463 11
670 4407 688 4477 )
713 4426 726 4460 :
759 4407 860 4461 hoc
887 4406 1146 4474 supplicio
1166 4403 1437 4472 castigati,
1462 4415 1582 4454 eum
1611 4398 1799 4465 majori
1825 4396 2090 4451 desiderio

511 4515 572 4552 ea
603 4498 878 4567 requirunt
903 4511 932 4549 a
953 4495 1142 4564 quibus
1168 4493 1494 4548 exciderant.
1523 4491 1593 4544 ita
1616 4491 1772 4544 etiam
1803 4488 1884 4542 vel
1916 4488 2087 4558 ipsum

513 4589 682 4643 solum
728 4586 1215 4653 amplectebantur,
1263 4583 1536 4646 dicentes,
1584 4578 1896 4632 Placuerunt
1939 4576 2091 4630 servis

513 4679 612 4732 luis
634 4675 825 4740 lapides
850 4675 957 4744 ejus
979 4715 993 4740 ,
1019 4683 1063 4727 et
1092 4681 1236 4726 terrm
1249 4673 1362 4742 ejus
1383 4669 1746 4724 miserebantur
1767 4667 1938 4736 (Psal.
1967 4666 2088 4721 101.

516 4769 584 4825 15
609 4766 636 4840 )
663 4783 678 4834 ;
707 4775 762 4821 et
800 4780 983 4820 rursus
1006 4805 1020 4828 ,
1057 4763 1271 4829 Quando
1301 4763 1494 4816 veniam
1517 4769 1563 4812 et
1589 4759 1840 4830 apparebo
1869 4767 1984 4830 ante
2008 4757 2090 4826 fa-

513 4862 642 4915 ciem
665 4857 761 4912 Dei
782 4857 801 4926 (
821 4855 961 4910 Psal.
991 4855 1077 4909 41.
1103 4854 1157 4909 5.
1185 4862 1232 4906 et
1257 4854 1309 4907 7.
1332 4861 1379 4906 et
1405 4852 1456 4905 5.
1475 4849 1536 4919 )?
1562 4860 1615 4904 et
1644 4865 1830 4904 rursus
1853 4887 1868 4913 ,
1901 4845 2092 4900 Recor-

514 4955 674 5008 dabar
697 4951 771 5006 tui
794 4951 856 5004 de
877 4958 1009 5003 terra
1030 4945 1273 5000 Iordanis
1291 4951 1336 4997 et
1365 4941 1679 4996 Hemoniim
1700 4957 1732 4993 a
1753 4949 1916 4992 monte
1936 4939 2097 4992 modi-

514 5061 609 5110 co;
633 5054 687 5100 et
707 5054 896 5097 rursus
915 5081 931 5106 ,
957 5037 1082 5093 Ηιεσ
1106 5035 1343 5100 memini,
1367 5044 1412 5087 et
1433 5031 1586 5099 e/Tudi
1608 5047 1758 5100 super
1778 5046 1854 5082 me
1877 5030 2098 5082 annnam

515 5153 698 5192 nteant.
731 5133 993 5204 Quidnam
1023 5137 1202 5184 autem
1221 5169 1235 5193 ,
1265 5126 1350 5182 dic
1394 5123 1522 5180 mihi
1541 5163 1558 5190 ,
1601 5120 1926 5176 meministi?
1956 5119 2097 5184 Quo-

515 5230 652 5283 niam
679 5225 900 5281 transibo
921 5223 974 5276 in
1000 5223 1168 5277 locum
1196 5215 1504 5272 tabernaculi
1524 5210 1837 5267 admirabilis
1855 5226 2009 5280 usque
2032 5211 2104 5264 ad

517 5323 723 5376 domum
747 5318 841 5374 Dei
867 5315 885 5389 (
908 5315 1053 5370 Psal.
1082 5315 1172 5370 M.
1204 5313 1295 5382 5).
1326 5311 1437 5365 Hoc
1463 5317 1576 5374 est,
1601 5305 1735 5373 Quia
1772 5305 2008 5360 transibo
2035 5304 2100 5358 ad

518 5411 741 5467 choreas
765 5425 830 5465 ac
849 5422 1067 5478 magnos
1086 5411 1379 5461 conventus
1401 5441 1418 5468 ,
1451 5408 1504 5454 et
1530 5400 1675 5454 illum
1708 5396 1799 5451 Dei
1821 5395 2018 5450 cultum
2041 5409 2102 5448 ac

519 5500 868 5558 ceremonias.
891 5501 946 5555 2.
974 5499 1182 5554 Stantes
1207 5501 1351 5549 erant
1375 5491 1526 5566 pedes
1552 5489 1708 5544 nostri
1734 5488 1786 5542 in
1807 5487 1951 5540 atriis
1980 5484 2098 5549 tuis,

518 5593 822 5648 Jerusalem.
836 5592 1000 5656 Alius,
1021 5591 1244 5646 Lanatus
1261 5604 1376 5644 sum
1393 5601 1504 5640 cum
1520 5584 1741 5637 dicerent
1759 5579 1904 5646 mihi,
1927 5577 1995 5632 In
2015 5577 2108 5630 don

524 5701 661 5738 munt
691 5683 895 5737 Domini
926 5684 1164 5736 venimus.
1198 5681 1455 5735 Steterunt
1493 5677 1642 5747 pedes
1670 5674 1827 5730 nostri
1864 5673 1919 5726 in
1965 5670 2106 5724 atriis
2179 5703 2182 5708 ι

524 5779 662 5843 tuis,
689 5773 993 5829 Jerusalem.
1025 5773 1212 5827 Vidisti
1250 5771 1509 5840 insignem
1538 5764 1900 5837 voluptatem?
1923 5762 2114 5821 Perin-.

594 5891 670 5951 (a)
701 5885 851 5947 Cujus
872 5885 934 5934 sit
957 5883 1062 5932 haec
1083 5883 1419 5944 interpretatio
1441 5880 1677 5932 uescitur.

1163 477 1217 530 S.
1258 471 1530 530 JOANNlS
1559 460 2028 524 CllRYSOSTOMl
2067 457 2382 515 ARCHIEP.
2425 457 2954 516 CONSTANTINOP.

3657 455 3762 511 358

2175 575 2240 630 de
2267 592 2328 630 ac
2353 577 2396 631 si
2421 577 2576 632 rebus
2599 578 2726 648 ipsis
2749 578 3050 633 fruerentur
3071 617 3084 642 ,
3112 578 3190 630 vel
3212 575 3276 630 ad
3304 575 3414 644 ipsa
3439 573 3600 629 verba
3627 590 3756 642 gan-

2171 670 2367 723 debant
2387 711 2400 734 ,
2446 685 2638 739 magno
2663 670 2929 725 desiderio
2965 670 3345 738 amplectentes
3373 667 3635 720 oratimtis
3663 666 3759 720 dn-

2175 781 2317 818 mum
2345 775 2399 818 et
2425 764 2711 819 civitatem.

2246 855 2470 908 Privatio
2500 855 2743 910 bonorum
2785 870 2985 910 sensum
3021 869 3195 908 eorum
3243 851 3401 921 efﬁcit
3443 867 3594 919 quem
3642 866 3761 904 usus

2175 952 2367 1020 fructus
2407 963 2506 1001 non
2533 947 2785 1017 efﬁciebat.
2818 976 2891 986 —
2919 946 2992 999 lta
3020 946 3158 999 Deus
3186 957 3402 1011 semper
3430 942 3606 996 facere
3634 956 3758 996 con,-

2174 1040 2364 1092 snevit.
2407 1038 2631 1105 Quando
2675 1039 2818 1092 enim
2849 1037 2988 1092 bona
3031 1035 3289 1090 habentes
3326 1049 3431 1086 non
3462 1031 3757 1095 sentimus,

2175 1133 2316 1199 ejicit
2359 1147 2420 1186 ea
2449 1147 2479 1186 e
2510 1131 2703 1185 nostris
2737 1130 3012 1195 manibus,
3042 1135 3102 1181 ut
3144 1125 3196 1181 id
3225 1127 3366 1196 quod
3406 1123 3624 1179 efﬁcere
3652 1136 3756 1176 non

2177 1224 2346 1290 potuit
2366 1239 2492 1276 usus
2514 1222 2710 1276 fructus
2728 1263 2742 1287 ,
2772 1221 2966 1275 efliciat
2991 1217 3214 1288 privatio
3239 1235 3252 1271 :
3281 1215 3423 1285 quod
3450 1215 3579 1284 ipsis
3601 1214 3763 1268 etiam

2176 1315 2372 1368 evenit
2404 1311 2845 1382 amplectantihus
2895 1309 3196 1372 civitatem,
3251 1315 3411 1375 atque
3463 1304 3757 1372 templum,

2175 1407 2314 1474 qtmd
2363 1408 2581 1476 patriam
2613 1405 2941 1473 recepissent
2973 1416 3190 1470 magnas
3232 1400 3429 1470 gratias
3457 1397 3756 1468 agentibus.

2177 1501 2229 1555 5.
2259 1498 2543 1552 Jerusalem
2571 1513 2683 1567 quia
2711 1495 2994 1564 aediﬁcatur
3023 1502 3078 1546 ut
3105 1492 3297 1545 ciuitas.
3343 1489 3525 1553 Alius,
3558 1486 3758 1556 didi/i-

2177 1600 2340 1643 catam
2371 1599 2423 1641 ut
2449 1589 2723 1641 civitatem.
2749 1585 2844 1640 Vel
2877 1599 3004 1654 ergo
3029 1599 3096 1637 ex
3125 1581 3467 1652 Septuaginta
3498 1578 3760 1632 sententia

2180 1680 2278 1734 hoc
2308 1678 2405 1732 sibi
2434 1678 2578 1742 vult,
2603 1675 2973 1731 Atidiﬁcabitur
2996 1671 3290 1728 Jerusalem
3320 1677 3379 1723 ut
3407 1668 3593 1724 civitas
3611 1707 3629 1732 ,
3655 1683 3765 1736 quo

2177 1772 2412 1842 signiﬁca
2422 1781 2503 1823 tur
2524 1780 2731 1838 tempus
2754 1767 2896 1838 quod
2919 1764 3190 1836 przecessit.
3207 1763 3612 1818 aediﬁcationem
3636 1775 3652 1823 ;
3681 1759 3763 1814 vel

2180 1872 2236 1916 ttt
2267 1863 2379 1915 vult
2405 1861 2540 1914 alius
2566 1861 2826 1928 interpres
2851 1876 2863 1914 :
2897 1856 3216 1926 Recepimus
3239 1853 3535 1910 Jerusalem
3557 1893 3580 1917 ,
3606 1849 3764 1904 Edi-

2179 1954 2381 2023 ﬁcatam
2407 1963 2458 2005 ut
2489 1953 2736 2005 ciuitatem
2758 1991 2772 2016 ,
2799 1966 2917 2020 qum
2942 1948 3240 2019 signiﬁcant
3258 1962 3320 2002 ea
3351 1961 3470 2016 qua:
3496 1953 3618 2014 post
3641 1959 3766 2012 cap-

2181 2045 2437 2098 tivitatem
2459 2043 2784 2097 acciderunt.
2817 2041 2949 2107 Quia
2975 2039 3114 2095 enim
3138 2047 3262 2093 tunc
3285 2045 3399 2091 erat
3420 2035 3648 2089 maxima
3680 2050 3767 2087 so-

2181 2135 2346 2191 litudo
2368 2133 2594 2188 civitatis
2612 2174 2627 2198 ,
2649 2142 2866 2202 eratque
2897 2141 3021 2186 tunc
3044 2144 3265 2194 eversa;
3291 2126 3479 2182 dirutis
3509 2126 3770 2189 turribus,

2181 2238 2235 2284 et
2272 2228 2506 2297 disjectis
2535 2225 2832 2292 mcenibus,
2860 2233 2916 2279 et
2938 2223 3134 2278 veteris
3164 2220 3349 2292 patriae
3377 2219 3546 2274 solum
3578 2232 3768 2272 manc-

2181 2320 2310 2374 bant
2339 2318 2613 2389 reliquim:
2643 2332 2764 2372 cum
2791 2314 2988 2370 reversi
3017 2322 3198 2368 essent
3218 2319 3274 2366 et
3297 2309 3546 2365 vidissent
3580 2308 3767 2362 solitu-

2181 2410 2357 2464 dinem
2381 2451 2396 2475 ,
2428 2408 2698 2478 antiquam
2730 2405 3132 2476 prosperitatem
3173 2409 3424 2457 revocant
3467 2400 3518 2454 in
3561 2413 3775 2452 mento.

2185 2505 2316 2557 riam
2341 2543 2356 2570 ,
2385 2511 2437 2556 et
2463 2501 2580 2570 ejus
2606 2507 2824 2555 narrant
2847 2496 3118 2562 encomia,
3146 2492 3439 2550 referentes
3457 2533 3472 2558 ,
3500 2489 3781 2560 quomodo

2184 2611 2244 2650 ea
2277 2596 2420 2662 prius
2449 2594 2589 2649 clara
2629 2600 2684 2648 et
2719 2590 2972 2655 illustris,
3016 2604 3134 2660 qua:
3175 2585 3405 2641 habebat
3445 2583 3778 2646 ecclesiam,

2185 2688 2448 2758 principes
2468 2727 2482 2753 ,
2507 2699 2679 2756 reges,
2703 2693 2758 2738 et
2788 2682 3082 2753 pontiﬁces,
3102 2685 3320 2748 eratqne
3341 2674 3699 2746 pulcherrima
3722 2682 3778 2728 et

2188 2781 2342 2850 longe
2367 2778 2705 2834 ornatissima
2731 2818 2746 2843 ,
2777 2775 2844 2830 ad
2874 2783 2982 2829 tam
3009 2781 3214 2841 turpem
3245 2776 3301 2824 et
3326 2766 3620 2822 deformem
3650 2778 3780 2833 spe-

2185 2873 2319 2928 ciem
2347 2870 2558 2926 redacta
2588 2870 2676 2923 sit.
2707 2866 2861 2935 Quod
2887 2874 3062 2920 autem
3093 2864 3163 2917 ita
3205 2862 3311 2925 sit,
3355 2858 3476 2912 audi
3519 2872 3641 2925 quae
3683 2871 3773 2910 se-

2185 2971 2416 3033 quuntur
2453 2980 2469 3016 :
2508 2958 2794 3013 Jerusalem
2825 2971 2938 3024 quo:
2975 2953 3256 3022 ludiﬁcatur
3279 2957 3336 3003 ut
3384 2949 3577 3002 ciuitas.
3622 2945 3778 2999 Tune

2186 3056 2327 3112 enim
2361 3052 2595 3109 nondum
2624 3057 2740 3105 erat
2759 3049 2962 3104 civitas.
2981 3047 3192 3103 Clarum
3215 3050 3298 3097 est
3315 3049 3490 3094 autem
3509 3039 3672 3092 etiam
3702 3053 3771 3090 es

2187 3163 2252 3203 eo
2281 3145 2422 3215 quod
2456 3140 2755 3210 subjuugit:
2780 3137 2936 3208 Cujus
2971 3133 3288 3208 participatio
3321 3129 3507 3201 ejus'in
3527 3128 3778 3198 idipsum.

2191 3238 2322 3292 Dicit
2353 3236 2493 3289 enim
2523 3233 2639 3303 ejus
2657 3228 2949 3300 frequentia
2977 3235 3030 3280 et
3059 3233 3169 3278 tuta
3188 3221 3429 3284 aediﬁcia,
3453 3219 3693 3288 nihilque
3725 3218 3778 3270 in

2188 3327 2432 3383 caluisse
2457 3324 2748 3387 desertum,
2769 3318 2864 3374 sed
2890 3316 3034 3373 omni
3051 3331 3114 3371 ex
3131 3321 3278 3383 parte
3297 3310 3536 3370 densam,
3565 3308 3778 3375 perfec-

2190 3430 2294 3475 tam
2325 3426 2379 3472 et
2421 3415 2733 3486 populosam
2779 3410 2936 3465 fuisse
2978 3415 3103 3460 ante
3134 3402 3517 3472 captivitatem.
3543 3397 3616 3452 Et
3654 3396 3780 3451 ideo

2188 3511 2399 3583 quidam
2429 3510 2692 3577 interpres
2720 3504 2793 3575 (a)
2829 3501 2990 3569 dicit,
3020 3498 3123 3554 hoc
3163 3494 3501 3567 signiﬁcans,
3541 3489 3780 3558 Conjun-

2189 3581 2404 3659 ctionem
2433 3601 2637 3655 habens.
2671 3595 2873 3652 Deinde
2914 3602 3031 3663 post
3052 3589 3201 3654 illud,
3233 3586 3372 3641 aliud
3401 3598 3615 3656 quoque
3645 3581 3778 3636 dicit

2189 3697 2303 3766 ejus
2315 3691 2701 3749 encomium.L
2727 3686 2862 3742 Illuc
2889 3686 3024 3739 enim
3045 3680 3374 3738 ascenderunt
3397 3677 3576 3744 tribus,
3599 3675 3764 3729 tribus

2192 3787 2420 3853 Domini,
2468 3781 2803 3838 testimonium
2861 3776 3026 3832 Israel
3077 3774 3146 3828 ad
3191 3769 3534 3840 conﬁtendum
3583 3769 3782 3820 nomini

2191 3878 2419 3934 Domini.
2440 3876 2554 3932 lloc
2572 3876 2712 3931 enim
2736 3871 2963 3928 maxime
2984 3855 3270 3924 ornabatur
3292 3864 3515 3927 civitas;
3536 3875 3643 3914 non
3669 3869 3779 3913 tam

2193 3979 2409 4042 propter
2433 3964 2851 4038 magnitudinem
2873 3970 2928 4017 et
2951 3957 3173 4015 ardiﬁeia
3191 3998 3207 4023 ,
3233 3970 3393 4025 quam
3416 3951 3556 4023 quod
3586 3965 3781 4006 omnes

2193 4065 2300 4120 illic
2317 4059 2790 4133 congregabantur,
2813 4070 2910 4109 ceu
2935 4060 3150 4108 senatus
3177 4049 3461 4104 haberetur
3479 4088 3494 4112 ,
3519 4061 3616 4101 seu
3642 4060 3780 4100 con-

2192 4156 2304 4220 cio,
2356 4169 2450 4209 seu
2490 4150 2559 4207 de
2586 4164 2647 4205 re
2671 4149 2845 4218 aliqua
2883 4141 3284 4201 deliberaretur.
3329 4138 3590 4204 Quoniam
3634 4138 3782 4191 enim

2194 4247 2301 4304 illic
2327 4253 2445 4302 erat
2472 4241 2724 4313 templum
2745 4280 2762 4306 ,
2784 4245 2840 4294 et
2877 4249 3064 4292 omnes
3093 4234 3202 4288 illic
3230 4229 3616 4301 peragebantur
3646 4229 3784 4282 ritus

2193 4353 2258 4394 ac
2283 4336 2635 4396 ceremonize;
2667 4330 2774 4385 illic
2797 4335 2952 4384 erant
2979 4324 3315 4388 sacerdotes,
3344 4328 3398 4376 et
3426 4319 3628 4374 Levita:
3648 4360 3662 4381 .
3697 4334 3786 4374 re-

2195 4429 2279 4500 gia
2302 4469 2318 4494 ,
2346 4425 2533 4498 adyta,
2565 4421 2822 4477 vestibula
2843 4459 2859 4486 ,
2889 4416 3144 4474 sacriﬁcia
3164 4456 3178 4478 ,
3207 4424 3260 4468 et
3288 4413 3455 4466 altare
3478 4451 3492 4474 ,
3526 4409 3659 4464 l’esta
3689 4424 3782 4463 ce-

2199 4520 2476 4586 lebresque
2504 4524 2795 4572 conventus
2817 4552 2832 4577 ,
2863 4523 3046 4580 preces
3077 4517 3130 4562 et
3149 4507 3430 4560 conciones
3450 4544 3466 4568 ,
3496 4512 3572 4566 et,
3607 4509 3663 4553 ut
3691 4515 3781 4554 se-

2200 4610 2304 4666 mel
2332 4609 2540 4671 dicam,
2584 4603 2693 4660 illic
2732 4600 3054 4656 consistebat
3101 4605 3208 4651 tota
3251 4596 3418 4649 forma
3451 4591 3780 4663 reiptibiica-;

2199 4700 2478 4772 oportebat
2522 4695 2633 4751 illic
2660 4693 2827 4749 tribus
2856 4691 3087 4745 maxime
3114 4697 3194 4741 ter
3221 4685 3272 4739 in
3303 4698 3444 4737 anno
3482 4680 3658 4749 colligi
3681 4722 3696 4746 ,
3731 4680 3780 4733 in

2201 4792 2350 4848 festis
2394 4787 2618 4860 publicis
2656 4793 2710 4840 et
2747 4779 3104 4844 solemnibus,
3156 4777 3208 4830 in
3240 4773 3498 4830 Paschate
3522 4814 3538 4838 ,
3585 4772 3780 4824 Pente-

2199 4892 2347 4939 coste
2388 4891 2443 4938 et
2469 4877 2795 4948 Scenopegia
2815 4915 2830 4940 ,
2859 4889 2956 4930 ceu
2987 4873 3123 4928 festo
3169 4866 3653 4923 tabernaculorum.
3682 4862 3780 4916 Ne-

2201 4994 2306 5048 que
2326 4977 2470 5034 enim
2499 4972 2687 5028 licebat
2711 4967 2858 5024 alibi.
2888 4966 2966 5020 Ad
2992 4965 3109 5036 ejus
3134 4978 3260 5032 ergo
3286 4958 3590 5016 encomium
3615 4955 3778 5010 dicit:

2204 5047 2338 5128 Illuc
2367 5073 2500 5126 enim
2527 5063 2858 5122 ascenderunt
2900 5059 3078 5113 tribus.
3103 5055 3169 5110 Et
3191 5055 3323 5108 alius
3342 5093 3357 5117 ,
3388 5050 3522 5105 Illuc
3548 5047 3781 5102 ascende-

2205 5174 2323 5222 runt
2364 5170 2578 5233 sceptra.
2619 5157 2733 5213 Non
2763 5154 2896 5211 dixit
2925 5159 3098 5205 antem
3147 5143 3516 5210 solummodo,
3565 5139 3781 5203 Tribus,

2207 5261 2299 5317 sed
2320 5299 2336 5325 ,
2363 5256 2543 5310 Tribus
2567 5249 2794 5304 Domini.
2817 5247 3015 5301 Omnes
3040 5241 3210 5296 tribus
3236 5249 3388 5295 erant
3415 5235 3660 5300 Domini,
3690 5246 3782 5285 nec

2210 5363 2386 5409 tamen
2414 5349 2492 5404 eis
2535 5343 2655 5400 ideo
2683 5341 2874 5397 licebat
2902 5337 3016 5391 bznc
3046 5336 3098 5390 in
3145 5349 3240 5388 sua
3285 5329 3453 5402 patria
3502 5334 3784 5398 peragere,

2209 5445 2302 5501 sed
2331 5458 2396 5498 eo
2441 5441 2643 5496 honore
2680 5433 2866 5490 affecta
2911 5439 3025 5487 erat
3062 5423 3404 5496 metropolis,
3448 5435 3566 5493 qua:
3603 5429 3784 5473 omnes

2210 5534 2433 5604 cogebat
2456 5540 2510 5587 et
2533 5525 2830 5585 attrahebat
2853 5521 2919 5578 ad
2945 5520 3197 5591 seipsam.

2281 5601 2337 5680 ὲ.
2377 5624 2478 5680 Cur
2504 5618 2832 5690 .lerosolymis
2852 5615 3014 5672 solum
3041 5611 3348 5680 sacriﬁcare,
3376 5621 3541 5670 orare,
3571 5613 3693 5662 etc.,
3719 5601 3754 5653 li
3769 5627 3783 5636 -

2289 5873 2359 5934 (a)
2385 5870 2724 5932 Symmachus.
