  <div class='ocr_page' id='page_1' title='image "/cluster/home/n/w/nwhite01/storage/ocr_20150623/55/mdp.39015028539511/342.png"; bbox 0 0 4088 6274; ppageno 0'>
   <div class='ocr_carea' id='block_1_1' title="bbox 380 446 484 503">
    <p class='ocr_par' dir='ltr' id='par_1_1' title="bbox 380 446 484 503">
     <span class='ocr_line' id='line_1_1' title="bbox 380 446 484 503; baseline 0 0"><span class='ocrx_word' id='word_1_1' title='bbox 380 446 484 503; x_wconf 66' lang='grc'><strong>849</strong></span> 
     </span>
    </p>
   </div>
   <div class='ocr_carea' id='block_1_2' title="bbox 378 556 1962 627">
    <p class='ocr_par' dir='ltr' id='par_1_2' title="bbox 378 556 1962 627">
     <span class='ocr_line' id='line_1_2' title="bbox 378 556 1962 627; baseline 0.001 -13"><span class='ocrx_word' id='word_1_2' title='bbox 378 559 555 623; x_wconf 80' lang='lat' dir='ltr'><strong>cebat;</strong></span> <span class='ocrx_word' id='word_1_3' title='bbox 588 556 830 627; x_wconf 81' lang='lat' dir='ltr'><strong>festorum</strong></span> <span class='ocrx_word' id='word_1_4' title='bbox 865 564 910 609; x_wconf 84' lang='lat' dir='ltr'><strong>et</strong></span> <span class='ocrx_word' id='word_1_5' title='bbox 959 566 1287 611; x_wconf 77' lang='lat' dir='ltr'><strong>conventuum</strong></span> <span class='ocrx_word' id='word_1_6' title='bbox 1336 558 1557 624; x_wconf 84' lang='lat' dir='ltr'><strong>utilitas;</strong></span> <span class='ocrx_word' id='word_1_7' title='bbox 1585 562 1637 614; x_wconf 85' lang='lat' dir='ltr'><strong>in</strong></span> <span class='ocrx_word' id='word_1_8' title='bbox 1679 561 1962 616; x_wconf 80' lang='lat' dir='ltr'><strong>Jerusalem</strong></span> 
     </span>
    </p>
   </div>
   <div class='ocr_carea' id='block_1_3' title="bbox 379 646 1961 721">
    <p class='ocr_par' dir='ltr' id='par_1_3' title="bbox 379 646 1961 721">
     <span class='ocr_line' id='line_1_3' title="bbox 379 646 1961 721; baseline 0.004 -19"><span class='ocrx_word' id='word_1_9' title='bbox 379 649 691 719; x_wconf 73' lang='lat' dir='ltr'><strong>jnincipatus</strong></span> <span class='ocrx_word' id='word_1_10' title='bbox 723 646 932 715; x_wconf 65' lang='lat' dir='ltr'><strong>duplex,</strong></span> <span class='ocrx_word' id='word_1_11' title='bbox 951 646 1268 702; x_wconf 71' lang='lat' dir='ltr'><strong>sacerdotum</strong></span> <span class='ocrx_word' id='word_1_12' title='bbox 1287 658 1332 702; x_wconf 87' lang='lat' dir='ltr'><strong>et</strong></span> <span class='ocrx_word' id='word_1_13' title='bbox 1360 665 1628 721; x_wconf 85' lang='lat' dir='ltr'><strong>regum.—</strong></span> <span class='ocrx_word' id='word_1_14' title='bbox 1645 652 1755 707; x_wconf 88' lang='lat' dir='ltr'><strong>lloc</strong></span> <span class='ocrx_word' id='word_1_15' title='bbox 1782 664 1961 709; x_wconf 90' lang='lat' dir='ltr'><strong>autem</strong></span> 
     </span>
    </p>
   </div>
   <div class='ocr_carea' id='block_1_4' title="bbox 378 738 1960 813">
    <p class='ocr_par' dir='ltr' id='par_1_4' title="bbox 378 738 1960 813">
     <span class='ocr_line' id='line_1_4' title="bbox 378 738 1960 813; baseline 0.004 -20"><span class='ocrx_word' id='word_1_16' title='bbox 378 742 574 808; x_wconf 86' lang='lat' dir='ltr'><strong>tiebat,</strong></span> <span class='ocrx_word' id='word_1_17' title='bbox 614 748 671 794; x_wconf 94' lang='lat' dir='ltr'><strong>ut</strong></span> <span class='ocrx_word' id='word_1_18' title='bbox 708 738 762 793; x_wconf 98' lang='lat' dir='ltr'><strong>id</strong></span> <span class='ocrx_word' id='word_1_19' title='bbox 806 739 886 793; x_wconf 88' lang='lat' dir='ltr'><strong>eis</strong></span> <span class='ocrx_word' id='word_1_20' title='bbox 917 748 1061 794; x_wconf 90' lang='lat' dir='ltr'><strong>esset</strong></span> <span class='ocrx_word' id='word_1_21' title='bbox 1103 754 1261 794; x_wconf 85' lang='lat' dir='ltr'><strong>causa</strong></span> <span class='ocrx_word' id='word_1_22' title='bbox 1305 740 1398 797; x_wconf 92' lang='lat' dir='ltr'><strong>Dei</strong></span> <span class='ocrx_word' id='word_1_23' title='bbox 1435 744 1780 813; x_wconf 70' lang='lat' dir='ltr'><strong>cognitionis,</strong></span> <span class='ocrx_word' id='word_1_24' title='bbox 1820 760 1887 799; x_wconf 92' lang='lat' dir='ltr'><strong>ne</strong></span> <span class='ocrx_word' id='word_1_25' title='bbox 1915 745 1960 799; x_wconf 88' lang='lat' dir='ltr'><strong>si</strong></span> 
     </span>
    </p>
   </div>
   <div class='ocr_carea' id='block_1_5' title="bbox 373 833 1961 905">
    <p class='ocr_par' dir='ltr' id='par_1_5' title="bbox 373 833 1961 905">
     <span class='ocr_line' id='line_1_5' title="bbox 373 833 1961 905; baseline 0.003 -18"><span class='ocrx_word' id='word_1_26' title='bbox 373 846 776 904; x_wconf 78' lang='lat' dir='ltr'><strong>quoquoversus</strong></span> <span class='ocrx_word' id='word_1_27' title='bbox 810 841 1148 902; x_wconf 88' lang='lat' dir='ltr'><strong>vagarentur,</strong></span> <span class='ocrx_word' id='word_1_28' title='bbox 1186 833 1398 888; x_wconf 84' lang='lat' dir='ltr'><strong>occasio</strong></span> <span class='ocrx_word' id='word_1_29' title='bbox 1437 843 1737 889; x_wconf 72' lang='lat' dir='ltr'><strong>sumeretur</strong></span> <span class='ocrx_word' id='word_1_30' title='bbox 1772 836 1961 905; x_wconf 80' lang='lat' dir='ltr'><strong>viaque</strong></span> 
     </span>
    </p>
   </div>
   <div class='ocr_carea' id='block_1_6' title="bbox 374 923 1959 981">
    <p class='ocr_par' dir='ltr' id='par_1_6' title="bbox 374 923 1959 981">
     <span class='ocr_line' id='line_1_6' title="bbox 374 923 1959 981; baseline 0.001 -2"><span class='ocrx_word' id='word_1_31' title='bbox 374 925 674 980; x_wconf 71' lang='lat' dir='ltr'><strong>muniretur</strong></span> <span class='ocrx_word' id='word_1_32' title='bbox 690 924 756 978; x_wconf 89' lang='lat' dir='ltr'><strong>ad</strong></span> <span class='ocrx_word' id='word_1_33' title='bbox 775 923 976 979; x_wconf 88' lang='lat' dir='ltr'><strong>cultum</strong></span> <span class='ocrx_word' id='word_1_34' title='bbox 999 923 1420 978; x_wconf 83' lang='lat' dir='ltr'><strong>simulacrorum.</strong></span> <span class='ocrx_word' id='word_1_35' title='bbox 1440 924 1506 978; x_wconf 87' lang='lat' dir='ltr'><strong>Et</strong></span> <span class='ocrx_word' id='word_1_36' title='bbox 1534 924 1653 981; x_wconf 88' lang='lat' dir='ltr'><strong>ideo</strong></span> <span class='ocrx_word' id='word_1_37' title='bbox 1672 926 1776 981; x_wconf 89' lang='lat' dir='ltr'><strong>illic</strong></span> <span class='ocrx_word' id='word_1_38' title='bbox 1792 926 1959 980; x_wconf 85' lang='lat' dir='ltr'><strong>sacri-</strong></span> 
     </span>
    </p>
   </div>
   <div class='ocr_carea' id='block_1_7' title="bbox 374 1015 1959 1087">
    <p class='ocr_par' dir='ltr' id='par_1_7' title="bbox 374 1015 1959 1087">
     <span class='ocr_line' id='line_1_7' title="bbox 374 1015 1959 1087; baseline 0.001 -16"><span class='ocrx_word' id='word_1_39' title='bbox 374 1018 558 1082; x_wconf 88' lang='lat' dir='ltr'><strong>ficare,</strong></span> <span class='ocrx_word' id='word_1_40' title='bbox 590 1017 694 1071; x_wconf 90' lang='lat' dir='ltr'><strong>illic</strong></span> <span class='ocrx_word' id='word_1_41' title='bbox 713 1031 891 1081; x_wconf 88' lang='lat' dir='ltr'><strong>orare,</strong></span> <span class='ocrx_word' id='word_1_42' title='bbox 921 1015 1027 1069; x_wconf 92' lang='lat' dir='ltr'><strong>illic</strong></span> <span class='ocrx_word' id='word_1_43' title='bbox 1047 1016 1352 1079; x_wconf 90' lang='lat' dir='ltr'><strong>convenire,</strong></span> <span class='ocrx_word' id='word_1_44' title='bbox 1375 1015 1594 1087; x_wconf 85' lang='lat' dir='ltr'><strong>diesque</strong></span> <span class='ocrx_word' id='word_1_45' title='bbox 1617 1016 1780 1073; x_wconf 91' lang='lat' dir='ltr'><strong>festos</strong></span> <span class='ocrx_word' id='word_1_46' title='bbox 1802 1018 1959 1087; x_wconf 86' lang='lat' dir='ltr'><strong>jussit</strong></span> 
     </span>
    </p>
   </div>
   <div class='ocr_carea' id='block_1_8' title="bbox 375 1108 1951 1180">
    <p class='ocr_par' dir='ltr' id='par_1_8' title="bbox 375 1108 1951 1180">
     <span class='ocr_line' id='line_1_8' title="bbox 375 1108 1951 1180; baseline 0 -15"><span class='ocrx_word' id='word_1_47' title='bbox 375 1124 658 1180; x_wconf 86' lang='lat' dir='ltr'><strong>peragere,</strong></span> <span class='ocrx_word' id='word_1_48' title='bbox 687 1109 789 1163; x_wconf 91' lang='lat' dir='ltr'><strong>loci</strong></span> <span class='ocrx_word' id='word_1_49' title='bbox 818 1109 1075 1179; x_wconf 85' lang='lat' dir='ltr'><strong>angustiis</strong></span> <span class='ocrx_word' id='word_1_50' title='bbox 1098 1108 1431 1163; x_wconf 74' lang='lat' dir='ltr'><strong>aberrantem</strong></span> <span class='ocrx_word' id='word_1_51' title='bbox 1471 1125 1657 1165; x_wconf 90' lang='lat' dir='ltr'><strong>eorum</strong></span> <span class='ocrx_word' id='word_1_52' title='bbox 1686 1120 1916 1165; x_wconf 91' lang='lat' dir='ltr'><strong>mentem</strong></span> <span class='ocrx_word' id='word_1_53' title='bbox 1935 1150 1951 1176; x_wconf 91' lang='lat'><strong>,</strong></span> 
     </span>
    </p>
   </div>
   <div class='ocr_carea' id='block_1_9' title="bbox 373 1198 1955 1270">
    <p class='ocr_par' dir='ltr' id='par_1_9' title="bbox 373 1198 1955 1270">
     <span class='ocr_line' id='line_1_9' title="bbox 373 1198 1955 1270; baseline 0 -14"><span class='ocrx_word' id='word_1_54' title='bbox 373 1210 426 1257; x_wconf 89' lang='lat' dir='ltr'><strong>et</strong></span> <span class='ocrx_word' id='word_1_55' title='bbox 453 1202 519 1255; x_wconf 88' lang='lat' dir='ltr'><strong>ad</strong></span> <span class='ocrx_word' id='word_1_56' title='bbox 550 1200 875 1270; x_wconf 73' lang='lat' dir='ltr'><strong>impietatem</strong></span> <span class='ocrx_word' id='word_1_57' title='bbox 906 1198 1209 1254; x_wconf 83' lang='lat' dir='ltr'><strong>tendentem</strong></span> <span class='ocrx_word' id='word_1_58' title='bbox 1229 1240 1245 1263; x_wconf 91' lang='lat'><strong>,</strong></span> <span class='ocrx_word' id='word_1_59' title='bbox 1271 1214 1524 1255; x_wconf 87' lang='lat' dir='ltr'><strong>coercens</strong></span> <span class='ocrx_word' id='word_1_60' title='bbox 1544 1242 1560 1267; x_wconf 95' lang='lat'><strong>,</strong></span> <span class='ocrx_word' id='word_1_61' title='bbox 1589 1200 1864 1256; x_wconf 87' lang='lat' dir='ltr'><strong>refrenans</strong></span> <span class='ocrx_word' id='word_1_62' title='bbox 1901 1210 1955 1258; x_wconf 91' lang='lat' dir='ltr'><strong>et</strong></span> 
     </span>
    </p>
   </div>
   <div class='ocr_carea' id='block_1_10' title="bbox 371 1288 1951 1362">
    <p class='ocr_par' dir='ltr' id='par_1_10' title="bbox 371 1288 1951 1362">
     <span class='ocr_line' id='line_1_10' title="bbox 371 1288 1951 1362; baseline 0.002 -17"><span class='ocrx_word' id='word_1_63' title='bbox 371 1291 686 1361; x_wconf 89' lang='lat' dir='ltr'><strong>reprimens.</strong></span> <span class='ocrx_word' id='word_1_64' title='bbox 714 1288 866 1357; x_wconf 84' lang='lat' dir='ltr'><strong>Quod</strong></span> <span class='ocrx_word' id='word_1_65' title='bbox 894 1288 1108 1359; x_wconf 80' lang='lat' dir='ltr'><strong>quidem</strong></span> <span class='ocrx_word' id='word_1_66' title='bbox 1138 1288 1251 1359; x_wconf 90' lang='lat' dir='ltr'><strong>ipse</strong></span> <span class='ocrx_word' id='word_1_67' title='bbox 1277 1305 1488 1360; x_wconf 87' lang='lat' dir='ltr'><strong>quoque</strong></span> <span class='ocrx_word' id='word_1_68' title='bbox 1515 1292 1840 1362; x_wconf 82' lang='lat' dir='ltr'><strong>signiﬁcans,</strong></span> <span class='ocrx_word' id='word_1_69' title='bbox 1866 1293 1951 1348; x_wconf 90' lang='lat' dir='ltr'><strong>di-</strong></span> 
     </span>
    </p>
   </div>
   <div class='ocr_carea' id='block_1_11' title="bbox 369 1379 1948 1451">
    <p class='ocr_par' dir='ltr' id='par_1_11' title="bbox 369 1379 1948 1451">
     <span class='ocr_line' id='line_1_11' title="bbox 369 1379 1948 1451; baseline 0 -13"><span class='ocrx_word' id='word_1_70' title='bbox 369 1382 524 1438; x_wconf 89' lang='lat' dir='ltr'><strong>cebat</strong></span> <span class='ocrx_word' id='word_1_71' title='bbox 550 1399 564 1437; x_wconf 92' lang='lat'><strong>:</strong></span> <span class='ocrx_word' id='word_1_72' title='bbox 594 1380 774 1445; x_wconf 69' lang='lat' dir='ltr'><strong>Tribus</strong></span> <span class='ocrx_word' id='word_1_73' title='bbox 818 1379 1049 1447; x_wconf 79' lang='lat' dir='ltr'><strong>Domini,</strong></span> <span class='ocrx_word' id='word_1_74' title='bbox 1080 1380 1419 1434; x_wconf 87' lang='lat' dir='ltr'><strong>testimonium</strong></span> <span class='ocrx_word' id='word_1_75' title='bbox 1454 1380 1637 1436; x_wconf 84' lang='lat' dir='ltr'><strong>Israel.</strong></span> <span class='ocrx_word' id='word_1_76' title='bbox 1668 1381 1803 1449; x_wconf 86' lang='lat' dir='ltr'><strong>Quid</strong></span> <span class='ocrx_word' id='word_1_77' title='bbox 1828 1392 1948 1451; x_wconf 88' lang='lat' dir='ltr'><strong>est,</strong></span> 
     </span>
    </p>
   </div>
   <div class='ocr_carea' id='block_1_12' title="bbox 368 1469 1949 1543">
    <p class='ocr_par' dir='ltr' id='par_1_12' title="bbox 368 1469 1949 1543">
     <span class='ocr_line' id='line_1_12' title="bbox 368 1469 1949 1543; baseline 0 -16"><span class='ocrx_word' id='word_1_78' title='bbox 368 1470 727 1527; x_wconf 77' lang='lat' dir='ltr'><strong>Testimonium</strong></span> <span class='ocrx_word' id='word_1_79' title='bbox 769 1469 976 1526; x_wconf 75' lang='lat' dir='ltr'><strong>Israel?</strong></span> <span class='ocrx_word' id='word_1_80' title='bbox 1004 1470 1385 1526; x_wconf 85' lang='lat' dir='ltr'><strong>Testimonium</strong></span> <span class='ocrx_word' id='word_1_81' title='bbox 1430 1472 1714 1526; x_wconf 84' lang='lat' dir='ltr'><strong>maximum</strong></span> <span class='ocrx_word' id='word_1_82' title='bbox 1737 1512 1754 1538; x_wconf 96' lang='lat'><strong>,</strong></span> <span class='ocrx_word' id='word_1_83' title='bbox 1791 1488 1949 1543; x_wconf 88' lang='lat' dir='ltr'><strong>argu-</strong></span> 
     </span>
    </p>
   </div>
   <div class='ocr_carea' id='block_1_13' title="bbox 366 1564 1951 1637">
    <p class='ocr_par' dir='ltr' id='par_1_13' title="bbox 366 1564 1951 1637">
     <span class='ocr_line' id='line_1_13' title="bbox 366 1564 1951 1637; baseline -0.001 -15"><span class='ocrx_word' id='word_1_84' title='bbox 366 1576 626 1633; x_wconf 87' lang='lat' dir='ltr'><strong>mentum,</strong></span> <span class='ocrx_word' id='word_1_85' title='bbox 655 1565 898 1637; x_wconf 83' lang='lat' dir='ltr'><strong>probatio</strong></span> <span class='ocrx_word' id='word_1_86' title='bbox 923 1564 1016 1619; x_wconf 90' lang='lat' dir='ltr'><strong>Dei</strong></span> <span class='ocrx_word' id='word_1_87' title='bbox 1048 1564 1420 1634; x_wconf 66' lang='lat' dir='ltr'><strong>providentiae,</strong></span> <span class='ocrx_word' id='word_1_88' title='bbox 1453 1574 1508 1618; x_wconf 91' lang='lat' dir='ltr'><strong>ut</strong></span> <span class='ocrx_word' id='word_1_89' title='bbox 1534 1565 1674 1619; x_wconf 91' lang='lat' dir='ltr'><strong>nulla</strong></span> <span class='ocrx_word' id='word_1_90' title='bbox 1704 1565 1831 1635; x_wconf 81' lang='lat' dir='ltr'><strong>ipsis</strong></span> <span class='ocrx_word' id='word_1_91' title='bbox 1858 1581 1951 1620; x_wconf 84' lang='lat' dir='ltr'><strong>re-</strong></span> 
     </span>
    </p>
   </div>
   <div class='ocr_carea' id='block_1_14' title="bbox 366 1655 1946 1728">
    <p class='ocr_par' dir='ltr' id='par_1_14' title="bbox 366 1655 1946 1728">
     <span class='ocr_line' id='line_1_14' title="bbox 366 1655 1946 1728; baseline 0.001 -16"><span class='ocrx_word' id='word_1_92' title='bbox 366 1657 635 1728; x_wconf 85' lang='lat' dir='ltr'><strong>linquatur</strong></span> <span class='ocrx_word' id='word_1_93' title='bbox 658 1656 928 1712; x_wconf 80' lang='lat' dir='ltr'><strong>excusatio</strong></span> <span class='ocrx_word' id='word_1_94' title='bbox 966 1657 1010 1710; x_wconf 91' lang='lat' dir='ltr'><strong>si</strong></span> <span class='ocrx_word' id='word_1_95' title='bbox 1056 1655 1391 1721; x_wconf 79' lang='lat' dir='ltr'><strong>desciscant,</strong></span> <span class='ocrx_word' id='word_1_96' title='bbox 1429 1657 1474 1711; x_wconf 90' lang='lat' dir='ltr'><strong>si</strong></span> <span class='ocrx_word' id='word_1_97' title='bbox 1502 1656 1770 1724; x_wconf 88' lang='lat' dir='ltr'><strong>resiliant,</strong></span> <span class='ocrx_word' id='word_1_98' title='bbox 1801 1667 1855 1712; x_wconf 92' lang='lat' dir='ltr'><strong>et</strong></span> <span class='ocrx_word' id='word_1_99' title='bbox 1880 1658 1946 1714; x_wconf 91' lang='lat' dir='ltr'><strong>ad</strong></span> 
     </span>
    </p>
   </div>
   <div class='ocr_carea' id='block_1_15' title="bbox 364 1746 1945 1818">
    <p class='ocr_par' dir='ltr' id='par_1_15' title="bbox 364 1746 1945 1818">
     <span class='ocr_line' id='line_1_15' title="bbox 364 1746 1945 1818; baseline -0.001 -14"><span class='ocrx_word' id='word_1_100' title='bbox 364 1749 648 1804; x_wconf 88' lang='lat' dir='ltr'><strong>simulacra</strong></span> <span class='ocrx_word' id='word_1_101' title='bbox 682 1747 1003 1816; x_wconf 75' lang='lat' dir='ltr'><strong>confugiant.</strong></span> <span class='ocrx_word' id='word_1_102' title='bbox 1034 1746 1161 1815; x_wconf 88' lang='lat' dir='ltr'><strong>Ejus</strong></span> <span class='ocrx_word' id='word_1_103' title='bbox 1191 1746 1331 1801; x_wconf 91' lang='lat' dir='ltr'><strong>enim</strong></span> <span class='ocrx_word' id='word_1_104' title='bbox 1361 1748 1728 1817; x_wconf 58' lang='lat' dir='ltr'><strong>providentia,</strong></span> <span class='ocrx_word' id='word_1_105' title='bbox 1753 1758 1945 1818; x_wconf 85' lang='lat' dir='ltr'><strong>poten-</strong></span> 
     </span>
    </p>
   </div>
   <div class='ocr_carea' id='block_1_16' title="bbox 366 1838 1946 1909">
    <p class='ocr_par' dir='ltr' id='par_1_16' title="bbox 366 1838 1946 1909">
     <span class='ocr_line' id='line_1_16' title="bbox 366 1838 1946 1909; baseline 0.001 -14"><span class='ocrx_word' id='word_1_106' title='bbox 366 1841 476 1903; x_wconf 68' lang='lat' dir='ltr'><strong>tiae,</strong></span> <span class='ocrx_word' id='word_1_107' title='bbox 507 1839 778 1909; x_wconf 70' lang='lat' dir='ltr'><strong>sapientiae</strong></span> <span class='ocrx_word' id='word_1_108' title='bbox 816 1838 919 1893; x_wconf 90' lang='lat' dir='ltr'><strong>hoc</strong></span> <span class='ocrx_word' id='word_1_109' title='bbox 957 1848 1071 1894; x_wconf 90' lang='lat' dir='ltr'><strong>erat</strong></span> <span class='ocrx_word' id='word_1_110' title='bbox 1095 1852 1463 1909; x_wconf 81' lang='lat' dir='ltr'><strong>argumentum</strong></span> <span class='ocrx_word' id='word_1_111' title='bbox 1495 1840 1804 1895; x_wconf 79' lang='lat' dir='ltr'><strong>maximum.</strong></span> <span class='ocrx_word' id='word_1_112' title='bbox 1834 1839 1946 1898; x_wconf 81' lang='lat' dir='ltr'><strong>illic</strong></span> 
     </span>
    </p>
   </div>
   <div class='ocr_carea' id='block_1_17' title="bbox 361 1932 1945 2005">
    <p class='ocr_par' dir='ltr' id='par_1_17' title="bbox 361 1932 1945 2005">
     <span class='ocr_line' id='line_1_17' title="bbox 361 1932 1945 2005; baseline 0.001 -17"><span class='ocrx_word' id='word_1_113' title='bbox 361 1934 506 1988; x_wconf 87' lang='lat' dir='ltr'><strong>enim</strong></span> <span class='ocrx_word' id='word_1_114' title='bbox 543 1932 816 2002; x_wconf 78' lang='lat' dir='ltr'><strong>legebatur</strong></span> <span class='ocrx_word' id='word_1_115' title='bbox 841 1932 929 1987; x_wconf 83' lang='lat' dir='ltr'><strong>lex</strong></span> <span class='ocrx_word' id='word_1_116' title='bbox 955 1947 1072 2002; x_wconf 70' lang='lat' dir='ltr'><strong>quae</strong></span> <span class='ocrx_word' id='word_1_117' title='bbox 1100 1947 1279 1988; x_wconf 88' lang='lat' dir='ltr'><strong>rertnn</strong></span> <span class='ocrx_word' id='word_1_118' title='bbox 1322 1933 1446 1987; x_wconf 88' lang='lat' dir='ltr'><strong>olim</strong></span> <span class='ocrx_word' id='word_1_119' title='bbox 1473 1932 1725 2003; x_wconf 66' lang='lat' dir='ltr'><strong>praeclare</strong></span> <span class='ocrx_word' id='word_1_120' title='bbox 1762 1942 1945 2005; x_wconf 83' lang='lat' dir='ltr'><strong>gesta-</strong></span> 
     </span>
    </p>
   </div>
   <div class='ocr_carea' id='block_1_18' title="bbox 359 2024 1941 2083">
    <p class='ocr_par' dir='ltr' id='par_1_18' title="bbox 359 2024 1941 2083">
     <span class='ocr_line' id='line_1_18' title="bbox 359 2024 1941 2083; baseline 0.001 -3"><span class='ocrx_word' id='word_1_121' title='bbox 359 2040 479 2080; x_wconf 83' lang='lat' dir='ltr'><strong>rum</strong></span> <span class='ocrx_word' id='word_1_122' title='bbox 502 2033 555 2078; x_wconf 92' lang='lat' dir='ltr'><strong>et</strong></span> <span class='ocrx_word' id='word_1_123' title='bbox 576 2026 812 2079; x_wconf 82' lang='lat' dir='ltr'><strong>historiae</strong></span> <span class='ocrx_word' id='word_1_124' title='bbox 836 2024 1139 2079; x_wconf 89' lang='lat' dir='ltr'><strong>continebat</strong></span> <span class='ocrx_word' id='word_1_125' title='bbox 1169 2027 1547 2081; x_wconf 88' lang='lat' dir='ltr'><strong>narrationem.</strong></span> <span class='ocrx_word' id='word_1_126' title='bbox 1569 2026 1676 2080; x_wconf 89' lang='lat' dir='ltr'><strong>Illic</strong></span> <span class='ocrx_word' id='word_1_127' title='bbox 1695 2026 1852 2079; x_wconf 90' lang='lat' dir='ltr'><strong>etiam</strong></span> <span class='ocrx_word' id='word_1_128' title='bbox 1873 2025 1941 2083; x_wconf 92' lang='lat' dir='ltr'><strong>ad</strong></span> 
     </span>
    </p>
   </div>
   <div class='ocr_carea' id='block_1_19' title="bbox 356 2116 1942 2185">
    <p class='ocr_par' dir='ltr' id='par_1_19' title="bbox 356 2116 1942 2185">
     <span class='ocr_line' id='line_1_19' title="bbox 356 2116 1942 2185; baseline 0.001 -13"><span class='ocrx_word' id='word_1_129' title='bbox 356 2119 632 2172; x_wconf 89' lang='lat' dir='ltr'><strong>caritatem</strong></span> <span class='ocrx_word' id='word_1_130' title='bbox 671 2116 1201 2185; x_wconf 81' lang='lat' dir='ltr'><strong>constringebantur,</strong></span> <span class='ocrx_word' id='word_1_131' title='bbox 1232 2117 1357 2171; x_wconf 89' lang='lat' dir='ltr'><strong>dum</strong></span> <span class='ocrx_word' id='word_1_132' title='bbox 1400 2118 1537 2172; x_wconf 92' lang='lat' dir='ltr'><strong>inter</strong></span> <span class='ocrx_word' id='word_1_133' title='bbox 1578 2133 1638 2173; x_wconf 89' lang='lat' dir='ltr'><strong>se</strong></span> <span class='ocrx_word' id='word_1_134' title='bbox 1684 2117 1942 2174; x_wconf 88' lang='lat' dir='ltr'><strong>haberent</strong></span> 
     </span>
    </p>
   </div>
   <div class='ocr_carea' id='block_1_20' title="bbox 356 2209 1941 2277">
    <p class='ocr_par' dir='ltr' id='par_1_20' title="bbox 356 2209 1941 2277">
     <span class='ocr_line' id='line_1_20' title="bbox 356 2209 1941 2277; baseline 0.002 -14"><span class='ocrx_word' id='word_1_135' title='bbox 356 2209 817 2264; x_wconf 88' lang='lat' dir='ltr'><strong>consuetudinem.</strong></span> <span class='ocrx_word' id='word_1_136' title='bbox 848 2209 975 2277; x_wconf 78' lang='lat' dir='ltr'><strong>Quae</strong></span> <span class='ocrx_word' id='word_1_137' title='bbox 1002 2211 1143 2264; x_wconf 90' lang='lat' dir='ltr'><strong>enim</strong></span> <span class='ocrx_word' id='word_1_138' title='bbox 1174 2210 1575 2265; x_wconf 83' lang='lat' dir='ltr'><strong>celebrabantur</strong></span> <span class='ocrx_word' id='word_1_139' title='bbox 1604 2211 1756 2276; x_wconf 88' lang='lat' dir='ltr'><strong>festa,</strong></span> <span class='ocrx_word' id='word_1_140' title='bbox 1781 2220 1838 2266; x_wconf 92' lang='lat' dir='ltr'><strong>ut</strong></span> <span class='ocrx_word' id='word_1_141' title='bbox 1860 2212 1941 2267; x_wconf 86' lang='lat' dir='ltr'><strong>in-</strong></span> 
     </span>
    </p>
   </div>
   <div class='ocr_carea' id='block_1_21' title="bbox 357 2299 1934 2371">
    <p class='ocr_par' dir='ltr' id='par_1_21' title="bbox 357 2299 1934 2371">
     <span class='ocr_line' id='line_1_21' title="bbox 357 2299 1934 2371; baseline 0.001 -16"><span class='ocrx_word' id='word_1_142' title='bbox 357 2310 439 2356; x_wconf 88' lang='lat' dir='ltr'><strong>ter</strong></span> <span class='ocrx_word' id='word_1_143' title='bbox 475 2316 532 2355; x_wconf 90' lang='lat' dir='ltr'><strong>se</strong></span> <span class='ocrx_word' id='word_1_144' title='bbox 568 2299 1018 2371; x_wconf 81' lang='lat' dir='ltr'><strong>congrederentur</strong></span> <span class='ocrx_word' id='word_1_145' title='bbox 1042 2316 1198 2356; x_wconf 84' lang='lat' dir='ltr'><strong>causa</strong></span> <span class='ocrx_word' id='word_1_146' title='bbox 1222 2310 1373 2355; x_wconf 90' lang='lat' dir='ltr'><strong>erant</strong></span> <span class='ocrx_word' id='word_1_147' title='bbox 1396 2342 1412 2367; x_wconf 94' lang='lat'><strong>,</strong></span> <span class='ocrx_word' id='word_1_148' title='bbox 1440 2317 1503 2356; x_wconf 85' lang='lat' dir='ltr'><strong>ac</strong></span> <span class='ocrx_word' id='word_1_149' title='bbox 1532 2301 1703 2371; x_wconf 82' lang='lat' dir='ltr'><strong>major</strong></span> <span class='ocrx_word' id='word_1_150' title='bbox 1732 2311 1934 2370; x_wconf 90' lang='lat' dir='ltr'><strong>metus,</strong></span> 
     </span>
    </p>
   </div>
   <div class='ocr_carea' id='block_1_22' title="bbox 355 2392 1938 2464">
    <p class='ocr_par' dir='ltr' id='par_1_22' title="bbox 355 2392 1938 2464">
     <span class='ocr_line' id='line_1_22' title="bbox 355 2392 1938 2464; baseline 0.003 -19"><span class='ocrx_word' id='word_1_151' title='bbox 355 2392 532 2447; x_wconf 89' lang='lat' dir='ltr'><strong>vivida</strong></span> <span class='ocrx_word' id='word_1_152' title='bbox 564 2393 752 2462; x_wconf 89' lang='lat' dir='ltr'><strong>pietas,</strong></span> <span class='ocrx_word' id='word_1_153' title='bbox 781 2401 835 2447; x_wconf 90' lang='lat' dir='ltr'><strong>et</strong></span> <span class='ocrx_word' id='word_1_154' title='bbox 861 2394 960 2446; x_wconf 88' lang='lat' dir='ltr'><strong>alia</strong></span> <span class='ocrx_word' id='word_1_155' title='bbox 988 2393 1123 2447; x_wconf 91' lang='lat' dir='ltr'><strong>bona</strong></span> <span class='ocrx_word' id='word_1_156' title='bbox 1154 2394 1427 2448; x_wconf 88' lang='lat' dir='ltr'><strong>innumera</strong></span> <span class='ocrx_word' id='word_1_157' title='bbox 1453 2410 1518 2449; x_wconf 81' lang='lat' dir='ltr'><strong>ex</strong></span> <span class='ocrx_word' id='word_1_158' title='bbox 1542 2409 1607 2448; x_wconf 90' lang='lat' dir='ltr'><strong>eo</strong></span> <span class='ocrx_word' id='word_1_159' title='bbox 1634 2393 1938 2464; x_wconf 79' lang='lat' dir='ltr'><strong>proﬁcisce-</strong></span> 
     </span>
    </p>
   </div>
   <div class='ocr_carea' id='block_1_23' title="bbox 354 2484 1935 2556">
    <p class='ocr_par' dir='ltr' id='par_1_23' title="bbox 354 2484 1935 2556">
     <span class='ocr_line' id='line_1_23' title="bbox 354 2484 1935 2556; baseline 0.001 -16"><span class='ocrx_word' id='word_1_160' title='bbox 354 2485 547 2540; x_wconf 87' lang='lat' dir='ltr'><strong>bantur</strong></span> <span class='ocrx_word' id='word_1_161' title='bbox 566 2526 580 2549; x_wconf 92' lang='lat'><strong>,</strong></span> <span class='ocrx_word' id='word_1_162' title='bbox 606 2484 748 2555; x_wconf 90' lang='lat' dir='ltr'><strong>quod</strong></span> <span class='ocrx_word' id='word_1_163' title='bbox 776 2484 935 2539; x_wconf 85' lang='lat' dir='ltr'><strong>simul</strong></span> <span class='ocrx_word' id='word_1_164' title='bbox 967 2486 1016 2538; x_wconf 92' lang='lat' dir='ltr'><strong>in</strong></span> <span class='ocrx_word' id='word_1_165' title='bbox 1047 2485 1257 2540; x_wconf 79' lang='lat' dir='ltr'><strong>civitate</strong></span> <span class='ocrx_word' id='word_1_166' title='bbox 1286 2486 1649 2541; x_wconf 78' lang='lat' dir='ltr'><strong>convenirent.</strong></span> <span class='ocrx_word' id='word_1_167' title='bbox 1678 2487 1758 2539; x_wconf 83' lang='lat' dir='ltr'><strong>Ad</strong></span> <span class='ocrx_word' id='word_1_168' title='bbox 1777 2489 1935 2556; x_wconf 83' lang='lat' dir='ltr'><strong>conﬁ-</strong></span> 
     </span>
    </p>
   </div>
   <div class='ocr_carea' id='block_1_24' title="bbox 353 2577 1930 2650">
    <p class='ocr_par' dir='ltr' id='par_1_24' title="bbox 353 2577 1930 2650">
     <span class='ocr_line' id='line_1_24' title="bbox 353 2577 1930 2650; baseline 0.003 -17"><span class='ocrx_word' id='word_1_169' title='bbox 353 2580 558 2633; x_wconf 84' lang='lat' dir='ltr'><strong>tendum</strong></span> <span class='ocrx_word' id='word_1_170' title='bbox 586 2580 777 2633; x_wconf 84' lang='lat' dir='ltr'><strong>nomini</strong></span> <span class='ocrx_word' id='word_1_171' title='bbox 805 2577 1032 2632; x_wconf 83' lang='lat' dir='ltr'><strong>Domini.</strong></span> <span class='ocrx_word' id='word_1_172' title='bbox 1062 2579 1174 2633; x_wconf 90' lang='lat' dir='ltr'><strong>lloc</strong></span> <span class='ocrx_word' id='word_1_173' title='bbox 1201 2588 1301 2645; x_wconf 91' lang='lat' dir='ltr'><strong>est,</strong></span> <span class='ocrx_word' id='word_1_174' title='bbox 1330 2580 1397 2634; x_wconf 92' lang='lat' dir='ltr'><strong>ad</strong></span> <span class='ocrx_word' id='word_1_175' title='bbox 1425 2580 1623 2650; x_wconf 88' lang='lat' dir='ltr'><strong>gratias</strong></span> <span class='ocrx_word' id='word_1_176' title='bbox 1661 2581 1891 2649; x_wconf 82' lang='lat' dir='ltr'><strong>agendas</strong></span> <span class='ocrx_word' id='word_1_177' title='bbox 1916 2622 1930 2648; x_wconf 93' lang='lat'><strong>,</strong></span> 
     </span>
    </p>
   </div>
   <div class='ocr_carea' id='block_1_25' title="bbox 350 2672 1929 2741">
    <p class='ocr_par' dir='ltr' id='par_1_25' title="bbox 350 2672 1929 2741">
     <span class='ocr_line' id='line_1_25' title="bbox 350 2672 1929 2741; baseline 0.001 -16"><span class='ocrx_word' id='word_1_178' title='bbox 350 2674 416 2729; x_wconf 90' lang='lat' dir='ltr'><strong>ad</strong></span> <span class='ocrx_word' id='word_1_179' title='bbox 446 2674 728 2729; x_wconf 90' lang='lat' dir='ltr'><strong>colendum</strong></span> <span class='ocrx_word' id='word_1_180' title='bbox 754 2715 767 2736; x_wconf 95' lang='lat'><strong>,</strong></span> <span class='ocrx_word' id='word_1_181' title='bbox 794 2674 1051 2727; x_wconf 91' lang='lat' dir='ltr'><strong>orandum</strong></span> <span class='ocrx_word' id='word_1_182' title='bbox 1072 2713 1085 2736; x_wconf 88' lang='lat'><strong>,</strong></span> <span class='ocrx_word' id='word_1_183' title='bbox 1114 2672 1466 2738; x_wconf 67' lang='lat' dir='ltr'><strong>offerendum,</strong></span> <span class='ocrx_word' id='word_1_184' title='bbox 1493 2674 1895 2727; x_wconf 88' lang='lat' dir='ltr'><strong>sacrificandum</strong></span> <span class='ocrx_word' id='word_1_185' title='bbox 1914 2714 1929 2741; x_wconf 90' lang='lat'><strong>,</strong></span> 
     </span>
    </p>
   </div>
   <div class='ocr_carea' id='block_1_26' title="bbox 349 2763 1931 2835">
    <p class='ocr_par' dir='ltr' id='par_1_26' title="bbox 349 2763 1931 2835">
     <span class='ocr_line' id='line_1_26' title="bbox 349 2763 1931 2835; baseline 0.003 -19"><span class='ocrx_word' id='word_1_186' title='bbox 349 2781 469 2833; x_wconf 68' lang='lat' dir='ltr'><strong>qum</strong></span> <span class='ocrx_word' id='word_1_187' title='bbox 504 2766 646 2833; x_wconf 89' lang='lat' dir='ltr'><strong>ipsos</strong></span> <span class='ocrx_word' id='word_1_188' title='bbox 670 2763 933 2818; x_wconf 88' lang='lat' dir='ltr'><strong>ducebant</strong></span> <span class='ocrx_word' id='word_1_189' title='bbox 968 2764 1031 2817; x_wconf 88' lang='lat' dir='ltr'><strong>ad</strong></span> <span class='ocrx_word' id='word_1_190' title='bbox 1062 2766 1338 2832; x_wconf 87' lang='lat' dir='ltr'><strong>pietatem,</strong></span> <span class='ocrx_word' id='word_1_191' title='bbox 1369 2773 1418 2819; x_wconf 88' lang='lat' dir='ltr'><strong>et</strong></span> <span class='ocrx_word' id='word_1_192' title='bbox 1448 2779 1631 2819; x_wconf 90' lang='lat' dir='ltr'><strong>eorum</strong></span> <span class='ocrx_word' id='word_1_193' title='bbox 1661 2766 1931 2835; x_wconf 82' lang='lat' dir='ltr'><strong>religionis</strong></span> 
     </span>
    </p>
   </div>
   <div class='ocr_carea' id='block_1_27' title="bbox 350 2856 1931 2926">
    <p class='ocr_par' dir='ltr' id='par_1_27' title="bbox 350 2856 1931 2926">
     <span class='ocr_line' id='line_1_27' title="bbox 350 2856 1931 2926; baseline 0.002 -17"><span class='ocrx_word' id='word_1_194' title='bbox 350 2857 681 2926; x_wconf 86' lang='lat' dir='ltr'><strong>disciplinam</strong></span> <span class='ocrx_word' id='word_1_195' title='bbox 710 2857 957 2910; x_wconf 87' lang='lat' dir='ltr'><strong>tutiorem</strong></span> <span class='ocrx_word' id='word_1_196' title='bbox 983 2856 1304 2911; x_wconf 74' lang='lat' dir='ltr'><strong>efficiebant.</strong></span> <span class='ocrx_word' id='word_1_197' title='bbox 1328 2859 1379 2912; x_wconf 89' lang='lat'><strong>5.</strong></span> <span class='ocrx_word' id='word_1_198' title='bbox 1404 2858 1538 2925; x_wconf 87' lang='lat' dir='ltr'><strong>Quia</strong></span> <span class='ocrx_word' id='word_1_199' title='bbox 1564 2858 1671 2912; x_wconf 89' lang='lat' dir='ltr'><strong>illic</strong></span> <span class='ocrx_word' id='word_1_200' title='bbox 1698 2858 1931 2913; x_wconf 89' lang='lat' dir='ltr'><strong>sederunt</strong></span> 
     </span>
    </p>
   </div>
   <div class='ocr_carea' id='block_1_28' title="bbox 354 2947 1930 3018">
    <p class='ocr_par' dir='ltr' id='par_1_28' title="bbox 354 2947 1930 3018">
     <span class='ocr_line' id='line_1_28' title="bbox 354 2947 1930 3018; baseline 0.003 -18"><span class='ocrx_word' id='word_1_201' title='bbox 354 2947 494 3000; x_wconf 87' lang='lat' dir='ltr'><strong>sedes</strong></span> <span class='ocrx_word' id='word_1_202' title='bbox 532 2948 582 3000; x_wconf 89' lang='lat' dir='ltr'><strong>in</strong></span> <span class='ocrx_word' id='word_1_203' title='bbox 616 2948 894 3018; x_wconf 82' lang='lat' dir='ltr'><strong>judicium,</strong></span> <span class='ocrx_word' id='word_1_204' title='bbox 921 2947 1062 3001; x_wconf 84' lang='lat' dir='ltr'><strong>sedes</strong></span> <span class='ocrx_word' id='word_1_205' title='bbox 1106 2965 1257 3018; x_wconf 81' lang='lat' dir='ltr'><strong>super</strong></span> <span class='ocrx_word' id='word_1_206' title='bbox 1305 2948 1510 3002; x_wconf 87' lang='lat' dir='ltr'><strong>domum</strong></span> <span class='ocrx_word' id='word_1_207' title='bbox 1557 2948 1742 3003; x_wconf 86' lang='lat' dir='ltr'><strong>David.</strong></span> <span class='ocrx_word' id='word_1_208' title='bbox 1791 2950 1930 3005; x_wconf 86' lang='lat' dir='ltr'><strong>Ecce</strong></span> 
     </span>
    </p>
   </div>
   <div class='ocr_carea' id='block_1_29' title="bbox 353 3038 1927 3108">
    <p class='ocr_par' dir='ltr' id='par_1_29' title="bbox 353 3038 1927 3108">
     <span class='ocr_line' id='line_1_29' title="bbox 353 3038 1927 3108; baseline 0.003 -16"><span class='ocrx_word' id='word_1_209' title='bbox 353 3038 483 3093; x_wconf 87' lang='lat' dir='ltr'><strong>dicit</strong></span> <span class='ocrx_word' id='word_1_210' title='bbox 510 3040 664 3093; x_wconf 89' lang='lat' dir='ltr'><strong>etiam</strong></span> <span class='ocrx_word' id='word_1_211' title='bbox 704 3040 858 3093; x_wconf 86' lang='lat' dir='ltr'><strong>aliam</strong></span> <span class='ocrx_word' id='word_1_212' title='bbox 885 3041 1111 3095; x_wconf 89' lang='lat' dir='ltr'><strong>civitatis</strong></span> <span class='ocrx_word' id='word_1_213' title='bbox 1141 3042 1532 3096; x_wconf 82' lang='lat' dir='ltr'><strong>excellentiam.</strong></span> <span class='ocrx_word' id='word_1_214' title='bbox 1564 3043 1817 3108; x_wconf 71' lang='lat' dir='ltr'><strong>Quianam</strong></span> <span class='ocrx_word' id='word_1_215' title='bbox 1864 3057 1927 3097; x_wconf 90' lang='lat' dir='ltr'><strong>ea</strong></span> 
     </span>
    </p>
   </div>
   <div class='ocr_carea' id='block_1_30' title="bbox 348 3130 1923 3200">
    <p class='ocr_par' dir='ltr' id='par_1_30' title="bbox 348 3130 1923 3200">
     <span class='ocr_line' id='line_1_30' title="bbox 348 3130 1923 3200; baseline 0.002 -16"><span class='ocrx_word' id='word_1_216' title='bbox 348 3131 474 3184; x_wconf 84' lang='lat' dir='ltr'><strong>est?</strong></span> <span class='ocrx_word' id='word_1_217' title='bbox 500 3130 647 3196; x_wconf 84' lang='lat' dir='ltr'><strong>Quod</strong></span> <span class='ocrx_word' id='word_1_218' title='bbox 693 3131 797 3184; x_wconf 89' lang='lat' dir='ltr'><strong>illic</strong></span> <span class='ocrx_word' id='word_1_219' title='bbox 838 3134 906 3185; x_wconf 88' lang='lat' dir='ltr'><strong>sit</strong></span> <span class='ocrx_word' id='word_1_220' title='bbox 950 3132 1112 3200; x_wconf 83' lang='lat' dir='ltr'><strong>regia.</strong></span> <span class='ocrx_word' id='word_1_221' title='bbox 1144 3132 1253 3187; x_wconf 90' lang='lat' dir='ltr'><strong>lloc</strong></span> <span class='ocrx_word' id='word_1_222' title='bbox 1292 3132 1432 3185; x_wconf 91' lang='lat' dir='ltr'><strong>enim</strong></span> <span class='ocrx_word' id='word_1_223' title='bbox 1476 3132 1576 3186; x_wconf 87' lang='lat' dir='ltr'><strong>sibi</strong></span> <span class='ocrx_word' id='word_1_224' title='bbox 1606 3132 1716 3185; x_wconf 90' lang='lat' dir='ltr'><strong>vult</strong></span> <span class='ocrx_word' id='word_1_225' title='bbox 1762 3132 1923 3198; x_wconf 89' lang='lat' dir='ltr'><strong>illud,</strong></span> 
     </span>
    </p>
   </div>
   <div class='ocr_carea' id='block_1_31' title="bbox 349 3220 1928 3293">
    <p class='ocr_par' dir='ltr' id='par_1_31' title="bbox 349 3220 1928 3293">
     <span class='ocr_line' id='line_1_31' title="bbox 349 3220 1928 3293; baseline 0.001 -20"><span class='ocrx_word' id='word_1_226' title='bbox 349 3220 602 3287; x_wconf 80' lang='lat' dir='ltr'><strong>Quoniam</strong></span> <span class='ocrx_word' id='word_1_227' title='bbox 627 3221 730 3274; x_wconf 88' lang='lat' dir='ltr'><strong>illic</strong></span> <span class='ocrx_word' id='word_1_228' title='bbox 758 3221 992 3275; x_wconf 88' lang='lat' dir='ltr'><strong>sederunt</strong></span> <span class='ocrx_word' id='word_1_229' title='bbox 1034 3223 1173 3275; x_wconf 88' lang='lat' dir='ltr'><strong>sedes</strong></span> <span class='ocrx_word' id='word_1_230' title='bbox 1210 3223 1262 3275; x_wconf 88' lang='lat' dir='ltr'><strong>in</strong></span> <span class='ocrx_word' id='word_1_231' title='bbox 1294 3222 1581 3293; x_wconf 87' lang='lat' dir='ltr'><strong>judicium,</strong></span> <span class='ocrx_word' id='word_1_232' title='bbox 1609 3224 1748 3276; x_wconf 88' lang='lat' dir='ltr'><strong>sedes</strong></span> <span class='ocrx_word' id='word_1_233' title='bbox 1774 3240 1928 3291; x_wconf 89' lang='lat' dir='ltr'><strong>super</strong></span> 
     </span>
    </p>
   </div>
   <div class='ocr_carea' id='block_1_32' title="bbox 343 3296 1926 3384">
    <p class='ocr_par' dir='ltr' id='par_1_32' title="bbox 343 3296 1926 3384">
     <span class='ocr_line' id='line_1_32' title="bbox 343 3296 1926 3384; baseline 0.002 -19"><span class='ocrx_word' id='word_1_234' title='bbox 343 3314 546 3366; x_wconf 88' lang='lat' dir='ltr'><strong>domum</strong></span> <span class='ocrx_word' id='word_1_235' title='bbox 576 3313 759 3367; x_wconf 85' lang='lat' dir='ltr'><strong>David.</strong></span> <span class='ocrx_word' id='word_1_236' title='bbox 790 3315 958 3380; x_wconf 83' lang='lat' dir='ltr'><strong>Alius,</strong></span> <span class='ocrx_word' id='word_1_237' title='bbox 989 3313 1177 3367; x_wconf 90' lang='lat' dir='ltr'><strong>Domus</strong></span> <span class='ocrx_word' id='word_1_238' title='bbox 1207 3314 1367 3368; x_wconf 83' lang='lat' dir='ltr'><strong>David</strong></span> <span class='ocrx_word' id='word_1_239' title='bbox 1396 3313 1495 3384; x_wconf 80' lang='lat' dir='ltr'><strong>(a).</strong></span> <span class='ocrx_word' id='word_1_240' title='bbox 1526 3315 1637 3369; x_wconf 88' lang='lat' dir='ltr'><strong>Illic</strong></span> <span class='ocrx_word' id='word_1_241' title='bbox 1661 3296 1801 3370; x_wconf 52' lang='lat' dir='ltr'><strong>enim</strong></span> <span class='ocrx_word' id='word_1_242' title='bbox 1830 3316 1926 3369; x_wconf 90' lang='lat' dir='ltr'><strong>du-</strong></span> 
     </span>
    </p>
   </div>
   <div class='ocr_carea' id='block_1_33' title="bbox 344 3406 1923 3477">
    <p class='ocr_par' dir='ltr' id='par_1_33' title="bbox 344 3406 1923 3477">
     <span class='ocr_line' id='line_1_33' title="bbox 344 3406 1923 3477; baseline 0.001 -17"><span class='ocrx_word' id='word_1_243' title='bbox 344 3408 462 3475; x_wconf 84' lang='lat' dir='ltr'><strong>plex</strong></span> <span class='ocrx_word' id='word_1_244' title='bbox 511 3418 625 3460; x_wconf 89' lang='lat' dir='ltr'><strong>erat</strong></span> <span class='ocrx_word' id='word_1_245' title='bbox 671 3408 994 3476; x_wconf 85' lang='lat' dir='ltr'><strong>principatus</strong></span> <span class='ocrx_word' id='word_1_246' title='bbox 1018 3447 1032 3470; x_wconf 96' lang='lat'><strong>,</strong></span> <span class='ocrx_word' id='word_1_247' title='bbox 1065 3406 1399 3461; x_wconf 84' lang='lat' dir='ltr'><strong>sacerdotum</strong></span> <span class='ocrx_word' id='word_1_248' title='bbox 1451 3417 1505 3460; x_wconf 92' lang='lat' dir='ltr'><strong>et</strong></span> <span class='ocrx_word' id='word_1_249' title='bbox 1543 3424 1742 3477; x_wconf 86' lang='lat' dir='ltr'><strong>regum,</strong></span> <span class='ocrx_word' id='word_1_250' title='bbox 1774 3408 1923 3477; x_wconf 88' lang='lat' dir='ltr'><strong>quasi</strong></span> 
     </span>
    </p>
   </div>
   <div class='ocr_carea' id='block_1_34' title="bbox 341 3496 1924 3566">
    <p class='ocr_par' dir='ltr' id='par_1_34' title="bbox 341 3496 1924 3566">
     <span class='ocr_line' id='line_1_34' title="bbox 341 3496 1924 3566; baseline 0.004 -17"><span class='ocrx_word' id='word_1_251' title='bbox 341 3497 552 3551; x_wconf 89' lang='lat' dir='ltr'><strong>vinculo</strong></span> <span class='ocrx_word' id='word_1_252' title='bbox 575 3498 913 3566; x_wconf 88' lang='lat' dir='ltr'><strong>conjunctus,</strong></span> <span class='ocrx_word' id='word_1_253' title='bbox 931 3512 1049 3551; x_wconf 91' lang='lat' dir='ltr'><strong>cum</strong></span> <span class='ocrx_word' id='word_1_254' title='bbox 1077 3498 1235 3552; x_wconf 91' lang='lat' dir='ltr'><strong>veluti</strong></span> <span class='ocrx_word' id='word_1_255' title='bbox 1259 3496 1482 3566; x_wconf 89' lang='lat' dir='ltr'><strong>quadam</strong></span> <span class='ocrx_word' id='word_1_256' title='bbox 1504 3497 1699 3566; x_wconf 90' lang='lat' dir='ltr'><strong>duplici</strong></span> <span class='ocrx_word' id='word_1_257' title='bbox 1726 3513 1924 3555; x_wconf 85' lang='lat' dir='ltr'><strong>corona</strong></span> 
     </span>
    </p>
   </div>
   <div class='ocr_carea' id='block_1_35' title="bbox 340 3587 1924 3658">
    <p class='ocr_par' dir='ltr' id='par_1_35' title="bbox 340 3587 1924 3658">
     <span class='ocr_line' id='line_1_35' title="bbox 340 3587 1924 3658; baseline 0.003 -18"><span class='ocrx_word' id='word_1_258' title='bbox 340 3596 395 3640; x_wconf 88' lang='lat' dir='ltr'><strong>et</strong></span> <span class='ocrx_word' id='word_1_259' title='bbox 438 3587 737 3642; x_wconf 88' lang='lat' dir='ltr'><strong>diademate</strong></span> <span class='ocrx_word' id='word_1_260' title='bbox 781 3598 1062 3643; x_wconf 89' lang='lat' dir='ltr'><strong>ornaretur</strong></span> <span class='ocrx_word' id='word_1_261' title='bbox 1086 3589 1273 3643; x_wconf 90' lang='lat' dir='ltr'><strong>civitas</strong></span> <span class='ocrx_word' id='word_1_262' title='bbox 1304 3604 1397 3658; x_wconf 92' lang='lat' dir='ltr'><strong>per</strong></span> <span class='ocrx_word' id='word_1_263' title='bbox 1438 3588 1551 3643; x_wconf 64' lang='lat' dir='ltr'><strong>haec</strong></span> <span class='ocrx_word' id='word_1_264' title='bbox 1588 3590 1787 3643; x_wconf 90' lang='lat' dir='ltr'><strong>omnia.</strong></span> <span class='ocrx_word' id='word_1_265' title='bbox 1817 3590 1924 3645; x_wconf 90' lang='lat' dir='ltr'><strong>Illic</strong></span> 
     </span>
    </p>
   </div>
   <div class='ocr_carea' id='block_1_36' title="bbox 334 3678 1924 3751">
    <p class='ocr_par' dir='ltr' id='par_1_36' title="bbox 334 3678 1924 3751">
     <span class='ocr_line' id='line_1_36' title="bbox 334 3678 1924 3751; baseline 0.004 -22"><span class='ocrx_word' id='word_1_266' title='bbox 334 3678 542 3748; x_wconf 86' lang='lat' dir='ltr'><strong>judices</strong></span> <span class='ocrx_word' id='word_1_267' title='bbox 567 3720 581 3743; x_wconf 93' lang='lat'><strong>,</strong></span> <span class='ocrx_word' id='word_1_268' title='bbox 608 3679 673 3732; x_wconf 89' lang='lat' dir='ltr'><strong>ad</strong></span> <span class='ocrx_word' id='word_1_269' title='bbox 721 3694 855 3748; x_wconf 88' lang='lat' dir='ltr'><strong>quos</strong></span> <span class='ocrx_word' id='word_1_270' title='bbox 888 3695 1005 3749; x_wconf 61' lang='lat' dir='ltr'><strong>quin</strong></span> <span class='ocrx_word' id='word_1_271' title='bbox 1043 3681 1330 3735; x_wconf 89' lang='lat' dir='ltr'><strong>multorum</strong></span> <span class='ocrx_word' id='word_1_272' title='bbox 1360 3690 1570 3751; x_wconf 91' lang='lat' dir='ltr'><strong>captum</strong></span> <span class='ocrx_word' id='word_1_273' title='bbox 1600 3682 1924 3751; x_wconf 86' lang='lat' dir='ltr'><strong>superabant</strong></span> 
     </span>
    </p>
   </div>
   <div class='ocr_carea' id='block_1_37' title="bbox 340 3770 1922 3843">
    <p class='ocr_par' dir='ltr' id='par_1_37' title="bbox 340 3770 1922 3843">
     <span class='ocr_line' id='line_1_37' title="bbox 340 3770 1922 3843; baseline 0.003 -18"><span class='ocrx_word' id='word_1_274' title='bbox 340 3770 724 3826; x_wconf 85' lang='lat' dir='ltr'><strong>referebantur.</strong></span> <span class='ocrx_word' id='word_1_275' title='bbox 757 3770 811 3826; x_wconf 92' lang='lat' dir='ltr'><strong>Si</strong></span> <span class='ocrx_word' id='word_1_276' title='bbox 841 3787 942 3843; x_wconf 89' lang='lat' dir='ltr'><strong>qua</strong></span> <span class='ocrx_word' id='word_1_277' title='bbox 973 3773 1112 3827; x_wconf 88' lang='lat' dir='ltr'><strong>enim</strong></span> <span class='ocrx_word' id='word_1_278' title='bbox 1135 3773 1239 3827; x_wconf 87' lang='lat' dir='ltr'><strong>lata</strong></span> <span class='ocrx_word' id='word_1_279' title='bbox 1265 3782 1408 3828; x_wconf 89' lang='lat' dir='ltr'><strong>esset</strong></span> <span class='ocrx_word' id='word_1_280' title='bbox 1433 3774 1693 3828; x_wconf 87' lang='lat' dir='ltr'><strong>sententia</strong></span> <span class='ocrx_word' id='word_1_281' title='bbox 1725 3774 1777 3828; x_wconf 93' lang='lat' dir='ltr'><strong>in</strong></span> <span class='ocrx_word' id='word_1_282' title='bbox 1804 3774 1922 3829; x_wconf 90' lang='lat' dir='ltr'><strong>aliis</strong></span> 
     </span>
    </p>
   </div>
   <div class='ocr_carea' id='block_1_38' title="bbox 337 3865 1923 3937">
    <p class='ocr_par' dir='ltr' id='par_1_38' title="bbox 337 3865 1923 3937">
     <span class='ocr_line' id='line_1_38' title="bbox 337 3865 1923 3937; baseline 0 -17"><span class='ocrx_word' id='word_1_283' title='bbox 337 3865 660 3931; x_wconf 86' lang='lat' dir='ltr'><strong>civitatibus,</strong></span> <span class='ocrx_word' id='word_1_284' title='bbox 691 3866 759 3921; x_wconf 92' lang='lat' dir='ltr'><strong>de</strong></span> <span class='ocrx_word' id='word_1_285' title='bbox 784 3882 887 3936; x_wconf 90' lang='lat' dir='ltr'><strong>qua</strong></span> <span class='ocrx_word' id='word_1_286' title='bbox 916 3867 1265 3934; x_wconf 86' lang='lat' dir='ltr'><strong>dubitaretur,</strong></span> <span class='ocrx_word' id='word_1_287' title='bbox 1296 3875 1350 3920; x_wconf 92' lang='lat' dir='ltr'><strong>ut</strong></span> <span class='ocrx_word' id='word_1_288' title='bbox 1376 3868 1554 3923; x_wconf 90' lang='lat' dir='ltr'><strong>evenit</strong></span> <span class='ocrx_word' id='word_1_289' title='bbox 1596 3868 1648 3921; x_wconf 91' lang='lat' dir='ltr'><strong>in</strong></span> <span class='ocrx_word' id='word_1_290' title='bbox 1690 3868 1923 3937; x_wconf 83' lang='lat' dir='ltr'><strong>appella-</strong></span> 
     </span>
    </p>
   </div>
   <div class='ocr_carea' id='block_1_39' title="bbox 340 3958 1917 4030">
    <p class='ocr_par' dir='ltr' id='par_1_39' title="bbox 340 3958 1917 4030">
     <span class='ocr_line' id='line_1_39' title="bbox 340 3958 1917 4030; baseline 0.002 -19"><span class='ocrx_word' id='word_1_291' title='bbox 340 3958 572 4014; x_wconf 86' lang='lat' dir='ltr'><strong>tionibus</strong></span> <span class='ocrx_word' id='word_1_292' title='bbox 590 3999 607 4024; x_wconf 95' lang='lat'><strong>,</strong></span> <span class='ocrx_word' id='word_1_293' title='bbox 634 3959 698 4011; x_wconf 91' lang='lat' dir='ltr'><strong>ad</strong></span> <span class='ocrx_word' id='word_1_294' title='bbox 722 3959 956 4027; x_wconf 90' lang='lat' dir='ltr'><strong>judicum</strong></span> <span class='ocrx_word' id='word_1_295' title='bbox 986 3960 1076 4029; x_wconf 87' lang='lat' dir='ltr'><strong>qui</strong></span> <span class='ocrx_word' id='word_1_296' title='bbox 1103 3970 1255 4014; x_wconf 90' lang='lat' dir='ltr'><strong>erant</strong></span> <span class='ocrx_word' id='word_1_297' title='bbox 1283 3958 1629 4030; x_wconf 81' lang='lat' dir='ltr'><strong>Jerosolymis</strong></span> <span class='ocrx_word' id='word_1_298' title='bbox 1657 3960 1917 4028; x_wconf 85' lang='lat' dir='ltr'><strong>cognitio-</strong></span> 
     </span>
    </p>
   </div>
   <div class='ocr_carea' id='block_1_40' title="bbox 336 4048 1921 4117">
    <p class='ocr_par' dir='ltr' id='par_1_40' title="bbox 336 4048 1921 4117">
     <span class='ocr_line' id='line_1_40' title="bbox 336 4048 1921 4117; baseline 0 -15"><span class='ocrx_word' id='word_1_299' title='bbox 336 4063 482 4113; x_wconf 92' lang='lat' dir='ltr'><strong>nem,</strong></span> <span class='ocrx_word' id='word_1_300' title='bbox 515 4048 829 4103; x_wconf 87' lang='lat' dir='ltr'><strong>sententiam</strong></span> <span class='ocrx_word' id='word_1_301' title='bbox 857 4048 1160 4104; x_wconf 84' lang='lat' dir='ltr'><strong>referebant</strong></span> <span class='ocrx_word' id='word_1_302' title='bbox 1189 4066 1201 4101; x_wconf 90' lang='lat'>:</span> <span class='ocrx_word' id='word_1_303' title='bbox 1233 4048 1340 4103; x_wconf 91' lang='lat' dir='ltr'><strong>illic</strong></span> <span class='ocrx_word' id='word_1_304' title='bbox 1360 4058 1537 4102; x_wconf 91' lang='lat' dir='ltr'><strong>autem</strong></span> <span class='ocrx_word' id='word_1_305' title='bbox 1563 4048 1921 4117; x_wconf 86' lang='lat' dir='ltr'><strong>accipiebatur</strong></span> 
     </span>
    </p>
   </div>
   <div class='ocr_carea' id='block_1_41' title="bbox 336 4140 1920 4212">
    <p class='ocr_par' dir='ltr' id='par_1_41' title="bbox 336 4140 1920 4212">
     <span class='ocr_line' id='line_1_41' title="bbox 336 4140 1920 4212; baseline 0 -17"><span class='ocrx_word' id='word_1_306' title='bbox 336 4143 551 4196; x_wconf 83' lang='lat' dir='ltr'><strong>solutio.</strong></span> <span class='ocrx_word' id='word_1_307' title='bbox 588 4141 690 4196; x_wconf 90' lang='lat' dir='ltr'><strong>Sed</strong></span> <span class='ocrx_word' id='word_1_308' title='bbox 733 4150 885 4198; x_wconf 89' lang='lat' dir='ltr'><strong>erant</strong></span> <span class='ocrx_word' id='word_1_309' title='bbox 921 4142 1134 4211; x_wconf 89' lang='lat' dir='ltr'><strong>quidem</strong></span> <span class='ocrx_word' id='word_1_310' title='bbox 1181 4144 1395 4212; x_wconf 88' lang='lat' dir='ltr'><strong>antiqua</strong></span> <span class='ocrx_word' id='word_1_311' title='bbox 1444 4140 1747 4209; x_wconf 88' lang='lat' dir='ltr'><strong>bujusmodi</strong></span> <span class='ocrx_word' id='word_1_312' title='bbox 1776 4157 1791 4194; x_wconf 91' lang='lat'><em>:</em></span> <span class='ocrx_word' id='word_1_313' title='bbox 1823 4141 1920 4195; x_wconf 87' lang='lat' dir='ltr'><strong>ho-</strong></span> 
     </span>
    </p>
   </div>
   <div class='ocr_carea' id='block_1_42' title="bbox 336 4232 1917 4302">
    <p class='ocr_par' dir='ltr' id='par_1_42' title="bbox 336 4232 1917 4302">
     <span class='ocr_line' id='line_1_42' title="bbox 336 4232 1917 4302; baseline 0 -15"><span class='ocrx_word' id='word_1_314' title='bbox 336 4233 520 4287; x_wconf 86' lang='lat' dir='ltr'><strong>dierna</strong></span> <span class='ocrx_word' id='word_1_315' title='bbox 542 4248 670 4287; x_wconf 91' lang='lat' dir='ltr'><strong>vero</strong></span> <span class='ocrx_word' id='word_1_316' title='bbox 688 4242 811 4287; x_wconf 90' lang='lat' dir='ltr'><strong>sunt</strong></span> <span class='ocrx_word' id='word_1_317' title='bbox 841 4232 923 4288; x_wconf 89' lang='lat' dir='ltr'><strong>bis</strong></span> <span class='ocrx_word' id='word_1_318' title='bbox 947 4234 1116 4287; x_wconf 87' lang='lat' dir='ltr'><strong>multo</strong></span> <span class='ocrx_word' id='word_1_319' title='bbox 1136 4233 1399 4302; x_wconf 79' lang='lat' dir='ltr'><strong>graviora.</strong></span> <span class='ocrx_word' id='word_1_320' title='bbox 1426 4233 1520 4287; x_wconf 87' lang='lat' dir='ltr'><strong>Est</strong></span> <span class='ocrx_word' id='word_1_321' title='bbox 1541 4234 1683 4287; x_wconf 91' lang='lat' dir='ltr'><strong>enim</strong></span> <span class='ocrx_word' id='word_1_322' title='bbox 1712 4247 1917 4288; x_wconf 89' lang='lat' dir='ltr'><strong>summa</strong></span> 
     </span>
    </p>
   </div>
   <div class='ocr_carea' id='block_1_43' title="bbox 336 4326 1917 4397">
    <p class='ocr_par' dir='ltr' id='par_1_43' title="bbox 336 4326 1917 4397">
     <span class='ocr_line' id='line_1_43' title="bbox 336 4326 1917 4397; baseline 0.001 -17"><span class='ocrx_word' id='word_1_323' title='bbox 336 4326 587 4392; x_wconf 87' lang='lat' dir='ltr'><strong>solitudo,</strong></span> <span class='ocrx_word' id='word_1_324' title='bbox 608 4327 1016 4393; x_wconf 89' lang='lat' dir='ltr'><strong>ruina,eversio,</strong></span> <span class='ocrx_word' id='word_1_325' title='bbox 1045 4327 1407 4397; x_wconf 88' lang='lat' dir='ltr'><strong>conflagratio,</strong></span> <span class='ocrx_word' id='word_1_326' title='bbox 1432 4340 1614 4397; x_wconf 60' lang='lat' dir='ltr'><strong>paucae</strong></span> <span class='ocrx_word' id='word_1_327' title='bbox 1637 4326 1917 4382; x_wconf 90' lang='lat' dir='ltr'><strong>domorum</strong></span> 
     </span>
    </p>
   </div>
   <div class='ocr_carea' id='block_1_44' title="bbox 335 4418 1920 4489">
    <p class='ocr_par' dir='ltr' id='par_1_44' title="bbox 335 4418 1920 4489">
     <span class='ocr_line' id='line_1_44' title="bbox 335 4418 1920 4489; baseline 0.001 -18"><span class='ocrx_word' id='word_1_328' title='bbox 335 4418 577 4488; x_wconf 58' lang='lat' dir='ltr'><strong>reliquiae</strong></span> <span class='ocrx_word' id='word_1_329' title='bbox 599 4419 763 4473; x_wconf 85' lang='lat' dir='ltr'><strong>tristis</strong></span> <span class='ocrx_word' id='word_1_330' title='bbox 778 4427 831 4474; x_wconf 90' lang='lat' dir='ltr'><strong>et</strong></span> <span class='ocrx_word' id='word_1_331' title='bbox 853 4419 1168 4474; x_wconf 87' lang='lat' dir='ltr'><strong>miserabilis</strong></span> <span class='ocrx_word' id='word_1_332' title='bbox 1190 4420 1415 4488; x_wconf 87' lang='lat' dir='ltr'><strong>species,</strong></span> <span class='ocrx_word' id='word_1_333' title='bbox 1435 4428 1489 4474; x_wconf 90' lang='lat' dir='ltr'><strong>et</strong></span> <span class='ocrx_word' id='word_1_334' title='bbox 1503 4434 1622 4489; x_wconf 66' lang='lat' dir='ltr'><strong>qua:</strong></span> <span class='ocrx_word' id='word_1_335' title='bbox 1637 4420 1808 4475; x_wconf 89' lang='lat' dir='ltr'><strong>solum</strong></span> <span class='ocrx_word' id='word_1_336' title='bbox 1831 4418 1920 4473; x_wconf 85' lang='lat' dir='ltr'><strong>ha-</strong></span> 
     </span>
    </p>
   </div>
   <div class='ocr_carea' id='block_1_45' title="bbox 337 4511 1919 4585">
    <p class='ocr_par' dir='ltr' id='par_1_45' title="bbox 337 4511 1919 4585">
     <span class='ocr_line' id='line_1_45' title="bbox 337 4511 1919 4585; baseline 0.002 -20"><span class='ocrx_word' id='word_1_337' title='bbox 337 4511 426 4565; x_wconf 90' lang='lat' dir='ltr'><strong>bet</strong></span> <span class='ocrx_word' id='word_1_338' title='bbox 453 4513 837 4567; x_wconf 89' lang='lat' dir='ltr'><strong>monimentum</strong></span> <span class='ocrx_word' id='word_1_339' title='bbox 857 4553 873 4578; x_wconf 91' lang='lat'><strong>,</strong></span> <span class='ocrx_word' id='word_1_340' title='bbox 891 4523 944 4567; x_wconf 91' lang='lat' dir='ltr'><strong>et</strong></span> <span class='ocrx_word' id='word_1_341' title='bbox 970 4513 1194 4567; x_wconf 87' lang='lat' dir='ltr'><strong>obscura</strong></span> <span class='ocrx_word' id='word_1_342' title='bbox 1214 4513 1457 4583; x_wconf 70' lang='lat' dir='ltr'><strong>quaedam</strong></span> <span class='ocrx_word' id='word_1_343' title='bbox 1480 4512 1697 4585; x_wconf 87' lang='lat' dir='ltr'><strong>vestigia</strong></span> <span class='ocrx_word' id='word_1_344' title='bbox 1727 4513 1919 4583; x_wconf 89' lang='lat' dir='ltr'><strong>prioris</strong></span> 
     </span>
    </p>
   </div>
   <div class='ocr_carea' id='block_1_46' title="bbox 340 4603 1917 4673">
    <p class='ocr_par' dir='ltr' id='par_1_46' title="bbox 340 4603 1917 4673">
     <span class='ocr_line' id='line_1_46' title="bbox 340 4603 1917 4673; baseline 0.001 -13"><span class='ocrx_word' id='word_1_345' title='bbox 340 4603 624 4661; x_wconf 85' lang='lat' dir='ltr'><strong>felicitatis.</strong></span> <span class='ocrx_word' id='word_1_346' title='bbox 659 4604 920 4673; x_wconf 87' lang='lat' dir='ltr'><strong>Quocirca</strong></span> <span class='ocrx_word' id='word_1_347' title='bbox 964 4621 1068 4659; x_wconf 88' lang='lat' dir='ltr'><strong>non</strong></span> <span class='ocrx_word' id='word_1_348' title='bbox 1113 4605 1381 4661; x_wconf 88' lang='lat' dir='ltr'><strong>concludit</strong></span> <span class='ocrx_word' id='word_1_349' title='bbox 1423 4609 1716 4661; x_wconf 86' lang='lat' dir='ltr'><strong>orationem</strong></span> <span class='ocrx_word' id='word_1_350' title='bbox 1759 4608 1917 4662; x_wconf 89' lang='lat' dir='ltr'><strong>rebus</strong></span> 
     </span>
    </p>
   </div>
   <div class='ocr_carea' id='block_1_47' title="bbox 338 4696 1917 4766">
    <p class='ocr_par' dir='ltr' id='par_1_47' title="bbox 338 4696 1917 4766">
     <span class='ocr_line' id='line_1_47' title="bbox 338 4696 1917 4766; baseline -0.001 -14"><span class='ocrx_word' id='word_1_351' title='bbox 338 4698 548 4753; x_wconf 89' lang='lat' dir='ltr'><strong>miseris</strong></span> <span class='ocrx_word' id='word_1_352' title='bbox 572 4705 625 4751; x_wconf 90' lang='lat' dir='ltr'><strong>et</strong></span> <span class='ocrx_word' id='word_1_353' title='bbox 656 4697 911 4763; x_wconf 88' lang='lat' dir='ltr'><strong>tristibus,</strong></span> <span class='ocrx_word' id='word_1_354' title='bbox 941 4696 1033 4750; x_wconf 90' lang='lat' dir='ltr'><strong>sed</strong></span> <span class='ocrx_word' id='word_1_355' title='bbox 1065 4696 1130 4750; x_wconf 88' lang='lat' dir='ltr'><strong>ad</strong></span> <span class='ocrx_word' id='word_1_356' title='bbox 1164 4696 1421 4750; x_wconf 72' lang='lat' dir='ltr'><strong>lretiorem</strong></span> <span class='ocrx_word' id='word_1_357' title='bbox 1452 4712 1599 4766; x_wconf 88' lang='lat' dir='ltr'><strong>spem</strong></span> <span class='ocrx_word' id='word_1_358' title='bbox 1631 4712 1722 4751; x_wconf 91' lang='lat' dir='ltr'><strong>eos</strong></span> <span class='ocrx_word' id='word_1_359' title='bbox 1754 4697 1917 4752; x_wconf 88' lang='lat' dir='ltr'><strong>redu—</strong></span> 
     </span>
    </p>
   </div>
   <div class='ocr_carea' id='block_1_48' title="bbox 334 4789 1914 4863">
    <p class='ocr_par' dir='ltr' id='par_1_48' title="bbox 334 4789 1914 4863">
     <span class='ocr_line' id='line_1_48' title="bbox 334 4789 1914 4863; baseline -0.002 -17"><span class='ocrx_word' id='word_1_360' title='bbox 334 4792 405 4846; x_wconf 87' lang='lat' dir='ltr'><strong>cit</strong></span> <span class='ocrx_word' id='word_1_361' title='bbox 442 4791 644 4853; x_wconf 84' lang='lat' dir='ltr'><strong>dicens,</strong></span> <span class='ocrx_word' id='word_1_362' title='bbox 672 4789 723 4844; x_wconf 89' lang='lat'><strong>6.</strong></span> <span class='ocrx_word' id='word_1_363' title='bbox 752 4789 946 4861; x_wconf 79' lang='lat' dir='ltr'><strong>Regale</strong></span> <span class='ocrx_word' id='word_1_364' title='bbox 986 4806 1097 4860; x_wconf 71' lang='lat' dir='ltr'><strong>qum</strong></span> <span class='ocrx_word' id='word_1_365' title='bbox 1133 4789 1202 4843; x_wconf 89' lang='lat' dir='ltr'><strong>ad</strong></span> <span class='ocrx_word' id='word_1_366' title='bbox 1249 4806 1423 4863; x_wconf 84' lang='lat' dir='ltr'><strong>pacem</strong></span> <span class='ocrx_word' id='word_1_367' title='bbox 1461 4799 1577 4842; x_wconf 86' lang='lat' dir='ltr'><strong>sunt</strong></span> <span class='ocrx_word' id='word_1_368' title='bbox 1611 4789 1914 4844; x_wconf 84' lang='lat' dir='ltr'><strong>Jerusalem.</strong></span> 
     </span>
    </p>
   </div>
   <div class='ocr_carea' id='block_1_49' title="bbox 335 4881 1917 4955">
    <p class='ocr_par' dir='ltr' id='par_1_49' title="bbox 335 4881 1917 4955">
     <span class='ocr_line' id='line_1_49' title="bbox 335 4881 1917 4955; baseline 0.001 -18"><span class='ocrx_word' id='word_1_369' title='bbox 335 4883 469 4951; x_wconf 85' lang='lat' dir='ltr'><strong>Quid</strong></span> <span class='ocrx_word' id='word_1_370' title='bbox 500 4892 581 4937; x_wconf 89' lang='lat' dir='ltr'><strong>est</strong></span> <span class='ocrx_word' id='word_1_371' title='bbox 599 4923 611 4945; x_wconf 92' lang='lat'><strong>,</strong></span> <span class='ocrx_word' id='word_1_372' title='bbox 646 4882 839 4955; x_wconf 76' lang='lat' dir='ltr'><strong>Rogata</strong></span> <span class='ocrx_word' id='word_1_373' title='bbox 863 4899 976 4954; x_wconf 64' lang='lat' dir='ltr'><strong>quae</strong></span> <span class='ocrx_word' id='word_1_374' title='bbox 1003 4883 1069 4936; x_wconf 88' lang='lat' dir='ltr'><strong>ad</strong></span> <span class='ocrx_word' id='word_1_375' title='bbox 1108 4899 1281 4954; x_wconf 87' lang='lat' dir='ltr'><strong>pacem</strong></span> <span class='ocrx_word' id='word_1_376' title='bbox 1309 4892 1424 4936; x_wconf 90' lang='lat' dir='ltr'><strong>sunt</strong></span> <span class='ocrx_word' id='word_1_377' title='bbox 1448 4881 1775 4937; x_wconf 85' lang='lat' dir='ltr'><strong>Jerusalem?</strong></span> <span class='ocrx_word' id='word_1_378' title='bbox 1813 4883 1917 4938; x_wconf 84' lang='lat' dir='ltr'><strong>Pro</strong></span> 
     </span>
    </p>
   </div>
   <div class='ocr_carea' id='block_1_50' title="bbox 333 4972 1918 5044">
    <p class='ocr_par' dir='ltr' id='par_1_50' title="bbox 333 4972 1918 5044">
     <span class='ocr_line' id='line_1_50' title="bbox 333 4972 1918 5044; baseline -0.001 -15"><span class='ocrx_word' id='word_1_379' title='bbox 333 4989 399 5029; x_wconf 88' lang='lat' dir='ltr'><strong>eo</strong></span> <span class='ocrx_word' id='word_1_380' title='bbox 429 4974 566 5043; x_wconf 83' lang='lat' dir='ltr'><strong>quod</strong></span> <span class='ocrx_word' id='word_1_381' title='bbox 593 4983 701 5039; x_wconf 86' lang='lat' dir='ltr'><strong>est,</strong></span> <span class='ocrx_word' id='word_1_382' title='bbox 747 4974 915 5028; x_wconf 81' lang='lat' dir='ltr'><strong>Potite</strong></span> <span class='ocrx_word' id='word_1_383' title='bbox 942 4984 993 5028; x_wconf 93' lang='lat' dir='ltr'><strong>et</strong></span> <span class='ocrx_word' id='word_1_384' title='bbox 1032 4974 1309 5043; x_wconf 88' lang='lat' dir='ltr'><strong>postulate.</strong></span> <span class='ocrx_word' id='word_1_385' title='bbox 1343 4973 1490 5028; x_wconf 80' lang='lat' dir='ltr'><strong>Alius</strong></span> <span class='ocrx_word' id='word_1_386' title='bbox 1520 4972 1593 5044; x_wconf 70' lang='grc' dir='ltr'><strong>(ιι)</strong></span> <span class='ocrx_word' id='word_1_387' title='bbox 1622 4980 1798 5027; x_wconf 88' lang='lat' dir='ltr'><strong>autem</strong></span> <span class='ocrx_word' id='word_1_388' title='bbox 1833 4974 1918 5028; x_wconf 84' lang='lat' dir='ltr'><strong>di-</strong></span> 
     </span>
    </p>
   </div>
   <div class='ocr_carea' id='block_1_51' title="bbox 333 5063 1913 5134">
    <p class='ocr_par' dir='ltr' id='par_1_51' title="bbox 333 5063 1913 5134">
     <span class='ocr_line' id='line_1_51' title="bbox 333 5063 1913 5134; baseline -0.001 -15"><span class='ocrx_word' id='word_1_389' title='bbox 333 5066 432 5128; x_wconf 85' lang='lat' dir='ltr'><strong>cit,</strong></span> <span class='ocrx_word' id='word_1_390' title='bbox 456 5064 863 5134; x_wconf 78' lang='lat' dir='ltr'><strong>Amplectimini,</strong></span> <span class='ocrx_word' id='word_1_391' title='bbox 903 5076 993 5119; x_wconf 86' lang='lat' dir='ltr'><strong>aut</strong></span> <span class='ocrx_word' id='word_1_392' title='bbox 1034 5066 1267 5120; x_wconf 86' lang='lat' dir='ltr'><strong>Salutate</strong></span> <span class='ocrx_word' id='word_1_393' title='bbox 1306 5063 1611 5119; x_wconf 82' lang='lat' dir='ltr'><strong>Jerusalem.</strong></span> <span class='ocrx_word' id='word_1_394' title='bbox 1646 5065 1756 5120; x_wconf 87' lang='lat' dir='ltr'><strong>Hoc</strong></span> <span class='ocrx_word' id='word_1_395' title='bbox 1793 5074 1913 5131; x_wconf 87' lang='lat' dir='ltr'><strong>est,</strong></span> 
     </span>
    </p>
   </div>
   <div class='ocr_carea' id='block_1_52' title="bbox 335 5155 1914 5226">
    <p class='ocr_par' dir='ltr' id='par_1_52' title="bbox 335 5155 1914 5226">
     <span class='ocr_line' id='line_1_52' title="bbox 335 5155 1914 5226; baseline 0.001 -17"><span class='ocrx_word' id='word_1_396' title='bbox 335 5155 535 5225; x_wconf 85' lang='lat' dir='ltr'><strong>ltogate</strong></span> <span class='ocrx_word' id='word_1_397' title='bbox 557 5165 613 5211; x_wconf 94' lang='lat' dir='ltr'><strong>ut</strong></span> <span class='ocrx_word' id='word_1_398' title='bbox 634 5171 695 5211; x_wconf 88' lang='lat' dir='ltr'><strong>ea</strong></span> <span class='ocrx_word' id='word_1_399' title='bbox 724 5155 905 5210; x_wconf 85' lang='lat' dir='ltr'><strong>redeat</strong></span> <span class='ocrx_word' id='word_1_400' title='bbox 931 5157 983 5209; x_wconf 91' lang='lat' dir='ltr'><strong>in</strong></span> <span class='ocrx_word' id='word_1_401' title='bbox 1013 5157 1288 5225; x_wconf 89' lang='lat' dir='ltr'><strong>pristinam</strong></span> <span class='ocrx_word' id='word_1_402' title='bbox 1314 5158 1737 5226; x_wconf 88' lang='lat' dir='ltr'><strong>prosperitatem,</strong></span> <span class='ocrx_word' id='word_1_403' title='bbox 1770 5166 1827 5211; x_wconf 92' lang='lat' dir='ltr'><strong>ut</strong></span> <span class='ocrx_word' id='word_1_404' title='bbox 1850 5157 1914 5210; x_wconf 86' lang='lat' dir='ltr'><strong>li-</strong></span> 
     </span>
    </p>
   </div>
   <div class='ocr_carea' id='block_1_53' title="bbox 334 5246 1916 5317">
    <p class='ocr_par' dir='ltr' id='par_1_53' title="bbox 334 5246 1916 5317">
     <span class='ocr_line' id='line_1_53' title="bbox 334 5246 1916 5317; baseline 0.002 -16"><span class='ocrx_word' id='word_1_405' title='bbox 334 5246 548 5301; x_wconf 84' lang='lat' dir='ltr'><strong>heretur</strong></span> <span class='ocrx_word' id='word_1_406' title='bbox 590 5262 620 5301; x_wconf 91' lang='lat' dir='ltr'><strong>a</strong></span> <span class='ocrx_word' id='word_1_407' title='bbox 660 5246 812 5301; x_wconf 88' lang='lat' dir='ltr'><strong>bellis</strong></span> <span class='ocrx_word' id='word_1_408' title='bbox 850 5247 1234 5315; x_wconf 89' lang='lat' dir='ltr'><strong>frequentibus,</strong></span> <span class='ocrx_word' id='word_1_409' title='bbox 1262 5250 1317 5301; x_wconf 88' lang='lat' dir='ltr'><strong>ut</strong></span> <span class='ocrx_word' id='word_1_410' title='bbox 1343 5249 1593 5317; x_wconf 87' lang='lat' dir='ltr'><strong>deinceps</strong></span> <span class='ocrx_word' id='word_1_411' title='bbox 1632 5250 1916 5304; x_wconf 84' lang='lat' dir='ltr'><strong>securitate</strong></span> 
     </span>
    </p>
   </div>
   <div class='ocr_carea' id='block_1_54' title="bbox 333 5336 1918 5411">
    <p class='ocr_par' dir='ltr' id='par_1_54' title="bbox 333 5336 1918 5411">
     <span class='ocr_line' id='line_1_54' title="bbox 333 5336 1918 5411; baseline 0.002 -20"><span class='ocrx_word' id='word_1_412' title='bbox 333 5336 557 5392; x_wconf 86' lang='lat' dir='ltr'><strong>fruatur.</strong></span> <span class='ocrx_word' id='word_1_413' title='bbox 586 5336 676 5393; x_wconf 85' lang='lat' dir='ltr'><strong>Vel</strong></span> <span class='ocrx_word' id='word_1_414' title='bbox 715 5338 815 5393; x_wconf 89' lang='lat' dir='ltr'><strong>hoc</strong></span> <span class='ocrx_word' id='word_1_415' title='bbox 838 5353 965 5408; x_wconf 90' lang='lat' dir='ltr'><strong>ergo</strong></span> <span class='ocrx_word' id='word_1_416' title='bbox 990 5338 1117 5392; x_wconf 89' lang='lat' dir='ltr'><strong>dicit</strong></span> <span class='ocrx_word' id='word_1_417' title='bbox 1139 5382 1151 5400; x_wconf 83' lang='lat'><strong>,</strong></span> <span class='ocrx_word' id='word_1_418' title='bbox 1177 5338 1260 5393; x_wconf 87' lang='lat' dir='ltr'><strong>vel</strong></span> <span class='ocrx_word' id='word_1_419' title='bbox 1299 5339 1553 5408; x_wconf 72' lang='lat' dir='ltr'><strong>przcdicit.</strong></span> <span class='ocrx_word' id='word_1_420' title='bbox 1586 5340 1778 5411; x_wconf 84' lang='lat' dir='ltr'><strong>Rogate</strong></span> <span class='ocrx_word' id='word_1_421' title='bbox 1804 5356 1918 5410; x_wconf 79' lang='lat' dir='ltr'><strong>qtae</strong></span> 
     </span>
    </p>
   </div>
   <div class='ocr_carea' id='block_1_55' title="bbox 260 5428 1909 5500">
    <p class='ocr_par' dir='ltr' id='par_1_55' title="bbox 260 5428 1909 5500">
     <span class='ocr_line' id='line_1_55' title="bbox 260 5428 1909 5500; baseline 0.001 -17"><span class='ocrx_word' id='word_1_422' title='bbox 260 5446 273 5463; x_wconf 75' lang='grc' dir='ltr'><em>ο</em></span> <span class='ocrx_word' id='word_1_423' title='bbox 332 5428 399 5483; x_wconf 92' lang='lat' dir='ltr'><strong>ad</strong></span> <span class='ocrx_word' id='word_1_424' title='bbox 429 5447 600 5500; x_wconf 80' lang='lat' dir='ltr'><strong>pacem</strong></span> <span class='ocrx_word' id='word_1_425' title='bbox 643 5441 758 5484; x_wconf 86' lang='lat' dir='ltr'><strong>sunt</strong></span> <span class='ocrx_word' id='word_1_426' title='bbox 791 5429 1094 5485; x_wconf 82' lang='lat' dir='ltr'><strong>Jerusalem.</strong></span> <span class='ocrx_word' id='word_1_427' title='bbox 1131 5432 1242 5486; x_wconf 93' lang='lat' dir='ltr'><strong>lloc</strong></span> <span class='ocrx_word' id='word_1_428' title='bbox 1268 5440 1383 5497; x_wconf 90' lang='lat' dir='ltr'><strong>est,</strong></span> <span class='ocrx_word' id='word_1_429' title='bbox 1426 5432 1532 5486; x_wconf 81' lang='lat' dir='ltr'><strong>Pax</strong></span> <span class='ocrx_word' id='word_1_430' title='bbox 1566 5432 1614 5486; x_wconf 91' lang='lat' dir='ltr'><strong>ei</strong></span> <span class='ocrx_word' id='word_1_431' title='bbox 1645 5432 1909 5487; x_wconf 86' lang='lat' dir='ltr'><strong>succedet.</strong></span> 
     </span>
    </p>
   </div>
   <div class='ocr_carea' id='block_1_56' title="bbox 393 5648 1917 5714">
    <p class='ocr_par' dir='ltr' id='par_1_56' title="bbox 393 5648 1917 5714">
     <span class='ocr_line' id='line_1_56' title="bbox 393 5648 1917 5714; baseline 0.001 -14"><span class='ocrx_word' id='word_1_432' title='bbox 393 5652 466 5714; x_wconf 93' lang='lat' dir='ltr'><strong>(a)</strong></span> <span class='ocrx_word' id='word_1_433' title='bbox 511 5650 707 5713; x_wconf 82' lang='lat' dir='ltr'><strong>Supple,</strong></span> <span class='ocrx_word' id='word_1_434' title='bbox 732 5648 891 5699; x_wconf 83' lang='lat' dir='ltr'><strong>throni</strong></span> <span class='ocrx_word' id='word_1_435' title='bbox 914 5648 1081 5701; x_wconf 81' lang='lat' dir='ltr'><strong>domus</strong></span> <span class='ocrx_word' id='word_1_436' title='bbox 1104 5650 1277 5702; x_wconf 87' lang='lat' dir='ltr'><strong>David.</strong></span> <span class='ocrx_word' id='word_1_437' title='bbox 1303 5652 1537 5703; x_wconf 72' lang='lat' dir='ltr'><strong>Hebraeus</strong></span> <span class='ocrx_word' id='word_1_438' title='bbox 1552 5660 1715 5703; x_wconf 90' lang='lat' dir='ltr'><strong>autem</strong></span> <span class='ocrx_word' id='word_1_439' title='bbox 1739 5658 1917 5708; x_wconf 68' lang='lat' dir='ltr'><strong>1&#39;1th</strong></span> 
     </span>
    </p>
   </div>
   <div class='ocr_carea' id='block_1_57' title="bbox 326 5721 1917 5800">
    <p class='ocr_par' dir='ltr' id='par_1_57' title="bbox 326 5721 1917 5800">
     <span class='ocr_line' id='line_1_57' title="bbox 326 5721 1917 5800; baseline 0 -5"><span class='ocrx_word' id='word_1_440' title='bbox 326 5749 418 5798; x_wconf 68' lang='grc' dir='ltr'><strong>τη</strong></span> <span class='ocrx_word' id='word_1_441' title='bbox 449 5721 584 5800; x_wconf 65' lang='grc' dir='ltr'><strong>πώ</strong></span> <span class='ocrx_word' id='word_1_442' title='bbox 616 5758 628 5794; x_wconf 94' lang='lat'><strong>:</strong></span> <span class='ocrx_word' id='word_1_443' title='bbox 662 5741 787 5792; x_wconf 85' lang='lat' dir='ltr'><strong>Solio</strong></span> <span class='ocrx_word' id='word_1_444' title='bbox 824 5741 989 5791; x_wconf 81' lang='lat' dir='ltr'><strong>domui</strong></span> <span class='ocrx_word' id='word_1_445' title='bbox 1027 5740 1212 5799; x_wconf 72' lang='lat' dir='ltr'><strong>David,</strong></span> <span class='ocrx_word' id='word_1_446' title='bbox 1263 5743 1343 5791; x_wconf 88' lang='lat' dir='ltr'><strong>vel</strong></span> <span class='ocrx_word' id='word_1_447' title='bbox 1378 5745 1546 5794; x_wconf 85' lang='lat' dir='ltr'><strong>domus</strong></span> <span class='ocrx_word' id='word_1_448' title='bbox 1593 5743 1764 5796; x_wconf 84' lang='lat' dir='ltr'><strong>David.</strong></span> <span class='ocrx_word' id='word_1_449' title='bbox 1809 5752 1917 5795; x_wconf 72' lang='lat' dir='ltr'><strong>Htec</strong></span> 
     </span>
    </p>
   </div>
   <div class='ocr_carea' id='block_1_58' title="bbox 326 5811 1512 5879">
    <p class='ocr_par' dir='ltr' id='par_1_58' title="bbox 326 5811 1512 5879">
     <span class='ocr_line' id='line_1_58' title="bbox 326 5811 1512 5879; baseline 0.002 -16"><span class='ocrx_word' id='word_1_450' title='bbox 326 5814 669 5879; x_wconf 67' lang='lat' dir='ltr'><strong>interpretatio</strong></span> <span class='ocrx_word' id='word_1_451' title='bbox 689 5814 862 5863; x_wconf 88' lang='lat' dir='ltr'><strong>omissa</strong></span> <span class='ocrx_word' id='word_1_452' title='bbox 885 5811 976 5861; x_wconf 89' lang='lat' dir='ltr'><strong>fuit</strong></span> <span class='ocrx_word' id='word_1_453' title='bbox 998 5814 1045 5860; x_wconf 92' lang='lat' dir='ltr'><strong>in</strong></span> <span class='ocrx_word' id='word_1_454' title='bbox 1071 5813 1297 5879; x_wconf 75' lang='lat' dir='ltr'><strong>Hexaplis</strong></span> <span class='ocrx_word' id='word_1_455' title='bbox 1319 5817 1512 5865; x_wconf 80' lang='lat' dir='ltr'><strong>nostris.</strong></span> 
     </span>
    </p>
   </div>
   <div class='ocr_carea' id='block_1_59' title="bbox 348 5870 1212 5941">
    <p class='ocr_par' dir='ltr' id='par_1_59' title="bbox 348 5870 1212 5941">
     <span class='ocr_line' id='line_1_59' title="bbox 348 5870 1212 5941; baseline 0.002 -19"><span class='ocrx_word' id='word_1_456' title='bbox 348 5870 352 5885; x_wconf 47' lang='grc' dir='ltr'>λ</span> <span class='ocrx_word' id='word_1_457' title='bbox 394 5870 475 5941; x_wconf 64' lang='lat' dir='ltr'><strong>(III</strong></span> <span class='ocrx_word' id='word_1_458' title='bbox 500 5877 584 5927; x_wconf 80' lang='lat' dir='ltr'><strong>llic</strong></span> <span class='ocrx_word' id='word_1_459' title='bbox 605 5883 771 5927; x_wconf 80' lang='lat' dir='ltr'><strong>autem</strong></span> <span class='ocrx_word' id='word_1_460' title='bbox 794 5883 871 5926; x_wconf 89' lang='lat' dir='ltr'><strong>est</strong></span> <span class='ocrx_word' id='word_1_461' title='bbox 892 5870 1212 5937; x_wconf 75' lang='lat' dir='ltr'><strong>Symmachus.</strong></span> 
     </span>
    </p>
   </div>
   <div class='ocr_carea' id='block_1_60' title="bbox 1474 446 2528 514">
    <p class='ocr_par' dir='ltr' id='par_1_60' title="bbox 1474 446 2528 514">
     <span class='ocr_line' id='line_1_60' title="bbox 1474 446 2528 514; baseline 0.012 -13"><span class='ocrx_word' id='word_1_462' title='bbox 1474 446 1835 506; x_wconf 78' lang='lat' dir='ltr'><strong>EXPOSITIO</strong></span> <span class='ocrx_word' id='word_1_463' title='bbox 1873 448 1940 506; x_wconf 78' lang='lat' dir='ltr'><strong>IN</strong></span> <span class='ocrx_word' id='word_1_464' title='bbox 1979 450 2301 512; x_wconf 70' lang='grc' dir='ltr'><strong>ΡεΑωιυΜ</strong></span> <span class='ocrx_word' id='word_1_465' title='bbox 2339 457 2528 514; x_wconf 76' lang='lat' dir='ltr'><strong>CXXI.</strong></span> 
     </span>
    </p>
   </div>
   <div class='ocr_carea' id='block_1_61' title="bbox 3548 470 3655 526">
    <p class='ocr_par' dir='ltr' id='par_1_61' title="bbox 3548 470 3655 526">
     <span class='ocr_line' id='line_1_61' title="bbox 3548 470 3655 526; baseline 0.019 -2"><span class='ocrx_word' id='word_1_466' title='bbox 3548 470 3655 526; x_wconf 59' lang='grc' dir='ltr'><strong>ω)</strong></span> 
     </span>
    </p>
   </div>
   <div class='ocr_carea' id='block_1_62' title="bbox 2074 565 3647 648">
    <p class='ocr_par' dir='ltr' id='par_1_62' title="bbox 2074 565 3647 648">
     <span class='ocr_line' id='line_1_62' title="bbox 2074 565 3647 648; baseline 0.012 -29"><span class='ocrx_word' id='word_1_467' title='bbox 2074 565 2140 620; x_wconf 86' lang='lat' dir='ltr'><strong>Et</strong></span> <span class='ocrx_word' id='word_1_468' title='bbox 2161 568 2475 625; x_wconf 82' lang='lat' dir='ltr'><strong>abundantia</strong></span> <span class='ocrx_word' id='word_1_469' title='bbox 2502 573 2823 643; x_wconf 84' lang='lat' dir='ltr'><strong>diligentibus</strong></span> <span class='ocrx_word' id='word_1_470' title='bbox 2851 584 2915 630; x_wconf 85' lang='lat' dir='ltr'><strong>te.</strong></span> <span class='ocrx_word' id='word_1_471' title='bbox 2941 577 3089 632; x_wconf 82' lang='lat' dir='ltr'><strong>Alius</strong></span> <span class='ocrx_word' id='word_1_472' title='bbox 3112 619 3128 644; x_wconf 92' lang='lat'><strong>,</strong></span> <span class='ocrx_word' id='word_1_473' title='bbox 3151 580 3431 645; x_wconf 71' lang='lat' dir='ltr'><strong>Quiescent.</strong></span> <span class='ocrx_word' id='word_1_474' title='bbox 3462 582 3611 638; x_wconf 77' lang='lat' dir='ltr'><strong>Alius</strong></span> <span class='ocrx_word' id='word_1_475' title='bbox 3630 625 3647 648; x_wconf 92' lang='lat'><strong>,</strong></span> 
     </span>
    </p>
   </div>
   <div class='ocr_carea' id='block_1_63' title="bbox 2066 655 3645 743">
    <p class='ocr_par' dir='ltr' id='par_1_63' title="bbox 2066 655 3645 743">
     <span class='ocr_line' id='line_1_63' title="bbox 2066 655 3645 743; baseline 0.012 -34"><span class='ocrx_word' id='word_1_476' title='bbox 2066 655 2320 726; x_wconf 86' lang='lat' dir='ltr'><strong>Prospere</strong></span> <span class='ocrx_word' id='word_1_477' title='bbox 2358 673 2512 731; x_wconf 89' lang='lat' dir='ltr'><strong>agant</strong></span> <span class='ocrx_word' id='word_1_478' title='bbox 2553 665 2640 734; x_wconf 79' lang='lat' dir='ltr'><strong>qui</strong></span> <span class='ocrx_word' id='word_1_479' title='bbox 2674 674 2720 718; x_wconf 87' lang='lat' dir='ltr'><strong>te</strong></span> <span class='ocrx_word' id='word_1_480' title='bbox 2749 665 2983 737; x_wconf 82' lang='lat' dir='ltr'><strong>diligant.</strong></span> <span class='ocrx_word' id='word_1_481' title='bbox 3015 668 3112 724; x_wconf 89' lang='lat' dir='ltr'><strong>Hic</strong></span> <span class='ocrx_word' id='word_1_482' title='bbox 3149 679 3232 725; x_wconf 91' lang='lat' dir='ltr'><strong>est</strong></span> <span class='ocrx_word' id='word_1_483' title='bbox 3261 686 3449 742; x_wconf 77' lang='lat' dir='ltr'><strong>magna</strong></span> <span class='ocrx_word' id='word_1_484' title='bbox 3495 677 3645 743; x_wconf 81' lang='lat' dir='ltr'><strong>capia</strong></span> 
     </span>
    </p>
   </div>
   <div class='ocr_carea' id='block_1_64' title="bbox 2067 751 3647 822">
    <p class='ocr_par' dir='ltr' id='par_1_64' title="bbox 2067 751 3647 822">
     <span class='ocr_line' id='line_1_64' title="bbox 2067 751 3647 822; baseline 0.011 -23"><span class='ocrx_word' id='word_1_485' title='bbox 2067 751 2461 817; x_wconf 87' lang='lat' dir='ltr'><strong>prosperitatis,</strong></span> <span class='ocrx_word' id='word_1_486' title='bbox 2494 754 2704 822; x_wconf 87' lang='lat' dir='ltr'><strong>quando</strong></span> <span class='ocrx_word' id='word_1_487' title='bbox 2747 771 2851 810; x_wconf 92' lang='lat' dir='ltr'><strong>non</strong></span> <span class='ocrx_word' id='word_1_488' title='bbox 2898 758 2948 811; x_wconf 93' lang='lat' dir='ltr'><strong>in</strong></span> <span class='ocrx_word' id='word_1_489' title='bbox 2991 774 3053 813; x_wconf 87' lang='lat' dir='ltr'><strong>ea</strong></span> <span class='ocrx_word' id='word_1_490' title='bbox 3087 760 3260 814; x_wconf 90' lang='lat' dir='ltr'><strong>solum</strong></span> <span class='ocrx_word' id='word_1_491' title='bbox 3297 761 3435 816; x_wconf 86' lang='lat' dir='ltr'><strong>bona</strong></span> <span class='ocrx_word' id='word_1_492' title='bbox 3468 766 3647 819; x_wconf 84' lang='lat' dir='ltr'><strong>consi-</strong></span> 
     </span>
    </p>
   </div>
   <div class='ocr_carea' id='block_1_65' title="bbox 2064 841 3645 926">
    <p class='ocr_par' dir='ltr' id='par_1_65' title="bbox 2064 841 3645 926">
     <span class='ocr_line' id='line_1_65' title="bbox 2064 841 3645 926; baseline 0.012 -35"><span class='ocrx_word' id='word_1_493' title='bbox 2064 847 2232 905; x_wconf 89' lang='lat' dir='ltr'><strong>stunt,</strong></span> <span class='ocrx_word' id='word_1_494' title='bbox 2263 841 2357 896; x_wconf 91' lang='lat' dir='ltr'><strong>sed</strong></span> <span class='ocrx_word' id='word_1_495' title='bbox 2383 844 2541 898; x_wconf 90' lang='lat' dir='ltr'><strong>etiam</strong></span> <span class='ocrx_word' id='word_1_496' title='bbox 2568 846 2656 914; x_wconf 87' lang='lat' dir='ltr'><strong>qui</strong></span> <span class='ocrx_word' id='word_1_497' title='bbox 2684 862 2800 901; x_wconf 89' lang='lat' dir='ltr'><strong>eam</strong></span> <span class='ocrx_word' id='word_1_498' title='bbox 2826 848 3052 919; x_wconf 87' lang='lat' dir='ltr'><strong>diligunt</strong></span> <span class='ocrx_word' id='word_1_499' title='bbox 3090 851 3154 907; x_wconf 90' lang='lat' dir='ltr'><strong>iis</strong></span> <span class='ocrx_word' id='word_1_500' title='bbox 3188 852 3435 909; x_wconf 88' lang='lat' dir='ltr'><strong>fruuntur</strong></span> <span class='ocrx_word' id='word_1_501' title='bbox 3463 871 3476 909; x_wconf 89' lang='lat'><strong>:</strong></span> <span class='ocrx_word' id='word_1_502' title='bbox 3505 857 3645 926; x_wconf 78' lang='lat' dir='ltr'><strong>quod</strong></span> 
     </span>
    </p>
   </div>
   <div class='ocr_carea' id='block_1_66' title="bbox 2063 932 3643 1014">
    <p class='ocr_par' dir='ltr' id='par_1_66' title="bbox 2063 932 3643 1014">
     <span class='ocr_line' id='line_1_66' title="bbox 2063 932 3643 1014; baseline 0.011 -31"><span class='ocrx_word' id='word_1_503' title='bbox 2063 932 2275 999; x_wconf 90' lang='lat' dir='ltr'><strong>quidem</strong></span> <span class='ocrx_word' id='word_1_504' title='bbox 2333 934 2388 988; x_wconf 91' lang='lat' dir='ltr'><strong>in</strong></span> <span class='ocrx_word' id='word_1_505' title='bbox 2444 936 2705 1005; x_wconf 85' lang='lat' dir='ltr'><strong>prioribus</strong></span> <span class='ocrx_word' id='word_1_506' title='bbox 2748 940 3072 1009; x_wconf 86' lang='lat' dir='ltr'><strong>temporibus</strong></span> <span class='ocrx_word' id='word_1_507' title='bbox 3113 957 3267 998; x_wconf 90' lang='lat' dir='ltr'><strong>secus</strong></span> <span class='ocrx_word' id='word_1_508' title='bbox 3323 944 3500 1000; x_wconf 87' lang='lat' dir='ltr'><strong>fiebat.</strong></span> <span class='ocrx_word' id='word_1_509' title='bbox 3542 946 3643 1014; x_wconf 87' lang='lat' dir='ltr'><strong>Qui</strong></span> 
     </span>
    </p>
   </div>
   <div class='ocr_carea' id='block_1_67' title="bbox 2062 1023 3640 1105">
    <p class='ocr_par' dir='ltr' id='par_1_67' title="bbox 2062 1023 3640 1105">
     <span class='ocr_line' id='line_1_67' title="bbox 2062 1023 3640 1105; baseline 0.011 -31"><span class='ocrx_word' id='word_1_510' title='bbox 2062 1034 2179 1076; x_wconf 86' lang='lat' dir='ltr'><strong>eam</strong></span> <span class='ocrx_word' id='word_1_511' title='bbox 2203 1023 2345 1078; x_wconf 88' lang='lat' dir='ltr'><strong>enim</strong></span> <span class='ocrx_word' id='word_1_512' title='bbox 2366 1025 2492 1080; x_wconf 88' lang='lat' dir='ltr'><strong>odio</strong></span> <span class='ocrx_word' id='word_1_513' title='bbox 2515 1025 2802 1094; x_wconf 88' lang='lat' dir='ltr'><strong>habebant,</strong></span> <span class='ocrx_word' id='word_1_514' title='bbox 2821 1041 2873 1085; x_wconf 90' lang='lat' dir='ltr'><strong>et</strong></span> <span class='ocrx_word' id='word_1_515' title='bbox 2890 1033 3277 1102; x_wconf 80' lang='lat' dir='ltr'><strong>oppugnabant,</strong></span> <span class='ocrx_word' id='word_1_516' title='bbox 3298 1034 3332 1089; x_wconf 90' lang='lat' dir='ltr'><strong>ii</strong></span> <span class='ocrx_word' id='word_1_517' title='bbox 3355 1035 3640 1105; x_wconf 86' lang='lat' dir='ltr'><strong>plurimum</strong></span> 
     </span>
    </p>
   </div>
   <div class='ocr_carea' id='block_1_68' title="bbox 2061 1119 3642 1189">
    <p class='ocr_par' dir='ltr' id='par_1_68' title="bbox 2061 1119 3642 1189">
     <span class='ocr_line' id='line_1_68' title="bbox 2061 1119 3642 1189; baseline 0.011 -24"><span class='ocrx_word' id='word_1_518' title='bbox 2061 1122 2327 1181; x_wconf 86' lang='lat' dir='ltr'><strong>poterant,</strong></span> <span class='ocrx_word' id='word_1_519' title='bbox 2356 1125 2411 1170; x_wconf 92' lang='lat' dir='ltr'><strong>et</strong></span> <span class='ocrx_word' id='word_1_520' title='bbox 2460 1126 2612 1171; x_wconf 91' lang='lat' dir='ltr'><strong>erant</strong></span> <span class='ocrx_word' id='word_1_521' title='bbox 2650 1119 2768 1174; x_wconf 88' lang='lat' dir='ltr'><strong>aliis</strong></span> <span class='ocrx_word' id='word_1_522' title='bbox 2808 1122 3084 1189; x_wconf 91' lang='lat' dir='ltr'><strong>clariores,</strong></span> <span class='ocrx_word' id='word_1_523' title='bbox 3125 1132 3180 1178; x_wconf 89' lang='lat' dir='ltr'><strong>et</strong></span> <span class='ocrx_word' id='word_1_524' title='bbox 3221 1140 3343 1179; x_wconf 90' lang='lat' dir='ltr'><strong>cum</strong></span> <span class='ocrx_word' id='word_1_525' title='bbox 3392 1126 3642 1184; x_wconf 83' lang='lat' dir='ltr'><strong>facilitate</strong></span> 
     </span>
    </p>
   </div>
   <div class='ocr_carea' id='block_1_69' title="bbox 2060 1206 3640 1285">
    <p class='ocr_par' dir='ltr' id='par_1_69' title="bbox 2060 1206 3640 1285">
     <span class='ocr_line' id='line_1_69' title="bbox 2060 1206 3640 1285; baseline 0.009 -29"><span class='ocrx_word' id='word_1_526' title='bbox 2060 1210 2257 1273; x_wconf 64' lang='lat' dir='ltr'><strong>tropica</strong></span> <span class='ocrx_word' id='word_1_527' title='bbox 2282 1206 2575 1277; x_wconf 86' lang='lat' dir='ltr'><strong>erigebant.</strong></span> <span class='ocrx_word' id='word_1_528' title='bbox 2608 1210 2679 1263; x_wconf 85' lang='lat' dir='ltr'><strong>At</strong></span> <span class='ocrx_word' id='word_1_529' title='bbox 2715 1226 2855 1265; x_wconf 90' lang='lat' dir='ltr'><strong>nunc</strong></span> <span class='ocrx_word' id='word_1_530' title='bbox 2891 1212 2927 1266; x_wconf 89' lang='lat' dir='ltr'><strong>ti</strong></span> <span class='ocrx_word' id='word_1_531' title='bbox 2953 1212 3042 1284; x_wconf 91' lang='lat' dir='ltr'><strong>qui</strong></span> <span class='ocrx_word' id='word_1_532' title='bbox 3072 1222 3122 1268; x_wconf 91' lang='lat' dir='ltr'><strong>te</strong></span> <span class='ocrx_word' id='word_1_533' title='bbox 3154 1213 3407 1285; x_wconf 90' lang='lat' dir='ltr'><strong>diligunt,</strong></span> <span class='ocrx_word' id='word_1_534' title='bbox 3442 1216 3494 1270; x_wconf 91' lang='lat' dir='ltr'><strong>in</strong></span> <span class='ocrx_word' id='word_1_535' title='bbox 3522 1232 3640 1271; x_wconf 87' lang='lat' dir='ltr'><strong>ma-</strong></span> 
     </span>
    </p>
   </div>
   <div class='ocr_carea' id='block_1_70' title="bbox 2054 1299 3637 1375">
    <p class='ocr_par' dir='ltr' id='par_1_70' title="bbox 2054 1299 3637 1375">
     <span class='ocr_line' id='line_1_70' title="bbox 2054 1299 3637 1375; baseline 0.009 -28"><span class='ocrx_word' id='word_1_536' title='bbox 2054 1308 2157 1364; x_wconf 82' lang='lat' dir='ltr'><strong>gna</strong></span> <span class='ocrx_word' id='word_1_537' title='bbox 2181 1299 2654 1356; x_wconf 88' lang='lat' dir='ltr'><strong>eruntsecuritate.</strong></span> <span class='ocrx_word' id='word_1_538' title='bbox 2678 1300 2777 1367; x_wconf 86' lang='lat' dir='ltr'><strong>Qui</strong></span> <span class='ocrx_word' id='word_1_539' title='bbox 2810 1312 3004 1369; x_wconf 89' lang='lat' dir='ltr'><strong>tecum,</strong></span> <span class='ocrx_word' id='word_1_540' title='bbox 3035 1304 3425 1375; x_wconf 88' lang='lat' dir='ltr'><strong>inquit,iisdem</strong></span> <span class='ocrx_word' id='word_1_541' title='bbox 3449 1316 3637 1364; x_wconf 80' lang='lat' dir='ltr'><strong>tenen-</strong></span> 
     </span>
    </p>
   </div>
   <div class='ocr_carea' id='block_1_71' title="bbox 2057 1390 3635 1467">
    <p class='ocr_par' dir='ltr' id='par_1_71' title="bbox 2057 1390 3635 1467">
     <span class='ocr_line' id='line_1_71' title="bbox 2057 1390 3635 1467; baseline 0.01 -28"><span class='ocrx_word' id='word_1_542' title='bbox 2057 1395 2142 1440; x_wconf 92' lang='lat' dir='ltr'><strong>tur</strong></span> <span class='ocrx_word' id='word_1_543' title='bbox 2170 1390 2531 1446; x_wconf 90' lang='lat' dir='ltr'><strong>munimentis.</strong></span> <span class='ocrx_word' id='word_1_544' title='bbox 2564 1393 2668 1448; x_wconf 88' lang='lat' dir='ltr'><strong>Eos</strong></span> <span class='ocrx_word' id='word_1_545' title='bbox 2695 1404 2873 1449; x_wconf 88' lang='lat' dir='ltr'><strong>autem</strong></span> <span class='ocrx_word' id='word_1_546' title='bbox 2901 1395 3133 1467; x_wconf 89' lang='lat' dir='ltr'><strong>dicitqui</strong></span> <span class='ocrx_word' id='word_1_547' title='bbox 3160 1399 3240 1453; x_wconf 88' lang='lat' dir='ltr'><strong>vel</strong></span> <span class='ocrx_word' id='word_1_548' title='bbox 3271 1408 3422 1453; x_wconf 88' lang='lat' dir='ltr'><strong>erant</strong></span> <span class='ocrx_word' id='word_1_549' title='bbox 3450 1414 3635 1455; x_wconf 87' lang='lat' dir='ltr'><strong>eorum</strong></span> 
     </span>
    </p>
   </div>
   <div class='ocr_carea' id='block_1_72' title="bbox 2053 1476 3635 1560">
    <p class='ocr_par' dir='ltr' id='par_1_72' title="bbox 2053 1476 3635 1560">
     <span class='ocr_line' id='line_1_72' title="bbox 2053 1476 3635 1560; baseline 0.009 -29"><span class='ocrx_word' id='word_1_550' title='bbox 2053 1476 2245 1533; x_wconf 86' lang='lat' dir='ltr'><strong>fauturi</strong></span> <span class='ocrx_word' id='word_1_551' title='bbox 2269 1482 2525 1549; x_wconf 89' lang='lat' dir='ltr'><strong>partibus,</strong></span> <span class='ocrx_word' id='word_1_552' title='bbox 2560 1484 2640 1539; x_wconf 92' lang='lat' dir='ltr'><strong>vel</strong></span> <span class='ocrx_word' id='word_1_553' title='bbox 2676 1486 2835 1540; x_wconf 92' lang='lat' dir='ltr'><strong>etiam</strong></span> <span class='ocrx_word' id='word_1_554' title='bbox 2866 1486 3007 1556; x_wconf 91' lang='lat' dir='ltr'><strong>ipsos</strong></span> <span class='ocrx_word' id='word_1_555' title='bbox 3036 1488 3198 1544; x_wconf 89' lang='lat' dir='ltr'><strong>cives.</strong></span> <span class='ocrx_word' id='word_1_556' title='bbox 3230 1490 3281 1543; x_wconf 91' lang='lat'><strong>7.</strong></span> <span class='ocrx_word' id='word_1_557' title='bbox 3313 1489 3433 1544; x_wconf 83' lang='lat' dir='ltr'><strong>Fiat</strong></span> <span class='ocrx_word' id='word_1_558' title='bbox 3457 1507 3559 1560; x_wconf 71' lang='lat' dir='ltr'><strong>pax</strong></span> <span class='ocrx_word' id='word_1_559' title='bbox 3582 1490 3635 1544; x_wconf 91' lang='lat' dir='ltr'><strong>in</strong></span> 
     </span>
    </p>
   </div>
   <div class='ocr_carea' id='block_1_73' title="bbox 2051 1570 3630 1654">
    <p class='ocr_par' dir='ltr' id='par_1_73' title="bbox 2051 1570 3630 1654">
     <span class='ocr_line' id='line_1_73' title="bbox 2051 1570 3630 1654; baseline 0.009 -31"><span class='ocrx_word' id='word_1_560' title='bbox 2051 1570 2233 1625; x_wconf 79' lang='lat' dir='ltr'><strong>virtute</strong></span> <span class='ocrx_word' id='word_1_561' title='bbox 2259 1582 2364 1626; x_wconf 84' lang='lat' dir='ltr'><strong>tua.</strong></span> <span class='ocrx_word' id='word_1_562' title='bbox 2394 1574 2543 1628; x_wconf 81' lang='lat' dir='ltr'><strong>Alius</strong></span> <span class='ocrx_word' id='word_1_563' title='bbox 2570 1576 2715 1642; x_wconf 90' lang='lat' dir='ltr'><strong>dicit,</strong></span> <span class='ocrx_word' id='word_1_564' title='bbox 2739 1575 2805 1631; x_wconf 82' lang='lat' dir='ltr'><strong>In</strong></span> <span class='ocrx_word' id='word_1_565' title='bbox 2825 1582 3207 1651; x_wconf 84' lang='lat' dir='ltr'><strong>propugnaculo</strong></span> <span class='ocrx_word' id='word_1_566' title='bbox 3236 1591 3321 1635; x_wconf 90' lang='lat' dir='ltr'><strong>tuo</strong></span> <span class='ocrx_word' id='word_1_567' title='bbox 3341 1582 3437 1654; x_wconf 90' lang='lat' dir='ltr'><strong>(a).</strong></span> <span class='ocrx_word' id='word_1_568' title='bbox 3460 1584 3630 1649; x_wconf 80' lang='lat' dir='ltr'><strong>Alius,</strong></span> 
     </span>
    </p>
   </div>
   <div class='ocr_carea' id='block_1_74' title="bbox 2049 1656 3631 1733">
    <p class='ocr_par' dir='ltr' id='par_1_74' title="bbox 2049 1656 3631 1733">
     <span class='ocr_line' id='line_1_74' title="bbox 2049 1656 3631 1733; baseline 0.009 -20"><span class='ocrx_word' id='word_1_569' title='bbox 2049 1656 2118 1714; x_wconf 82' lang='lat' dir='ltr'><strong>In</strong></span> <span class='ocrx_word' id='word_1_570' title='bbox 2142 1664 2333 1715; x_wconf 83' lang='lat' dir='ltr'><strong>ambitu</strong></span> <span class='ocrx_word' id='word_1_571' title='bbox 2363 1673 2467 1718; x_wconf 86' lang='lat' dir='ltr'><strong>tuo.</strong></span> <span class='ocrx_word' id='word_1_572' title='bbox 2496 1665 2632 1733; x_wconf 90' lang='lat' dir='ltr'><strong>Quid</strong></span> <span class='ocrx_word' id='word_1_573' title='bbox 2662 1678 2743 1720; x_wconf 91' lang='lat' dir='ltr'><strong>est</strong></span> <span class='ocrx_word' id='word_1_574' title='bbox 2762 1709 2777 1731; x_wconf 92' lang='lat'><strong>,</strong></span> <span class='ocrx_word' id='word_1_575' title='bbox 2803 1667 2868 1721; x_wconf 83' lang='lat' dir='ltr'><strong>In</strong></span> <span class='ocrx_word' id='word_1_576' title='bbox 2888 1671 3068 1724; x_wconf 85' lang='lat' dir='ltr'><strong>virtute</strong></span> <span class='ocrx_word' id='word_1_577' title='bbox 3091 1674 3217 1726; x_wconf 85' lang='lat' dir='ltr'><strong>tua?</strong></span> <span class='ocrx_word' id='word_1_578' title='bbox 3244 1671 3300 1727; x_wconf 87' lang='lat' dir='ltr'><strong>lu</strong></span> <span class='ocrx_word' id='word_1_579' title='bbox 3338 1674 3631 1728; x_wconf 84' lang='lat' dir='ltr'><strong>substantia</strong></span> 
     </span>
    </p>
   </div>
   <div class='ocr_carea' id='block_1_75' title="bbox 2050 1750 3631 1831">
    <p class='ocr_par' dir='ltr' id='par_1_75' title="bbox 2050 1750 3631 1831">
     <span class='ocr_line' id='line_1_75' title="bbox 2050 1750 3631 1831; baseline 0.009 -28"><span class='ocrx_word' id='word_1_580' title='bbox 2050 1757 2157 1817; x_wconf 87' lang='lat' dir='ltr'><strong>tua,</strong></span> <span class='ocrx_word' id='word_1_581' title='bbox 2184 1750 2239 1805; x_wconf 92' lang='lat' dir='ltr'><strong>in</strong></span> <span class='ocrx_word' id='word_1_582' title='bbox 2260 1753 2325 1807; x_wconf 92' lang='lat' dir='ltr'><strong>iis</strong></span> <span class='ocrx_word' id='word_1_583' title='bbox 2350 1755 2439 1824; x_wconf 90' lang='lat' dir='ltr'><strong>qui</strong></span> <span class='ocrx_word' id='word_1_584' title='bbox 2469 1756 2518 1809; x_wconf 92' lang='lat' dir='ltr'><strong>in</strong></span> <span class='ocrx_word' id='word_1_585' title='bbox 2540 1764 2591 1810; x_wconf 88' lang='lat' dir='ltr'><strong>te</strong></span> <span class='ocrx_word' id='word_1_586' title='bbox 2616 1755 2875 1821; x_wconf 85' lang='lat' dir='ltr'><strong>habitant,</strong></span> <span class='ocrx_word' id='word_1_587' title='bbox 2904 1758 2957 1813; x_wconf 91' lang='lat' dir='ltr'><strong>in</strong></span> <span class='ocrx_word' id='word_1_588' title='bbox 2982 1767 3330 1831; x_wconf 64' lang='lat' dir='ltr'><strong>prostieritate</strong></span> <span class='ocrx_word' id='word_1_589' title='bbox 3358 1775 3465 1819; x_wconf 89' lang='lat' dir='ltr'><strong>tua.</strong></span> <span class='ocrx_word' id='word_1_590' title='bbox 3488 1766 3631 1829; x_wconf 75' lang='lat' dir='ltr'><strong>Qun-</strong></span> 
     </span>
    </p>
   </div>
   <div class='ocr_carea' id='block_1_76' title="bbox 2046 1842 3625 1927">
    <p class='ocr_par' dir='ltr' id='par_1_76' title="bbox 2046 1842 3625 1927">
     <span class='ocr_line' id='line_1_76' title="bbox 2046 1842 3625 1927; baseline 0.011 -31"><span class='ocrx_word' id='word_1_591' title='bbox 2046 1842 2189 1896; x_wconf 89' lang='lat' dir='ltr'><strong>niam</strong></span> <span class='ocrx_word' id='word_1_592' title='bbox 2219 1844 2360 1898; x_wconf 90' lang='lat' dir='ltr'><strong>enim</strong></span> <span class='ocrx_word' id='word_1_593' title='bbox 2391 1845 2586 1902; x_wconf 91' lang='lat' dir='ltr'><strong>bellum</strong></span> <span class='ocrx_word' id='word_1_594' title='bbox 2617 1862 2702 1903; x_wconf 89' lang='lat' dir='ltr'><strong>res</strong></span> <span class='ocrx_word' id='word_1_595' title='bbox 2727 1858 2810 1904; x_wconf 91' lang='lat' dir='ltr'><strong>est</strong></span> <span class='ocrx_word' id='word_1_596' title='bbox 2829 1850 3088 1916; x_wconf 69' lang='lat' dir='ltr'><strong>exitiosa,</strong></span> <span class='ocrx_word' id='word_1_597' title='bbox 3121 1853 3279 1924; x_wconf 90' lang='lat' dir='ltr'><strong>idque</strong></span> <span class='ocrx_word' id='word_1_598' title='bbox 3302 1870 3419 1910; x_wconf 87' lang='lat' dir='ltr'><strong>eam</strong></span> <span class='ocrx_word' id='word_1_599' title='bbox 3447 1859 3625 1927; x_wconf 77' lang='lat' dir='ltr'><strong>pcrdi-</strong></span> 
     </span>
    </p>
   </div>
   <div class='ocr_carea' id='block_1_77' title="bbox 2045 1931 3622 2006">
    <p class='ocr_par' dir='ltr' id='par_1_77' title="bbox 2045 1931 3622 2006">
     <span class='ocr_line' id='line_1_77' title="bbox 2045 1931 3622 2006; baseline 0.008 -19"><span class='ocrx_word' id='word_1_600' title='bbox 2045 1931 2143 1998; x_wconf 85' lang='lat' dir='ltr'><strong>dit,</strong></span> <span class='ocrx_word' id='word_1_601' title='bbox 2173 1934 2221 1989; x_wconf 88' lang='lat' dir='ltr'><strong>ei</strong></span> <span class='ocrx_word' id='word_1_602' title='bbox 2246 1950 2431 2005; x_wconf 86' lang='lat' dir='ltr'><strong>pacem</strong></span> <span class='ocrx_word' id='word_1_603' title='bbox 2458 1947 2722 2006; x_wconf 86' lang='lat' dir='ltr'><strong>precatur.</strong></span> <span class='ocrx_word' id='word_1_604' title='bbox 2740 1936 2811 1992; x_wconf 89' lang='lat' dir='ltr'><strong>Et</strong></span> <span class='ocrx_word' id='word_1_605' title='bbox 2837 1941 3149 1996; x_wconf 81' lang='lat' dir='ltr'><strong>abundantia</strong></span> <span class='ocrx_word' id='word_1_606' title='bbox 3177 1944 3232 1997; x_wconf 88' lang='lat' dir='ltr'><strong>in</strong></span> <span class='ocrx_word' id='word_1_607' title='bbox 3259 1946 3478 1999; x_wconf 85' lang='lat' dir='ltr'><strong>turribus</strong></span> <span class='ocrx_word' id='word_1_608' title='bbox 3507 1948 3622 2002; x_wconf 78' lang='lat' dir='ltr'><strong>tuis.</strong></span> 
     </span>
    </p>
   </div>
   <div class='ocr_carea' id='block_1_78' title="bbox 2043 2022 3622 2103">
    <p class='ocr_par' dir='ltr' id='par_1_78' title="bbox 2043 2022 3622 2103">
     <span class='ocr_line' id='line_1_78' title="bbox 2043 2022 3622 2103; baseline 0.008 -25"><span class='ocrx_word' id='word_1_609' title='bbox 2043 2022 2193 2079; x_wconf 82' lang='lat' dir='ltr'><strong>Alius</strong></span> <span class='ocrx_word' id='word_1_610' title='bbox 2235 2025 2380 2092; x_wconf 90' lang='lat' dir='ltr'><strong>dicit,</strong></span> <span class='ocrx_word' id='word_1_611' title='bbox 2408 2026 2473 2080; x_wconf 86' lang='lat' dir='ltr'><strong>In</strong></span> <span class='ocrx_word' id='word_1_612' title='bbox 2493 2029 2644 2099; x_wconf 89' lang='lat' dir='ltr'><strong>regiis</strong></span> <span class='ocrx_word' id='word_1_613' title='bbox 2664 2032 2761 2085; x_wconf 84' lang='lat' dir='ltr'><strong>tuis</strong></span> <span class='ocrx_word' id='word_1_614' title='bbox 2792 2030 2885 2101; x_wconf 91' lang='lat' dir='ltr'><strong>(b).</strong></span> <span class='ocrx_word' id='word_1_615' title='bbox 2912 2033 3086 2099; x_wconf 79' lang='lat' dir='ltr'><strong>Alius,</strong></span> <span class='ocrx_word' id='word_1_616' title='bbox 3114 2037 3437 2090; x_wconf 84' lang='lat' dir='ltr'><strong>Jucunditas.</strong></span> <span class='ocrx_word' id='word_1_617' title='bbox 3458 2040 3622 2103; x_wconf 84' lang='lat' dir='ltr'><strong>Alius,</strong></span> 
     </span>
    </p>
   </div>
   <div class='ocr_carea' id='block_1_79' title="bbox 2047 2112 3626 2193">
    <p class='ocr_par' dir='ltr' id='par_1_79' title="bbox 2047 2112 3626 2193">
     <span class='ocr_line' id='line_1_79' title="bbox 2047 2112 3626 2193; baseline 0.011 -26"><span class='ocrx_word' id='word_1_618' title='bbox 2047 2112 2218 2179; x_wconf 80' lang='lat' dir='ltr'><strong>Quies.</strong></span> <span class='ocrx_word' id='word_1_619' title='bbox 2253 2117 2368 2172; x_wconf 86' lang='lat' dir='ltr'><strong>Non</strong></span> <span class='ocrx_word' id='word_1_620' title='bbox 2406 2120 2579 2174; x_wconf 90' lang='lat' dir='ltr'><strong>solum</strong></span> <span class='ocrx_word' id='word_1_621' title='bbox 2613 2121 2755 2176; x_wconf 90' lang='lat' dir='ltr'><strong>enim</strong></span> <span class='ocrx_word' id='word_1_622' title='bbox 2789 2123 3028 2193; x_wconf 69' lang='lat' dir='ltr'><strong>praedicit</strong></span> <span class='ocrx_word' id='word_1_623' title='bbox 3054 2126 3282 2183; x_wconf 85' lang='lat' dir='ltr'><strong>futuram</strong></span> <span class='ocrx_word' id='word_1_624' title='bbox 3309 2144 3340 2183; x_wconf 90' lang='lat' dir='ltr'><strong>a</strong></span> <span class='ocrx_word' id='word_1_625' title='bbox 3380 2130 3531 2184; x_wconf 89' lang='lat' dir='ltr'><strong>malis</strong></span> <span class='ocrx_word' id='word_1_626' title='bbox 3560 2130 3626 2184; x_wconf 86' lang='lat' dir='ltr'><strong>li-</strong></span> 
     </span>
    </p>
   </div>
   <div class='ocr_carea' id='block_1_80' title="bbox 2040 2203 3626 2278">
    <p class='ocr_par' dir='ltr' id='par_1_80' title="bbox 2040 2203 3626 2278">
     <span class='ocr_line' id='line_1_80' title="bbox 2040 2203 3626 2278; baseline 0.011 -19"><span class='ocrx_word' id='word_1_627' title='bbox 2040 2203 2371 2264; x_wconf 86' lang='lat' dir='ltr'><strong>berationent</strong></span> <span class='ocrx_word' id='word_1_628' title='bbox 2392 2251 2408 2278; x_wconf 90' lang='lat'><strong>,</strong></span> <span class='ocrx_word' id='word_1_629' title='bbox 2446 2211 2538 2265; x_wconf 87' lang='lat' dir='ltr'><strong>sed</strong></span> <span class='ocrx_word' id='word_1_630' title='bbox 2568 2213 2727 2267; x_wconf 90' lang='lat' dir='ltr'><strong>etiam</strong></span> <span class='ocrx_word' id='word_1_631' title='bbox 2759 2214 3222 2271; x_wconf 88' lang='lat' dir='ltr'><strong>innumerabilium</strong></span> <span class='ocrx_word' id='word_1_632' title='bbox 3253 2218 3510 2275; x_wconf 87' lang='lat' dir='ltr'><strong>bonorum</strong></span> <span class='ocrx_word' id='word_1_633' title='bbox 3537 2236 3626 2276; x_wconf 84' lang='lat' dir='ltr'><strong>ac-</strong></span> 
     </span>
    </p>
   </div>
   <div class='ocr_carea' id='block_1_81' title="bbox 2040 2298 3621 2378">
    <p class='ocr_par' dir='ltr' id='par_1_81' title="bbox 2040 2298 3621 2378">
     <span class='ocr_line' id='line_1_81' title="bbox 2040 2298 3621 2378; baseline 0.01 -27"><span class='ocrx_word' id='word_1_634' title='bbox 2040 2298 2367 2367; x_wconf 87' lang='lat' dir='ltr'><strong>cessionem,</strong></span> <span class='ocrx_word' id='word_1_635' title='bbox 2405 2316 2585 2370; x_wconf 86' lang='lat' dir='ltr'><strong>pacem</strong></span> <span class='ocrx_word' id='word_1_636' title='bbox 2611 2343 2627 2369; x_wconf 92' lang='lat'><strong>,</strong></span> <span class='ocrx_word' id='word_1_637' title='bbox 2658 2304 3059 2374; x_wconf 88' lang='lat' dir='ltr'><strong>abundantiam,</strong></span> <span class='ocrx_word' id='word_1_638' title='bbox 3108 2307 3453 2365; x_wconf 85' lang='lat' dir='ltr'><strong>fertilitatem.</strong></span> <span class='ocrx_word' id='word_1_639' title='bbox 3484 2311 3621 2378; x_wconf 87' lang='lat' dir='ltr'><strong>Quid</strong></span> 
     </span>
    </p>
   </div>
   <div class='ocr_carea' id='block_1_82' title="bbox 2040 2388 3622 2468">
    <p class='ocr_par' dir='ltr' id='par_1_82' title="bbox 2040 2388 3622 2468">
     <span class='ocr_line' id='line_1_82' title="bbox 2040 2388 3622 2468; baseline 0.009 -25"><span class='ocrx_word' id='word_1_640' title='bbox 2040 2389 2180 2443; x_wconf 91' lang='lat' dir='ltr'><strong>enim</strong></span> <span class='ocrx_word' id='word_1_641' title='bbox 2204 2388 2353 2459; x_wconf 86' lang='lat' dir='ltr'><strong>juvat</strong></span> <span class='ocrx_word' id='word_1_642' title='bbox 2389 2407 2487 2461; x_wconf 88' lang='lat' dir='ltr'><strong>pax</strong></span> <span class='ocrx_word' id='word_1_643' title='bbox 2508 2435 2521 2454; x_wconf 90' lang='lat'><strong>,</strong></span> <span class='ocrx_word' id='word_1_644' title='bbox 2547 2395 2758 2464; x_wconf 87' lang='lat' dir='ltr'><strong>quando</strong></span> <span class='ocrx_word' id='word_1_645' title='bbox 2787 2397 2838 2449; x_wconf 91' lang='lat' dir='ltr'><strong>in</strong></span> <span class='ocrx_word' id='word_1_646' title='bbox 2864 2406 3195 2468; x_wconf 85' lang='lat' dir='ltr'><strong>paupertate,</strong></span> <span class='ocrx_word' id='word_1_647' title='bbox 3223 2399 3361 2455; x_wconf 89' lang='lat' dir='ltr'><strong>fame</strong></span> <span class='ocrx_word' id='word_1_648' title='bbox 3387 2411 3439 2456; x_wconf 92' lang='lat' dir='ltr'><strong>et</strong></span> <span class='ocrx_word' id='word_1_649' title='bbox 3468 2419 3622 2458; x_wconf 88' lang='lat' dir='ltr'><strong>meu-</strong></span> 
     </span>
    </p>
   </div>
   <div class='ocr_carea' id='block_1_83' title="bbox 2037 2479 3619 2561">
    <p class='ocr_par' dir='ltr' id='par_1_83' title="bbox 2037 2479 3619 2561">
     <span class='ocr_line' id='line_1_83' title="bbox 2037 2479 3619 2561; baseline 0.007 -28"><span class='ocrx_word' id='word_1_650' title='bbox 2037 2479 2253 2536; x_wconf 90' lang='lat' dir='ltr'><strong>dicitate</strong></span> <span class='ocrx_word' id='word_1_651' title='bbox 2277 2482 2501 2537; x_wconf 83' lang='lat' dir='ltr'><strong>vivunt?</strong></span> <span class='ocrx_word' id='word_1_652' title='bbox 2521 2486 2644 2554; x_wconf 87' lang='lat' dir='ltr'><strong>quid</strong></span> <span class='ocrx_word' id='word_1_653' title='bbox 2674 2496 2848 2541; x_wconf 87' lang='lat' dir='ltr'><strong>autem</strong></span> <span class='ocrx_word' id='word_1_654' title='bbox 2870 2487 3020 2558; x_wconf 89' lang='lat' dir='ltr'><strong>juvat</strong></span> <span class='ocrx_word' id='word_1_655' title='bbox 3043 2489 3386 2552; x_wconf 90' lang='lat' dir='ltr'><strong>abundantia,</strong></span> <span class='ocrx_word' id='word_1_656' title='bbox 3406 2494 3619 2561; x_wconf 78' lang='lat' dir='ltr'><strong>quando</strong></span> 
     </span>
    </p>
   </div>
   <div class='ocr_carea' id='block_1_84' title="bbox 2035 2569 3619 2651">
    <p class='ocr_par' dir='ltr' id='par_1_84' title="bbox 2035 2569 3619 2651">
     <span class='ocr_line' id='line_1_84' title="bbox 2035 2569 3619 2651; baseline 0.011 -26"><span class='ocrx_word' id='word_1_657' title='bbox 2035 2569 2503 2644; x_wconf 82' lang='lat' dir='ltr'><strong>bellum-ingruit?</strong></span> <span class='ocrx_word' id='word_1_658' title='bbox 2539 2578 2606 2632; x_wconf 80' lang='lat' dir='ltr'><strong>Et</strong></span> <span class='ocrx_word' id='word_1_659' title='bbox 2640 2576 2763 2632; x_wconf 91' lang='lat' dir='ltr'><strong>ideo</strong></span> <span class='ocrx_word' id='word_1_660' title='bbox 2792 2580 2870 2634; x_wconf 89' lang='lat' dir='ltr'><strong>eis</strong></span> <span class='ocrx_word' id='word_1_661' title='bbox 2907 2588 3128 2651; x_wconf 80' lang='lat' dir='ltr'><strong>utraque</strong></span> <span class='ocrx_word' id='word_1_662' title='bbox 3169 2582 3283 2638; x_wconf 61' lang='lat' dir='ltr'><strong>haec</strong></span> <span class='ocrx_word' id='word_1_663' title='bbox 3327 2584 3461 2639; x_wconf 84' lang='lat' dir='ltr'><strong>bona</strong></span> <span class='ocrx_word' id='word_1_664' title='bbox 3504 2586 3619 2643; x_wconf 74' lang='lat' dir='ltr'><strong>fore</strong></span> 
     </span>
    </p>
   </div>
   <div class='ocr_carea' id='block_1_85' title="bbox 2036 2666 3620 2746">
    <p class='ocr_par' dir='ltr' id='par_1_85' title="bbox 2036 2666 3620 2746">
     <span class='ocr_line' id='line_1_85' title="bbox 2036 2666 3620 2746; baseline 0.014 -31"><span class='ocrx_word' id='word_1_665' title='bbox 2036 2666 2296 2732; x_wconf 70' lang='lat' dir='ltr'><strong>prmdicit,</strong></span> <span class='ocrx_word' id='word_1_666' title='bbox 2330 2676 2387 2721; x_wconf 92' lang='lat' dir='ltr'><strong>ut</strong></span> <span class='ocrx_word' id='word_1_667' title='bbox 2414 2670 2491 2723; x_wconf 90' lang='lat' dir='ltr'><strong>eis</strong></span> <span class='ocrx_word' id='word_1_668' title='bbox 2511 2670 2651 2724; x_wconf 88' lang='lat' dir='ltr'><strong>adsit</strong></span> <span class='ocrx_word' id='word_1_669' title='bbox 2673 2672 3015 2740; x_wconf 90' lang='lat' dir='ltr'><strong>abundantia,</strong></span> <span class='ocrx_word' id='word_1_670' title='bbox 3046 2686 3101 2730; x_wconf 89' lang='lat' dir='ltr'><strong>et</strong></span> <span class='ocrx_word' id='word_1_671' title='bbox 3126 2691 3221 2745; x_wconf 90' lang='lat' dir='ltr'><strong>per</strong></span> <span class='ocrx_word' id='word_1_672' title='bbox 3240 2692 3420 2746; x_wconf 89' lang='lat' dir='ltr'><strong>pacem</strong></span> <span class='ocrx_word' id='word_1_673' title='bbox 3441 2695 3503 2734; x_wconf 90' lang='lat' dir='ltr'><strong>ea</strong></span> <span class='ocrx_word' id='word_1_674' title='bbox 3533 2697 3620 2736; x_wconf 88' lang='lat' dir='ltr'><strong>se-</strong></span> 
     </span>
    </p>
   </div>
   <div class='ocr_carea' id='block_1_86' title="bbox 2034 2755 3618 2837">
    <p class='ocr_par' dir='ltr' id='par_1_86' title="bbox 2034 2755 3618 2837">
     <span class='ocr_line' id='line_1_86' title="bbox 2034 2755 3618 2837; baseline 0.011 -30"><span class='ocrx_word' id='word_1_675' title='bbox 2034 2769 2161 2810; x_wconf 88' lang='lat' dir='ltr'><strong>cure</strong></span> <span class='ocrx_word' id='word_1_676' title='bbox 2201 2755 2459 2812; x_wconf 82' lang='lat' dir='ltr'><strong>fruantur.</strong></span> <span class='ocrx_word' id='word_1_677' title='bbox 2492 2761 2545 2817; x_wconf 91' lang='lat'><strong>8.</strong></span> <span class='ocrx_word' id='word_1_678' title='bbox 2588 2760 2806 2831; x_wconf 86' lang='lat' dir='ltr'><strong>Propter</strong></span> <span class='ocrx_word' id='word_1_679' title='bbox 2843 2768 3027 2834; x_wconf 83' lang='lat' dir='ltr'><strong>fratres</strong></span> <span class='ocrx_word' id='word_1_680' title='bbox 3070 2783 3236 2831; x_wconf 88' lang='lat' dir='ltr'><strong>meos,</strong></span> <span class='ocrx_word' id='word_1_681' title='bbox 3277 2776 3326 2821; x_wconf 87' lang='lat' dir='ltr'><strong>et</strong></span> <span class='ocrx_word' id='word_1_682' title='bbox 3363 2771 3618 2837; x_wconf 69' lang='lat' dir='ltr'><strong>proximos</strong></span> 
     </span>
    </p>
   </div>
   <div class='ocr_carea' id='block_1_87' title="bbox 2033 2847 3611 2925">
    <p class='ocr_par' dir='ltr' id='par_1_87' title="bbox 2033 2847 3611 2925">
     <span class='ocr_line' id='line_1_87' title="bbox 2033 2847 3611 2925; baseline 0.011 -29"><span class='ocrx_word' id='word_1_683' title='bbox 2033 2860 2184 2899; x_wconf 88' lang='lat' dir='ltr'><strong>meos.</strong></span> <span class='ocrx_word' id='word_1_684' title='bbox 2212 2847 2303 2901; x_wconf 85' lang='lat' dir='ltr'><strong>Vel</strong></span> <span class='ocrx_word' id='word_1_685' title='bbox 2333 2849 2536 2905; x_wconf 89' lang='lat' dir='ltr'><strong>vicinos</strong></span> <span class='ocrx_word' id='word_1_686' title='bbox 2557 2851 2705 2916; x_wconf 89' lang='lat' dir='ltr'><strong>dicit,</strong></span> <span class='ocrx_word' id='word_1_687' title='bbox 2728 2854 2816 2922; x_wconf 90' lang='lat' dir='ltr'><strong>qui</strong></span> <span class='ocrx_word' id='word_1_688' title='bbox 2838 2868 3020 2908; x_wconf 84' lang='lat' dir='ltr'><strong>eorum</strong></span> <span class='ocrx_word' id='word_1_689' title='bbox 3042 2870 3168 2910; x_wconf 91' lang='lat' dir='ltr'><strong>casu</strong></span> <span class='ocrx_word' id='word_1_690' title='bbox 3197 2856 3354 2910; x_wconf 66' lang='lat' dir='ltr'><strong>laetati</strong></span> <span class='ocrx_word' id='word_1_691' title='bbox 3378 2856 3611 2925; x_wconf 88' lang='lat' dir='ltr'><strong>fuerunt,</strong></span> 
     </span>
    </p>
   </div>
   <div class='ocr_carea' id='block_1_88' title="bbox 2032 2942 3611 3017">
    <p class='ocr_par' dir='ltr' id='par_1_88' title="bbox 2032 2942 3611 3017">
     <span class='ocr_line' id='line_1_88' title="bbox 2032 2942 3611 3017; baseline 0.011 -27"><span class='ocrx_word' id='word_1_692' title='bbox 2032 2945 2087 2991; x_wconf 92' lang='lat' dir='ltr'><strong>et</strong></span> <span class='ocrx_word' id='word_1_693' title='bbox 2110 2948 2257 3007; x_wconf 88' lang='lat' dir='ltr'><strong>optat</strong></span> <span class='ocrx_word' id='word_1_694' title='bbox 2278 2950 2333 2995; x_wconf 91' lang='lat' dir='ltr'><strong>ut</strong></span> <span class='ocrx_word' id='word_1_695' title='bbox 2354 2942 2445 2996; x_wconf 90' lang='lat' dir='ltr'><strong>fiat</strong></span> <span class='ocrx_word' id='word_1_696' title='bbox 2470 2958 2592 3012; x_wconf 87' lang='lat' dir='ltr'><strong>pax,</strong></span> <span class='ocrx_word' id='word_1_697' title='bbox 2616 2954 2672 2998; x_wconf 89' lang='lat' dir='ltr'><strong>ut</strong></span> <span class='ocrx_word' id='word_1_698' title='bbox 2697 2945 2770 2998; x_wconf 92' lang='lat' dir='ltr'><strong>illi</strong></span> <span class='ocrx_word' id='word_1_699' title='bbox 2796 2961 3006 3016; x_wconf 89' lang='lat' dir='ltr'><strong>quoque</strong></span> <span class='ocrx_word' id='word_1_700' title='bbox 3034 2948 3416 3017; x_wconf 85' lang='lat' dir='ltr'><strong>deprimantur,</strong></span> <span class='ocrx_word' id='word_1_701' title='bbox 3448 2962 3501 3006; x_wconf 88' lang='lat' dir='ltr'><strong>et</strong></span> <span class='ocrx_word' id='word_1_702' title='bbox 3521 2968 3611 3007; x_wconf 84' lang='lat' dir='ltr'><strong>co-</strong></span> 
     </span>
    </p>
   </div>
   <div class='ocr_carea' id='block_1_89' title="bbox 2030 3031 3612 3113">
    <p class='ocr_par' dir='ltr' id='par_1_89' title="bbox 2030 3031 3612 3113">
     <span class='ocr_line' id='line_1_89' title="bbox 2030 3031 3612 3113; baseline 0.013 -34"><span class='ocrx_word' id='word_1_703' title='bbox 2030 3040 2291 3098; x_wconf 90' lang='lat' dir='ltr'><strong>guoscant</strong></span> <span class='ocrx_word' id='word_1_704' title='bbox 2343 3031 2436 3086; x_wconf 91' lang='lat' dir='ltr'><strong>Dei</strong></span> <span class='ocrx_word' id='word_1_705' title='bbox 2479 3035 2766 3102; x_wconf 87' lang='lat' dir='ltr'><strong>potentiam</strong></span> <span class='ocrx_word' id='word_1_706' title='bbox 2797 3053 2810 3088; x_wconf 88' lang='lat'><strong>:</strong></span> <span class='ocrx_word' id='word_1_707' title='bbox 2840 3037 2923 3090; x_wconf 91' lang='lat' dir='ltr'><strong>vel</strong></span> <span class='ocrx_word' id='word_1_708' title='bbox 2963 3037 3153 3092; x_wconf 86' lang='lat' dir='ltr'><strong>fratres</strong></span> <span class='ocrx_word' id='word_1_709' title='bbox 3193 3054 3286 3092; x_wconf 90' lang='lat' dir='ltr'><strong>eos</strong></span> <span class='ocrx_word' id='word_1_710' title='bbox 3329 3040 3490 3107; x_wconf 89' lang='lat' dir='ltr'><strong>dicit,</strong></span> <span class='ocrx_word' id='word_1_711' title='bbox 3522 3045 3612 3113; x_wconf 88' lang='lat' dir='ltr'><strong>qui</strong></span> 
     </span>
    </p>
   </div>
   <div class='ocr_carea' id='block_1_90' title="bbox 2029 3120 3615 3200">
    <p class='ocr_par' dir='ltr' id='par_1_90' title="bbox 2029 3120 3615 3200">
     <span class='ocr_line' id='line_1_90' title="bbox 2029 3120 3615 3200; baseline 0.008 -24"><span class='ocrx_word' id='word_1_712' title='bbox 2029 3120 2295 3177; x_wconf 90' lang='lat' dir='ltr'><strong>civitatem</strong></span> <span class='ocrx_word' id='word_1_713' title='bbox 2344 3124 2656 3180; x_wconf 85' lang='lat' dir='ltr'><strong>inhabitant.</strong></span> <span class='ocrx_word' id='word_1_714' title='bbox 2691 3127 2912 3196; x_wconf 85' lang='lat' dir='ltr'><strong>l’ropter</strong></span> <span class='ocrx_word' id='word_1_715' title='bbox 2956 3128 3147 3184; x_wconf 89' lang='lat' dir='ltr'><strong>fratres</strong></span> <span class='ocrx_word' id='word_1_716' title='bbox 3192 3144 3322 3200; x_wconf 91' lang='lat' dir='ltr'><strong>ergo</strong></span> <span class='ocrx_word' id='word_1_717' title='bbox 3364 3147 3515 3187; x_wconf 91' lang='lat' dir='ltr'><strong>meos</strong></span> <span class='ocrx_word' id='word_1_718' title='bbox 3560 3144 3615 3188; x_wconf 88' lang='lat' dir='ltr'><strong>et</strong></span> 
     </span>
    </p>
   </div>
   <div class='ocr_carea' id='block_1_91' title="bbox 2030 3214 3613 3287">
    <p class='ocr_par' dir='ltr' id='par_1_91' title="bbox 2030 3214 3613 3287">
     <span class='ocr_line' id='line_1_91' title="bbox 2030 3214 3613 3287; baseline 0.009 -20"><span class='ocrx_word' id='word_1_719' title='bbox 2030 3214 2300 3283; x_wconf 88' lang='lat' dir='ltr'><strong>proximos</strong></span> <span class='ocrx_word' id='word_1_720' title='bbox 2328 3231 2477 3271; x_wconf 89' lang='lat' dir='ltr'><strong>meos</strong></span> <span class='ocrx_word' id='word_1_721' title='bbox 2505 3232 2636 3287; x_wconf 82' lang='lat' dir='ltr'><strong>rogo</strong></span> <span class='ocrx_word' id='word_1_722' title='bbox 2679 3227 2735 3271; x_wconf 89' lang='lat' dir='ltr'><strong>ut</strong></span> <span class='ocrx_word' id='word_1_723' title='bbox 2774 3218 2863 3272; x_wconf 90' lang='lat' dir='ltr'><strong>fiat</strong></span> <span class='ocrx_word' id='word_1_724' title='bbox 2892 3234 3015 3287; x_wconf 86' lang='lat' dir='ltr'><strong>pax,</strong></span> <span class='ocrx_word' id='word_1_725' title='bbox 3045 3229 3104 3273; x_wconf 92' lang='lat' dir='ltr'><strong>ut</strong></span> <span class='ocrx_word' id='word_1_726' title='bbox 3145 3221 3227 3274; x_wconf 90' lang='lat' dir='ltr'><strong>vel</strong></span> <span class='ocrx_word' id='word_1_727' title='bbox 3276 3223 3485 3278; x_wconf 88' lang='lat' dir='ltr'><strong>tandem</strong></span> <span class='ocrx_word' id='word_1_728' title='bbox 3525 3241 3613 3281; x_wconf 86' lang='lat' dir='ltr'><strong>re-</strong></span> 
     </span>
    </p>
   </div>
   <div class='ocr_carea' id='block_1_92' title="bbox 2028 3306 3608 3377">
    <p class='ocr_par' dir='ltr' id='par_1_92' title="bbox 2028 3306 3608 3377">
     <span class='ocr_line' id='line_1_92' title="bbox 2028 3306 3608 3377; baseline 0.009 -19"><span class='ocrx_word' id='word_1_729' title='bbox 2028 3306 2266 3375; x_wconf 90' lang='lat' dir='ltr'><strong>spirent,</strong></span> <span class='ocrx_word' id='word_1_730' title='bbox 2299 3318 2575 3377; x_wconf 89' lang='lat' dir='ltr'><strong>postquam</strong></span> <span class='ocrx_word' id='word_1_731' title='bbox 2615 3309 3003 3365; x_wconf 87' lang='lat' dir='ltr'><strong>calamitatibus</strong></span> <span class='ocrx_word' id='word_1_732' title='bbox 3028 3310 3149 3366; x_wconf 87' lang='lat' dir='ltr'><strong>facti</strong></span> <span class='ocrx_word' id='word_1_733' title='bbox 3179 3322 3303 3367; x_wconf 89' lang='lat' dir='ltr'><strong>sunt</strong></span> <span class='ocrx_word' id='word_1_734' title='bbox 3338 3316 3608 3372; x_wconf 82' lang='lat' dir='ltr'><strong>meliores.</strong></span> 
     </span>
    </p>
   </div>
   <div class='ocr_carea' id='block_1_93' title="bbox 2026 3396 3613 3473">
    <p class='ocr_par' dir='ltr' id='par_1_93' title="bbox 2026 3396 3613 3473">
     <span class='ocr_line' id='line_1_93' title="bbox 2026 3396 3613 3473; baseline 0.009 -25"><span class='ocrx_word' id='word_1_735' title='bbox 2026 3396 2289 3468; x_wconf 90' lang='lat' dir='ltr'><strong>Loquebar</strong></span> <span class='ocrx_word' id='word_1_736' title='bbox 2318 3417 2491 3469; x_wconf 83' lang='lat' dir='ltr'><strong>pacem</strong></span> <span class='ocrx_word' id='word_1_737' title='bbox 2528 3401 2590 3455; x_wconf 88' lang='lat' dir='ltr'><strong>de</strong></span> <span class='ocrx_word' id='word_1_738' title='bbox 2624 3412 2689 3455; x_wconf 89' lang='lat' dir='ltr'><strong>te.</strong></span> <span class='ocrx_word' id='word_1_739' title='bbox 2718 3402 2769 3457; x_wconf 91' lang='lat'><strong>9.</strong></span> <span class='ocrx_word' id='word_1_740' title='bbox 2797 3402 3013 3473; x_wconf 84' lang='lat' dir='ltr'><strong>Propter</strong></span> <span class='ocrx_word' id='word_1_741' title='bbox 3041 3404 3247 3458; x_wconf 88' lang='lat' dir='ltr'><strong>domum</strong></span> <span class='ocrx_word' id='word_1_742' title='bbox 3281 3404 3488 3462; x_wconf 87' lang='lat' dir='ltr'><strong>Domini</strong></span> <span class='ocrx_word' id='word_1_743' title='bbox 3513 3407 3613 3464; x_wconf 87' lang='lat' dir='ltr'><strong>Dei</strong></span> 
     </span>
    </p>
   </div>
   <div class='ocr_carea' id='block_1_94' title="bbox 2026 3491 3609 3572">
    <p class='ocr_par' dir='ltr' id='par_1_94' title="bbox 2026 3491 3609 3572">
     <span class='ocr_line' id='line_1_94' title="bbox 2026 3491 3609 3572; baseline 0.009 -29"><span class='ocrx_word' id='word_1_744' title='bbox 2026 3491 2204 3558; x_wconf 87' lang='lat' dir='ltr'><strong>nostri,</strong></span> <span class='ocrx_word' id='word_1_745' title='bbox 2232 3494 2435 3561; x_wconf 73' lang='lat' dir='ltr'><strong>quaesivi</strong></span> <span class='ocrx_word' id='word_1_746' title='bbox 2463 3492 2595 3547; x_wconf 88' lang='lat' dir='ltr'><strong>bona</strong></span> <span class='ocrx_word' id='word_1_747' title='bbox 2630 3494 2737 3548; x_wconf 88' lang='lat' dir='ltr'><strong>tibi.</strong></span> <span class='ocrx_word' id='word_1_748' title='bbox 2769 3497 2918 3551; x_wconf 84' lang='lat' dir='ltr'><strong>Alius</strong></span> <span class='ocrx_word' id='word_1_749' title='bbox 2945 3496 3092 3564; x_wconf 90' lang='lat' dir='ltr'><strong>dicit,</strong></span> <span class='ocrx_word' id='word_1_750' title='bbox 3126 3496 3329 3569; x_wconf 84' lang='lat' dir='ltr'><strong>Loquar</strong></span> <span class='ocrx_word' id='word_1_751' title='bbox 3358 3517 3531 3572; x_wconf 83' lang='lat' dir='ltr'><strong>pacem</strong></span> <span class='ocrx_word' id='word_1_752' title='bbox 3557 3504 3609 3558; x_wconf 86' lang='lat' dir='ltr'><strong>in</strong></span> 
     </span>
    </p>
   </div>
   <div class='ocr_carea' id='block_1_95' title="bbox 2027 3583 3609 3662">
    <p class='ocr_par' dir='ltr' id='par_1_95' title="bbox 2027 3583 3609 3662">
     <span class='ocr_line' id='line_1_95' title="bbox 2027 3583 3609 3662; baseline 0.008 -25"><span class='ocrx_word' id='word_1_753' title='bbox 2027 3592 2092 3637; x_wconf 92' lang='lat' dir='ltr'><strong>te.</strong></span> <span class='ocrx_word' id='word_1_754' title='bbox 2123 3583 2383 3651; x_wconf 87' lang='lat' dir='ltr'><strong>Quoniam</strong></span> <span class='ocrx_word' id='word_1_755' title='bbox 2424 3587 2600 3654; x_wconf 90' lang='lat' dir='ltr'><strong>dixit,</strong></span> <span class='ocrx_word' id='word_1_756' title='bbox 2635 3586 2854 3660; x_wconf 84' lang='lat' dir='ltr'><strong>Propter</strong></span> <span class='ocrx_word' id='word_1_757' title='bbox 2875 3590 3057 3659; x_wconf 74' lang='lat' dir='ltr'><strong>fratres</strong></span> <span class='ocrx_word' id='word_1_758' title='bbox 3097 3608 3233 3645; x_wconf 90' lang='lat' dir='ltr'><strong>meos</strong></span> <span class='ocrx_word' id='word_1_759' title='bbox 3271 3602 3319 3647; x_wconf 89' lang='lat' dir='ltr'><strong>et</strong></span> <span class='ocrx_word' id='word_1_760' title='bbox 3352 3596 3609 3662; x_wconf 76' lang='lat' dir='ltr'><strong>proximos</strong></span> 
     </span>
    </p>
   </div>
   <div class='ocr_carea' id='block_1_96' title="bbox 2025 3677 3607 3752">
    <p class='ocr_par' dir='ltr' id='par_1_96' title="bbox 2025 3677 3607 3752">
     <span class='ocr_line' id='line_1_96' title="bbox 2025 3677 3607 3752; baseline 0.007 -23"><span class='ocrx_word' id='word_1_761' title='bbox 2025 3692 2176 3741; x_wconf 87' lang='lat' dir='ltr'><strong>meos,</strong></span> <span class='ocrx_word' id='word_1_762' title='bbox 2210 3677 2497 3733; x_wconf 88' lang='lat' dir='ltr'><strong>ostendens</strong></span> <span class='ocrx_word' id='word_1_763' title='bbox 2535 3694 2595 3734; x_wconf 90' lang='lat' dir='ltr'><strong>se</strong></span> <span class='ocrx_word' id='word_1_764' title='bbox 2635 3679 2735 3735; x_wconf 89' lang='lat' dir='ltr'><strong>hoc</strong></span> <span class='ocrx_word' id='word_1_765' title='bbox 2764 3695 2868 3735; x_wconf 90' lang='lat' dir='ltr'><strong>non</strong></span> <span class='ocrx_word' id='word_1_766' title='bbox 2900 3682 3101 3751; x_wconf 88' lang='lat' dir='ltr'><strong>precari</strong></span> <span class='ocrx_word' id='word_1_767' title='bbox 3145 3693 3362 3752; x_wconf 89' lang='lat' dir='ltr'><strong>pr0pter</strong></span> <span class='ocrx_word' id='word_1_768' title='bbox 3398 3684 3607 3740; x_wconf 86' lang='lat' dir='ltr'><strong>illorun:</strong></span> 
     </span>
    </p>
   </div>
   <div class='ocr_carea' id='block_1_97' title="bbox 2025 3768 3597 3841">
    <p class='ocr_par' dir='ltr' id='par_1_97' title="bbox 2025 3768 3597 3841">
     <span class='ocr_line' id='line_1_97' title="bbox 2025 3768 3597 3841; baseline 0.004 -18"><span class='ocrx_word' id='word_1_769' title='bbox 2025 3768 2295 3833; x_wconf 89' lang='lat' dir='ltr'><strong>meritum,</strong></span> <span class='ocrx_word' id='word_1_770' title='bbox 2329 3769 2422 3824; x_wconf 82' lang='lat' dir='ltr'><strong>sed</strong></span> <span class='ocrx_word' id='word_1_771' title='bbox 2449 3777 2507 3824; x_wconf 91' lang='lat' dir='ltr'><strong>ut</strong></span> <span class='ocrx_word' id='word_1_772' title='bbox 2532 3771 2648 3825; x_wconf 91' lang='lat' dir='ltr'><strong>illos</strong></span> <span class='ocrx_word' id='word_1_773' title='bbox 2680 3772 2867 3840; x_wconf 88' lang='lat' dir='ltr'><strong>majori</strong></span> <span class='ocrx_word' id='word_1_774' title='bbox 2898 3771 3161 3827; x_wconf 87' lang='lat' dir='ltr'><strong>beneficio</strong></span> <span class='ocrx_word' id='word_1_775' title='bbox 3186 3773 3446 3841; x_wconf 86' lang='lat' dir='ltr'><strong>afficeret,</strong></span> <span class='ocrx_word' id='word_1_776' title='bbox 3472 3776 3597 3830; x_wconf 85' lang='lat' dir='ltr'><strong>sub-</strong></span> 
     </span>
    </p>
   </div>
   <div class='ocr_carea' id='block_1_98' title="bbox 2019 3857 3614 3935">
    <p class='ocr_par' dir='ltr' id='par_1_98' title="bbox 2019 3857 3614 3935">
     <span class='ocr_line' id='line_1_98' title="bbox 2019 3857 3614 3935; baseline 0.007 -22"><span class='ocrx_word' id='word_1_777' title='bbox 2019 3857 2214 3929; x_wconf 86' lang='lat' dir='ltr'><strong>junxit,</strong></span> <span class='ocrx_word' id='word_1_778' title='bbox 2248 3857 2471 3931; x_wconf 80' lang='lat' dir='ltr'><strong>Pwpter</strong></span> <span class='ocrx_word' id='word_1_779' title='bbox 2498 3861 2707 3915; x_wconf 90' lang='lat' dir='ltr'><strong>domum</strong></span> <span class='ocrx_word' id='word_1_780' title='bbox 2746 3860 2847 3917; x_wconf 90' lang='lat' dir='ltr'><strong>Dei</strong></span> <span class='ocrx_word' id='word_1_781' title='bbox 2889 3864 3069 3918; x_wconf 87' lang='lat' dir='ltr'><strong>nostri.</strong></span> <span class='ocrx_word' id='word_1_782' title='bbox 3099 3863 3209 3919; x_wconf 90' lang='lat' dir='ltr'><strong>lloc</strong></span> <span class='ocrx_word' id='word_1_783' title='bbox 3245 3873 3361 3931; x_wconf 89' lang='lat' dir='ltr'><strong>est,</strong></span> <span class='ocrx_word' id='word_1_784' title='bbox 3387 3865 3614 3935; x_wconf 89' lang='lat' dir='ltr'><strong>Propter</strong></span> 
     </span>
    </p>
   </div>
   <div class='ocr_carea' id='block_1_99' title="bbox 2021 3950 3606 4023">
    <p class='ocr_par' dir='ltr' id='par_1_99' title="bbox 2021 3950 3606 4023">
     <span class='ocr_line' id='line_1_99' title="bbox 2021 3950 3606 4023; baseline 0.005 -20"><span class='ocrx_word' id='word_1_785' title='bbox 2021 3950 2242 4021; x_wconf 88' lang='lat' dir='ltr'><strong>gloriam</strong></span> <span class='ocrx_word' id='word_1_786' title='bbox 2270 3951 2387 4020; x_wconf 90' lang='lat' dir='ltr'><strong>ejus</strong></span> <span class='ocrx_word' id='word_1_787' title='bbox 2429 3960 2557 4021; x_wconf 89' lang='lat' dir='ltr'><strong>opto</strong></span> <span class='ocrx_word' id='word_1_788' title='bbox 2591 3967 2808 4021; x_wconf 89' lang='lat' dir='ltr'><strong>pacem,</strong></span> <span class='ocrx_word' id='word_1_789' title='bbox 2834 3960 2894 4008; x_wconf 92' lang='lat' dir='ltr'><strong>ut</strong></span> <span class='ocrx_word' id='word_1_790' title='bbox 2930 3953 3046 4023; x_wconf 93' lang='lat' dir='ltr'><strong>ejus</strong></span> <span class='ocrx_word' id='word_1_791' title='bbox 3087 3954 3261 4008; x_wconf 89' lang='lat' dir='ltr'><strong>cultus</strong></span> <span class='ocrx_word' id='word_1_792' title='bbox 3301 3970 3488 4010; x_wconf 88' lang='lat' dir='ltr'><strong>rursus</strong></span> <span class='ocrx_word' id='word_1_793' title='bbox 3526 3973 3606 4011; x_wconf 62' lang='lat' dir='ltr'><strong>re~</strong></span> 
     </span>
    </p>
   </div>
   <div class='ocr_carea' id='block_1_100' title="bbox 2022 4041 3609 4114">
    <p class='ocr_par' dir='ltr' id='par_1_100' title="bbox 2022 4041 3609 4114">
     <span class='ocr_line' id='line_1_100' title="bbox 2022 4041 3609 4114; baseline 0.003 -18"><span class='ocrx_word' id='word_1_794' title='bbox 2022 4041 2175 4106; x_wconf 92' lang='lat' dir='ltr'><strong>deat,</strong></span> <span class='ocrx_word' id='word_1_795' title='bbox 2205 4048 2260 4096; x_wconf 89' lang='lat' dir='ltr'><strong>et</strong></span> <span class='ocrx_word' id='word_1_796' title='bbox 2298 4041 2537 4096; x_wconf 86' lang='lat' dir='ltr'><strong>doctrina</strong></span> <span class='ocrx_word' id='word_1_797' title='bbox 2565 4055 2839 4111; x_wconf 88' lang='lat' dir='ltr'><strong>augeatur.</strong></span> <span class='ocrx_word' id='word_1_798' title='bbox 2873 4043 2978 4097; x_wconf 87' lang='lat' dir='ltr'><strong>Alii</strong></span> <span class='ocrx_word' id='word_1_799' title='bbox 3002 4045 3144 4097; x_wconf 90' lang='lat' dir='ltr'><strong>enim</strong></span> <span class='ocrx_word' id='word_1_800' title='bbox 3178 4054 3415 4112; x_wconf 85' lang='lat' dir='ltr'><strong>tempore</strong></span> <span class='ocrx_word' id='word_1_801' title='bbox 3442 4048 3609 4114; x_wconf 78' lang='lat' dir='ltr'><strong>capti-</strong></span> 
     </span>
    </p>
   </div>
   <div class='ocr_carea' id='block_1_101' title="bbox 2022 4131 3607 4198">
    <p class='ocr_par' dir='ltr' id='par_1_101' title="bbox 2022 4131 3607 4198">
     <span class='ocr_line' id='line_1_101' title="bbox 2022 4131 3607 4198; baseline 0.004 -12"><span class='ocrx_word' id='word_1_802' title='bbox 2022 4131 2199 4186; x_wconf 88' lang='lat' dir='ltr'><strong>vitatis</strong></span> <span class='ocrx_word' id='word_1_803' title='bbox 2224 4133 2333 4187; x_wconf 90' lang='lat' dir='ltr'><strong>nati</strong></span> <span class='ocrx_word' id='word_1_804' title='bbox 2361 4141 2515 4198; x_wconf 89' lang='lat' dir='ltr'><strong>sunt;</strong></span> <span class='ocrx_word' id='word_1_805' title='bbox 2544 4133 2632 4187; x_wconf 91' lang='lat' dir='ltr'><strong>alii</strong></span> <span class='ocrx_word' id='word_1_806' title='bbox 2658 4148 2786 4187; x_wconf 89' lang='lat' dir='ltr'><strong>vero</strong></span> <span class='ocrx_word' id='word_1_807' title='bbox 2812 4133 3025 4188; x_wconf 85' lang='lat' dir='ltr'><strong>fuerunt</strong></span> <span class='ocrx_word' id='word_1_808' title='bbox 3047 4143 3212 4189; x_wconf 89' lang='lat' dir='ltr'><strong>testes</strong></span> <span class='ocrx_word' id='word_1_809' title='bbox 3240 4141 3295 4188; x_wconf 91' lang='lat' dir='ltr'><strong>ct</strong></span> <span class='ocrx_word' id='word_1_810' title='bbox 3318 4134 3607 4192; x_wconf 82' lang='lat' dir='ltr'><strong>descensus</strong></span> 
     </span>
    </p>
   </div>
   <div class='ocr_carea' id='block_1_102' title="bbox 2022 4223 3609 4294">
    <p class='ocr_par' dir='ltr' id='par_1_102' title="bbox 2022 4223 3609 4294">
     <span class='ocr_line' id='line_1_102' title="bbox 2022 4223 3609 4294; baseline 0.003 -15"><span class='ocrx_word' id='word_1_811' title='bbox 2022 4233 2077 4279; x_wconf 90' lang='lat' dir='ltr'><strong>et</strong></span> <span class='ocrx_word' id='word_1_812' title='bbox 2103 4223 2325 4279; x_wconf 88' lang='lat' dir='ltr'><strong>reditus.</strong></span> <span class='ocrx_word' id='word_1_813' title='bbox 2358 4223 2451 4279; x_wconf 91' lang='lat' dir='ltr'><strong>Dei</strong></span> <span class='ocrx_word' id='word_1_814' title='bbox 2482 4234 2656 4278; x_wconf 89' lang='lat' dir='ltr'><strong>autem</strong></span> <span class='ocrx_word' id='word_1_815' title='bbox 2678 4224 2824 4279; x_wconf 91' lang='lat' dir='ltr'><strong>cultu</strong></span> <span class='ocrx_word' id='word_1_816' title='bbox 2852 4234 3067 4294; x_wconf 88' lang='lat' dir='ltr'><strong>peracto</strong></span> <span class='ocrx_word' id='word_1_817' title='bbox 3094 4225 3209 4279; x_wconf 71' lang='lat' dir='ltr'><strong>hac</strong></span> <span class='ocrx_word' id='word_1_818' title='bbox 3232 4226 3410 4280; x_wconf 90' lang='lat' dir='ltr'><strong>omnia</strong></span> <span class='ocrx_word' id='word_1_819' title='bbox 3436 4227 3609 4284; x_wconf 88' lang='lat' dir='ltr'><strong>disce-</strong></span> 
     </span>
    </p>
   </div>
   <div class='ocr_carea' id='block_1_103' title="bbox 2022 4314 3606 4389">
    <p class='ocr_par' dir='ltr' id='par_1_103' title="bbox 2022 4314 3606 4389">
     <span class='ocr_line' id='line_1_103' title="bbox 2022 4314 3606 4389; baseline -0.001 -16"><span class='ocrx_word' id='word_1_820' title='bbox 2022 4316 2149 4373; x_wconf 89' lang='lat' dir='ltr'><strong>bant</strong></span> <span class='ocrx_word' id='word_1_821' title='bbox 2172 4332 2204 4372; x_wconf 91' lang='lat' dir='ltr'><strong>a</strong></span> <span class='ocrx_word' id='word_1_822' title='bbox 2234 4316 2556 4381; x_wconf 90' lang='lat' dir='ltr'><strong>senioribus,</strong></span> <span class='ocrx_word' id='word_1_823' title='bbox 2586 4316 2728 4370; x_wconf 87' lang='lat' dir='ltr'><strong>illam</strong></span> <span class='ocrx_word' id='word_1_824' title='bbox 2751 4314 2876 4370; x_wconf 92' lang='lat' dir='ltr'><strong>olim</strong></span> <span class='ocrx_word' id='word_1_825' title='bbox 2898 4330 3085 4371; x_wconf 88' lang='lat' dir='ltr'><strong>eorum</strong></span> <span class='ocrx_word' id='word_1_826' title='bbox 3112 4314 3438 4380; x_wconf 81' lang='lat' dir='ltr'><strong>felicitatem,</strong></span> <span class='ocrx_word' id='word_1_827' title='bbox 3461 4319 3606 4389; x_wconf 87' lang='lat' dir='ltr'><strong>quod</strong></span> 
     </span>
    </p>
   </div>
   <div class='ocr_carea' id='block_1_104' title="bbox 2020 4405 3608 4474">
    <p class='ocr_par' dir='ltr' id='par_1_104' title="bbox 2020 4405 3608 4474">
     <span class='ocr_line' id='line_1_104' title="bbox 2020 4405 3608 4474; baseline 0.001 -11"><span class='ocrx_word' id='word_1_828' title='bbox 2020 4424 2144 4463; x_wconf 90' lang='lat' dir='ltr'><strong>cum</strong></span> <span class='ocrx_word' id='word_1_829' title='bbox 2175 4417 2251 4463; x_wconf 92' lang='lat' dir='ltr'><strong>tot</strong></span> <span class='ocrx_word' id='word_1_830' title='bbox 2288 4407 2448 4464; x_wconf 89' lang='lat' dir='ltr'><strong>rebus</strong></span> <span class='ocrx_word' id='word_1_831' title='bbox 2476 4405 2723 4463; x_wconf 91' lang='lat' dir='ltr'><strong>secundis</strong></span> <span class='ocrx_word' id='word_1_832' title='bbox 2748 4416 3045 4474; x_wconf 88' lang='lat' dir='ltr'><strong>uterentur,</strong></span> <span class='ocrx_word' id='word_1_833' title='bbox 3078 4408 3143 4463; x_wconf 90' lang='lat' dir='ltr'><strong>iis</strong></span> <span class='ocrx_word' id='word_1_834' title='bbox 3166 4408 3483 4464; x_wconf 85' lang='lat' dir='ltr'><strong>exciderint.</strong></span> <span class='ocrx_word' id='word_1_835' title='bbox 3514 4408 3608 4465; x_wconf 86' lang='lat' dir='ltr'><strong>Vi-</strong></span> 
     </span>
    </p>
   </div>
   <div class='ocr_carea' id='block_1_105' title="bbox 2020 4498 3608 4570">
    <p class='ocr_par' dir='ltr' id='par_1_105' title="bbox 2020 4498 3608 4570">
     <span class='ocr_line' id='line_1_105' title="bbox 2020 4498 3608 4570; baseline 0.003 -16"><span class='ocrx_word' id='word_1_836' title='bbox 2020 4498 2118 4555; x_wconf 89' lang='lat' dir='ltr'><strong>des</strong></span> <span class='ocrx_word' id='word_1_837' title='bbox 2138 4499 2407 4570; x_wconf 91' lang='lat' dir='ltr'><strong>quomodo</strong></span> <span class='ocrx_word' id='word_1_838' title='bbox 2435 4513 2620 4555; x_wconf 90' lang='lat' dir='ltr'><strong>eorum</strong></span> <span class='ocrx_word' id='word_1_839' title='bbox 2651 4498 2894 4569; x_wconf 88' lang='lat' dir='ltr'><strong>reprimit</strong></span> <span class='ocrx_word' id='word_1_840' title='bbox 2928 4500 3302 4570; x_wconf 78' lang='lat' dir='ltr'><strong>arrogantiam,</strong></span> <span class='ocrx_word' id='word_1_841' title='bbox 3330 4516 3397 4556; x_wconf 92' lang='lat' dir='ltr'><strong>ne</strong></span> <span class='ocrx_word' id='word_1_842' title='bbox 3423 4501 3608 4557; x_wconf 85' lang='lat' dir='ltr'><strong>existi-</strong></span> 
     </span>
    </p>
   </div>
   <div class='ocr_carea' id='block_1_106' title="bbox 2023 4590 3608 4662">
    <p class='ocr_par' dir='ltr' id='par_1_106' title="bbox 2023 4590 3608 4662">
     <span class='ocr_line' id='line_1_106' title="bbox 2023 4590 3608 4662; baseline 0.004 -17"><span class='ocrx_word' id='word_1_843' title='bbox 2023 4600 2169 4645; x_wconf 91' lang='lat' dir='ltr'><strong>ment</strong></span> <span class='ocrx_word' id='word_1_844' title='bbox 2204 4605 2265 4645; x_wconf 90' lang='lat' dir='ltr'><strong>se</strong></span> <span class='ocrx_word' id='word_1_845' title='bbox 2304 4590 2441 4645; x_wconf 90' lang='lat' dir='ltr'><strong>bona</strong></span> <span class='ocrx_word' id='word_1_846' title='bbox 2472 4591 2759 4661; x_wconf 80' lang='lat' dir='ltr'><strong>recepisse,</strong></span> <span class='ocrx_word' id='word_1_847' title='bbox 2790 4601 2847 4645; x_wconf 92' lang='lat' dir='ltr'><strong>ut</strong></span> <span class='ocrx_word' id='word_1_848' title='bbox 2873 4592 2963 4662; x_wconf 87' lang='lat' dir='ltr'><strong>qui</strong></span> <span class='ocrx_word' id='word_1_849' title='bbox 2991 4592 3119 4647; x_wconf 88' lang='lat' dir='ltr'><strong>satis</strong></span> <span class='ocrx_word' id='word_1_850' title='bbox 3146 4607 3420 4662; x_wconf 67' lang='lat' dir='ltr'><strong>pennarum</strong></span> <span class='ocrx_word' id='word_1_851' title='bbox 3446 4594 3608 4651; x_wconf 80' lang='lat' dir='ltr'><strong>dede-</strong></span> 
     </span>
    </p>
   </div>
   <div class='ocr_carea' id='block_1_107' title="bbox 2022 4682 3602 4755">
    <p class='ocr_par' dir='ltr' id='par_1_107' title="bbox 2022 4682 3602 4755">
     <span class='ocr_line' id='line_1_107' title="bbox 2022 4682 3602 4755; baseline 0.001 -18"><span class='ocrx_word' id='word_1_852' title='bbox 2022 4683 2157 4746; x_wconf 91' lang='lat' dir='ltr'><strong>rint,</strong></span> <span class='ocrx_word' id='word_1_853' title='bbox 2184 4682 2278 4737; x_wconf 90' lang='lat' dir='ltr'><strong>sed</strong></span> <span class='ocrx_word' id='word_1_854' title='bbox 2308 4684 2479 4737; x_wconf 90' lang='lat' dir='ltr'><strong>sciant</strong></span> <span class='ocrx_word' id='word_1_855' title='bbox 2516 4696 2577 4739; x_wconf 89' lang='lat' dir='ltr'><strong>se</strong></span> <span class='ocrx_word' id='word_1_856' title='bbox 2617 4692 2832 4752; x_wconf 88' lang='lat' dir='ltr'><strong>propter</strong></span> <span class='ocrx_word' id='word_1_857' title='bbox 2861 4683 2949 4738; x_wconf 90' lang='lat' dir='ltr'><strong>Dei</strong></span> <span class='ocrx_word' id='word_1_858' title='bbox 2983 4683 3205 4753; x_wconf 64' lang='lat' dir='ltr'><strong>gloriam</strong></span> <span class='ocrx_word' id='word_1_859' title='bbox 3234 4684 3287 4738; x_wconf 90' lang='lat' dir='ltr'><strong>in</strong></span> <span class='ocrx_word' id='word_1_860' title='bbox 3323 4698 3474 4740; x_wconf 80' lang='lat' dir='ltr'><strong>suam</strong></span> <span class='ocrx_word' id='word_1_861' title='bbox 3507 4700 3602 4755; x_wconf 83' lang='lat' dir='ltr'><strong>pa-</strong></span> 
     </span>
    </p>
   </div>
   <div class='ocr_carea' id='block_1_108' title="bbox 2024 4773 3606 4840">
    <p class='ocr_par' dir='ltr' id='par_1_108' title="bbox 2024 4773 3606 4840">
     <span class='ocr_line' id='line_1_108' title="bbox 2024 4773 3606 4840; baseline 0.001 -12"><span class='ocrx_word' id='word_1_862' title='bbox 2024 4775 2177 4829; x_wconf 91' lang='lat' dir='ltr'><strong>triam</strong></span> <span class='ocrx_word' id='word_1_863' title='bbox 2209 4788 2456 4830; x_wconf 86' lang='lat' dir='ltr'><strong>reversos</strong></span> <span class='ocrx_word' id='word_1_864' title='bbox 2482 4789 2620 4837; x_wconf 90' lang='lat' dir='ltr'><strong>esse,</strong></span> <span class='ocrx_word' id='word_1_865' title='bbox 2650 4783 2845 4829; x_wconf 91' lang='lat' dir='ltr'><strong>etcum</strong></span> <span class='ocrx_word' id='word_1_866' title='bbox 2878 4773 2926 4828; x_wconf 92' lang='lat' dir='ltr'><strong>id</strong></span> <span class='ocrx_word' id='word_1_867' title='bbox 2948 4773 3251 4840; x_wconf 89' lang='lat' dir='ltr'><strong>didicerint,</strong></span> <span class='ocrx_word' id='word_1_868' title='bbox 3275 4786 3521 4830; x_wconf 89' lang='lat' dir='ltr'><strong>maneant</strong></span> <span class='ocrx_word' id='word_1_869' title='bbox 3553 4777 3606 4829; x_wconf 90' lang='lat' dir='ltr'><strong>in</strong></span> 
     </span>
    </p>
   </div>
   <div class='ocr_carea' id='block_1_109' title="bbox 2022 4863 3607 4936">
    <p class='ocr_par' dir='ltr' id='par_1_109' title="bbox 2022 4863 3607 4936">
     <span class='ocr_line' id='line_1_109' title="bbox 2022 4863 3607 4936; baseline 0 -16"><span class='ocrx_word' id='word_1_870' title='bbox 2022 4880 2226 4920; x_wconf 90' lang='lat' dir='ltr'><strong>summa</strong></span> <span class='ocrx_word' id='word_1_871' title='bbox 2263 4867 2569 4928; x_wconf 87' lang='lat' dir='ltr'><strong>securitate,</strong></span> <span class='ocrx_word' id='word_1_872' title='bbox 2604 4880 2670 4921; x_wconf 92' lang='lat' dir='ltr'><strong>ne</strong></span> <span class='ocrx_word' id='word_1_873' title='bbox 2697 4874 2978 4936; x_wconf 88' lang='lat' dir='ltr'><strong>peccantes</strong></span> <span class='ocrx_word' id='word_1_874' title='bbox 3002 4863 3188 4922; x_wconf 89' lang='lat' dir='ltr'><strong>eadem</strong></span> <span class='ocrx_word' id='word_1_875' title='bbox 3228 4882 3412 4922; x_wconf 89' lang='lat' dir='ltr'><strong>rursus</strong></span> <span class='ocrx_word' id='word_1_876' title='bbox 3445 4881 3607 4934; x_wconf 88' lang='lat' dir='ltr'><strong>expe-</strong></span> 
     </span>
    </p>
   </div>
   <div class='ocr_carea' id='block_1_110' title="bbox 2021 4957 2271 5013">
    <p class='ocr_par' dir='ltr' id='par_1_110' title="bbox 2021 4957 2271 5013">
     <span class='ocr_line' id='line_1_110' title="bbox 2021 4957 2271 5013; baseline 0 -2"><span class='ocrx_word' id='word_1_877' title='bbox 2021 4957 2271 5013; x_wconf 85' lang='lat' dir='ltr'><strong>riantur?</strong></span> 
     </span>
    </p>
   </div>
   <div class='ocr_carea' id='block_1_111' title="bbox 2094 5048 3606 5119">
    <p class='ocr_par' dir='ltr' id='par_1_111' title="bbox 2094 5048 3606 5119">
     <span class='ocr_line' id='line_1_111' title="bbox 2094 5048 3606 5119; baseline 0 -17"><span class='ocrx_word' id='word_1_878' title='bbox 2094 5049 2310 5103; x_wconf 82' lang='lat' dir='ltr'><strong>Moralis</strong></span> <span class='ocrx_word' id='word_1_879' title='bbox 2347 5050 2649 5103; x_wconf 75' lang='lat' dir='ltr'><strong>exhortatio.</strong></span> <span class='ocrx_word' id='word_1_880' title='bbox 2678 5080 2750 5090; x_wconf 96' lang='lat'><strong>—</strong></span> <span class='ocrx_word' id='word_1_881' title='bbox 2780 5048 2904 5103; x_wconf 72' lang='lat' dir='ltr'><strong>llzec</strong></span> <span class='ocrx_word' id='word_1_882' title='bbox 2928 5064 3054 5119; x_wconf 86' lang='lat' dir='ltr'><strong>ergo</strong></span> <span class='ocrx_word' id='word_1_883' title='bbox 3100 5064 3197 5102; x_wconf 88' lang='lat' dir='ltr'><strong>nos</strong></span> <span class='ocrx_word' id='word_1_884' title='bbox 3234 5063 3445 5117; x_wconf 88' lang='lat' dir='ltr'><strong>quoque</strong></span> <span class='ocrx_word' id='word_1_885' title='bbox 3484 5062 3606 5102; x_wconf 88' lang='lat' dir='ltr'><strong>cum</strong></span> 
     </span>
    </p>
   </div>
   <div class='ocr_carea' id='block_1_112' title="bbox 2021 5137 3606 5209">
    <p class='ocr_par' dir='ltr' id='par_1_112' title="bbox 2021 5137 3606 5209">
     <span class='ocr_line' id='line_1_112' title="bbox 2021 5137 3606 5209; baseline -0.002 -14"><span class='ocrx_word' id='word_1_886' title='bbox 2021 5142 2285 5208; x_wconf 88' lang='lat' dir='ltr'><strong>sciamus,</strong></span> <span class='ocrx_word' id='word_1_887' title='bbox 2317 5141 2546 5194; x_wconf 79' lang='lat' dir='ltr'><strong>maxime</strong></span> <span class='ocrx_word' id='word_1_888' title='bbox 2570 5140 2787 5209; x_wconf 88' lang='lat' dir='ltr'><strong>quidem</strong></span> <span class='ocrx_word' id='word_1_889' title='bbox 2811 5154 3027 5208; x_wconf 88' lang='lat' dir='ltr'><strong>operam</strong></span> <span class='ocrx_word' id='word_1_890' title='bbox 3056 5137 3404 5192; x_wconf 89' lang='lat' dir='ltr'><strong>adhibeamus</strong></span> <span class='ocrx_word' id='word_1_891' title='bbox 3433 5154 3500 5193; x_wconf 90' lang='lat' dir='ltr'><strong>ne</strong></span> <span class='ocrx_word' id='word_1_892' title='bbox 3525 5139 3606 5192; x_wconf 80' lang='lat' dir='ltr'><strong>la-</strong></span> 
     </span>
    </p>
   </div>
   <div class='ocr_carea' id='block_1_113' title="bbox 2022 5229 3604 5302">
    <p class='ocr_par' dir='ltr' id='par_1_113' title="bbox 2022 5229 3604 5302">
     <span class='ocr_line' id='line_1_113' title="bbox 2022 5229 3604 5302; baseline -0.001 -15"><span class='ocrx_word' id='word_1_893' title='bbox 2022 5234 2211 5287; x_wconf 88' lang='lat' dir='ltr'><strong>hamur</strong></span> <span class='ocrx_word' id='word_1_894' title='bbox 2239 5250 2252 5286; x_wconf 89' lang='lat'><strong>:</strong></span> <span class='ocrx_word' id='word_1_895' title='bbox 2284 5233 2379 5287; x_wconf 89' lang='lat' dir='ltr'><strong>sed</strong></span> <span class='ocrx_word' id='word_1_896' title='bbox 2420 5232 2462 5286; x_wconf 93' lang='lat' dir='ltr'><strong>si</strong></span> <span class='ocrx_word' id='word_1_897' title='bbox 2504 5234 2556 5286; x_wconf 92' lang='lat' dir='ltr'><strong>in</strong></span> <span class='ocrx_word' id='word_1_898' title='bbox 2601 5242 2816 5302; x_wconf 90' lang='lat' dir='ltr'><strong>peccata</strong></span> <span class='ocrx_word' id='word_1_899' title='bbox 2862 5230 3182 5299; x_wconf 87' lang='lat' dir='ltr'><strong>quandoque</strong></span> <span class='ocrx_word' id='word_1_900' title='bbox 3220 5229 3604 5298; x_wconf 88' lang='lat' dir='ltr'><strong>inciderimus,</strong></span> 
     </span>
    </p>
   </div>
   <div class='ocr_carea' id='block_1_114' title="bbox 2022 5319 3606 5390">
    <p class='ocr_par' dir='ltr' id='par_1_114' title="bbox 2022 5319 3606 5390">
     <span class='ocr_line' id='line_1_114' title="bbox 2022 5319 3606 5390; baseline -0.001 -11"><span class='ocrx_word' id='word_1_901' title='bbox 2022 5324 2331 5379; x_wconf 79' lang='lat' dir='ltr'><strong>Studeamus</strong></span> <span class='ocrx_word' id='word_1_902' title='bbox 2356 5323 2599 5377; x_wconf 88' lang='lat' dir='ltr'><strong>celeriter</strong></span> <span class='ocrx_word' id='word_1_903' title='bbox 2626 5336 2921 5390; x_wconf 83' lang='lat' dir='ltr'><strong>resurgere,</strong></span> <span class='ocrx_word' id='word_1_904' title='bbox 2946 5328 3001 5375; x_wconf 90' lang='lat' dir='ltr'><strong>et</strong></span> <span class='ocrx_word' id='word_1_905' title='bbox 3036 5335 3138 5373; x_wconf 90' lang='lat' dir='ltr'><strong>non</strong></span> <span class='ocrx_word' id='word_1_906' title='bbox 3179 5319 3230 5373; x_wconf 94' lang='lat' dir='ltr'><strong>in</strong></span> <span class='ocrx_word' id='word_1_907' title='bbox 3264 5321 3439 5389; x_wconf 89' lang='lat' dir='ltr'><strong>priora</strong></span> <span class='ocrx_word' id='word_1_908' title='bbox 3466 5323 3606 5378; x_wconf 84' lang='lat' dir='ltr'><strong>reci-</strong></span> 
     </span>
    </p>
   </div>
   <div class='ocr_carea' id='block_1_115' title="bbox 2022 5411 3602 5484">
    <p class='ocr_par' dir='ltr' id='par_1_115' title="bbox 2022 5411 3602 5484">
     <span class='ocr_line' id='line_1_115' title="bbox 2022 5411 3602 5484; baseline -0.003 -12"><span class='ocrx_word' id='word_1_909' title='bbox 2022 5418 2173 5484; x_wconf 89' lang='lat' dir='ltr'><strong>dere,</strong></span> <span class='ocrx_word' id='word_1_910' title='bbox 2198 5433 2261 5471; x_wconf 91' lang='lat' dir='ltr'><strong>ne</strong></span> <span class='ocrx_word' id='word_1_911' title='bbox 2287 5430 2348 5469; x_wconf 90' lang='lat' dir='ltr'><strong>ea</strong></span> <span class='ocrx_word' id='word_1_912' title='bbox 2382 5414 2658 5467; x_wconf 89' lang='lat' dir='ltr'><strong>audiamus</strong></span> <span class='ocrx_word' id='word_1_913' title='bbox 2687 5428 2807 5482; x_wconf 73' lang='lat' dir='ltr'><strong>qua:</strong></span> <span class='ocrx_word' id='word_1_914' title='bbox 2842 5412 3054 5466; x_wconf 91' lang='lat' dir='ltr'><strong>fuerunt</strong></span> <span class='ocrx_word' id='word_1_915' title='bbox 3100 5411 3240 5466; x_wconf 88' lang='lat' dir='ltr'><strong>dicta</strong></span> <span class='ocrx_word' id='word_1_916' title='bbox 3276 5413 3602 5484; x_wconf 85' lang='lat' dir='ltr'><strong>paralytico,</strong></span> 
     </span>
    </p>
   </div>
   <div class='ocr_carea' id='block_1_116' title="bbox 2023 5503 3605 5577">
    <p class='ocr_par' dir='ltr' id='par_1_116' title="bbox 2023 5503 3605 5577">
     <span class='ocr_line' id='line_1_116' title="bbox 2023 5503 3605 5577; baseline -0.013 -12"><span class='ocrx_word' id='word_1_917' title='bbox 2023 5511 2155 5564; x_wconf 83' lang='lat' dir='ltr'><strong>Ecce</strong></span> <span class='ocrx_word' id='word_1_918' title='bbox 2178 5524 2331 5564; x_wconf 89' lang='lat' dir='ltr'><strong>sanus</strong></span> <span class='ocrx_word' id='word_1_919' title='bbox 2359 5510 2526 5577; x_wconf 75' lang='lat' dir='ltr'><strong>factus</strong></span> <span class='ocrx_word' id='word_1_920' title='bbox 2552 5522 2623 5572; x_wconf 90' lang='lat' dir='ltr'><strong>es,</strong></span> <span class='ocrx_word' id='word_1_921' title='bbox 2652 5505 2755 5557; x_wconf 87' lang='lat' dir='ltr'><strong>noli</strong></span> <span class='ocrx_word' id='word_1_922' title='bbox 2778 5503 2997 5572; x_wconf 86' lang='lat' dir='ltr'><strong>amplius</strong></span> <span class='ocrx_word' id='word_1_923' title='bbox 3024 5518 3248 5574; x_wconf 83' lang='lat' dir='ltr'><strong>peccare,</strong></span> <span class='ocrx_word' id='word_1_924' title='bbox 3279 5518 3343 5557; x_wconf 86' lang='lat' dir='ltr'><strong>ne</strong></span> <span class='ocrx_word' id='word_1_925' title='bbox 3366 5505 3488 5574; x_wconf 74' lang='lat' dir='ltr'><strong>quid</strong></span> <span class='ocrx_word' id='word_1_926' title='bbox 3514 5505 3605 5558; x_wconf 70' lang='lat' dir='ltr'><strong>de-</strong></span> 
     </span>
    </p>
   </div>
   <div class='ocr_carea' id='block_1_117' title="bbox 2085 5680 3605 5752">
    <p class='ocr_par' dir='ltr' id='par_1_117' title="bbox 2085 5680 3605 5752">
     <span class='ocr_line' id='line_1_117' title="bbox 2085 5680 3605 5752; baseline -0.014 -12"><span class='ocrx_word' id='word_1_927' title='bbox 2085 5687 2305 5752; x_wconf 75' lang='lat' dir='ltr'><strong>(a)_ﬂtec</strong></span> <span class='ocrx_word' id='word_1_928' title='bbox 2325 5684 2682 5752; x_wconf 73' lang='lat' dir='ltr'><strong>interpretatio</strong></span> <span class='ocrx_word' id='word_1_929' title='bbox 2694 5681 2833 5742; x_wconf 89' lang='lat' dir='ltr'><strong>cujus</strong></span> <span class='ocrx_word' id='word_1_930' title='bbox 2861 5681 2925 5752; x_wconf 75' lang='lat' dir='ltr'><strong>sit</strong></span> <span class='ocrx_word' id='word_1_931' title='bbox 2958 5680 3205 5743; x_wconf 82' lang='lat' dir='ltr'><strong>ignoratur</strong></span> <span class='ocrx_word' id='word_1_932' title='bbox 3231 5693 3245 5731; x_wconf 87' lang='lat'><strong>:</strong></span> <span class='ocrx_word' id='word_1_933' title='bbox 3271 5692 3490 5744; x_wconf 81' lang='lat' dir='ltr'><strong>sequens</strong></span> <span class='ocrx_word' id='word_1_934' title='bbox 3525 5693 3605 5731; x_wconf 70' lang='lat' dir='ltr'><strong>au.</strong></span> 
     </span>
    </p>
   </div>
   <div class='ocr_carea' id='block_1_118' title="bbox 2022 5741 3042 5814">
    <p class='ocr_par' dir='ltr' id='par_1_118' title="bbox 2022 5741 3042 5814">
     <span class='ocr_line' id='line_1_118' title="bbox 2022 5741 3042 5814; baseline 0.001 -1"><span class='ocrx_word' id='word_1_935' title='bbox 2022 5741 2221 5814; x_wconf 62' lang='grc' dir='ltr'><strong>ιθπὶξξίη</strong></span> <span class='ocrx_word' id='word_1_936' title='bbox 2238 5745 2419 5814; x_wconf 54' lang='lat' dir='ltr'><strong>ambitu</strong></span> <span class='ocrx_word' id='word_1_937' title='bbox 2440 5741 2536 5805; x_wconf 68' lang='grc' dir='ltr'><strong>ιὶοον</strong></span> <span class='ocrx_word' id='word_1_938' title='bbox 2566 5751 2643 5814; x_wconf 58' lang='lat' dir='ltr'><strong>es!</strong></span> <span class='ocrx_word' id='word_1_939' title='bbox 2662 5741 2943 5814; x_wconf 59' lang='grc' dir='ltr'><strong>εῖηπιῑιθωιί·</strong></span> <span class='ocrx_word' id='word_1_940' title='bbox 2981 5741 3009 5814; x_wconf 63' lang='grc'><strong>“.</strong></span> <span class='ocrx_word' id='word_1_941' title='bbox 3032 5804 3042 5814; x_wconf 93' lang='grc'>.</span> 
     </span>
    </p>
   </div>
   <div class='ocr_carea' id='block_1_119' title="bbox 2086 5798 3604 5875">
    <p class='ocr_par' dir='ltr' id='par_1_119' title="bbox 2086 5798 3604 5875">
     <span class='ocr_line' id='line_1_119' title="bbox 2086 5798 3604 5875; baseline -0.007 -14"><span class='ocrx_word' id='word_1_942' title='bbox 2086 5798 2301 5875; x_wconf 45' lang='lat' dir='ltr'><strong>(bitiae</strong></span> <span class='ocrx_word' id='word_1_943' title='bbox 2322 5798 2663 5872; x_wconf 81' lang='lat' dir='ltr'><strong>interpretatio</strong></span> <span class='ocrx_word' id='word_1_944' title='bbox 2685 5798 2762 5875; x_wconf 76' lang='lat' dir='ltr'><strong>est</strong></span> <span class='ocrx_word' id='word_1_945' title='bbox 2776 5798 3046 5875; x_wconf 68' lang='lat' dir='ltr'><strong>Symmachi</strong></span> <span class='ocrx_word' id='word_1_946' title='bbox 3083 5803 3351 5856; x_wconf 88' lang='lat' dir='ltr'><strong>secundum</strong></span> <span class='ocrx_word' id='word_1_947' title='bbox 3390 5802 3604 5852; x_wconf 66' lang='lat' dir='ltr'><strong>Theudo-</strong></span> 
     </span>
    </p>
   </div>
   <div class='ocr_carea' id='block_1_120' title="bbox 2026 5866 3046 5934">
    <p class='ocr_par' dir='ltr' id='par_1_120' title="bbox 2026 5866 3046 5934">
     <span class='ocr_line' id='line_1_120' title="bbox 2026 5866 3046 5934; baseline -0.01 -7"><span class='ocrx_word' id='word_1_948' title='bbox 2026 5866 2188 5927; x_wconf 71' lang='lat' dir='ltr'><strong>reiuin</strong></span> <span class='ocrx_word' id='word_1_949' title='bbox 2214 5886 2224 5922; x_wconf 94' lang='lat'>:</span> <span class='ocrx_word' id='word_1_950' title='bbox 2252 5866 2673 5934; x_wconf 60' lang='lat' dir='ltr'><strong>catem&#39;quorum</strong></span> <span class='ocrx_word' id='word_1_951' title='bbox 2696 5868 2793 5917; x_wconf 85' lang='lat' dir='ltr'><strong>sint</strong></span> <span class='ocrx_word' id='word_1_952' title='bbox 2816 5866 3046 5917; x_wconf 79' lang='lat' dir='ltr'><strong>nescitur.</strong></span> 
     </span>
    </p>
   </div>
  </div>
