4018 6268
456 475 551 529 δίι

454 583 609 640 terius
631 579 716 636 tibi
743 579 997 648 contingat
1028 575 1207 644 (Joan.
1240 575 1296 628 5.
1328 572 1435 642 14).
1471 567 1928 638 PrOpterca'cnitn
1958 565 2034 617 sic

457 677 610 740 dixit,
633 684 691 728 et
707 673 878 728 bonos
893 671 1093 724 docens
1120 675 1178 721 ut
1198 666 1448 720 virtutem
1479 675 1668 717 secure
1695 664 2034 719 conservent,

457 778 512 822 et
538 764 629 836 qui
656 763 946 818 liberantur
970 774 1000 812 a
1026 756 1272 828 peccatis,
1305 755 1357 809 in
1383 754 1582 823 optima
1613 748 1904 805 mutatione
1929 762 2040 800 ma-

459 862 655 922 neant,
694 863 751 910 ut
779 867 967 910 omnes
1006 850 1361 906 communiter
1397 847 1534 901 bona
1576 843 1808 900 caelestia
1847 855 2040 895 conse-

459 955 690 1018 quantur
718 961 731 998 :
760 944 952 1018 quibus
980 940 1137 996 detur
1161 938 1317 995 nobis
1341 935 1592 991 omnibus
1621 933 1722 988 frui
1747 972 1762 996 ,
1791 930 1959 1002 gratia
1987 937 2043 984 et

462 1039 787 1110 benignitate
830 1034 1035 1091 Domini
1065 1032 1232 1088 nostri
1260 1030 1387 1085 Jesn
1415 1027 1647 1093 Christi,
1675 1024 1763 1081 cui
1790 1023 1956 1094 gloria
1987 1028 2043 1074 et

463 1130 698 1200 potentia
722 1128 778 1183 iu
796 1125 991 1182 saecula
1018 1124 1357 1180 saeculorum.
1385 1121 1572 1174 Amen.

917 1257 982 1312 IN
1016 1252 1338 1311 PSALMUM
1375 1248 1587 1305 CXXII.

504 1377 552 1429 l.
592 1373 672 1430 Ad
701 1383 747 1426 te
774 1371 930 1426 levavi
957 1367 1125 1423 oculos
1151 1382 1306 1430 nteos,
1336 1379 1420 1434 qut
1449 1360 1642 1414 habitas
1670 1359 1722 1413 in
1752 1357 1877 1412 cazlo
1901 1355 2003 1424 (a).

536 1484 698 1540 Vides
744 1483 938 1552 ubique
983 1479 1239 1546 effulgens
1273 1472 1594 1544 captivitatis
1639 1470 1866 1524 lucrum.
1912 1465 2044 1521 Nam

465 1575 552 1645 qui
579 1573 922 1630 saecularibus
959 1578 1114 1625 erant
1141 1568 1299 1624 rebus
1337 1563 1503 1624 affixi.
1531 1571 1586 1618 et
1617 1561 1850 1632 Assyriis
1874 1557 2044 1628 Egy-

464 1666 692 1738 ptiisque
718 1662 976 1728 ﬁdebant,
1010 1673 1217 1715 necnon
1245 1669 1519 1710 murorum
1547 1649 1768 1707 ambitui
1797 1660 1852 1705 et
1887 1662 2048 1718 pecus

465 1737 675 1812 uiarum
704 1755 902 1825 copim,
933 1751 1001 1807 ab
1046 1750 1150 1804 illis
1187 1747 1434 1802 omnibus
1467 1757 1588 1798 sese
1629 1741 1936 1802 avellentes,
1980 1737 2047 1794 ad

468 1851 719 1905 invictam
746 1859 962 1901 manum
991 1840 1320 1910 confugiunt,
1342 1837 1410 1892 ab
1430 1836 1520 1890 illa
1547 1850 1642 1904 spe
1673 1832 1941 1904 pendent;
1964 1840 2052 1885 at-

465 1956 573 2010 que
601 1937 812 1994 excelsa
854 1933 1100 1990 instructi
1144 1938 1321 1986 mente
1349 1968 1365 1993 ,
1397 1942 1428 1982 a
1459 1926 1686 1982 terrenis
1722 1922 1923 1987 avulsi;
1952 1935 2051 1977 nec

465 2030 724 2102 templum
745 2043 844 2099 pro
883 2041 1033 2081 more
1061 2023 1208 2079 adire
1231 2021 1472 2077 valentes
1495 2060 1513 2086 ,
1541 2017 1681 2089 quod
1722 2018 2050 2073 destructum

466 2125 681 2191 fuerat,
719 2137 752 2176 a
779 2120 912 2176 calo
946 2120 1110 2174 Deum
1153 2116 1366 2172 tandem
1396 2114 1662 2169 invocant.
1693 2111 1748 2165 In
1791 2112 1925 2167 caelo
1953 2125 2050 2165 au-

469 2228 578 2272 tem
605 2213 846 2269 habitare
870 2212 1065 2267 dicitur
1092 2226 1110 2276 ;
1137 2223 1242 2264 non
1279 2207 1432 2278 quasi
1469 2207 1587 2260 loco
1619 2204 2053 2273 circumscriptus

470 2309 540 2363 sit
562 2349 578 2374 ,
605 2305 746 2363 absit
774 2324 788 2360 :
821 2305 935 2373 ipse
969 2304 1164 2380 quippe
1204 2299 1384 2356 omnia
1430 2298 1652 2368 implet;
1679 2295 1773 2351 sed
1806 2296 1957 2366 quasi
1997 2295 2055 2351 in

470 2397 778 2454 caelestibus
803 2395 906 2450 illis
930 2392 1280 2464 potestatibus
1301 2390 1538 2460 quiescat
1569 2396 1624 2442 et
1652 2396 1900 2452 maneat;
1931 2400 2054 2440 nam

472 2493 669 2547 dicitur
692 2491 853 2545 etiam
877 2489 930 2544 in
961 2486 1264 2542 hominibus
1284 2483 1523 2540 habitare
1547 2498 1561 2535 :
1590 2479 1893 2534 lnhebitabo
1921 2478 2056 2532 enim

472 2586 526 2639 in
569 2584 694 2650 illis,
720 2591 767 2636 et
803 2579 1124 2634 inambulabo
1151 2578 1228 2650 (2.
1253 2574 1370 2632 Cor.
1405 2576 1458 2631 6.
1489 2575 1599 2644 l6).
1631 2573 1763 2629 Cum
1799 2573 1957 2640 igitur
1999 2570 2057 2626 in

474 2675 820 2730 barbarorum
845 2673 1058 2742 regione
1082 2671 1374 2740 degerent,
1400 2683 1507 2722 non
1533 2665 1784 2721 mediocri
1815 2663 2057 2720 doctrina

474 2766 661 2822 imbuti
686 2775 838 2830 sunt;
870 2779 937 2819 eo
967 2763 1109 2835 quod
1136 2762 1344 2818 scilicet
1367 2776 1396 2814 a
1418 2761 1542 2814 vitae
1561 2757 1855 2812 commodis
1880 2755 2057 2810 omni-

473 2857 576 2912 bus
602 2857 918 2924 sequestrati
944 2862 1159 2921 essent,
1189 2853 1564 2920 discerenlque
1583 2891 1600 2916 ,
1630 2849 1822 2918 ubique
1855 2847 2018 2902 Deum
2038 2888 2054 2913 ,

471 2951 519 3005 si
548 2950 822 3004 invocetur
845 2989 859 3012 ,
893 2947 1044 3002 facile
1073 2945 1317 3015 precibus
1354 2957 1610 2998 annnerc.
1638 2941 1771 3008 Quia
1799 2939 1941 2994 enim
1979 2938 2062 2992 fu-

472 3053 649 3095 turum
675 3048 806 3104 erat,
841 3046 896 3092 ut
937 3038 1059 3092 novi
1090 3035 1212 3088 vita:
1241 3033 1463 3087 instituti
1507 3030 1684 3084 radius
1707 3031 1919 3083 demum
1955 3027 2060 3080 ori-

475 3129 875 3199 retur,incipit
903 3127 1158 3198 propheta
1193 3140 1312 3195 quze
1359 3123 1533 3178 futura
1578 3129 1731 3176 erant
1775 3120 2059 3188 attingere,

476 3225 714 3279 locorum
741 3220 1164 3276 observationem
1196 3216 1391 3271 sensim
1431 3225 1483 3269 et
1528 3213 1678 3284 quasi
1711 3226 1804 3281 per
1835 3212 2058 3280 aenigma

478 3313 696 3370 solvens
723 3313 1044 3380 tollensque.
1072 3309 1126 3363 2.
1176 3305 1308 3362 Ecce
1353 3307 1483 3360 sicut
1531 3303 1667 3359 oculi
1713 3319 1967 3358 seruorum
2007 3303 2066 3356 in}

480 3404 712 3457 manibus
737 3403 1054 3455 dominorum
1077 3415 1318 3462 suorum;
1345 3398 1471 3452 sicut
1498 3396 1630 3450 oculi
1654 3395 1854 3449 ancillis
1880 3395 1931 3446 in
1961 3409 2063 3446 nta-

480 3496 625 3550 nibus
649 3494 866 3548 domina!
891 3508 996 3546 suta
1019 3507 1041 3546 :
1065 3494 1138 3546 ita
1161 3490 1294 3544 oculi
1330 3489 1486 3544 nostri
1512 3487 1580 3542 ad
1607 3486 1875 3540 Dominum
1905 3484 2064 3539 Deum

475 3595 728 3650 nostrum,
757 3582 913 3637 donec
942 3583 1235 3636 misereatur
1256 3580 1432 3634 nostri.
1463 3578 1557 3634 ilic
1596 3578 1754 3632 etiam
1788 3576 1905 3632 vide
1950 3577 2064 3646 pie-

476 3657 638 3731 tateni
669 3675 930 3742 vigentem
956 3683 1008 3727 et
1031 3671 1236 3725 firmam
1267 3689 1278 3723 :
1315 3684 1417 3722 non
1445 3668 1585 3723 enim
1608 3667 1674 3721 ad
1703 3666 1864 3721 breve
1890 3667 2064 3720 solum

475 3781 691 3839 tempus
730 3775 966 3838 sperant,
999 3764 1093 3820 sed
1119 3764 1318 3818 diutius
1348 3760 1493 3817 affixi
1519 3768 1574 3816 et
1607 3759 1935 3814 anhelantes.
1975 3757 2064 3812 id-

474 3865 654 3930 eoque
677 3857 977 3927 exemplum
1021 3857 1075 3910 in
1121 3854 1352 3909 medium
1392 3852 1714 3916 attulerunt,
1749 3849 1848 3902 hoe
1891 3849 2064 3917 ipsum

472 3952 896 4015 subindtcantes,
940 3965 1046 4002 non
1087 3946 1300 4001 aliunde
1343 3944 1442 4000 sibi
1491 3958 1640 4012 spem
1667 3941 1854 3996 adesse
1883 3938 2065 3995 auxilii

476 4054 530 4100 et
567 4043 962 4113 suppetiarum,
992 4054 1158 4109 seque
1196 4036 1327 4091 nihil
1356 4033 1496 4090 aliud
1522 4043 1798 4103 spectare:
1829 4030 2069 4101 quando-

471 4135 695 4208 quidem
742 4131 932 4188 ancilla
976 4140 1030 4186 et
1073 4143 1262 4185 servus
1301 4126 1404 4182 hoc
1449 4141 1611 4180 unum
1658 4123 1854 4178 habent
1888 4121 2068 4178 subsi-

477 4229 622 4283 dium
643 4268 661 4293 ,
687 4241 792 4297 quo
833 4227 1030 4281 victum
1059 4233 1114 4278 et
1143 4222 1391 4277 vestitum
1422 4227 1719 4288 czeteraque
1767 4217 2072 4272 necessaria

475 4325 810 4388 comparent,
834 4325 891 4370 ut
915 4316 982 4370 ad
1016 4313 1177 4368 heros
1213 4326 1344 4368 suos
1368 4308 1690 4378 respiciant;
1723 4321 1896 4377 neque
1916 4321 2068 4362 rece-

481 4411 642 4476 dunt,
667 4409 763 4465 sed
799 4414 1112 4478 exspectant
1133 4405 1305 4460 donec
1330 4400 1660 4471 acceperint,
1684 4407 1738 4454 et
1765 4414 1889 4453 eum
1918 4412 2072 4454 rece-

485 4501 694 4570 perint,
729 4500 925 4568 gratias
964 4497 1204 4552 habent:
1233 4493 1468 4563 illudque
1512 4493 1684 4561 ipsum
1729 4487 1942 4544 assidue
1987 4487 2068 4542 fa-

481 4591 650 4645 ciunt.
675 4588 747 4644 Ut
785 4589 885 4643 hoc
918 4587 1076 4657 igitur
1116 4585 1392 4650 ostendat,
1426 4585 1570 4652 ipsos
1608 4581 1813 4636 scilicet
1849 4577 1917 4634 ad
1945 4591 2072 4635 eum

484 4679 774 4750 respicere,
801 4677 958 4747 idque
993 4674 1206 4731 assidue
1248 4682 1532 4743 praestare,
1559 4672 1868 4740 nullamque
1910 4669 2072 4724 aliam

481 4785 635 4842 spem
665 4768 896 4834 habere,
927 4767 1021 4822 sed
1060 4764 1218 4834 hujus
1243 4764 1476 4834 praesidii
1513 4760 1898 4831 exspectationi
1932 4759 2073 4815 deti-

486 4878 584 4919 xos
610 4874 763 4925 esse,
792 4867 976 4930 utpote
1000 4871 1226 4928 quorum
1255 4855 1431 4910 omnia
1473 4854 1610 4908 bona
1639 4853 1778 4906 illius
1804 4853 1944 4917 sint,
1972 4865 2072 4904 an-

480 4955 662 5008 cillam
687 4960 745 5008 et
772 4964 958 5006 servos
995 4944 1452 5003 commemoravit.
1483 4943 1616 4997 Vide
1656 4957 1762 5012 quo
1791 4953 1946 5010 pacto
1975 4940 2071 5005 illi,

482 5046 576 5116 qui
602 5043 748 5115 prius
775 5040 1137 5097 invitabantur
1165 5045 1222 5092 ut
1247 5035 1316 5091 ad
1340 5035 1501 5089 Deum
1528 5041 1806 5088 currerent
1829 5070 1843 5092 ,
1871 5039 1926 5086 et
1950 5046 2068 5086 cum

481 5150 683 5195 nausea
703 5143 758 5189 et
781 5118 996 5188 fastidio
1021 5129 1138 5184 lucc
1158 5127 1464 5190 audiebant,
1486 5124 1595 5194 jam
1627 5123 1929 5178 calamitate
1953 5136 2071 5175 me-

483 5232 649 5286 liores
694 5225 1002 5290 evaserint;
1032 5223 1102 5277 ita
1133 5231 1189 5275 ut
1217 5220 1284 5274 ah
1313 5218 1406 5273 illo
1441 5215 1698 5272 absistere
1742 5213 1942 5277 nolint,
1977 5210 2072 5266 sed

485 5328 771 5384 maneant,
817 5317 1090 5381 serviant,
1134 5310 1510 5383 postulentque
1547 5306 1718 5361 donec
1763 5305 2074 5359 misereatur

489 5416 747 5481 ipsorum.
777 5409 892 5466 Non
923 5408 1077 5474 dixit,
1107 5407 1285 5460 Donec
1315 5399 1616 5457 mercedem
1661 5397 1880 5462 reddat,
1903 5397 2075 5452 donec

493 5503 768 5574 praemium
797 5500 1074 5565 retribuat,
1105 5496 1220 5562 sed,
1251 5493 1424 5548 Donec
1450 5494 1760 5546 misereatur.
1785 5489 1866 5542 Tu
1897 5489 2072 5559 igitur,

553 5637 627 5697 (a)
651 5637 806 5698 ttujus
827 5633 994 5698 Psalmi
1020 5632 1378 5694 expositionem
1400 5641 1496 5678 non
1520 5627 1784 5698 G_entian_us
1807 5631 2073 5698 ltervetus,

493 5689 582 5746 sed
610 5689 746 5745 alios
782 5703 926 5744 vetus
961 5689 1216 5754 interpres
1247 5705 1311 5741 ex
1345 5698 1508 5740 Graeco
1541 5689 1732 5738 fecerat
1763 5701 1775 5736 :
1811 5699 1983 5735 verum
2011 5689 2074 5734 ita

493 5757 850 5804 mranhrastice
872 5790 886 5804 .
908 5764 963 5804 ut
998 5766 1078 5803 vix
1101 5765 1397 5804 anuesceres
1426 5751 1551 5800 hanc
1589 5751 1808 5804 insamne
1841 5760 1900 5796 an
1935 5746 2076 5798 aliam

491 5761 850 5820 paraphrastice
872 5790 886 5812 ,
908 5764 963 5804 ut
998 5766 1078 5803 vrx
1101 5765 1397 5815 agnosceres
1426 5761 1551 5800 hanc
1589 5761 1808 5812 ipsamne
1841 5761 1900 5796 an
1935 5761 2073 5798 altam

493 5819 765 5885 orationem
804 5816 1114 5883 biterpretari
1150 5813 1372 5865 voluerit.
1399 5819 1575 5861 Novam
1597 5823 1686 5859 nos
1710 5812 2073 5870 interpretatio-

495 5893 609 5936 rtem
631 5889 1039 5929 consumat-intus.

1155 463 1210 514 Β.
1253 459 1529 516 JOANNIS
1565 451 2039 512 CliRYSOS’I'OMI
2081 450 2396 505 AllCll'llth.
2437 449 2973 507 CONSTANTINOP.

3622 451 3724 506 35%

2143 583 2174 616 υ
2202 563 2380 626 homo,
2405 564 2617 618 assidue
2647 579 2922 632 permane,
2945 565 3059 618 sive
3084 564 3328 632 recipias,
3360 563 3476 618 sive
3503 579 3613 619 non
3643 581 3724 619 re-

2141 657 2342 726 cipias:
2372 657 2580 710 etiamsi
2617 672 2722 711 non
2757 656 3012 725 recipias,
3041 669 3112 711 ne
3138 655 3391 720 recedas,
3419 666 3474 711 et
3510 670 3725 725 pt'orsus

2141 749 2390 818 accipies.
2419 748 2552 803 Nam
2588 749 2634 803 si
2663 750 2958 818 principem
2977 749 3122 803 illm
3144 749 3412 804 crudelem
3441 750 3616 805 vidua:
3645 765 3727 806 as-

2142 840 2366 894 siduitas
2395 840 2618 905 inﬂexit,
2647 855 2804 910 quam
2834 840 3040 895 veniam
3069 841 3370 911 assequeris
3397 848 3476 907 tu,
3503 842 3598 911 qui
3621 851 3726 896 tam

2143 932 2250 985 cito
2293 931 2498 995 resiiis,
2529 939 2742 1001 torpes,
2767 940 2821 986 et
2847 931 3030 987 deficis
3054 931 3073 1002 (
3100 931 3228 986 Luc.
3259 932 3348 999 18)
3372 931 3398 984 ?
3420 932 3535 987 Non
3582 933 3729 988 vides

2145 1023 2411 1093 quomodo
2438 1023 2647 1079 ancillm
2675 1039 2706 1077 a
2734 1025 2990 1078 matronis
3018 1023 3268 1094 pendent,
3297 1024 3426 1079 dum
3454 1041 3553 1080 nec
3582 1042 3729 1081 men-

2149 1123 2253 1170 tem
2279 1129 2379 1170 nec
2403 1115 2614 1170 oculum
2639 1116 2743 1170 aiio
2763 1116 2943 1185 vagari
2965 1116 3187 1170 sinunt?
3215 1116 3304 1170 Sic
3330 1125 3383 1169 tu
3412 1118 3572 1171 facito
3601 1135 3616 1172 :
3644 1133 3729 1171 se-

2147 1220 2313 1275 quere
2359 1206 2524 1261 Deum
2579 1207 2770 1271 solum,
2811 1206 3038 1275 aliisque
3089 1205 3340 1259 omnibus
3392 1207 3630 1261 dimissis
3666 1223 3726 1262 ex

2149 1312 2373 1352 numero
2401 1312 2676 1352 servorum
2705 1299 2822 1368 ejus
2846 1307 2982 1364 esto,
3013 1307 3066 1352 et
3090 1313 3439 1368 quaecumque
3465 1299 3558 1353 tibi
3584 1301 3729 1353 utilia

2151 1389 2384 1458 petieris,
2419 1389 2746 1458 impetrabis.

2219 1481 2305 1537 Ea
2327 1482 2670 1536 misericordia
2709 1482 2923 1536 salutem
2951 1482 3322 1552 consequimur.
3369 1507 3442 1523 -ι
3480 1483 3533 1536 5.
3576 1481 3730 1536 Niss-

2150 1589 2260 1628 rere
2282 1573 2461 1638 nostri,
2491 1571 2725 1637 Domine,
2754 1573 2990 1627 miserere
3016 1572 3198 1637 nostri,
3227 1573 3350 1643 quia
3391 1571 3612 1626 multum
3647 1589 3730 1627 rc-

2153 1665 2274 1734 plcti
2302 1681 2478 1718 sumus
2501 1664 2833 1733 despectione.
2877 1664 2931 1717 4.
2977 1662 3201 1717 Multum
3239 1661 3435 1734 repleto
3459 1671 3534 1717 est
3561 1663 3731 1717 animi

2153 1765 2340 1812 nostra.
2373 1755 2560 1810 Vidisti
2609 1757 2898 1811 contritum
2943 1755 3218 1810 animum?
3266 1755 3344 1810 Ex
3370 1755 3733 1811 misericordia

2152 1851 2377 1904 salutem
2405 1848 2659 1919 consequi
2697 1859 2924 1919 rogant;
2970 1849 3077 1902 imo
3103 1862 3204 1902 nec
3234 1861 3302 1902 ex
3345 1847 3732 1910 misericordia.

2152 1941 2304 2012 quasi
2328 1957 2445 1996 eam
2483 1949 2789 1996 mereantur
2819 1958 2832 1994 :
2859 1938 2953 1993 sed
2984 1939 3105 2008 quia
3145 1952 3365 2008 magnas
3393 1937 3596 1994 dedere
3625 1952 3736 2008 ρω-

2154 2049 2271 2097 nas,
2319 2040 2376 2087 ut
2418 2032 2494 2087 ait
2538 2031 2719 2087 Daniel
2751 2030 2954 2087 τι)Μὶ
2997 2030 3119 2102 facti
3146 2046 3319 2085 suum
3360 2045 3467 2101 pm
3505 2032 3739 2084 omnibus

2153 2125 2382 2198 gentibus
2416 2140 2529 2196 qua
2567 2133 2684 2178 sunt
2725 2140 2874 2194 super
2915 2121 3130 2177 tcrram‘
3171 2121 3330 2188 (Dan.
3372 2121 3426 2177 5.
3455 2120 3546 2192 57)
3601 2142 3614 2175 :
3664 2123 3741 2176 id-

2155 2219 2327 2288 ipsum
2359 2217 2433 2271 illi
2469 2216 2655 2271 dicunt
2688 2217 2740 2269 in
2785 2217 3090 2285 precatione
3121 2229 3238 2269 sua.
3267 2214 3574 2269 Extremam
3603 2216 3744 2284 passi

2157 2325 2342 2366 sumus
2378 2311 2671 2377 miseriam,
2699 2311 2863 2380 patria
2894 2320 2948 2364 et
2974 2309 3221 2365 libertate
3255 2307 3550 2362 excidimus
3576 2325 3590 2360 :
3622 2308 3745 2362 bar-

2155 2403 2410 2459 barorum
2453 2403 2616 2468 servi,
2652 2401 2704 2457 in
2751 2401 3054 2472 opprobriis
3095 2399 3186 2455 diu
3232 2411 3528 2464 versamur,
3581 2398 3745 2463 fame,

2158 2495 2335 2551 inedia
2369 2503 2424 2550 et
2451 2494 2540 2548 siti
2573 2493 2876 2563 consumpti
2906 2509 2919 2545 :
2948 2490 3218 2561 consputi,
3253 2491 3553 2546 conculcati
3583 2506 3745 2546 omne

2161 2598 2368 2657 tempus
2413 2587 2804 2656 transegimus:
2837 2585 2957 2640 ideo
2985 2600 3145 2654 parce
3177 2593 3232 2640 et
3274 2584 3532 2640 miserere
3569 2583 3744 2639 nobis.

2159 2680 2294 2748 Quid
2318 2688 2494 2742 autem
2511 2679 2613 2734 sibi
2633 2679 2764 2743 vult,
2794 2677 3012 2732 Multum
3035 2677 3226 2747 repleta
3245 2686 3317 2731 est
3335 2678 3508 2730 enim
3529 2687 3708 2732 nostra
3723 2679 3748 2730 r

2160 2771 2299 2844 Ipsa,
2337 2771 2525 2841 inquit,
2571 2771 2748 2824 anima
2781 2778 2960 2823 nostra
3000 2769 3172 2823 soluta
3199 2777 3301 2833 est,
3335 2767 3599 2823 labefacta
3630 2783 3748 2823 ma-

2159 2865 2436 2935 gnitudine
2461 2863 2742 2918 malorum.
2791 2861 2980 2916 Multos
3009 2859 3191 2915 videre
3217 2867 3302 2914 est
3320 2859 3408 2929 qui
3437 2859 3554 2914 dire
3575 2860 3749 2914 vexati

2163 2955 2371 3010 fortiter
2412 2954 2604 3008 ferunt.
2655 2955 2725 3007 At
2767 2967 2885 3018 nos,
2931 2951 3196 3022 inquiunt,
3242 2950 3345 3006 hoc
3373 2949 3748 3021 perdidimus:

2163 3063 2304 3118 aegre
2334 3047 2552 3100 ferimus
2596 3043 2796 3107 afflicti,
2827 3043 3138 3112 frangimur.
3182 3041 3316 3107 Quia
3353 3042 3496 3095 enim
3526 3041 3750 3095 honori-

2164 3137 2262 3193 bus
2291 3152 2394 3191 non
2421 3144 2481 3190 ut
2518 3151 2613 3204 par
2640 3143 2754 3190 erat
2781 3134 2863 3188 usi
2891 3134 3122 3197 fuerant,
3144 3133 3427 3188 contrariis
3463 3146 3558 3187 eos
3587 3132 3751 3188 rebus

2163 3230 2388 3300 castigat
2429 3229 2591 3293 Deus,
2622 3225 2764 3298 quod
2805 3226 3002 3296 ubique
3045 3225 3328 3280 facientem
3375 3223 3523 3278 illum
3567 3223 3751 3278 videro

2167 3333 2468 3391 possumus.
2501 3317 2591 3372 Sic
2623 3325 2680 3372 et
2706 3314 2970 3371 Adamum
2997 3315 3121 3385 quia
3148 3313 3377 3385 paradisi
3423 3313 3753 3368 habitatione

2165 3429 2273 3469 non
2305 3423 2450 3469 recte
2492 3425 2621 3466 usus
2662 3419 2796 3476 erat,
2826 3409 3086 3480 ejectione
3129 3408 3391 3476 correxit,
3435 3419 3490 3464 et
3531 3422 3749 3463 uxorem

2165 3521 2284 3576 qua:
2309 3521 2373 3560 ex
2406 3503 2624 3558 honoris
2647 3502 2948 3572 mqualitate
2971 3501 3121 3571 pejor
3134 3510 3395 3565 evaserat,
3422 3502 3678 3554 servitute
3697 3509 3750 3554 et

2166 3600 2495 3668 subjectione
2530 3596 2804 3650 meliorem
2833 3593 2977 3648 fecit.
3004 3591 3154 3662 ipsos
3183 3606 3397 3662 quoque
3419 3590 3655 3656 Judmos,
3683 3591 3754 3644 li-

2167 3691 2373 3746 bertate
2409 3697 2464 3744 et
2487 3687 2734 3742 diuturna
2756 3685 2900 3741 demi
2921 3687 3207 3740 securitate
3236 3685 3288 3738 in
3317 3683 3472 3753 pejus
3493 3692 3748 3748 mutatos,

2167 3779 2415 3846 eﬂrenes,
2439 3787 2493 3834 et
2510 3778 2816 3841 dissolutos,
2843 3791 2937 3846 per
2956 3775 3221 3829 contraria
3242 3775 3480 3844 corrigit.
3508 3773 3570 3828 lii
3595 3788 3754 3843 porro

2169 3869 2586 3926 misericordiam
2609 3867 2862 3937 consequi
2883 3875 3150 3936 rogantes,
3180 3865 3348 3919 Deum
3371 3867 3450 3919 sic
3473 3865 3754 3934 alloquun-

2171 3972 2256 4017 tur
2284 3980 2298 4017 :
2323 3961 2544 4016 Multum
2587 3959 2780 4030 repleta
2821 3969 2896 4012 est
2940 3959 3112 4011 «ninia
3157 3966 3350 4010 nostra.
3403 3954 3749 4026 Opprobriam

2169 4053 2561 4118 abundantibus,
2592 4061 2640 4106 ct
2667 4050 2918 4120 dcapcctio
2961 4049 3210 4120 superbis.
3241 4048 3416 4115 Alius,
3463 4046 3643 4102 Multis
3666 4065 3754 4102 sa—

2172 4148 2294 4200 tiata
2337 4155 2410 4199 est
2438 4144 2612 4198 animo
2644 4153 2837 4207 nostra,
2870 4139 3249 4211 obloquentibus
3272 4139 3668 4206 abundantibus,
3707 4147 3752 4192 et

2171 4234 2556 4308 despicientibus
2577 4233 2826 4302 superbis.
2854 4232 3026 4298 Alius,
3061 4231 3470 4286 Subsannatione
3507 4245 3756 4300 arrogan-

2172 4330 2316 4382 tium.
2348 4326 2522 4393 Alius,
2553 4323 2884 4394 Despectione
2907 4337 3080 4376 eorum
3115 4321 3202 4389 qui
3241 4319 3386 4374 bonis
3413 4320 3647 4391 aﬂuant.
3691 4319 3754 4375 Hi

2174 4423 2332 4494 igitur
2377 4420 2553 4476 eidem
2605 4419 2812 4473 haerent
2852 4415 3156 4472 sententiae.
3195 4415 3563 4470 Calamitatem
3613 4415 3755 4470 enim

2171 4516 2453 4586 deplorant
2479 4528 2601 4568 cum
2626 4510 2847 4567 dicunt:
2878 4509 3080 4565 Satiata
3109 4518 3180 4561 est
3209 4509 3380 4562 anima
3406 4516 3582 4562 nostra
3617 4524 3757 4575 sper-

2173 4609 2444 4672 nentibus;
2480 4604 2826 4677 Septuaginta
2864 4618 2991 4658 vero
3020 4600 3161 4656 aliud
3206 4599 3432 4655 dicunt:
3461 4599 3760 4656 Transeant

2174 4701 2291 4755 haec
2327 4697 2394 4753 ad
2415 4696 2558 4763 illos,
2590 4705 2646 4751 et
2670 4693 2858 4750 iisdem
2888 4693 2987 4763 ipsi
3015 4693 3275 4758 fruantur,
3324 4705 3444 4760 qua:
3469 4689 3592 4745 aliis
3621 4689 3760 4745 fece-

2173 4797 2317 4854 runt,
2367 4801 2661 4857 eorumque
2706 4787 2872 4840 fastus
2913 4792 2969 4839 et
3007 4793 3184 4838 tumor
3221 4781 3572 4851 deprimatur.
3610 4779 3761 4848 Quod

2176 4898 2320 4953 saepe
2349 4879 2596 4937 evenisse
2611 4879 2886 4934 videamus
2913 4894 2928 4932 :
2953 4890 3076 4930 nam
3107 4875 3157 4929 id
3185 4873 3494 4943 frequenter
3518 4873 3660 4928 solet
3676 4871 3759 4927 fa-

2173 4990 2298 5030 cere
2321 4975 2479 5039 Deus,
2511 4986 2706 5040 nempe
2731 4970 2870 5025 altos
2897 4968 3117 5038 spiritus
3133 4974 3470 5022 assumentes
3488 4965 3763 5034 deprimit,

2175 5077 2230 5122 et
2260 5065 2471 5120 inflatos
2501 5062 2762 5124 humiliat,
2793 5071 2852 5115 ut
2891 5073 2986 5113 eos
3016 5058 3244 5113 invertat
3289 5071 3319 5110 a
3347 5057 3430 5110 via
3469 5056 3538 5110 ad
3581 5058 3764 5125 perni-

2176 5159 2313 5214 ciem
2341 5156 2564 5212 ferente.
2595 5152 2737 5208 Nihil
2761 5151 2904 5207 enim
2933 5149 3184 5219 superbia
3220 5147 3388 5218 pejus.
3431 5146 3556 5202 Ideo
3593 5158 3765 5204 tenta—

2179 5251 2353 5305 tiones
2378 5256 2434 5303 et
2457 5260 2730 5306 aerumnae,
2758 5255 2953 5313 corpus
2981 5239 3230 5302 mortale,
3273 5248 3327 5292 et
3351 5238 3532 5292 multa:
3576 5254 3763 5307 super-

2177 5343 2452 5395 venientes
2479 5335 2810 5390 calamitates
2837 5350 2854 5388 :
2886 5331 3006 5386 ideo
3031 5328 3374 5400 aegritudines
3398 5335 3456 5382 et
3471 5328 3646 5383 morbi
3670 5346 3683 5392 ;
3713 5337 3767 5382 ut

2180 5435 2457 5489 innumera
2484 5428 2632 5484 frena
2655 5425 3010 5481 adhibeantur
3029 5424 3218 5476 anima!
3247 5421 3576 5491 saperiﬁenti
3603 5430 3657 5476 et
3681 5430 3759 5473 tu.

2182 5543 2330 5584 more
2384 5522 2600 5579 inflatio.
2653 5520 2730 5574 Ne
2783 5520 2962 5587 itaque
3007 5516 3256 5579 turbaris,
3301 5515 3516 5580 dilecte,
3558 5530 3674 5568 cum
3714 5513 3762 5566 in

2244 5684 2260 5713 ι
2296 5680 2368 5730 sic
2388 5677 2569 5743 legitur
2591 5676 2642 5743 in
2663 5670 2968 5743 Savilionsed
2989 5668 3104 5732 quia
3124 5667 3540 5743 ntagmsdedcre
3557 5678 3762 5743 parum;

2180 5728 2362 5795 cadent
2374 5728 2473 5803 fere
2493 5737 2715 5805 dicebant
2738 5728 2878 5805 pueri
2910 5733 2968 5805 in
2993 5728 3190 5805 λθειν-ξω
3205 5728 3388 5793 captivi
3403 5765 3435 5805 ,_
3450 5747 3478 5805 ιγ
3491 5739 3636 5805 infer

2184 5789 2529 5916 diligere,»
2550 5789 2834 5864 quibusdam
2854 5789 3192 5860 praetermissis
3207 5789 3318 5856 quia
3336 5789 3488 5855 probe
3508 5789 3566 5840 ad
3587 5789 3764 5838 seriem

2184 5882 2246 5932 qu
2310 5874 2434 5916 rant.
