4018 6268
443 323 548 383 353
561 353 564 356 ι

443 440 716 509 ἀγαπητὴ
747 436 860 490 ἀλλ’
891 432 1258 507 ἀναμνησθεὶς
1285 437 1376 489 τοῦ
1396 438 1677 509 Προφήτου
1709 434 1802 489 τοῦ
1825 435 2010 506 λέγον-

443 543 560 591 τος,
602 522 855 592 Ἀγαθόν
878 539 1000 590 μοι.
1034 521 1124 574 ὅτι
1164 520 1572 586 ἐταπείιτοοτας
1619 537 1710 589 με,
1745 519 1900 586 ὅπως
1938 519 2016 574 ἂν

441 608 609 679 μάθω
636 609 707 661 τὰ
748 604 1108 674 δικαιώματά
1159 620 1294 668 σου,
1344 604 1479 676 πρὸς
1524 604 1812 674 φάρμακον
1856 603 2012 674 δέχου

445 690 544 763 τὴν
561 689 862 760 συμφορὰν,
886 690 977 742 καὶ
998 691 1077 750 εἰς
1092 686 1207 740 δέον
1230 687 1467 758 ’κέχρησο
1479 685 1555 756 τῷ
1589 686 1897 758 πειρασμῷ.
1921 688 2014 740 καὶ

445 773 647 845 δυνήσῃ
680 771 920 835 πλείονος
948 775 1128 842 τυχεῖν
1170 771 1399 834 ἀνέσεως
1422 784 1436 799 ⁶
1473 765 1541 843 ἧς
1573 771 1780 838 γένοιτο
1808 771 2015 834 πάντας

445 857 594 929 ἡμᾶς
616 854 926 924 ἀξιωθῆναι.
955 856 1132 924 χάριτι
1159 855 1251 907 καὶ
1285 854 1663 926 φιλανθρωπίᾳ
1694 852 1785 908 τοῦ
1811 854 2012 922 Κυρίου

448 941 604 1012 ἡμῶν
647 937 820 1011 Ἰησοῦ
862 939 1121 1010 Χριστοῦ,
1169 932 1214 1006 ᾧ
1265 937 1296 1008 ὴ
1339 939 1466 1006 δόξα
1492 935 1585 993 καὶ
1617 940 1677 992 τὸ
1705 939 1905 1010 κράτος
1933 940 2012 1002 εἰς

447 1025 572 1089 τοὺς
596 1022 796 1086 αἰῶνας
814 1022 922 1077 τῶν
942 1021 1170 1076 αἰώνων.
1203 1019 1392 1093 Ἀμήν.

825 1165 934 1219 ΕΙΣ
972 1164 1113 1218 ΤΟΝ
1151 1163 1301 1216 PKI"
1323 1159 1642 1216 ΨΑΛΜΟΝ.

766 1274 833 1325 El
857 1270 940 1340 μὴ
977 1267 1065 1323 ὅτι
1092 1269 1307 1336 Κύριος
1339 1263 1418 1337 ἦν
1438 1266 1507 1320 ἐν
1531 1267 1690 1337 ἡμῖν.

517 1398 585 1447 α’.
606 1393 670 1446 Ὃ
688 1390 941 1453 πολλάκις
962 1383 1133 1450 εἷπον,
1150 1387 1306 1440 τοῦτο
1330 1387 1423 1440 κτιιί¹
1437 1385 1531 1439 νῦν
1546 1386 1705 1454 λέγω,
1724 1388 1818 1442 καὶ
1839 1389 2010 1458 λέγων

444 1477 504 1529 οὐ
528 1475 820 1542 παύσομαι,
843 1474 923 1526 ὃτι
954 1472 1124 1542 μέγας
1148 1474 1175 1524 6
1204 1470 1312 1523 ἀπὸ
1342 1469 1442 1539 τῆς
1476 1469 1846 1539 αἰχμαλωσίας
1872 1489 2011 1543 καρ-

445 1559 562 1622 πὸς,
592 1559 683 1612 καὶ
707 1557 886 1620 ἰκανὺς
902 1557 1037 1627 προς
1056 1553 1372 1625 φιλοσοφίαν
1393 1556 1682 1622 ἐναγαγεῖν
1699 1555 1825 1617 τοὺς
1851 1572 2014 1624 προσ.

443 1643 682 1712 έχοντας.
719 1642 823 1694 Ἴδε
853 1638 960 1710 γὰρ
992 1640 1040 1692 οἱ
1072 1637 1206 1709 πρὸς
1235 1635 1426 1690 εἴδωλα
1447 1637 1750 1706 τρέχοντες,
1793 1637 1885 1689 καὶ
1915 1639 2008 1691 τοῦ

441 1724 575 1779 Θεοῦ
615 1722 1102 1794 καταφρονοῦντες,
1137 1719 1231 1772 καὶ
1265 1718 1399 1788 πρὸς
1426 1719 1674 1774 ἀσέϐειαν
1704 1717 2006 1782 ἐξοκείλαν-

440 1824 553 1870 τες,
591 1808 645 1860 τί
678 1806 893 1872 λέγουσι
920 1803 1016 1856 νῦν
1056 1800 1192 1871 μετά
1216 1799 1314 1869 τὴν
1347 1798 1736 1869 αἰχμαλωσίαν,
1771 1801 1862 1853 καὶ
1895 1803 2009 1866 πῶς

442 1890 542 1959 τὴν
587 1887 794 1941 ἑαυτῶν
839 1883 1111 1954 σωτηρίαν
1153 1880 1463 1934 ἀνατιθέασι
1507 1880 1584 1950 τῷ
1629 1880 1784 1951 Θεῷ;
1820 1884 1928 1937 Καὶ
1982 1887 2009 1938 6

435 1969 728 2041 Προφήτης
769 1967 825 2020 δέ
859 1966 1108 2034 καθάπερ
1151 1967 1481 2034 χοροστάτης
1527 1963 1745 2034 ἄριστος
1772 1965 1839 2018 τά
1871 1967 2007 2019 αύτά

446 2049 682 2119 συνεχῶς
713 2050 894 2112 αὐτοῖς
929 2045 1356 2119 παρακελεύεται
1383 2044 1572 2114 λέγειν.
1611 2047 1764 2100 Μετὰ
1800 2047 1928 2116 γοῦν
1949 2049 2008 2103 τὸ

446 2130 659 2202 πρῶτος
683 2133 876 2192 εἰπεῖν,
920 2131 1011 2183 καὶ
1036 2129 1262 2192 ἐκείνοις
1299 2130 1585 2200 παρεγγυᾷ
1617 2129 1804 2201 ὥσπερ
1829 2131 2006 2202 μαθηο

441 2211 563 2278 ταῖς
582 2212 894 2277 διδάσκαλος
915 2213 1092 2281 λέγειν
1111 2229 1124 2241 ·
1151 2210 1386 2266 Εἰπάτω
1408 2211 1483 2280 δὴ
1534 2213 1802 2281 Ἰσραὴλ,
1834 2215 1900 2267 Εἰ
1918 2214 2006 2284 μὴ

441 2298 530 2351 ὅτι
552 2299 766 2364 Κύριος
783 2292 860 2366 ἦν
879 2295 950 2349 ἐν
969 2295 1129 2364 ἡμῖν,
1157 2294 1227 2348 ἐν
1254 2295 1333 2360 τῷ
1350 2291 1763 2362 ἐπαναστῆναι
1796 2296 2011 2365 ἀνθρὼ-

439 2396 596 2445 πους
631 2381 722 2449 ἐφ’
765 2378 941 2449 ἡμᾶς,
983 2377 1096 2447 ἄρα
1133 2377 1350 2445 ζῶντας
1391 2377 1467 2432 ἂν
1503 2378 1787 2432 κατέπιον
1825 2379 2004 2449 ἡμᾶς.

439 2465 551 2518 Καὶ
577 2464 684 2534 γὰρ
711 2458 849 2533 ἦσαν
881 2464 1070 2518 ἄοπλοι
1098 2463 1191 2515 καὶ
1219 2461 1434 2530 γυμνοὶ,
1454 2463 1545 2514 καὶ
1561 2462 1890 2532 αἰχμάλωτοι
1913 2466 2008 2518 καὶ

435 2549 628 2612 δοῦλοι,
657 2548 748 2600 καὶ
774 2549 897 2619 ἄρτι
926 2545 1033 2599 τῶν
1069 2545 1254 2598 κακῶν
1287 2544 1710 2614 ἀπηλλαγμένοι,
1741 2545 1833 2598 καὶ
1856 2547 2006 2600 πόλιν

436 2632 742 2701 ἀτείχιστον
771 2630 1004 2700 ἔχοντες,
1049 2627 1252 2698 μᾶλλον
1285 2626 1341 2680 δέ
1379 2626 1498 2680 οὐδὲ
1531 2627 1702 2690 πόλιν,
1750 2627 1843 2680 καί.
1873 2629 2005 2682 πᾶσι

439 2714 576 2784 μετὰ
591 2713 686 2785 τὴν
707 2713 959 2767 ἐπάνοδον
977 2712 1292 2782 προέκειντο
1321 2710 1459 2782 θήρα
1479 2710 1691 2780 ἕτοιμος
1707 2726 1720 2741 ⁸
1752 2709 1866 2762 ἀλλ’
1887 2712 2007 2764 ἀντὶ

435 2798 647 2868 τείχους
675 2796 767 2850 καὶ
797 2795 1005 2867 πύργου
1032 2798 1060 2849 6
1082 2795 1212 2858 Θεὸς
1241 2796 1422 2857 αὐτοῖς
1465 2794 1677 2863 γέγονε.
1709 2793 1879 2846 Τοῦτο
1912 2795 2006 2846 καὶ

435 2884 596 2953 ἡμεῖς
613 2881 708 2932 νῦν
732 2879 975 2947 λέγωμεν
993 2895 1008 2910 ⁸
1036 2881 1104 2931 El
1141 2877 1226 2944 μὴ
1260 2875 1348 2931 ὅτι
1382 2878 1595 2945 Κύριος
1631 2872 1712 2945 ἦν
1739 2875 1810 2929 ἐν
1836 2876 2001 2944 ἡμῖν,

436 2963 551 3032 ἄρα
599 2961 814 3027 ζῶντας
857 2962 934 3015 ἂν
975 2959 1258 3013 κατέπιον
1287 2971 1312 2999 ι
1345 2958 1519 3026 ἡμᾶς.
1569 2959 1636 3010 Τί
1675 2957 1783 3028 γάρ
1809 2957 1875 3012 ἃν
1906 2959 2006 3014 οὐκ

434 3047 687 3117 ἐποίησεν
717 3048 746 3100 6
783 3044 974 3115 ἐχθρὸς
1009 3041 1165 3112 ἡμῶν
1202 3041 1483 3103 διάϐολος,
1518 3041 1567 3094 εἰ
1601 3040 1675 3112 μὴ
1706 3040 1907 3109 Κύριος
1936 3037 2006 3115 ἦν

437 3129 496 3180 ἐν
531 3129 692 3198 ἡμῖν;
725 3129 988 3181 Ἄκουσον
1019 3124 1097 3194 τῷ
1146 3124 1348 3193 Σίμωνι
1374 3124 1426 3176 τί
1460 3141 1623 3195 φησιν
1658 3127 1685 3176 6
1724 3125 1957 3194 Χριστός
1987 3144 2002 3157 ·

434 3213 650 3281 Σίμων,
677 3213 888 3280 Σίμων,
905 3207 1161 3274 ποσάκις
1181 3207 1448 3276 ᾐτήσατο
1477 3211 1510 3262 ὀ
1532 3207 1803 3274 Σατανᾶς
1821 3209 2007 3263 σινιὰ·

433 3313 536 3349 σαι
567 3312 640 3349 σε
660 3295 740 3361 ὠς
772 3294 878 3348 τὸν
900 3292 1092 3356 σῖτον,
1131 3291 1228 3344 καί
1260 3290 1375 3360 ἐγὼ
1398 3290 1653 3358 ἐδεήθην
1693 3291 1823 3358 περὶ
1863 3293 2001 3360 σοῦ,

435 3377 536 3431 ἵνα
548 3377 633 3446 μὴ
663 3377 880 3443 ἐκλίπῃ
898 3375 936 3443 ή
958 3375 1160 3440 πίστις
1179 3390 1295 3427 σου
1313 3389 1330 3436 ;
1351 3374 1490 3444 Πονη
1500 3375 1588 3444 ρὸν
1609 3373 1718 3444 γὰρ
1736 3370 1799 3427 :6
1818 3373 2004 3445 θηρίον

435 3459 530 3513 καὶ
550 3458 860 3528 ἀκόρεστον,
896 3457 989 3510 καὶ
1016 3458 1064 3510 εί
1095 3457 1170 3527 μὴ
1209 3455 1444 3526 συνεχῶς
1471 3455 1802 3526 ἐχαλινοῦτο,
1828 3457 2004 3511 πάντα

435 3541 504 3596 ἂν
530 3539 794 3611 ἀνέτρεψε
822 3539 914 3592 καὶ
944 3539 1213 3609 συνέχεεν.
1238 3540 1301 3593 Εἰ
1329 3539 1437 3611 γάρ
1471 3539 1563 3592 ἐπὶ
1594 3539 1690 3592 τοῦ
1729 3540 2001 3611 μακαρίου

447 3623 568 3678 Ἰὼσ
599 3622 800 3695 μικράν
820 3639 939 3675 τινα
962 3620 1138 3675 λαϐὼν
1161 3624 1478 3694 ἐπιτροπὴν,
1509 3622 1804 3693 πρόρριζον
1835 3621 2002 3677 αὐτοῦ

431 3709 532 3781 τὴν
570 3708 747 3762 οἰκίαν
787 3707 1090 3769 ἀνέσπασε,
1131 3705 1191 3758 τὸ
1220 3705 1380 3776 σῶμα
1418 3704 1585 3759 αὐτοῦ
1614 3705 2001 3778 διελωδήσατο,

431 3791 697 3864 τοσαύτην
711 3790 1016 3862 τραγῳδίαν
1034 3790 1343 3861 εἰργάσατο,
1370 3789 1470 3860 τὴν
1504 3789 1691 3844 οὐσίαν
1710 3788 2000 3862 διέφθειρε,

430 3878 558 3940 τοὺς
585 3875 780 3938 παῖδας
810 3872 1215 3945 κατέχωσε,τὴν
1233 3874 1410 3944 σάρκα
1434 3871 1722 3945 σκώληκας
1754 3873 2001 3940 ἐπιζέσαι

432 3961 674 4032 ἐποίησε,
719 3958 816 4030 τὴν
848 3961 1078 4028 γυναῖκα
1125 3957 1411 4028 ἐπέστησε,
1462 3959 1588 4021 τοὺς
1640 3957 1847 4028 φίλους,
1876 3959 2000 4026 τοὺς

432 4043 679 4117 ἐχθροὺς,
708 4044 834 4106 τοὺς
866 4041 1083 4104 οἰκέτας
1104 4039 1327 4095 τοιαῦτα
1358 4043 1534 4095 εἰπεῖν
1567 4043 1997 4114 παρεσκεύασεν,

432 4129 482 4180 εί
522 4126 597 4199 μὴ
625 4127 837 4198 μυρίοις
865 4124 1014 4198 [545]
1037 4123 1316 4195 κατείχετο
1344 4123 1605 4196 χαλινοῖς,
1654 4126 1772 4192 πῶς
1804 4128 1904 4183 οὐκ
1934 4129 2000 4185 ἂν

432 4210 674 4274 ἅπαντας
708 4209 1045 4279 ἐλυμήνατο;
1073 4205 1173 4260 Διά
1203 4205 1360 4260 τοῦτο
1391 4208 1484 4261 καὶ
1521 4199 1676 4273 οὗτος
1717 4208 1864 4280 λέγει
1887 4227 1903 4243 ο
1932 4211 2002 4266 Εἰ

427 4294 514 4364 μὴ
550 4292 639 4347 ὅτι
670 4293 883 4361 Κύριος
913 4288 994 4361 ἦν
1021 4292 1094 4345 ἐν
1123 4289 1287 4362 ἡμῖν·
1319 4291 1429 4345 καὶ
1464 4290 1573 4363 γὰρ
1606 4292 1809 4365 σφόδρα
1833 4294 2001 4364 ὀλίγοι

430 4371 591 4447 ἦσαν,
623 4377 716 4430 καὶ
746 4375 1000 4439 εὐτελεῖς,
1044 4375 1138 4428 καὶ
1188 4373 1372 4428 πολλοὶ
1413 4375 1595 4439 αὐτοῖς
1635 4375 1949 4431 ἐνεπέθεντο
1972 4379 1999 4418 δ

434 4456 806 4511 ἐπανελθοῦσι.

505 4542 623 4593 Κάν
643 4539 816 4610 τούτῳ
847 4541 904 4593 δὲ
933 4539 1029 4594 τοῦ
1055 4540 1243 4611 Θεοῦὴ
1278 4541 1441 4610 σοφία
1473 4541 1764 4601 ἐδείκνυτο,
1814 4543 1891 4614 τῷ
1925 4545 1998 4615 μὴ

431 4622 628 4694 ἀθρόον
663 4622 845 4684 αὐτοῖς
870 4621 1053 4675 δοῦναι
1088 4622 1187 4692 τὴν
1214 4623 1534 4692 ἀσφάλειαν,
1565 4624 1680 4678 ἀλλ’
1707 4625 1889 4697 ἠρέμα
1909 4628 2001 4682 καὶ

432 4705 577 4761 κατά
608 4705 822 4778 μικρόν.
876 4704 1046 4758 Τοῦτο
1074 4705 1131 4758 δέ
1164 4705 1337 4758 ἐποίει
1381 4706 1564 4778 τηρῶν
1604 4709 1802 4772 αὐτοὺς
1846 4713 1902 4764 ἐν
1931 4713 1998 4782 τῇ

431 4788 750 4860 θεογνωσίᾳ,
773 4790 866 4842 καὶ
891 4790 990 4860 τὴν
1019 4789 1082 4842 ἐκ
1106 4789 1205 4857 τῆς
1229 4791 1604 4860 αἰχμαλωσίας
1631 4796 1997 4864 προσγινομέ-

386 4879 394 4904 ί
429 4892 528 4946 νην
570 4873 756 4936 αὐτοῖς
783 4871 1064 4944 διόρθωσιν
1081 4871 1182 4924 οὐκ
1207 4873 1364 4940 ἀφεὶς
1401 4873 1743 4946 διαρρυῆναι.
1781 4877 1995 4949 Ἐπειδὴ

428 4960 539 5031 γὰρ
583 4955 773 5011 εἴωθεν
816 4957 850 5027 ἠ
893 4955 1002 5008 τῶν
1047 4955 1232 5009 κακῶν
1272 4955 1559 5028 ἀπαλλαγὴ
1599 4958 1997 5032 ῥᾳθυμοτέρως

429 5042 623 5104 ποιεῖν,
668 5039 764 5093 καὶ
817 5039 875 5091 ἐν
913 5039 1048 5109 αὐτῇ
1082 5039 1150 5110 τῇ
1193 5037 1336 5092 δόσει
1373 5038 1481 5093 τῶν
1529 5039 1749 5106 ἀγαθῶν
1776 5042 1998 5114 ἀφίησιν

428 5123 624 5187 αὐτοὺς
649 5120 889 5193 συνεχῶς
904 5119 1279 5193 πειράζεσθαι,
1296 5121 1536 5192 ἵν’έχωσι
1551 5121 1768 5194 διηνεκῆ
1789 5140 2000 5196 γυμνα-

429 5208 552 5260 σίαν
567 5263 571 5266 ,
587 5205 904 5275 φιλοσοφίας
935 5205 1062 5269 τοὺς
1081 5203 1438 5275 πειρασμούς.
1468 5203 1569 5258 Διά
1590 5219 1673 5258 τοι
1700 5204 1856 5260 τοῦτο
1877 5206 1999 5263 οὕτε

427 5293 487 5345 ὲν
524 5293 827 5363 συμφοραῖς
864 5289 1091 5360 ἀφίησιν
1123 5289 1213 5342 ἀεὶ
1254 5289 1381 5352 τοὺς
1427 5286 1766 5360 ἀνθρώπους,
1805 5289 1890 5343 ῖνα
1923 5291 1996 5365 μὴ

428 5373 806 5444 ἀποκάμωσιν,
836 5370 959 5425 οὔτε
997 5373 1056 5425 ἐν
1105 5372 1325 5438 ἀνέσει,
1369 5371 1456 5424 ῖνα
1504 5371 1579 5443 μὴ
1638 5372 1997 5445 ῥᾳθυμότεροι

427 5455 709 5523 γένωνται,
746 5453 884 5508 ἀλλά
913 5456 1036 5519 ταῖς
1062 5454 1380 5524 ἐναλλαγαῖς
1410 5455 1676 5510 ποικίλλει
1696 5455 1794 5527 τὴν
1827 5472 1996 5529 σωτη-

487 5648 516 5717 ξ
715 5653 766 5698 in
791 5656 932 5717 lexin
955 5654 1192 5717 urimur,
1208 5657 1359 5706 male.

485 5707 518 5750 δ
539 5709 687 5760 Sam.
713 5713 1028 5762 συνεπέθεντο.

1173 318 1238 376 S.
1276 317 1560 375 JOANNIS
1594 313 2087 376 CHRYSOSTOMI
2128 315 2448 377 ABCIIIEP.
2488 313 3040 375 CONSTANTINOP.

3584 308 3686 370 ιιι

2128 436 2246 508 ρίαν
2281 438 2478 492 αὐτῶν.
2519 439 2665 504 Ἀρα
2686 434 2904 500 ζῶντας
2932 434 3008 488 ἂν
3044 428 3325 486 κατέπιον
3347 428 3523 499 ἡμᾶς.
3542 425 3690 495 Εἶδες

2121 518 2236 582 πῶς
2261 521 2556 592 παρίστησι
2589 520 2650 572 τὸ
2680 519 2940 590 θηριῶδες
2976 515 3084 570 τῶν
3115 514 3402 579 ἐπιόντωνς
3436 513 3548 566 Καὶ
3581 513 3690 584 γάρ

2121 600 2257 654 εἰσὶν
2295 604 2390 656 καὶ
2421 603 2702 673 ἄνθρωποι
2741 602 2990 664 τοιοῦτοι,
3032 599 3236 670 θηρίων
3268 597 3528 668 ὠμότητα
3570 599 3690 650 ἐπι-

2081 683 2476 755 ·δεικνύμενοι,
2532 684 2729 756 μᾶλλον
2786 684 2845 737 δὲ
2901 684 2994 736 καὶ
3045 681 3265 734 ἐκείνων
3312 678 3691 749 χαλεπώτερον

2121 770 2230 831 τοῖς
2251 768 2541 838 ὁμοφύλοις
2571 769 2917 841 κεχρημένοι.
2955 768 3030 820 Τὸ
3073 767 3171 837 μὲν
3191 766 3301 837 γάρ
3330 764 3520 837 θηρίον
3545 763 3690 829 ἃπαξ

2121 851 2355 920 ἐμπεσὺν
2396 853 2486 904 τὸν
2521 851 2690 921 θυμὸν
2721 852 2930 921 ἀφῆκε,
2962 852 3056 904 καὶ
3083 850 3426 920 ἀνεχώρησεν
3450 887 3464 912 ,
3500 848 3534 918 ἢ
3575 846 3691 899 διαί

2119 933 2381 1004 κρουσθέν
2425 934 2525 986 ούκ
2574 934 2653 988 ἔτι
2705 933 2975 1004 ἐπῆλθεν·
3008 933 3286 1003 ἄνθρωποι
3327 932 3383 985 δὲ
3431 929 3688 991 πολλάκις

2094 1016 2513 1087 ἀποτυχόντες,
2562 1018 2817 1082 πολλάκις
2862 1017 3231 1081 ἐπιτίθενται,
3276 1015 3455 1070 αὐτῶν
3500 1015 3691 1068 ἐπιθυ-

2123 1097 2350 1168 μοῦντες
2374 1100 2780 1168 ἀπογεύσασθαι
2809 1101 2916 1154 τῶν
2965 1097 3203 1168 σαρκῶν.
3238 1097 3491 1151 Τοιοῦτον
3533 1098 3563 1148 6
3597 1093 3686 1149 θυ-

2123 1180 2241 1250 μὸς,
2273 1181 2530 1252 λογισμὸν
2583 1185 2682 1237 οὑκ
2727 1185 2898 1254 ἔχων·
2954 1181 3096 1235 οὕτω
3141 1183 3225 1246 ζεῖ
3266 1181 3328 1233 τὸ
3373 1181 3544 1245 πάθος
3601 1181 3691 1232 καὶ

2118 1266 2482 1336 ἀνακαχλάξει
2510 1279 2556 1323 ε.
2583 1267 2706 1330 Πῶς
2734 1265 2826 1320 οὖν
2861 1268 2926 1320 ἂν
2951 1266 3199 1337 σϐεσθείη
3227 1265 3287 1319 τὸ
3315 1267 3523 1335 νόσημα
3546 1275 3562 1330 ;
3593 1263 3688 1316 Ἂν

2111 1348 2186 1402 -τά
2217 1351 2340 1402 καθ’
2374 1349 2600 1414 ἑαυτοὺς
2621 1349 2984 1420 λογισώμεθα,
3012 1351 3060 1403 εἰ
3096 1347 3322 1402 θάνατον
3345 1349 3689 1418 ἐννοήσωμεν

2117 1429 2214 1483 καὶ
2233 1432 2357 1493 τοὺς
2372 1431 2492 1493 καθ’
2511 1433 2747 1502 ἑκάστην
2777 1434 3035 1496 ἀπιόντας
3060 1432 3292 1503 ἡμέραν,
3322 1431 3370 1483 εἰ
3401 1429 3498 1502 τὴν
3529 1428 3690 1498 φύσιν

2117 1513 2288 1584 αὐτὴν
2340 1514 2782 1586 διασκεψώμεθα,
2821 1517 2902 1569 ὃτι
2934 1518 3005 1588 γῆ
3035 1518 3127 1570 καὶ
3154 1515 3346 1578 σποδός
3396 1517 3583 1583 ἐσμεν.
3623 1513 3688 1564 Εἰ

2115 1597 2171 1648 δὲ
2202 1597 2260 1650 τὸ
2291 1597 2484 1660 κάλλος
2510 1598 2611 1668 τῆς
2635 1599 2810 1668 ὂψεως
2850 1600 2930 1651 ἔτι
2964 1600 3149 1670 ἀπατᾷ
3194 1615 3288 1651 σου
3309 1597 3406 1668 τὴν
3428 1597 3685 1657 διάνοιαν,

2119 1677 2334 1746 βάδισον
2364 1681 2498 1748 1:96;
2523 1681 2590 1734 τὰ
2610 1682 2864 1751 μνήματα
2892 1677 2919 1718 δ
2952 1683 3045 1736 καὶ
3069 1682 3167 1744 τάς
3196 1680 3369 1752 θήκας
3393 1679 3504 1732 τῶν
3525 1679 3689 1732 πατέ-

2120 1777 2246 1830 ρων,
2287 1763 2380 1816 καὶ
2414 1764 2490 1816 ῐδε
2516 1764 2642 1826 τοὺς
2677 1765 2984 1835 κειμένους,
3019 1766 3134 1829 πῶς
3155 1767 3292 1818 εἰσιν
3314 1766 3390 1828 εἰς
3419 1763 3548 1834 χοῦν
3571 1763 3689 1815 δια·

2115 1842 2416 1913 λελυμένοι,
2453 1846 2549 1899 καὶ
2575 1847 2772 1916 πολλὴν
2807 1849 2872 1901 ἐκ
2893 1848 2994 1916 τῆς
3021 1848 3196 1916 ὄψεως
3233 1846 3488 1918 ἀφορμὴν
3523 1847 3603 1907 εἰς
3626 1845 3688 1896 τὺ

2117 1927 2496 1982 συστέλλεσθαι
2545 1929 2690 1999 δέξῃ.
2755 1929 2913 1982 Ἀλλὰ
2959 1930 3032 2001 μὴ
3078 1929 3363 2000 καταγνῷς
3407 1928 3688 1999 βαρύτητα

2115 2008 2210 2060 τοῦ
2264 2010 2440 2078 λόγου.
2503 2013 2770 2083 Καθάπερ
2805 2013 2912 2084 γάρ
2948 2015 2996 2066 οἰ
3049 2013 3432 2084 πυρέττοντες,
3469 2011 3689 2065 ἐπειδὰν

2115 2093 2472 2162 ἀπαλλαγῶσι
2509 2095 2616 2148 τῶν
2648 2097 2966 2166 νοσημάτων
2991 2107 3035 2156 ο,
3070 2097 3229 2167 ἀέρος
3257 2097 3464 2150 δέονται
3512 2096 3686 2150 καθα-

2118 2175 2212 2244 ροῦ
2235 2193 2248 2206 ·
2283 2176 2424 2230 οὕτω
2460 2178 2523 2250 δὴ
2559 2179 2649 2232 καὶ
2673 2181 2722 2231 οἱ
2758 2180 3069 2249 μαινόμενοι
3101 2183 3212 2244 τοῖς
3242 2181 3488 2244 πάθεσιν,
3517 2179 3584 2234 ἂν
3607 2181 3688 2244 εἰς

2113 2259 2184 2311 τὰ
2223 2261 2479 2329 μνήματα
2528 2263 2962 2333 παραγένωνται,
3015 2263 3203 2334 ὥσπερ
3241 2263 3478 2332 ὑγιεινοῦ
3540 2279 3688 2326 τινος

2115 2342 2315 2412 χωρίου
2353 2343 2753 2415 ἐπιλαϐόμενοι.
2797 2346 2965 2401 πολλὰ
2995 2346 3102 2400 τῶν
3153 2347 3472 2416 νοσημάτων
3518 2347 3688 2417 ἐξορί-

2114 2424 2264 2488 ζουσι
2295 2423 2337 2477 ί.
2371 2426 2480 2478 Καὶ
2505 2426 2614 2498 γάρ
2634 2429 2795 2500 ἀρκεῖ
2821 2429 2918 2499 τῆς
2948 2429 3213 2501 λάρνακος
3250 2432 3282 2500 ὴ
3310 2429 3432 2499 ὄψις
3472 2430 3565 2484 καὶ
3595 2431 3686 2481 τὸν

2116 2506 2318 2576 σφόδρα
2333 2506 2760 2579 άπονενοημένον
2789 2515 3156 2580 κατενεγκεῖν.
3192 2513 3324 2565 Ἀπὸ
3347 2511 3552 2565 τούτων
3582 2530 3686 2565 πα-

2117 2587 2400 2659 ράπεμψον
2449 2592 2547 2662 τὴν
2587 2593 2823 2648 διάνοιαν
2865 2599 2944 2658 εἰς
2986 2595 3084 2666 τὴν
3129 2596 3425 2666 μέλλουσαν
3472 2597 3685 2668 ἡμέραν

2111 2673 2211 2742 τὴν
2245 2673 2500 2744 φοϐεράν,
2536 2679 2616 2740 εἰς
2635 2677 2704 2732 τὰ
2727 2678 3124 2752 βασανιστήρια
3145 2682 3326 2733 ἐκεῖνα
3357 2682 3449 2733 καὶ
3475 2681 3575 2743 τάς
3596 2683 3682 2734 εὐά

2114 2754 2298 2819 θύνας.
2326 2758 2406 2821 εἰς
2434 2759 2531 2823 τάς
2557 2761 2802 2824 κολάσεις
2818 2762 2916 2826 τὰς
2936 2765 3034 2816 οὐκ
3065 2763 3292 2833 ἐχούσας
3309 2765 3678 2834 παραμυθίαν,

2113 2836 2239 2891 ἔνθα
2263 2839 2432 2903 οὐδείς
2457 2858 2534 2895 σοι
2558 2845 2987 2913 παραστήσεται·
3011 2845 3218 2908 τούτοις
3247 2847 3378 2899 πᾶσι
3412 2847 3681 2917 κατέπᾳδε

2112 2919 2180 2973 τὰ
2210 2920 2378 2991 πάθη.
2410 2924 2609 2978 Σκόπει
2645 2926 2700 2979 δέ
2734 2927 2828 2979 καὶ
2868 2927 2978 2980 τῶν
3016 2927 3316 2999 ἀνθρώπων
3354 2931 3481 2993 τοὺς
3514 2932 3573 2983 ἐν
3605 2929 3682 3001 τῷ

2113 3003 2341 3073 παρόντι
2385 3004 2483 3076 βίῳ
2517 3008 2623 3061 ἀπὸ
2655 3008 2882 3062 πλούτου
2913 3011 3047 3080 1:96;
3085 3012 3274 3064 πενίαν
3319 3013 3682 3081 μεταπίπτον-

2112 3101 2211 3166 τας
2240 3087 2286 3150 ⁸,
2329 3087 2437 3166 ἀπὸ
2464 3088 2621 3160 δόξης
2647 3092 2726 3153 είς
2755 3093 2974 3162 ἀτιμίαν
2992 3109 3006 3122 ·
3051 3094 3144 3146 καὶ
3171 3096 3219 3146 εί
3261 3093 3436 3164 βούλει
3472 3095 3684 3166 ὀργίζεο

2113 3165 2258 3231 σθαι,
2306 3165 2380 3236 μὴ
2426 3167 2504 3236 τῷ
2544 3173 2827 3238 συγγενεῖ,
2873 3171 3010 3224 ἀλλά
3053 3172 3132 3242 τῷ
3173 3171 3392 3244 πονηρῷ
3435 3165 3678 3244 δπιίμονι⁶

2111 3247 2256 3318 ἔχεις
2309 3249 2435 3303 ἔνθα
2489 3249 2784 3316 ἀναλώσεις
2827 3254 2890 3306 τὸ
2921 3254 3125 3319 πάθος*
3177 3256 3368 3327 ἐκείνῳ
3414 3257 3680 3329 μηδέποτε

2113 3329 2260 3403 [546]
2305 3332 2668 3404 καταλλαγῆς,
2711 3335 2904 3408 ἐκείνῳ
2941 3337 3216 3390 ἀνάλωσον
3246 3338 3343 3408 τὴν
3376 3339 3544 3411 ὀργὴν
3589 3340 3681 3393 καὶ

2109 3412 2438 3485 δαπάνησον,
2473 3416 2664 3487 ἐκείνῳ
2701 3417 2899 3488 στῆσον
2927 3420 3150 3487 παγίδα,
3186 3420 3453 3491 μηδέποτε
3475 3422 3681 3493 ἐμπλη-

2113 3497 2245 3567 σθῇς
2273 3497 2424 3567 αύτῷ
2453 3498 2726 3569 πολεμῶν.
2756 3502 2854 3554 Ἐν
2889 3500 2971 3568 τῷ
2993 3502 3343 3572 ὀργισθῆναι
3363 3504 3470 3558 τὸν
3493 3507 3682 3575 θυμὸν

2109 3579 2308 3632 αὐτῶν
2334 3580 2363 3620 h
2388 3581 2480 3650 ἐφ’
2509 3580 2688 3650 ἡμᾶς,
2724 3581 2837 3650 ἄρα
2880 3585 2948 3638 τὸ
2975 3585 3129 3653 ὕδωρ
3151 3585 3228 3640 ἂν
3254 3587 3684 3643 κατεπόντισεν

2109 3659 2287 3728 me.
2334 3663 2664 3731 Χείμαρρον
2705 3663 2954 3734 διῆλθεν
3004 3669 3043 3736 τι
3082 3668 3255 3739 ψυχὴ
3310 3668 3510 3739 ήμῶν·
3570 3671 3681 3740 ἀρα

2108 3742 2359 3811 διῆλθεν
2388 3747 2426 3815 ἡ
2444 3747 2616 3816 ψυχὴ
2651 3748 2822 3817 ἡμῶν
2857 3749 2922 3802 τὸ
2955 3749 3110 3818 ὕδωρ
3138 3754 3204 3805 τὸ
3237 3752 3673 3810 ἀνυπόστατον.

2111 3825 2423 3899 Χείμαρρον
2464 3829 2695 3884 ἐνταῦθα
2719 3832 2812 3884 καὶ
2841 3831 2981 3903 ὕδωρ
3025 3834 3126 3904 τὴν
3151 3835 3354 3903 ἄφατον
3379 3836 3489 3890 τῶν
3521 3839 3676 3891 πολε-

2113 3909 2250 3980 μίων
2277 3911 2454 3979 λέγει’
2487 3911 2631 3984 ὕδωρ
2651 3915 2760 3985 γάρ
2784 3916 2930 3968 ἐστιν
2954 3916 3202 3980 ἀτάκτως
3229 3920 3547 3989 φερόμενον,
3588 3923 3678 3977 καὶ

2113 3991 2251 4063 μετά
2280 3995 2480 4066 πολλῆς
2507 3997 2606 4066 τῆς
2637 3996 2814 4068 ῥύμης
2843 4000 2936 4051 καὶ
2975 3998 3074 4070 τῆς
3109 3999 3227 4070 βίας
3253 4003 3567 4074 παρασῦρον
3620 4005 3679 4058 τὸ

2109 4078 2530 4148 προστυγχάνον.
2569 4080 2644 4132 ού
2685 4080 2782 4151 τὴν
2816 4081 2987 4152 φορὰν
3032 4081 3088 4135 δέ
3117 4099 3280 4155 φησιν
3315 4085 3547 4140 ἐνταῦθα
3575 4087 3680 4141 τῶν

2109 4157 2319 4223 κακῶν,
2343 4159 2478 4215 ἀλλά
2509 4162 2603 4216 καὶ
2620 4162 2718 4234 τὴν
2747 4163 2995 4234 πάροδον.
3078 4155 3086 4161 ’

2183 4252 2251 4323 β’.
2272 4255 2364 4326 Μὴ
2386 4256 2567 4310 τοίνυν
2595 4259 3024 4332 καταπέσωμεν,
3060 4263 3183 4316 ³ἄταν
3206 4262 3333 4335 ἐπίῃ
3360 4263 3526 4322 δεινά.
3555 4268 3678 4322 Χεί-

2112 4337 2320 4421 μαρῥός
2340 4339 2487 4392 ἐστιν
2517 4335 2606 4394 οἵα
2632 4341 2698 4396 ἃν
2719 4338 2776 4417 ᾗ.
2809 4343 2967 4412 νέφος
2995 4345 3110 4399 ἐστὶ
3129 4348 3490 4419 παρατρέχον.
3507 4351 3677 4421 Ὅπερ

2109 4418 2363 4503 ἀνεῖπῃς
2389 4421 2648 4494 λυπηρὸν,
2681 4425 2795 4496 ἔχει
2822 4427 3002 4490 τέλος·
3029 4428 3166 4500 ὅπερ
3199 4429 3264 4482 ἂν
3296 4418 3458 4503 εἴπης
3486 4418 3672 4498 δεινὸν,

2109 4502 2245 4574 πρὸς
2274 4504 2449 4576 πέρας
2473 4506 2707 4578 ἀπαντᾷ.
2741 4509 2804 4561 Εἰ
2846 4511 2954 4582 γάρ
3000 4511 3074 4583 μὴ
3104 4513 3258 4577 τέλος
3285 4502 3452 4584 εἶχεν,
3487 4518 3586 4572 οὐκ
3615 4517 3702 4572 ἀν’

2107 4587 2340 4672 ηρκεσεν
2365 4589 2400 4658 ἡ
2433 4587 2612 4672 φύσις.
2660 4590 2820 4644 Ἀλλά
2845 4592 3076 4656 πολλοὺς
3106 4597 3445 4670 παρασύρει,
3491 4601 3671 4672 φησίν.

2119 4666 2258 4756 Ἀλλ’
2287 4668 2348 4722 ού
2382 4671 2533 4756 παρά
2563 4672 2674 4756 τὴν
2694 4674 2900 4728 οἰκείαν
2942 4676 3154 4748 ῥύμην,
3189 4666 3342 4735 ἀλλά-
3370 4666 3522 4756 παρά
3554 4666 3676 4748 τοὺς

2108 4749 2404 4839 ῥᾳθύμους,
2433 4755 2526 4806 καὶ
2555 4755 2750 4839 ῥᾳδίως
2773 4758 3309 4830 ὑποσκελιζομένους.
3342 4749 3464 4820 Ἵνα
3486 4766 3579 4821 οὖν
3603 4766 3675 4839 μὴ

2106 4834 2536 4920 παρασυρῶμεν,
2565 4837 2658 4920 καὶ
2681 4840 2816 4909 πρὸς
2835 4840 2902 4894 τὰ
2926 4842 2938 4872 ⁸
2979 4841 3246 4916 βαθύτερα
3268 4848 3431 4902 αὑτοῦ
3453 4834 3674 4920 βαδίζωλ

2109 4915 2674 5005 μεν,-δια⁴σκεψώμεθα
2708 4923 2834 5005 τοὺς
2863 4924 3059 4989 τόπους
3081 4915 3266 4992 αὑτοῦ,
3294 4915 3675 5005 ἐπιλαθώμεθα

2103 4997 2205 5068 τῆς
2238 4999 2390 5071 ίεριῑς
2422 5001 2689 5072 ἀγκύρας,
2721 5004 2862 5059 ὥστε
2893 5008 3058 5078 μηδὲν
3077 5009 3367 5083 ὑπομεῖναι
3398 4997 3674 5087 ναυάγιον.

2167 5237 2192 5313 ξ
2223 5235 2282 5313 L0
2296 5236 2418 5313 σφι..
2441 5237 2615 5288 Morel.
2635 5241 2898 5313 ἀχαχλάζει.
2907 5245 3035 5313 ωα]ε
3055 5259 3144 5308 pro
3173 5249 3503 5313 ἀνακαχλάζει.

2165 5292 2620 5379 f..§*_‘1‘_-.i21"3'?-
2646 5292 3028 5379 τειὲνηέιεῖαζέτί
3052 5292 3672 5379 ἴὲἱιιῖὲξὲὖῗέεῖῖιῑήματαο

2106 5357 2258 5428 Paul};
2281 5367 2386 5428 p95!
2410 5363 2542 5428 id_em
2561 5357 2916 5428 ὁυστθζλεσθαι,
2940 5357 3429 5424 Ποτειζστθλεσθαῖ.

2169 5432 2194 5486 2
2217 5420 2370 5486 ξανὲίο
2389 5421 2477 5486 τρῖ»
2497 5426 2780 5486 νοσήματος.

2172 5477 2360 5547 [ξαινί-ΙΑ.
2387 5477 2668 5547 ἐξορίσουσι.

2399 5540 2639 5595 ιιιίειιιι
2681 5552 3073 5612 μεταϐάλλοντας,
3123 5557 3170 5604 in
3211 5561 3433 5622 margine
3478 5559 3670 5623 μεταπί-

2104 5617 2369 5731 “Egit”.
2396 5666 2478 5715 τὸν
2510 5667 2653 5731 θυμὸν
2674 5671 2835 5722 αὐτοῦ.

2175 5727 2190 5763 ί
2218 5725 2593 5791 Παρασυρῶμεν,
2627 5731 2746 5780 ἀλλὰ
2765 5735 2877 5796 πρὸς
2899 5736 2973 5785 τά.
2997 5736 3078 5787 Sic
3095 5737 3236 5789 alius.
