4088 6274
323 278 432 336 5ξίτῖ

319 388 615 449 tentatione
642 390 901 453 versaris;
949 386 1043 444 sed
1074 387 1347 458 propheta:
1386 383 1701 441 recordatus
1724 383 1909 441 dicen—

319 485 408 550 tis,
439 481 637 536 Bonum
662 481 786 534 mihi
820 481 939 549 quia
965 480 1243 534 huntiliatti
1280 494 1375 540 me,
1407 486 1461 533 ut
1500 478 1691 531 discam
1706 475 1907 548 justi/i-

316 579 540 633 cationes
569 585 681 629 tuas
710 572 884 643 (Psal.
920 573 1045 629 ll8.
1076 570 1188 639 7i),
1216 571 1571 627 calamitatem
1615 585 1709 639 pro
1736 584 1910 625 reme-

315 669 411 725 dio
437 668 638 735 accipe,
677 675 731 719 et
757 666 1051 720 tentatioue
1079 673 1139 719 ut
1170 679 1264 733 par
1292 672 1376 718 est
1401 672 1572 728 utere,
1600 663 1909 733 poterisque

315 756 580 827 majorem
598 758 811 826 assequi
848 755 1286 825 tranquillitatem
1314 772 1327 808 :
1357 768 1460 824 qua
1492 754 1691 808 utinam
1722 768 1911 808 omnes

310 847 465 917 digni
497 846 811 914 habeamur,
838 848 1008 917 gratia
1050 854 1107 901 et
1148 845 1712 901 humanitate-Domini
1740 845 1908 899 nostri

320 942 445 994 .lesu
473 940 690 1000 Christi.
719 940 802 993 cui
824 939 994 1009 gloria
1024 948 1079 993 et
1106 939 1388 1009 imperium
1419 938 1470 993 in
1510 938 1709 993 saecula
1739 953 1909 993 saecu-

322 1032 517 1086 Iurum.
547 1032 735 1085 Amen.

763 1145 829 1201 IN
868 1145 1189 1201 PSALMUM
1227 1145 1464 1201 CXXIII.

587 1258 639 1312 I.
685 1256 804 1312 Nisi
827 1258 945 1329 quia
973 1256 1225 1313 Dominus
1260 1259 1444 1313 eratin
1474 1258 1632 1314 nobis.

391 1394 445 1451 1.
486 1393 807 1461 Captivitatis
828 1393 959 1450 bona
984 1392 1157 1448 Judazi
1195 1394 1415 1448 vitaruut
1443 1394 1806 1450 idololatriam.
1836 1422 1909 1435 --

320 1486 477 1555 Quod
502 1501 645 1556 saepe
673 1486 805 1553 dixi,
842 1485 942 1540 hoc
968 1502 1178 1557 quoque
1213 1502 1355 1541 nunc
1379 1486 1522 1555 dico,
1556 1502 1655 1543 nec
1683 1486 1908 1542 cesSabo

322 1581 522 1642 dicere.
555 1595 803 1649 magnum
829 1594 950 1633 esse
985 1577 1212 1632 fructum
1244 1579 1582 1648 captivitatis,
1608 1588 1662 1633 et
1690 1579 1757 1633 ad
1784 1578 1907 1648 piti-

320 1672 621 1742 losophiam
658 1671 926 1726 deducere
966 1685 1122 1740 posse
1166 1685 1260 1724 eos
1303 1671 1391 1740 qui
1438 1670 1741 1725 attendunt.
1774 1671 1908 1726 Ecce

321 1764 466 1817 ειιίηι
493 1768 581 1832 qui
617 1762 681 1817 ad
721 1762 1002 1817 simulacra
1050 1762 1353 1827 currebant,
1386 1761 1553 1816 Deum
1582 1770 1895 1817 contemne-

323 1853 477 1920 bant,
507 1863 561 1909 et
588 1855 639 1908 in
670 1853 991 1925 impietatem
1020 1853 1368 1925 impcgerant.
1400 1854 1523 1923 quid
1554 1853 1740 1909 dicunt
1766 1870 1906 1911 nunc

322 1956 447 2015 post
466 1946 818 2015 captivitatem
838 1946 862 2000 ἲ
885 1954 941 2002 et
965 1947 1234 2016 quomodo
1258 1946 1486 2003 salutem
1509 1962 1658 2003 suam
1687 1948 1795 2003 Deo
1815 1950 1908 2003 ad-

319 2040 595 2095 scribunt?
639 2040 941 2107 Quinetiam
990 2041 1282 2111 propheta,
1335 2051 1599 2112 tamquam
1646 2041 1908 2113 choragus

320 2132 576 2200 optimus,
609 2130 796 2186 eadem
842 2131 961 2187 illos
984 2131 1136 2201 jubet
1175 2131 1483 2203 frequenter
1519 2131 1717 2188 dicere.
1749 2132 1905 2188 Post-

322 2236 481 2290 quam
514 2236 641 2291 ergo
673 2222 878 2290 primus
908 2222 1059 2287 dixit,
1108 2223 1214 2277 illis
1240 2238 1449 2292 quoque
1479 2224 1737 2292 praacipit,
1769 2232 1905 2279 tam-

320 2328 479 2382 quam
533 2314 788 2383 magister
836 2314 1149 2383 discipulis,
1209 2324 1267 2368 ut
1318 2315 1537 2370 dicant:
1572 2315 1723 2369 Dicat
1774 2333 1907 2370 nunc

322 2405 510 2467 Israé'l.
544 2405 662 2460 Nisi
693 2408 811 2477 quia
838 2407 1087 2461 Daminus
1113 2418 1220 2463 erat
1247 2411 1299 2462 in
1340 2409 1502 2474 nobis,
1528 2425 1643 2463 cum
1671 2426 1908 2481 exsurge-

321 2507 429 2550 rent
457 2496 683 2551 homines
711 2499 761 2550 in
794 2514 903 2558 nos,
936 2498 1065 2567 forte
1087 2499 1221 2552 viros
1248 2497 1577 2569 deglutissent
1604 2516 1716 2554 nos.
1744 2500 1908 2556 Erant

320 2588 464 2641 enim
489 2588 742 2652 inermes,
775 2588 922 2653 nudi,
947 2590 1160 2658 captivi,
1193 2599 1246 2642 et
1270 2590 1428 2655 servi,
1456 2597 1512 2644 et
1536 2606 1706 2660 nuper
1728 2604 1761 2645 a
1792 2606 1907 2644 ma-

326 2681 394 2735 lis
425 2680 657 2746 liberati,
695 2681 989 2751 urbemque
1019 2682 1283 2737 habebant
1328 2698 1431 2739 non
1462 2683 1631 2737 muris
1654 2688 1905 2749 cinctam,

324 2773 435 2825 imo
463 2788 590 2827 vero
632 2789 699 2828 ne
740 2771 924 2827 urbem
958 2772 1194 2842 quidem,
1240 2785 1294 2828 et
1343 2783 1463 2844 post
1502 2774 1728 2829 reditum
1756 2785 1909 2829 erant

322 2863 503 2931 praeda
528 2864 785 2919 omnibus
824 2873 1004 2934 parata
1031 2881 1044 2927 ;
1076 2864 1171 2919 sed
1212 2864 1311 2918 fuit
1357 2867 1437 2920 eis
1465 2866 1606 2920 Deus
1631 2881 1726 2935 pro
1757 2882 1909 2919 muro

328 2961 384 3005 et
412 2967 555 3008 arce.
598 2954 707 3008 lloc
734 2955 905 3024 ipsum
954 2969 1052 3009 nos
1077 2971 1289 3026 quoque
1319 2972 1459 3012 nunc
1483 2956 1722 3011 dicamus
1747 2974 1760 3010 :
1795 2956 1909 3010 Nisi

329 3044 449 3105 quia
477 3041 719 3098 Dominus
746 3056 851 3099 erat
881 3045 932 3098 in
959 3046 1120 3112 nobis,
1149 3046 1280 3115 forte
1297 3047 1431 3101 vivos
1452 3045 1777 3116 deglutissent
1797 3063 1904 3099 nos.

326 3135 466 3203 Quid
494 3142 632 3191 enim
665 3153 768 3191 non
794 3137 1006 3194 iecisset
1031 3147 1214 3193 noster
1242 3140 1485 3194 inimicus
1512 3139 1776 3206 diabolus,
1807 3139 1909 3193 nisi

326 3230 587 3283 Dominus
618 3229 802 3285 fuisset
844 3231 894 3285 in
941 3230 1132 3286 nobis?
1172 3231 1306 3285 Audi
1338 3232 1463 3300 quid
1500 3230 1746 3285 Christus
1770 3229 1913 3285 dicat

324 3322 530 3375 Simoni
563 3341 574 3377 :
607 3323 812 3390 Simon,
857 3322 1060 3391 Simon,
1087 3324 1278 3393 quoties
1309 3324 1449 3395 petiit
1477 3332 1524 3376 te
1564 3332 1770 3377 satanas
1808 3323 1909 3376 cri-

323 3413 472 3468 brare
496 3415 627 3468 sicut
653 3416 874 3469 triticum
901 3432 921 3469 :
951 3425 996 3469 et
1019 3431 1110 3486 ego
1145 3416 1285 3469 oravi
1312 3432 1404 3485 pro
1430 3425 1496 3480 te,
1528 3432 1592 3473 ne
1616 3416 1819 3485 deﬁciat
1843 3416 1911 3485 ﬁ-

323 3506 413 3559 des
437 3517 524 3560 tua
553 3505 707 3575 (Luc.
739 3505 829 3560 22.
874 3507 1007 3578 3t)?
1050 3506 1146 3561 Est
1186 3508 1327 3561 enim
1369 3508 1606 3578 improba
1637 3506 1811 3562 bellua
1858 3516 1913 3561 et

326 3598 663 3662 insatiabilis,
692 3608 747 3653 et
775 3600 877 3653 nisi
906 3598 1122 3654 assidue
1148 3597 1527 3666 refrenaretur,
1562 3598 1914 3654 subvertisset

323 3700 376 3741 et
410 3690 743 3745 confudisset
768 3691 966 3745 omnia.
1018 3688 1075 3746 Si
1118 3691 1261 3746 enim
1300 3705 1421 3745 cum
1455 3690 1507 3744 in
1557 3691 1769 3747 beatum
1811 3690 1914 3747 Job

327 3782 579 3848 pusillum
609 3782 731 3850 quid
761 3785 809 3837 ei
836 3781 935 3837 fuit
960 3782 1303 3853 permissum,
1332 3782 1448 3852 ejus
1474 3780 1691 3837 domum
1723 3784 1912 3838 evertit

326 3872 583 3935 funditus,
617 3874 735 3942 ejus
764 3889 960 3943 corpus
990 3873 1345 3939 labefactavit.
1370 3882 1571 3928 tantam
1599 3873 1911 3944 tragmdiam

325 3964 601 4032 excitavit,
626 3964 901 4021 facultates
919 3964 1177 4033 corrupit,
1204 3963 1341 4018 ﬁlios
1367 3963 1565 4030 obruit,
1595 3972 1652 4019 ut
1679 3978 1711 4019 e
1748 3979 1912 4020 carne

324 4074 541 4113 vermes
564 4058 889 4115 scaturirent
915 4058 1112 4126 effecit,
1145 4072 1365 4112 uxorem
1397 4057 1447 4111 in
1492 4071 1614 4112 eum
1655 4057 1911 4122 incitavit,

323 4149 551 4215 amicos,
597 4148 862 4216 inimicos,
904 4147 1151 4214 famulos,
1204 4155 1264 4202 ut
1294 4146 1501 4217 probris
1528 4162 1651 4201 eum
1684 4147 1915 4202 insecta-

326 4253 538 4308 rentur,
562 4240 770 4297 induxit
797 4258 812 4295 :
835 4240 878 4296 si
910 4255 1015 4295 non
1042 4237 1521 4295 innumerabilibus
1543 4238 1708 4293 frenis
1738 4248 1911 4294 retar-

324 4336 565 4398 daretur,
593 4332 863 4404 quomodo
890 4346 994 4388 non
1024 4346 1211 4388 omnes
1239 4331 1520 4402 perderet?
1542 4330 1801 4398 Quocirca
1829 4330 1916 4386 hic

324 4441 541 4495 quoque
567 4425 696 4480 dicit
720 4442 734 4477 :
765 4422 888 4479 Nisi
919 4425 1041 4497 quia
1071 4423 1319 4479 Dominus
1342 4423 1522 4477 eratin
1548 4422 1711 4479 nobis.
1752 4424 1917 4478 Erant

327 4517 472 4572 eiiim
499 4516 788 4573 admodum
812 4518 967 4589 pauci
1016 4525 1070 4573 et
1114 4519 1431 4588 contempti,
1461 4525 1515 4572 et
1544 4531 1637 4572 eos
1667 4532 1916 4572 reversos

327 4609 480 4663 multi
508 4610 913 4665 adoriebantur.

407 4698 775 4767 Prosperorunt
795 4709 841 4754 et
868 4698 1194 4754 aduersorum
1220 4700 1568 4755 alternationis
1592 4700 1817 4768 utilitas;
1838 4701 1917 4754 ira

325 4790 539 4845 rationis
563 4806 740 4861 expers
756 4807 777 4857 ;
804 4773 1202 4860 perturbationes
1230 4790 1390 4845 animi
1416 4800 1471 4845 ut
1493 4796 1669 4846 sanari
1698 4794 1912 4861 possint.

326 4909 401 4927 ν-
420 4880 590 4936 Porro
618 4883 672 4937 in
722 4880 823 4937 hoc
850 4868 1063 4953 quoque
1090 4882 1473 4937 ostendebatur
1500 4882 1593 4939 Dei
1631 4884 1915 4954 sapientia,

327 4958 470 5039 quod
502 4988 610 5028 non
643 4982 861 5045 repente
884 4984 939 5029 et
965 4990 1071 5029 uno
1092 4974 1253 5030 simul
1279 4982 1524 5043 tempore
1549 4974 1701 5030 daret
1725 4977 1805 5031 eis
1832 4991 1917 5032 se-

325 5066 633 5125 curitatem.
659 5066 752 5123 sed
780 5069 977 5123 sensim
1003 5082 1067 5123 ac
1088 5067 1361 5139 paulatim.
1399 5066 1511 5125 Hoc
1537 5079 1714 5124 autem
1751 5069 1916 5125 facie-

324 5157 423 5212 bat
448 5173 542 5213 eos
560 5172 889 5223 conseruatis
920 5159 970 5215 in
994 5159 1090 5215 Dei
1118 5160 1447 5231 cognitione,
1477 5169 1532 5216 et
1557 5176 1675 5216 eam
1705 5178 1825 5232 qtue
1849 5177 1915 5217 ex

326 5249 643 5318 captivitate
681 5260 797 5305 orta
822 5260 959 5321 erat,
999 5252 1393 5309 correctionem
1435 5267 1541 5308 non
1571 5254 1755 5308 sinens
1781 5269 1919 5324 prat-

327 5342 603 5399 terlluere.
636 5345 769 5413 Quia
801 5347 943 5400 enim
976 5346 1227 5403 ,liberatio
1251 5360 1283 5401 a
1317 5346 1471 5401 malis
1506 5346 1650 5401 solet
1675 5346 1917 5401 homines

327 5435 546 5491 eflicere
590 5437 950 5505 socordiorcs,
983 5438 1034 5494 in
1078 5438 1192 5508 ipsa
1234 5438 1394 5492 etiam
1423 5438 1718 5493 donatione
1749 5439 1916 5493 bono-

331 5544 453 5585 rum
486 5530 765 5599 permittit,
805 5540 862 5585 ut
891 5529 990 5600 ipsi
1027 5529 1240 5609 assidue
1280 5538 1576 5591 tententur,
1605 5539 1663 5585 ut
1705 5532 1814 5584 sint
1837 5530 1917 5586 eis

334 5624 665 5680 tentationes
714 5632 1029 5693 perpetuum
1069 5619 1422 5692 philosophia:
1470 5619 1806 5677 exercitium.
1847 5617 1919 5676 Et

334 5720 462 5779 ideo
501 5733 597 5774 nec
633 5717 879 5771 homines
921 5727 1133 5785 semper
1158 5712 1370 5768 dimittit
1401 5712 1452 5767 in
1501 5710 1911 5778 calamitatibus,

1366 262 1725 324 EXPOSITIO
1764 261 1829 318 IN
1870 259 2193 318 PSALMUM
2233 261 2465 319 CXXIII.

3500 277 3604 335 354

2018 390 2086 428 ne
2108 376 2355 435 deficiant
2381 401 2393 436 :
2421 396 2520 436 nec
2547 380 2598 436 in
2626 382 2802 453 quiete
2830 391 2883 438 et
2910 399 3087 440 rerum
3131 386 3505 457 prosperitate,
3531 404 3598 442 ne

2017 468 2146 524 fiant
2187 473 2523 529 socordiores
2551 490 2565 529 :
2598 475 2692 530 sed
2733 475 3187 533 vicissitudinibus
3228 494 3414 535 eorum
3461 480 3603 535 salu-

2020 571 2125 620 tem
2164 566 2351 619 variat.
2389 565 2543 622 Forte
2583 568 2716 624 vivos
2744 569 3069 641 deglutissent
3098 586 3210 625 nos.
3263 570 3422 627 Vides
3466 588 3604 643 quo-

2018 655 2178 711 modo
2207 657 2459 725 ostendit,
2487 674 2646 729 quam
2680 660 2785 715 sint
2811 662 3093 728 immanes,
3117 663 3286 732 quise
3316 662 3604 718 invadunt?

2016 747 2150 803 Sunt
2193 750 2334 804 enim
2376 749 2620 807 homines
2667 754 2754 823 qui
2802 754 2883 808 vel
2934 753 3170 809 ferarum
3220 755 3603 811 immanitatem

2016 840 2322 907 ostendunt,
2359 841 2467 897 imo
2497 845 2662 913 magis
2687 861 2844 915 quam
2876 845 2980 901 illze
3006 847 3233 902 saeviunt
3259 848 3311 903 in
3338 862 3605 918 congene-

2016 946 2124 985 res.
2154 930 2288 986 Fera
2317 934 2461 988 enim
2505 950 2625 987 cum
2660 936 2823 990 semel
2851 935 3129 1003 invaserit,
3165 937 3231 992 ab
3263 938 3339 993 ira
3366 938 3594 1003 desistit,

2016 1030 2072 1077 et
2101 1023 2325 1090 recedit,
2354 1034 2445 1079 aut
2465 1026 2677 1094 repulsa
2710 1042 2815 1081 non
2844 1029 3072 1097 amplius
3093 1029 3293 1085 invadit
3320 1047 3333 1084 :
3358 1028 3603 1087 homines

2015 1122 2193 1168 autem
2224 1129 2343 1169 cum
2390 1131 2475 1169 res
2504 1118 2728 1171 cesserit
2769 1118 2926 1173 aliter
2954 1135 3111 1189 quam
3154 1120 3429 1189 putabant,
3458 1135 3606 1191 saepe

2017 1203 2269 1258 invadunt
2293 1206 2375 1261 vel
2398 1205 2541 1275 ipsas
2562 1221 2749 1262 carnes
2769 1217 2983 1278 gustare
3003 1212 3298 1279 cupientes.
3327 1210 3601 1280 Ejusmodi

2015 1309 2103 1349 res
2143 1304 2226 1349 est
2267 1296 2364 1361 ira,
2414 1298 2634 1352 rationis
2679 1315 2910 1369 expers;
2951 1301 3084 1355 adeo
3112 1301 3282 1357 fervet
3328 1311 3384 1358 et
3417 1303 3604 1359 ebullit

2015 1386 2131 1443 hzec
2168 1389 2331 1443 animi
2365 1391 2713 1459 perturbatio.
2757 1393 3036 1459 Quomodo
3078 1410 3205 1464 ergo
3245 1394 3360 1449 haec
3400 1396 3600 1451 exstin-

2013 1491 2205 1550 guetur
2223 1480 2514 1549 aegritudo?
2540 1482 2597 1537 Si
2626 1499 2713 1537 res
2742 1492 2950 1539 nostras
2989 1485 3167 1538 animo
3197 1495 3524 1555 reputemus,
3554 1488 3600 1542 si

2014 1581 2244 1627 mortem
2275 1574 2699 1641 consideremus,
2732 1585 2783 1630 et
2813 1592 2908 1631 eos
2937 1578 3023 1647 qui
3050 1578 3288 1648 quotidie
3315 1580 3596 1645 recedunt,

2014 1665 2056 1718 si
2085 1673 2325 1718 naturam
2357 1674 2594 1720 nostram
2631 1667 3076 1736 contemplemur,
3124 1669 3265 1739 quod
3296 1672 3500 1726 scilicet
3524 1672 3598 1726 si—

2014 1771 2132 1810 mus
2163 1764 2301 1811 terra
2328 1764 2383 1811 et
2409 1757 2564 1813 cinis.
2595 1758 2651 1812 Si
2676 1768 2852 1814 autem
2880 1760 3030 1815 faciei
3058 1761 3395 1829 pulchritudo
3419 1765 3599 1819 animo

2013 1856 2104 1903 tuo
2134 1846 2310 1903 adhuc
2334 1847 2577 1919 imponit,
2602 1850 2735 1906 vade
2759 1851 2825 1905 ad
2848 1860 3191 1907 monumenta
3217 1864 3271 1908 et
3299 1856 3481 1910 thecas
3502 1872 3597 1926 pa-

2013 1948 2224 1996 rentum
2273 1948 2507 2007 tuorum,
2550 1956 2613 1997 ac
2640 1941 2761 1998 vide
2790 1944 3059 2012 quomodo
3099 1954 3223 1998 sunt
3251 1947 3429 2015 positi,
3461 1956 3514 2002 et
3544 1949 3596 2003 in

2013 2034 2285 2103 pulverem
2316 2049 2379 2089 ac
2420 2042 2612 2090 terram
2654 2035 2894 2101 resoluti,
2924 2052 3277 2108 magnamque
3309 2055 3373 2094 ex
3414 2055 3479 2096 eo
3503 2055 3597 2095 ca—

2012 2126 2128 2195 pies
2156 2125 2517 2193 occasionem,
2543 2134 2596 2180 ut
2626 2135 2675 2180 te
2702 2127 2875 2195 ipsum
2909 2131 3189 2198 reprimas.
3221 2130 3296 2184 Ne
3321 2130 3448 2186 dicti
3480 2148 3598 2202 gra-

2010 2218 2228 2273 vitatem
2249 2217 2539 2287 improbes.
2570 2218 3026 2286 Quemadmodum
3054 2221 3194 2274 enim
3226 2222 3312 2289 qui
3345 2221 3491 2276 fehrc
3518 2223 3598 2275 la-

2012 2308 2222 2369 borant,
2247 2316 2526 2378 postquam
2556 2326 2587 2365 a
2610 2310 2798 2363 morbo
2830 2309 3034 2364 liberati
3068 2310 3281 2374 fuerint,
3314 2329 3444 2381 puro
3471 2328 3599 2367 aere

2013 2399 2287 2470 indigent:
2318 2402 2389 2456 ita
2420 2403 2580 2456 etiam
2613 2416 2747 2470 quos
2766 2402 2929 2455 animi
2957 2403 3386 2472 perturbationes
3415 2406 3481 2459 ad
3513 2406 3598 2459 in-

2012 2491 2215 2544 saniam
2243 2492 2481 2561 adigunt,
2512 2492 2555 2545 si
2588 2492 2654 2545 ad
2683 2504 3026 2546 monumenta
3071 2496 3416 2561 accesserint,
3452 2503 3593 2549 tam-

2012 2601 2169 2654 quam
2215 2586 2302 2655 qui
2350 2587 2401 2640 in
2446 2586 2703 2654 praedium
2754 2585 3164 2641 saluberrimum
3219 2588 3595 2656 pervenerint,

2014 2680 2210 2732 multas
2237 2678 2504 2747 expellent
2530 2678 2893 2748 :egritudincs.
2925 2678 3132 2733 Sufficit
3159 2680 3303 2733 enim
3335 2679 3421 2733 vel
3450 2681 3598 2734 solus

2014 2786 2162 2824 urna:
2189 2783 2436 2840 aspectus
2464 2770 2530 2823 ad
2547 2786 2668 2825 eum
2697 2768 3124 2839 deprimendum,
3154 2770 3243 2840 qui
3268 2769 3421 2824 valde
3448 2784 3600 2824 arro-

2012 2876 2144 2931 gans
2171 2871 2272 2916 est.
2306 2862 2387 2916 Ab
2413 2861 2498 2915 his
2526 2861 2782 2931 deinceps
2813 2861 3115 2915 transmitte
3143 2872 3286 2915 tuam
3314 2861 3598 2931 cogitatio-

2016 2968 2138 3007 nem
2166 2951 2231 3005 ad
2262 2951 2495 3006 futurum
2527 2952 2672 3006 illum
2701 2952 2842 3005 diem
2868 2951 3184 3015 terribilem,
3214 2951 3277 3005 ad
3307 2951 3510 3006 futuras
3531 2952 3600 3006 de

2017 3053 2066 3098 te
2091 3044 2438 3114 quaestiones,
2483 3052 2538 3098 et
2583 3042 2882 3097 reddendas
2920 3043 3180 3107 rationes,
3211 3043 3276 3095 ad
3319 3043 3596 3113 supplicia,

2014 3151 2132 3205 qua:
2170 3136 2375 3189 nullum
2407 3134 2607 3190 habent
2646 3136 2864 3189 omnino
2898 3135 3167 3200 solatium,
3208 3133 3295 3189 ubi
3340 3148 3498 3189 nemo
3549 3146 3600 3188 te

2015 3227 2300 3283 defendet:
2332 3236 2388 3283 et
2418 3227 2500 3281 his
2530 3227 2777 3282 omnibus
2806 3226 2968 3281 veluti
3000 3224 3316 3296 quibusdam
3355 3224 3602 3280 cantibus

2015 3323 2141 3379 seda
2197 3332 2313 3377 tuas
2358 3323 2521 3376 animi
2580 3321 3029 3392 perturbationes.
3076 3319 3369 3375 Considera
3419 3327 3600 3374 autem

2015 3417 2176 3470 etiam
2202 3431 2269 3471 ex
2301 3415 2608 3470 hominibus
2630 3430 2725 3471 eos
2746 3415 2834 3485 qui
2878 3415 2932 3469 in
2960 3414 3065 3468 vita
3094 3413 3344 3484 praesenti
3370 3427 3434 3468 ex
3462 3412 3602 3467 divi-

2018 3510 2103 3564 tiis
2129 3509 2327 3565 redacti
2348 3519 2474 3564 sunt
2494 3509 2547 3564 in
2579 3518 2966 3579 paupertatem,
2997 3523 3059 3563 ex
3092 3508 3261 3579 gloria
3290 3508 3343 3563 in
3374 3505 3602 3578 ignomi-

2018 3603 2158 3656 niam
2189 3609 2281 3656 :et
2317 3602 2361 3655 si
2396 3603 2528 3656 velis
2572 3601 2752 3665 irasci,
2798 3617 2906 3656 non
2938 3603 2987 3657 ei
3028 3602 3118 3671 qui
3149 3611 3230 3654 est
3271 3599 3365 3655 tibi
3405 3614 3604 3669 genere

2016 3693 2351 3763 conjunclus,
2386 3694 2480 3749 sed
2529 3693 2669 3747 malo
2717 3693 2948 3749 daemoni
3002 3694 3232 3748 irascere
3272 3692 3507 3756 :habes,
3549 3690 3601 3743 in

2017 3802 2173 3857 quem
2209 3787 2340 3841 iram
2369 3785 2613 3842 elfuudas
2645 3804 2660 3841 :
2695 3785 2769 3840 illi
2814 3800 3100 3856 numquam
3130 3783 3515 3847 reconcilieris,
3549 3780 3602 3834 in

2019 3878 2166 3931 illum
2206 3879 2337 3932 iram
2385 3877 2599 3933 effunde
2637 3886 2693 3931 et
2738 3891 3014 3942 consume,
3058 3880 3110 3929 in
3160 3875 3308 3930 illum
3341 3871 3499 3928 tende
3527 3870 3606 3925 la-

2017 3985 2234 4040 queum,
2272 3986 2559 4041 numquam
2603 3983 2782 4024 cesses
2821 3968 3078 4030 adversus
3118 3983 3240 4021 eum
3273 3966 3469 4021 bellmn
3509 3981 3605 4035 ge-

2020 4076 2159 4116 rere.
2190 4062 2244 4117 5.
2295 4059 2421 4115 Cum
2449 4062 2752 4115 irasceretur
2778 4062 2925 4131 furor
2954 4076 3129 4131 eorum
3151 4062 3167 4091 ί
3210 4059 3263 4113 in
3306 4076 3418 4122 nos.
3453 4062 3606 4131 [orsi-

2019 4164 2106 4207 tan
2132 4168 2267 4223 aqua
2316 4152 2653 4206 absorbuisset
2698 4166 2810 4204 nos.
2856 4151 2909 4205 ι.
2964 4149 3255 4203 Torrentem
3286 4151 3607 4219 pertransivit

2017 4249 2190 4301 anima
2256 4256 2428 4301 nostra
2474 4260 2494 4299 :
2541 4245 2753 4315 forsitan
2802 4244 3152 4312 pertransisset
3211 4244 3384 4297 anima
3432 4254 3605 4299 nostra

2019 4358 2202 4409 aquam
2242 4338 2623 4393 intolerabilem.
2663 4336 2977 4391 Torrentem
3024 4343 3077 4389 et
3122 4349 3313 4405 aquam
3352 4334 3439 4390 hic
3476 4334 3606 4390 dicit

2021 4435 2290 4503 ingentem
2318 4432 2448 4487 iram
2486 4430 2821 4485 inimicorum
2852 4445 2865 4479 :
2896 4436 2980 4482 est
3018 4428 3162 4483 enim
3185 4442 3345 4498 aqua,
3376 4444 3496 4498 quze
3523 4430 3605 4483 in-

2019 4523 2314 4588 composite
2338 4536 2525 4593 tnagna
2549 4522 2599 4575 vi
2629 4530 2683 4575 et
2704 4520 2902 4591 impetu
2931 4519 3118 4585 fertur,
3145 4533 3208 4573 ac
3232 4519 3605 4591 quodcumque

2019 4617 2068 4671 ei
2099 4615 2352 4680 occurrit,
2373 4628 2554 4669 secum
2587 4611 2768 4667 trahit.
2797 4611 2912 4667 Non
2940 4612 3111 4665 solum
3151 4620 3328 4666 autem
3357 4611 3445 4665 hic
3474 4610 3607 4666 dicit

2021 4709 2369 4778 irruptionem
2396 4706 2679 4769 malorum,
2708 4701 2802 4758 sed
2828 4704 2988 4758 etiam
3018 4702 3323 4758 transitum.

2092 4800 2146 4853 2.
2181 4800 2256 4853 Ne
2296 4799 2530 4852 animum
2562 4811 2691 4868 ergo
2722 4795 3034 4865 abjiciamus
3078 4796 3290 4865 quando
3332 4811 3429 4850 nos
3469 4797 3605 4851 mala

2022 4893 2331 4948 invaserint.
2373 4890 2608 4945 Torrens
2633 4897 2715 4943 est
2742 4888 2992 4959 quidquid
3024 4887 3236 4943 tandem
3263 4888 3364 4953 sit,
3397 4897 3478 4942 est
3506 4904 3607 4941 nu-

2023 4989 2118 5044 bes
2142 5003 2259 5058 qua:
2297 4985 2680 5056 prtetercurrit.
2733 4981 2999 5053 Quidquid
3028 4981 3238 5036 molesti
3275 4978 3473 5034 dixeris
3496 5018 3514 5043 ,
3553 4979 3609 5034 id

2024 5082 2184 5137 habet
2209 5080 2367 5136 linem
2400 5076 2696 5151 :quidquid
2737 5090 2985 5147 asperum
3026 5073 3262 5138 dixeris,
3312 5072 3365 5125 id
3393 5085 3609 5142 quoque

2023 5172 2184 5228 habet
2205 5173 2428 5227 exitum.
2458 5170 2513 5226 Si
2542 5169 2683 5225 enim
2714 5165 2874 5221 ﬁnem
2896 5181 3001 5220 non
3023 5163 3265 5226 haberet,
3294 5174 3482 5215 natura
3499 5176 3606 5217 non

2022 5263 2312 5320 sufficeret.
2354 5264 2424 5317 At
2459 5260 2793 5329 complures,
2820 5256 3048 5327 inquies,
3084 5268 3263 5308 secum
3294 5251 3476 5307 trahit.
3501 5251 3606 5307 Sed

2023 5358 2074 5413 id
2106 5373 2215 5412 non
2246 5356 2306 5410 iit
2329 5371 2396 5409 ex
2421 5354 2536 5423 ejus
2560 5350 2808 5407 violentia
2829 5391 2844 5416 ,
2872 5348 2967 5404 sed
2998 5356 3214 5417 propter
3239 5360 3338 5402 eos
3363 5345 3453 5416 qui
3481 5356 3607 5402 sunt

2022 5450 2197 5521 ignavi
2225 5457 2283 5504 et
2318 5446 2475 5502 facile
2514 5451 2938 5515 prosternuntur.
2987 5437 3065 5493 Ne
3103 5451 3233 5507 ergo
3257 5436 3603 5501 seducamur,

2023 5546 2117 5603 sed
2155 5542 2222 5599 ad
2248 5556 2312 5598 ea
2340 5553 2459 5611 quae
2502 5536 2686 5595 intima
2725 5542 2847 5589 sunt
2890 5530 3007 5604 eius
3032 5529 3404 5602 perveniamus
3428 5572 3446 5594 .
3491 5532 3605 5588 loca

2089 5715 2105 5743 ¹
2142 5705 2300 5759 SeviL
2328 5706 2462 5767 furor
2494 5697 2612 5760 ejus.

3574 5766 3601 5777 υ
