4088 6274
464 295 568 352 355

466 409 584 473 eius
609 397 1031 458 consideremus,
1051 400 1260 444 sacram
1283 391 1533 437 ancoram
1561 366 2043 443 apptcbeudamus,

467 457 554 552 ult"
569 457 772 551 nullum
813 485 1078 559 patiamur
1117 473 1473 543 naufragium.
1526 465 1764 521 Torrens
1794 457 1940 514 enim
1967 461 2051 508 est

467 591 533 646 ad
566 598 776 656 tempus
802 546 1072 638 terribilis,
1113 581 1166 627 et
1195 581 1409 624 rursum
1434 573 1596 631 supra
1627 554 1842 656 modum
1868 546 2051 618 depri-

469 643 652 737 t—uitur.
681 643 846 746 'Aqua
871 665 1202 723 absorbuisset
1231 673 1342 713 nos.
1394 653 1546 709 Alius
1578 645 1652 720 (a)
1679 688 1693 712 ,
1744 643 1885 698 Tunc
1925 643 2054 711 forte

473 786 617 843 aqua:
667 741 1040 822 inundauissent
1087 770 1178 810 nos
1230 749 1371 821 quasi
1408 756 1602 800 torrens
1654 741 2054 809 pet-transeuntes

474 872 648 919 contra
689 858 912 913 animam
942 859 1186 907 nostram.
1231 841 1470 898 Forsitan
1510 832 1856 907 pertransisset
1885 827 2057 880 anima

478 965 651 1010 nostra
678 964 860 1022 aquant
889 940 1272 1000 intolerabilem.
1323 933 1474 988 Alius
1495 971 1510 995 ,
1561 925 1703 980 Tunc
1744 920 2057 1022 transiissent

478 1005 883 1117 initer—animam
911 1044 1170 1095 nostrain,
1221 1036 1474 1095 tamquam
1515 1032 1690 1083 aqua,
1735 1010 1935 1117 super-“bi
1961 1005 2056 1080 (ὁ).

481 1101 672 1192 Vidisti
713 1138 966 1203 quantum
1008 1124 1077 1178 sit
1114 1119 1206 1174 Dei
1238 1111 1532 1170 auxilium?
1575 1103 1843 1177 quomodo
1880 1101 1932 1156 in
1983 1106 2062 1152 tot

483 1228 638 1283 malis
663 1190 769 1278 non
793 1219 976 1276 siverit
1003 1230 1097 1271 eos
1118 1205 1426 1276 submergi?
1452 1201 1576 1257 Ideo
1607 1199 1746 1254 enim
1778 1193 1904 1249 sinit
1923 1190 2060 1245 mala

482 1329 750 1383 crescere,
781 1327 887 1368 non
914 1317 972 1364 ut
1002 1321 1100 1362 nos
1129 1303 1389 1361 obruant,
1415 1293 1508 1349 sed
1538 1299 1596 1346 ut
1617 1287 1786 1357 magis
1816 1284 2065 1353 probatos

486 1380 751 1476 efliciaut,
801 1417 853 1464 et
878 1421 986 1461 sua:
1015 1399 1266 1472 potentia:
1299 1393 1556 1463 majorem
1591 1385 1823 1456 pratbeat
1848 1380 2068 1435 demono

487 1470 816 1559 stratione'm.
847 1470 1117 1566 Superbos
1145 1497 1320 1543 autem
1349 1483 1438 1538 hic
1456 1479 1583 1534 dicit
1604 1476 1806 1536 hostes,
1830 1470 1918 1540 qui
1939 1481 2070 1536 quo-

490 1597 569 1650 vis
597 1599 863 1656 torrente,
896 1559 949 1642 et
971 1582 1158 1655 quavis
1187 1593 1321 1648 aqua
1354 1566 1670 1628 intolerabili
1703 1559 2071 1619 vehementius

494 1689 790 1746 irruentes,
835 1677 968 1734 nihil
997 1677 1141 1745 ipsos
1169 1671 1441 1724 laeserunt.
1492 1662 1547 1716 lu
1577 1671 1735 1714 causa
1771 1662 1854 1708 est
1895 1659 2071 1706 autem

495 1777 590 1831 Dei
634 1737 939 1844 prmsidium
965 1807 981 1832 ,
1018 1737 1236 1819 caeleste
1280 1753 1573 1811 subsidium
1599 1791 1614 1814 ,
1655 1746 1906 1802 auxilium
1933 1737 2075 1812 quod

495 1833 734 1936 superari
763 1876 867 1916 non
894 1863 1088 1928 potest.
1115 1853 1185 1906 Et
1213 1849 1332 1903 ideo
1361 1861 1479 1901 cum
1502 1844 1614 1912 ipse
1640 1839 1862 1893 dixisset
1884 1833 2077 1888 libera-

498 1925 696 2013 tionem
722 1969 751 2008 a
780 1925 929 2006 malis
955 1989 968 2012 ,
1000 1945 1127 2002 dicit
1147 1957 1268 1998 eum
1297 1939 1454 1994 etiam
1483 1935 1570 2005 qui
1599 1930 1880 1992 liberavit,
1923 1925 2080 1995 idque

500 2065 619 2105 cum
657 2057 862 2101 summa
905 2040 1018 2108 ejus
1059 2035 1234 2090 laude.
1288 2031 1342 2086 5.
1372 2026 1673 2082 Benedictus
1697 2020 1967 2081 Dominus,
1996 2013 2080 2078 qui

502 2157 604 2193 non
646 2136 782 2190 dedit
815 2149 904 2186 nos
937 2107 999 2183 in
1025 2126 1305 2197 captionem
1331 2116 1560 2174 dentibus
1583 2128 1776 2168 eorum.
1822 2109 1876 2164 6.
1900 2107 2084 2161 Anima

504 2241 677 2286 nostra
697 2229 819 2280 sicut
853 2237 1025 2294 passer
1045 2224 1213 2287 erepta
1251 2221 1322 2268 est
1352 2210 1414 2264 de
1449 2209 1626 2279 laqueo
1655 2201 1961 2257 venantium.
1995 2197 2086 2250 Vi.

504 2324 626 2379 disd
665 2289 929 2392 quomodo
955 2327 1103 2367 suam
1145 2306 1376 2363 ostendit
1411 2298 1822 2357 imbecillitatem
1842 2335 1857 2358 ,
1888 2301 1942 2346 et
1968 2289 2088 2344 illo-

508 2431 627 2470 rum
657 2388 980 2482 potentiam?
1011 2404 1090 2459 Ilii
1109 2402 1251 2457 enim
1283 2409 1532 2466 tauquam
1563 2391 1690 2446 ferae
1719 2398 1772 2444 et
1792 2388 1976 2442 leones
1993 2395 2088 2439 eos

511 2503 830 2559 invadebant
853 2541 866 2564 ,
900 2495 1066 2568 parati
1092 2493 1178 2547 vel
1199 2504 1384 2545 eorum
1413 2484 1556 2540 vesci
1588 2479 1870 2544 carnibus,
1899 2473 2088 2530 annali

511 2608 564 2652 et
595 2596 793 2650 viribus
816 2601 872 2648 et
899 2585 1166 2645 iracundia
1191 2600 1205 2648 ;
1251 2581 1306 2636 hi
1332 2592 1460 2634 vero
1488 2583 1640 2631 erant
1664 2571 1850 2642 quovis
1874 2580 2092 2638 passere

513 2685 906 2743 imbecilliores.
932 2679 1082 2734 Tunc
1098 2677 1240 2731 enim
1268 2672 1358 2727 Dei
1382 2667 1630 2724 miracula
1662 2663 1891 2718 maxime
1912 2666 2098 2715 osten-

514 2781 730 2842 duntur,
761 2771 973 2845 quando
995 2769 1084 2839 qui
1110 2775 1233 2821 sunt
1254 2760 1525 2822 imbecilli,
1551 2763 1804 2826 superant
1831 2749 2096 2820 potentio-

515 2887 623 2926 res.
657 2869 764 2923 Nec
785 2882 850 2920 co
887 2863 1058 2918 solum
1097 2865 1249 2914 erant
1286 2852 1494 2909 insidia:
1523 2846 1882 2904 intolerabiles
1906 2883 1922 2907 ,
1955 2839 2094 2911 quod

518 2965 591 3018 illi
617 2959 828 3033 quidem
857 2962 1036 3010 essent
1062 2957 1308 3021 potentes
1333 2951 1387 2999 et
1409 2940 1675 2996 terribiles
1694 2979 1708 3001 ,
1742 2937 1819 2990 ira
1849 2931 2013 3004 pleni,
2047 2939 2099 2985 et

516 3058 600 3110 vel
625 3067 809 3109 eorum
851 3046 1098 3103 carnibus
1129 3039 1270 3096 vesci
1298 3035 1467 3107 parati
1498 3051 1509 3086 :
1541 3031 1595 3086 hi
1624 3039 1798 3085 autem
1828 3025 2096 3087 imbecilli,

519 3159 573 3205 et
602 3147 783 3217 pauci,
835 3143 923 3213 qui
969 3138 1118 3193 facile
1158 3130 1336 3188 invadi
1367 3135 1620 3200 possent:
1647 3123 1738 3178 sed
1771 3121 1931 3175 etiam
1957 3117 2099 3188 quod

523 3250 704 3298 essent
741 3240 793 3294 iu
834 3211 1023 3292 mediis
1061 3229 1214 3284 malis
1253 3221 1554 3291 intercepti,
1599 3227 1654 3274 et
1682 3216 1912 3284 undique
1941 3211 2103 3268 cincti

523 3331 937 3393 difficultatibus,
960 3323 1220 3380 haberent
1240 3317 1471 3385 undique
1489 3312 1626 3368 bella
1646 3323 1740 3364 eos
1759 3308 2104 3362 circumstan-

529 3431 597 3483 tia
633 3447 645 3482 :
677 3425 769 3482 sed
799 3422 886 3493 qui
907 3430 988 3476 est
1006 3417 1236 3474 maxima
1262 3418 1524 3483 potestate
1555 3403 1828 3476 przeditus,
1855 3409 1909 3456 et
1933 3405 2106 3470 potest

527 3519 757 3587 undique
780 3525 1116 3570 conservare,
1142 3508 1302 3563 etiam
1328 3512 1606 3574 postquam
1633 3495 1864 3568 pericula
1885 3504 1940 3549 et
1966 3492 2104 3547 mala

528 3606 1009 3667 circumsederaut;
1061 3615 1160 3655 nos
1185 3641 1200 3664 ,
1233 3597 1418 3668 inquit,
1467 3593 1713 3649 liberavit
1756 3605 1877 3644 cum
1917 3601 2107 3657 magna

530 3701 797 3758 facilitate.
849 3695 999 3763 Quod
1025 3692 1238 3764 quidem
1266 3689 1451 3743 volens
1476 3684 1759 3740 ostendere
1780 3726 1794 3750 ,
1824 3682 1900 3737 sic
1927 3679 2064 3734 dixit
2092 3697 2105 3730 :

528 3794 711 3846 Anima
733 3797 902 3842 nostra
918 3787 1044 3839 sicut
1065 3798 1235 3852 passer
1247 3791 1416 3850 erepta
1437 3787 1506 3832 est
1521 3775 1584 3830 de
1604 3778 1779 3847 laqueo
1801 3772 2106 3826 venantium.

531 3885 582 3936 7.
615 3883 845 3954 Laqueus
871 3879 1114 3932 contritus
1139 3884 1230 3940 est,
1261 3882 1308 3928 et
1333 3889 1423 3926 nos
1449 3870 1646 3925 liberati
1670 3883 1862 3922 sumus.
1906 3864 2112 3920 Deinde

531 3975 818 4030 ostendens
843 3974 1000 4027 etiam
1031 3967 1296 4039 quomodo
1320 4009 1334 4032 ,
1363 3963 1635 4034 subjunxit
1657 4005 1672 4022 .
1702 3961 1754 4017 8.
1787 3959 2111 4026 Adjntorium

533 4075 757 4121 nostrum
791 4064 844 4117 in
872 4063 1072 4116 nomine
1097 4058 1325 4120 Domini,
1352 4057 1436 4125 qui
1465 4056 1582 4126 fecit
1622 4052 1799 4106 ccelum
1829 4063 1875 4104 et
1907 4059 2110 4103 terram.

536 4157 723 4214 Vidisti
764 4155 1092 4210 auxiliatoris
1117 4147 1402 4206 virtutem?
1428 4146 1605 4202 vidisti
1640 4143 1968 4216 potentiam?
1997 4139 2112 4210 Ipsa

533 4250 694 4309 etiam
719 4246 1025 4302 insidiarum
1054 4240 1372 4298 adminicula
1394 4236 1625 4292 sustulit.

610 4342 826 4411 Quantis
862 4356 953 4394 nos
992 4337 1196 4392 auxiliis
1253 4331 1545 4388 instruxerit
1569 4329 1706 4383 Deus
1735 4327 1970 4380 adversus
1999 4324 2115 4378 dia-

537 4435 744 4498 bolum;
771 4432 855 4500 qui
882 4431 937 4500 ﬁt
967 4431 1028 4483 ab
1064 4430 1174 4496 ipso
1212 4442 1304 4480 nos
1340 4434 1503 4478 tamen
1533 4422 1682 4475 uinci.
1711 4448 1780 4459 -—
1813 4417 1923 4472 lloc
1959 4416 2116 4469 etiam

539 4523 825 4592 aua-gogice
854 4519 1118 4588 acceperit
1155 4517 1414 4588 quispiam
1457 4515 1525 4569 de
1560 4512 1773 4567 diabolo
1797 4554 1812 4576 ,
1859 4509 2004 4564 etde
2029 4523 2118 4577 ge.

541 4629 671 4668 nere
701 4612 994 4666 hominum.
1025 4608 1270 4664 Ostendit
1305 4607 1502 4677 quippe
1544 4601 1813 4674 quomodo
1841 4600 2115 4669 eripuerit,

541 4720 596 4758 et
621 4698 736 4774 ejus
766 4700 1037 4755 sustulerit
1072 4698 1291 4752 insidias
1323 4715 1336 4751 :
1373 4696 1475 4751 hoc
1520 4697 1662 4750 enim
1707 4692 1901 4748 factum
1933 4699 2016 4746 est
2055 4707 2117 4745 ex

541 4810 647 4861 quo
668 4792 800 4848 dixit
823 4789 1099 4858 discipulis
1129 4806 1143 4842 :
1174 4787 1437 4841 Ambulate
1465 4803 1616 4856 super
1639 4794 1889 4855 serpentes
1911 4791 1958 4837 et
1984 4798 2122 4836 scor-

538 4885 732 4951 piones,
761 4891 806 4936 et
826 4895 978 4952 super
997 4895 1191 4932 omnem
1213 4885 1504 4948 potestatem
1525 4875 1711 4928 inimici
1729 4872 1876 4946 (Luc.
1904 4873 1985 4927 10.
2009 4871 2119 4937 19).

545 4977 655 5030 Non
684 4975 824 5030 enim
861 4979 943 5028 est
969 4970 1196 5040 amplius
1217 4975 1464 5038 apertum
1489 4965 1682 5019 bellum
1707 5006 1721 5029 ,
1751 4979 1850 5019 nec
1876 4979 1943 5017 cx
1970 4977 2123 5031 tequo

545 5068 800 5124 instructa
839 5063 982 5118 acies
1007 5079 1021 5128 ;
1065 5059 1159 5116 sed
1182 5060 1270 5115 ille
1298 5056 1512 5128 quidem
1530 5056 1671 5126 jacet
1697 5069 1895 5125 pronus
1917 5061 1972 5108 et
2001 5069 2124 5122 pro-

542 5159 817 5221 cumbens,
851 5166 903 5210 tu
921 5164 1097 5209 autem
1128 5163 1238 5207 stas
1262 5162 1490 5215 erectus,
1513 5164 1575 5204 ex
1603 5148 1710 5201 alto
1736 5162 1858 5201 eum
1890 5145 2121 5200 feriens:

548 5257 636 5312 ille
678 5250 891 5322 quidem
938 5258 1254 5312 enervatus,
1307 5254 1362 5299 tu
1391 5257 1521 5295 vero
1547 5241 1794 5296 robustus
1822 5248 1876 5294 et
1901 5237 2122 5291 validus.

545 5345 644 5412 Qui
667 5344 872 5414 litergo
891 5349 948 5396 ut
972 5355 1114 5410 saepe
1141 5336 1353 5394 vincat?
1383 5335 1496 5390 Hoc
1525 5334 1576 5387 tit
1603 5349 1666 5388 ex
1688 5341 1865 5386 nostra
1897 5330 2123 5400 ignavia,

608 5521 683 5580 (α)
713 5521 800 5569 ttic
821 5488 1066 5581 interpres
1085 5519 1194 5581 quis
1214 5518 1278 5566 sit
1307 5518 1572 5581 ignoratur.

592 5571 686 5653 ib)
718 5587 827 5653 Hzec
849 5571 1188 5653 interpretatio
1213 5586 1296 5653 est
1314 5571 1520 5653 aquila,
1545 5581 1599 5624 ut
1632 5577 1679 5624 in
1704 5573 1930 5635 tlexaplis
1953 5571 2128 5620 nostris

559 5643 728 5720 vidqre
751 5647 1093 5720 est.riln#Savil.
1123 5644 1300 5720 dqsrirtt
1327 5643 1407 5709 me
1429 5653 1588 5720 voces,
1614 5647 1838 5705 tanquam
1863 5653 2001 5702 aqua)
2045 5657 2130 5702 tm;

556 5710 614 5752 τὰ
637 5705 822 5764 ὕδατα),
847 5717 955 5764 qua:
977 5711 1140 5750 tamen
1169 5705 1245 5750 hie
1271 5705 1602 5763 requiruntur.

1220 271 1286 328 S.
1326 262 1599 325 JOANNIS
1635 245 2109 314 CIIRYSOSTOMI
2147 243 2462 303 MtCiliEP.
2502 233 3032 298 CONSTANTINOP.

3631 227 3740 284 856

2155 376 2218 414 es
2249 355 2491 413 socordia
2520 370 2706 411 eorum
2737 352 2826 423 qui
2863 348 3158 406 dormiunt.
3200 345 3256 401 Si
3286 343 3414 400 velis
3451 345 3627 413 itaque
3655 359 3747 392 re-

2156 451 2371 510 sistere.
2424 463 2530 502 non
2575 445 2736 500 audet
2773 453 2945 498 tecum
2987 441 3241 494 instructa
3272 437 3386 491 acie
3423 433 3737 506 conﬂigere.

2157 539 2307 608 Quod
2337 540 2378 592 si
2405 538 2566 593 vincit
2609 535 2999 599 dormientem,
3048 530 3103 586 id
3131 544 3236 584 non
3277 528 3419 583 illius
3459 526 3743 597 potentiae,

2158 633 2252 688 sed
2280 641 2382 686 tua:
2412 628 2746 684 tribuendum
2769 636 2853 682 est
2881 622 3236 695 negligentize.
3285 621 3415 688 Quis
3441 619 3586 674 enim
3613 617 3744 673 dor-

2159 724 2412 778 mientem
2442 735 2548 775 non
2575 720 2798 784 vicerit,
2830 717 2930 772 etsi
2959 715 3028 769 sit
3055 713 3293 768 omnium
3323 709 3746 766 imbecillimus?

2163 813 2420 882 Alligatus
2448 819 2530 866 est
2554 809 2736 873 fortis,
2788 805 3169 878 impedimenta
3193 803 3309 874 ejus
3333 802 3511 858 omnia
3537 801 3748 870 direpta

2163 913 2286 959 sunt
2311 945 2322 967 ,
2349 905 2512 958 tracta
2536 911 2621 956 est
2649 901 2904 972 potentia,
2939 907 3152 968 ruptum
3175 907 3257 952 est
3281 911 3343 950 ac
3363 895 3598 950 dirutum
3630 893 3753 964 ejus

2166 995 2519 1050 habitaculum
2542 1034 2556 1057 ,
2603 992 2822 1046 frameae
2848 991 2963 1059 ejus
2989 989 3319 1044 defecerunt.
3372 984 3511 1054 Quid
3551 986 3632 1038 vis
3667 985 3756 1037 his

2165 1089 2429 1158 amplius?
2481 1102 2582 1156 qua
2639 1084 2710 1140 de
2767 1097 2927 1139 causa
2964 1097 3088 1136 eum
3133 1079 3328 1136 times?
3371 1093 3468 1133 cur
3508 1078 3758 1132 vereris?

2165 1177 2356 1232 Jussus
2383 1191 2441 1231 es
2469 1176 2785 1230 conculcare
2813 1189 2956 1240 eum,
2988 1175 3078 1243 qui
3108 1179 3191 1225 est
3211 1178 3494 1224 enervatus
3525 1187 3538 1222 :
3568 1185 3760 1237 quam-

2169 1269 2353 1323 obrem
2375 1308 2389 1334 ,
2410 1266 2505 1320 die
2520 1308 2534 1332 ,
2562 1279 2744 1334 quaeso
2765 1305 2780 1329 ,
2823 1247 3234 1318 contremiscis?
3277 1275 3373 1314 cur
3393 1260 3665 1313 cunctaris
3691 1272 3761 1310 ac

2166 1358 2417 1413 dubitas?
2471 1359 2663 1411 Annon
2711 1355 2913 1424 cogitas
2943 1353 3115 1423 qualis
3143 1352 3211 1406 sit
3237 1351 3327 1420 qui
3359 1350 3451 1405 tibi
3482 1348 3583 1404 fert
3607 1349 3766 1403 auxi-

2172 1449 2343 1504 lium?
2385 1447 2498 1503 Non
2547 1449 2719 1503 solum
2746 1446 2886 1502 enim
2918 1445 3088 1500 hostis
3117 1453 3235 1498 tuus
3276 1444 3443 1498 factus
3477 1453 3560 1497 est
3588 1441 3761 1495 imhe.

2174 1539 2390 1594 cillior:
2423 1538 2516 1593 sed
2558 1537 2720 1591 etiam
2769 1546 2916 1590 tuum
2965 1535 3136 1603 majus
3161 1541 3244 1587 est
3272 1533 3548 1587 auxilium.
3593 1530 3764 1585 Com-

2177 1647 2359 1703 pressu
2378 1641 2462 1686 est
2485 1630 2662 1686 carnis
2682 1629 2983 1694 exsultatio,
3008 1627 3210 1697 peccati
3230 1627 3405 1680 ablata
3423 1635 3509 1680 est
3527 1625 3767 1686 sarcina,

2177 1724 2399 1793 gratiam
2425 1722 2652 1791 Spiritus
2683 1721 2966 1789 accepisti,
2995 1734 3116 1788 qua:
3156 1718 3313 1772 habet
3339 1717 3446 1770 vim
3472 1718 3758 1771 unctionis.

2182 1815 2320 1870 Nam
2339 1815 2474 1888 quod
2497 1814 2804 1883 impossibile
2824 1823 2934 1876 erat
2965 1811 3093 1882 legi,
3123 1811 3176 1863 in
3203 1826 3301 1876 quo
3325 1819 3431 1863 erat
3456 1808 3769 1861 imbecillum

2183 1925 2274 1978 per
2301 1923 2502 1960 carnem
2523 1947 2536 1972 ,
2571 1905 2706 1962 Deus
2752 1904 2904 1957 misso
2947 1918 3038 1956 suo
3069 1901 3203 1955 Filio
3224 1901 3277 1955 in
3302 1901 3632 1954 similitudine
3655 1917 3774 1953 car-

2184 2001 2262 2053 nis
2307 1999 2534 2068 peccati,
2581 2007 2628 2051 et
2668 1998 2730 2051 de
2778 2007 2980 2066 peccato
3025 1994 3373 2048 condemnauit
3417 2003 3674 2063 peccatum
3715 1996 3770 2045 in

2183 2105 2336 2143 carne
2356 2129 2372 2153 ,
2399 2098 2452 2142 ut
2473 2087 2777 2158 justiﬁcatio
2803 2086 2927 2156 legis
2957 2085 3247 2156 impleretur
3269 2085 3323 2137 in
3350 2085 3491 2138 nobis
3511 2125 3526 2151 ,
3553 2085 3638 2152 qui
3666 2101 3769 2137 twn

2187 2180 2460 2236 secundum
2491 2195 2693 2233 carnem
2720 2177 3036 2232 ambulamus
3066 2175 3239 2245 (Rom.
3265 2176 3316 2231 8.
3347 2177 3400 2231 ’5.
3429 2177 3505 2247 Α).
3537 2177 3770 2231 Carnem

2189 2272 2314 2328 iccit
2337 2272 2428 2328 tibi
2449 2273 2788 2341 morigerum,
2818 2284 2963 2323 arma
2991 2267 3083 2322 tibi
3115 2268 3353 2331 donavit,
3385 2267 3656 2320 thoracem
3683 2268 3776 2335 ju-

2190 2365 2347 2418 stitia:
2370 2405 2386 2430 ,
2414 2362 2682 2433 cingulum
2713 2360 2984 2424 veritatis,
3025 2359 3230 2428 galeam
3269 2357 3486 2421 salutis,
3529 2357 3777 2426 clypeum

2192 2455 2336 2520 ﬁdei,
2363 2453 2595 2525 gladium
2633 2453 2884 2523 Spiritus,
2912 2450 3123 2506 arrham
3152 2449 3317 2515 dedit,
3346 2463 3570 2520 corpore
3595 2463 3694 2503 suo
3725 2457 3780 2502 to

2197 2548 2380 2614 nutrit,
2395 2547 2705 2618 sanguinem
2721 2559 2874 2600 suum
2893 2543 2986 2598 tibi
3003 2541 3286 2599 bibendum
3307 2542 3549 2611 porrigit,
3563 2555 3777 2596 crucem

2197 2643 2291 2698 tibi
2327 2651 2596 2710 tamquam
2646 2639 2885 2693 lanceam
2929 2635 2981 2690 in
3025 2649 3214 2690 manus
3239 2633 3453 2688 tradidit
3480 2633 3691 2704 (Ephes.
3725 2633 3777 2687 ϐ.

2199 2735 2284 2790 ib.
2313 2733 2506 2804 seqq.),
2555 2733 2790 2786 lanceam
2833 2745 2952 2800 quae
2999 2743 3282 2796 numquam
3318 2725 3592 2781 ﬂectitur:
3637 2725 3783 2779 illum

2199 2829 2452 2899 alligavit,
2486 2825 2628 2879 humi
2654 2823 2892 2893 projecit.
2922 2820 3034 2875 Non
3060 2819 3222 2873 habes
3243 2818 3418 2887 itaque
3435 2833 3540 2886 quo
3563 2826 3618 2871 te
3639 2816 3787 2871 dein.

2200 2940 2327 2994 ceps
2349 2921 2604 2978 delendas
2624 2962 2639 2985 ,
2667 2919 2712 2972 si
2741 2917 2968 2971 viuearis
2999 2933 3012 2969 :
3042 2924 3096 2969 et
3125 2914 3167 2967 si
3199 2911 3495 2984 proﬂigeris
3515 2953 3529 2973 ,
3571 2925 3675 2964 non
3706 2921 3790 2966 est

2203 3017 2296 3072 tibi
2324 3014 2497 3070 danda
2528 3013 2701 3067 venia.
2735 3010 2908 3064 [labes
2936 3005 3075 3062 enim
3111 3007 3414 3060 innumeras
3437 3003 3672 3057 victoria:
3693 3018 3788 3055 an-

2201 3123 2314 3166 sas.
2339 3107 2570 3174 Laqueus
2595 3103 2839 3158 contritus
2866 3110 2958 3166 est,
2987 3098 3174 3168 inquit,
3195 3107 3242 3151 et
3258 3113 3348 3150 nos
3369 3095 3567 3149 liberati
3589 3111 3785 3148 stamus.

2205 3199 2530 3269 Adjutorium
2557 3204 2784 3250 nostrum
2813 3193 2866 3246 in
2889 3191 3090 3246 nomine
3126 3187 3328 3242 Domini
3355 3188 3442 3255 qui
3466 3188 3583 3258 fecit
3607 3187 3788 3241 caelum

2206 3302 2251 3347 et
2279 3301 2482 3345 terram.
2527 3287 2686 3342 Vides
2706 3286 2916 3356 qualem
2946 3283 3110 3336 habes
3146 3281 3547 3348 Imperatorem,
3577 3279 3788 3348 qualem

2207 3385 2405 3453 Regem
2426 3425 2440 3447 ,
2470 3395 2592 3435 eum
2619 3379 2707 3450 qui
2739 3386 2821 3431 est
2864 3373 3095 3430 universi
3120 3371 3307 3441 Opifex
3331 3413 3344 3437 ,
3374 3385 3495 3426 eum
3538 3370 3629 3439 qui
3675 3371 3791 3423 solo

2208 3474 2372 3530 verbo
2403 3481 2481 3528 tot
2506 3484 2730 3540 corpora
2760 3465 3040 3537 produxit,
3093 3471 3293 3517 tantum
3320 3462 3514 3516 molem
3541 3502 3555 3524 ,
3590 3469 3789 3514 tantum

2211 3561 2662 3638 magnitudinem?
2691 3559 2768 3615 Ne
2793 3559 3024 3612 animum
3045 3554 3292 3609 demittas
3311 3593 3326 3618 ,
3361 3552 3480 3606 forti
3506 3553 3685 3605 animo
3708 3565 3794 3604 re-

2212 3660 2389 3713 sistas.
2448 3655 2590 3709 Nihil
2665 3659 2807 3706 velat
2853 3646 3136 3719 quominus
3181 3655 3440 3714 tropanun
3491 3653 3640 3696 tuum
3691 3650 3794 3695 stet

2212 3758 2471 3804 erectum.
2506 3746 2630 3800 llaec
2653 3757 2780 3813 ergo
2810 3755 2930 3795 cum
2953 3739 3184 3793 sciamus
3204 3779 3218 3802 ,
3247 3750 3281 3789 o
3306 3734 3513 3796 dilecti,
3537 3733 3700 3787 sobrii
3725 3734 3794 3785 si-

2214 3856 2334 3896 mus
2351 3882 2365 3906 ,
2397 3845 2764 3894 conccrtemus
2787 3873 2803 3899 ,
2844 3846 2943 3886 nec
2967 3828 3297 3883 dormiamus
3321 3868 3334 3890 ,
3382 3825 3477 3879 sed
3501 3839 3622 3878 cum
3649 3838 3793 3876 amna

2215 3933 2641 3993 absterserimus,
2662 3927 2930 3996 animique
2945 3923 3272 3978 alacritatem
3285 3916 3794 3979 coulirmaverimus,

2218 4030 2429 4085 hostem
2481 4024 2694 4081 assidue
2738 4020 3025 4082 feriamus,
3067 4023 3126 4070 ut
3149 4029 3268 4069 cum
3298 4011 3606 4082 prmclaram
3635 4008 3797 4062 victo-

2218 4122 2352 4176 riam
2370 4117 2731 4178 retulerimus,
2751 4126 2871 4166 cum
2901 4124 3086 4178 magna
3110 4107 3278 4176 gloria
3301 4118 3518 4174 regnum
3547 4101 3796 4155 calonum

2218 4222 2606 4280 consequamur
2631 4224 2644 4260 :
2672 4203 2809 4275 quod
2843 4201 2994 4255 nobis
3023 4198 3177 4253 detur
3201 4195 3410 4264 assequi
3436 4193 3601 4263 gratia
3629 4200 3681 4246 et
3709 4189 3799 4241 be-

2222 4305 2476 4374 nignitate
2518 4298 2724 4352 Domini
2753 4296 2917 4349 nostri
2964 4292 3089 4346 Jestt
3132 4287 3329 4342 Christi
3356 4327 3372 4351 ,
3424 4286 3506 4338 cui
3553 4282 3721 4352 gloria
3747 4289 3798 4332 et

2221 4395 2498 4464 imperium
2531 4392 2582 4444 in
2613 4386 2803 4442 smcula
2835 4384 3172 4438 saeculorum.
3200 4382 3390 4430 Amen.

2663 4519 2728 4574 IN
2768 4515 3085 4573 PS.\LMUlli
3123 4510 3358 4568 CXXIV.

2331 4641 2382 4694 1.
2420 4636 2519 4704 Qui
2548 4633 2808 4702 conﬁdunt
2835 4632 2888 4685 in
2917 4629 3130 4683 Domino
3153 4667 3169 4690 ,
3200 4627 3332 4681 sicut
3360 4638 3504 4677 mons
3532 4620 3682 4675 Sion.

2300 4757 2351 4811 1.
2381 4751 2518 4820 Quid
2546 4749 2644 4804 sibi
2673 4749 2787 4804 vult
2808 4743 3009 4800 additio
3041 4741 3212 4796 Sion?
3237 4754 3337 4794 cur
3362 4739 3506 4792 enim
3537 4750 3643 4790 non
3676 4733 3804 4788 dixit

2227 4851 2467 4904 absolute
2486 4890 2501 4913 ,
2532 4847 2676 4902 Sicut
2704 4859 2848 4897 mons
2869 4883 2882 4904 ,
2912 4839 3004 4894 sed
3040 4838 3183 4891 illius
3209 4833 3410 4889 montis
3438 4829 3714 4884 meminit?
3742 4828 3806 4882 lit

2227 4944 2414 4998 doceat
2445 4955 2551 4996 non
2579 4938 2774 4993 debere
2816 4948 2915 4988 nos
2945 4931 3179 4985 animum
3229 4926 3465 4996 dejicere
3494 4925 3546 4978 in
3587 4925 3806 4978 calanu-

2229 5036 2461 5098 tatibus,
2505 5045 2605 5085 nec
2647 5030 2716 5084 ab
2754 5028 2817 5080 iis
2848 5021 3175 5096 pessumdari
3197 5061 3212 5082 ,
3242 5018 3335 5073 sed
3369 5032 3400 5071 a
3427 5032 3522 5084 spe
3565 5017 3616 5071 in
3648 5017 3806 5070 Deum

2231 5129 2524 5199 pendentes
2545 5165 2559 5185 .
2583 5124 2758 5177 omnia
2791 5120 2930 5174 ferre
2955 5116 3181 5177 fortiter,
3217 5113 3356 5168 bella
3373 5153 3389 5177 ,
3421 5125 3624 5181 pugnas
3649 5121 3703 5166 et
3731 5121 3808 5164 tu.

2232 5221 2446 5274 multus.
2500 5209 2954 5284 Quemadmodum
3000 5209 3140 5260 enim
3188 5205 3274 5260 hic
3321 5217 3474 5257 mons
3505 5202 3597 5273 qui
3641 5201 3810 5256 fuerat

2232 5310 2551 5381 quandoque
2597 5306 2878 5365 desertus,
2926 5310 2975 5354 et
3025 5299 3254 5352 nudatus
3294 5293 3718 5358 habitatoribus,
3747 5293 3809 5347 ad

2233 5404 2462 5476 priorem
2490 5399 2720 5453 redierat
2749 5394 3176 5464 prosperitatem,
3210 5387 3371 5444 veteri
3399 5397 3541 5442 statu
3573 5396 3807 5458 recepto,

2233 5512 2361 5553 cum
2400 5494 2585 5549 incola:
2628 5489 2944 5554 rediissem,
2989 5495 3042 5540 et
3071 5483 3324 5538 miracula
3355 5495 3540 5538 rursus
3565 5479 3810 5536 ostende-

2234 5597 2416 5644 rentur
2445 5601 2459 5638 :
2489 5585 2557 5638 ita
2589 5584 2751 5638 etiam
2778 5582 2859 5636 vir
2884 5578 3068 5644 fortis,
3097 5576 3221 5631 licet
3246 5575 3313 5630 ab
3343 5574 3638 5628 innumeris
3668 5572 3808 5625 inva-

2237 5682 2389 5736 datnr
2426 5676 2843 5741 calamitatibus,
2879 5688 2980 5726 non
3010 5679 3298 5725 evertetur.
3346 5666 3420 5720 Ne
3451 5678 3576 5734 ergo
3600 5677 3804 5734 qurere:
