4088 6274
329 328 432 385 357

331 444 490 499 vitam
521 442 589 497 ab
615 441 863 495 omnibus
891 438 1113 507 negotiis
1138 445 1195 491 et
1221 436 1474 489 atrunmis
1501 442 1778 496 remotam,
1809 431 1902 486 sed

327 550 487 606 quam
508 531 727 586 minime
752 529 1031 584 detrahant
1050 527 1298 598 pericula.
1317 529 1415 580 Ars
1436 526 1573 579 enim
1592 542 1694 578 nou
1716 524 1905 579 eodem

330 624 493 678 modo
519 621 840 683 ostenditur,
883 620 925 672 si
953 620 1071 689 quis
1108 617 1159 670 in
1191 626 1340 686 portu
1377 617 1594 682 sedeat,
1626 624 1681 670 et
1718 615 1759 668 si
1787 615 1906 684 quis

336 714 595 768 undosum
624 725 769 764 mare
792 710 1130 762 transmittat.
1160 707 1251 761 ille
1279 706 1418 761 enim
1449 706 1698 775 ignavus,
1729 703 1905 758 mollis

338 816 389 859 et
414 813 692 859 enervatus
716 801 957 856 redditur
984 817 996 852 :
1027 800 1110 853 hic
1133 807 1308 853 autem
1334 840 1351 864 ,
1389 798 1479 867 qui
1520 797 1711 850 multas
1746 811 1906 865 rupes

340 897 391 949 in
419 894 545 947 mari
572 893 814 955 latentes,
848 891 1046 944 multos
1086 888 1331 957 scepulos
1356 929 1370 954 ,
1404 888 1596 941 multos
1624 897 1901 940 ventorum

336 986 563 1051 impetus
584 1022 600 1048 ,
645 992 697 1036 et
725 981 826 1034 alia
855 980 1013 1034 maris
1052 978 1280 1048 pericula
1307 977 1593 1042 sustinuit,
1627 977 1678 1030 in
1719 976 1906 1045 hisque

336 1078 581 1133 omnibus
605 1075 873 1138 excelluit,
902 1075 1134 1125 animum
1162 1087 1313 1126 suum
1338 1070 1626 1124 firmiorem
1658 1067 1905 1123 reddidit.

337 1170 391 1224 in
424 1172 559 1222 hanc
583 1168 725 1220 enim
758 1167 915 1219 vitam
942 1164 1204 1217 deductus
1233 1177 1324 1225 es,
1358 1175 1464 1214 non
1496 1168 1553 1213 ut
1579 1159 1652 1213 sis
1683 1159 1904 1224 otiosus,

337 1277 433 1316 nec
462 1271 516 1313 ut
553 1261 626 1313 sis
653 1259 909 1328 alijectus,
955 1270 1051 1309 nec
1078 1264 1132 1307 ut
1161 1253 1251 1307 tibi
1283 1251 1409 1305 nihil
1431 1251 1644 1305 adversi
1672 1250 1903 1315 eveniat,

338 1354 427 1407 sed
461 1363 512 1406 ut
545 1352 722 1421 gravia
770 1362 953 1416 passus
995 1346 1189 1401 evadas
1234 1343 1443 1398 clarior.
1486 1341 1562 1396 Nc
1587 1341 1812 1395 otiosam
1845 1353 1908 1394 ac

340 1444 650 1506 remissam,
693 1437 1148 1506 voluptatibusque
1177 1443 1230 1489 et
1265 1432 1467 1488 deliciis
1510 1431 1718 1501 plenam
1745 1430 1907 1483 vitam

338 1548 655 1604 quarraums.
681 1531 791 1585 Non
814 1538 895 1583 est
920 1530 1059 1583 enim
1089 1528 1184 1580 viri
1213 1524 1384 1590 fortis,
1404 1523 1496 1579 sed
1521 1523 1694 1593 potius
1716 1522 1909 1577 vermis

343 1626 441 1677 hoc
469 1623 809 1684 desiderium,
842 1619 978 1688 ejus,
1006 1619 1237 1687 inquam,
1274 1615 1446 1684 potius
1471 1613 1556 1682 qui
1583 1621 1665 1667 est
1689 1610 1908 1666 rationis

340 1728 531 1782 expers
551 1753 566 1778 ,
593 1727 747 1781 quam
778 1711 890 1777 ejus
920 1709 1007 1778 qui
1037 1707 1118 1761 es’t
1143 1706 1346 1760 ratione
1373 1702 1646 1774 prteditus.
1686 1700 1791 1757 Sed
1817 1715 1909 1755 ora

342 1804 556 1874 quidem
584 1802 810 1856 maxime
850 1807 906 1853 ut
935 1814 1037 1852 non
1070 1798 1231 1851 intres
1264 1796 1315 1849 in
1345 1793 1685 1848 tentationcm
1722 1809 1735 1844 :
1768 1789 1910 1861 quod

342 1898 385 1950 si
419 1898 469 1948 in
500 1910 615 1949 eam
645 1890 955 1963 quandoque
993 1886 1238 1943 incideris
1262 1926 1278 1953 ,
1321 1899 1388 1939 ne
1431 1898 1571 1953 tegre
1612 1881 1779 1944 feras,
1816 1894 1913 1935 nec

344 1983 675 2039 conturberis
698 2024 713 2047 ,
761 1981 851 2034 sed
879 1978 961 2034 fac
988 1977 1163 2032 omnia
1188 2018 1204 2044 ,
1249 1984 1302 2030 ut
1334 1973 1529 2030 evadas
1557 1972 1768 2028 clarior.
1795 1971 1909 2026 Non

345 2075 488 2130 vides
537 2073 698 2127 fortes
729 2071 922 2125 milites
947 2110 962 2132 ,
1009 2066 1275 2139 quomodo
1310 2074 1535 2121 vocante
1564 2063 1688 2118 tuba
1713 2070 1911 2131 tropzea

340 2165 669 2235 respiciunt,
713 2161 980 2224 victorias,
1008 2173 1230 2213 coronas
1255 2165 1309 2211 et
1333 2155 1560 2225 majores
1586 2168 1709 2208 suos
1735 2152 1823 2222 qui
1852 2166 1912 2207 se

341 2254 593 2324 praeclare
634 2250 951 2321 gesserunt?
995 2248 1061 2302 Et
1092 2256 1144 2301 tu
1171 2260 1298 2314 ergo
1323 2259 1442 2300 cum
1471 2243 1594 2298 tuba
1621 2241 1910 2312 Spiritualis

340 2355 510 2412 sonat,
533 2353 610 2398 sta
632 2345 787 2398 leone
806 2339 1091 2395 animosior
1115 2356 1126 2391 :
1147 2337 1258 2393 sive
1278 2336 1344 2390 sit
1372 2335 1525 2405 ignis,
1553 2334 1664 2390 sive
1688 2333 1907 2396 ferrum,

340 2435 635 2507 ingredere.
688 2432 873 2488 Sciunt
898 2429 981 2484 vel
1024 2429 1134 2498 ipsa
1177 2427 1434 2482 elementa
1477 2439 1608 2486 eos,
1656 2423 1745 2493 qui
1787 2430 1913 2476 sunt

339 2526 503 2582 virilis
531 2524 724 2587 animi,
769 2520 1024 2576 revereri.
1064 2518 1247 2573 Solent
1289 2517 1448 2571 etiam
1493 2514 1617 2569 ferte
1664 2523 1911 2568 strenuos

342 2618 484 2670 viros
505 2615 894 2685 pertimescere.
926 2609 1176 2676 Quamvis
1196 2622 1287 2662 eas
1312 2607 1497 2670 fames,
1525 2603 1766 2674 quamvis
1796 2603 1911 2672 ipsa

338 2716 522 2760 natura
543 2704 713 2758 irritet
730 2710 782 2756 et
807 2700 1010 2765 efferet,
1036 2699 1270 2752 omnium
1298 2695 1675 2750 obliviscuntur
1698 2691 1910 2763 quando

338 2796 531 2867 justum
571 2792 834 2855 viderint,
884 2790 1120 2858 iramque
1149 2802 1298 2841 suam
1336 2785 1602 2841 cohibent.
1661 2783 1754 2839 His
1783 2798 1910 2852 ergo

340 2887 504 2940 armis
541 2883 828 2946 muniaris,
867 2889 921 2935 et
948 2883 1124 2950 ignem
1154 2894 1258 2932 non
1290 2876 1535 2942 timebis,
1561 2875 1687 2930 licet
1713 2872 1910 2930 videris

346 2975 610 3029 ﬂammam
635 2973 686 3027 in
709 2972 866 3026 cazlos
893 2968 1285 3024 ascendentem.
1328 2966 1501 3021 Habes
1525 2964 1714 3020 fortem
1746 2972 1800 3019 et
1821 2977 1908 3033 ge-

346 3078 594 3118 nerosum
637 3061 821 3116 ducem
846 3101 860 3125 ,
912 3060 1002 3130 qui
1031 3058 1146 3114 solo
1174 3067 1305 3112 nutu
1350 3063 1525 3127 potest
1563 3069 1910 3125 quzecumquc

342 3155 479 3208 mala
504 3161 625 3207 sunt
648 3162 699 3207 et
724 3151 901 3222 gravia
924 3150 1130 3204 tollere.
1157 3148 1298 3203 illius
1326 3155 1449 3201 sunt
1472 3145 1668 3212 omnia,
1697 3144 1906 3210 caelum,

341 3255 512 3310 terra,
544 3258 687 3298 mare
713 3283 727 3307 ,
761 3243 885 3297 fera:
922 3249 977 3295 et
1005 3241 1177 3310 ignis;
1222 3249 1303 3293 est
1324 3238 1372 3293 ei
1397 3237 1703 3292 facillimum
1733 3235 1909 3290 omnia

342 3337 645 3399 transferre,
662 3349 727 3389 ac
754 3335 869 3388 loco
893 3346 1107 3387 movere
1124 3333 1163 3387 ί.
1192 3330 1462 3385 Undenam
1480 3344 1628 3398 ergo,
1651 3328 1737 3383 dic
1757 3326 1907 3393 mihi,

339 3439 513 3484 metus
549 3438 666 3482 tuus
707 3425 906 3482 oritur?
952 3425 1066 3479 Non
1091 3423 1301 3478 aliunde
1324 3431 1500 3486 certe,
1542 3437 1698 3492 quam
1723 3436 1789 3477 ex
1820 3428 1910 3474 tua

342 3521 546 3586 ignavia
573 3530 626 3576 et
651 3517 916 3573 socordia.
961 3517 1144 3571 Nonne
1181 3530 1325 3569 mors
1354 3523 1436 3569 est
1477 3514 1710 3568 omnium
1748 3513 1912 3567 malo-

344 3626 463 3666 rum
493 3608 797 3679 c010phon?
834 3606 989 3677 Atqui
1027 3620 1088 3661 ea
1120 3606 1227 3675 ipsa
1255 3619 1465 3674 quoque
1489 3613 1569 3658 est
1595 3611 1794 3658 natura:
1815 3602 1905 3657 de-

341 3705 525 3759 bitum.
554 3702 661 3757 Cur
684 3716 787 3756 non
815 3701 1029 3768 satagis,
1052 3710 1111 3751 ut
1133 3697 1223 3750 tibi
1249 3711 1313 3751 ex
1343 3697 1457 3765 ejus
1484 3695 1748 3750 solutione
1767 3708 1913 3763 qua:-

342 3804 454 3849 stus
474 3790 712 3847 oriatur?
753 3789 806 3844 Si
840 3788 980 3842 enim
1003 3788 1103 3840 has
1130 3786 1212 3840 via
1239 3786 1372 3840 velis
1401 3784 1537 3838 nolis
1563 3782 1910 3838 incedendum

342 3896 425 3942 est
447 3928 462 3952 ,
506 3898 599 3939 cur
633 3897 740 3936 non
777 3895 896 3936 cum
937 3878 1124 3934 lucro?
1177 3878 1245 3932 At
1281 3878 1420 3932 enim
1451 3883 1568 3946 post
1593 3877 1771 3945 gravia
1801 3883 1910 3929 tor-

344 3982 543 4038 menta,
570 3987 676 4027 non
705 3968 1041 4038 temporaria,
1060 3966 1151 4022 sed
1172 3982 1288 4037 qua:
1305 3965 1623 4035 voluptatem
1643 3964 1915 4033 praebeant

344 4066 529 4122 dolore
578 4062 855 4132 majorem.
913 4058 1065 4126 Quod
1114 4060 1158 4112 si
1202 4057 1317 4112 haec
1363 4057 1458 4113 tibi
1502 4055 1749 4110 videntur
1792 4070 1913 4110 esse

344 4156 541 4227 gravia,
582 4151 858 4209 considera
895 4164 988 4205 eos
1012 4149 1101 4218 qui
1130 4148 1331 4218 absque
1357 4147 1463 4201 ulla
1494 4145 1735 4201 mercede
1758 4146 1914 4216 longa

346 4247 473 4302 tabe'
492 4244 764 4309 laborant,
811 4240 900 4311 qui
927 4239 1065 4294 fame
1088 4246 1360 4309 perpetua,
1391 4237 1480 4307 qui
1518 4236 1915 4291 immedicabili-

346 4336 442 4390 bus
469 4341 525 4389 et
570 4332 739 4402 longis
779 4330 979 4385 morbis
1019 4337 1315 4395 vexantur,
1357 4337 1574 4398 propter
1610 4341 1744 4397 quos
1770 4342 1915 4398 saepe

349 4437 573 4481 mortem
617 4432 906 4494 optarunt:
938 4421 1089 4475 multi
1118 4420 1277 4475 etiam
1324 4420 1377 4473 in
1423 4433 1581 4474 enses
1623 4418 1912 4485 irruerunt,

347 4519 495 4574 multi
524 4519 688 4572 vitam
716 4516 902 4584 laqueo
933 4514 1199 4567 finierunt.
1244 4511 1441 4565 (Italum
1485 4519 1661 4567 autem
1706 4511 1798 4566 tibi
1832 4521 1915 4566 est

349 4610 698 4682 propositum,
726 4614 780 4662 et
806 4607 942 4661 bona
965 4619 1083 4675 quae
1108 4610 1231 4658 sunt
1253 4603 1304 4657 in
1329 4603 1491 4670 caelis,
1511 4610 1565 4658 et
1583 4618 1689 4657 non
1715 4602 1914 4658 vereris

347 4714 447 4755 nec
488 4695 849 4769 perhorrescis
875 4709 994 4750 esse
1020 4692 1192 4748 mollis
1225 4701 1280 4748 et
1314 4693 1537 4762 ignavus
1557 4733 1571 4757 ,
1603 4693 1762 4762 idque
1793 4708 1913 4748 cum

348 4791 502 4845 talem
530 4789 725 4842 habeas
742 4784 1074 4856 adjutorem?
1104 4784 1294 4837 Annon
1320 4781 1470 4837 audis
1494 4782 1805 4852 prophetam
1832 4782 1915 4836 di-

346 4888 593 4936 centem:
626 4877 725 4944 Qui
753 4876 1012 4946 conﬁdunt
1043 4875 1096 4928 in
1129 4872 1375 4939 Domino,
1414 4872 1546 4926 sicut
1578 4888 1722 4926 mons
1750 4872 1916 4927 Sion?

345 4971 507 5041 Spem
534 4970 780 5024 nimirum
811 4965 1073 5037 significat
1101 4965 1152 5018 in
1180 4964 1346 5018 Deum
1375 4963 1757 5018 immutabilem
1780 5004 1794 5029 ,
1828 4964 1917 5016 fir-

344 5075 485 5114 mam
500 5068 554 5111 et
588 5066 939 5121 constantem,
970 5054 1327 5109 invincibilem
1354 5061 1409 5107 et
1432 5053 1913 5123 inexpugnabilem.

342 5147 800 5222 Quemadmodum
826 5147 968 5202 enim
994 5144 1199 5201 etiamsi
1227 5144 1346 5216 quis
1382 5144 1796 5201 innumerabiles
1819 5146 1917 5200 ad-

347 5245 526 5298 hibeat
553 5240 856 5303 machinas,
901 5244 1134 5291 montem
1164 5251 1261 5292 nec
1300 5234 1620 5301 convellere,
1651 5250 1751 5292 nec
1774 5235 1917 5292 labe-

345 5333 547 5389 factare
594 5331 788 5402 poterit
818 5348 831 5383 :
860 5330 932 5384 ita
974 5329 1133 5383 etiam
1172 5328 1262 5399 qui
1291 5343 1414 5384 eum
1454 5327 1789 5401 aggreditur,
1829 5330 1918 5400 qui

343 5440 496 5495 spem
524 5424 577 5478 in
602 5423 767 5478 Deum
792 5420 1106 5486 collocavit,
1148 5428 1449 5477 revertetur
1489 5421 1704 5476 domum
1731 5421 1914 5478 vacuis

344 5513 611 5571 manibus.
653 5512 828 5568 Monte
848 5512 988 5568 enim
1018 5511 1173 5580 longe
1209 5519 1293 5566 est
1320 5511 1483 5567 tutior
1503 5526 1626 5582 spes
1650 5512 1702 5567 in
1724 5511 1912 5569 Deum.

406 5693 426 5724 ί
450 5689 621 5753 Savtl.,
642 5690 802 5743 omnia
825 5690 1083 5753 trtmsfcrre
1101 5698 1144 5745 et
1167 5696 1389 5743 statuere.

1474 317 1825 374 EXPOSlTiO
1864 314 1927 369 ΙΝ
1958 315 2271 370 PSALMUM
2310 315 2537 373 CXXIV.

2020 429 2141 484 Non
2161 432 2540 484 commovebitur
2558 432 2608 484 in
2630 438 2869 484 a’ternum
2890 431 2973 501 qui
2994 431 3182 485 habitat
3204 436 3256 486 in
3279 434 3583 493 Jerusalem.

2018 523 2164 577 Alius
2207 526 2467 595 interpres
2504 524 2631 578 dicit
2660 542 2672 579 :
2711 523 3084 579 Immutabilem
3113 528 3164 581 iu
3189 538 3463 597 wternum,
3499 534 3585 603 qui

2016 612 2204 665 habitat
2230 614 2363 666 circa
2388 611 2695 667 Jerusalem.
2728 613 2862 680 Quid
2884 616 3045 685 ergo?
3081 632 3183 670 non
3207 622 3479 689 commoti,
3507 624 3587 677 in-

2015 703 2147 771 quit,
2176 711 2300 756 sunt
2329 710 2439 757 tres
2465 703 2609 773 pueri
2636 712 2689 758 et
2714 703 2936 758 Daniel?
2981 705 3133 759 Absit
3161 722 3175 759 :
3211 721 3329 761 nam
3360 724 3390 762 a
3418 712 3586 779 patria

2016 792 2229 862 quidem
2256 793 2595 861 exciderunt,
2621 794 2983 869 captivitatem
3009 797 3405 864 suStinuerunt;
3441 801 3587 854 nullo

2019 893 2195 939 tamen
2239 893 2477 954 tempore
2518 886 2767 939 commoti
2817 894 2983 940 sunt:
3012 888 3107 941 sed
3153 904 3273 944 cum
3314 901 3495 947 essent
3535 894 3588 948 iu

2018 982 2161 1028 tanta
2196 989 2376 1029 rerum
2406 974 2802 1044 perturbatione
2825 1017 2840 1042 ,
2874 987 2924 1031 et
2955 986 3097 1033 tanta
3129 978 3382 1036 fluctuum
3409 984 3593 1038 multi-

2019 1065 2218 1129 tudine,
2249 1080 2366 1119 cum
2389 1065 2608 1135 perinde
2636 1081 2700 1120 ac
2728 1075 2890 1135 petra:
2916 1068 3253 1136 insisterent,
3285 1079 3336 1126 et
3364 1073 3417 1126 in
3444 1082 3590 1129 tran-

2017 1155 2182 1224 quillo
2213 1165 2362 1223 portu
2393 1163 2629 1220 starent,
2661 1155 2790 1209 nihil
2825 1171 2984 1226 grave
3012 1167 3103 1212 aut
3127 1174 3375 1230 asperum
3405 1177 3591 1217 sense-

2018 1250 2159 1296 runt.
2185 1244 2602 1297 Commotionem
2631 1251 2805 1298 autem
2833 1259 2899 1299 ne
2915 1260 3071 1300 voces
3087 1262 3262 1301 rerum
3284 1263 3457 1305 casus.
3474 1248 3589 1305 Non

2019 1340 2098 1388 est
2123 1334 2263 1387 enim
2293 1333 2392 1387 huc
2415 1336 2702 1388 commotio
2726 1375 2741 1401 ,
2771 1336 2865 1389 sed
2892 1336 3081 1391 anima:
3108 1337 3372 1407 interitus,
3404 1349 3458 1395 et
3478 1340 3591 1395 vir-

2021 1434 2184 1478 tutem
2211 1425 2487 1480 amisisse:
2515 1424 2653 1495 quod
2682 1427 2893 1495 quidem
2922 1442 3025 1482 non
3048 1429 3224 1483 evenit
3246 1430 3297 1484 in
3321 1431 3589 1501 periculis,

2020 1516 2085 1571 iis
2108 1516 2198 1584 qui
2228 1522 2351 1571 sunt
2386 1516 2549 1571 sobrii
2588 1529 2642 1571 et
2681 1518 2981 1587 sapientes,
3029 1519 3137 1574 imo
3178 1535 3305 1576 vero
3351 1523 3512 1578 tutius
3537 1529 3593 1578 et

2023 1606 2224 1661 firmius
2252 1620 2402 1662 suam
2442 1607 2715 1676 possident
2744 1607 3130 1680 philosophiam
3156 1611 3512 1683 clarioresque
3537 1622 3591 1668 et

2020 1697 2335 1753 illustriores
2357 1698 2604 1753 evadunt.
2645 1698 2795 1766 Quod
2822 1701 2864 1754 si
2896 1700 2974 1755 vis
3005 1700 3160 1756 etiam
3188 1705 3474 1774 auagogice
3502 1719 3592 1760 suo

2021 1803 2169 1843 mere
2203 1787 2361 1856 illud,
2399 1787 2513 1843 Non
2537 1789 2925 1861 commovebitur
2951 1790 3001 1843 in
3031 1800 3268 1846 teternum
3293 1795 3380 1863 qui
3402 1795 3593 1850 habitat

2018 1881 2071 1934 in
2095 1878 2378 1934 Jerusalem
2401 1923 2415 1947 ,
2452 1880 2691 1935 describe
2715 1880 2806 1934 tibi
2835 1891 3031 1935 sortem
3053 1895 3296 1950 superna:
3327 1893 3590 1956 metropo-

2020 1971 2103 2026 lis.
2156 1971 2256 2038 Qui
2302 1972 2444 2026 enim
2489 1973 2630 2026 illam
2675 1982 3027 2042 receperunt,
3074 1983 3200 2029 sunt
3239 1973 3307 2029 ab
3344 1976 3593 2031 omnibus

2020 2066 2237 2119 omnino
2263 2065 2472 2120 casibus
2497 2065 2646 2121 liberi
2679 2082 2693 2119 :
2723 2065 2860 2120 nihil
2889 2066 2997 2122 illic
3019 2066 3160 2137 quod
3197 2068 3316 2124 illos
3343 2069 3593 2139 supplan-

2023 2163 2129 2221 tet,
2157 2170 2263 2209 non
2289 2154 2622 2224 cupiditates,
2664 2170 2764 2212 nec
2789 2157 3117 2226 voluptates,
3146 2174 3246 2215 nec
3275 2161 3473 2229 peccati
3498 2176 3591 2216 oc-

2019 2249 2184 2314 casio,
2232 2263 2337 2302 non
2378 2247 2550 2314 dolor,
2584 2264 2688 2302 non
2717 2250 2955 2304 molestia
2981 2290 2995 2313 ,
3027 2265 3134 2305 non
3162 2252 3395 2320 pericula
3431 2272 3446 2308 :
3479 2254 3594 2310 haec

2019 2339 2195 2392 omnia
2218 2338 2372 2408 longe
2395 2338 2638 2392 aberunt.
2666 2338 2720 2391 9..
2749 2337 3054 2404 Jerusalem,
3087 2351 3278 2396 montes
3304 2343 3358 2397 in
3381 2346 3593 2399 circuitu

2019 2427 2160 2498 ejus,
2198 2438 2245 2483 et
2271 2427 2516 2483 Dominus
2544 2428 2595 2481 in
2631 2429 2842 2482 circuitu
2873 2430 3050 2500 populi
3073 2432 3150 2486 sui
3170 2448 3233 2486 ea:
3261 2432 3354 2486 hoc
3384 2450 3515 2488 nunc
3541 2445 3592 2488 et

2018 2534 2176 2588 usque
2201 2519 2254 2572 in
2287 2518 2544 2572 saeculum.
2573 2518 2674 2572 Per
2702 2518 2813 2573 haec
2839 2519 3052 2589 quidem
3080 2520 3206 2575 dicit
3232 2522 3421 2578 adesse
3441 2525 3595 2578 auxi-

2019 2608 2144 2663 lium
2170 2609 2364 2663 civitati
2390 2622 2453 2662 ex
2479 2608 2592 2679 ejus
2617 2608 2719 2662 situ
2745 2626 2758 2663 :
2790 2608 2883 2664 sed
2904 2624 3008 2663 non
3033 2612 3287 2679 permittit
3308 2622 3365 2667 ut
3384 2614 3431 2668 ci
3462 2629 3595 2669 cou-

2019 2700 2166 2767 fidat,
2185 2701 2278 2756 sed
2300 2717 2415 2757 eam
2436 2702 2500 2756 ad
2530 2701 2931 2771 inexpugnabile
2945 2702 3382 2774 erigitauxilium,
3405 2720 3596 2778 nempe

2018 2791 2204 2846 Deum.

2086 2884 2139 2938 2.
2173 2882 2324 2951 Etsi,
2355 2883 2553 2953 inquit,
2580 2895 2695 2938 eam
2743 2891 2950 2940 montes
2987 2886 3226 2941 muniant
3248 2928 3263 2952 ,
3296 2887 3381 2942 illa
3415 2896 3590 2946 tamen

2016 2975 2347 3044 protectione
2367 2975 2562 3045 indiget
2588 2992 2602 3028 :
2627 2974 2677 3029 id
2704 2975 2844 3029 enim
2871 2991 2986 3030 eam
3017 2976 3189 3032 reddit
3214 2979 3594 3051 inexpugnabi-

2017 3063 2139 3119 lem.
2159 3063 2412 3131 Quocirca
2440 3064 2571 3119 alius
2588 3065 2664 3146 (ᾳ)
2678 3079 2883 3136 quoque
2898 3065 3025 3121 dicit
3050 3066 3329 3138 interpres,
3350 3069 3594 3128 Dominus

2017 3156 2183 3201 autent
2211 3148 2346 3201 circa
2374 3147 2617 3218 papulum
2636 3164 2800 3202 suum.
2822 3148 2932 3204 Hoc
2948 3158 3046 3216 est,
3068 3167 3134 3206 ne
3150 3153 3399 3210 eonfidlte
3414 3155 3593 3211 altitu-

2016 3234 2127 3291 dini
2154 3237 2431 3291 montium.
2460 3237 2608 3304 Quod
2638 3238 2779 3292 enim
2808 3253 2925 3292 eam
2957 3239 3082 3295 facit
3109 3241 3590 3314 inexpugnabilem.

2018 3328 2120 3384 hoc
2149 3336 2249 3394 est,
2282 3329 2335 3382 5.
2370 3328 2502 3396 Quia
2527 3346 2625 3383 non
2651 3331 2892 3401 relinquet
2921 3329 3168 3388 Dominus
3192 3335 3383 3406 virgam
3414 3353 3591 3407 pecca-

2018 3429 2182 3474 torum
2222 3435 2372 3490 super
2399 3429 2577 3474 sortem
2603 3422 2881 3491 justorum.
2909 3421 3044 3477 Dicit
3078 3424 3277 3494 justam
3312 3428 3593 3498 quamdam

2017 3525 2228 3566 causam
2259 3511 2352 3566 Dei
2377 3511 2578 3579 auxilii,
2604 3521 2661 3566 ut
2688 3511 2759 3566 illi
2788 3513 2989 3582 possint
3016 3515 3302 3572 confidere.
3336 3518 3592 3585 Qumnam

2018 3614 2192 3657 autem
2214 3618 2275 3658 ea
2301 3602 2422 3658 est?
2447 3603 2562 3657 Non
2592 3605 2920 3672 permiserit,
2946 3606 3141 3676 inquit,
3172 3607 3309 3663 bona
3330 3610 3592 3679 justorum

2019 3709 2138 3749 esse
2175 3694 2228 3748 in
2270 3694 2513 3750 manibus
2544 3706 2900 3765 peccatorum.
2934 3697 3045 3753 Hoc
3069 3711 3245 3755 autem
3272 3701 3436 3766 dixit,
3466 3719 3561 3758 sua

2019 3783 2153 3839 deus
2195 3793 2250 3838 ut
2287 3784 2615 3840 confiderent
2654 3786 2721 3841 de
2762 3785 2855 3840 Dei
2896 3787 3125 3856 auxilio,
3156 3796 3210 3843 et
3237 3798 3294 3844 ut
3322 3791 3373 3844 in
3402 3791 3597 3849 virtute

2021 3877 2382 3944 persisterent,
2407 3877 2449 3930 si
2478 3877 2679 3932 vellent
2703 3877 2801 3931 frui
2832 3888 3086 3948 perpetuo
3112 3880 3250 3935 illius
3274 3883 3471 3937 auxilio
3496 3926 3510 3950 ,
3542 3895 3595 3940 et

2021 3967 2155 4021 bona
2182 3980 2275 4020 sua
2307 3966 2503 4021 habere
2528 3968 2579 4020 iu
2622 3982 2716 4022 sua
2743 3976 3020 4037 potestate.
3051 3969 3154 4025 Per
3179 3971 3293 4026 hmc
3330 3974 3473 4028 enim
3503 3990 3594 4031 os-

2022 4056 2189 4111 tendit
2217 4067 2271 4111 et
2296 4058 2710 4125 possessionem,
2737 4066 2792 4112 et
2817 4059 3153 4114 securitatem
3180 4061 3231 4114 in
3256 4062 3426 4118 libero
3447 4066 3595 4121 arbi-

2022 4150 2125 4204 trio
2149 4164 2267 4204 esse
2291 4149 2469 4204 sitam.
2505 4148 2717 4217 Virgam
2746 4159 2922 4204 autem
2966 4159 3302 4219 peccatorum
3330 4152 3416 4210 hic
3443 4165 3597 4212 vocat

2021 4255 2240 4311 regnum
2268 4240 2520 4295 hostium.
2550 4239 2701 4308 Quod
2726 4254 2857 4294 vero
2885 4239 3031 4303 dicit,
3055 4249 3138 4295 est
3165 4240 3427 4311 ejusmodi
3451 4261 3464 4298 :
3488 4261 3595 4303 non

2021 4333 2158 4387 siuet
2183 4339 2240 4385 ut
2268 4338 2482 4385 teneant
2507 4328 2854 4384 hereditatem
2876 4328 3161 4399 justorum.
3190 4331 3299 4386 Etsi
3327 4332 3467 4389 enim
3495 4335 3598 4392 hoc

2021 4410 2145 4478 fecit
2162 4422 2227 4476 ad
2255 4430 2483 4491 tempus,
2518 4421 2569 4474 id
2599 4419 2725 4476 fecit
2750 4434 2848 4490 pro
2875 4421 3224 4489 correctione,
3251 4425 3596 4495 castigatione

2021 4524 2077 4570 et
2113 4513 2493 4569 admonitione.
2525 4512 2594 4567 Ut
2621 4529 2721 4567 non
2763 4513 3031 4567 extendant
3048 4515 3181 4583 justi
3217 4516 3287 4570 ad
3312 4517 3597 4589 iniquitates

2021 4622 2199 4659 manus
2242 4620 2380 4659 suos.
2413 4603 2561 4658 Alius
2590 4604 2692 4675 (ὁ),
2725 4602 3005 4674 Propterea
3048 4621 3149 4660 non
3178 4609 3448 4663 extendunt
3466 4612 3597 4682 justi

2021 4699 2090 4751 ad
2112 4697 2422 4767 iniquitatem
2447 4712 2626 4751 manus
2652 4713 2788 4751 suas.
2822 4696 3043 4766 Propter
3061 4698 3346 4769 quidnam?
3371 4702 3598 4775 Pr0pter

2023 4789 2074 4844 id
2103 4788 2243 4857 quod
2273 4787 2471 4843 dictum
2497 4796 2599 4854 est,
2627 4786 2891 4853 defendet,
2924 4789 3228 4857 ulciscetur,
3262 4791 3440 4847 hostes
3467 4808 3596 4863 pro-

2022 4877 2506 4948 pulsabit,eosque
2551 4877 2773 4948 repellet
2808 4876 2876 4933 ab
2917 4893 3101 4933 eorum
3148 4882 3589 4949 possessionibus.

2022 4967 2182 5036 Quasi
2210 4967 2439 5030 diceret,
2466 4967 2715 5038 Castigati
2754 4969 3043 5023 tentatioue
3063 5010 3079 5035 ,
3104 4978 3158 5024 et
3185 4970 3440 5025 honorum
3463 4986 3596 5039 sup-

2024 5058 2346 5129 peditatione
2364 5058 2537 5115 effecti
2563 5060 2811 5116 meliores
2829 5100 2844 5126 ,
2869 5060 3282 5128 perseverabunt
3311 5062 3360 5116 in
3384 5063 3607 5118 virtute.

2024 5158 2078 5206 et
2105 5152 2349 5221 utrinque
2395 5151 2586 5207 eruditi
2614 5151 2799 5206 vitium
2838 5165 2945 5206 non
2970 5150 3248 5221 attingent.
3282 5150 3609 5208 Universum

2025 5259 2153 5316 ergo
2179 5253 2455 5315 propterea
2480 5243 2672 5299 factum
2698 5249 2814 5305 est,
2842 5250 2898 5297 ut
2922 5241 3098 5295 anima
3134 5255 3318 5296 eorum
3347 5241 3600 5298 reddatur

2024 5337 2233 5401 melior,
2262 5345 2316 5391 et
2337 5335 2498 5391 rebus
2524 5334 2741 5405 quidem
2768 5332 3009 5388 adversis
3029 5332 3322 5403 corrigatur
3339 5374 3356 5402 ,
3380 5348 3600 5392 conces-

2024 5428 2100 5484 sis
2122 5434 2297 5482 autem
2326 5425 2479 5481 bonis
2507 5424 2597 5478 ﬁat
2620 5422 2913 5493 promptior
2930 5431 2986 5476 et
3003 5419 3246 5478 alacrior.
3274 5423 3328 5478 4.
3348 5420 3597 5492 Benefac,

2092 5622 2166 5686 (α)
2198 5623 2312 5686 Quis
2333 5623 2396 5686 sit
2418 5619 2502 5686 ille
2525 5617 2650 5668 alius
2670 5618 2916 5686 interpres
2937 5617 3169 5686 nescitur.

2091 5678 2162 5748 (bi
2194 5678 2276 5733 liic
2300 5684 2445 5733 etiam
2467 5682 2710 5742 interpres
2731 5678 2838 5741 quis
2860 5678 2923 5726 sit
2943 5678 3213 5739 ignoratur.
