4088 6274
549 360 653 414 559

546 485 785 542 Domine.
820 475 979 531 bonis.
1024 471 1170 525 Alius
1202 466 1314 538 (α),
1345 461 1593 528 Beneﬁcia
1635 456 1824 525 confer.
1862 452 1920 506 Et
1974 450 2119 504 rectis

541 574 709 627 corde.
735 570 789 624 5.
820 565 1141 620 Decliaautes
1161 568 1325 612 autem
1352 556 1403 608 iu
1430 551 1754 621 obligationes
1774 546 1983 600 adducet
2018 542 2120 595 οι)⁴

544 667 705 719 minus
742 676 853 714 cum
882 652 1201 726 onerantibus
1225 648 1556 719 iniquitatem.
1587 640 1744 695 Vides
1786 638 1976 705 ubique
2003 634 2121 688 duci

543 777 572 812 a
607 758 758 813 nobis
788 752 992 807 initium
1018 760 1070 803 et
1093 747 1353 802 bonorum
1383 733 1895 807 consequendorum,
1924 738 1978 783 et
2004 742 2122 781 sus-

545 850 775 907 tinendze
833 842 1057 917 ponite?
1097 837 1347 906 Quamvis
1396 841 1573 887 autem
1619 844 1646 880 a
1694 825 1847 880 nobis
1889 829 2127 875 sumatur

548 913 884 1013 principium,
908 937 983 989 sic
1006 943 1178 986 tamen
1200 929 1290 984 Dei
1317 939 1525 996 quoque
1540 916 1878 989 benignitatis
1903 913 2126 1013 plurima

552 1004 638 1087 lux
668 1004 911 1099 alfalget;
945 1023 1153 1096 profusa
1190 1020 1332 1075 enint
1363 1014 1588 1086 quadam
1617 1020 1669 1066 et
1694 1004 2010 1064 rcdundanti
2034 1017 2126 1058 co-

550 1128 631 1194 pia
661 1138 756 1176 nus
780 1096 942 1174 vincit
963 1109 1471 1170 remunerationihus
1491 1124 1501 1157 :
1521 1115 1574 1159 et
1596 1106 1645 1157 in
1671 1100 1898 1172 peccatis
1919 1096 2128 1168 quidem

551 1189 883 1269 moderatum
912 1206 1132 1277 imponit
1158 1201 1495 1271 supplicium,
1523 1197 1571 1248 in
1600 1203 1745 1248 recte
1773 1201 1948 1245 autem
1981 1189 2132 1242 factis

551 1311 706 1378 longe
742 1303 928 1372 majori
960 1298 1203 1354 mercede
1240 1295 1421 1349 donat.
1446 1292 1641 1346 Rcctos
1669 1303 1826 1358 porro
1868 1285 1953 1338 hic
1980 1290 2134 1337 vocat

552 1401 817 1468 simplices
837 1438 851 1461 ,
886 1411 990 1449 non
1032 1393 1179 1446 ﬁctos
1204 1430 1217 1452 ,
1248 1388 1334 1459 qui
1368 1385 1498 1440 nihil
1543 1381 1737 1435 habent
1765 1378 2131 1431 adumbratam

554 1467 1001 1547 necrsimulatum.
1032 1484 1160 1538 Tale
1188 1482 1329 1534 enim
1356 1475 1600 1545 estquod
1632 1484 1832 1527 rectum
1861 1481 1960 1530 est,
1993 1467 2132 1537 quod

554 1585 689 1638 licus
715 1579 909 1649 ubique
935 1576 1164 1630 maxime
1195 1569 1434 1639 requirit.
1463 1566 1608 1620 Talis
1628 1573 1712 1617 est
1738 1562 1894 1616 etiam
1932 1560 2097 1611 virtus
2117 1597 2132 1622 ,

555 1686 745 1740 nouipe
773 1648 925 1738 plana
957 1676 1011 1720 et
1044 1661 1312 1732 expedita,
1344 1654 1786 1728 quemadmodum
1823 1648 2136 1718 improbitas

552 1772 633 1815 est
662 1738 785 1832 quid
818 1770 1145 1827 perversum,
1177 1750 1378 1803 varium
1404 1790 1418 1811 ,
1442 1756 1495 1801 et
1520 1743 1657 1815 quod
1695 1758 1798 1796 nou
1830 1741 1987 1794 habet
2016 1738 2137 1792 exi-

558 1830 709 1907 tum':
730 1860 785 1905 et
811 1849 861 1903 id
894 1854 1065 1917 potest
1092 1842 1255 1897 videri
1286 1857 1350 1894 ex
1375 1839 1533 1893 rebus
1574 1837 1719 1903 ipsis.
1754 1835 1881 1886 Nam
1912 1833 1999 1902 qui
2026 1830 2141 1884 vult

558 1942 810 2004 mmtiri,
842 1950 895 1994 et
938 1938 1089 1991 dolos
1133 1946 1376 1996 struere,
1424 1930 1593 1999 cogita
1633 1927 1769 1996 apud
1820 1936 1871 1981 te
1915 1934 2042 1995 quot
2087 1932 2142 1979 et

558 2042 750 2103 quanta
795 2028 1129 2100 aggreditur,
1155 2032 1350 2094 quanta
1388 2035 1521 2090 opus
1565 2018 1721 2072 habet
1770 2018 2056 2082 varietate,
2089 2025 2143 2069 et

558 2129 870 2197 quibusnam
893 2123 1027 2176 lictis
1043 2117 1596 2184 orationibus,quanto
1617 2109 1857 2174 artificio,
1878 2120 1929 2163 et
1949 2118 2141 2177 quanta

559 2215 766 2272 dicendi
786 2214 1047 2269 facultate.
1062 2210 1159 2279 Qui
1177 2218 1352 2263 autem
1369 2205 1498 2260 dicit
1511 2205 1805 2267 veritatem,
1821 2216 1922 2254 non
1936 2198 2137 2265 labore,

560 2324 663 2363 non
681 2306 1011 2368 difficultate,
1025 2319 1129 2357 non
1143 2299 1497 2362 simulatione,
1513 2311 1615 2349 non
1629 2303 1762 2358 arte,
1777 2303 1865 2347 aut
1879 2291 2145 2346 machina-

564 2401 726 2463 tione,
746 2407 835 2450 aut
860 2398 966 2450 ullo
989 2395 1091 2448 alio
1118 2389 1375 2461 ejusmodi
1400 2388 1616 2456 indiget,
1632 2400 1751 2440 cum
1769 2400 1830 2438 ea
1848 2384 1955 2452 ipsa
1976 2398 2067 2451 per
2086 2396 2144 2436 se

567 2495 756 2545 luceat.
780 2486 1240 2558 Quemadmodum
1271 2485 1411 2538 enim
1439 2480 1695 2536 deformia
1718 2493 1936 2548 corpora
1967 2476 2146 2531 multis

564 2581 798 2636 artiﬁciis
827 2588 881 2633 et
909 2576 1282 2647 integumentis
1307 2574 1565 2644 indigent,
1591 2587 1709 2642 qua:
1741 2579 1938 2623 naturm
1966 2568 2143 2622 defor-

567 2674 803 2729 mitatem
829 2679 1110 2740 contegant
1141 2687 1153 2721 :
1179 2674 1303 2738 qua:
1331 2677 1504 2720 autem
1535 2675 1721 2718 natura
1754 2661 1968 2730 pulchra
2001 2670 2144 2723 sunt,

564 2769 678 2837 ipsa
704 2783 799 2836 per
826 2780 904 2831 se,
932 2764 1031 2819 etsi
1061 2762 1189 2816 nihil
1214 2760 1543 2815 extrinsecus
1584 2754 1880 2821 advenerit,
1906 2753 2149 2823 reSplen~

566 2860 690 2914 deut
715 2875 729 2911 :
758 2858 828 2911 ita
859 2857 1016 2909 etiam
1039 2855 1090 2908 iu
1114 2853 1334 2907 veritate
1359 2861 1414 2905 et
1455 2847 1759 2909 mendacio,
1791 2845 1842 2899 in
1873 2845 2066 2900 virtute
2094 2852 2148 2897 et

566 2951 694 3005 vitio
715 2947 952 3004 invenire
976 2959 1275 3015 possumus.
1305 2940 1457 2997 Unde
1479 2940 1679 2995 clarum
1707 2945 1809 3001 est,
1840 2936 1999 2990 etiam
2025 2941 2149 2989 ante

568 3041 879 3111 supplicium
909 3039 1092 3092 vitium
1124 3037 1295 3104 ipsum
1327 3032 1640 3102 supplicium
1673 3029 1927 3097 infligere,
1951 3038 2005 3082 et
2027 3036 2148 3081 ante

568 3130 1047 3187 remunerationem
1066 3127 1309 3180 virtutem
1327 3122 1671 3178 remunerari.
1692 3117 2147 3186 Quemadmodum

568 3222 711 3276 enim
740 3222 824 3276 illa
852 3221 1008 3273 habet
1034 3219 1084 3272 in
1113 3217 1287 3285 seipsa
1312 3214 1528 3284 praemia
1557 3213 1715 3266 etiam
1739 3219 1861 3264 ante
1889 3223 2145 3264 coronas:

572 3314 643 3367 ita
669 3313 825 3366 etiam
849 3311 949 3364 hoc
978 3324 1185 3379 pmnam
1217 3308 1270 3362 in
1301 3321 1359 3361 se
1383 3304 1638 3365 continet,
1665 3312 1946 3372 antequam
1969 3300 2151 3367 punia-

574 3414 675 3457 tur.
709 3402 843 3468 Quid
874 3402 1014 3455 enim
1042 3400 1209 3469 possit
1245 3413 1365 3453 esse
1398 3406 1611 3467 peccato
1635 3396 1847 3465 gratius
1874 3438 1888 3460 ,
1914 3394 2053 3464 quod
2084 3394 2148 3448 ad

572 3507 785 3563 pennam
821 3490 1046 3544 attinet?
1070 3488 1326 3555 Quocirca
1355 3487 1547 3542 Paulus
1571 3501 1777 3557 quoque
1806 3500 1988 3539 eorum
2014 3499 2154 3539 men-

576 3589 776 3642 tionem
830 3582 1026 3636 faciens
1055 3621 1069 3646 ,
1114 3580 1201 3649 qui
1248 3579 1604 3634 meretriciam
1650 3588 1817 3633 artem
1862 3585 2148 3644 exercent,

575 3675 760 3730 ﬂorem
787 3674 958 3729 artatis
985 3672 1305 3742 prostituunt
1325 3713 1341 3738 ,
1373 3679 1430 3727 et
1457 3681 1655 3726 natura:
1690 3670 1835 3741 leges
1870 3679 2148 3737 evertunt,

575 3766 709 3821 dixit
738 3763 849 3820 hoc'
864 3780 983 3821 esse
1008 3764 1294 3819 maximum
1316 3764 1653 3835 supplicium,
1680 3764 1839 3820 etiam
1870 3772 2151 3833 antequam

577 3858 880 3927 puniantur.
914 3855 1135 3912 Μαίραιὶ
1161 3857 1323 3921 enim,
1354 3857 1553 3927 inquit,
1581 3857 1637 3910 in
1663 3856 1902 3910 masculis
1939 3856 2156 3925 turpitu-

577 3953 742 4005 dinem
773 3960 1037 4021 operantes
1056 3992 1070 4016 ,
1094 3959 1140 4004 et
1169 3948 1444 4003 mercedem
1467 3990 1481 4015 ,
1509 3965 1661 4020 quam
1689 3947 1946 4018 oportuit,
1972 3948 2158 4003 erroris

578 4044 656 4096 aui
683 4044 733 4097 in
770 4059 822 4096 se
851 4043 1146 4113 recipientes
1174 4039 1351 4114 (Rom.
1382 4041 1432 4094 l.
1458 4038 1553 4112 27)
1584 4057 1595 4093 :
1628 4039 1925 4095 mercedem
1956 4039 2156 4108 peccati

580 4135 682 4198 sui,
719 4133 1177 4202 intemperantiam
1205 4141 1259 4186 et
1288 4131 1458 4201 ipsum
1487 4138 1663 4185 actum
1689 4145 1903 4185 vocans.
1931 4129 2048 4183 Pax
2071 4145 2160 4183 su-

582 4245 667 4295 per
684 4225 866 4281 Israel.
886 4225 1198 4281 Precatione
1217 4224 1477 4279 conclusit
1503 4222 1816 4278 orationem.
1838 4221 1994 4276 Tales
2016 4224 2158 4276 enim

582 4330 704 4371 sunt
734 4328 1037 4373 sanctorum
1067 4317 1257 4371 anima:
1282 4333 1295 4369 :
1318 4331 1438 4370 cum
1470 4314 1838 4369 adhortatione
1861 4322 1915 4367 et
1939 4312 2161 4368 consilio

584 4412 840 4480 adjiciunt
863 4411 1158 4466 orationem
1180 4451 1194 4476 ,
1221 4408 1551 4465 auditoribus
1590 4407 1880 4462 maximum
1924 4404 2162 4460 introdu-

584 4511 767 4557 centes
793 4501 1068 4557 auxilium.

660 4594 777 4647 Pax
790 4602 1098 4647 sanctorum.
1118 4622 1188 4634 --
1207 4593 1396 4648 Pacem
1417 4601 1591 4647 autem
1620 4591 1707 4646 hic
1722 4591 1870 4657 dicit,
1900 4599 2002 4644 lion
2027 4589 2163 4644 hanc

586 4684 757 4740 solam
779 4684 1052 4749 sensilem,
1069 4684 1161 4739 sed
1180 4699 1295 4738 eam
1317 4685 1497 4750 etiam,
1518 4701 1635 4753 quin
1653 4695 1729 4738 est
1755 4684 1854 4739 hac
1882 4682 2161 4750 excelsior,

589 4784 644 4830 et
666 4774 792 4830 dicit
816 4773 1078 4829 undenam
1105 4776 1391 4839 enascitur,
1416 4786 1636 4843 oratque
1658 4783 1713 4829 ut
1738 4776 1910 4829 anima
1938 4788 2057 4828 cum
2079 4789 2167 4829 se-

590 4867 701 4936 ipsa
740 4881 845 4920 non
884 4873 1093 4919 moveat
1136 4863 1450 4919 seditionem
1477 4906 1490 4927 ,
1524 4864 1978 4933 perturbationum
2004 4864 2165 4917 animi

590 4957 786 5013 bellum
816 4955 1066 5011 inferens.
1095 4954 1242 5008 Hanc
1270 4969 1369 5009 nos
1394 4969 1601 5022 quoque
1623 4969 1804 5023 pacem
1835 4969 2166 5024 qumramus,

593 5059 649 5105 ut
679 5050 937 5119 promissa
963 5048 1099 5102 bona
1131 5049 1391 5117 possimus
1411 5048 1642 5115 assequi,
1661 5047 1827 5115 gratia
1853 5057 1902 5101 et
1932 5047 2169 5117 benigni-

591 5151 700 5197 tate
721 5139 930 5195 Domini
949 5139 1112 5193 nostri
1133 5138 1258 5193 .lesu
1277 5137 1488 5204 Christi,
1520 5138 1603 5193 cui
1629 5137 1794 5208 gloria
1817 5148 1871 5192 et
1892 5139 2170 5208 imperium

592 5234 645 5286 in
676 5232 869 5287 saecula
899 5229 1236 5287 saeculorum.
1269 5231 1460 5285 Amen.

656 5413 731 5477 tu)
763 5415 847 5464 Hie
869 5415 1015 5467 etiam
1036 5417 1283 5478 interpres
1306 5415 1414 5477 quis
1437 5416 1497 5465 sit
1520 5416 1750 5467 nescittu'.

1270 354 1328 407 S.
1368 344 1641 405 JOAN'NIS
1676 333 2146 396 CllRYSOSTOMI
2189 333 2499 389 ARCHIEP.
2541 333 3060 391 CONSTANTINOP.
3703 337 3793 392 δα)

2689 442 2759 504 ΙΝ
2786 448 3104 504 PSALMUM
3138 448 3342 503 CXXV.

2230 584 2250 635 1
2326 582 2389 633 In
2432 583 2761 635 convertenda
2805 581 3053 634 Dominus
3100 581 3439 648 captivitatem
3495 581 3658 644 Sion,
3693 586 3797 653 [acti

2297 689 2470 727 sumus
2489 674 2613 726 sicut
2635 673 2897 726 consolati.
2923 673 3066 725 Alius
3089 676 3353 740 interpres
3372 676 3451 743 (τι)
3473 672 3618 738 dicit,
3644 674 3795 738 Quan-

2301 765 2365 817 do
2414 764 2709 817 converterit
2756 762 3008 815 Dominus
3051 765 3434 832 captivitatem,
3465 765 3651 818 erimus
3696 782 3796 819 cou-

2301 858 2469 911 δοιιιιι.

2305 994 2356 1046 l.
2384 992 2583 1046 Nomen
2605 992 2917 1062 erptivitatis
2944 1002 3024 1047 est
3050 991 3260 1062 quidem
3291 993 3343 1046 in
3376 993 3671 1061 prolatione
3689 996 3796 1049 sim-

2236 1085 2386 1154 plex,
2417 1083 2575 1138 habet
2602 1094 2778 1138 autem
2815 1084 3009 1137 multos
3049 1097 3255 1136 sensus.
3287 1083 3379 1136 Est
3409 1084 3554 1136 enim
3596 1094 3649 1139 et
3680 1085 3795 1141 bona

2233 1178 2543 1246 captivitas,
2568 1185 2624 1229 ut
2662 1175 2871 1246 quando
2917 1174 3043 1229 dicit
3093 1175 3282 1228 Paulus
3305 1215 3320 1239 ,
3353 1173 3673 1244 Captivantes
3705 1193 3796 1230 σηι-

2235 1285 2344 1322 nem
2372 1268 2678 1322 intellectum
2709 1268 2759 1319 in
2791 1267 3041 1320 Christum
3069 1266 3143 1333 (2.
3172 1265 3290 1321 Cor.
3318 1266 3406 1322 10.
3440 1266 3520 1336 5).
3551 1268 3640 1320 Est
3659 1269 3793 1332 mala,

2237 1371 2291 1414 ut
2318 1360 2527 1430 quando
2553 1359 2681 1412 dicit
2711 1376 2722 1410 :
2758 1359 2989 1427 (.‘aptivas
3015 1358 3316 1411 abducentes
3346 1358 3672 1411 mulierculas
3697 1376 3798 1412 onc-

2237 1462 2375 1504 rutas
2424 1450 2640 1521 peccatis
2668 1449 2740 1521 (2.
2769 1448 2902 1502 Tim.
2930 1449 2982 1503 3.
3012 1449 3092 1517 6).
3121 1449 3215 1502 Est
3242 1465 3364 1518 quae
3397 1449 3450 1502 in
3496 1460 3669 1504 mente
3696 1467 3796 1505 rer-

2238 1553 2402 1606 satur,
2438 1550 2493 1596 ut
2517 1542 2583 1596 de
2611 1557 2711 1611 qua
2742 1540 2885 1605 dicit,
2924 1541 3213 1594 Prcedicare
3239 1541 3459 1610 captivis
3489 1543 3800 1595 remissionem

2239 1634 2391 1704 (lsai.
2418 1636 2503 1689 til.
2537 1636 2609 1704 l).
2638 1636 2730 1689 Est
2753 1649 2871 1704 qum
2899 1634 2997 1688 sub
3023 1649 3237 1688 sensum
3264 1634 3430 1698 cadit,
3465 1643 3523 1688 ut
3550 1651 3660 1704 qua:
3681 1634 3731 1688 fit
3746 1635 3799 1688 ab

2241 1726 2498 1780 hostibus.
2526 1726 2674 1779 Prior
2696 1735 2872 1779 autem
2903 1736 2983 1779 est
3009 1727 3236 1794 gravior.
3266 1726 3370 1791 Qui
3403 1726 3548 1779 enim
3575 1737 3801 1794 ceperunt

2241 1820 2443 1887 aliquos
2464 1818 2584 1885 jure
2609 1817 2752 1883 belli,
2777 1817 2944 1885 captis
2965 1832 3106 1885 smpe
3136 1828 3384 1885 parcunt,
3404 1825 3460 1871 et
3484 1816 3528 1870 si
3558 1828 3638 1869 aut
3665 1831 3800 1886 aqua-

2242 1911 2307 1967 ri,
2336 1919 2423 1963 aut
2452 1908 2655 1977 lignari,
2685 1917 2774 1961 aut
2799 1922 2964 1977 equos
2993 1922 3211 1973 pascere
3233 1908 3505 1976 jusserint
3527 1908 3567 1975 ¹,
3599 1908 3799 1961 animam

2243 2002 2458 2055 minime
2488 2001 2754 2055 laeserint:
2785 2000 2874 2070 qui
2919 2000 3116 2069 peccati
3161 2009 3343 2054 autem
3382 2001 3622 2069 captivus
3656 1998 3800 2055 factus

2242 2098 2356 2156 est,
2386 2091 2543 2143 habet
2582 2104 2779 2144 smvum
2816 2098 2869 2144 et
2914 2089 3193 2143 barbarum
3224 2090 3507 2144 dominum
3527 2131 3540 2153 ,
3574 2091 3657 2158 qui
3685 2090 3803 2158 cogit

2243 2197 2362 2235 eum
2387 2181 2557 2234 facere
2581 2196 2665 2235 res
2693 2180 3041 2249 turpissimas,
3061 2189 3113 2234 et
3131 2182 3369 2235 maxime
3392 2182 3687 2250 probrosas.
3707 2179 3799 2233 Non

2244 2272 2383 2326 enim
2413 2286 2627 2341 parcere
2649 2313 2663 2337 ,
2694 2285 2792 2325 nec
2835 2270 3073 2324 misereri
3103 2271 3245 2324 novit
3275 2269 3399 2324 hanc
3430 2272 3539 2324 vitii
3574 2270 3800 2342 tyrannus.

2246 2362 2380 2416 Audi
2421 2363 2596 2432 itaque
2625 2362 2889 2430 quomodo
2918 2376 3036 2416 cum
3070 2361 3328 2415 miserum
3360 2372 3413 2416 et
3446 2362 3697 2416 infelicem
3721 2358 3801 2414 Ju-

2247 2453 2367 2507 dam
2392 2454 2686 2523 accepisset
2711 2453 2976 2523 captivum
2999 2496 3014 2519 ,
3043 2453 3260 2508 minime
3290 2455 3343 2508 ei
3374 2455 3665 2523 pepercerit
3684 2495 3697 2514 ,
3724 2450 3799 2505 sed

2247 2545 2557 2614 sacrilegum
2595 2555 2648 2598 et
2694 2544 3018 2614 proditorem
3061 2543 3245 2599 fecerit
3272 2561 3286 2598 :
3311 2544 3513 2599 deinde
3554 2552 3800 2613 postquam

2247 2638 2418 2695 scelus
2443 2646 2802 2710 pcrpetrasset
2821 2679 2834 2701 ,
2858 2653 2979 2692 eum
3003 2638 3054 2691 in
3079 2636 3348 2692 theatrum
3381 2637 3677 2692 Judacorum
3703 2650 3803 2704 pro-

2247 2729 2494 2797 duxerit,
2518 2739 2572 2784 et
2593 2730 2913 2784 maleficium
2954 2729 3276 2784 revelaverit
3295 2770 3311 2795 ,
3347 2739 3402 2783 et
3425 2744 3523 2783 nec
3548 2728 3589 2782 si
3617 2726 3801 2797 quidem

2249 2825 2590 2893 permiserit,
2623 2832 2679 2876 ut
2722 2823 3019 2893 perciperet
3053 2820 3280 2876 fructum
3328 2821 3684 2891 pmniteutiat,
3724 2816 3799 2871 scil

2248 2926 2371 2971 ante
2414 2918 2774 2986 penitentiam
2812 2915 3090 2971 deduxerit
3131 2914 3196 2969 ad
3240 2915 3511 2984 laqueum.
3554 2912 3647 2967 Est
3682 2910 3801 2964 enim

2249 3023 2419 3063 smvus
2450 3018 2724 3079 tyrannus,
2758 3008 2845 3077 qui
2868 3007 3019 3077 jubet
3045 3023 3161 3077 qua:
3193 3017 3317 3061 sunt
3350 3005 3621 3076 improba,
3652 3012 3702 3058 et
3724 3016 3801 3057 eos

2249 3100 2338 3170 qui
2377 3100 2649 3165 obediunt,
2679 3098 2961 3169 ignominia
2996 3099 3175 3153 allicit.
3219 3097 3487 3166 Quocirca
3524 3112 3615 3153 vos
3653 3109 3799 3165 rogo.

2250 3206 2458 3246 summo
2500 3192 2675 3246 studio
2716 3191 2977 3261 fugiamus
3015 3191 3130 3261 ejus
3170 3190 3503 3260 dominium,
3524 3200 3711 3247 etcum
3747 3202 3801 3241 eo

2251 3283 2545 3348 bellemus,
2575 3298 2675 3339 nec
2711 3284 2758 3338 ei
2792 3298 3043 3353 umquam
3073 3284 3518 3349 reconciliemur,
3550 3292 3601 3339 et
3625 3279 3799 3337 liberati

2252 3374 2305 3429 in
2349 3374 2590 3429 libertate
2628 3389 3051 3443 permaneamus.
3079 3374 3134 3429 Si
3162 3373 3302 3429 enim
3337 3374 3391 3429 hi
3426 3391 3457 3431 a
3485 3373 3710 3431 barbaris
3748 3368 3800 3424 li-

2254 3467 2442 3531 berati,
2472 3468 2891 3521 consolationem
2919 3474 3256 3536 acceperunt,
3282 3467 3456 3523 multo
3483 3467 3643 3535 magis
3663 3475 3800 3533 Opor—

2254 3570 2329 3615 tet
2366 3576 2463 3616 nos
2496 3576 2527 3615 a
2561 3569 2778 3629 peccato
2805 3560 3056 3614 liberatos
3080 3558 3314 3630 gaudere
3346 3569 3403 3615 et
3447 3557 3733 3618 exsultare,
3756 3559 3801 3605 et

2254 3652 2390 3707 hanc
2436 3652 2667 3706 laetitiam
2720 3665 3038 3706 conservare
3079 3651 3437 3707 immortalem
3467 3692 3482 3717 ,
3514 3665 3615 3704 non
3649 3654 3800 3700 autem

2254 3758 2371 3798 eam
2412 3744 2721 3813 perturbare
2764 3758 2827 3798 ac
2856 3740 3183 3797 confundere
3213 3782 3227 3806 ,
3254 3742 3448 3798 eadem
3490 3741 3618 3795 mala
3644 3748 3802 3793 rursus

2254 3835 2637 3907 aggredientes.
2688 3835 2836 3888 Facti
2880 3851 3053 3889 sumus
3097 3834 3225 3888 sicut
3264 3833 3535 3890 consolati.
3583 3831 3683 3886 Hoc
3724 3825 3800 3879 alii

2255 3929 2468 3998 quidem
2496 3928 2812 3998 interpretes
2832 3926 3035 3990 dicunt,
3058 3925 3334 3996 Tamquam
3361 3925 3676 3981 somniantes.
3708 3914 3794 3969 He-

2256 4020 2430 4076 bratus
2453 4029 2649 4085 autem,
2668 4017 2974 4073 Chaolemim
2993 4019 3035 4070 ⁸.
3057 4016 3192 4085 Quid
3217 4027 3299 4073 est
3319 4025 3521 4083 autem,
3543 4004 3801 4072 Consolati.’

2260 4112 2464 4183 Impleti
2482 4153 2497 4176 ,
2530 4112 2699 4181 inquit
2720 4151 2735 4176 ,
2765 4124 2948 4165 sumus
2971 4109 3148 4180 quiete
3168 4151 3182 4174 ,
3210 4109 3400 4166 laetitia
3421 4150 3437 4175 ,
3467 4107 3730 4175 voluptate.
3751 4098 3797 4152 2.

2260 4202 2402 4258 Tunc
2429 4203 2674 4273 repletum
2703 4211 2774 4255 est
2811 4201 2997 4271 gaudio
3022 4216 3077 4255 os
3101 4210 3329 4254 nostrum
3353 4240 3376 4266 φ
3397 4210 3442 4255 et
3467 4200 3633 4270 lingua
3655 4203 3800 4248 nostra

2260 4295 2608 4350 exsultatione.
2633 4294 2687 4349 3.
2715 4291 2859 4346 Tunc
2893 4293 3057 4346 dicent
3089 4292 3220 4347 inter
3250 4304 3423 4364 gentes
3443 4334 3460 4360 ,
3490 4278 3802 4359 Magniﬁcavil

2260 4386 2510 4440 Dominus
2538 4386 2703 4454 facere
2730 4400 2842 4437 cum
2868 4384 2958 4439 eis.
2992 4389 3043 4440 4.
3085 4384 3436 4455 Magniﬁcavit
3472 4380 3702 4437 Dominus
3734 4371 3801 4441 [a-

2262 4496 2370 4534 cere
2394 4479 2669 4533 nobiscum.
2709 4477 2789 4531 Ad
2817 4477 3093 4532 meliorem
3135 4478 3479 4532 mutationem
3509 4488 3610 4530 non
3643 4477 3800 4539 parum

2262 4571 2468 4626 confert
2507 4569 2674 4624 lzetari
2718 4576 2936 4639 propter
2968 4569 3333 4624 liberationem
3362 4585 3392 4623 a
3422 4564 3721 4637 captivitate.
3746 4552 3800 4609 Et

2264 4665 2383 4736 quis
2406 4707 2420 4731 ,
2448 4664 2652 4734 inquies
2672 4704 2686 4727 ,
2716 4677 2821 4718 non
2861 4672 3138 4732 propterea
3168 4662 3377 4718 hetatur
3398 4662 3422 4716 ἲ
3445 4661 3621 4716 Patres
3646 4660 3800 4708 eorum

2265 4757 2477 4827 quando
2503 4756 2709 4810 liberati
2741 4765 2867 4810 sunt
2901 4756 2970 4810 ab
2996 4754 3230 4827 Egypto
3252 4797 3268 4822 ,
3296 4765 3352 4811 et
3377 4752 3445 4809 ab
3473 4752 3557 4808 illa
3582 4744 3800 4804 servitute

2270 4848 2491 4903 traducti
2519 4848 2570 4902 in
2593 4846 2890 4902 libertatem
2915 4886 2930 4912 ,
2952 4860 3050 4916 per
3068 4861 3336 4901 summum
3363 4842 3548 4915 ingrati
3572 4832 3715 4892 animi
3735 4828 3802 4881 vi-

2271 4945 2398 4998 tium
2421 4943 2473 4997 in
2496 4940 2648 4995 bonis
2672 4939 2800 5011 ipsis
2821 4940 3241 5004 murmurabant,
3261 4937 3668 5009 indignabantur.
3686 4932 3801 5011 πετέ

2272 5035 2546 5095 ferebant,
2574 5007 2753 5086 tristes
2792 5029 3098 5086 manebant.
3133 5032 3204 5084 At
3225 5046 3331 5086 non
3363 5007 3456 5084 nos
3480 5069 3494 5092 ,
3518 5018 3699 5092 inquit;
3726 5007 3801 5065 Sed

2270 5126 2563 5198 gaudemus
2604 5132 2658 5178 et
2698 5122 3046 5176 exsultamus.
3074 5122 3193 5176 Jam
3222 5136 3353 5178 vero
3376 5129 3583 5175 causam
3621 5109 3802 5179 quoque

2337 5284 2355 5315 ι
2391 5282 2474 5330 Hic
2497 5280 2681 5329 variant
2702 5276 2879 5328 Morelli
2922 5284 2974 5327 et
3007 5276 3162 5328 Savilii
3201 5277 3455 5339 Editiones.
3499 5254 3798 5339 Morel-A9332

2275 5313 3355 5416 .3...ait;"5a.";;.g;.;;;;ra:§a1372.23;

2273 5381 2521 5481 ῗᾶεἶῖιὲῖῖ
2534 5381 3438 5481 ἕιῖξῖ”ε’νὲὅτᾶᾢξῦἓῖιῖιὲὲὲξίέιέὲξνῗνάξἡ
3458 5381 3780 5481 υέτὲῖοῗέῗξηεξξθὲ

2312 5440 2507 5524 ὶῖἱὶὰὲἒίἱζ
2533 5440 2621 5514 Ξέἆ
2635 5440 3421 5527 ’ῥέξ’ὄιῑ”ζ”ιῖἁι›ἲἰἶῖἔιίίὲί¹ἶὲἶῖὀιῖἕ,
3447 5440 3723 5520 praeferenda
3742 5449 3764 5480 ν

2366 5540 2440 5575 111⁵.
3548 5552 3561 5575 r
3708 5557 3735 5575 ,_-

2312 5535 2440 5577 etttr.
3726 5557 3735 5568 '
3787 5555 3799 5577 '

2340 5594 2360 5620 ³
2394 5587 2554 5659 savil.,
2589 5584 2895 5637 Choalemim.
2935 5587 3165 5659 Hebraica
3196 5589 3405 5659 vox_est.
3442 5552 3799 5659 Οτριζίξληῇαξ

2278 5637 2562 5709 somniantes
2590 5672 2607 5708 :
2639 5666 2694 5709 ut
2729 5659 2878 5709 habet
2910 5661 3055 5708 etiam
3088 5658 3232 5708 lectio
3270 5637 3460 5706 aliorum
3497 5637 3797 5702 inteI'PWm'

2282 5734 2487 5783 quorum
2511 5734 2687 5769 nomen
2714 5728 2915 5771 tacetur.

2346 5787 2419 5845 tu)
2451 5785 2561 5841 Quis
2582 5785 2643 5833 sit
2667 5784 2741 5832 hic
2765 5785 3007 5844 interpres
3025 5781 3323 5843 ignoramus.
