4088 6274
350 418 689 491 Ἇγιίθυνον,
724 415 922 484 Κύριε,
957 415 1080 482 τοῖς
1109 415 1371 483 ἀγαθοῖς.
1399 417 1642 488 Ἕτερος,
1680 420 1908 488 Ἀγαθο-

339 508 619 574 ποίησον.
648 504 755 558 Kal
786 504 909 569 τοῖς
929 503 1129 557 εὺθέσι
1156 502 1231 573 τῇ
1258 503 1489 573 καρδίᾳ.
1536 503 1681 570 Τοὺς
1726 504 1794 557 δὲ
1818 506 1915 556 ἑκ-

338 597 662 659 κλίνοντας
697 593 783 657 εἰς
829 591 934 657 τὰς
980 580 1385 661 στραγγαλιὰς
1426 591 1642 656 ἀπάξει
1701 594 1916 660 Κύριος

341 682 488 754 μετὰ
526 680 645 735 τῶν
669 677 1072 749 ἐργαζομένων
1116 679 1232 748 τὴν
1278 681 1553 750 ἀνομίαν.
1581 682 1745 752 Ὁρᾷς
1784 682 1913 752 παρ’

342 771 498 843 ἡμῶν
535 767 806 839 πανταχοῦ
843 768 939 831 τὰς
970 767 1143 837 ἀρχὰς
1182 769 1492 838 γινομένας,
1535 768 1628 821 καὶ
1672 768 1763 821 τοῦ
1807 767 1916 820 τῶν

342 857 590 931 χρηστῶν
640 855 951 918 ἀπολαύειν,
1003 855 1096 909 καί
1141 855 1236 908 τοῦ
1290 855 1538 918 κολάσεις
1593 854 1911 924 ὑπομένειν;

356 944 553 998 Ἀλλέἰ
586 944 680 997 καὶ
710 945 841 1015 παρ’
864 942 1018 1013 ήμῶν
1040 943 1095 993 αἰ
1122 942 1306 1013 ἀρχαὶ,
1334 941 1448 994 ἀλλ’
1477 942 1626 1012 ὅμως
1651 942 1744 995 καί
1774 941 1915 994 οὕτω

339 1033 434 1102 τῆς
470 1031 563 1083 τοῦ
598 1029 733 1083 Θεοῦ
767 1029 1174 1100 φιλανθρωπίας
1208 1029 1374 1099 πολλὴ
1405 1029 1678 1082 δείκνυται
1708 1031 1739 1099 ἡ
1771 1029 1906 1098 λαμ-

342 1114 524 1185 πηδών
549 1126 575 1154 ι
597 1129 611 1143 ·
651 1116 715 1167 ἐκ
740 1113 848 1185 γὰρ
877 1112 1070 1166 πολλοῦ
1102 1112 1196 1165 τοῦ
1227 1113 1504 1183 περιόντος
1528 1114 1653 1184 νικᾷ
1676 1116 1794 1177 ταῖς
1821 1116 1914 1168 ἀν-

340 1198 602 1251 τιδόσεσιν
627 1198 776 1266 ἡμᾶς
795 1215 807 1227 ”
847 1196 940 1249 καὶ
961 1197 1054 1248 ἐπὶ
1077 1196 1173 1265 μὲν
1198 1194 1347 1267 [551]
1371 1195 1481 1249 τῶν
1503 1196 1914 1267 ἁμαρτημάτων

344 1285 653 1355 σύμμετρον
681 1283 877 1350 ἐπάγει
906 1282 1005 1353 τὴν
1041 1282 1333 1352 τιμωρίαν,
1368 1283 1461 1335 ἐπὶ
1500 1283 1555 1336 δέ
1581 1283 1687 1336 τῶν
1716 1301 1913 1353 κατορ-

342 1372 609 1441 θωμάτων
637 1369 1072 1440 ὑπερϐαίνουσαν
1099 1369 1328 1439 παρέχει
1357 1371 1457 1441 τὴν
1482 1370 1769 1423 ἀντίδοσιν.
1805 1373 1912 1424 Εὑ-

343 1458 456 1522 θείς
482 1458 539 1512 δὲ
567 1457 800 1512 ἐνταῦθα
830 1456 984 1511 καλεῖ
1011 1457 1139 1518 τοὺς
1168 1456 1408 1521 ἀδόλους,
1438 1459 1564 1521 τοὺς
1584 1457 1911 1520 ἀπλάστους,

343 1546 468 1610 τοὺς
527 1544 677 1598 οὐδὲν
724 1544 944 1614 ἔχοντας
1006 1543 1460 1614 συνεσκιασμένον
1518 1545 1611 1596 καί
1660 1542 1908 1599 ὓπουλον.

343 1632 594 1685 Τοιοῦτον
624 1630 732 1702 γάρ
782 1630 840 1684 τὸ
869 1630 1040 1695 εύθές,
1086 1629 1115 1681 ὃ
1161 1629 1392 1700 μάλιστα
1426 1631 1455 1682 ό
1494 1629 1625 1692 Θεὸς
1670 1629 1917 1701 ἐπιζητεῖ

346 1717 643 1789 πανταχοῦ.
691 1717 938 1771 Τοιοῦτον
967 1719 1001 1788 ἡ
1036 1717 1225 1789 ἁρετὴ,
1257 1716 1373 1772 λεία
1406 1734 1488 1781 τις
1534 1717 1627 1770 καὶ
1672 1716 1912 1783 εὔκολος,

344 1804 534 1877 ὥσπερ
563 1800 656 1859 οὖν
687 1807 720 1875 ή
751 1805 984 1876 πονηρία
1004 1805 1450 1876 διεστραμμένον,
1480 1805 1739 1869 ποικίλον,
1771 1806 1913 1858 ἀδιε-

344 1892 589 1957 ξόδευτον
614 1907 628 1921 ·
662 1890 934 1945 καὶτοῦτο
962 1890 1105 1945 ἐστιν
1130 1892 1239 1944 ἀπὸ
1265 1891 1373 1945 τῶν
1402 1891 1748 1963 πραγμάτων
1784 1893 1913 1946 ἰδεῖν

343 1977 538 2034 αὐτῶν.
578 1979 634 2031 '0
672 1977 803 2046 γοῦν
854 1977 1172 2048 βουλόμενος
1210 1977 1535 2047 ψεύσασθαι,
1591 1980 1684 2032 καὶ
1730 1979 1913 2041 δόλους

347 2065 531 2136 ῥάψαι,
564 2064 813 2134 ἐννόησον
843 2066 986 2129 ὅσοις
1011 2066 1297 2137 ἐπιχειρεῖ,
1324 2067 1454 2138 ὅσης
1477 2067 1646 2119 δεῖται
1669 2066 1769 2136 τῆς
1798 2084 1916 2119 ποι-

344 2153 537 2217 κιλίας,
572 2152 734 2205 ποίων
783 2152 957 2220 λόγων
989 2153 1404 2223 πεπλασμένων,
1457 2154 1628 2224 πόσης
1671 2153 1912 2224 δεινότη-

345 2258 452 2304 τος.
484 2241 542 2293 Ὀ
574 2239 630 2292 δὲ
663 2240 761 2308 τὴν
794 2239 1050 2311 ἀλήθειαν
1078 2240 1268 2310 λέγων,
1303 2241 1363 2294 οὐ
1401 2240 1585 2309 πόνου,
1621 2242 1681 2295 οὐ
1713 2242 1916 2306 ,δυσκο-

344 2327 459 2390 λίας
489 2327 538 2388 δ,
570 2326 681 2396 οὑχ·
715 2326 1077 2397 ὑποκρίσεως,
1129 2328 1191 2380 οὑ
1244 2329 1670 2398 μηχανημάτων,
1701 2329 1915 2393 οὐδενὸς

346 2414 509 2467 δεῖται
534 2412 799 2476 τοιούτου,
832 2414 1002 2485 αὐτῆς
1040 2414 1161 2468 καθ’
1204 2417 1404 2486 ἐεαυτὴν
1441 2417 1654 2488 ἐκείνης
1689 2417 1915 2488 διαλαμ-

348 2502 571 2572 πούσης.
608 2501 877 2574 Καθάπερ
902 2502 1010 2573 γὰρ
1036 2503 1105 2556 τὰ
1134 2504 1229 2574 μὲν
1266 2504 1486 2576 ἄμορφα
1514 2505 1620 2558 τῶν
1649 2506 1914 2576 σωμάτων

352 2588 561 2642 πολλῶν
611 2588 809 2669 ἔξωθεν
866 2589 1036 2643 δεῖται
1076 2590 1185 2644 τῶν
1230 2592 1617 2661 τεχνασμάτων
1671 2593 1764 2646 καί.
1808 2593 1916 2645 τῶν

345 2675 806 2746 ἐπικαλυμμάτων
834 2676 932 2747 τὴν
974 2677 1082 2730 ἀπὸ
1124 2676 1223 2746 τῆς
1268 2677 1481 2746 φύσεως
1511 2678 1783 2748 ἀμορφίαν
1822 2696 1916 2732 συ·-

354 2765 682 2829 σκιαζόντων
703 2783 716 2796 ·
751 2765 819 2819 τὰ
848 2765 906 2817 δέ
930 2765 1087 2833 φύσει
1115 2765 1255 2819 καλά
1285 2764 1425 2820 αὑτά
1445 2766 1567 2819 καθ’
1593 2766 1758 2820 ἐαυτά
1780 2768 1918 2835 ἀγω⁴

348 2851 597 2922 νιζόμενα
616 2851 852 2922 λάμπειο
900 2850 1043 2904 οὑτω
1072 2852 1165 2904 καὶ
1198 2851 1288 2905 ἐπὶ
1320 2852 1412 2905 τοῦ
1444 2851 1669 2921 ψεύδους
1702 2853 1792 2906 καὶ
1818 2855 1917 2923 τῆς

351 2938 601 3008 ἀληθείας
632 2938 774 2992 ἐστιν
798 2939 1001 3008 εὑρεῖν,
1034 2939 1127 2992 καὶ
1162 2938 1261 3008 τῆς
1293 2939 1511 3004 κακίας,
1544 2940 1639 2992 καὶ
1667 2938 1768 3009 τῆς
1797 2941 1919 3010 ἀρε-

350 3026 471 3095 τῆς.
493 3024 652 3078 Ὅθεν
679 3026 858 3095 δῆλον,
885 3027 966 3079 ὅτι
998 3025 1091 3079 καὶ
1130 3026 1236 3096 πρὸ
1260 3025 1358 3094 τῆς
1386 3025 1659 3090 κολάσεως
1684 3027 1719 3097 ἡ
1749 3027 1917 3080 κακία

348 3114 446 3183 τὴν
471 3112 688 3166 κόλασιν
712 3113 931 3182 ἐπάγει,
967 3112 1061 3165 καί
1081 3111 1187 3184 πρὸ
1209 3114 1309 3184 τῆς
1334 3112 1652 3176 ἀντιδόσεως
1680 3114 1712 3183 ἡ
1746 3114 1914 3184 ἀρετὴ

346 3199 443 3270 τὴν
472 3198 703 3269 ἀμοιϐὴν
742 3200 978 3253 δίδωσιν.
1021 3200 1229 3271 ’Ὠσπερ
1266 3198 1375 3269 γὰρ
1410 3200 1589 3269 ἐκείνη
1644 3200 1702 3251 ἐν
1750 3201 1914 3271 ἑαυτῇ

345 3288 413 3341 τά
441 3285 649 3340 ἔπαθλα
681 3286 793 3357 ἔχει
826 3286 919 3340 καί
962 3285 1067 3356 πρὸ
1120 3285 1228 3339 τῶν
1279 3286 1583 3353 στεφάνων’
1647 3286 1788 3339 οὑτω
1824 3288 1917 3340 καὶ

346 3370 484 3443 αὔτη
514 3375 570 3426 ἐν
607 3374 774 3445 ἑαυτῇ
801 3374 901 3444 τὴν
927 3373 1197 3444 τιμωρίαν
1225 3372 1337 3443 ἔχει
1365 3374 1458 3426 καί
1496 3373 1600 3444 πρὸ
1632 3374 1729 3443 τῆς
1755 3374 1917 3427 κολά-

347 3478 502 3524 σεως.
535 3462 599 3515 Τί
643 3463 751 3533 γὰρ
792 3463 858 3515 ἂν
885 3463 1094 3530 γένοιτο
1122 3460 1498 3532 χαλεπώτερον
1532 3462 1804 3532 ἁμαρτίας
1837 3463 1918 3524 εἰς

344 3549 615 3619 τιμωρίας
668 3549 858 3617 λόγον;
893 3549 992 3603 Διά
1038 3549 1101 3619 δὴ
1138 3548 1295 3601 τοῦτο
1341 3550 1436 3601 καὶ
1475 3550 1503 3601 ὁ
1550 3547 1759 3611 Παῦλος
1807 3548 1916 3600 τῶν

345 3639 720 3708 ήταιρηκότων
768 3637 1165 3708 μνημονεύσας,
1221 3638 1329 3690 τῶν
1380 3638 1478 3707 τὴν
1529 3636 1677 3708 ὥραν
1740 3648 1762 3676 ο
1817 3640 1916 3708 τὴν

347 3725 555 3778 ἑαυτῶν
585 3725 1006 3795 ἀποδιδομένων,
1056 3725 1149 3777 καὶ
1178 3725 1275 3794 τῆς
1306 3723 1518 3793 φύσεως
1556 3726 1683 3787 τοὺς
1716 3724 1917 3794 νόμους

345 3814 780 3884 ἀνατρεπόντων,
832 3814 1035 3884 ταύτην
1087 3814 1253 3885 ἔφησε
1322 3814 1595 3885 τιμωρίαν
1656 3814 1917 3884 μεγίστην

347 3896 486 3954 εἶναι
522 3900 614 3954 καὶ
654 3901 757 3971 πρὸ
793 3901 891 3970 τῆς
929 3900 1220 3964 κολάσεως.
1244 3902 1521 3968 Ἀρσενες
1565 3901 1696 3971 γὰρ,
1729 3900 1913 3970 φησὶν,

346 3987 417 4039 ἐν
442 3986 654 4055 ἄρσεσι
688 3986 803 4055 τὴν
822 3988 1263 4056 ἀσχημοσύνην
1284 3985 1788 4056 κατεργαζόμενοι,
1815 3986 1915 4040 καί

345 4073 463 4141 τὴν
500 4075 899 4143 ἀντιμισθίαν,
926 4074 1005 4141 ἣν
1033 4074 1174 4137 ἔδει,
1216 4073 1327 4141 τῆς
1352 4073 1590 4140 πλάνης
1620 4072 1817 4126 αὐτῶν
1846 4074 1917 4127 ἐν

349 4160 585 4227 ἑαυτοῖς
634 4161 1194 4231 ἀπολαμϐάνοντες·
1236 4159 1579 4230 ἀντιμισθίαν
1608 4159 1710 4229 τῆς
1734 4161 1915 4232 ἁμαρ·

347 4248 466 4310 τίας
510 4248 689 4301 αὐτῶν
722 4246 819 4317 τὴν
866 4248 1149 4315 ἀσέλγειαν
1190 4247 1284 4301 καὶ
1325 4247 1422 4317 τὴν
1468 4246 1666 4318 πρᾶξιν
1710 4247 1911 4301 καλῶν.

350 4334 573 4404 Εἰρήνη
604 4335 702 4389 ἐπὶ
730 4335 836 4388 τόν
865 4335 1121 4402 Ἰσραήλ.
1161 4336 1254 4397 Εἰς
1282 4333 1446 4405 εὑχὴν
1466 4334 1556 4387 τὸν
1585 4334 1739 4404 λόγον
1765 4335 1919 4387 κατέ·

349 4422 552 4475 κλεισε.
584 4422 839 4476 Τοιαῦται
869 4420 975 4492 γὰρ
992 4424 1045 4474 αἰ
1070 4420 1180 4476 τῶν
1195 4421 1363 4490 ἁγίων
1389 4420 1625 4491 ψυχαίά⁶
1645 4421 1782 4491 μετά
1810 4422 1911 4491 τῆς

347 4510 718 4581 παραινέσεως
751 4510 845 4562 καί
883 4510 978 4579 τῆς
1014 4508 1319 4577 συμϐουλῆς
1368 4506 1465 4577 τὴν
1498 4508 1662 4577 εὐχὴν
1690 4523 1905 4578 προστι·

347 4596 519 4656 θέασι,
537 4595 799 4666 μεγίστην
816 4594 1129 4664 συμμαχίαν
1146 4595 1457 4661 εἰσάγουσαι
1476 4597 1586 4657 τοῖς
1606 4593 1912 4649 ἀκούουσιν.

418 4684 653 4754 Εἰρήνην
681 4683 737 4736 δὲ
774 4681 1025 4745 ἐνταῦθα,
1061 4681 1121 4733 οὑ
1160 4680 1362 4750 ταύτην
1394 4679 1559 4750 μόνην
1588 4679 1685 4751 τὴν
1721 4680 1911 4751 αἰσθη-

345 4770 465 4841 τὴν,
489 4771 623 4824 ἀλλά
659 4770 753 4823 καὶ
790 4769 887 4840 τὴν
914 4769 1114 4840 ταύτης
1144 4767 1498 4839 ὑψηλοτέραν,
1540 4768 1634 4820 καὶ
1680 4767 1800 4822 ὅθεν
1822 4769 1916 4821 καὶ

348 4861 486 4932 αὕτη
519 4860 780 4924 τίκτεται,
815 4860 984 4929 λέγει,
1026 4859 1119 4912 καί¹
1153 4857 1365 4927 εὔχεται
1410 4854 1545 4909 ὥστε
1576 4855 1650 4928 μὴ
1693 4858 1916 4911 στασιά-

347 4948 461 5011 ζειν
496 4946 594 5018 τὴν
631 4947 807 5017 ψυχὴν
847 4946 1014 5017 αὑτὴν
1060 4944 1194 5013 πρὸς
1241 4942 1439 5014 ἑαυτὴν
1468 4942 1576 4996 τῶν
1611 4943 1798 4996 παθῶν
1823 4945 1915 4998 τὸν

350 5036 585 5106 πόλεμον
607 5036 1023 5103 ἐπεισάγουσαν.
1057 5032 1273 5102 Ταύτην
1306 5031 1370 5102 δὴ
1401 5030 1496 5084 καὶ
1519 5034 1681 5101 ἡμεῖς
1713 5032 1810 5103 τὴν
1837 5034 1916 5085 εἰσ

347 5125 519 5195 ρήνην
549 5125 819 5195 ζητῶμεν,
854 5124 937 5177 ἵνα
970 5123 1076 5175 τῶν
1116 5120 1540 5191 ἐπηγγελμένων
1568 5122 1785 5189 ἀγαθῶν
1825 5123 1917 5175 δυ.

344 5211 594 5282 νηθῶμεν
620 5214 823 5281 τυχεῖν,
847 5212 1030 5283 χάριτι
1054 5212 1146 5264 καὶ
1176 5209 1552 5281 φιλανθρωπία
1580 5208 1675 5262 τοῦ
1705 5212 1912 5282 Κυρίου

407 5359 432 5387 ⁸
461 5356 613 5407 SaVil.
636 5357 863 5406 δείκνυται
884 5360 915 5414 ἦ
938 5357 1208 5419 κηδεμονία.

406 5419 436 5459 δ
460 5420 531 5469 Οὐ
552 5419 803 5473 δυσκολίας
824 5419 995 5467 deerat
1015 5415 1066 5465 ili
1094 5418 1267 5467 Morel.
1314 5416 1414 5466 Sed
1438 5418 1487 5465 in
1510 5415 1661 5465 Savll.
1686 5415 1911 5478 habetur,

345 5488 399 5530 el
422 5481 608 5529 lectum
632 5488 710 5528 est
732 5481 1091 5541 abinterprele.

410 5545 431 5606 ξ
453 5541 535 5606 δίε
547 5541 695 5606 ξενίἰ.
717 5540 888 5606 Morel.
911 5540 991 5587 καὶ
1012 5542 1097 5606 τὴν
1119 5541 1261 5606 ῶραν.
1285 5600 1295 5606 _
1486 5599 1498 5606 _
1670 5597 1679 5606 .

405 5602 433 5642 εἰ
459 5602 541 5651 Sic
560 5602 707 5651 Saﬁl.
728 5602 932 5661 optime,
951 5608 1001 5649 el
1026 5603 1092 5650 ila
1119 5599 1379 5658 legendum
1400 5599 1775 5661 reclamantibus
1798 5600 1914 5649 licet

343 5679 481 5721 ηυδε,
511 5668 563 5711 el
579 5664 697 5711 edit.
724 5660 893 5711 Morel.
913 5660 996 5722 Qui
1020 5661 1216 5724 habent,
1240 5666 1288 5724 αἰ
1308 5664 1403 5709 τῶν
1422 5661 1567 5721 ἁγίων
1592 5660 1739 5719 εὑγαί.
1771 5662 1913 5724 Legit

255 5792 259 5796 _
345 5728 491 5776 etlam
514 5724 763 5775 Hervelus
783 5725 829 5771 αἰ
852 5724 946 5770 τῶν
968 5722 1112 5784 ἁγίων
1137 5723 1297 5786 ψυχαί.

1440 301 1811 360 Εχροδιτιο
1851 306 1919 363 IN
1952 302 2279 362 PSALMUM
2315 299 2524 357 CXXV.

3480 302 3585 356 5(‘0

2014 417 2173 488 ἡμῶν
2215 414 2388 486 Ἰησοῦ
2425 411 2680 486 Χριστοῦ,
2710 406 2753 481 ᾧ
2783 414 2815 484 ἡ
2853 412 2997 479 δόξει,
3028 414 3120 466 καὶ
3151 412 3211 466 τδ
3255 414 3472 484 κράτος⁹
3508 421 3595 479 εἰς

2019 505 2150 567 τοὺς
2197 503 2397 565 αἰῶνας
2425 504 2532 554 τῶν
2561 499 2790 554 αἰώνων.
2828 501 3019 570 Ἀμήν.

2278 624 2427 698 [552]
2461 626 2569 678 El}:
2608 624 2744 677 TON
2783 625 2934 677 PKE'
2971 622 3289 677 ΨΑΑΜΟΝ.

2029 732 2125 783 Ἐν
2178 729 2259 795 τῷ
2311 729 2665 798 ἐπιστρέψαι
2739 730 2957 797 Κύριον
3014 728 3127 795 τὴν
3177 727 3593 797 αἰχμαλωσίαν

2090 811 2276 875 Σιὼν,
2351 810 2720 880 ἐγενήθημεν
2796 810 2938 863 ὡσεί
3025 809 3542 877 παρακεκλημένοι
3573 848 3587 859 .

2088 892 2312 961 Ἕτερος
2341 891 2679 961 ἑρμηνευτής
2707 908 2889 960 φησιν,
2912 890 3089 943 Ὅταν
3112 887 3444 955 ἐπιστρέψῃ
3478 888 3590 939 Κύ-

2078 987 2213 1037 ριος
2262 971 2377 1038 τὴν
2418 971 2853 1039 αἰχμαλωσίαν,
2906 970 3164 1039 ἐσόμεθα
3212 970 3591 1034 παρακεκλη-

2081 1046 2274 1114 μένοι.

2085 1157 2154 1204 α’.
2188 1150 2260 1202 Τὸ
2298 1149 2399 1219 τῆς
2448 1149 2822 1219 αἰχμαλωσίας
2870 1148 3036 1218 ὄνομα
3081 1147 3283 1201 ἁπλοῦν
3316 1148 3414 1217 μὲν
3444 1149 3589 1200 ἐστιν

2016 1237 2154 1289 κατά
2175 1235 2271 1304 τὴν
2295 1236 2574 1307 προφοράν
2591 1253 2604 1266 ο
2626 1237 2735 1306 ἔχει
2752 1236 2807 1288 δὲ
2827 1235 3024 1297 πολλάς
3047 1235 3271 1297 ἐννοίας.
3302 1236 3454 1287 Ἔστι
3481 1235 3587 1303 γάρ

2016 1322 2109 1375 καὶ
2138 1322 2275 1393 καλὴ
2307 1322 2671 1393 αἰχμαλωσία,
2697 1322 2770 1386 ώς
2795 1323 2920 1375 ὅταν
2951 1323 3085 1393 λέγῃ
3116 1322 3344 1384 Παῦλος,
3370 1321 3586 1390 Αίχμιιι-

2013 1407 2358 1475 νιωτίζοντες
2381 1407 2505 1463 πᾶν
2523 1409 2717 1477 νόημα
2743 1407 2833 1474 είς
2850 1409 3128 1474 Χριστόν·
3148 1407 3262 1459 ἐστι
3288 1406 3382 1460 καὶ
3416 1406 3584 1475 κακὴ,

2015 1496 2090 1558 ὡς
2126 1496 2252 1548 ὅταν
2280 1495 2445 1569 λέγῃ·
2482 1496 3039 1565 Αἰχμαλωτεύοντες
3098 1493 3448 1565 γυναικάρια
3484 1512 3587 1547 σε⁴

2014 1581 2361 1651 σωρευμένα
2417 1584 2742 1651 ἁμαρτίαις.
2783 1583 2967 1634 Ἔστιν
3016 1583 3049 1651 ἡ
3101 1579 3286 1651 νοητὴ,
3342 1580 3471 1650 περί
3519 1576 3587 1649 ἧς

2016 1685 2183 1740 φησι·
2237 1667 2503 1737 Κηρῦεαι
2558 1667 2951 1736 αἰχμαλώτοις
3012 1666 3251 1734 ἄφεσιν.
3316 1668 3500 1719 Ἔστιν
3552 1669 3585 1736 ἠ

2014 1756 2265 1828 αἰσθητὴ,
2301 1757 2332 1826 ὴ
2375 1755 2525 1825 παρά
2568 1753 2675 1807 τὼν
2720 1753 3013 1824 πολεμίων.
3060 1753 3431 1824 Χαλεπωτέρα
3467 1755 3522 1807 δέ
3550 1759 3582 1825 ή

2016 1842 2275 1913 προτέρα.
2306 1844 2368 1895 Οί
2396 1842 2493 1910 μὲν
2526 1840 2636 1912 γὰρ
2666 1841 2814 1911 νόμῳ
2854 1840 3098 1910 πολέμου.
3132 1841 3283 1903 τινας
3312 1840 3584 1904 λαϐόντες,

2017 1931 2108 1982 καὶ
2139 1929 2409 1998 φείδονται
2461 1928 2719 1992 πολλάκις
2766 1927 2873 1981 τῶν
2921 1928 3295 1998 εἰλημμένων·
3337 1927 3437 1982 κᾶν
3468 1930 3587 1981 ἐπι-

2013 2015 2216 2081 τάζωσι
2271 2016 2606 2085 ὑδροφορεῖν,
2672 2014 3019 2081 ξυλοκοπείν,
3072 2015 3177 2069 καὶ,
3218 2016 3586 2087 ίπποφορὸοὑς

2016 2105 2310 2174 ποιήσωσιν
2342 2115 2388 2167 ο,
2422 2104 2571 2156 οὐδὲν
2597 2105 2677 2166 εἰς
2705 2104 2804 2175 τὴν
2829 2103 3003 2174 ψυχὴν
3031 2102 3389 2173 παρέὁλαψαν
3412 2120 3423 2131 ·
3459 2105 3487 2156 ό
3528 2103 3586 2156 δὲ

2016 2191 2119 2244 ὑπὸ
2157 2190 2255 2261 τῆς
2284 2190 2558 2261 ἁμαρτίας
2588 2189 2812 2259 ληφθεὶς
2853 2189 3214 2260 αἰχμάλωτος,
3254 2189 3444 2260 ἀφειδῆ
3492 2190 3585 2242 καὶ

2018 2277 2288 2348 βάρδαρον
2316 2277 2598 2330 δέσποιναν
2630 2278 2841 2339 κτᾶται,
2873 2279 2952 2339 είς
2990 2277 3056 2331 τὰ
3096 2276 3397 2347 ἀτιμότατα
3422 2276 3585 2329 αὑτὸν

2014 2366 2121 2418 τῶν
2142 2364 2317 2436 ἔργων
2343 2364 2775 2435 καταφέρουσαν.
2802 2363 2873 2415 Οὐ
2895 2366 3002 2431 γὰρ
3018 2359 3125 2415 οἶδε
3151 2362 3445 2432 φείδεσθαι,
3467 2362 3584 2416 οὐδὲ

2016 2452 2183 2504 ἐλεεῖν
2204 2450 2341 2523 αὕτη
2364 2454 2399 2521 ἡ
2418 2452 2690 2523 τυραννίς.
2719 2451 2983 2503 ’Ἄκουσον
3011 2449 3139 2517 γοῦν
3161 2450 3274 2512 πῶς
3297 2450 3384 2503 τὸν
3404 2449 3584 2504 ἄθλιον

2015 2540 2110 2592 καὶ
2160 2539 2501 2610 ταλαίπωρον
2554 2538 2750 2592 Ἰούδαν
2800 2536 3038 2590 λαϐοῦσα
3092 2536 3432 2607 αΞχμάλωτον
3486 2539 3585 2591 οὐκ

2017 2626 2289 2694 ἐφείσατο,
2339 2626 2452 2678 ἀλλ’
2491 2626 2742 2695 ἐποίησεν
2790 2622 3081 2693 ἱερόσυλον,
3135 2624 3434 2694 προδότην,
3491 2626 3584 2679 καὶ

2020 2712 2155 2783 μετὰ
2182 2712 2240 2764 τὸ
2268 2712 2364 2784 τὴν
2392 2713 2661 2789 ἁμαρτίαν
2700 2711 2718 2750 τ
2750 2713 2963 2775 ἀνῦσαι,
3000 2713 3077 2773 εἰς
3102 2710 3161 2763 τὸ
3184 2710 3405 2783 θέατρον
3424 2711 3583 2765 αὑτὸν

2016 2800 2188 2870 ἤγαγε
2220 2799 2328 2852 τῶν
2362 2798 2648 2860 Ἰουδαίων,
2688 2799 2780 2851 καί.
2818 2797 3130 2866 ἀπεκάλυψε
3170 2797 3230 2851 τὸ
3261 2797 3583 2869 πλημμέληο

2020 2904 2114 2956 μα,
2145 2886 2235 2939 καὶ
2267 2886 2387 2939 οὑδέ
2425 2885 2598 2948 οὑτως
2644 2885 2821 2955 ἀφῆκε
2859 2883 3244 2956 καρπώσασθαι
3284 2886 3345 2939 τὸ
3388 2888 3450 2938 ἐκ
3485 2887 3584 2952 τῆς

2020 2975 2304 3045 μετανοίας
2339 2973 2548 3047 κέρδος,
2576 2972 2711 3026 ἀλλὰ
2732 2975 3092 3044 προαπήγαγε
3130 2978 3227 3045 τῆς
3276 2974 3581 3045 μετανοίας,

2016 3062 2110 3115 ἐπὶ
2158 3062 2348 3133 βρόχον
2393 3061 2690 3130 ἀγαγοῦσα.
2732 3062 3003 3133 Τύραννος
3049 3062 3157 3133 γάρ
3202 3065 3315 3117 ἐστι
3349 3063 3581 3135 χαλεπὴ,

2017 3149 2228 3220 πονηρά
2256 3150 2617 3203 ἐπιτάττουσα
2648 3150 3011 3220 ἐπιτάγματα,
3040 3152 3129 3203 καὶ
3154 3150 3583 3221 καταισχύνουσα

2016 3237 2141 3299 τοὺς
2180 3234 2570 3298 ὑπακούοντας.
2609 3236 2720 3299 Διὸ,
2752 3236 3071 3307 παρακαλῶ,
3116 3236 3403 3308 φεύγωμεν
3449 3237 3585 3308 μετά

2021 3324 2218 3394 πολλῆς
2250 3324 2349 3392 τῆς
2389 3325 2621 3394 σπουδῆς
2660 3323 2757 3396 τὴν
2794 3325 3110 3379 δεσποτείαν
3146 3326 3334 3395 αὐτῆς,
3358 3326 3450 3379 καὶ
3488 3343 3585 3380 πο-

2016 3411 2271 3482 λεμῶμεν
2308 3412 2467 3483 αὑτῇ,
2494 3414 2587 3466 καὶ
2633 3412 2900 3483 μηδέποτε
2936 3412 3446 3485 καταλλαττώμεθα,
3490 3415 3585 3468 καὶ

2017 3499 2468 3570 ἐλευθερωθέντες
2497 3500 2747 3570 μένωμεν
2780 3501 2872 3552 ἐπὶ
2901 3502 3001 3571 τῆς
3038 3500 3366 3572 ἐλευθερίας.
3393 3500 3455 3554 Εἰ
3477 3502 3585 3573 γὰρ

2016 3580 2160 3640 οὗτοι
2191 3586 2479 3657 βαρϐάρων
2512 3588 2913 3656 ἀπαλλαγέντες
2949 3587 3198 3656 ἐγένοντο
3235 3590 3585 3660 παρακεκλη-

2020 3676 2188 3746 μένοι,
2230 3676 2409 3746 πολλῷ
2457 3676 2654 3747 μᾶλλον
2699 3678 2848 3748 ἡμᾶς
2890 3678 3163 3748 ἁμαρτίας
3196 3677 3585 3748 ἐλευθερωθέν-

2016 3780 2114 3827 τας
2139 3762 2345 3834 χαίρειν
2366 3763 2558 3818 δεῖκαὶ
2584 3765 2828 3835 σκιρτᾷ-ι,
2852 3765 2946 3817 καὶ
2965 3764 3231 3818 ἀθάνατον
3256 3766 3457 3837 ταύτην
3479 3767 3586 3819 δια-

2015 3853 2202 3921 τηρεῖν
2231 3850 2327 3920 τὴν
2348 3850 2560 3922 ἡδονὴν,
2589 3850 2724 3904 ἀλλά
2758 3852 2832 3923 μὴ
2859 3851 3213 3921 λυμαίνεσθαι
3248 3853 3380 3925 μηδέ
3401 3854 3584 3909 θολοῦν

2016 3938 2184 4009 αὐτὴν
2214 3938 2371 3992 πάλιν
2404 3941 2514 4001 τοῖς
2543 3940 2724 4001 αὑτοῖς
2748 3939 3159 4009 ἐπιχειροῦντας
3186 3944 3392 4004 κακοῖς.
3429 3942 3586 4010 Ἐγε-

2015 4024 2281 4093 νήθημεν
2304 4024 2448 4077 ὡσεί
2486 4024 3023 4095 παρακεκλημένοι.
3052 4025 3221 4078 Τοῦτο
3248 4027 3344 4095 μὲν
3368 4028 3417 4080 οί
3438 4027 3584 4081 ἄλλοι

2018 4114 2346 4184 ἐρμηνευταί
2401 4130 2597 4183 φασιν·
2650 4115 2802 4167 Ὠσεί
2863 4114 3369 4183 ἐνυπνιαζόμενοι.
3421 4117 3477 4170 '0
3528 4118 3582 4170 δὲ

2027 4193 2295 4271 Ἐϐραῖος,
2340 4199 2676 4269 Χαωνίεμίμ.
2698 4199 2763 4253 Τί
2792 4200 2849 4253 δέ
2872 4201 3009 4263 ἐστι,
3031 4202 3583 4273 Παρακεκλημένοκ

2032 4287 2412 4350 Ἀναπαύσεως
2446 4286 2813 4358 ἐπλήσθημεν,
2844 4287 3028 4357 φησὶν,
3062 4289 3419 4359 εὐφροσύνης,
3461 4291 3583 4361 ἡδο-

2018 4375 2131 4446 νῆς.
2162 4377 2298 4428 Τότε
2324 4375 2399 4426 ἐπ
2416 4373 2600 4443 λήσθη
2648 4372 2835 4442 χαρᾶς
2871 4373 2937 4425 τὸ
2967 4375 3159 4443 στόμα
3198 4373 3383 4444 ήμῶν,
3418 4377 3514 4431 καὶ
3548 4380 3584 4447 ἠ

2016 4460 2268 4531 γλῶσσα
2320 4460 2490 4530 ἡμῶν
2542 4459 2975 4529 ἀγαλλιάσεως.
3041 4462 3175 4516 Τότε
3221 4463 3469 4531 ἐροῦσιν
3518 4466 3588 4520 ἐν

2017 4549 2141 4616 τοῖς
2194 4549 2454 4609 ἔθνεσιν,
2485 4546 2851 4619 Ἐμεγτίλυνε
2898 4551 3113 4616 Κύριος
3176 4552 3283 4606 τοῦ
3338 4552 3586 4622 ποιῆσαι

2010 4634 2162 4703 μετὰ
2211 4632 2429 4690 αὐτῶν.
2489 4634 2848 4704 Ἐμενάλυνε
2904 4638 3115 4706 Κύριος
3172 4639 3276 4693 τοῦ
3339 4640 3586 4709 ποιῆσαι

2013 4722 2141 4791 μεθ’
2174 4720 2361 4792 ἡμῶν.
2399 4722 2472 4777 Οὐ
2511 4722 2685 4794 μικρά
2725 4723 2971 4779 συντελεῖ
3002 4724 3139 4792 πρὸς
3183 4725 3373 4795 βελτίω
3425 4746 3585 4795 μετα-

2017 4810 2179 4881 ϐολὴν
2204 4810 2266 4863 τὸ
2294 4810 2502 4882 χαίρειν
2528 4812 2620 4864 ἐπὶ
2644 4814 2710 4883 τῇ
2748 4812 3029 4883 ἀπαλλαγῇ
3057 4813 3158 4883 τῆς
3188 4815 3580 4886 αίχμαλωσίας.

2018 4899 2127 4953 Καὶ
2155 4899 2236 4963 τίς
2262 4901 2324 4952 οὐ
2355 4900 2556 4971 χαίρει,
2583 4902 2766 4972 φησὶν,
2803 4902 2897 4954 ἐπὶ
2929 4902 3136 4973 τούτῳ;
3169 4905 3232 4956 Οἱ
3276 4904 3509 4973 πατέρες
3534 4905 3584 4957 οἰ

2016 4986 2239 5051 τούτων,
2264 4986 2352 5039 ὅτε
2399 4987 2791 5058 ἀπηλλάγησαν
2816 4991 2914 5059 τῆς
2941 4988 3240 5057 Αἰγύπτου,
3276 4990 3369 5042 καὶ
3397 4990 3585 5058 ἐκτῆς

2015 5072 2255 5136 δουλείας
2293 5072 2506 5144 ἐκείνης
2560 5074 2696 5143 πρὸς
2733 5075 3042 5145 ἐλευθερίαν
3085 5078 3439 5145 μετέστησαν,
3481 5076 3585 5128 ὑπὸ

2017 5160 2250 5230 ἐσχάτης
2285 5161 2676 5231 ἀγνωμοσύνης
2706 5162 2763 5212 ἐν
2792 5161 2972 5223 αὑτοῖς
2994 5160 3141 5232 [555]
3163 5161 3455 5229 ἐγόγγυζον
3474 5164 3586 5225 τοῖς

2016 5246 2259 5314 ἀγαθοῖς,
2292 5247 2692 5318 ἐδυσχέραινον,
2723 5247 3092 5317 ἐχαλέπαινον,
3129 5246 3382 5310 ἀλύοντες
3419 5247 3587 5301 διετέ-

2016 5332 2161 5386 λουν.
2196 5332 2335 5384 Ἀλλ’
2379 5336 2477 5401 οὑχ
2529 5335 2703 5402 ἡμεῖς,
2759 5332 2963 5400 φησίν⁹
2996 5332 3131 5385 ἀλλὰ
3185 5332 3448 5403 χαίρομεν
3493 5336 3588 5389 καί.

2020 5420 2347 5490 σκιρτῶμεν.
2396 5408 2627 5491 Λέγουσι
2675 5418 2732 5471 δέ
2774 5422 2867 5472 καὶ
2909 5418 3008 5488 τὴν
3048 5420 3225 5473 αἰτίαν
3252 5420 3352 5490 τῆς
3392 5424 3582 5495 χαρᾶς.

2015 5508 2088 5559 Οὐ
2123 5505 2300 5576 μόνον,
2326 5505 2489 5573 φησὶ,
2515 5504 2604 5557 διά
2634 5504 2731 5573 τὴν
2765 5504 3082 5575 ἀπαλλαγὴν
3112 5505 3222 5560 τῶν
3249 5507 3436 5563 δεινῶν
3460 5510 3586 5581 χαί-

2083 5668 2105 5735 ς
2126 5650 2442 5735 {Sic-ploret,
2457 5662 2516 5710 Sa
2528 5661 2719 5735 νὶἰριάν
2738 5660 2999 5735 ὑποφόρους
3016 5665 3296 5735 ποιήσωσιν.

2085 5723 2102 5762 ί
2125 5725 2273 5774 SaVil.
2300 5724 2547 5787 προδότην.
2575 5723 2691 5772 Εἶτα
2719 5724 2833 5785 μιτὰ
2855 5723 2909 5771 τὸ
2926 5725 3009 5783 τὴν
3030 5727 3273 5790 ἁμαρτίαν,
3304 5733 3398 5778 etc.
