4018 6268
459 357 557 416 561

459 485 648 545 ρομεν,
699 465 813 520 ἀλλ’
847 464 928 518 ὅτι
980 464 1071 517 καῖ
1116 465 1359 520 ἐντεῦθεν
1404 466 1605 528 πάντες
1655 464 1887 545 εἴσονται
1934 460 2027 545 τοῦ

354 546 367 569 ί
456 543 592 606 Θεοῦ
622 549 722 620 τὴν
749 546 1003 619 πρόνοιαν
1033 546 1133 617 τὴν
1160 549 1288 617 περὶ
1316 549 1482 617 ἡμᾶς.
1522 546 1663 600 Τότε
1685 544 1815 617 γὰρ,
1846 543 2029 614 φησὶν,

455 633 702 703 ἐροῦσιν
730 632 800 684 ἐν
842 629 966 695 τοῖς
1005 629 1635 699 ἐθνεσιν,Ἐμεγάλυνε
1680 628 1893 694 Κύριος
1925 627 2032 679 τοῦ

456 710 709 782 ποίῆσαι
746 714 875 782 μετ’
933 711 1150 767 αὐτῶν.
1212 712 1575 783 Ἐμεγάλυνε
1645 712 1858 778 Κύριος
1926 708 2033 765 τοῦ

456 797 702 865 ποιῆσαι
752 796 880 866 μεθ’
934 796 1122 864 ἡμῶν.
1177 797 1290 866 Οὐχ
1335 795 1521 858 ἁπλῶς
1567 796 1595 847 0
1640 793 2034 864 διπλασιασμὸς

457 882 742 952 πρόκειται
767 889 808 946 ⁸,
852 878 967 932 ἀλλ’
998 879 1161 933 ἓνεκα
1183 879 1274 932 τοῦ
1309 879 1548 949 ἐμφῆναι
1580 879 1679 949 τὴν
1706 878 1903 948 πολλὴν
1934 879 2034 930 αὑ-

455 965 565 1018 τῶν
602 965 668 1036 ἡν
716 962 871 1033 ἔσχον
909 963 1099 1033 χαράν.
1155 962 1228 1014 Τὸ
1278 962 1377 1031 μὲν
1405 965 1513 1033 γὰρ
1554 960 1662 1014 τῶν
1702 961 1868 1015 ἐθνῶν
1918 962 2034 1013 ἐστι

461 1050 632 1119 ῥῆμα,
660 1046 721 1099 τὸ
755 1045 812 1098 δὲ
845 1045 1024 1099 αὐτῶν
1058 1045 1238 1098 πάλιν.
1269 1045 1379 1099 Καὶ
1410 1046 1531 1116 ὅρα.
1560 1044 1674 1097 Οὐκ
1704 1040 1875 1109 εἷπον,
1902 1044 2036 1096 ἔσω-

458 1148 551 1183 σεν
574 1130 719 1200 ἡμᾶς
739 1147 752 1159 ·
793 1128 935 1193 οὐδὲ,
965 1128 1273 1198 ἀπήλλαξεν
1295 1130 1443 1198 ἡμᾶς
1463 1146 1474 1158 ·
1504 1127 1639 1193 ἀλλ’,
1657 1126 2033 1198 Ἑμεγάλυνε,

455 1211 518 1266 τὸ
546 1209 846 1281 παράδοξον
879 1210 939 1264 τὸ
973 1209 1249 1282 θαύματος
1288 1211 1456 1281 γέμον
1502 1210 1589 1264 διὰ
1621 1210 1722 1280 τῆς
1763 1226 2037 1281 προσηγο-

461 1294 582 1365 ρίας
606 1292 699 1347 τοῦ
753 1292 1049 1364 μεγαλῦναι
1095 1293 1445 1364 παραστῆσαι
1480 1292 1813 1363 βουλόμενοι.
1850 1293 2032 1362 Ὁρᾷς,

457 1378 540 1431 ὅτι
566 1376 700 1446 ὅπερ
729 1374 969 1444 συνεχῶς
1004 1376 1031 1414 b
1064 1374 1267 1441 ἔλεγον,
1306 1373 1395 1427 διά
1433 1375 1525 1428 τοῦ
1567 1374 1751 1438 ἔθνους
1781 1373 1968 1426 τούτου
2001 1374 2034 1443 ἡ

457 1458 750 1529 οἰκουμένη
779 1457 1123 1522 ἐπαιδεύετο,
1180 1457 1274 1510 καὶ
1323 1457 1687 1526 ἀπαγομένων
1720 1456 1899 1509 αὐτῶν
1942 1456 2037 1510 καὶ

460 1540 913 1610 ἐπαναγομένων;
960 1540 1023 1592 Ἡ
1076 1541 1184 1610 γὰρ
1226 1540 1409 1603 ἄνοδος
1455 1540 1575 1593 ἀντί
1621 1540 1863 1609 κήρυκος
1917 1537 2038 1606 ἐγέ-

458 1640 597 1678 νετο.
626 1623 734 1676 Καὶ
761 1621 869 1693 γὰρ
897 1622 1076 1676 αὐτῶν
1102 1625 1135 1693 ἡ
1165 1624 1236 1691 φή
1248 1640 1320 1692 μη
1355 1622 1571 1693 περιῄει
1605 1620 1900 1691 πανταχοῦ,
1938 1637 2038 1672 κα-

462 1705 685 1775 τάδηλον
722 1705 856 1757 πᾶσι
888 1704 1116 1758 ποιοῦσα
1144 1705 1242 1774 τὴν
1283 1704 1375 1757 τοῦ
1420 1703 1554 1756 Θεοῦ
1596 1701 2033 1772 φιλανθρωπίαν·

459 1788 540 1840 ὅτι
581 1786 791 1857 μεγάλα
834 1787 928 1839 καὶ
966 1785 1242 1856 παράδοξα
1269 1786 1344 1849 ώς
1386 1785 1601 1856 ἀληθῶς
1633 1781 1773 1856 ἦσαν
1800 1784 1868 1837 τὰ
1912 1783 2039 1855 περὶ

461 1873 659 1931 αὐτοὺς
699 1869 1043 1940 γεγενημένα
1082 1868 1355 1938 θαύματα.
1389 1870 1560 1931 Αὐτὸς
1608 1868 1716 1938 γὰρ
1771 1868 1966 1929 αὐτοὺς
2012 1869 2040 1919 0

462 1953 708 2022 κατέχων
756 1950 939 2020 Κῦρος
971 1951 1203 2020 ἀφῆκεν.
1234 1951 1447 2015 οὐδενὸς
1494 1950 1775 2020 δεηθέντος
1809 1961 1858 2013 ο,
1907 1948 2040 2002 ἀλλὰ

461 2035 556 2088 τοῦ
588 2034 725 2087 Θεοῦ
758 2033 857 2103 τὴν
898 2033 1105 2086 ἐκείνου
1133 2033 1370 2087 διάνοιαν
1406 2033 1775 2104 μαλάξαντος·
1817 2032 1909 2085 καὶ⁸
1942 2032 2041 2085 οὐκ

462 2118 673 2188 ἀφῆκεν
717 2116 925 2181 ἁπλῶς,
957 2115 1091 2169 ἀλλά
1138 2118 1232 2169 καὶ
1276 2117 1415 2187 μετά
1460 2116 1649 2188 δώρων
1695 2117 1790 2170 καὶ
1830 2115 2035 2180 ξενίων.

475 2200 868 2270 Ἐγενήθημεν
903 2200 1806 2269 εὐρραινόμενοι.Ἐπίστρεψ-ον,
1843 2201 2039 2268 Κύριε,

461 2284 579 2351 τὴν
610 2283 1031 2352 αἰχμαλωσίαν
1073 2282 1263 2351 ἡμῶν,
1316 2283 1395 2348 ὡς
1445 2281 1802 2351 χειμάρρους
1851 2282 1921 2335 ἐν
1963 2281 2043 2346 τῷ

460 2369 634 2432 νότῳ.
668 2366 794 2427 Πῶς
821 2365 1123 2437 ἀρχόμενος
1148 2364 1240 2417 τοῦ
1274 2364 1512 2435 ψαλμοῦ,
1552 2365 1646 2417 Ἐν
1670 2363 1750 2429 τῷ
1778 2363 2042 2432 ἐπιστρέ-

462 2453 574 2518 ψαι
624 2449 843 2516 Κύριον
886 2447 1002 2514 τὴν
1031 2448 1447 2516 αίχμαλωσίαν
1494 2446 1666 2509 Σιὼν,
1711 2442 1899 2499 εἶπεν·
1958 2447 2042 2497 0v-

462 2532 640 2585 ταῦθα
675 2531 754 2594 δὲ,
786 2530 1231 2598 Ἐπίστρεψον;
1272 2529 1361 2592 Ὠς
1395 2530 1524 2601 περὶ
1560 2530 1841 2600 μέλλοντος
1862 2528 1890 2568 ἀ
1913 2528 2043 2582 δια-

464 2614 776 2684 λεγόμενος.
831 2611 1079 2666 Μάλιστα
1137 2613 1244 2682 γάρ
1275 2616 1303 2666 ὁ
1347 2614 1533 2682 ἔτερος
1590 2612 1926 2684 ἑρμηνευτὴς
1964 2613 2043 2674 είς

462 2696 621 2753 τοῦτο
663 2697 811 2767 ἡμᾶς
862 2696 1145 2767 προσάγει,
1169 2697 1268 2749 οὐκ
1311 2696 1502 2759 είπὼν,
1545 2697 1643 2750 Ἑν
1669 2694 1748 2761 τῷ
1774 2693 2045 2762 ἐπιστρέ-

461 2783 576 2850 ψαι
600 2796 612 2810 ⁸
655 2777 790 2843 ἀλλ’,
823 2778 1001 2833 Ὅταν
1045 2779 1420 2847 ἐπιστρέψῃ·
1477 2780 1560 2832 ὅτι
1606 2778 1779 2851 ἀρχὴν
1822 2778 1943 2831 τότε
1984 2777 2044 2830 τὸ

465 2862 697 2933 πρᾶγμα
744 2860 1068 2932 ἐλάμϐανεν,
1116 2861 1211 2915 καὶ
1255 2861 1354 2915 οὑκ
1403 2863 1459 2913 ἐν
1497 2861 1799 2931 προοιμίοις
1830 2860 1891 2913 τὸ
1939 2861 2043 2914 πᾶν

465 2941 830 3013 κατωρθώθη,
881 2942 1016 2996 ἀλλά
1067 2942 1260 2995 πολλαὶ
1301 2943 1588 3009 γεγόνασιν
1623 2943 1800 2995 αὑτῶν
1845 2942 2046 2995 ἀναϐά-

466 3043 581 3089 σεις
598 3042 612 3055 ·
645 3025 739 3078 καὶ
766 3024 875 3095 γὰρ
902 3022 1113 3097 πρώτη,
1144 3024 1236 3076 καὶ
1264 3023 1511 3095 δευτέρα,
1538 3024 1631 3077 καὶ
1655 3023 1811 3094 τρίτη
1832 3024 2042 3092 γέγονε.

539 3107 605 3177 β’.
628 3106 798 3171 Τοῦτο
817 3103 908 3160 οῦν
934 3106 1080 3158 ἐστιν
1111 3107 1284 3158 εἰπεῖν
1301 3123 1314 3136 ·
1344 3107 1376 3176 ῆ
1417 3108 1499 3159 ὅτι
1520 3105 1737 3176 εὔχεται
1758 3106 2045 3176 ὁλόκληρον

469 3188 718 3256 γενέσθαι
747 3188 844 3258 τὴν
878 3187 1221 3258 ἀπαλλαγήν.
1261 3189 1368 3242 Καὶ
1400 3189 1509 3260 γὰρ
1549 3189 1734 3242 πολλοὶ
1766 3189 1875 3242 τῶν
1913 3190 2046 3242 Ἰου-

464 3270 629 3324 δαίων
668 3272 1021 3339 ἐναπομεῖναι
1073 3269 1353 3324 ἐϐούλοντο
1388 3274 1454 3341 τῇ
1508 3270 1660 3341 χώρᾳ
1702 3262 1815 3323 ’τῶν
1844 3270 2048 3344 βαρϐἀο

470 3369 578 3421 ρων
612 3366 631 3386 ε
667 3367 680 3380 ·
727 3351 806 3404 διὸ
833 3353 926 3405 καὶ
965 3352 1082 3423 μετ’
1123 3353 1426 3416 ἐπιτάσεως
1466 3353 1624 3406 τοῦτο
1661 3353 1912 3422 γενέσθαι
1950 3370 2048 3407 πο-

468 3434 601 3497 θῶν,
634 3436 818 3503 φησίν·
848 3436 1245 3503 Ἐπίστρεψον
1264 3436 1378 3503 τὴν
1407 3437 1824 3506 αἰχμαλωσίαν
1857 3436 2045 3507 ἡμῶν,

467 3518 548 3582 ὠς
577 3515 934 3584 χειμάρρους
961 3517 1030 3569 ὲν
1056 3516 1135 3581 τῷ
1161 3518 1343 3584 νότῳ·
1385 3519 1655 3582 τουτέστι,
1686 3519 1820 3588 μετά
1849 3519 2047 3589 πολλῆς

467 3599 567 3669 τῆς
595 3598 793 3669 ῥύμης,
834 3599 969 3669 μετᾶ
1010 3600 1211 3669 πολλῆς
1243 3601 1342 3668 τῆς
1384 3601 1742 3672 σφοδρότητος
1764 3601 1921 3654 ὠθῶν
1953 3603 2049 3654 καὶ

467 3682 828 3750 κατεπείγων.
852 3682 942 3736 Διὸ
963 3683 1055 3735 καὶ
1080 3683 1262 3754 ἔτερος
1283 3684 1623 3754 ἑρμηνευτὴς
1651 3684 1713 3736 τὸ
1741 3684 1872 3736 αὐτὸ
1890 3684 2049 3737 τοῦτο

465 3765 663 3837 δηλῶν,
697 3767 793 3831 Ὠς
821 3766 1194 3837 καταρρο-ίας,
1221 3763 1618 3830 εἷπεν.“Αλλος,
1649 3767 1746 3830 Ὠς
1777 3768 2045 3835 ὀχετούς.

472 3835 686 3910 Ἀλλος,
717 3847 813 3913 Ὠς
838 3835 1110 3916 ἀφέσειξσ.
1149 3851 1213 3902 Ol
1256 3849 1612 3917 σπείροντες
1644 3848 1713 3902 ἐν
1752 3848 2050 3918 δάκρυσιν

465 3932 536 3985 ἐν
569 3928 927 3999 ἀγαλλιάσει
964 3930 1249 3998 θεριοῦσι.
1287 3932 1456 3985 Τοῦτο
1508 3932 1723 4003 εἴρηται
1781 3932 1879 4002 μὲν
1923 3932 2054 4003 περὶ

464 4010 577 4068 τῶν
607 4011 896 4076 Ἰουδαίων,
931 4011 1201 4084 πολλαχοῦ
1233 4013 1277 4066 δ’
1302 4014 1369 4067 ἂν
1398 4014 1510 4085 ἔχοι
1538 4013 1723 4085 χώραν
1752 4015 1847 4068 καὶ
1885 4013 2051 4069 ἀλλα-

467 4093 565 4166 χοῦ
594 4093 867 4163 λέγεσθαι.
918 4095 1169 4151 Τοιοῦτον
1216 4095 1323 4170 γὰρ
1368 4099 1400 4166 ἡ
1455 4097 1622 4167 ἀρετὴ
1651 4113 1665 4126 ⁸
1709 4097 1818 4149 τῶν
1873 4097 2050 4150 πόνων

465 4178 727 4250 λαμπρὰς
753 4177 862 4248 ἔχει
890 4178 986 4241 τὰς
1024 4178 1259 4249 ἀμοιϐάς
1281 4196 1293 4209 ·
1344 4180 1438 4232 καὶ
1487 4180 1567 4233 δεῖ
1601 4181 1751 4249 ἡμᾶς
1790 4180 2051 4251 πρότερον

468 4261 699 4330 κάμνειν
725 4261 819 4313 καὶ
851 4260 1337 4332 ταλαιπωρεῖσθαι,
1372 4263 1466 4316 καὶ
1497 4262 1619 4314 τότε
1644 4262 1826 4329 ζητεῖν
1846 4262 2046 4316 ἀνεσιν.

468 4343 642 4402 Τοῦτο
666 4344 775 4419 γάρ
814 4345 1089 4415 πανταχοῦ
1118 4346 1210 4398 καὶ
1231 4348 1288 4398 ἐν
1313 4347 1424 4408 τοῖς
1465 4344 1735 4415 βιωτικοῖς
1759 4343 2049 4414 συμϐαῖνον

471 4426 570 4481 ῐδοι
595 4442 678 4490 τις
708 4427 793 4481 ἀν.
826 4426 927 4480 Διά
966 4426 1120 4498 [554]
1159 4426 1223 4499 δὴ
1253 4427 1411 4481 τοῦτο
1441 4428 1533 4479 καὶ
1564 4427 1725 4491 αὐτὸς
1759 4428 1850 4480 ἐπὶ
1879 4426 2049 4481 ταῦτα

468 4509 561 4563 τὸν
602 4508 761 4578 λόγον
807 4510 1037 4579 ἤγαγεν,
1098 4510 1190 4562 ἐπὶ
1222 4510 1423 4581 σπόρον
1467 4508 1630 4578 λέγω,
1669 4511 1765 4564 καὶ
1817 4511 2046 4581 ἀμητόν.

470 4590 683 4663 Ὠσπερ
719 4591 827 4665 γὰρ
864 4593 893 4643 0
934 4591 1171 4662 σπείρων
1205 4592 1368 4645 πόνου
1414 4591 1604 4652 δεῖται,
1647 4594 1741 4645 καὶ
1779 4593 2051 4647 ταλαιπω-

474 4673 617 4743 ρίας,
657 4672 752 4726 καὶ
781 4672 1039 4743 ἱδρώτων,
1068 4673 1164 4725 καὶ
1194 4673 1459 4743 χειμῶνος
1479 4688 1493 4703 ·
1526 4673 1700 4737 οὕτως
1733 4677 1762 4728 ὁ
1806 4674 1904 4748 τὴν
1924 4677 2023 4746 ἀρε
2042 4707 2053 4717 υ

469 4754 569 4826 τὴν
606 4753 824 4825 μετιών.
870 4755 1034 4808 Οὐδὲν
1076 4754 1185 4825 γὰρ
1214 4754 1357 4808 οὕτω
1398 4755 1534 4827 πρὸς
1566 4759 1748 4812 ἄνεσιν
1777 4758 2049 4829 ἄχρηστον

468 4839 547 4902 ὡς
576 4837 880 4909 ἄνθρωπος.
902 4837 1001 4890 Διά
1033 4837 1098 4907 δὴ
1140 4836 1300 4889 τοῦτο
1330 4838 1521 4908 στενὴν
1559 4840 1651 4892 καὶ
1688 4839 2049 4910 τεθλιμμένην

469 4920 725 4990 ἐποίησεν
761 4922 879 4975 ὁδὸν
919 4919 939 4959 ί
974 4923 1002 4974 0
1028 4920 1177 4982 Θεός.
1204 4918 1425 4972 Μᾶλλον
1446 4920 1502 4972 δὲ
1534 4920 1595 4974 ού
1623 4921 1692 4974 τά
1731 4921 1829 4990 τῆς
1852 4925 2049 4994 ἀρετῆς

471 5004 654 5076 μόνον,
670 5004 809 5059 ἀλλά
832 5004 1012 5059 καὶτὰ
1034 5003 1262 5074 βιωτικά
1284 5004 1586 5078 πράγματα
1608 5006 1840 5060 ἐπίπονα
1857 5024 2049 5061 κατεσ-
2106 5046 2123 5060 κ

532 5152 561 5219 _‘
586 5153 728 5219 Alips
751 5154 1063 5219 Δπρόσκειται.
1092 5152 1246 5201 Paulo
1270 5155 1385 5201 ante
1412 5150 1562 5201 verba
1606 5153 1916 5214 ἐμεγάλυνε...
1965 5155 2047 5203 αῦο

472 5215 572 5263 τῶν
595 5227 625 5264 e
652 5213 833 5265 Savilib
860 5213 1093 5264 reslitula
1114 5221 1246 5262 sunt.

527 5275 558 5341 ιδ
578 5277 789 5341 Σψεχῶς
813 5278 957 5341 deest
978 5275 1027 5324 in
1052 5281 1192 5341 le_x_lu
1227 5275 1413 5341 Savilij.‘

532 5339 557 5369 °
584 5334 1531 5401 Αιίἱόὐδενὸςπαρακαλέσαντος,οὐδενὸς
1554 5336 1807 5393 δεηθέντος.
1825 5334 1946 5385 lniis
1960 5351 2049 5401 gu-

469 5399 691 5461 temquae
713 5399 997 5461 praecedunt
1020 5404 1074 5447 et
1098 5405 1524 5461 (ιυιεειριιυιιοιιιτ,
1538 5410 1709 5457 magna
1725 5406 1777 5461 ει
1798 5400 2047 5458 superﬂna

470 5458 684 5519 vatietas
703 5458 996 5509 0bservalur
1020 5461 1067 5508 in
1093 5458 1193 5508 u'no
1212 5458 1368 5519 Regio
1402 5473 1511 5508 cum
1536 5461 1728 5507 mendis
1753 5460 2044 5507 innumeris.

533 5514 564 5556 δ
765 5521 1065 5583 ἐπίστρεψον,
1101 5521 1262 5583 Κύριε,
1283 5514 1425 5581 λέγει,
1447 5523 1512 5576 ὡς
1530 5521 1636 5583 περὶ
1656 5521 1922 5581 μέλλοντος.

538 5587 564 5643 ε
588 5578 738 5643 ἓξνίι-
760 5586 819 5640 τῇ
837 5578 1045 5642 χώρςίτῇ
1071 5578 1309 5643 βαρόἀρφο

537 5634 573 5703 ς,
589 5637 672 5685 Sic
691 5634 978 5703 οῐῃῃὶξμὶεξ
1004 5634 1101 5700 ,Ἧι
1128 5634 1197 5690 {la
1219 5634 1341 5703 I'e'gil
1382 5643 1565 5702 inm-0.
1597 5640 1715 5688 Mor.
1741 5643 2047 5703 τεθ)ιμμένην

473 5697 697 5746 θιάλεσιν
717 5698 842 5745 ὁδόν.
866 5697 1014 5748 SaViIL
1053 5697 1353 5764 τεθλιμμέῆν
1393 5697 1589 5750 ἐκάλεσε
1628 5703 1711 5758 τὴν
1744 5697 2045 5765 πρὸςαρετήν

475 5758 703 5825 φέρουσαν
721 5756 855 5815 ὀδόν,

531 5772 703 5819 ρουσαν
721 5772 855 5815 σοον,

1150 353 1208 410 S.
1249 350 1527 408 JOANNIS
1565 343 2051 404 CHRYSOSTOMI
2095 342 2413 401 ARCHIEP.
2459 340 3006 412 CONSTANTINOP.

2138 440 2359 520 κεύαῖςε,
2403 460 2497 514 καὶ
2544 457 2682 512 αὐτὰ
2709 456 2888 525 πολλῷ
2914 455 3092 508 πλέον.
3110 453 3177 508 "0
3215 470 3276 507 τε
3305 451 3414 524 γὰρ
3447 450 3708 523 σπείρων,

2132 544 2161 595 ὃ
2188 560 2247 596 τε
2277 541 2594 611 οἰκοδομῶν,
2622 542 2651 593 0
2675 540 2974 610 ὁδοιπόρος,
3024 536 3409 607 όσδρυοτόμος,
3458 536 3488 588 0
3526 551 3706 605 χειρο-

2134 627 2348 697 τέχνης,
2377 627 2485 688 πᾶς
2510 625 2816 695 ἀνθρωπος,
2840 624 2889 675 εί
2923 621 3103 692 μέλλοι
3122 639 3175 673 τι
3212 617 3560 690 καρποῦσθαι
3580 623 3712 689 χρή-

2137 726 2313 779 σιμον,
2350 708 2513 760 πόνου
2540 707 2711 760 δεῖται
2739 705 2835 759 κα)⁵
2879 703 3252 774 ταλαιπωρίας
3271 718 3285 731 ⁸
3333 701 3428 754 καὶ
3459 701 3712 770 καθάπερ

2135 793 2203 845 τὰ
2248 792 2540 863 σπέρματα
2584 790 2754 844 ὑετῶν
2781 790 2971 851 δεῖται,
3015 786 3185 850 οὕτως
3217 787 3377 856 ἡμεῖς
3420 783 3704 856 δακρύωνο

2138 875 2231 928 καὶ
2266 874 2579 946 καθάπερή
2633 873 2708 943 γῆ
2754 871 2848 926 τοῦ
2893 869 3186 942 τέμνεσθαι
3236 868 3424 937 χρείαν
3458 866 3573 937 ἔχει
3620 868 3707 921 καὶ

2139 958 2598 1028 ἀναρρήγνυσθαι,
2621 955 2763 1009 οὓτω
2788 956 2881 1009 καὶ
2904 957 2936 1025 ἡ
2960 954 3106 1025 ψυχὴ
3131 953 3250 1006 ἀντὶ
3273 951 3521 1021 δικέλλης
3544 951 3710 1004 δεῖται

2140 1039 2462 1112 πειρασμῶν
2483 1040 2577 1093 καὶ
2606 1038 2858 1108 θλίψεων,
2893 1039 2981 1092 ἵνα
3016 1039 3090 1109 μὴ
3117 1037 3258 1109 φέρῃ
3293 1035 3524 1106 βοτάνας
3559 1053 3712 1105 πονη·

2142 1125 2263 1196 ρὰς,
2321 1126 2410 1178 ἵνα
2457 1123 2518 1177 τὸ
2576 1122 2809 1193 σκληρὸν
2859 1120 3029 1190 αὐτῆς
3094 1119 3453 1191 μαλάττηται,
3506 1118 3594 1171 ἵνα
3640 1118 3710 1188 μὴ

2139 1212 2353 1283 σκιρτᾷ.
2383 1209 2492 1262 Καὶ
2520 1207 2630 1278 γὰρ
2653 1208 2746 1260 καὶ
2771 1209 2841 1277 γῆ
2879 1206 2952 1276 μὴ
2973 1204 3315 1276 ἐργαζομένη
3355 1201 3494 1272 μετὰ
3515 1202 3709 1270 πολλῆς

2136 1294 2234 1363 τῆς
2258 1291 2561 1365 ἀκριϐείας,
2584 1290 2734 1343 οὐδὲν
2754 1290 2902 1357 ὑγιὲς
2927 1288 3147 1358 ἐκφέρει
3178 1289 3224 1340 ε.
3245 1288 3310 1339 Ὀ
3336 1285 3517 1337 τοίνυν
3551 1287 3708 1355 φησὶν

2137 1379 2167 1431 0
2191 1379 2502 1450 Προφήτης,
2538 1374 2695 1427 τοῦτό
2736 1375 2908 1426 ἐστιν·
2966 1373 3047 1424 ὅτι
3092 1374 3165 1442 μὴ
3213 1371 3294 1424 δεῖ
3336 1371 3496 1435 μόνον
3523 1371 3614 1421 ἐπὶ
3643 1371 3707 1438 τῇ

2139 1463 2309 1534 ἀνόδῳ
2355 1461 2589 1532 χαίρειν,
2641 1457 2779 1510 ἀλλά
2842 1456 2936 1509 καὶ
2979 1456 3070 1508 ἐπὶ
3097 1457 3162 1524 τῇ
3205 1452 3573 1522 αἰχμαλωσίᾳ,
3617 1451 3709 1504 καὶ

2141 1547 2279 1620 ὑπὲρ
2305 1544 2627 1615 ἀμφοτέρων
2654 1541 2882 1613 χάριτας
2915 1538 2991 1609 τῷ
3022 1537 3140 1608 Θεῷ
3168 1536 3470 1620 ὁμολογεῖν.
3503 1537 3709 1620 Ἐκεῖνο

2142 1613 2259 1700 μέν’
2287 1613 2393 1698 γάρ
2442 1613 2640 1697 σπόρος
2664 1641 2678 1655 ο
2717 1623 2873 1676 τοῦτο
2916 1623 2971 1675 δὲ
3023 1619 3252 1691 ἀμητός.
3288 1620 3499 1688 ’Ὠσπερ
3527 1613 3621 1671 οῦν
3662 1619 3706 1670 οἱ

2142 1713 2473 1783 σπείροντες,
2515 1710 2671 1779 φησὶ,
2701 1709 2988 1770 πονοῦντες
3015 1706 3344 1760 ἀπολαύουσι
3375 1705 3486 1758 τῶν
3544 1720 3709 1774 προσ-

2144 1797 2278 1850 όδων
2318 1795 2459 1866 μετά
2497 1794 2699 1847 ταῦτα·
2747 1792 2888 1846 οῦτω
2914 1792 3008 1846 καὶ
3033 1792 3209 1862 ὑμεῖς,
3252 1787 3416 1860 ἡνίκα
3454 1790 3551 1859 μὲν
3571 1786 3708 1857 ἀπῄο

2140 1879 2417 1942 ειτε,τοὺς
2464 1876 2785 1947 σπείροντας
2833 1873 3139 1944 ἐμιμεῖσθε,
3182 1871 3706 1943 ταλαιπωρούμενοι,

2141 1963 2466 2033 κοπτόμενοι
2498 1962 2551 2022 ιι,
2583 1961 2909 2029 θλιϐόμενοι,
2942 1959 3031 2010 τὸν
3069 1957 3335 2028 χειμῶνα,
3363 1958 3452 2009 τὸν
3479 1957 3712 2025 πόλεμον

2141 2047 2420 2117 φέροντες,
2450 2045 2549 2116 τὴν
2589 2044 2923 2112 συννέφειαν,
2959 2039 3050 2094 τὸν
3091 2039 3319 2110 κρυμὸν,
3362 2039 3573 2111 δάκρυα
3622 2040 3713 2091 ἐκ·

2141 2128 2373 2199 χέοντες.
2416 2128 2593 2195 Ὅπερ
2637 2125 2746 2197 γάρ
2782 2126 2898 2177 ἐστι
2942 2126 3054 2186 τοῖς
3117 2123 3425 2193 σπέρμασιν
3458 2122 3487 2174 0
3538 2121 3711 2183 ὑετὸς,

2140 2211 2298 2265 τοῦτο
2319 2213 2429 2274 τοῖς
2462 2209 2799 2278 θλιϐομένοις
2847 2207 2916 2259 τὰ
2950 2206 3182 2276 δάκρυα.
3218 2205 3357 2257 Ἀλλ’
3398 2204 3526 2267 ἰδοὺ,
3562 2204 3713 2273 φησὶ,

2142 2296 2248 2349 τῶν
2299 2294 2473 2347 πόνων
2508 2293 2730 2346 ἐκείνων
2777 2290 3080 2353 ἁπελάϐετε
3126 2290 3225 2360 τὴν
3257 2288 3512 2360 ἀμοιϐήν.
3547 2288 3717 2341 Ὅταν

2142 2374 2233 2432 οῦν
2265 2377 2432 2447 λέγη’
2470 2376 2861 2443 Πορευόμενοι
2899 2373 3278 2441 ἐπορεύοντο,
3318 2370 3415 2425 καὶ
3453 2370 3715 2426 ἕνιλοιον.

2137 2459 2477 2525 βάλλοντες
2533 2457 2608 2511 τὰ
2655 2457 2967 2526 σπέρματα
3014 2454 3232 2518 αὐτῶν,
3288 2455 3598 2523 ἐρχόμενοι
3651 2451 3719 2506 δέ

2143 2542 2404 2610 ἥξουσιν
2438 2540 2511 2593 ἐν
2551 2539 2927 2609 ἀγαλλιάσει,
2974 2539 3249 2606 αἴροντες
3286 2538 3358 2590 τὰ
3416 2535 3716 2605 δράγματα

2142 2624 2372 2681 αὐτῶν·
2414 2625 2474 2678 οὐ
2514 2624 2642 2690 περὶ
2689 2624 2835 2677 σίτου
2873 2622 3199 2690 διαλέγεται,
3246 2620 3379 2674 ἀλλά
3412 2620 3542 2689 περὶ
3582 2635 3721 2688 πρα-

2144 2711 2392 2780 γμάτων,
2422 2707 2692 2761 παιδεύων
2721 2706 2811 2759 τὸν
2851 2707 3144 2777 ἀκροατὴν.
3192 2705 3267 2775 μὴ
3308 2705 3491 2758 ἀλύειν
3516 2705 3576 2756 ἐν
3599 2706 3718 2764 ταῖς

2145 2794 2406 2864 θλίψεσιν.
2426 2794 2634 2863 Ὥσπερ
2665 2790 2773 2859 γάρ
2793 2793 2820 2844 0
2843 2791 3080 2862 σπείρων
3100 2790 3200 2843 οὐκ
3223 2789 3395 2854 ἀλύει,
3422 2788 3523 2842 κᾶν
3554 2786 3720 2840 πολλά

2142 2878 2211 2932 τά
2243 2875 2476 2947 φορτικά
2526 2871 2585 2947 ᾖ,
2619 2872 2837 2945 ἀφορῶν
2883 2872 3018 2941 πρὸς
3054 2872 3122 2926 τὰ
3164 2872 3289 2942 λήῖα
3321 2871 3388 2924 τὰ
3432 2870 3716 2941 κομῶντα·

2145 2962 2316 3024 οὕτως
2359 2961 2479 3013 οῦδέ
2518 2958 2610 3012 τδν
2657 2957 2971 3028 θλιϐόμενον
3026 2957 3396 3028 δυσχεραίνειν
3446 2958 3574 3029 χρὴ,
3621 2958 3722 3010 κᾶν

2146 3044 2316 3099 πολλὰ
2434 3042 2504 3095 τά
2530 3040 2772 3113 λυπηρὰ,
2830 3041 2922 3094 τὸν
2960 3041 3170 3112 ἀμητὸν
3221 3042 3584 3110 ἀναμένοντα,
3625 3040 3723 3110 τὴν

2147 3126 2407 3199 πρόσοδον
2436 3125 2534 3196 τὴν
2565 3124 2672 3179 ἀπὸ
2704 3124 2803 3195 τῆς
2830 3123 3060 3193 θλίψεως
3087 3124 3384 3192 γινομένην
3412 3123 3722 3176 ἐννοοῦντα.

2146 3209 2312 3264 Ταῦτ’
2351 3205 2443 3262 οὖν
2473 3209 2568 3262 καὶ
2600 3208 2763 3278 ἡμεῖς
2802 3206 3023 3271 εἰδότες,
3052 3208 3147 3260 καὶ
3182 3207 3323 3278 ὑπὲρ
3364 3206 3597 3275 θλίψεως
3630 3206 3722 3259 καὶ

2146 3293 2288 3362 ὑπὲρ
2335 3291 2571 3352 ἀνέσεως
2619 3288 3027 3359 εὑχαριστῶμεν
3062 3289 3139 3359 τῷ
3192 3290 3456 3362 Δεσπότῃ.
3512 3291 3575 3342 Εἰ
3618 3289 3722 3358 γὰρ

2146 3373 2241 3428 καὶ
2287 3372 2518 3441 διάφορα
2567 3370 2637 3423 τὰ
2679 3371 2960 3441 γινόμενα,
3015 3372 3149 3424 ἀλλά
3195 3372 3331 3442 πρὸς
3383 3372 3442 3423 ἓν
3496 3370 3720 3424 ἕκαστον

2149 3458 2339 3510 ἆπανὶ
2377 3456 2528 3518 τέλος
2562 3456 2685 3525 ὁρᾷ,
2731 3454 2921 3525 ὥσπερ
2951 3458 2979 3508 ὁ
3024 3455 3224 3525 σπόρος
3268 3456 3363 3508 κα)⁸
3406 3457 3435 3507 0
3480 3456 3715 3526 ἀμητός·

2151 3540 2244 3593 καὶ
2282 3540 2539 3609 φέρωμεν
2560 3537 2659 3600 τὰς
2687 3536 2894 3605 θλίψεις
2931 3538 3212 3604 γενναίως,
3244 3539 3335 3590 καὶ
3362 3539 3718 3608 εὐχαρίστως,

2148 3622 2243 3675 καὶ
2268 3622 2366 3685 τὰς
2397 3622 2610 3684 ἀνέσεις
2639 3621 2776 3688 μετά
2797 3620 3100 3688 δοξολογίας
3121 3637 3134 3649 ⁶
3160 3621 3301 3674 ὥστε
3336 3623 3429 3675 καὶ
3457 3623 3566 3674 τῶν
3599 3622 3715 3693 μελο

2148 3704 2347 3757 λόντων
2392 3707 2669 3774 ἐπιτυχεῖν
2718 3703 2957 3772 ἀγαθῶν,
2998 3705 3180 3774 χάριτι
3209 3706 3303 3758 καὶ
3343 3705 3719 3775 φιλανθρωπίᾳ

2149 3788 2239 3841 τοῦ
2269 3787 2473 3859 Κυρίου
2509 3787 2667 3858 ἡμῶν
2700 3785 2873 3856 Ἰησοῦ
2913 3786 3171 3857 Χριστοῦ,
3204 3781 3248 3854 ᾧ
3291 3789 3324 3857 ἡ
3366 3787 3494 3852 δόξα
3538 3789 3632 3841 καὶ
3662 3786 3717 3839 τδ

2150 3870 2348 3942 κράτος
2385 3872 2466 3934 είς
2496 3871 2622 3933 τοὺς
2649 3870 2848 3932 αἰῶνας
2884 3869 2991 3923 τῶν
3018 3868 3252 3923 αἰώνων.
3278 3870 3467 3941 Ἀμήν.

2413 4006 2563 4079 [355]
2612 4008 2720 4060 E12
2765 4007 2903 4060 TON
2939 4008 3112 4075 Ρκεῖν
3141 4009 3462 4065 ΨΑΑΜοΝ.

2163 4109 2298 4162 Ἐὰν
2330 4106 2416 4178 μὴ
2468 4108 2681 4177 Κύριος
2726 4107 3093 4178 οἰκοδομήσῃ
3150 4106 3337 4172 οἶκον,
3395 4112 3482 4175 είς
3525 4109 3720 4178 μάτην

2218 4176 2561 4257 ἐκοπίασαν
2586 4180 2651 4257 _o_l
2694 4176 3170 4257 οἰκοδομοῦντες.
3204 4180 3340 4257 Ἔριν
3382 4180 3467 4249 μὴ
3509 4176 3721 4257 Κύριος

2221 4247 2464 4318 φυλάξῃ
2519 4247 2717 4318 πόλιν,
2751 4249 2839 4318 εἰς
2878 4246 3078 4315 μάτην
3125 4246 3517 4316 ὴγρύἷτνήσεν
3546 4255 3579 4304 ό
3617 4268 3718 4318 55v-

2221 4315 2493 4388 λάσσων.
2544 4316 2647 4380 Εἰς
2682 4386 2688 4388 ν
2697 4315 2897 4388 μάτην
2938 4319 3079 4388 ὑμῖν
3122 4315 3251 4371 ἐστι
3288 4319 3353 4372 τό
3389 4315 3687 4388 θόρθρίζειν

2221 4387 2519 4455 ἐγείρεσθε
2556 4386 2704 4455 μετὰ
2741 4385 2809 4439 τὸ
2853 4385 3167 4454 καθῆσθαι.

2222 4483 2290 4537 α’.
2307 4475 2473 4545 Οὗτος
2494 4484 2522 4534 0
2542 4481 2752 4551 ψαλμὸς
2772 4485 2851 4545 εἰς
2872 4482 2968 4553 τὴν
2983 4484 3315 4538 κατάστασιν
3331 4486 3438 4539 τῶν
3464 4485 3721 4558 πραγμά-

2150 4584 2257 4619 των
2280 4565 2386 4618 τῶν
2418 4565 2552 4634 μετά
2578 4565 2674 4635 τὴν
2698 4565 2954 4619 ἐπάνοδον
2984 4566 3214 4638 εἴρηται.
3246 4568 3461 4638 Ἐπειδὴ
3490 4570 3600 4639 γὰρ
3623 4571 3720 4640 τῆς

2153 4647 2529 4718 αἰχμαλωσίας
2580 4649 3005 4717 ἀπαλλαγέντες,
3051 4651 3144 4703 καὶ
3182 4652 3246 4703 ἐκ
3287 4652 3389 4721 τῆς
3446 4651 3722 4724 βαρϐάρου

2151 4732 2336 4805 χώρας
2379 4732 2779 4797 ἐπανελθόντες,
2822 4733 3063 4803 ἐρείπιον
3090 4733 3144 4785 δὲ
3185 4735 3585 4799 καταλαϐόντες
3626 4739 3723 4808 τὴν

2152 4816 2326 4878 πόλιν,
2359 4815 2453 4868 καὶ
2481 4814 2551 4869 τὰ
2574 4814 2727 4885 τείχη
2762 4816 2899 4885 μετὰ
2928 4816 3036 4867 τῶν
3058 4816 3282 4889 πύργων
3307 4821 3616 4891 ἐρριμμένα
3633 4839 3727 4891 χαι

2156 4899 2255 4969 μαὶ
2286 4896 2602 4969 ἐπεχείρουν
2633 4898 2887 4967 ἐγείρειν,
2922 4898 3109 4952 πολλοὶ
3133 4900 3188 4952 δὲ
3212 4901 3540 4971 πολλαχόθεν
3561 4904 3731 4956 ἐπιτι-

2152 4981 2367 5051 θέμενοι
2400 4979 2689 5033 διεκώλυον
2723 4979 2783 5034 τὸ
2812 4979 2989 5050 ἔργον,
3019 4981 3336 5050 φθονοῦντες
3362 4988 3428 5055 τῇ
3458 4986 3566 5037 τῶν
3599 4987 3726 5039 Ἰου-

2151 5065 2312 5117 δαίων
2352 5063 2639 5134 εὐημερίᾳ,
2686 5064 2781 5117 καὶ
2821 5063 3116 5129 δεδοικότες
3163 5066 3341 5119 αὐτῶν
3384 5069 3482 5139 τὴν
3518 5069 3726 5140 εὐπρα-

2152 5147 2278 5214 γίαν
2300 5163 2313 5176 ο
2350 5142 2469 5198 εἶτα
2498 5145 2702 5199 τούτων
2741 5146 3038 5217 γινομένων
3062 5148 3090 5198 0
3117 5149 3305 5218 χρόνος
3333 5151 3599 5221 ἐτρίϐετο,
3636 5152 3726 5206 καὶ

2151 5226 2406 5291 τοσοῦτος
2453 5227 2642 5298 ἐτρίϐη
2680 5229 2892 5299 χρόνος,
2945 5229 3020 5293 ὼς
3061 5232 3201 5302 ὑπὲρ
3228 5232 3297 5284 τὰ
3322 5235 3727 5304 τεσσαράκοντα

2152 5310 2245 5381 ἐτη
2285 5309 2627 5379 ἀναλωθῆναι
2653 5312 2712 5363 ἐν
2741 5314 2807 5382 τῇ
2845 5313 2937 5366 τοῦ
2968 5313 3095 5365 ναοῦ
3128 5315 3383 5387 οἰκοδομῇ
3406 5334 3418 5349 ·
3461 5318 3597 5388 ὅπερ
3636 5314 3728 5373 οὖν

2151 5397 2246 5448 καὶ
2281 5396 2331 5447 οἱ
2362 5395 2601 5447 Ἰουδαῖοι
2642 5394 2925 5465 δηλοῦντες
2954 5398 2969 5447 i
3009 5396 3227 5466 ἓλεγοψ
3269 5401 3727 5470 Τεσσαρὰκοντα

2150 5476 2248 5528 καὶ
2284 5475 2353 5541 ἐξ
2387 5476 2590 5530 ἐτεσιν
2624 5477 2973 5548 ᾠκοδομήθη
3003 5483 3035 5534 ὀ
3073 5481 3220 5547 ναός
3248 5480 3456 5550 οὗτος·
3499 5486 3558 5537 οὐ
3602 5484 3731 5555 περὶ

2217 5576 2240 5639 β
2266 5575 2419 5639 ςενίι.
2449 5578 2592 5639 φέρει.

2213 5634 2238 5672 1³
2264 5634 2555 5699 Κοπτόμενοι
2574 5638 2716 5687 deest
2738 5641 2788 5689 in
2818 5640 2966 5690 Savil.

2215 5707 2229 5736 I
2264 5699 2341 5745 Sic
2370 5700 2517 5747 Savii.
2549 5700 2717 5748 Morel.
2747 5704 2944 5750 ἕκαστον
2970 5703 3168 5750 ἅπαντα.

2219 5770 2233 5808 1
2266 5761 2509 5809 51ι·5ὶ;ινι1.
2542 5762 2590 5809 In
2614 5761 2783 5813 Morel.
2808 5762 3053 5821 δηλοῦντες
3073 5766 3235 5815 deest.
