4018 6268
362 298 458 350 35!

361 407 533 477 gaudii
554 406 799 463 afferunt.
828 408 938 462 Non
968 409 1159 472 solum,
1188 409 1372 476 inquit,
1401 408 1690 478 gaudemus
1717 417 1931 478 propter

362 498 726 551 liberationem
764 514 794 551 a
838 499 1020 560 malis,
1050 498 1141 551 sed
1187 498 1344 552 etiam
1385 499 1506 566 quia
1553 514 1616 552 ex
1643 513 1708 553 eo
1747 513 1931 552 omnes

358 599 716 660 cognoscent,
745 606 904 658 quam
949 590 1114 643 nostri
1166 589 1305 643 Deus
1354 605 1533 643 curam
1582 599 1751 659 gerat.
1787 589 1930 642 Tunc

358 685 522 745 enim,
549 682 735 751 inquit,
758 682 925 734 dicent
952 683 1079 734 inter
1103 691 1290 750 gentes,
1314 680 1655 750 Magniﬁcat-it
1685 680 1930 735 Dominus

359 775 523 842 facere
543 787 657 824 cum
685 773 776 825 eis.
818 771 1162 840 Magni/ienuit
1192 770 1432 824 Dominus
1461 775 1624 840 facere
1651 771 1925 826 nobiscum.

360 861 470 914 Non
500 871 700 914 temere
737 860 981 929 adjicitur
1008 860 1121 913 haec
1163 859 1548 928 conduplieatio
1573 900 1588 923 ,
1617 860 1708 913 sed
1749 868 1804 914 ut
1841 876 1929 914 os-

361 953 637 1006 tenderent
677 966 920 1019 magnam
947 992 961 1015 ,
990 967 1146 1018 quam
1178 959 1463 1020 ceperant,
1489 951 1745 1005 lzetitiam.
1781 952 1926 1005 Alte-

357 1060 472 1097 rum
519 1044 660 1098 enim
700 1043 918 1096 verbum
949 1052 1031 1096 est
1059 1043 1291 1112 gentium
1314 1081 1328 1106 ,
1354 1043 1574 1096 alterum
1606 1057 1732 1095 vero
1778 1042 1920 1110 ipso—

359 1153 499 1190 rum.
531 1135 663 1189 V’ide
691 1143 889 1189 autem.
920 1133 1034 1188 Non
1065 1133 1329 1197 dixerunt,
1357 1132 1596 1187 Servavit
1627 1147 1722 1187 nos
1747 1173 1760 1197 ,
1794 1147 1920 1196 nec,

355 1226 622 1280 Liberavit
637 1239 753 1289 nos;
772 1225 886 1291 sed,
901 1223 1262 1295 Magniﬁcavit,
1280 1238 1389 1276 rem
1408 1223 1652 1291 opinione
1671 1221 1920 1291 majorem

354 1327 406 1371 et
435 1317 688 1371 miracqu
712 1317 916 1384 plenam
939 1331 1031 1384 per
1049 1315 1161 1370 haec
1186 1316 1421 1370 volentes
1444 1315 1740 1368 ostendere.
1764 1314 1922 1368 Vides

353 1409 646 1478 quomodo,
679 1416 737 1460 ut
779 1423 919 1476 saepe
946 1407 1206 1472 dicebam,
1240 1420 1334 1476 per
1360 1407 1496 1461 hanc
1517 1417 1729 1475 gentem
1757 1406 1915 1460 doce-

353 1498 506 1552 batur
533 1499 812 1551 universus
856 1498 998 1552 orbis
1028 1504 1182 1551 terra:
1205 1537 1219 1561 ,
1243 1496 1366 1550 dum
1395 1505 1450 1551 et
1486 1496 1876 1550 abducerentur
1901 1537 1916 1562 ,

353 1596 406 1644 et
438 1604 618 1642 rursus
662 1587 1059 1641 reducerentur.
1092 1585 1208 1654 Ipse
1235 1587 1374 1641 enim
1418 1586 1618 1640 reditus
1662 1585 1758 1639 fuit
1801 1588 1918 1640 loco

355 1677 630 1746 praeconis.
654 1677 850 1731 Eorum
873 1677 1064 1744 quippe
1091 1673 1226 1730 fama
1255 1675 1450 1744 ubique
1474 1675 1798 1743 pervolabat,
1826 1675 1918 1730 Dei

359 1771 410 1822 in
443 1785 533 1826 eos
560 1769 928 1838 benignitatem
977 1767 1305 1822 manifestam
1346 1768 1592 1822 omnibus
1632 1768 1870 1822 efficiens
1900 1809 1914 1832 ,

356 1878 541 1930 magna
581 1863 778 1915 scilicet
805 1871 859 1916 et
888 1875 1068 1915 revera
1105 1861 1250 1915 omni
1275 1861 1523 1929 opinione
1568 1862 1766 1929 majora
1797 1878 1915 1918 esse

351 1970 469 2020 qua:
491 1955 538 2006 in
565 1967 656 2007 eos
685 1953 812 2007 facta
843 1960 994 2006 erant
1023 1951 1294 2008 miracula.
1329 1951 1447 2020 Ipse
1466 1953 1606 2006 enim
1631 1952 1797 2020 Cyrus
1825 1953 1915 2023 qui

347 2059 440 2097 eos
468 2043 708 2108 tenebat,
733 2044 875 2110 ipsos
899 2042 1115 2105 dimisit,
1139 2057 1259 2097 eum
1291 2043 1464 2097 nullus
1487 2059 1606 2098 eum
1635 2054 1910 2114 rogasset,

347 2134 440 2186 sed
469 2134 606 2189 Deus
632 2142 860 2188 mentem
893 2133 1030 2187 illius
1058 2133 1332 2188 molliisset
1357 2151 1370 2187 :
1399 2148 1497 2188 nec
1522 2134 1689 2188 solum
1714 2149 1806 2190 eos
1830 2135 1915 2189 di-

348 2227 508 2289 misit,
535 2225 627 2279 sed
657 2226 812 2280 etiam
837 2225 1013 2281 affecit
1043 2225 1195 2280 donis
1220 2235 1274 2282 et
1300 2227 1622 2282 muneribus.
1649 2225 1795 2280 Facti
1823 2244 1912 2281 su-

350 2337 455 2372 mus
477 2321 717 2372 laetantes.
736 2320 788 2373 4.
808 2317 1063 2383 Converte,
1079 2318 1308 2382 Domine,
1324 2321 1652 2389 captivitatem
1670 2332 1910 2388 nostram,

349 2411 471 2462 sicut
516 2419 707 2462 torrens
752 2410 804 2462 in
849 2419 1039 2463 austro.
1070 2409 1344 2477 Quomodo
1387 2410 1519 2464 dixit
1564 2412 1615 2465 in
1657 2412 1912 2482 principio

347 2499 540 2553 Psalnii
564 2540 578 2563 ,
625 2501 751 2552 Cum
801 2509 1100 2554 converteret
1137 2499 1383 2555 Dominus
1424 2502 1754 2572 captivitatem
1784 2519 1802 2556 :
1826 2503 1913 2559 hic

344 2598 557 2653 autem,
583 2587 861 2642 Converte?
896 2587 1186 2658 Tamquam
1233 2591 1299 2644 de.
1345 2605 1404 2644 re
1446 2589 1617 2644 futura
1666 2591 1905 2660 loquens.

343 2680 570 2734 Maxime
598 2681 736 2733 enim
765 2695 860 2734 nos
879 2679 942 2734 ad
975 2680 1112 2734 hunc
1135 2695 1346 2735 sensum
1373 2681 1571 2735 inducit
1590 2682 1722 2736 alius
1746 2682 1911 2736 inter-

344 2790 466 2843 pres
490 2817 504 2839 ,
536 2777 622 2846 qui
651 2776 776 2829 dixit
807 2817 821 2841 ,
854 2792 957 2829 non
976 2818 990 2840 ,
1019 2775 1143 2829 Cum
1170 2785 1467 2830 converteret
1492 2792 1508 2828 :
1529 2775 1621 2830 sed
1647 2817 1660 2838 ,
1695 2775 1910 2842 Quando

343 2869 633 2921 converterit
658 2887 676 2933 ;
706 2869 952 2939 quoniam
983 2883 1067 2923 res
1096 2877 1221 2922 tunc
1246 2868 1561 2938 incipiebat,
1591 2877 1644 2922 et
1669 2883 1773 2922 non
1801 2877 1906 2922 tota

340 2966 486 3026 gesta
515 2957 611 3011 fuit
640 2959 689 3011 in
722 2958 996 3027 principio,
1022 2959 1196 3012 multa:
1212 2959 1404 3029 quippe
1427 2958 1632 3012 fuerunt
1663 2959 1908 3014 transmi-

341 3051 606 3119 grationes
631 3067 643 3101 :
669 3049 766 3103 fuit
795 3052 933 3104 enim
962 3051 1149 3120 prima,
1174 3051 1402 3105 secunda
1429 3060 1483 3104 et
1510 3051 1684 3104 tertia.

413 3141 464 3194 ἓ.
494 3142 604 3196 Hoc
650 3157 776 3211 ergo
825 3156 1101 3209 possumus
1127 3142 1302 3196 dicere
1332 3159 1344 3195 :
1373 3142 1456 3195 vel
1482 3156 1600 3194 eum
1633 3155 1785 3194 orare
1805 3181 1818 3203 ,
1849 3149 1908 3193 ut

341 3233 402 3285 sit
437 3233 637 3300 integra
667 3241 719 3286 et
744 3231 980 3285 absoluta
1004 3231 1262 3285 liberatio.
1292 3231 1437 3284 Multi
1459 3231 1597 3284 enim
1623 3229 1788 3284 Judaei
1819 3244 1907 3280 vo-

339 3323 520 3377 lebant
546 3337 819 3376 remanere
848 3322 897 3375 in
925 3322 1138 3390 regione
1164 3322 1506 3376 barbarorum
1533 3361 1546 3384 ,
1577 3330 1627 3374 et
1670 3321 1787 3374 ideo
1819 3336 1906 3373 ve-

341 3414 614 3466 hementer
639 3411 944 3467 desiderans
975 3411 1071 3466 hoc
1093 3412 1226 3475 fieri,
1245 3411 1498 3473 Converte,
1527 3412 1712 3480 inquit,
1742 3412 1904 3479 capti-

339 3505 536 3557 vitatem
573 3514 793 3557 nostram
821 3504 948 3556 sicut
976 3512 1168 3556 torrens
1195 3504 1246 3556 in
1271 3513 1441 3556 austro
1465 3519 1482 3556 :
1505 3502 1604 3556 hoc
1629 3511 1708 3555 est
1737 3543 1751 3567 ,
1783 3517 1900 3554 eum

340 3609 528 3663 magno
573 3594 767 3661 impetu
793 3633 807 3656 ,
836 3609 953 3646 eum
999 3607 1183 3661 magna
1214 3593 1544 3646 vehementia
1589 3607 1683 3645 nos
1713 3607 1902 3660 urgens

337 3695 492 3754 atque
529 3686 769 3739 incitans.
810 3685 1062 3751 Quocirca
1107 3685 1242 3738 alius
1266 3699 1471 3753 quoque
1513 3686 1768 3751 interpres
1806 3684 1902 3736 hoc

339 3775 504 3842 ipsum
549 3774 845 3843 significans
865 3817 878 3838 ,
903 3775 1110 3828 dicebat
1133 3817 1145 3835 ,
1173 3773 1240 3828 Ut
1274 3776 1491 3828 canales.
1517 3776 1661 3828 Alius
1687 3817 1700 3839 ,
1730 3773 1795 3828 Ut
1818 3775 1904 3826 de-

336 3867 522 3934 ﬂuxus.
573 3867 719 3918 Alius
743 3907 756 3931 ,
791 3865 857 3920 Ut
883 3867 1166 3919 emissiones
1215 3866 1312 3936 (a).
1344 3867 1396 3922 5.
1431 3867 1529 3931 Qui
1571 3868 1816 3920 seminant
1850 3868 1902 3920 in

337 3955 589 4023 lacrymis,
617 3956 670 4006 in
693 3955 1021 4008 exsultatione
1039 3964 1236 4008 metent.
1261 3955 1369 4008 lIoc
1393 3956 1459 4009 de
1477 3955 1672 4010 Judaais
1689 3957 1900 4024 quidem

336 4045 531 4099 dictum
571 4054 688 4110 est,
720 4056 893 4114 potest
920 4055 1094 4100 autem
1126 4048 1176 4100 in
1206 4047 1384 4100 multis
1414 4062 1554 4116 saepe
1584 4047 1697 4100 aliis
1726 4047 1899 4101 locum

338 4136 552 4190 habere.
585 4135 759 4208 Virtus
783 4138 921 4191 enim
945 4152 1029 4191 res
1054 4147 1135 4190 est
1162 4137 1437 4205 ejusmodi,
1466 4145 1520 4190 ut
1548 4153 1664 4206 quae
1688 4153 1905 4207 magnas

337 4224 526 4279 habeat
555 4226 789 4279 laborum
821 4227 1265 4280 remunerationes
1292 4246 1305 4280 :
1329 4235 1382 4281 et
1406 4237 1612 4296 oportet
1638 4243 1732 4280 nos
1756 4229 1901 4296 prius

337 4315 575 4369 laborare
603 4325 656 4370 et
682 4315 837 4385 afﬂigi
869 4359 883 4379 ,
915 4327 967 4371 et
995 4328 1117 4371 tunc
1155 4318 1312 4370 animi
1355 4319 1720 4373 remissionem
1751 4333 1900 4388 quae-

338 4422 473 4461 rere.
507 4407 616 4460 Iloc
645 4407 784 4460 enim
813 4407 1006 4476 ubique
1035 4417 1207 4476 potest
1228 4398 1495 4462 obsci‘Vari
1520 4411 1570 4461 in
1599 4410 1662 4462 iis
1692 4424 1806 4478 qua:
1833 4408 1899 4463 ad

338 4497 473 4552 hanc
500 4497 658 4551 vitam
691 4498 978 4565 pertinent.
1007 4497 1264 4563 Quocirca
1294 4499 1405 4566 ipse
1443 4515 1652 4568 quoque
1678 4499 1743 4552 ad
1786 4499 1900 4552 hinc

337 4589 549 4644 deduxit
568 4591 876 4653 orationem,
901 4589 962 4641 ad
986 4601 1296 4652 sementem,
1327 4591 1556 4658 inquam,
1579 4599 1630 4644 et
1652 4605 1899 4645 messem.

336 4679 781 4747 Quemadmodum
814 4681 950 4733 enim
979 4680 1063 4749 qui
1093 4679 1337 4743 seminat,
1366 4679 1561 4743 labore,
1591 4679 1895 4746 afﬂictione,

337 4770 614 4823 sudoribus
639 4811 652 4831 ,
685 4780 735 4823 et
763 4768 935 4822 hieme
979 4768 1174 4838 indiget
1203 4784 1217 4822 :
1250 4768 1318 4822 ita
1349 4770 1507 4822 etiam
1535 4770 1621 4837 qui
1652 4769 1895 4822 virtutem

341 4861 682 4928 persequitur.
708 4858 843 4912 Nihil
875 4859 1014 4912 enim
1041 4875 1189 4925 teque
1213 4857 1372 4910 estad
1399 4858 1562 4910 otium
1590 4858 1820 4926 ineptum
1843 4867 1899 4912 ut

341 4950 514 5006 homo.
537 4950 602 5004 Et
625 4951 741 5004 ideo
761 4951 895 5004 Deus
911 4960 1105 5004 arctam
1129 4959 1184 5005 et
1209 4958 1478 5019 angustam
1505 4949 1640 5004 viam
1663 4949 1892 5015 effecit‘,

337 5057 450 5108 quae
477 5041 620 5094 ducit
644 5041 707 5093 ad
732 5042 989 5093 virtutem.
1016 5041 1124 5093 Iino
1152 5055 1273 5093 vero
1301 5056 1401 5093 non
1432 5041 1602 5094 solum
1631 5041 1894 5106 virtutem,

337 5131 424 5183 sed
459 5147 521 5185 ea
551 5131 708 5185 etiam
745 5137 860 5198 qua:
899 5130 964 5183 ad
1005 5131 1137 5184 hanc
1166 5132 1323 5183 vitam
1348 5131 1643 5199 pertinent,
1670 5131 1898 5191 reddidit

339 5218 591 5274 laboriosa
613 5261 626 5284 ,
659 5229 818 5288 atque
844 5218 976 5272 adeo
1006 5220 1158 5288 longe
1185 5219 1429 5288 amplius.
1462 5220 1588 5273 Nam
1620 5222 1706 5289 qui
1735 5223 1895 5275 semi-

340 5323 444 5377 nat,
472 5313 558 5383 qui
588 5309 832 5376 aediﬁcat,
858 5310 1060 5376 viator,
1088 5310 1333 5379 lignator,
1364 5309 1554 5380 opifex,
1589 5317 1642 5365 et
1671 5310 1897 5380 denique

398 5509 413 5537 ¹
447 5509 712 5571 sicomnes
731 5515 853 5568 Mss;
874 5507 1011 5568 juxta
1027 5506 1190 5557 Morel.
1214 5516 1374 5558 autem
1398 5517 1450 5559 et
1471 5509 1610 5571 savii.
1636 5508 1896 5571 legendum

340 5576 427 5625 cst,
451 5575 494 5617 et
515 5568 625 5618 ideo
650 5578 779 5630 Deus
803 5576 985 5616 arctam
1006 5575 1050 5616 et
1071 5578 1319 5630 angustam
1341 5569 1518 5619 vocavit
1539 5571 1681 5620 etiam.

398 5622 467 5694 fa)
502 5632 686 5679 Primus
703 5629 948 5694 interpres
971 5638 1045 5678 est
1067 5622 1266 5694 Aquila,
1292 5632 1532 5694 secundus
1565 5632 1892 5694 Symmachus.
1985 5657 1990 5662 -

338 5693 509 5744 tertius
528 5701 686 5742 sextae
711 5691 933 5740 Edltionis
955 5698 1132 5740 auctor.
1158 5691 1279 5742 Vide
1298 5691 1507 5753 Hexapla
1531 5691 1707 5742 noetra.

1404 296 1758 352 EXPOSITIO
1786 296 1848 350 IN
1888 295 2202 354 PSALMUM
2243 302 2474 358 CXXVI.

3505 317 3607 376 Elii

2039 409 2256 478 quilibet
2281 412 2440 468 homo
2465 457 2478 480 ,
2509 415 2554 468 si
2584 425 2664 470 est
2697 416 2890 486 aliquid
2934 419 3198 475 commodi
3229 434 3602 496 percepturus,

2037 498 2216 555 labore
2257 511 2311 556 et
2349 503 2632 560 afflictione
2671 521 2804 575 opus
2841 506 2999 563 habet
3025 527 3039 562 :
3067 520 3120 564 et
3161 515 3603 582 quemadmodum

2034 593 2235 646 semina
2257 609 2388 664 opus
2412 596 2607 652 habent
2636 599 2906 666 imbribus,
2935 601 3002 654 ita
3019 616 3116 656 nos
3135 603 3292 658 etiam
3317 605 3565 678 Iaerymis
3590 631 3602 667 :

2034 694 2088 737 et
2125 686 2259 739 sicut
2289 690 2425 741 ter’ra
2453 704 2586 756 opus
2616 690 2776 746 habet
2821 702 2875 746 ut
2904 702 3084 748 aretur
3107 703 3162 750 et
3193 699 3564 765 proscindatur
3583 742 3601 768 ,

2035 776 2104 830 ita
2133 778 2304 831 anima
2345 779 2513 836 fidelis
2544 797 2642 852 pro
2679 783 2851 852 ligone
2892 785 3090 856 indiget
3136 793 3514 847 tentationibus
3551 806 3604 850 et

2031 866 2419 936 afﬂictionibus,
2450 887 2514 925 ne
2535 873 2788 941 producat
2815 877 2976 930 malas
3003 876 3213 947 herbas,
3246 893 3300 936 ut
3326 884 3438 951 ejus
3468 887 3602 940 mol-

2030 957 2187 1011 liatur
2217 959 2434 1016 durities
2454 1004 2468 1026 ,
2499 979 2564 1016 ne
2599 965 2815 1018 nimium
2848 966 3097 1022 efferatur
3120 980 3172 1024 et
3206 974 3430 1028 exsiliat.
3464 976 3596 1031 Nam

2031 1055 2168 1101 terra
2194 1064 2400 1119 quoque
2423 1050 2519 1105 nisi
2541 1053 2820 1122 diligenter
2846 1056 3064 1122 colatur,
3092 1059 3219 1114 nihil
3250 1061 3373 1117 boni
3403 1066 3598 1134 produ-

2029 1136 2118 1190 cit.
2150 1137 2261 1192 Hoc
2290 1154 2418 1208 ergo
2444 1141 2571 1194 dicit
2599 1144 2852 1210 preplieta
2880 1163 2892 1198 :
2919 1163 3022 1201 non
3052 1164 3172 1205 esse
3209 1153 3382 1208 solum
3415 1155 3597 1211 ltetan-

2027 1226 2148 1280 dum
2180 1240 2392 1296 propter
2417 1231 2664 1297 reditum,
2683 1235 2774 1288 sed
2792 1241 2947 1291 etiam
2975 1253 3191 1308 propter
3214 1246 3591 1314 captivitatem,

2026 1327 2076 1370 et
2107 1333 2203 1386 pro
2233 1321 2465 1389 utrisque
2498 1321 2604 1377 Deo
2633 1339 2749 1379 esse
2788 1329 3014 1396 agendas
3039 1333 3251 1401 gratias.
3283 1336 3413 1390 Illud
3454 1343 3592 1392 enim

2023 1419 2105 1461 est
2133 1412 2384 1500 sementis
2413 1431 2425 1466 :
2459 1414 2559 1468 hoc
2585 1431 2711 1470 vero
2751 1419 2956 1473 messis.
2994 1420 3055 1477 Ut
3084 1438 3238 1494 ergo,
3276 1427 3474 1496 inquit,
3504 1434 3591 1500 qui

2023 1499 2285 1554 seminant
2324 1501 2622 1559 laborantes
2645 1547 2660 1571 ,
2690 1505 2914 1562 fructum
2948 1521 3128 1578 postea
3163 1517 3451 1584 percipiunt
3481 1537 3492 1570 :
3523 1499 3590 1573 ita

2022 1591 2180 1643 etiam
2208 1605 2300 1645 vos
2328 1593 2538 1661 quando
2561 1597 2854 1651 recessistis
2882 1600 3116 1668 quidem,
3141 1603 3324 1659 imitati
3353 1609 3478 1663 estis
3498 1626 3591 1664 eos

2021 1679 2110 1747 qui
2139 1680 2422 1748 seminant,
2450 1683 2649 1749 afﬂicti,
2681 1688 2906 1755 pulsati,
2938 1695 3108 1747 vexati
3135 1734 3149 1759 ,
3177 1694 3426 1764 hiemem,
3458 1708 3593 1754 tem-

2022 1779 2298 1838 pestatem,
2334 1773 2526 1828 bellum
2550 1817 2562 1836 ,
2588 1775 2793 1832 nimbos
2816 1820 2829 1841 ,
2854 1782 2972 1850 gelu
2999 1793 3052 1838 et
3075 1785 3294 1854 glaciem
3319 1787 3546 1846 ferentes
3572 1835 3586 1856 ,

2021 1860 2280 1932 lacrymas
2303 1864 2644 1922 effundentes.
2670 1869 2818 1937 Quod
2847 1873 3132 1946 enimsunt
3156 1878 3350 1934 imbres
3370 1884 3586 1937 semini-

2019 1949 2135 2015 bus,
2166 1953 2265 2007 hoc
2288 1955 2529 2026 Iacryune
2561 1959 2622 2010 iis
2649 1960 2735 2028 qni
2757 1960 3082 2032 afﬂiguntur.
3103 1966 3204 2021 Sed
3234 1983 3377 2034 ecce,
3400 1971 3584 2042 inquit,

2017 2046 2295 2111 accepistis
2338 2062 2518 2102 eorum
2560 2050 2794 2105 laborum
2842 2059 3336 2114 remunerationem.
3366 2062 3585 2130 Quando

2017 2148 2144 2203 ergo
2159 2135 2304 2191 dicit:
2320 2138 2351 2191 6
2379 2136 2566 2193 Euntes
2579 2141 2787 2207 ibant,et
2801 2144 3006 2212 ﬂebant,
3022 2148 3263 2204 mittentes
3274 2153 3582 2219 seminnsua,

2017 2227 2066 2279 7.
2097 2228 2340 2282 venientes
2368 2240 2534 2283 autem
2565 2234 2756 2290 venient
2797 2251 2909 2288 cum
2951 2239 3310 2306 exsultatione,
3335 2254 3585 2310 portantes

2015 2319 2298 2389 manipulus
2314 2337 2452 2380 suos,
2483 2338 2586 2376 non
2605 2323 2729 2378 dicit
2746 2324 2812 2379 de
2827 2324 3086 2382 frumento
3103 2329 3194 2384 sed
3216 2330 3281 2386 de
3298 2333 3471 2397 rebus,
3491 2335 3586 2388 do-

2015 2423 2140 2462 cens
2165 2410 2478 2476 auditorem,
2505 2428 2609 2466 non
2636 2415 2754 2484 angi
2779 2425 2833 2469 et
2854 2432 3081 2473 maerere
3107 2420 3156 2473 in
3190 2421 3580 2479 afﬂictionibus.

2015 2499 2466 2566 Quemadmodum
2501 2505 2640 2560 enim
2669 2507 2757 2575 qui
2782 2508 3038 2573 seminat,
3069 2525 3296 2568 maerore
3329 2529 3432 2568 non
3461 2516 3579 2569 affi-

2014 2591 2150 2644 citur
2172 2633 2186 2657 ,
2213 2591 2334 2646 licet
2366 2595 2670 2670 sintmulta
2700 2601 2875 2666 gravia
2900 2639 2914 2663 ,
2941 2601 3228 2670 respiciens
3261 2603 3324 2660 ad
3359 2605 3503 2660 la-tas
3529 2615 3583 2660 et

2015 2683 2339 2741 luxuriantes
2363 2677 2569 2757 sege'tes
2596 2706 2608 2741 :
2635 2689 2704 2742 ita
2733 2689 2892 2745 etiam
2919 2706 3038 2747 eum
3060 2694 3148 2761 qui
3175 2693 3440 2765 afﬂigitur,
3475 2713 3578 2752 non

2013 2789 2221 2848 oportet
2246 2783 2364 2850 angi
2393 2791 2446 2836 ct
2470 2783 2758 2837 excruciari
2785 2825 2799 2848 ,
2824 2784 3029 2840 etiamsi
3051 2787 3155 2840 sint
3182 2788 3438 2856 permulta
3469 2805 3581 2844 iuo-

2015 2874 2165 2939 lesta,
2193 2883 2250 2928 ut
2279 2875 2368 2944 qui
2395 2890 2622 2930 messem
2653 2885 2940 2946 exspectet,
2972 2885 3027 2931 et
3049 2878 3318 2947 copiosum
3351 2895 3578 2947 proven-

2014 2973 2145 3029 tum,
2176 2965 2262 3032 qui
2293 2980 2359 3019 ex
2387 2963 2671 3020 afﬂictione
2700 2968 2870 3020 oritur
2889 3007 2903 3032 ,
2935 2966 3256 3023 consideret.
3286 2969 3396 3023 lloc
3423 2970 3579 3039 igitur

2011 3068 2106 3108 nos
2153 3069 2360 3124 quoque
2405 3055 2834 3121 considerantes,
2858 3064 2911 3111 et
2948 3071 3044 3126 pro
3079 3056 3363 3113 afﬂictione
3404 3067 3458 3112 et
3484 3074 3579 3130 pro

2010 3144 2119 3198 otio
2161 3159 2224 3198 ac
2269 3145 2448 3215 quiete
2485 3161 2701 3216 agamus
2750 3148 2972 3202 Domino
3011 3150 3226 3218 gratias.
3273 3149 3384 3204 Etsi
3434 3151 3575 3214 enim

2009 3243 2130 3288 sunt
2159 3235 2365 3290 diversa
2393 3251 2512 3304 qua:
2545 3235 2707 3302 ﬂunt,
2739 3253 2898 3291 unum
2941 3246 3114 3293 tamen
3151 3239 3345 3294 habent
3371 3241 3574 3311 singula

2011 3327 2166 3381 ﬂncm
2190 3327 2514 3396 propositum
2537 3369 2550 3388 ,
2573 3329 2708 3382 sicut
2729 3330 2981 3405 sementis
3001 3340 3052 3383 et
3076 3331 3264 3385 messis
3290 3349 3302 3384 :
3331 3321 3575 3395 afﬂictio-

2010 3436 2205 3488 nesquc
2235 3419 2351 3475 furti
2380 3429 2434 3475 et
2461 3435 2720 3490 generoso
2750 3422 2925 3475 animo
2948 3421 3196 3486 feramus,
3226 3432 3279 3476 et
3305 3440 3423 3485 cum
3449 3439 3576 3492 gra-

2009 3511 2196 3563 tinrttm
2226 3510 2454 3574 actione;
2471 3511 2635 3564 otium
2663 3521 2837 3566 autem
2867 3522 2920 3568 et
2947 3528 3034 3567 res
3058 3513 3317 3568 secundas
3338 3529 3458 3578 cum
3481 3515 3574 3577 Dei

2006 3602 2187 3672 gloriae
2217 3601 2570 3656 celebratione
2593 3643 2607 3666 ,
2640 3612 2698 3656 ut
2725 3601 2896 3658 futura
2927 3604 3088 3658 etiam
3115 3604 3247 3659 bona
3277 3620 3569 3673 consequa-

2008 3707 2142 3754 mur,
2173 3694 2339 3760 gratia
2361 3701 2413 3746 et
2436 3693 2755 3762 benignitate
2780 3693 2983 3747 Domini
3011 3695 3175 3756 nostri
3205 3694 3328 3748 .Icsu
3355 3695 3566 3765 Christi,

2005 3783 2088 3837 cui
2109 3783 2272 3852 gloria
2295 3792 2348 3837 et
2370 3784 2643 3852 imperium
2671 3783 2721 3838 in
2743 3786 2934 3839 szecula
2958 3786 3292 3841 sazculorum.
3320 3789 3509 3849 Amen.

2433 3959 2498 4014 IN
2538 3958 2857 4016 PSALIIUM
2895 3959 3131 4016 CXXVI.

2007 4144 2062 4198 I.
2101 4141 2219 4196 Nisi
2248 4141 2490 4195 Dominus
2528 4140 2845 4210 azdiﬁcaverit
2879 4139 3079 4193 domum
3105 4179 3119 4205 ,
3147 4140 3198 4192 in
3220 4155 3399 4194 vanum
3426 4141 3570 4194 labo-

2074 4241 2307 4286 raverunt
2335 4231 2419 4300 qui
2445 4231 2696 4298 aedificant
2724 4246 2855 4284 eam.
2899 4228 3016 4282 Nisi
3045 4228 3291 4282 Dominus
3321 4231 3568 4283 custodie-

2073 4324 2138 4375 rit
2178 4322 2458 4386 civitatem,
2516 4325 2704 4391 frustra
2749 4319 2920 4390 vigilat
2967 4319 3054 4388 qui
3093 4320 3306 4374 custodit
3354 4337 3482 4374 eam.
3512 4321 3566 4374 2.

2083 4414 2277 4468 Vanum
2320 4423 2390 4466 cst
2424 4412 2558 4464 vobis
2587 4421 2703 4466 ante
2741 4411 2900 4464 lucem
2938 4427 3180 4479 surgere;
3210 4412 3393 4481 surgite
3428 4422 3568 4480 post-

2073 4522 2221 4574 quam
2248 4503 2489 4559 sederilis.

2074 4681 2125 4734 l.
2167 4679 2261 4734 Hic
2292 4679 2529 4734 Psalinus
2570 4675 2742 4730 dictus
2780 4683 2859 4728 est
2883 4673 2951 4729 de
2979 4683 3118 4729 statu
3148 4689 3321 4729 rerum
3351 4676 3439 4745 qui
3473 4677 3568 4730 fuit

2005 4779 2123 4841 post
2151 4771 2394 4825 reditum.
2425 4770 2679 4837 Quoniam
2704 4768 2844 4822 enim
2870 4782 2899 4820 a
2929 4768 3230 4833 captivitate
3255 4768 3480 4832 liberati,
3510 4779 3562 4821 et

2004 4880 2032 4917 a
2072 4864 2296 4918 barbara
2326 4863 2539 4930 regione
2581 4860 2798 4922 reversi,
2846 4858 3072 4913 dirutam
3109 4874 3140 4913 a
3189 4875 3248 4913 se
3296 4860 3562 4912 inventam

2002 4954 2294 5013 civitatem,
2321 4961 2374 5006 et
2412 4951 2604 5007 mantia
2633 4965 2750 5004 eum
2782 4950 3012 5004 turribus
3032 4949 3174 5002 humi
3200 4948 3446 5016 disjecta,
3471 4964 3563 5002 co-

2003 5045 2264 5098 nabantur
2296 5043 2526 5097 excitare
2557 5059 2569 5094 :
2601 5041 2750 5094 multi
2798 5048 2973 5093 autem
3021 5053 3113 5094 eos
3161 5038 3390 5106 undique
3440 5038 3566 5092 ado-

2002 5138 2198 5192 rientes
2225 5135 2573 5204 prohibebant
2600 5133 2899 5188 Judteorum
2923 5131 3156 5186 felicitati
3177 5131 3489 5194 invidentes,
3514 5141 3566 5186 et

2003 5241 2282 5296 prosperos
2307 5240 2488 5280 eorum
2524 5238 2797 5277 successus
2823 5231 3116 5276 metuentes
3147 5237 3160 5274 :
3189 5220 3381 5275 deinde
3407 5222 3457 5274 in
3483 5220 3565 5275 his

2002 5316 2251 5371 faciendis
2287 5324 2494 5383 tempus
2527 5313 2930 5380 conterebatur,
2954 5323 3008 5367 et
3048 5323 3248 5366 tantum
3277 5313 3561 5368 contritum

2001 5413 2082 5458 est
2109 5403 2381 5471 temporis,
2414 5411 2471 5456 ut
2502 5402 2554 5455 in
2583 5401 2890 5455 aedificando
2916 5402 3111 5469 templo
3136 5403 3407 5470 plusquam
3437 5418 3564 5471 qua-

2005 5494 2245 5562 draginta
2289 5492 2412 5546 anni
2451 5492 2750 5560 consumpti
2801 5492 2949 5543 sint:
2985 5491 3124 5560 quod
3165 5491 3332 5546 ,ιυάωί
3359 5507 3566 5562 quoque

2003 5588 2331 5642 declaranles
2356 5584 2600 5640 dicebant
2628 5601 2641 5638 :
2677 5582 3022 5652 Quadraginta
3050 5592 3095 5635 et
3117 5599 3203 5636 sea:
3222 5584 3368 5637 annis
3393 5583 3546 5651 ωάὶβι

2007 5688 2170 5734 catum
2198 5686 2268 5732 est
2296 5677 2533 5746 templum
2563 5676 2652 5730 hoc
2689 5673 2860 5744 (Joan.
2906 5673 2960 5738 2.
3003 5673 3106 5743 ΞΟ)
3138 5686 3153 5728 τ
3187 5689 3290 5728 non
3331 5673 3568 5728 dicentes
