4018 6268
431 382 536 446 863

431 503 497 556 de
526 501 703 570 priore
725 498 1094 559 aedificatione,
1128 509 1246 565 qutc
1273 508 1302 546 a
1332 492 1618 548 Salomone
1638 489 1773 544 facta
1800 495 1902 551 est,
1920 484 2013 540 sed

431 595 500 647 de
528 605 591 647 ea
612 638 624 657 ,
653 605 772 661 quae
799 589 937 643 facta
965 597 1044 641 est
1072 593 1345 656 postquam
1373 582 1579 637 liberati
1607 589 1728 635 sunt
1757 594 1788 634 a
1815 577 2010 633 Persis.

436 681 698 750 Quoniam
728 695 856 750 ergo
894 677 1116 732 multum
1150 686 1358 743 tempus
1402 671 1775 726 conterebatur
1805 670 1857 722 in
1888 667 2013 721 civi.

435 779 544 829 tate
571 773 770 842 templo
807 779 861 826 et
900 769 1163 825 menibus
1201 764 1536 822 exstrueudis
1583 750 1744 835 (nam
1788 759 2015 815 civitatis

432 866 759 920 constructio
778 863 943 918 multo
962 862 1118 917 etiam
1150 860 1327 929 plures
1351 873 1518 911 annos
1543 852 1892 925 consumpsit)
1916 853 2009 926 (a),

438 959 638 1011 docens
661 971 753 1010 eos
784 969 969 1009 rursus
992 951 1249 1023 propheta
1275 952 1341 1005 ad
1369 951 1531 1005 Deum
1562 948 1868 1017 confugere,
1901 945 2014 998 haec

437 1049 771 1119 persequitur
791 1088 807 1113 ,
833 1046 1121 1102 ostendens
1147 1044 1321 1099 omnia
1352 1043 1545 1097 frustra
1566 1051 1616 1096 et
1660 1041 2012 1110 nequidquam

438 1138 585 1202 fieri,
619 1139 720 1192 nisi
751 1138 817 1191 ad
857 1153 915 1192 se
953 1136 1193 1191 divinum
1224 1134 1478 1188 auxilium
1519 1133 1855 1186 attraxerint.
1896 1128 2012 1184 Non

433 1227 607 1283 solum
641 1228 783 1283 cuitu
820 1236 881 1281 ut
909 1228 1203 1282 liberentur
1228 1243 1257 1280 a
1299 1225 1624 1293 captivitate,
1650 1223 1741 1277 sed
1770 1223 1930 1277 etiam
1958 1227 2016 1274 ut

373 1338 386 1354 ι
435 1317 639 1376 liberati
670 1321 863 1376 moenia
894 1321 1143 1384 excitent,
1180 1319 1291 1371 fieri
1326 1334 1430 1370 non
1462 1326 1635 1386 potest
1656 1316 1855 1383 absque
1881 1314 2015 1368 divi-

439 1428 508 1464 no
547 1412 761 1466 auxilio.
811 1411 873 1465 Et
901 1409 1024 1481 quid
1055 1410 1174 1463 dico
1194 1407 1263 1464 de
1293 1408 1458 1461 muris
1485 1406 1778 1461 excitandis
1805 1413 1859 1458 ct
1885 1403 2016 1459 urbe

366 1532 371 1537 -
431 1504 784 1559 aedificanda?
812 1503 887 1558 Ne
920 1518 1036 1558 eam
1067 1500 1279 1573 quidem
1329 1499 1615 1570 perfectam
1639 1508 1694 1555 et
1718 1498 2013 1552 absolutam

438 1597 633 1667 poterit
654 1597 773 1667 quis
800 1596 1092 1658 custodire,
1126 1594 1169 1648 si
1196 1593 1322 1647 illud
1350 1593 1396 1647 ei
1437 1607 1542 1645 non
1573 1591 1709 1644 adsit
1738 1590 2011 1645 auxilium.

438 1690 561 1744 llmc
609 1698 785 1743 autem
825 1688 1071 1748 dicebat,
1100 1687 1179 1741 cis
1211 1687 1353 1740 omni
1391 1686 1596 1739 ratione
1646 1683 1896 1749 suadens,
1955 1691 2012 1737 ut

431 1795 618 1835 rursus
646 1780 712 1835 ad
746 1780 838 1835 Dei
867 1779 1120 1833 auxilium
1148 1780 1528 1847 confugerent,
1558 1792 1625 1830 ne
1654 1776 1764 1831 otio
1783 1787 1831 1830 et
1858 1776 2015 1830 rebus

435 1870 687 1926 secundis
716 1872 906 1952 licrept
949 1868 1380 1939 negligentiores.
1425 1868 1706 1937 Propterea
1748 1868 1889 1920 enim
1917 1881 2016 1922 nec

435 1962 592 2017 simul
622 1970 676 2016 et
700 1961 986 2016 acervatim
1014 1960 1163 2015 dedit
1189 1960 1265 2014 eis
1292 1958 1427 2013 bona
1450 1960 1628 2013 omnia
1648 2000 1662 2024 ,
1692 1958 1785 2012 sed
1816 1958 2013 2013 sensim

435 2067 492 2111 et
514 2055 789 2126 paulatim,
824 2069 890 2109 ne
916 2052 1076 2107 celeri
1101 2051 1410 2106 liberatione
1433 2069 1460 2104 ει
1489 2051 1644 2105 malis
1669 2050 1733 2104 ad
1764 2050 2016 2119 improbis

433 2155 596 2202 tatem
628 2146 899 2216 pristinam
953 2153 1309 2199 recurrerent.
1357 2143 1658 2210 Quinetiam
1705 2141 1829 2194 dum
1878 2142 2014 2195 bona

433 2238 605 2304 daret,
634 2252 727 2292 eos
757 2252 898 2304 smpe
920 2234 1263 2297 admouebat,
1294 2248 1391 2303 per
1414 2234 1758 2300 irruptionem
1783 2232 2013 2284 hostium

431 2344 616 2383 eorum
639 2327 935 2383 socordiam
959 2324 1273 2393 frequenter
1302 2324 1562 2379 excitans.
1591 2322 1741 2391 Quod
1773 2337 1899 2391 ergo
1932 2321 2017 2375 hic

432 2419 645 2481 dicitur,
678 2420 1005 2488 generaliter
1046 2416 1245 2470 dictum
1281 2427 1361 2469 est
1393 2433 1405 2466 :
1437 2430 1500 2469 ex
1531 2416 1631 2467 hoc
1653 2425 1828 2468 autem
1855 2429 2015 2483 argu-

435 2518 616 2565 mento
642 2494 782 2578 cepit
802 2509 1141 2578 principium.
1167 2507 1542 2576 Oporteteuim
1562 2506 1611 2559 id
1635 2518 1817 2574 aptare
1839 2504 2011 2558 ninni-

434 2608 551 2666 bus.
583 2622 686 2659 non
717 2616 772 2658 ut
802 2605 897 2673 ipsi
929 2604 1182 2657 socordes
1204 2602 1371 2657 simus
1393 2642 1406 2665 ,
1445 2610 1498 2655 et
1524 2601 2010 2670 supinijaceamns,

431 2698 527 2753 sed
552 2706 608 2752 ut
633 2707 814 2751 nostra
836 2695 1142 2759 atterentes,
1171 2694 1259 2747 Dei
1283 2693 1502 2747 arbitrio
1528 2692 1705 2747 omnia
1740 2692 2014 2762 permitta-

432 2802 573 2851 mus,
607 2802 758 2856 aspe
784 2786 935 2840 illius
984 2785 1036 2840 in
1085 2783 1333 2839 omnibus
1385 2794 1643 2854 perpetuo
1692 2782 2008 2852 pendentes.

432 2876 890 2947 Quemadmodum
923 2876 1065 2931 enim
1110 2874 1222 2929 fieri
1262 2890 1366 2929 non
1419 2882 1591 2943 potest
1623 2883 1707 2938 ut,
1737 2874 1834 2926 nisi
1877 2874 2013 2927 Deus

431 2980 588 3035 Opem
618 2964 751 3020 ferat
772 3006 787 3030 ,
823 2979 908 3019 res
943 2965 1007 3017 ad
1041 2964 1203 3018 finem
1236 2963 1593 3034 perducantur
1623 2980 1635 3016 :
1667 2964 1768 3025 ita,
1799 2963 1842 3016 si
1873 2963 2012 3018 Deus

433 3074 589 3128 opctu
619 3057 774 3118 ferat,
803 3058 972 3111 simus
993 3067 1169 3111 autem
1197 3057 1524 3126 negligentes
1554 3066 1605 3111 et
1631 3057 1785 3109 otiosi
1812 3096 1827 3121 ,
1852 3057 2012 3111 linem

433 3163 538 3203 non
569 3149 861 3218 poterimus
904 3147 1135 3216 assequi.
1185 3145 1376 3200 Vanum
1416 3155 1488 3201 est
1516 3146 1651 3199 vobis
1693 3156 1809 3199 ante
1850 3144 2012 3201 lucem

430 3256 635 3309 surgere
662 3255 680 3293 :
707 3240 896 3309 surgite
946 3247 1209 3308 postquam
1254 3237 1500 3291 sederitis.
1552 3238 1706 3291 Alius
1749 3238 2009 3308 interpres

438 3332 541 3394 ait,
599 3331 947 3387 Tardantibus
987 3332 1056 3385 ad
1127 3330 1418 3384 sedendum.
1452 3330 1619 3397 Alius,
1652 3328 2011 3396 Dilferentibus

429 3422 618 3474 sedere.
648 3422 798 3487 Quod
842 3431 1021 3474 autem
1065 3420 1213 3484 dicit,
1252 3429 1335 3474 est
1362 3421 1622 3489 ejusmodi
1648 3437 1662 3476 :
1690 3422 1909 3477 Etiamsi
1938 3424 2011 3478 vi-

433 3510 640 3580 giletis,
669 3512 876 3565 etiamsi
914 3525 1070 3564 mane
1101 3510 1399 3565 excitetuiui
1425 3551 1440 3576 ,
1475 3513 1681 3566 etiamsi
1726 3528 1850 3568 sero
1877 3515 2010 3568 eatis

430 3603 691 3667 cubitum,
715 3617 878 3657 omne
907 3610 1115 3670 tempus
1145 3603 1195 3656 in
1219 3602 1399 3657 labore
1428 3611 1482 3657 et
1502 3601 1788 3660 afflictione
1814 3621 2009 3660 consua

433 3693 787 3758 mentes,'nisi
813 3692 1062 3746 auxilium
1090 3692 1205 3762 ejus
1232 3695 1610 3762 assequamini,
1640 3697 1885 3766 peribunt
1909 3697 2006 3751 bu-

429 3800 586 3842 mana
609 3786 806 3851 omnia,
834 3792 889 3839 et
913 3800 978 3841 ex
1004 3800 1068 3839 eo
1093 3785 1267 3839 studio
1283 3799 1343 3840 ac
1361 3787 1627 3856 diligentia
1648 3788 1787 3841 nulla
1819 3789 2011 3846 redibit

431 3879 649 3933 utilitas.
687 3878 787 3945 Qui
825 3878 1139 3931 munducatis
1180 3895 1360 3946 panem
1415 3878 1625 3934 doloris.
1683 3880 1795 3934 Hoc
1843 3882 2005 3947 dicit,

428 3970 715 4026 ostendens
745 3985 837 4025 eos
869 3970 1031 4024 vitam
1061 3969 1254 4037 degere
1287 3969 1609 4024 laboriosam
1648 3970 1775 4024 dum
1811 3974 2000 4026 armati

428 4064 710 4117 tedilicant.
740 4061 923 4115 Altera
962 4060 1102 4115 enim
1136 4076 1293 4114 manu
1314 4102 1328 4125 ,
1358 4060 1558 4130 inquit,
1605 4062 1895 4116 canistrum
1917 4073 2010 4116 aut

430 4154 652 4224 lapidem
685 4154 945 4218 ferebant,
974 4162 1025 4207 et
1046 4152 1150 4205 alia
1180 4151 1434 4221 gladium,
1461 4151 1524 4204 ad
1548 4151 1925 4206 aedificandum
1955 4162 2010 4207 et

430 4246 730 4302 bellandum
755 4246 959 4315 seipsos
985 4244 1282 4298 dividentes
1304 4283 1318 4305 ,
1345 4252 1399 4298 et
1427 4259 1525 4297 uua
1548 4259 1669 4297 cum
1700 4244 1898 4314 clypeis
1924 4243 2007 4299 fe-

431 4346 608 4392 rentes
641 4336 835 4389 silices.
868 4335 1000 4402 Qnia
1028 4335 1169 4388 enim
1202 4350 1304 4388 non
1334 4342 1451 4388 erat
1483 4334 1681 4387 munita
1728 4335 1872 4396 urbs,
1913 4334 2007 4388 sed

434 4428 647 4492 nudata,
676 4427 880 4479 subitos
909 4435 1085 4479 autem
1114 4434 1167 4479 et
1205 4424 1501 4495 inopinatos
1525 4423 1754 4478 hostium
1784 4424 2010 4492 impetus

433 4516 546 4570 fore
574 4515 795 4584 singulis
818 4513 963 4567 horis
988 4514 1392 4582 suspicabantur
1412 4555 1425 4575 ,
1457 4513 1643 4566 armati
1672 4527 1852 4567 muros
1877 4513 2008 4567 a'di-

435 4604 682 4667 ticabaut,
711 4614 766 4657 et
790 4617 965 4667 enses,
996 4602 1187 4671 clypei,
1216 4602 1480 4673 gladiique
1508 4602 1763 4666 aderant,
1792 4611 1846 4657 et
1890 4617 2008 4671 pro.

435 4698 522 4754 cul
554 4703 706 4750 erant
748 4693 957 4762 quidam
985 4693 1362 4762 sprculatores,
1395 4694 1484 4763 qui
1526 4694 1779 4749 incertam
1822 4709 2007 4749 eorum

434 4784 782 4856 irruptioucm
819 4781 1203 4852 significarent,
1232 4791 1285 4836 et
1330 4783 1455 4837 tuba
1488 4795 1738 4838 canerent
1763 4824 1777 4846 ,
1805 4783 1849 4838 si
1877 4799 2010 4854 quos

433 4875 613 4947 procul
642 4874 988 4929 adventantes
1009 4871 1266 4926 viderent.
1288 4871 1391 4927 Sed
1419 4877 1516 4926 etsi
1543 4872 1676 4940 hmc,
1712 4875 1900 4945 inquit,
1930 4874 2010 4929 la.

430 4970 589 5028 ciatis
613 5009 629 5033 ,
658 4977 711 5022 et
745 4980 934 5035 panem
962 4964 1163 5019 doloris
1196 4964 1485 5018 comedatis
1505 5007 1518 5027 ,
1564 4967 1740 5020 omnia
1765 5007 1778 5030 ,
1810 4967 2006 5037 inquit,

430 5063 624 5120 frustra
656 5069 709 5115 ct
739 5057 1091 5128 nequidquam
1121 5055 1341 5121 facietis,
1365 5055 1803 5111 nisiattraxeritis
1828 5071 2012 5125 super-

430 5170 558 5211 num
587 5152 858 5209 auxilium.
884 5148 1036 5217 Quod
1067 5149 1110 5203 si
1144 5149 1213 5202 illi
1243 5158 1297 5201 ut
1328 5148 1510 5200 urbem
1530 5156 1583 5201 et
1605 5163 1784 5202 muros
1809 5151 2009 5203 excita-

430 5258 572 5310 rent,
607 5254 751 5300 tanto
801 5255 934 5312 opus
982 5240 1241 5295 habebant
1288 5253 1520 5310 superno
1571 5240 1765 5295 auxilio
1804 5242 2014 5299 :multo

433 5338 604 5410 magis
630 5351 748 5401 nos,
779 5336 869 5406 qui
898 5334 1038 5388 viam
1066 5349 1183 5402 qua:
1214 5331 1358 5386 ducit
1387 5331 1437 5384 in
1455 5331 1639 5386 calum
1669 5331 2008 5402 ingredimur.

437 5431 564 5485 Cum
610 5428 803 5484 dederit
846 5425 1039 5481 dilectis
1082 5423 1189 5478 suis
1230 5440 1481 5478 somnum.
1513 5423 1566 5478 3.
1609 5422 1737 5478 Ecce
1766 5425 2015 5480 hereditas

436 5521 683 5586 homini,
734 5518 856 5587 ﬁlii.
907 5516 1214 5588 Cujnsntodi
1278 5527 1360 5572 est
1417 5516 1530 5570 haec
1580 5517 2014 5589 consequentia?

499 5697 581 5757 (a)
600 5694 770 5757 Clausa
811 5695 1090 5757 parenthesi
1136 5695 1316 5757 desunt
1351 5695 1400 5746 in
1432 5693 1645 5757 ﬁnitio;
1680 5696 1766 5746 sed
1793 5697 1837 5746 ia
1863 5694 2017 5745 omniv

441 5755 531 5809 bus
550 5756 652 5807 aliis
674 5755 932 5815 habentur,
961 5764 1012 5805 et
1034 5756 1093 5804 ad
1116 5756 1297 5805 seriem
1320 5755 1574 5817 quadrent.

1195 380 1254 436 S.
1295 376 1570 436 JOANNIS
1606 365 2077 433 CHRYSOSTOMI
2113 366 2430 425 ARCHIEP.
2472 364 3003 424 CONSTANTINOP.

3597 367 3697 425 561

2124 482 2349 536 Pulchra
2390 482 2643 552 profecto,
2669 480 2825 536 valde
2854 483 3130 535 conterens
3159 478 3442 550 prioribus.
3472 478 3584 534 Hoc
3619 490 3700 537 est

2121 574 2262 627 enim
2296 572 2436 642 quod
2485 572 2610 627 dicit
2645 590 2657 625 :
2687 572 2743 627 Si
2789 571 2929 627 Deus
2970 586 3126 642 opem
3173 586 3276 623 nou
3325 570 3482 635 ferat,
3527 571 3698 624 omnia

2121 665 2622 736 pereunt:quando
2658 676 2835 719 autem
2878 665 2996 725 fert,
3024 674 3147 717 tunc
3177 663 3443 733 jucuudns
3483 672 3566 718 est
3612 679 3699 720 so-

2123 774 2298 818 mnus.
2329 767 2451 811 tuuc
2474 768 2556 811 est
2584 757 2771 823 otium,
2797 766 2849 810 et
2878 757 2982 812 vita
3016 771 3043 809 a
3069 756 3317 826 periculis
3339 756 3524 821 libera,
3548 765 3602 811 et
3621 770 3702 811 se-

2119 851 2342 904 curitate
2373 850 2550 918 plena.

2189 943 2246 996 2.
2286 943 2508 1010 Quando
2535 956 2663 1011 ergo
2691 958 2937 998 somnum
2967 943 3046 998 eis
3088 942 3295 998 dederit
3326 985 3339 1003 .
3368 943 3584 1013 quando
3608 958 3702 999 eos

2123 1033 2367 1090 refecerit
2390 1076 2404 1097 ,
2433 1036 2645 1105 quando
2674 1052 2768 1090 eos
2793 1037 2882 1106 qui
2916 1037 3167 1091 invadunt
3200 1037 3527 1105 propulsarit
3547 1077 3563 1099 .
3596 1052 3703 1092 non

2121 1127 2291 1181 solum
2320 1138 2443 1181 tunc
2471 1128 2806 1184 :editicabunt
2833 1131 3125 1194 civitatem,
3150 1146 3246 1183 nec
3266 1146 3383 1183 eam
3405 1129 3704 1185 solummo-

2120 1217 2190 1270 do
2229 1217 2557 1281 custodient,
2591 1218 2684 1272 sed
2729 1221 2895 1273 multo
2943 1219 3102 1274 etiam
3145 1220 3344 1287 majora
3394 1219 3703 1288 accipient:

2122 1321 2282 1367 erunt
2307 1314 2448 1366 enim
2480 1321 2660 1382 patres
2688 1313 2976 1367 multorum
3019 1312 3270 1378 filiorum,
3303 1321 3357 1367 et
3382 1313 3603 1382 pulchra
3627 1315 3705 1368 eis

2122 1407 2397 1477 augebitur
2428 1408 2657 1463 soboles.
2698 1406 2892 1461 Μαι-σεε
2932 1412 3126 1478 {ructus
3165 1408 3370 1460 ventris.
3403 1408 3555 1460 Alius
3577 1407 3709 1461 dicit

2125 1497 2220 1570 (a),
2254 1498 2444 1553 Merces
2472 1499 2580 1570 ipse
2610 1499 2808 1567 fruetus
2828 1500 3028 1553 ventris.
3054 1498 3187 1564 Quid
3218 1497 3317 1552 hoc
3355 1498 3469 1552 est?
3498 1497 3737 1571 Meroeg

2122 1593 2265 1655 dem,
2323 1590 2517 1660 inquit,
2563 1591 2823 1659 accipient
2878 1604 3215 1643 numerosam
3274 1589 3536 1643 sobolem.
3586 1586 3708 1642 Etsi

2124 1682 2266 1735 enim
2293 1681 2394 1736 hoc
2429 1682 2499 1736 sit
2524 1696 2658 1751 opus
2685 1692 2888 1736 natura:
2916 1722 2931 1747 ,
2962 1681 3174 1751 quando
3200 1693 3375 1735 tamen
3414 1680 3557 1734 Deus
3605 1679 3710 1734 fert

2123 1790 2300 1844 upem,
2330 1787 2393 1828 ea
2426 1772 2629 1827 felicius
2659 1774 2919 1843 procedit.
2951 1773 3082 1828 Nam
3116 1774 3226 1841 ipsa
3263 1788 3475 1842 quoque
3506 1772 3711 1842 indiget

2122 1880 2352 1931 superno
2398 1864 2600 1918 auxilio
2630 1876 2926 1933 :eruntquc
2972 1864 3302 1934 Jcrosolyma
3359 1864 3558 1933 populo
3597 1863 3708 1918 fre-

2124 1957 2357 2026 quentia.
2411 1955 2523 2009 Non
2549 1956 2599 2009 in
2625 1955 2708 2009 his
2729 1966 2903 2009 autem
2934 1955 3103 2010 solum
3130 1954 3595 2010 consisteteorum
3628 1954 3713 2010 fe-

2124 2047 2315 2110 licitas,
2346 2063 2537 2118 nempe
2566 2049 2617 2101 in
2645 2048 3017 2113 :cdificatioue,
3045 2049 3095 2102 in
3122 2048 3385 2114 custodia,
3407 2050 3458 2102 in
3481 2049 3713 2116 sobole;

2121 2138 2214 2192 sed
2240 2137 2322 2192 his
2342 2141 2498 2192 etiam
2523 2140 2623 2193 alia
2648 2139 2923 2194 accedent.
2946 2139 3563 2209 Etustendetmqnmnam
3591 2140 3719 2196 haec

2122 2237 2266 2294 sunt,
2294 2230 2561 2299 subjnugit
2589 2230 2772 2285 dicens
2803 2249 2817 2286 :
2846 2232 2900 2285 4.
2945 2231 3088 2285 Sicut
3113 2232 3311 2301 sagittae
3334 2232 3386 2284 in
3426 2248 3581 2285 manu.
3609 2248 3719 2301 po-

2123 2322 2288 2387 tentis,
2318 2323 2388 2373 ita
2408 2322 2504 2390 ﬁlii
2530 2338 2867 2376 excussorum.
2889 2322 3057 2387 Alius,
3075 2322 3407 2392 Alligatorum
3427 2322 3529 2390 (lt).
3552 2320 3718 2388 Quod

2120 2422 2296 2468 autem
2326 2413 2470 2477 dicit,
2501 2422 2584 2467 est
2606 2413 2865 2483 ejusmodi
2895 2428 2910 2466 :
2940 2413 3052 2466 Non
3071 2421 3229 2466 erunt
3254 2413 3425 2466 solum
3452 2413 3547 2466 tuti
3567 2414 3715 2468 intra

2121 2505 2315 2557 muenia
2342 2512 2396 2559 et
2422 2502 2473 2556 iu
2500 2504 2630 2558 urbe
2654 2505 2877 2570 munita,
2912 2519 3010 2558 nec
3035 2507 3137 2557 crit
3161 2505 3239 2558 eis
3282 2514 3482 2558 tantum
3517 2520 3715 2559 nume-

2119 2613 2241 2651 rosa
2274 2598 2484 2652 soboles
2502 2639 2516 2662 ,
2545 2597 2638 2652 sed
2665 2606 2824 2652 erunt
2856 2598 3015 2651 etiam
3059 2597 3322 2652 terribiles
3350 2597 3593 2653 hostibus
3611 2641 3627 2663 ,
3652 2607 3714 2652 et

2123 2690 2387 2745 terribiles
2414 2699 2470 2744 ut
2508 2691 2732 2760 sagitta}.
2778 2689 2892 2744 Non
2921 2690 3052 2743 dixit
3089 2698 3267 2744 autem
3299 2690 3542 2743 absolute
3562 2731 3576 2753 ,
3604 2689 3706 2744 Sa«

2120 2782 2263 2852 gitta:
2285 2799 2303 2836 :
2326 2781 2442 2847 sed,
2463 2781 2677 2853 Sugillw
2695 2782 2746 2835 in
2769 2797 2922 2834 manu
2944 2782 3242 2853 potentium.
3270 2780 3383 2834 Non
3409 2789 3534 2835 sunt
3558 2782 3711 2836 enim

2119 2874 2323 2943 sagitta:
2346 2874 2472 2941 ipsa:
2496 2888 2591 2942 per
2614 2888 2674 2928 se
2695 2874 2978 2938 terribiles,
3004 2874 3095 2927 sed
3119 2883 3243 2927 tunc
3268 2873 3481 2943 quando
3515 2885 3713 2929 tenen-

2120 2977 2207 3021 tur
2234 2983 2264 3021 a
2295 2967 2514 3035 potenti,
2539 2975 2762 3020 mortem
2790 2966 3096 3020 minitantes
3123 2967 3186 3020 iis
3215 2981 3347 3035 quos
3365 2965 3706 3020 adoriuntur.

2120 3058 2193 3112 Ita
2219 3073 2345 3127 ergo
2366 3064 2523 3111 erunt
2550 3057 2601 3110 hi
2625 3057 2909 3112 terribiles.
2932 3057 3180 3124 Quinam,
3206 3057 3296 3110 hi?
3323 3054 3451 3109 Filii
3466 3073 3712 3111 excusa»

2118 3166 2251 3203 rum.
2282 3150 2392 3203 lloc
2421 3157 2538 3212 est,
2589 3163 2773 3203 eorum
2801 3151 2887 3218 qui
2937 3161 3089 3202 erant
3130 3150 3254 3202 olim
3293 3148 3582 3213 imbecilli,
3613 3149 3708 3218 qui

2121 3241 2280 3295 vincti
2321 3250 2372 3295 et
2402 3240 2624 3310 alligati.
2653 3240 2864 3294 Priores
2887 3240 3029 3295 enim
3055 3255 3141 3294 res
3172 3240 3427 3293 adversas
3464 3241 3544 3292 eis
3586 3240 3702 3294 fre-

2118 3341 2344 3401 quenter
2372 3331 2424 3385 in
2469 3332 2780 3385 memoriam
2808 3332 2999 3400 redigit
3046 3331 3097 3384 in
3130 3342 3369 3399 tempore
3397 3330 3701 3397 felicitatis,

2119 3431 2177 3477 ut
2199 3433 2431 3477 tuentem
2464 3438 2649 3477 eorum
2678 3423 2821 3476 omni
2850 3439 2912 3476 cx
2944 3432 3092 3491 parte
3123 3422 3390 3491 corrigat,
3421 3433 3477 3476 et
3508 3438 3603 3491 per
3637 3436 3705 3482 ea

2118 3530 2235 3583 qua:
2260 3515 2396 3582 passi
2432 3523 2558 3569 sunt
2582 3556 2595 3579 ,
2627 3524 2679 3569 et
2707 3529 2736 3566 a
2773 3514 2963 3583 quibus
2995 3527 3117 3567 sunt
3160 3513 3400 3580 liberati,
3430 3524 3482 3566 et
3513 3529 3609 3583 per
3635 3528 3701 3567 ea

2118 3623 2236 3675 qua:
2258 3614 2671 3676 consrqueutur.
2700 3606 2753 3661 5.
2786 3603 2972 3669 Beatus
3000 3607 3092 3670 vir,
3118 3606 3201 3677 qui
3247 3605 3472 3675 implebit
3492 3605 3698 3659 deside-

2118 3699 2249 3750 rium
2278 3713 2425 3750 suum
2447 3715 2508 3751 ea:
2541 3699 2662 3767 ipsis
2686 3713 2703 3760 ,‘
2733 3714 2834 3751 non
2859 3698 3229 3766 confundantur
3248 3738 3261 3758 ,
3287 3714 3400 3750 cum
3431 3699 3704 3768 loquentur

2118 3790 2330 3842 inimicis
2356 3790 2462 3844 suis
2488 3790 2538 3842 in
2560 3803 2725 3860 porta.
2759 3791 2905 3844 Alius
2944 3789 3091 3853 dicit,
3118 3789 3302 3842 Beatus
3321 3831 3335 3855 ,
3365 3790 3451 3860 qui
3473 3788 3702 3859 implebit

2120 3879 2413 3948 pharetram
2440 3897 2581 3932 suam
2613 3896 2674 3934 ea:
2716 3881 2839 3949 ipsis
2873 3878 2974 3951 (c).~
3001 3879 3053 3933 Id
3076 3892 3157 3934 est
3196 3897 3209 3933 :
3243 3881 3353 3934 Hoc
3378 3896 3593 3951 quoque
3618 3883 3696 3935 eis

2116 3971 2306 4035 aderit,
2336 3970 2499 4025 robur
2517 3971 2775 4041 corporis,
2809 3983 2980 4026 terror
3000 3972 3089 4041 qui
3120 3988 3222 4024 non
3252 3974 3447 4041 poterit
3470 3974 3701 4027 sustinev

2118 4061 2182 4126 ri,
2215 4062 2429 4131 pulchra
2455 4070 2508 4116 et
2529 4078 2810 4117 numerosa
2843 4062 3040 4133 proles,
3072 4064 3332 4117 securitas
3353 4105 3367 4127 ,
3408 4065 3555 4118 urbis
3583 4065 3701 4132 pul-

2117 4152 2361 4207 chritudo
2382 4193 2395 4215 ,
2429 4153 2647 4207 victoria
2674 4165 2727 4207 et
2763 4164 2958 4222 tropma
2996 4155 3047 4207 in
3091 4155 3267 4210 bellis.
3310 4155 3572 4224 Quocirca
3602 4172 3697 4211 eos

2117 4261 2327 4314 quoque
2366 4246 2552 4300 beatos
2583 4245 2864 4313 praedicat,
2892 4247 2978 4314 qui
3011 4256 3135 4300 sunt
3156 4250 3532 4317 eonsequuturi
3563 4249 3699 4303 hanc

2117 4336 2444 4390 felicitatem.
2491 4338 2655 4390 Erunt
2681 4339 2844 4401 cnim,
2882 4338 3087 4408 inquit,
3117 4340 3327 4393 armati.
3372 4340 3477 4394 Sed
3512 4341 3697 4395 nonin

2118 4429 2200 4483 his
2231 4438 2434 4482 tantum
2462 4430 2716 4483 consistet
2765 4444 2950 4484 eorum
2987 4429 3290 4497 beatitudo,
3320 4447 3502 4485 verum
3536 4433 3695 4487 etiam

2119 4520 2170 4572 in
2197 4534 2262 4573 eo
2290 4520 2431 4588 quod
2456 4535 2558 4572 non
2582 4519 2883 4591 afficientur
2908 4521 3132 4589 pudore.
3164 4522 3285 4575 Non
3324 4524 3699 4591 confundantur

2114 4610 2279 4674 enim,
2310 4609 2494 4679 inquit,
2523 4611 2725 4679 quando
2749 4613 3010 4681 loquentur
3038 4612 3256 4666 inimicis
3289 4614 3394 4667 suis
3423 4615 3476 4668 in
3522 4625 3694 4685 porta.

2116 4701 2375 4769 Quidnam
2421 4711 2504 4755 est
2544 4701 2682 4756 hoc?
2732 4703 3013 4756 Maximum
3069 4712 3368 4772 tropmum,
3429 4707 3696 4761 maximus

2117 4792 2389 4862 splendor,
2418 4792 2715 4861 iucunditas
2742 4808 2944 4848 summa
2977 4802 3031 4847 et
3062 4794 3303 4850 felicitas.
3344 4795 3525 4867 Neque
3553 4799 3698 4853 enim

2118 4886 2195 4938 eis
2215 4883 2619 4952 exprobrabitur
2647 4884 2787 4954 quod
2811 4885 2951 4938 Deus
2976 4900 3156 4939 curam
3185 4901 3372 4941 eorum
3400 4904 3695 4958 nongessc-

2120 4976 2219 5043 rit,
2249 4977 2334 5030 vel
2364 4976 2502 5045 quod
2535 4976 2697 5029 Deum
2729 4975 3012 5031 habuerint
3046 4977 3367 5033 imbecillum
3394 5021 3409 5045 ,
3440 4981 3524 5036 vel
3553 4981 3698 5052 quod

2120 5077 2386 5137 potentem
2415 5067 2649 5137 quidem,
2677 5083 2858 5121 verum
2884 5067 2992 5122 suis
3015 5071 3245 5138 peccatis
3259 5072 3561 5141 depulerint
3585 5074 3701 5144 ejus

2181 5248 2254 5311 (a)
2285 5247 2397 5315 Quis
2417 5248 2481 5297 sit
2502 5247 2580 5315 hic
2615 5254 2861 5315 interpres
2890 5256 3158 5310 ignoratur.
3193 5257 3304 5300 Haec
3333 5252 3517 5315 quippe
3566 5254 3710 5305 lectio

2119 5312 2170 5360 in
2192 5308 2418 5371 Hexaplis
2441 5313 2591 5378 posita
2612 5348 2626 5367 ,
2653 5308 3074 5378 ex_Cbrysostomo
3093 5320 3285 5374 sumpta
3306 5308 3382 5362 est
3399 5308 3523 5378 {qui
3553 5317 3708 5367 ίιιωιι.

2122 5380 2311 5435 prelum
2337 5372 2528 5435 nomina
2552 5384 2644 5435 non
2668 5372 2825 5422 affert.

2184 5433 2259 5496 (ὑλ
2289 5440 2415 5481 Hanc
2453 5432 2720 5496 lectionem
2751 5445 2865 5496 esse
2896 5440 3014 5496 puto
3051 5436 3272 5495 septima:
3309 5436 3554 5488 Editionis.
3591 5444 3705 5487 tum

2122 5494 2337 5558 Aquilae,
2361 5494 2652 5559 gymmachi,
2674 5494 3044 5559 Theodotionis,
3076 5494 3335 5559 sextusque
3372 5499 3600 5551 editionis
3633 5498 3704 5549 lo-

2121 5556 2594 5621 ctienesaﬂ'eruutur
2617 5558 2666 5621 in
2690 5556 2916 5621 ltesaplis
2948 5570 3011 5621 ex
3053 5556 3367 5621 Hieronymo,
3394 5568 3447 5609 et
3470 5559 3703 5621 postilla:

2122 5616 2548 5691 omnes_b2tc_qute
2570 5617 2630 5665 ad
2644 5616 2906 5691 septimam
2925 5618 3188 5691 sditionem
3213 5616 3695 5691 perduci-uvidum.

2185 5678 2255 5741 (c)
2271 5685 2399 5746 llaec
2421 5678 2758 5746 interpretatio
2777 5688 2851 5730 est
2868 5681 3007 5743 juxta
3027 5678 3274 5746 Aquilam,
3297 5683 3622 5746 Symmachum
3647 5691 3697 5733 et

2122 5740 2514 5790 Theodotionem.
2541 5741 2859 5805 Hieronymus
2872 5740 3074 5805 quoque
3088 5740 3265 5804 'vertit,
3280 5740 3493 5809 πω,
3520 5743 3696 5810 pltare-

2128 5821 2249 5863 trem
2268 5821 2424 5865 suam,
