4088 6274
378 350 482 405 365

379 464 475 536 τῆς
506 462 775 534 προτέρας
796 458 1045 530 λέγοντες
1080 462 1366 534 οἰκοδομῆς
1407 464 1506 533 τῆς
1547 463 1639 517 τοῦ
1675 462 1953 534 Σολομῶν-

377 564 489 611 τος,
521 544 658 599 ἀλλά
702 547 831 615 περὶ
858 543 1059 616 ταύτης
1100 546 1196 616 τῆς
1230 558 1256 585 ει
1286 545 1531 616 ὕστερον,
1561 548 1660 616 τῆς
1686 545 1822 615 μετά
1856 544 1954 616 τὴν

376 630 487 683 τῶν
517 627 741 698 Περσῶν
777 627 1119 699 ἀπαλλαγήν.
1159 628 1311 680 Ἐπεὶ
1354 625 1446 680 οὖν
1494 627 1658 690 πολὺς
1710 627 1954 697 ἐτρίϐετο

379 714 589 784 χρόνος.
619 711 713 766 καὶ
745 710 838 764 τοῦ
871 711 999 764 ναοῦ
1026 711 1120 763 καὶ
1151 711 1248 780 τῆς
1276 710 1479 773 πόλεως
1510 712 1604 762 καὶ
1623 709 1731 762 τῶν
1759 708 1953 779 τειχῶν

379 795 841 865 οἰκοδομουμένων
880 793 931 861 (δ
964 796 996 864 ἡ
1036 792 1143 864 γὰρ
1177 793 1276 861 τῆς
1308 793 1514 855 πόλεως
1542 792 1819 862 οἰκοδομία
1859 794 1953 845 καὶ

380 878 561 948 πολλῷ
594 877 816 930 πλείονα
845 876 1133 939 ἀνάλωσε),
1162 875 1428 929 παιδεύων
1454 876 1651 938 αὐτοὺς
1677 875 1838 928 πάλιν
1861 876 1953 928 ἐπὶ

376 966 467 1018 τὸν
490 962 619 1016 Θεὸν
646 960 1011 1029 καταφεύγειν
1031 963 1057 1013 0
1072 960 1378 1031 Προφήτης,
1400 959 1569 1012 ταῦτα
1593 959 1949 1031 διεξέρχεται,

375 1046 590 1108 δεικνὺς
619 1046 701 1097 ὅτι
750 1044 930 1097 πάντα
974 1044 1094 1112 εἰκῇ
1129 1042 1221 1094 καὶ
1266 1042 1442 1113 μάτην
1490 1042 1717 1110 γίνεται,
1749 1041 1842 1094 ἐὰν
1875 1041 1950 1112 μὴ

377 1130 473 1198 τὴν
497 1127 650 1196 παρὰ
680 1124 774 1177 τοῦ
804 1124 940 1178 Θεοῦ
980 1124 1153 1193 ῥοπὴν
1181 1125 1610 1177 ἐπισπάσωνται.
1641 1124 1714 1177 00
1745 1123 1853 1193 γὰρ
1886 1123 1950 1194 δὴ

379 1212 540 1282 μόνον
589 1208 648 1262 τὸ
688 1206 1059 1277 αἰχμαλωσίας
1116 1206 1509 1276 ἀπαλλαγῆναι,
1562 1206 1699 1260 ἀλλά
1751 1207 1846 1258 καὶ
1890 1206 1953 1258 τὸ

375 1292 677 1361 ἀναστῆσαι
725 1293 899 1360 τεῖχος
947 1288 1366 1356 ἀπαλλαγέντας
1401 1289 1660 1342 ἀδύνατον
1685 1289 1813 1345 ἄνευ
1853 1290 1951 1358 τῆς

375 1376 469 1429 τοῦ
497 1372 632 1427 Θεοῦ
673 1371 867 1443 ῥοπῆς.
908 1372 1016 1423 Καὶ
1044 1370 1096 1422 τί
1135 1370 1278 1439 λέγω
1300 1371 1492 1441 τειχῶν
1524 1373 1817 1426 ἀνάστασιν
1857 1374 1951 1424 καὶ

376 1457 584 1519 πόλεως
610 1455 930 1525 οίκοδομήνς
977 1453 1114 1506 Ἀλλ’
1149 1454 1269 1507 οὐδὲ
1309 1456 1607 1525 γενομένην
1644 1455 1832 1525 αὐτὴν,
1858 1456 1951 1508 καὶ

376 1538 803 1607 ἀπαρτισθείσαν
837 1536 1068 1605 φυλάξαι
1096 1554 1179 1600 τις
1207 1536 1408 1590 δύναιτ’
1441 1537 1527 1601 ἂν,
1569 1537 1783 1606 ἐκείνης
1814 1539 1951 1608 ἡρη-

382 1621 630 1692 μωμένος
644 1620 742 1688 τῆς
770 1621 1103 1690 συμμαχίας.
1126 1620 1310 1674 Ταῦτα
1332 1620 1386 1672 δέ
1412 1620 1586 1688 ἔλεγε,
1618 1619 1704 1672 διὰ
1735 1621 1949 1674 πάντων

375 1705 573 1766 αὐτοὺς
604 1702 763 1755 πάλιν
790 1703 882 1754 ἐπὶ
914 1702 1012 1772 τὴν
1041 1703 1205 1755 αὑτοῦ
1236 1702 1435 1755 πείθων
1466 1702 1832 1771 καταφεύγειν
1858 1706 1948 1772 ῥο-

379 1790 510 1858 πὴν,
544 1782 685 1839 ὥστε
723 1784 796 1855 μὴ
829 1787 895 1855 τῇ
922 1786 1105 1838 ἀνέσει
1129 1785 1375 1852 γίνεσθαι
1402 1784 1825 1856 ῥᾳθυμοτέρως.
1849 1784 1948 1836 Διά

378 1873 489 1942 γὰρ
513 1871 670 1923 τοῦτο
697 1869 816 1921 οὐδὲ
841 1868 1033 1938 ἀθρόον
1053 1869 1253 1921 ἔδωκεν
1288 1870 1468 1931 αὐτοῖς
1500 1868 1569 1921 τά
1592 1868 1790 1931 ἀγαθὰ,
1811 1866 1947 1921 ἀλλά

376 1953 562 2024 ἡρέμα
602 1952 696 2005 καὶ
718 1951 858 2024 κατά
904 1952 1117 2022 μικρὸν,
1150 1951 1236 2003 ἵνα
1278 1951 1350 2022 μὴ
1382 1951 1515 2021 πρὸς
1551 1951 1647 2020 τὴν
1677 1952 1946 2022 προτέραν

376 2018 858 2107 παλινδρομήσωσι
907 2034 1171 2104 πονηρίαν
1219 2036 1283 2104 τῇ
1333 2034 1564 2104 ταχίστῃ
1608 2035 1715 2087 τῶν
1761 2036 1946 2088 κακῶν

375 2117 684 2187 ἀπαλλαγῇ.
717 2114 877 2169 me;
906 2116 1000 2169 καὶ
1042 2118 1100 2168 ἐν
1131 2116 1268 2187 αὐτῇ
1312 2119 1377 2186 τῇ
1409 2117 1552 2169 δόσει
1587 2116 1693 2168 τῶν
1728 2116 1945 2184 ἀγαθῶν

378 2201 612 2271 συνεχῶς
638 2212 660 2239 ο
694 2199 887 2262 αὐτοὺς
915 2199 1327 2269 ὑπεμίμνησκεν
1354 2202 1409 2251 ἐν
1434 2202 1499 2269 τῇ
1537 2199 1639 2252 τῶν
1676 2200 1945 2270 πολεμίων

375 2285 548 2354 ἐφόδῳ
599 2281 861 2347 διηνεκῶς
916 2279 1236 2349 ἀφυπνίζων
1288 2281 1464 2334 αὐτῶν
1504 2283 1601 2352 τὴν
1650 2282 1940 2354 ρᾳθυμίαν,

378 2369 599 2437 Εἴρηται
628 2366 724 2434 μὲν
743 2360 836 2417 οῦν
858 2363 1159 2425 καθολικῶς
1190 2367 1218 2417 0
1245 2364 1420 2433 λόγος,
1448 2366 1546 2437 τὴν
1571 2367 1742 2436 ἀρχὴν
1765 2367 1821 2418 δὲ
1840 2367 1945 2420 ἀπὸ

375 2450 472 2519 τῆς
500 2448 809 2510 ὑποθέσεως
858 2450 1066 2519 ταύτης
1124 2448 1330 2517 εἴληφε.
1378 2452 1470 2501 Δεῖ
1520 2450 1629 2520 γάρ
1668 2449 1828 2503 αὐτὸν
1860 2452 1944 2518 ἐφ’

377 2534 579 2587 ἅπασιν
612 2532 891 2602 ἁρμόζειν,
926 2532 1023 2601 οὐχ
1054 2533 1138 2584 ἵνα
1168 2533 1322 2585 αὐτοὶ
1340 2532 1692 2603 ῥαθυμῶμεν,
1711 2533 1830 2585 οὐδέ
1861 2533 1947 2586 ἵνα

376 2614 557 2668 ὕπτιοι
587 2612 838 2684 κείμεθα,
873 2614 987 2666 ἀλλ’
1028 2614 1115 2667 ἵνα
1143 2615 1212 2668 τά
1252 2619 1381 2688 παρ’
1421 2616 1631 2669 ἑαυτῶν
1672 2615 1950 2685 εἰσφέρονο

375 2714 485 2764 τες,
516 2698 579 2751 τὸ
608 2699 717 2750 πᾶν
740 2698 832 2749 ἐπὶ
860 2699 951 2749 τὸν
986 2697 1117 2750 Θεὸν
1161 2694 1460 2768 ρίπτωμεν,
1491 2697 1591 2766 τῆς
1620 2698 1826 2761 ἐλπίδος
1852 2700 1949 2768 τῆς

376 2783 584 2835 ἐκείνου
615 2780 904 2843 διαπαντὸς
948 2781 1006 2833 ἐν
1038 2780 1240 2833 ἅπασιν
1273 2782 1695 2852 ἐκκρεμάμενοι.
1740 2783 1949 2852 ’Ὠσπερ

378 2868 486 2937 γάρ
536 2867 634 2918 οὐκ
675 2865 776 2928 ἔνι,
808 2864 900 2917 τοῦ
927 2864 1059 2917 Θεοῦ
1095 2865 1169 2935 μὴ
1214 2864 1552 2935 βοηθοῦντος,
1581 2866 1659 2926 εἰς
1698 2864 1849 2927 τέλος
1881 2866 1949 2918 τὰ

382 2951 677 3020 πράγματα
687 2950 933 3017 ἀγαγεῖνο
949 2948 1141 3011 οὕτως,
1165 2948 1230 3001 ἂν
1248 2949 1275 3000 0
1289 2948 1419 3011 Θεὸς
1441 2947 1625 3019 βοηθῇ,
1647 2948 1949 3019 ἀργοῦντας

381 3032 576 3095 αὐτοὺς
598 3030 739 3103 [556]
775 3032 868 3084 καὶ
904 3031 1368 3094 ἀναπεπτωκότας
1396 3032 1494 3083 οὐκ
1535 3030 1616 3083 ἔνι
1637 3031 1728 3084 τοῦ
1765 3032 1950 3095 τέλους

379 3113 673 3185 ἐπιτυχεῖν.
701 3116 804 3179 Εὶς
830 3113 1023 3181 μάτην
1047 3113 1188 3182 ὑμῖν
1218 3114 1347 3167 ἐστι
1387 3114 1450 3167 τὸ
1479 3112 1780 3181 ὀρθρίζεινο
1798 3115 1950 3184 ἐγεί-

373 3201 555 3265 ρεσθε
582 3198 725 3265 μετὰ
754 3196 823 3248 τὸ
859 3195 1176 3264 καθῆσθαι.
1209 3196 1439 3268 ’Έτερος
1470 3196 1496 3235 ἀ
1536 3196 1590 3249 δέ
1612 3198 1950 3268 ἑρμηνευτής

377 3281 953 3350 φησι,-Βραδύνουσι
990 3278 1306 3347 καθῆσθαι.
1343 3280 1552 3343 Ἄλλος,
1606 3281 1951 3348 Χρονίζουοί

374 3365 482 3419 τοῦ
535 3364 852 3431 καθῆσθαι.
913 3365 979 3415 Ὃ
1031 3363 1088 3415 δὲ
1149 3362 1317 3431 λέγει,
1377 3364 1613 3417 τοιοῦτόν
1669 3366 1806 3416 ἐστι·
1848 3364 1951 3419 κᾶν

374 3446 713 3517 ἀγρυπνῆτε,
752 3445 855 3498 κάν
878 3445 984 3497 ὑπὸ
1004 3446 1102 3515 τὴν
1133 3446 1207 3498 έω
1238 3445 1598 3517 διεγείρησοε,
1632 3446 1949 3518 κάνβραδύ-

376 3546 504 3600 νητε
533 3530 670 3601 πρὸς
703 3529 765 3582 τὸ
790 3528 1184 3594 ἀναπαύεσθαι,
1209 3529 1300 3581 τὸν
1334 3531 1507 3583 πάντα
1533 3530 1722 3599 καιρὸν
1743 3532 1822 3593 εἰς
1855 3532 1952 3584 πό⁴

376 3630 467 3666 νον
490 3614 583 3666 καὶ
606 3612 981 3681 ταλαιπωρίαν
1014 3610 1381 3675 δαπανῶντες,
1418 3611 1483 3664 ἀν
1516 3613 1589 3682 μὴ
1620 3615 1720 3683 τῆς
1743 3613 1950 3666 ἐκεῖθεν

376 3693 719 3765 ἀπολαύσητε
765 3694 956 3764 ῥοπῆς,
1002 3694 1070 3747 τά
1100 3694 1413 3765 ἀνθρώπινα
1448 3695 1621 3747 πάντα
1650 3696 1948 3764 οἰχήσεται,

378 3777 472 3829 καὶ
499 3777 599 3846 τῆς
623 3776 855 3844 σπουδῆς
881 3776 1083 3846 ταύτης
1104 3777 1253 3829 οὐδὲν
1272 3777 1419 3829 ἔσται
1436 3776 1610 3830 πλέον.
1627 3780 1691 3830 Οἱ
1719 3774 1953 3831 ἐσθίον.

377 3874 477 3925 τες
497 3860 678 3926 ἄρτον
697 3858 937 3925 ὀδύνης.
964 3858 1134 3911 Τοῦτο
1164 3858 1333 3925 λέγει,
1359 3858 1572 3922 δεικνὺς
1588 3861 1668 3913 ὅτι
1697 3860 1950 3913 ἐπίπονον

378 3941 516 4004 ἕξων
541 3941 683 4011 βίον,
716 3942 930 3995 ὁπλῖται
984 3942 1078 3995 καὶ
1106 3941 1380 4011 οἰκοδόμοι
1423 3941 1715 4010 γινόμενοι.
1750 3943 1827 4012 Τῇ
1853 3943 1951 4013 μιᾷ

382 4022 624 4095 μὲνγὰρ,
652 4025 804 4094 φησὶ,
837 4024 981 4096 χειρὶ
1022 4024 1241 4092 κόφινον
1280 4023 1576 4087 ἐϐάσταζον
1618 4023 1845 4095 ἣλίθον,
1882 4027 1947 4095 τῇ

377 4105 436 4159 δὲ
469 4108 567 4177 μιᾷ
620 4108 890 4179 μάχαιραν
922 4123 963 4171 ο,
994 4109 1073 4169 εἰς
1104 4107 1164 4160 τὸ
1206 4107 1505 4176 οἰκοδομεῖν
1558 4108 1648 4161 καὶ
1695 4106 1951 4176 πολεμεῖν

380 4191 604 4253 ἑαυτοὺς
619 4190 967 4261 διαιροῦντες,
995 4191 1086 4243 καὶ
1109 4193 1245 4261 μετά
1263 4190 1501 4243 ἀσπίδων
1529 4195 1655 4253 τοὺς
1678 4190 1906 4260 χάλικας
1931 4189 1947 4226 ί

382 4273 732 4345 συνεφόρουν.
780 4272 998 4344 Ἐπειδὴ
1025 4273 1135 4344 γάρ
1158 4273 1373 4342 ἀτειχος
1397 4268 1464 4342 ἦν
1487 4274 1519 4342 ἡ
1542 4272 1696 4336 πόλις
1736 4275 1830 4326 καὶ
1857 4290 1951 4340 γε-

377 4359 734 4428 γυμνωμένη,
768 4357 866 4420 τὰς
889 4358 1119 4428 ἀθρόους
1146 4358 1239 4409 καὶ
1267 4357 1397 4428 παρ’
1431 4355 1621 4408 ἐλπίδα
1652 4355 1761 4408 τῶν
1794 4355 1952 4409 πολε·-

385 4440 524 4510 μίων
582 4441 804 4509 ἐφόδους
858 4441 981 4494 καθ’
1038 4440 1276 4510 ἑκάστην
1332 4440 1726 4502 ὑποπτεύοντες
1780 4438 1948 4510 ὥραν,

379 4524 714 4596 ὡπλισμένοι
742 4524 812 4577 τά
848 4524 1002 4595 τείχη
1032 4523 1251 4592 ὕφαινον
1285 4525 1332 4584 ε,
1360 4524 1454 4576 καὶ
1484 4523 1630 4593 ξίφη,
1672 4523 1764 4576 καὶ
1787 4523 1952 4575 ἀσπί-

379 4606 489 4671 δες,
522 4608 616 4660 καὶ
638 4608 906 4678 μάχαιραι
936 4607 1281 4676 παρέκειντο,
1307 4606 1400 4658 καὶ
1448 4605 1730 4676 πόρρωθεν
1763 4605 1954 4658 σκοποί

381 4704 525 4753 τινες
560 4691 660 4761 τὴν
708 4689 902 4762 ἄδηλον
931 4688 1111 4742 αὐτῶν
1140 4686 1571 4755 ἀπαγγέλλοντες
1607 4687 1815 4758 ἔφοδον,
1861 4688 1956 4741 καὶ

384 4771 756 4836 σαλπίζοντες,
788 4774 970 4825 εἴποτε
1002 4770 1228 4843 ⁴ᾔσθοντο
1255 4770 1452 4832 αὐτοὺς
1485 4769 1767 4842 πόρρωθεν
1783 4770 1958 4824 ἐπιόν-

381 4872 499 4920 τας.
534 4856 694 4910 Ἀλλά
729 4855 831 4909 κᾶν
864 4854 1035 4910 ταῦτα
1080 4855 1289 4924 ποιῆτε,
1331 4852 1485 4923 φησὶ,
1521 4854 1615 4906 καὶ
1642 4853 1805 4926 ἄρτον
1837 4852 1957 4906 ὀδύ-

445 4978 470 5007 '
498 4976 579 5027 Sic
595 4978 758 5027 locum
782 4979 1005 5028 vitiatum
1048 4974 1356 5025 restituimus
1376 4987 1438 5022 ex
1461 4988 1558 5023 uno
1585 4972 1754 5024 codice
1782 4994 1794 5024 :
1840 4981 1956 5025 ante

382 5038 645 5101 legebatur
665 5047 749 5098 τῆς
771 5041 967 5103 ὕστερον
992 5041 1110 5100 μετά
1126 5039 1221 5085 τῶν
1242 5037 1441 5099 Περσῶν
1463 5037 1753 5097 ἀπαλλαγῆς.

443 5109 471 5149 δ
513 5109 646 5168 Hec,
681 5113 710 5167 ἡ
737 5110 932 5170 γάρὶτῆς
966 5109 1151 5162 πόλεως
1175 5105 1423 5168 οἰκοδομία
1460 5107 1541 5154 καὶ
1561 5107 1724 5169 πολλῷ
1763 5105 1957 5154 πλείονα

379 5171 617 5230 ἀνάλωσε,
638 5171 820 5219 desunt
842 5173 887 5219 in
912 5172 1062 5219 Savil.
1135 5208 1141 5213 .

444 5240 468 5303 ἐ
493 5241 705 5303 Συνεχῶς
725 5241 866 5289 deest
904 5241 952 5287 in
980 5239 1126 5303 savii.
1144 5236 1248 5303 _qui_
1266 5235 1338 5286 sic
1358 5235 1524 5303 habet,
1547 5236 1644 5284 τῶν
1663 5236 1850 5297 ἀγαθῶν
1870 5236 1959 5284 00o

377 5301 490 5356 τοὺς
509 5299 852 5363 ὑπεμίμνησκε,
872 5306 929 5363 τῇ
962 5302 1056 5347 τῶν
1078 5299 1335 5361 πολεμίων,
1368 5300 1529 5346 minus
1552 5303 1709 5346 recte.

443 5368 473 5409 ιι
498 5371 613 5436 Hic_
635 5373 885 5433 inlerpres
906 5382 985 5421 est
1028 5371 1225 5436 Aquila.
1256 5374 1484 5432 Sequens
1512 5372 1599 5433 qui
1626 5370 1779 5421 habet
1798 5372 1956 5436 χρονί·

378 5434 513 5485 ζουσι
531 5431 618 5481 τοῦ
640 5431 889 5494 καθῆσθαι,
913 5437 996 5494 qui
1017 5431 1372 5496 slt'ignoratur.

448 5513 479 5567 ἦ
491 5500 649 5567 βαγίι.
675 5504 757 5567 καί
776 5503 865 5566 γὰρ
886 5508 943 5564 τῇ
971 5508 1055 5567 μιᾷ
1076 5505 1195 5567 χειρὶ
1237 5504 1427 5567 κόφινον
1468 5503 1726 5558 ἐϐάσταζον
1751 5504 1782 5560 ἢ
1809 5504 1956 5564 λίθον,

377 5568 436 5624 τῇ
460 5564 513 5611 δὲ
537 5563 674 5626 ἑτέρᾳ
697 5563 947 5626 μάχαιραν.

449 5631 587 5699 [Τὸν
608 5632 845 5699 κάχληκα.
870 5635 953 5699 ξ-ὶσ
970 5647 1113 5699 _uuus.
1136 5641 1284 5699 anug
1325 5635 1394 5683 ita
1412 5639 1556 5699 potat
1580 5634 1693 5699 εον.
1728 5635 1953 5699 ίιιωετε.

449 5649 462 5671 ι
493 5649 587 5681 ἰον
608 5649 845 5740 καχῖηκα.
870 5649 953 5682 mc
972 5649 1113 5688 unus.
1136 5649 1284 5695 atque
1325 5649 1394 5683 ua
1419 5649 1556 5682 nam
1580 5649 1693 5683 δον.
1728 5649 1776 5683 m
1801 5649 1953 5699 marg.

386 5694 481 5763 Alii
499 5694 610 5749 τοὺς
631 5694 849 5763 10110;".
874 5694 1296 5763 ιλιι-ξιιείιυο-νοςίξ
1335 5696 1510 5763 ερόειη
1531 5701 1610 5763 εει
1645 5697 1956 5763 gigqiﬁcalio.
1984 5712 1987 5715 ·

384 5752 493 5805 Mn
517 5752 794 5815 suspibatur
814 5754 962 5803 Savil.
989 5752 1251 5817 legendum
1275 5755 1540 5819 ἀτείχιστος
1559 5756 1616 5815 ἦν
1637 5759 1667 5813 ἡ
1688 5752 1838 5811 πόλις.

442 5825 470 5864 ⁸
498 5821 647 5874 SaYil.
673 5823 995 5886 περιέϐαλλον,
1021 5823 1188 5872 Morel.
1218 5830 1269 5872 et
1301 5838 1483 5888 margo.
1508 5825 1617 5874 Sav.
1649 5826 1855 5887 ὕφαινον.

1438 343 1802 405 ΕΧΡιιδιΤιο
1840 346 1906 402 IN
1947 345 2279 403 PSALMUM
2312 347 2545 403 CXXVI.

3523 356 3626 410 ὅθί

2058 480 2155 533 νης
2186 463 2420 531 ἐσθίητε,
2460 464 2632 553 πάντα
2664 466 2785 535 εἰκῇ
2806 460 3100 553 καὶνμάτην
3131 465 3305 532 ἔσται,
3341 467 3406 521 ἂν
3437 467 3510 540 μὴ
3531 468 3628 539 τὴν

2056 547 2260 601 ἄνωθεν
2294 546 2666 617 ἐπισπάσησθε
2692 545 3024 619 συμμαχίαν.
3062 549 3123 602 El
3148 550 3205 602 δὲ
3227 551 3440 615 ἐκεῖνοι,
3476 554 3628 608 πόλιν

2061 628 2146 679 ἵνα
2174 630 2516 696 ἀναστήσωσι
2549 630 2641 682 καὶ
2660 630 2838 700 τείχη,
2864 628 3129 699 τοσαύτης
3149 630 3355 683 ἐδέοντο
3381 632 3479 702 τῆς
3497 635 3628 689 ἄνω-

2058 710 2148 762 θεν
2174 709 2506 781 συμμαχίας
2543 712 2723 783 πολλῷ
2760 713 2954 782 μᾶλλον
2987 714 3146 782 ἡμεῖς
3174 712 3271 781 τὴν
3299 714 3388 766 ἐπὶ
3412 717 3501 767 τὸν
3534 718 3629 769 00-

2063 792 2218 863 ρανὸν
2250 792 2519 863 φέρουσαν
2540 794 2814 858 ὁδεύοντες
2842 794 2979 848 ὁδόν.
3041 795 3219 847 Ὅταν
3242 793 3324 859 δῷ
3354 796 3477 862 τοῖς
3491 798 3631 866 dra-

2056 876 2265 942 πητοῐς
2286 877 2470 930 αὑτοῦ
2486 877 2699 931 ὕπνον.
2750 878 2902 932 Ἰδοὺ
2930 875 2968 944 ἢ
2988 879 3353 947 κληρονομία
3389 882 3624 947 Ιιύρίιυ,

2056 960 2192 1011 υἱοί.
2217 957 2353 1012 Ποία
2380 957 2516 1028 αὕτη
2548 958 2869 1024 ἀκολουθίας
2900 960 3075 1032 Πολλὴ
3109 960 3207 1020 μὲν
3236 961 3327 1014 καὶ
3357 963 3631 1033 συνημμέ-

2056 1058 2118 1111 νη
2154 1043 2265 1104 τοῖς
2298 1040 2600 1112 προτέροις.
2628 1044 2692 1095 Ὃ
2716 1041 2825 1113 γὰρ
2850 1041 3016 1111 λέγει,
3046 1043 3207 1096 τοῦτό
3236 1044 3402 1096 ἐστιν·
3427 1045 3521 1097 ἐὰν
3552 1046 3627 1117 μὴ

2053 1123 2122 1176 τὰ
2144 1125 2271 1194 παρ’
2302 1123 2494 1176 ἑαυτοῦ
2530 1125 2558 1176 0
2588 1124 2718 1186 Θεὸς
2744 1120 2773 1158 ¹ι
2812 1126 3089 1197 παράσχῃ,
3118 1125 3294 1178 πάντα
3332 1129 3474 1197 εἰκῇ·
3501 1129 3628 1180 ὅταν

2053 1206 2110 1259 δὲ
2127 1207 2193 1259 τά
2224 1209 2352 1277 παρ’
2380 1204 2573 1259 ἑαυτοῦ
2596 1205 2873 1279 παράσχῃ,
2888 1207 3008 1260 τότε
3029 1212 3122 1261 καὶ
3147 1206 3312 1273 ὕπνος
3329 1210 3480 1277 ἡδὺς,
3516 1211 3626 1263 τότε

2055 1291 2148 1342 καὶ
2196 1291 2400 1354 ἄνεσις,
2455 1290 2547 1342 καὶ
2592 1288 2705 1360 ζωὴ
2762 1290 3022 1345 κινδύνων
3075 1292 3497 1364 ἀπηλλαγμένη,
3535 1294 3629 1346 καὶ

2053 1372 2349 1440 ἀσφαλείας
2373 1373 2637 1443 γέμουσα.

2125 1454 2189 1523 β’.
2202 1454 2370 1507 Ὅταν
2383 1450 2475 1508 οῦν
2486 1453 2559 1525 δῷ
2572 1456 2751 1519 αὐτοῖς
2766 1455 2795 1508 0
2804 1474 2953 1520 πνον,
2967 1458 3096 1510 ὅταν
3108 1457 3323 1511 ἀναπαύ
3332 1473 3398 1530 σῃ
3410 1456 3623 1521 αὐτοὺς,

2052 1538 2179 1590 ὅταν
2209 1537 2615 1609 ἀποκρούσηται
2638 1540 2762 1602 τοὺς
2780 1540 3050 1605 ἐπιόντας,
3079 1542 3140 1594 00
3166 1542 3323 1611 μόνον
3341 1540 3625 1610 οἰκοδομή-

2053 1637 2205 1674 σουσι
2235 1622 2356 1674 τότε
2378 1622 2477 1689 τὴν
2514 1621 2689 1686 πόλιν,
2715 1623 2775 1675 00
2807 1623 2967 1693 μόνον
2992 1624 3338 1692 φυλάξουσιν,
3369 1624 3502 1677 ἀλλά
3532 1622 3627 1677 καὶ

2050 1705 2119 1759 τὰ
2153 1704 2331 1775 πολλῷ
2383 1704 2602 1775 μείζονα
2660 1705 2946 1775 λήψονται·
3001 1707 3235 1777 πατέρες
3281 1707 3389 1776 γὰρ
3415 1706 3628 1761 ἔσονται

2052 1788 2253 1841 παίδων
2282 1787 2512 1851 πολλῶν,
2547 1787 2642 1839 καὶ
2680 1789 2749 1840 τὰ
2782 1789 2882 1858 τῆς
2911 1789 3193 1851 εὐτεκνίας
3226 1790 3408 1851 αὐτοῖς
3430 1788 3629 1841 ἐπιδώ-

2054 1889 2155 1928 σει.
2197 1872 2258 1923 Ὀ
2283 1871 2503 1940 μισθὸς
2526 1870 2633 1924 τοῦ
2674 1871 2905 1938 καρποῦ
2932 1867 3042 1938 τῆς
3072 1871 3350 1940 γαστρός.
3378 1870 3623 1940 Ἕτερος,

2050 1951 2278 2018 Μισθὸς
2318 1956 2351 2007 ό
2392 1953 2622 2021 καρπὸς
2680 1953 2788 2021 τῆς
2849 1952 3126 2022 γαστρός.
3189 1954 3254 2005 Τί
3292 1955 3408 2006 ἐστι
3440 1952 3622 2019 τοῦτο;

2051 2035 2276 2098 Μισθὸν,
2306 2036 2458 2106 φησὶ,
2509 2036 2768 2108 λήψονται
2813 2035 2910 2106 τὴν
2955 2035 3257 2089 εὐπαιδίαν.
3288 2037 3351 2089 Εἰ
3383 2036 3491 2108 γὰρ
3533 2038 3629 2090 καλΙ

2049 2120 2148 2187 τῆς
2178 2117 2392 2187 φύσεως
2432 2118 2592 2189 ἔργον
2618 2118 2680 2171 τὸ
2712 2119 3018 2187 γινόμενον·
3044 2117 3158 2172 ἀλλ’
3194 2119 3321 2172 ὅταν
3347 2119 3376 2171 0
3405 2118 3534 2182 Θεὸς
3559 2119 3628 2174 τὰ

2052 2203 2179 2271 παρ’
2198 2201 2391 2254 ἑαυτοῦ
2425 2201 2682 2273 παράσχῃ
2704 2195 2766 2268 ἶ,
2819 2201 2914 2255 καὶ
2939 2198 3079 2271 αὕτη
3111 2200 3272 2254 πλέον
3319 2201 3625 2271 δραμεῖται.

2050 2284 2159 2337 Καὶ
2189 2284 2296 2354 γὰρ
2313 2285 2406 2337 καὶ
2435 2282 2570 2356 αὕτη
2612 2284 2712 2353 τῆς
2749 2282 2957 2337 ἀνωθεν
2983 2283 3155 2336 δεῖται
3184 2284 3376 2353 ῥοπῆς,
3419 2284 3512 2336 καὶ
3533 2301 3627 2337 κο-

2053 2368 2215 2435 μάσει
2242 2367 2320 2436 τῷ
2344 2367 2540 2438 πλήθει
2584 2367 2658 2420 τά
2699 2366 3067 2437 Ἰεροσόλυμα.
3101 2367 3214 2420 Οὐκ
3246 2369 3303 2420 ἐν
3345 2367 3547 2430 τούτοις
3569 2367 3626 2420 δὲ

2049 2448 2198 2501 ἔσται
2226 2449 2293 2502 τὰ
2322 2449 2420 2520 τῆς
2445 2450 2745 2521 εὐημερίας
2770 2449 2948 2519 μόνον,
2976 2442 3086 2501 οἷον
3104 2450 3159 2500 ἐν
3176 2450 3241 2519 τῇ
3274 2446 3287 2497 i
3326 2449 3624 2519 οἰκοδομίᾳ,

2049 2534 2105 2585 ἐν
2124 2536 2188 2604 τῇ
2226 2534 2463 2604 φυλακῇ,
2488 2537 2544 2587 ἐν
2564 2536 2628 2604 τῇ
2655 2532 2925 2602 εὐτεκνίᾳο
2957 2531 3093 2585 ἀλλά
3114 2532 3209 2586 καὶ
3231 2531 3317 2584 ἐτε
3328 2549 3395 2603 ρα
3415 2533 3627 2594 τούτοις

2049 2616 2364 2685 προσέσται.
2394 2617 2505 2670 Καὶ
2552 2617 2764 2680 δεικνὺς
2799 2619 2925 2669 ποῖα
2970 2615 3161 2678 ταῦτα,
3195 2616 3393 2683 ἐπάγει
3429 2616 3624 2684 λέγων’

2050 2699 2199 2771 [5571
2266 2699 2421 2753 Ὠσεὶ
2445 2698 2602 2764 βέλη
2633 2700 2705 2752 ἐν
2746 2698 2895 2768 χειρὶ
2943 2699 3230 2759 δυνατοῦ,
3279 2699 3467 2764 οὕτως
3507 2699 3625 2752 vlo!

2048 2780 2166 2833 τῶν
2179 2780 2695 2850 ἑκτετιναγμένων.
2720 2782 2964 2851 Ἕτερος,
3000 2780 3122 2833 Τῶν
3154 2779 3445 2847 πεδητῶν.
3481 2782 3545 2832 Ὃ
3568 2779 3627 2832 δὲ

2049 2864 2212 2931 Λέγει,
2249 2863 2487 2917 τοιοῦτόν
2514 2863 2678 2915 ἐστιν·
2695 2861 2795 2915 οὐκ
2820 2862 3034 2915 ἔσονται
3067 2862 3124 2914 ἐν
3147 2861 3413 2931 ἀσφαλείᾳ
3429 2861 3625 2931 τειχῶν

2053 2947 2232 3016 μόνον,
2271 2944 2392 2999 οὐδὲ
2409 2948 2466 2997 ἐν
2490 2944 2642 2997 πόλει
2670 2945 2859 3013 ὀχυρᾷ,
2890 2942 3009 2996 οὐδὲ
3034 2945 3091 2995 ἐν
3110 2944 3335 3014 εὐθηνίᾳ
3366 2943 3473 2995 τῶν
3494 2944 3626 2997 παί-

2047 3028 2173 3089 δων,
2198 3029 2333 3081 ἀλλά
2377 3029 2471 3080 καὶ
2500 3027 2722 3097 φοϐεροὶ
2759 3029 2871 3088 τοῖς
2900 3026 3195 3096 πολεμίοις
3239 3029 3330 3079 καὶ
3369 3026 3512 3079 οὕτω
3534 3044 3630 3097 φο-

2049 3112 2197 3183 ϐεροὶ
2219 3111 2294 3175 ὡς
2327 3110 2396 3163 τά
2422 3110 2570 3179 βέλη.
2624 3109 2736 3178 Οὐχ
2776 3108 2962 3172 ἁπλῶς
2992 3108 3069 3166 δὲ,
3108 3108 3287 3175 Βέλη,
3335 3108 3471 3171 ἀλλ’,
3527 3110 3630 3163 Ἐν

2048 3194 2194 3263 χειρὶ
2226 3192 2342 3246 τῶν
2361 3191 2655 3245 δυνατῶν.
2683 3190 2830 3244 Αὑτά
2858 3190 2965 3261 γάρ
2989 3190 3110 3244 καθ’
3130 3190 3301 3245 ἐαυτά
3332 3192 3392 3244 00
3420 3190 3627 3262 φοϐερά

2047 3278 2118 3330 τὰ
2148 3275 2298 3345 βέλη,
2330 3274 2443 3327 ἀλλ’
2494 3275 2621 3326 ὅταν
2645 3272 2750 3326 ὑπὸ
2780 3272 3004 3326 δυνατοῦ
3041 3273 3360 3342 κατέχηται,
3395 3273 3623 3327 θάνατον

2048 3357 2372 3412 ἀπειλοῦντα
2396 3360 2507 3419 τοῖς
2537 3357 2800 3409 ἐπιοῦσιν.
2833 3352 3020 3422 Οὕτως
3037 3351 3128 3408 οὖν
3163 3357 3376 3408 ἔσονται
3408 3356 3628 3424 φοϐεροὶ

2048 3435 2216 3497 οὗτοι,
2241 3434 2422 3497 Οῦτοι,
2460 3442 2637 3504 ποῖοι;
2698 3442 2760 3492 Ol
2787 3439 2904 3493 υἱοὶ
2940 3436 3062 3491 τῶν
3103 3438 3624 3508 ὲκτετιναῃιένων.

2049 3524 2329 3586 Τουτέστι,
2359 3522 2467 3575 τῶν
2497 3538 2625 3574 ποτε
2657 3521 3056 3590 ὴσθενηκότων,
3087 3521 3192 3574 τῶν
3213 3522 3626 3591 πεπεδημένων.

2063 3606 2490 3676 Ἀναμιμνήσκει
2515 3604 2624 3675 γὰρ
2641 3606 2837 3667 αὐτοὺς
2863 3604 3101 3674 συνεχῶς
3125 3605 3219 3657 καὶ
3235 3605 3332 3674 τῆς
3358 3605 3629 3674 προτέρας

2048 3688 2383 3760 δυσημερίας
2399 3688 2456 3739 ἐν
2484 3687 2562 3759 τῷ
2578 3686 2757 3756 καιρῷ
2786 3689 2884 3757 τῆς
2914 3686 3231 3757 εὐημερίας,
3261 3688 3344 3739 ἴνα
3366 3686 3628 3741 πάντοθεν

2050 3773 2227 3826 αὐτῶν
2259 3770 2475 3842 ὀρθώσῃ
2524 3770 2623 3841 τὴν
2664 3769 2921 3832 διάνοιαν,
2958 3771 3051 3822 καὶ
3084 3768 3141 3834 ἐξ
3172 3763 3245 3821 ὧν
3262 3768 3481 3833 ἔπαθον,
3527 3769 3626 3820 καὶ

2050 3856 2145 3924 ἀφ’
2167 3848 2241 3907 ὧν
2268 3854 2681 3924 ἀπηλλάγησαν,
2718 3854 2811 3905 καὶ
2840 3852 2899 3917 ἐξ
2927 3847 3001 3906 ὧν
3038 3851 3429 3905 ἀπολαύσουσι.
3497 3853 3621 3903 Ma-

2050 3936 2250 4004 κάριος
2270 3938 2599 4003 ἄνθρωπος,
2615 3935 2682 4000 ὃς
2706 3934 3004 4003 πληρώσει
3030 3935 3145 4002 τὴν
3175 3934 3493 4002 ἐπιθυμίαν
3520 3935 3620 3987 αὺ-

2049 4019 2155 4074 τοῦ
2209 4019 2277 4083 ἐξ
2343 4017 2575 4071 αὐτῶν·
2627 4020 2699 4071 οὺ
2751 4018 3413 4087 καταισχυνθήσονται,
3473 4016 3621 4068 ὅταν

2040 4101 2274 4156 λαλῶσι
2304 4100 2432 4168 τοῖς
2450 4101 2685 4171 ἐχθροῖς
2704 4100 2903 4154 αὐτῶν
2919 4099 2989 4152 ἐν
3008 4099 3193 4164 πύλῃ
3215 4097 3341 4148 ’Έτε
3351 4096 3439 4163 ρός
3463 4107 3618 4163 φησι·

2044 4184 2378 4253 Μακάριος,
2415 4185 2484 4250 ὃς
2522 4184 2830 4250 πληρώσει
2864 4180 2977 4249 τὴν
3009 4180 3307 4249 φαρέτραν
3336 4177 3522 4231 αὑτοῦ
3555 4176 3623 4238 ἐξ

2043 4267 2263 4323 αὐτῶν.
2291 4268 2600 4331 Τουτέστιν,
2633 4269 2714 4321 ὅτι
2756 4267 2847 4320 καὶ
2878 4266 3036 4318 τοῦτο
3081 4265 3267 4325 αὐτοῖς
3305 4262 3622 4331 προσέσται,

2051 4348 2276 4418 δύναμις
2306 4346 2574 4417 σώματος,
2599 4343 2759 4415 φόϐος
2781 4343 3122 4409 ἀνύποιστος,
3159 4344 3433 4406 εὐπαιδία,
3466 4343 3636 4410 ἀσφά-

2052 4431 2191 4493 λεια,
2228 4429 2434 4491 πόλεως
2464 4427 2679 4490 κάλλος,
2735 4426 2851 4498 νίκη
2880 4429 2971 4479 καὶ
3002 4427 3239 4497 τρόπαια
3268 4428 3324 4479 ἐν
3349 4426 3624 4497 πολέμοις.

2056 4513 2147 4566 Διὸ
2176 4516 2270 4566 καὶ
2311 4511 2604 4581 μακαρίζει
2632 4509 2828 4572 αὐτοὺς
2859 4509 2984 4572 τοὺς
3016 4510 3309 4579 μέλλοντας
3332 4509 3627 4562 ἀπολαύειν

2055 4595 2257 4663 ταύτης
2295 4594 2393 4664 τῆς
2454 4591 2773 4662 εὐημερίας.
2820 4593 3076 4646 Ἔσονται
3138 4594 3267 4663 γὰρ,
3315 4593 3468 4661 φησὶ,
3496 4592 3629 4645 καθ-

2054 4678 2405 4748 ωπλισμένοι.
2454 4675 2592 4728 Ἀλλ’
2624 4674 2725 4727 οὐκ
2757 4675 2814 4726 ἐν
2851 4675 3059 4739 τούτοις
3087 4677 3217 4729 ἰστῶ
3269 4677 3293 4717 ι
3328 4677 3419 4730 τὸν
3454 4693 3630 4746 μακα-

2060 4760 2270 4832 ρισμὸν,
2293 4758 2429 4812 ἀλλά
2446 4758 2528 4811 ὅτι
2545 4757 2646 4811 οὐκ
2668 4757 3143 4828 αἱσχυνθήσονται.
3177 4761 3258 4813 Οὐ
3276 4776 3633 4827 καταισχυν-

2055 4842 2345 4907 θὴσονται
2366 4840 2496 4911 γάρ,
2533 4840 2718 4910 φησὶν,
2776 4838 2922 4892 ὅταν
2949 4839 3187 4895 λαλῶσι
3230 4840 3353 4906 τοῖς
3396 4840 3631 4909 ἐχθροῖς

2055 4922 2343 4980 αὐτῶνὲν
2388 4924 2574 4991 πύλῃ.
2606 4923 2671 4975 Τί
2719 4939 2848 4976 ποτε
2894 4924 3049 4977 τοῦτό
3081 4927 3223 4989 ἐστι;
3260 4924 3333 4977 Τὸ
3376 4924 3631 4994 μέγιστον

2057 5008 2339 5080 τρόπαιον,
2398 5007 2431 5076 ἡ
2498 5006 2729 5076 μεγίστη
2778 5005 3119 5076 λαμπρότης.
3172 5009 3204 5075 ἡ
3247 5004 3628 5074 φαιδρότηςνή

2060 5090 2415 5161 μακαριότης.
2466 5089 2541 5142 Οὐ
2575 5088 2828 5159 μέλλουσι
2850 5088 2958 5159 γὰρ
2986 5086 3003 5126 1
3045 5086 3394 5150 ὀνειδίζεσθαι
3422 5085 3498 5146 ὡς
3530 5086 3629 5137 οὐκ

2057 5173 2459 5235 ἀπολαύσαντες
2508 5173 2601 5241 τῆς
2638 5170 2731 5224 τοῦ
2769 5171 2902 5223 Θεοῦ
2938 5170 3210 5240 προνοίας,
3244 5168 3276 5237 ἢ
3312 5167 3387 5230 ὡς
3426 5167 3628 5238 ἀσθενῆ

2057 5259 2188 5311 Θεὸν
2245 5256 2556 5326 ἐσχηκότες,
2590 5253 2622 5323 ἢ
2663 5253 2736 5316 ὡς
2773 5253 2996 5306 δυνατὸν
3052 5253 3170 5322 μὲν,
3214 5252 3277 5303 ὲκ
3312 5250 3368 5302 δέ
3398 5247 3505 5303 τῶν
3548 5252 3624 5303 ol-

2058 5340 2221 5393 κείων
2259 5336 2669 5408 ἁμαρτημάτων
2704 5336 2802 5405 τὴν
2848 5336 3105 5406 πρόνοιαν
3155 5334 3253 5403 τὴν
3306 5332 3471 5386 αὐτοῦ
3516 5332 3632 5387 δια-

2057 5422 2438 5493 κρουσάμενον
2492 5416 2627 5470 ἀλλὰ
2673 5416 2762 5469 διά
2806 5418 3023 5470 πάντων
3071 5416 3370 5486 κομῶντες,
3414 5415 3502 5469 διὰ
3532 5417 3626 5489 τῆς

2058 5505 2284 5566 πόλεως,
2316 5500 2405 5554 διὰ
2431 5499 2538 5553 τῶν
2570 5498 2784 5568 τειχῶν,
2818 5500 2905 5553 διὰ
2955 5500 3053 5569 τῆς
3096 5499 3365 5570 φυλακῆς,
3395 5499 3486 5554 διὰ
3521 5500 3633 5559 τῶν

2118 5586 2144 5624 h
2170 5585 2319 5635 Savil.
2344 5583 2404 5630 τὰ
2435 5578 2580 5628 αὐτοῦ
2604 5580 2739 5633 Θεὸς.

2125 5647 2140 5687 ι
2172 5646 2320 5696 Savil.
2346 5646 2407 5691 τά
2423 5642 2532 5703 παρ’
2547 5638 2698 5703 αὐτοῦ
2720 5641 2963 5703 παράσχῃ.

2128 5708 2141 5757 i
2176 5707 2310 5754 Unus
2329 5700 2599 5767 μόνον,ὀύχ
2622 5700 2719 5747 οἷον
2739 5700 2880 5763 ἐν-τῇ.

2126 5772 2147 5807 ιι
2173 5767 2320 5816 Savil.
2338 5767 2497 5814 ἱστῶν.

2127 5831 2145 5870 1
2174 5830 2255 5879 Sic
2280 5827 2425 5877 Sam.
2452 5825 2502 5874 In
2527 5823 2697 5873 Morel.
2720 5822 2807 5887 γάρ
2831 5823 3020 5875 deerat.
