4088 6274
465 372 569 427 365

463 480 687 543 παίδων,
712 479 801 534 διὰ
845 478 954 535 τῶν
1000 480 1199 540 ὅπλων,
1229 478 1317 532 διὰ
1354 480 1452 550 τῆς
1479 479 1781 550 δυνάμεως,
1812 477 1911 530 οὐκ
1943 475 2035 543 ἐγ-

464 562 900 632 καλυφθήσονται
926 562 1054 625 τοὺς
1104 560 1394 631 πολεμίους
1439 561 1692 631 ὁρῶντες,
1734 559 1868 613 ἀλλὰ
1897 556 2035 628 μετά

464 645 669 714 πολλῆς
696 644 1101 714 ἀπαντήσονται
1127 645 1224 711 τῆς
1264 643 1639 714 ἀνδρειότητος
1677 656 1726 707 ιι,
1757 641 2033 696 καλλωπι-

465 728 702 797 ζόμενοι,
747 728 889 797 μέγα
918 724 1259 797 φρονοῦντες,
1284 726 1669 796 κοσμούμενοι,
1701 724 1789 778 διά
1818 726 2034 778 πάντων

465 809 668 863 τούτων
712 808 804 861 τοῦ
837 807 969 861 Θεοῦ
1002 809 1100 879 τὴν
1134 810 1273 878 ὺπέρ
1297 808 1473 861 αὐτῶν
1502 806 1784 876 ἀντίληψιν
1836 805 2036 858 ἐπιδει-

467 892 755 963 κνυμένου.
789 892 862 944 Τὸ
898 890 1006 961 γὰρ
1060 891 1352 960 κεφάλαιον
1392 890 1500 943 τῶν
1541 888 1784 959 ἀγαθῶν,
1815 888 1908 941 καὶ
1936 890 2035 956 τῆς

470 975 869 1045 μακαριότητος
894 975 928 1045 ἠ
960 974 1208 1046 κορωνὶς,
1233 974 1295 1027 τὸ
1324 973 1580 1026 δύνασθαι
1623 970 1808 1024 λοιπὸν
1843 969 1937 1023 ἐπὶ
1966 971 2032 1038 τῇ

469 1053 561 1111 τοῦ
577 1057 711 1110 Θεοῦ
733 1057 1017 1127 συμμαχίᾳ
1038 1055 1481 1126 κοσμεῖσθαι.Διὸ
1494 1055 1558 1125 δὴ
1583 1053 1677 1107 καὶ
1699 1051 1932 1106 ἐνταῦθα
1944 1051 2036 1104 τὸν

470 1138 625 1207 λόγον
655 1138 940 1205 κατέλυσε,
997 1138 1266 1192 παιδεύων
1298 1138 1541 1200 ἅπαντας
1577 1137 1682 1206 πρὸ
1722 1136 1831 1188 τῶν
1863 1133 2036 1188 ἀλλων

470 1223 722 1275 ἁπάντων
750 1223 954 1275 ἐκεῖνον
982 1221 1071 1274 τὸν
1091 1221 1295 1291 κόσμον
1318 1220 1610 1290 ἐπιζητεῖν,
1636 1220 1729 1273 καὶ
1748 1217 1839 1270 ἐπὶ
1863 1216 2037 1287 τούτῳ

470 1303 873 1374 φαιδρύνεσθαι.
911 1302 1112 1356 Τοῦτον
1140 1302 1318 1356 τοίνυν
1361 1304 1452 1355 καὶ
1491 1304 1653 1371 ἡμεῖς
1683 1299 2034 1370 ζηλώσωμεν,

472 1389 558 1440 ἵνα
585 1388 693 1439 τῶν
720 1387 954 1441 αἰωνίων
999 1386 1343 1457 ἐπιτύχωμεν
1388 1385 1416 1424 ι)
1447 1385 1687 1454 ἀγαθῶν,
1708 1384 1891 1453 χάριτι
1944 1382 2038 1435 xal

471 1470 847 1541 φιλανθρωπίᾳ
874 1469 966 1522 τοῦ
998 1468 1201 1540 Κυρίου
1232 1468 1390 1539 ήμῶν
1416 1467 1589 1538 Ἰησοῦ
1627 1465 1885 1537 Χριστοῦ,
1921 1464 2038 1534 μεθ’

470 1549 529 1608 οὗ
558 1553 636 1622 τῷ
675 1554 848 1624 Πατρὶ
897 1553 930 1623 ή
976 1551 1119 1618 δόξα,
1155 1550 1273 1622 ἅμα
1324 1550 1402 1621 τῷ
1448 1550 1589 1620 ἁγίῳ
1626 1546 1925 1618 Πνεύματι,
1959 1548 2040 1610 είς

469 1638 596 1701 τοὺς
626 1634 830 1697 αἰῶνας
848 1633 955 1687 τῶν
986 1633 1220 1689 αἰώνων.
1255 1633 1446 1704 Ἀμήν.

773 1734 881 1786 ΕιΣ
907 1734 1044 1787 ΤοΝ
1068 1730 1216 1784 ΡΚΖ¹
1236 1731 1539 1785 ΨΑΛΜΟΝ
1566 1728 1733 1801 [558].

540 1817 830 1883 Μακάριοι
856 1815 1079 1878 πάντες
1112 1816 1165 1866 οἱ
1209 1814 1561 1882 φοϐούμενοι
1597 1813 1702 1863 τὸν
1733 1811 1967 1878 Κύριον.

540 1905 609 1952 α’.
625 1899 765 1966 Ὅρα
789 1897 949 1949 αὑτὸν
970 1895 1214 1949 ἐντεῦθεν
1234 1895 1555 1965 ἀρχόμενον,
1583 1893 1710 1945 ἔνθα
1725 1890 2038 1961 κατέληξεν.

474 1982 685 2049 Ὥσπερ
714 1978 822 2049 γὰρ
853 1981 968 2031 ἐκεῖ
994 1977 1080 2030 διὰ
1097 1977 1253 2030 τοῦτο
1278 1978 1473 2040 αὐτοὺς
1495 1975 1848 2047 ἐμακάρισεν,
1870 1976 1951 2028 ὅτι
1979 1973 2041 2026 οὐ

474 2061 947 2131 καταισχύνονται,
1000 2059 1091 2114 τοῦ
1131 2059 1223 2112 τὸν
1259 2059 1390 2112 Θεὸν
1439 2070 1460 2098 ο
1516 2058 1659 2129 ἔχειν
1700 2057 1913 2128 βοηθὸν,
1948 2057 2043 2111 καὶ

478 2145 595 2215 μεθ’
616 2143 843 2197 ἑαυτῶν⁹
874 2143 1014 2196 οὕτω
1058 2143 1150 2195 καὶ
1187 2141 1424 2197 ἐνταῦθα
1466 2140 1717 2195 ἐντεῦθεν
1763 2140 2045 2212 προοιμιά-

476 2229 644 2293 ζεται,
678 2228 869 2295 λέγων·
899 2224 1180 2293 Μακάριοι
1222 2226 1443 2292 πάντες
1470 2228 1525 2279 οἱ
1553 2226 1909 2294 φοϐούμενοι
1938 2224 2044 2277 τὸν

475 2313 712 2379 Κύριον.
747 2310 854 2362 Kal
879 2309 1040 2362 πάλιν
1070 2309 1354 2362 καθολικὸν
1385 2311 1617 2362 ποιεῖται
1637 2308 1918 2375 τὸνλόγον,
1946 2306 2041 2359 ἀπ’

476 2395 696 2448 ἐκείνων
716 2392 894 2446 λαϐὼν
925 2393 1022 2462 τὴν
1058 2393 1250 2462 ἀρχήν.
1279 2393 1389 2445 Kal
1417 2391 1597 2455 καλῶς
1626 2388 1765 2456 εἷπε,
1794 2389 2038 2452 Πάντες’

477 2477 580 2529 κᾶν
610 2474 793 2538 δοῦλός
819 2475 847 2513 (1
894 2491 977 2537 τις
1008 2471 1064 2547 ᾖ,
1103 2474 1202 2527 κᾶν
1232 2474 1516 2542 δεσπότης,
1567 2474 1668 2528 κᾶν
1698 2474 1885 2543 πένης,
1941 2470 2044 2524 κᾶν

476 2561 536 2612 τὸ
564 2559 724 2628 σῶμα
751 2558 1049 2627 ἀνάπηρος,
1093 2556 1201 2609 κᾶν
1232 2555 1498 2621 ὁστισοῦν,
1531 2557 1683 2610 οὐδὲν
1704 2556 1904 2609 τούτων
1934 2572 2043 2607 κω-

476 2641 594 2695 λύει
620 2639 679 2694 τὸ
715 2638 1059 2709 μακαρισμὸν
1081 2638 1267 2692 τοῦτον
1291 2638 1452 2709 ἔχειν,
1478 2639 1536 2692 ὃν
1571 2641 1731 2703 αὐτός
1761 2657 1913 2710 φησι.
1941 2638 2045 2690 Τὸν

480 2726 578 2795 μὲν
613 2724 722 2794 γὰρ
746 2722 903 2776 ἀλλον
940 2722 1028 2775 τὸν
1073 2722 1239 2793 ψευδῆ
1279 2726 1370 2775 καὶ
1397 2724 1799 2793 πεπλασμένον,
1845 2722 1942 2776 καὶ
1985 2721 2045 2775 ὃν

476 2806 660 2860 πολλοὶ
677 2804 913 2876 ζηλοῦσι,
937 2804 1104 2858 πολλὰ
1131 2805 1452 2859 συνελθόντα
1485 2806 1634 2876 μόλις
1659 2808 1814 2859 ποιεῖ’
1853 2804 1952 2858 κᾶν
1973 2803 2046 2874 μὴ

476 2890 653 2943 πάντα
682 2888 982 2960 συνδράμῃ,
1018 2889 1117 2941 οὐκ
1142 2888 1207 2941 ἂν
1236 2889 1442 2956 γένοιτό
1479 2907 1565 2952 τις
1597 2888 1861 2959 μακάριος
1916 2888 2046 2957 παρ’

479 2970 801 3043 ἀνθρώποις·
828 2966 937 3024 οἷόν
964 2988 1013 3023 τι
1040 2970 1200 3037 λέγω
1233 2972 1327 3024 ἐάν
1362 2989 1445 3034 τις
1526 2971 1798 3034 πλούσιος,
1831 2971 1931 3023 οὐκ
1951 2969 2049 3037 ἀρ-

478 3058 564 3109 κεί
601 3053 759 3108 τοῦτο
805 3053 951 3124 αὐτῷ
1005 3055 1142 3124 πρὸς
1204 3055 1570 3124 μακαρισμὸν,
1635 3053 1771 3108 ἀλλά
1829 3053 1908 3105 δεῖ
1954 3052 2048 3104 καὶ

478 3137 688 3203 ὑγίειαν
719 3140 1018 3206 προσεῖναι.
1047 3138 1165 3189 Κᾶν
1189 3136 1298 3206 γὰρ
1328 3136 1578 3199 πλούσιος
1611 3137 1708 3205 μὲν
1727 3132 1783 3209 ᾗ,
1809 3134 1870 3188 τὸ
1890 3134 2048 3204 σῶμα

478 3219 536 3272 δὲ
566 3220 979 3291 πεπηρωμένος,
1007 3218 1231 3290 χωλεύει
1251 3217 1319 3270 τά
1343 3218 1439 3288 τῆς
1460 3218 1857 3290 μακαριότητος
1877 3217 2046 3287 αὐτῷ,

481 3302 570 3354 καὶ
598 3300 707 3354 τῶν
738 3302 1048 3371 πενομένων
1098 3301 1245 3354 ἐστὶν
1296 3298 1643 3370 ἀθλιώτερος.
1675 3300 1864 3354 Πολλοὶ
1920 3299 2049 3369 γοῦν

479 3384 854 3448 πλουτοῦντες,
894 3385 986 3437 καὶ
1014 3383 1151 3453 νόσῳ
1183 3381 1522 3446 παλαίοντες,
1551 3383 1674 3445 τοὺς
1690 3382 1776 3435 διά
1789 3381 1898 3434 τῶν
1927 3399 2048 3435 στε-

479 3468 674 3521 νωπῶν
701 3465 1009 3537 χωροῦντας
1036 3467 1271 3535 πένητας
1291 3466 1676 3537 μακαρίζουσι,
1708 3467 1803 3519 καὶ
1833 3465 2050 3529 ἀθλίους

481 3551 708 3613 ἑαυτοὺς
741 3546 879 3603 εἶναι
917 3549 1195 3620 νομίζουσι
1221 3549 1357 3619 μετά
1384 3549 1492 3602 τῶν
1522 3549 1729 3619 μυρίων
1753 3548 2046 3605 ταλάντων.

481 3633 649 3688 Πάλιν
681 3632 746 3685 ἂν
770 3632 983 3702 ὑγιαίνῃ
1008 3631 1105 3699 μὲν
1126 3632 1186 3684 τὸ
1216 3631 1391 3700 σῶμα,
1418 3632 1511 3685 καὶ
1535 3631 1786 3695 πλούσιος
1814 3628 1871 3704 ᾖ,
1893 3631 2051 3703 δόξης

480 3717 537 3771 δὲ
574 3716 648 3786 μὴ
687 3714 952 3787 ἀπολαύῃ,
979 3715 1163 3785 ἕτερον
1215 3714 1440 3784 κώλυμα
1473 3714 1652 3768 πάλιν.
1679 3715 1789 3768 Kal
1810 3714 1919 3784 γάρ
1947 3713 2050 3768 είσί

481 3815 624 3861 τινες
649 3799 903 3869 χρήματα
939 3798 1037 3867 μέν
1081 3797 1404 3866 κεκτημένοι
1443 3796 1632 3861 πολλὰ,
1673 3797 1765 3850 καὶ
1794 3796 1855 3849 τὸ
1892 3794 2051 3867 σῶμα

482 3880 664 3946 ἀσινὲς
690 3881 923 3952 ἔχοντες,
971 3880 1038 3934 τὰ
1067 3881 1124 3934 δὲ
1152 3881 1424 3952 ἀνήκεστα
1473 3880 1766 3950 πάσχοντες
1812 3879 1916 3932 ὑπὸ
1944 3879 2049 3933 τῶν

480 3969 561 4031 είς
591 3966 878 4036 στρατείαν
910 3964 1225 4027 τελούντων,
1258 3965 1352 4018 καὶ
1383 3963 1700 4017 δυναστείαν
1729 3961 2051 4033 περιϐεϐλη-

484 4049 660 4122 μένων
680 4060 725 4106 θ.
753 4048 842 4119 Τῷ
863 4048 972 4119 γὰρ
1005 4048 1274 4119 μηδεμιᾶς
1296 4047 1541 4116 μετέχειν
1562 4045 1727 4116 τιμῆς
1753 4047 1846 4099 καὶ
1861 4045 2052 4099 ἀθλιω-

479 4131 669 4201 τέρους
702 4131 916 4184 πάντων
946 4131 1169 4193 ἑαυτοὺς
1187 4125 1323 4183 εἶναι
1358 4129 1686 4199 νομίζουσιν,
1713 4126 2050 4181 ὑποκύπτον-

480 4231 592 4277 τες,
617 4207 691 4267 ὧν
719 4213 977 4276 πολλάκις
1009 4212 1223 4276 δούλους
1254 4212 1465 4283 ἔχουσιν
1497 4210 2052 4281 εὐπορωτέρους,Πά-

480 4293 562 4348 λιν
587 4294 653 4352 ἂν
675 4296 800 4361 δόξα
841 4296 939 4366 μὲν
964 4293 1020 4369 ᾖ,
1057 4296 1150 4348 καὶ
1174 4295 1419 4359 πλοῦτος,
1458 4295 1554 4346 καὶ¹
1576 4293 1757 4361 ὑγίεια
1779 4292 2047 4363 σώματος,

481 4376 750 4445 ἀσφάλεια
802 4377 822 4415 ί
875 4378 930 4431 δὲ
988 4379 1061 4448 μὴ
1096 4380 1268 4449 παρῇ,
1323 4376 1779 4430 ἐπιϐουλευόντων
1821 4374 2045 4445 μυρίων,

483 4457 835 4526 φθονούντων,
873 4459 1289 4528 βασκαινόντων,
1326 4461 1645 4529 μισούντων,
1686 4458 2051 4528 κατηγορούν-

484 4559 610 4604 των,
643 4542 1135 4609 συκοφαντούντων,
1164 4543 1379 4596 πάντων
1402 4541 1728 4611 ἀθλιώτερος
1753 4540 1926 4605 ἔσται,
1955 4542 2052 4593 λαο

483 4621 628 4690 γωοῦ
659 4622 770 4691 βίον
797 4623 904 4687 ζῶν
927 4626 954 4676 6
978 4623 1234 4686 τοιοῦτος,
1270 4625 1364 4677 καὶ
1406 4624 1505 4686 τὰς
1528 4622 1684 4685 σκιὰς
1704 4621 2046 4687 ὑποπτεύων,

486 4706 578 4759 καὶ
619 4706 823 4770 πάντας
850 4707 1067 4778 τρέμων
1097 4706 1190 4759 καὶ
1217 4706 1487 4769 δεδοικώς.
1525 4707 1622 4759 “Av
1643 4705 1699 4757 δὲ
1734 4707 1826 4759 καὶ
1846 4705 2049 4759 τούτων

484 4788 794 4859 ἀπαλλαγῇ,
823 4789 1038 4859 φιλῆται
1075 4788 1132 4841 δὲ
1177 4791 1326 4859 παρά
1366 4789 1599 4850 πάντων,
1637 4788 1729 4841 καὶ
1759 4789 1894 4841 κατά
1925 4789 2051 4858 ῥοῦν

483 4873 630 4943 αύτῷ
686 4875 914 4944 φέρηται
953 4872 1150 4938 πάντα,
1212 4874 1304 4927 καὶ
1352 4872 1498 4937 δόξα,
1550 4872 1643 4924 καὶ
1681 4870 1929 4935 πλοῦτος,
1959 4873 2051 4925 καὶ

483 4956 769 5025 ἀσφάλεια,
798 4958 891 5009 καὶ
924 4956 1055 5027 τιμὴ
1085 4955 1239 5027 (ὅπερ
1267 4956 1547 5026 ἀμήχανον
1576 4953 1918 5023 συνδραμεῖν,
1938 4956 2049 5007 ἀλλ’

481 5039 629 5108 ὅμως
668 5039 869 5093 κείσθω
893 5039 970 5110 τῷ
1012 5038 1196 5109 λόγῳ),
1250 5037 1352 5090 κᾶν
1403 5036 1618 5090 ἅπαντα
1664 5036 1843 5088 τοίνυν
1882 5036 2052 5090 ταῦτα

482 5121 733 5195 ἐπιρρέῃ,
769 5122 865 5175 καὶ
901 5122 1065 5193 μηδὲν
1096 5118 1213 5196 ᾖτὸ
1247 5120 1552 5182 διακόπτον,
1586 5117 1721 5170 ἀλλά
1755 5118 1848 5171 καὶ
1870 5117 2051 5174 εὔνοια

479 5202 669 5275 δήμου,
691 5207 784 5259 καὶ
810 5205 966 5278 δόξης
1007 5206 1253 5277 μέγεθος,
1295 5205 1386 5257 καὶ
1427 5201 1722 5272 χρημάτων
1746 5202 2048 5270 περιουσία,

543 5320 572 5386 ξ
596 5321 747 5386 ξδνίι.
769 5329 853 5382 τῆς
872 5323 1180 5386 φαιδρότητος
1195 5325 1256 5386 _el
1276 5332 1387 5368 mox
1409 5316 1772 5378 ἐνδεικνυμένου.

540 5380 571 5422 δ
594 5382 740 5446 Savil.
766 5380 997 5446 ἐτέιτύχεῖν
1028 5384 1314 5446 διξιωθῶμεν.

544 5446 568 5506 ξ
594 5443 740 5506 Savil.
763 5447 833 5506 τῷ
854 5443 934 5493 τὸν
955 5445 1091 5493 Θεὸν.

540 5502 571 5544 ἀ
593 5504 742 5553 Savil.
767 5499 952 5562 πάντες,
980 5507 1134 5563 δηλῶν
1161 5504 1231 5551 ὅτι
1253 5503 1340 5552 κᾶν
1363 5499 1545 5557 δοῦλος.

546 5567 566 5587 ⁸
588 5564 679 5613 Hic
700 5568 905 5615 multum
926 5560 1086 5615 lari-al
1129 5566 1359 5618 Savilius,
1402 5565 1483 5625 qui
1525 5562 1594 5625 sic
1630 5560 1811 5610 habet:
1839 5562 1931 5625 ὑπὸ
1954 5564 2051 5610 τῶν

482 5627 755 5689 δυναστείαν
772 5630 906 5689 περιϐ
917 5628 1202 5689 εϐλημένων,
1231 5628 1311 5673 καὶ
1329 5626 1394 5680 εἰς
1404 5624 1649 5687 στρατείαν
1668 5624 2045 5689 κατασυρόντων.

483 5687 612 5750 Lgco
651 5684 1004 5750 aulgm'hujus
1024 5684 1302 5749 "postrema!
1340 5684 1476 5733 vocis'
1497 5684 1876 5750 κατασυρόντων,
1905 5685 2047 5735 aliam

484 5749 628 5798 affert
650 5746 988 5797 lrclioncm'in
1010 5746 1252 5807 margine,
1266 5760 1444 5807 nempe
1464 5746 1737 5793 τελούντων.

552 5807 571 5844 ί
595 5809 740 5856 Savil.
767 5809 869 5855 haec
891 5810 986 5855 alio
1020 5806 1165 5867 modo
1204 5806 1474 5867 dislingiﬁt.
1505 5819 1680 5867 nempe
1711 5809 1749 5867 ἡ,
1772 5806 1923 5865 ὑγεία,
1948 5807 2047 5852 σώ-

487 5869 800 5939 ματος-ἀσφάλ
812 5885 901 5924 ara,
921 5863 1375 5939 smﬁtusnsgrurilas'
1396 5863 1633 5939 corporis;
1656 5866 1755 5939 Sgd
1780 5863 1954 5938 niehm:
1977 5872 2055 5914 est

490 5926 680 5977 Mnrolli
729 5926 1079 5988 inlerpunclio.
1119 5928 1240 5974 Infra
1274 5927 1368 5973 duo
1410 5940 1522 5988 msg.
1548 5926 1627 5972 καὶ
1657 5926 1827 5988 πάντα,
1871 5929 2052 5987 τρέμων

488 5992 565 6038 καὶ
590 5990 725 6039 δεδνι·
746 5988 810 6044 ci);
854 5984 970 6038 Ibid.
1002 5988 1169 6036 Morel.
1195 5984 1601 6045 ἀπα)λαγῇ.8ε1νὶ1
1645 5984 1955 6044 ἀπήλλακται.

1149 366 1207 423 S.
1248 362 1532 423 JOANNIS
1562 359 2053 424 CHRYSOSTOMI
2087 356 2406 418 ARCHIEP.
2442 357 2985 416 CONSTANTINOP.

2137 474 2231 528 καὶ
2259 474 2508 545 σώματος
2537 476 2736 542 ὑγίεια,
2754 476 2849 529 καὶ
2873 472 3141 542 ἀσφάλεια
3160 470 3327 537 πᾶσα,
3356 472 3452 526 καὶ
3474 470 3535 523 τὸ
3555 470 3711 542 ἀχεί-

2140 574 2311 628 ρωτον
2334 558 2482 629 αὐτῷ
2517 559 2803 631 συντρέχῃ,
2853 556 3131 628 μοχθηρὰν
3174 554 3432 618 πολλάκις
3472 555 3709 608 συνοικί-

2139 656 2238 703 σας
2263 640 2440 710 ἐαυτῷ
2479 644 2729 709 γυναῖκα,
2771 642 2865 693 καὶ
2893 640 3349 710 διεστραμμένην,
3380 636 3709 707 ἀθλιώτερος

2139 725 2354 776 πάντων
2377 722 2484 774 τῶν
2532 722 2682 775 οῦδὲν
2714 723 2938 775 ἐκείνων
2968 721 3203 791 ἐχόντων
3246 719 3470 787 γίνεται.
3502 717 3628 770 Ἐὰν
3654 717 3712 771 δέ

2140 806 2232 858 καὶ
2262 805 2399 876 αὐτὴ
2423 806 2630 877 χρηστή
2646 823 2729 869 τις
2756 801 2812 879 ᾖ,
2835 806 2928 858 καὶ
2957 805 3100 857 κατὰ
3127 802 3249 856 νοῦν
3274 801 3422 871 αὐτῷ
3448 800 3544 854 καὶ
3569 800 3712 853 κατά

2138 887 2362 958 γνώμην
2398 887 2690 957 συμϐαίνῃ,
2739 888 2928 940 παιδία
2951 886 3290 956 κτησάμενον
3314 882 3493 953 φαῦλα
3524 881 3715 935 ἀθλιώ-

2138 985 2295 1039 τερον
2320 969 2536 1022 πάντων
2562 965 2699 1022 εἶναι
2717 970 2928 1037 ἀνάγκη
2957 969 3048 1021 τὸν
3070 966 3327 1020 τοιοῦτον·
3358 966 3392 1035 ἢ
3427 964 3550 1034 μηδ’
3577 964 3713 1027 ὅλως

2140 1051 2482 1121 κτησάμενον
2517 1051 2734 1122 θρηνεῖν
2768 1051 2863 1104 καὶ
2898 1049 3204 1121 ὀδύρεσθαι.
3239 1047 3349 1100 Kal
3372 1045 3523 1117 [359]
3546 1045 3712 1098 ὅπου·

2140 1149 2246 1202 περ
2270 1132 2337 1187 ἂν
2366 1133 2447 1204 ἴδῃ
2475 1150 2559 1196 τις
2584 1132 2692 1186 τῶν
2726 1131 3025 1203 ἀνθρώπων
3055 1134 3101 1194 ε,
3138 1129 3362 1192 πολλοὺς
3382 1127 3573 1195 ὄψεται
3589 1128 3715 1189 τοὺς

2139 1214 2437 1287 κρημνούς.
2470 1216 2582 1268 Καὶ
2608 1214 2660 1268 τί
2693 1215 2772 1268 δεῖ
2790 1213 2955 1268 τᾶλλα
2981 1212 3159 1281 λέγειν
3175 1229 3190 1279 ;
3207 1209 3471 1271 Πολλάκις
3498 1209 3716 1277 οἰκέτης

2142 1295 2412 1368 μοχθηρὸς
2446 1297 2623 1351 πάντα
2680 1296 2943 1367 ἀνέτρεψε
2988 1296 3083 1349 καὶ
3121 1292 3364 1363 συνέχεε,
3414 1290 3508 1345 καὶ
3564 1290 3715 1344 οὐδὲν

2140 1377 2284 1430 οὕτω
2315 1378 2600 1449 σφαλερὸν,
2635 1379 2710 1443 ὡς
2749 1379 2810 1431 τὸ
2847 1380 2905 1431 ἐν
2931 1377 3238 1447 ἀνθρώποις
3268 1374 3463 1444 κομᾷν.

2224 1461 2363 1514 Ἀλλ’
2402 1461 2500 1532 ούχ
2550 1464 2578 1514 6
2606 1462 2697 1515 τὸν
2727 1460 2858 1514 Θεὸν
2894 1459 3226 1530 φοϐούμενος
3270 1455 3529 1519 τοιοῦτος,
3580 1452 3718 1506 ἀλλά

2139 1543 2250 1596 τῶν
2276 1543 2536 1614 κυμάτων
2561 1542 2997 1613 ἀπηλλαγμένος,
3029 1544 3086 1595 ἐν
3115 1540 3323 1611 γαλήνῃ
3351 1537 3585 1607 κάθηται
3623 1536 3716 1589 καὶ

2140 1625 2341 1695 λιμένι,
2375 1625 2473 1696 τὴν
2496 1626 2662 1689 ὅντως
2699 1625 3033 1696 δρεπόμενος
3084 1623 3479 1695 μακαριότητα.
3528 1618 3625 1674 Διά
3651 1619 3716 1689 δὴ

2140 1707 2300 1761 τοῦτο
2327 1708 2503 1761 πάντα
2547 1711 2730 1762 ἐκεῖνα
2761 1707 3135 1779 παραδραμὼν
3176 1707 3204 1757 6
3242 1703 3728 1775 προφήτηςτοῦτον

2146 1792 2438 1861 μακαρίζει
2488 1792 2666 1861 μόνον.
2730 1792 2967 1854 Ἐκεῖνος
3023 1790 3120 1860 μὲν
3150 1787 3258 1858 γὰρ
3288 1789 3317 1840 6
3346 1783 3714 1856 μακαρισμὸς,

2144 1872 2210 1925 ἂν
2244 1873 2318 1943 μὴ
2362 1872 2867 1945 πάντα’συνδράμῃ,
2913 1873 3013 1924 οὐκ
3044 1872 3109 1925 ἀν
3141 1887 3271 1923 ποτε
3302 1868 3482 1937 σταίη⁶
3518 1864 3718 1936 μᾶλλον

2143 1954 2198 2007 δέ
2227 1956 2319 2009 καὶ
2366 1956 2492 2009 ὅταν
2527 1955 2827 2026 συνδράμῃ,
2861 1955 2981 2006 τότε
3037 1951 3321 2005 σαλεύεται
3373 1950 3503 2019 παρ’
3536 1946 3713 2001 αὐτῶν

2144 2037 2362 2089 ἐκείνων
2385 2036 2492 2090 τῶν
2512 2037 2802 2089 τικτόντων
2825 2036 3008 2090 αὐτόν.
3026 2036 3137 2088 Καὶ
3152 2036 3259 2105 γὰρ
3275 2033 3501 2095 πλοῦτος
3512 2029 3722 2084 ἀπώλε-

2146 2135 2225 2181 σε,
2255 2121 2347 2173 καὶ
2384 2120 2519 2191 γυνὴ
2543 2120 2801 2183 πολλάκις
2825 2119 3098 2191 εὔμορφος
3143 2118 3427 2181 κατέλυσε,
3457 2116 3551 2168 καὶ
3570 2115 3720 2167 οἰκε-

2143 2200 2250 2254 τῶν
2278 2202 2433 2270 γένος
2462 2203 2758 2275 προέδωκε,
2780 2204 2874 2257 καὶ
2890 2203 3077 2266 παῖδες
3096 2202 3380 2271 γενόμενοι
3397 2198 3719 2270 πατραλοῖαι

2144 2285 2503 2356 κατέστησαν·
2554 2287 2646 2340 καὶ
2702 2286 2839 2358 ὅπερ
2891 2286 3060 2355 ἔφθην
3112 2284 3305 2348 εἰπὼν,
3360 2281 3529 2335 πολλὰ
3583 2297 3722 2334 παν-

2143 2367 2367 2437 ταχόθεν
2409 2368 2521 2439 ἔχει
2551 2369 2619 2422 τὰ
2666 2370 2908 2440 σφαλερά
2934 2369 2981 2425 ιι.
3018 2367 3281 2422 Ἐνταῦθα
3319 2367 3375 2420 δὲ
3413 2365 3515 2419 κᾶν
3542 2364 3722 2419 πάντα

2148 2452 2352 2523 συρρέῃ
2385 2452 2644 2506 τάναντία
2668 2491 2683 2514 ,
2715 2453 2775 2505 οὐ
2815 2452 2975 2522 μόνον
3011 2452 3162 2504 οὐδὲν
3203 2449 3584 2521 παραϐλάπτει
3626 2447 3719 2499 τὸν

2150 2536 2494 2605 μακαρισμὸν
2520 2534 2728 2598 τοῦτον,
2752 2535 2887 2588 ἀλλά
2909 2535 3002 2588 καὶ
3028 2534 3372 2604 ίσχυρότερον
3400 2531 3563 2584 αὐτὸν
3591 2528 3725 2583 καθ-

2151 2617 2330 2686 ίστησι
2362 2617 2456 2670 καὶ
2483 2617 2873 2688 ἀνδρειότερον.
2895 2616 3012 2671 Κᾶν
3035 2617 3144 2686 γὰρ
3175 2615 3353 2676 πενία,
3376 2615 3479 2666 κᾶν
3501 2612 3722 2683 ἀτιμία,

2147 2700 2249 2753 κᾶν
2273 2701 2520 2770 πήρωσις
2562 2700 2812 2771 σώματος
2855 2695 2923 2774 ᾗ,
2978 2700 3081 2753 κᾶν
3119 2698 3375 2767 γυναικὸς
3424 2696 3721 2766 μοχθηρία,

2147 2783 2250 2835 κᾶν
2274 2782 2462 2845 παῖδες
2495 2782 2777 2853 μοχθηροὶ,
2808 2782 2911 2836 κᾶν
2941 2780 3118 2835 ὁτιοῦν
3140 2780 3323 2854 εἴπῃς,
3344 2779 3441 2848 οὐχ
3481 2780 3721 2831 ὑποσκε-

2147 2864 2280 2928 λίζει
2310 2862 2495 2916 τοῦτον
2527 2864 2618 2916 τὸν
2656 2863 3023 2935 μακαρισμὸν,
3063 2862 3184 2915 οὐδὲ
3219 2859 3613 2932 παρασαλεύει.
3643 2859 3719 2914 Οὐ

2148 2946 2256 3017 γὰρ
2275 2945 2335 3010 ἐξ
2360 2946 2582 3000 ἐκείνων
2615 2945 2726 3016 ἔχει
2755 2946 2852 3017 τὴν
2874 2946 3104 3014 γένεσιν,
3141 2945 3228 2999 ἵνα
3255 2946 3348 2999 καὶ
3378 2944 3469 2997 ὑπ’
3496 2942 3723 2995 ἐκείνων

2152 3031 2360 3102 σείηται
2389 3029 2498 3083 τῶν
2536 3029 3021 3100 παρασυρομένων,
3047 3028 3161 3082 ἀλλ’
3199 3028 3401 3084 ἀνωθεν
3430 3026 3529 3097 τὴν
3566 3025 3722 3095 ῥίζαν

2150 3115 2445 3185 κέκτηται·
2471 3114 2551 3166 διὸ
2580 3114 2675 3166 καὶ
2701 3113 2996 3183 ἀχείρωτος
3022 3114 3192 3184 μένει.
3216 3114 3328 3167 Kal
3358 3114 3406 3164 εί
3442 3110 3718 3183 βούλεσθε,

2150 3196 2236 3251 ἐπ’
2270 3194 2449 3249 αὐτῶν
2481 3194 2588 3247 τῶν
2627 3196 2967 3265 πραγμάτων
3009 3194 3477 3266 μεταχειρίσωμεν
3507 3191 3721 3245 τοῦτον.

2148 3280 2283 3351 Οὐχὶ
2306 3278 2489 3342 δοῦλος
2523 3275 2590 3350 ἦν
2636 3280 2863 3349 Ἰωσήφς
2909 3278 3030 3349 οὐχὶ
3062 3279 3245 3344 ξένος;
3288 3278 3410 3347 οὐχ)⁵
3437 3276 3630 3338 ἄπολις
3654 3283 3668 3310 ι
3703 3290 3721 3339 ;

2148 3364 2268 3433 οὐχὶ
2312 3362 2595 3433 βαρϐάρων
2638 3363 2876 3433 οἰκέτης,
2923 3363 3184 3433 πρότερον
3231 3362 3328 3431 μὲν
3364 3356 3717 3431 Σαρακηνῶν,

2151 3442 2375 3514 ὕστερον
2407 3443 2466 3496 δὲ
2493 3444 2841 3514 ἀγριωτέρων
2875 3445 2982 3499 τῶν
3010 3443 3356 3513 Δίγυπτίων;
3383 3442 3504 3513 οὐχὶ
3536 3439 3721 3513 μοιχὸς

2149 3525 2457 3596 ἐνομίζετος
2505 3527 2566 3579 οὐ
2601 3529 2988 3598 κατηγορεῖτο;
3033 3527 3133 3580 οὐκ
3171 3526 3626 3594 ἐσυκοφαντεῖτος
3656 3523 3718 3575 οὐ

2148 3609 2520 3680 δεσμωτήριον
2562 3607 2730 3679 ᾧκεις
2766 3610 2866 3681 οὐχ
2898 3610 3086 3665 ἅλυσιν
3135 3609 3475 3681 περιέκειτο;
3518 3606 3632 3661 Καὶ
3667 3605 3721 3659 τί

2148 3691 2350 3745 τούτων
2396 3691 2557 3744 αὑτὸν
2610 3690 2874 3761 ἐϐλαψεν;
2927 3691 3089 3746 Ἀλλά
3131 3693 3220 3746 διά
3272 3692 3444 3746 ταῦτα
3494 3691 3592 3761 μὲν
3626 3685 3722 3743 οὖν

2153 3773 2385 3845 μάλιστα
2418 3775 2681 3845 μακάριος
2729 3769 2815 3845 ἦν.
2848 3775 2920 3828 Τὸ
2948 3774 3056 3846 γὰρ
3084 3774 3148 3846 δὴ
3191 3773 3500 3846 θαυμαστὸν
3539 3772 3721 3839 τοῦτο,

2150 3857 2286 3927 ὅπερ
2315 3855 2483 3927 ἔφθην
2511 3848 2713 3920 εἰπὼν,
2745 3856 2826 3910 ὅτι
2858 3856 3012 3910 οὐδὲν
3045 3857 3107 3910 οὐ
3142 3857 3302 3928 μόνον
3330 3856 3718 3928 παραϐλάπτεο

2150 3957 2239 3993 ται
2273 3940 2301 3992 6
2326 3939 2669 4009 μακαρισμὸς
2700 3938 2947 3992 ἐντεῦθεν
2974 3934 3146 4005 οὗτος,
3174 3939 3310 3993 ἀλλά
3340 3941 3435 3992 καὶ
3469 3938 3719 4009 λαμπρό-

2150 4039 2309 4094 τερος
2340 4020 2433 4074 καὶ
2463 4021 2813 4093 φαιδρότερος
2839 4020 3062 4089 γίνεται.
3092 4023 3153 4075 El
3183 4022 3291 4092 γὰρ
3326 4021 3490 4093 μηδὲν
3519 4019 3719 4074 τούτων

2153 4107 2375 4170 ἔπαθεν,
2407 4107 2506 4159 οὐκ
2543 4105 2609 4158 ἂν
2638 4104 2780 4159 οὕτω
2815 4106 3081 4176 μακάριος
3109 4101 3196 4175 ἦν.

2223 4191 2287 4260 β’.
2306 4188 2491 4242 Βούλει
2508 4189 2601 4241 καὶ
2619 4189 2743 4251 τοὺς
2766 4187 3117 4259 σφοδρότερον
3143 4189 3199 4240 ἐν
3222 4188 3389 4259 κακία
3410 4187 3721 4259 διατρίψαν-

2151 4288 2250 4334 τας
2278 4269 2449 4331 είπω,
2495 4264 2615 4323 εἶτα
2646 4268 2841 4338 ἀθρόον
2884 4268 3374 4338 μεταϐαλομένους,
3410 4267 3504 4322 καὶ
3543 4271 3719 4322 πᾶσαν

2152 4353 2366 4424 ἐκείνην
2403 4351 2500 4423 τὴν
2538 4352 2737 4406 κακίαν
2769 4351 3248 4421 ἀποδυσαμένους;
3278 4352 3344 4403 Τί
3382 4352 3475 4404 τοῦ
3520 4352 3717 4424 λῃστοῦ

2152 4436 2374 4505 γέγονεν
2436 4434 2797 4506 ἀθλιώτερον;
2862 4433 3001 4487 Ἀλλ’
3056 4434 3250 4505 ἀθρόον
3309 4437 3716 4508 μακαριώτερος

2155 4519 2326 4589 ἐφάνη
2370 4517 2606 4571 πάντων.
2648 4517 2839 4570 Καίτοι
2892 4516 3117 4586 μυρίους
3163 4516 3456 4587 εἰργάσατο
3485 4519 3715 4586 φόνους’

2155 4601 2248 4655 καὶ
2286 4602 2391 4672 γὰρ
2423 4599 2638 4671 σταυρῷ
2672 4598 3070 4664 κατεδικάζετο,
3105 4600 3201 4651 καὶ
3239 4599 3335 4669 τὴν
3360 4601 3453 4652 ἐπὶ
3492 4600 3719 4655 θάνατον

2153 4685 2334 4754 ἤγετο,
2369 4683 2462 4736 καὶ⁵
2492 4683 2695 4746 πάντες
2734 4681 2900 4736 αὑτοῦ
2939 4682 3299 4752 κατηγόρουν,
3340 4684 3435 4735 καὶ
3474 4683 3502 4734 6
3531 4685 3719 4753 χρόνος

2153 4766 2297 4829 ἅπας
2325 4765 2564 4818 ἀνάλωτο
2584 4776 2629 4830 1,
2664 4765 2758 4818 καὶ
2791 4766 2820 4817 6
2847 4764 2959 4834 βίος
2997 4764 3331 4834 δεδαπάνητο
3367 4766 3424 4817 ἐν
3452 4767 3684 4837 πονηρίᾳ
3703 4786 3715 4798 ·

2153 4849 2267 4905 ἀλλ’
2300 4848 2486 4917 ἐπειδὴ
2532 4850 2589 4901 ἐν
2619 4848 2812 4918 βραχεῖ
2836 4847 3011 4917 χρόνῳ
3033 4847 3124 4900 τὸν
3150 4847 3281 4900 Θεὸν
3317 4847 3393 4909 ὡς
3420 4849 3523 4918 χρὴ
3554 4849 3723 4920 φοϐη-

2154 4933 2313 5000 θῆναι
2338 4928 2599 5001 ἐφοϐήθη,
2631 4930 2896 5001 μακάριος
2921 4930 3130 4996 γέγονε.
3156 4929 3310 4983 Οὓτω
3340 4930 3433 4983 καὶ
3457 4932 3488 5000 ή
3524 4932 3718 5001 πόρνη,

2153 5016 2355 5085 καίπερ
2383 5013 2480 5085 τὴν
2502 5012 2649 5084 ὥραν
2675 5012 3107 5082 ἐμπορευομένη,
3139 5013 3231 5065 καὶ
3262 5014 3424 5066 πᾶσιν
3458 5014 3539 5075 είς
3566 5013 3721 5084 ὓϐριν

2152 5097 2512 5168 προκειμένη,
2544 5095 2640 5148 καὶ
2668 5095 2754 5147 διὰ
2794 5093 2949 5147 τοῦτο
2976 5094 3192 5148 πάντων
3223 5090 3355 5148 οὖσα
3390 5095 3716 5165 ἀθλιωτέρα,

2156 5180 2398 5252 μακαρία
2427 5179 2681 5248 κατέστη,
2714 5178 2803 5231 τὸν
2836 5177 2967 5230 Θεὸν
2995 5177 3072 5240 ὡς
3095 5176 3177 5230 δεῖ
3211 5178 3523 5248 φοϐηθεῖσα.
3556 5181 3722 5233 Οὐδὲν

2155 5266 2262 5334 γάρ
2293 5265 2406 5316 ἐστι
2455 5260 2642 5327 κακὸν,
2673 5260 2701 5312 ὃ
2752 5261 2825 5330 μὴ
2861 5259 3139 5314 σϐέννυσιν
3163 5262 3192 5314 6
3220 5260 3314 5313 τοῦ
3358 5260 3491 5314 Θεοῦ
3522 5262 3718 5330 φόϐοςο

2152 5345 2286 5399 ἀλλά
2338 5344 2588 5414 καθάπερ
2632 5343 2692 5396 τὸ
2738 5342 2849 5413 πῦρ
2889 5351 2915 5387 k
2960 5336 3070 5394 οἷον
3105 5342 3172 5395 ἂν
3215 5341 3356 5414 λάϐῃ
3398 5342 3612 5412 σίδηρον
3645 5343 3723 5396 διο

2152 5427 2557 5499 εστραμμένον,
2595 5426 2627 5497 ἢ
2678 5427 2757 5479 ίοῦ
2788 5423 2982 5478 πολλοῦ
3025 5425 3295 5495 γέμοντα,
3336 5422 3431 5477 καὶ
3473 5423 3722 5494 λαμπρὸν

2214 5564 2238 5601 Β
2262 5562 2410 5613 Savil.
2434 5564 2529 5611 τῶν
2551 5562 2862 5625 ἀνθρωπίνων.

2215 5625 2237 5659 ίι
2275 5626 2357 5674 Sic
2380 5625 2572 5681 Morel.,
2596 5620 2744 5673 Shvil.
2780 5629 2835 5671 et
2853 5623 3189 5684 quidamrmss.
3214 5622 3313 5684 Alii
3353 5622 3451 5684 ἔχει
3468 5621 3528 5669 τὰ
3554 5620 3717 5684 σαθρά.

2218 5687 2231 5724 ί
2291 5686 2412 5748 Οὐχὶ
2473 5686 2638 5748 ἄπολις
2696 5685 2870 5733 deerat
2920 5683 2968 5732 in
3025 5683 3199 5733 Morel.
3266 5683 3375 5732 Mox
3401 5683 3404 5684 ⁷
3429 5683 3721 5745 ἀγριωτέρων

2149 5752 2243 5796 τῶν
2265 5748 2407 5795 deest
2432 5748 2485 5794 in
2512 5747 2665 5795 Savil.
2956 5798 2963 5805 ,

2230 5821 2242 5858 ι
2277 5808 2425 5855 Snvit.
2448 5807 2681 5854 ἦνάλωτο.
2707 5804 2814 5853 Mox
2846 5804 2994 5855 Savi’l.
3026 5806 3128 5853 ἀλλ’
3151 5804 3266 5853 ἐπεί.

2224 5874 2246 5907 κ
2272 5870 2419 5917 Savil.
2443 5869 2595 5929 φόϐος.
2624 5867 2842 5928 Καθάπερ
2885 5867 2965 5913 οὖν
2986 5867 3040 5913 τὸ
3071 5867 3182 5929 πῦρ,
3211 5866 3359 5929 Paulo
3384 5863 3631 5929 msl‘ﬂeg.
3664 5868 3716 5929 ef.

2161 5929 2305 5978 Savil.
2331 5930 2411 5975 καὶ
2451 5925 2658 5990 φαιδρὸν,
2694 5925 2963 5990 ἀποσμήχει
2992 5929 3110 5986 μετά
3144 5925 3398 5990 ἀκριϐείας
3419 5925 3600 5982 ἀπάσης
3632 5925 3707 5973 καί

2159 5993 2243 6047 τὴν
2268 5989 2581 6052 στρεϐλότητα
2610 5989 2800 6052 ἀναιρεῖ,
2822 5989 2994 6038 eodem
3014 6001 3184 6037 sensu.
