4018 6268
431 391 529 417 EH"!

432 407 475 445 et
486 407 531 443 to

433 503 816 571 providentiam
849 518 860 554 :
891 503 984 566 sed
1025 501 1074 553 in
1100 501 1344 555 omnibus
1378 501 1506 554 clari
1549 512 1600 554 et
1625 500 1790 570 gloria
1840 501 2000 569 pleni,

431 606 644 663 pr0pter
659 594 948 657 civitatem,
975 601 1188 659 propter
1206 607 1407 655 muros,
1438 600 1653 660 propter
1678 592 2001 654 custodiam,

431 694 647 754 pruqnter
690 685 911 746 Iiberos,
957 693 1173 754 propter
1209 699 1376 748 arma,
1425 692 1640 751 propter
1672 684 2002 752 potentiam,

425 791 528 828 non
558 790 614 828 se
646 784 826 842 tegent
869 790 976 842 pne
1005 773 1204 841 pudore
1233 773 1472 826 videntes
1502 773 1747 827 inimicos
1770 816 1782 835 ,
1805 773 1896 828 sed
1925 776 2002 826 eis

426 867 682 922 acerrime
704 876 1007 927 occurrent,
1039 866 1322 933 gloriantes
1347 907 1359 927 ,
1389 864 1487 917 sibi
1536 862 1805 931 placenies
1830 907 1844 930 ,
1887 883 2000 918 tua-

425 973 552 1027 gnos
579 965 848 1009 sumentes
878 957 1112 1025 spiritus,
1143 965 1196 1009 et
1225 957 1417 1014 ornati,
1450 970 1569 1008 cum
1603 956 1742 1009 Deus
1761 971 1854 1024 per
1887 955 1997 1016 hzee

424 1048 594 1102 omnia
640 1047 886 1100 ostendat
935 1062 993 1100 se
1042 1062 1224 1099 eorum
1276 1047 1571 1114 suscepisse
1621 1048 1991 1116 patrocinium.

420 1141 633 1193 Summa
663 1139 803 1192 enim
827 1139 1104 1202 bonorum,
1131 1145 1183 1191 et
1209 1137 1474 1191 felicitatis
1501 1139 1708 1192 culmen
1737 1148 1813 1192 est
1842 1137 1996 1191 dein-

417 1248 538 1298 ceps
559 1273 573 1296 ,
601 1241 845 1284 ornatum
876 1241 928 1284 et
959 1231 1270 1285 instructum
1313 1245 1431 1284 esse
1461 1231 1556 1284 Dei
1584 1231 1804 1285 auxilio.
1843 1231 1904 1284 Et
1932 1247 1993 1285 ea

418 1326 479 1378 de
518 1339 676 1377 causa
723 1325 806 1376 hic
854 1324 966 1376 ﬁnit
1008 1324 1335 1387 orationem,
1383 1323 1581 1378 docens
1632 1339 1822 1378 omnes
1869 1335 1992 1378 ante

414 1416 586 1467 omnia
626 1413 764 1467 hunc
804 1423 1044 1467 ornatum
1091 1429 1362 1483 querere,
1391 1424 1442 1468 et
1475 1430 1540 1468 eo
1578 1416 1814 1484 gloriari.
1857 1416 1987 1469 Eum

414 1521 538 1569 ergo
567 1522 661 1555 nos
691 1520 900 1572 quoque
932 1520 1339 1573 pet'sequ;ttuur,
1377 1514 1431 1557 ut
1458 1516 1650 1557 :L-terna
1692 1520 1990 1571 consequa-

413 1612 528 1647 mur
558 1597 719 1659 bona,
750 1597 914 1664 gratia
947 1605 999 1648 et
1045 1595 1366 1662 benignitate
1399 1595 1604 1647 Domini
1647 1597 1810 1647 nostri
1859 1594 1985 1647 Jesu

410 1685 531 1738 (".hri
566 1687 636 1751 ti,
664 1687 745 1739 cui
789 1702 906 1738 eum
958 1685 1115 1739 Patre
1153 1697 1206 1740 et
1243 1685 1440 1755 Spiritu
1490 1697 1675 1740 sancto
1714 1687 1880 1755 gloria
1933 1687 1982 1738 in

409 1793 465 1830 Sa
485 1778 601 1832 cuIa
625 1779 959 1832 szcculot'um.
994 1780 1184 1832 Amen.

824 1913 889 1967 IN
930 1912 1248 1968 PSAIMUM
1297 1913 1553 1968 CXXVII.

660 2025 710 2078 i.
750 2023 893 2076 Beati
914 2041 1082 2077 omnes
1108 2025 1196 2094 qui
1223 2025 1392 2077 timent
1426 2024 1712 2078 Dominum.

471 2139 520 2192 i.
556 2137 684 2191 \‘idc
725 2137 990 2206 quomodo
1035 2135 1100 2188 ab
1145 2152 1208 2189 eo
1237 2136 1438 2204 incipit,
1470 2137 1518 2189 in
1559 2152 1664 2206 quo
1689 2137 1862 2191 desiit.
1909 2137 1977 2192 Ut

399 2230 538 2282 enim
566 2229 670 2281 illic
699 2242 793 2282 eos
816 2229 996 2281 beatos
1028 2236 1302 2295 pr0pterea
1334 2228 1569 2292 censuit,
1603 2227 1742 2297 quod
1773 2228 1975 2296 pudore

398 2336 499 2372 non
529 2319 928 2382 afticiebantur,
961 2317 1102 2386 quod
1149 2319 1312 2372 Deum
1352 2317 1618 2371 habebant
1655 2317 1970 2386 adjutorem,

397 2419 448 2463 et
471 2418 696 2461 stantem
741 2422 768 2460 a
800 2409 907 2460 suis
953 2407 1190 2476 partibus
1241 2406 1415 2477 (Psal.
1466 2407 1583 2460 1‘26.
1630 2408 1697 2475 5)
1736 2408 1849 2461 :ila
1888 2408 1972 2463 hic

395 2502 552 2554 etiam
582 2502 648 2555 ab
675 2516 739 2554 eo
769 2500 1006 2564 orditur,
1053 2498 1274 2552 dicens:
1310 2499 1448 2551 Beati
1480 2517 1646 2552 omnes
1675 2501 1757 2567 qui
1801 2500 1969 2552 timent

394 2593 683 2644 Dominum.
717 2592 779 2644 lit
809 2605 1008 2651 rursus.
1033 2598 1244 2658 sumpto
1273 2589 1338 2642 ab
1360 2589 1460 2641 illis
1489 2590 1765 2657 principio,
1793 2589 1968 2656 IOqui-

393 2693 472 2736 tur
501 2683 837 2752 generaliter.
863 2681 1024 2736 Recte
1052 2691 1228 2734 autem
1260 2682 1410 2747 dixit,
1438 2681 1640 2740 Omnes.
1664 2681 1964 2750 significans

389 2775 526 2844 quod
557 2776 667 2829 sive
693 2775 761 2828 sit
790 2788 996 2840 servus,
1031 2775 1142 2828 sive
1171 2773 1436 2837 dominus,
1469 2775 1583 2828 sive
1612 2788 1829 2842 pauper,
1854 2775 1967 2828 sive

391 2869 600 2920 mutilus
637 2881 896 2935 corpore,
945 2881 1007 2920 ac
1047 2866 1277 2936 denique
1316 2867 1633 2935 quicumque
1676 2866 1782 2931 sit,
1833 2864 1958 2919 nihil

394 2976 572 3014 eorum
598 2971 736 3016 vetat
760 2961 1042 3031 quominus
1084 2961 1271 3015 habeat
1299 2960 1436 3014 hanc
1479 2975 1636 3030 quam
1684 2960 1796 3028 ipse
1835 2959 1962 3012 dicit

391 3054 781 3109 beatitudinem.
805 3055 977 3108 Alium
1005 3057 1146 3106 enim
1175 3053 1351 3106 ﬁctum
1380 3061 1431 3106 et
1455 3053 1777 3112 simulatum,
1803 3066 1956 3120 quem

387 3146 531 3198 tnulti
563 3146 767 3199 beatum
784 3145 1090 3214 prtedicant,
1112 3145 1272 3197 multa
1300 3144 1667 3197 concurrentia
1689 3144 1774 3196 vix
1799 3143 1955 3196 talem

382 3234 579 3290 faciunt
611 3252 623 3288 :
653 3247 706 3290 et
739 3236 836 3290 nisi
866 3236 1039 3288 omnia
1068 3236 1432 3290 concurrerint
1457 3275 1471 3298 ,
1514 3250 1621 3288 non
1652 3233 1811 3288 fuerit
1839 3236 1955 3303 quis

382 3326 564 3380 beatus
612 3327 749 3396 apud
793 3327 1071 3382 homines:
1117 3335 1174 3379 ιιι
1213 3326 1360 3379 verbi
1405 3327 1617 3395 gratia:
1659 3326 1702 3380 si
1741 3327 1858 3396 quis
1888 3326 1956 3381 sit

379 3419 548 3482 dives,
581 3418 683 3471 hoc
713 3419 759 3471 ei
796 3433 897 3471 non
921 3417 1117 3472 sufﬁcit
1144 3418 1210 3472 ad
1242 3417 1620 3472 beatitudinem
1641 3459 1656 3484 ,
1689 3419 1786 3472 nisi
1816 3419 1953 3472 adsit

379 3512 596 3564 sanitas.
630 3511 681 3564 Si
713 3512 852 3565 enim
883 3511 950 3564 sit
974 3509 1142 3575 dives,
1176 3520 1228 3564 et
1247 3525 1467 3578 corpore
1488 3511 1723 3574 mutilus,
1751 3511 1952 3564 claudi-

377 3610 460 3654 cat
489 3602 603 3670 ejus
635 3601 902 3656 beatitudo
921 3643 934 3664 ,
967 3611 1020 3655 et
1049 3608 1133 3655 est
1156 3602 1400 3655 miserior
1426 3603 1762 3670 pauperibus.
1806 3603 1951 3658 Multi

377 3702 520 3749 certe
546 3693 736 3746 divites
764 3708 884 3745 cum
916 3692 1116 3746 morbis
1137 3692 1522 3758 conﬁictanIcs,
1556 3709 1832 3762 pauperes,
1860 3695 1947 3763 qui

377 3783 601 3850 compita
628 3783 990 3837 mendicantes
1013 3783 1228 3847 obeunt,
1250 3783 1428 3837 felices
1449 3799 1568 3838 esse
1587 3784 1788 3850 dicunt,
1811 3794 1864 3838 et
1891 3802 1949 3841 se

377 3873 597 3925 miseros
625 3887 744 3926 esse
770 3871 968 3926 ducunt
996 3887 1116 3926 cum
1155 3872 1334 3927 decies
1371 3873 1516 3927 mille
1542 3873 1768 3927 talentis.
1813 3875 1949 3927 Rur-

376 3977 463 4016 sus
489 3963 531 4014 si
563 3963 629 4015 sit
656 3963 867 4031 quidem
894 3978 1024 4016 sano
1047 3977 1270 4030 corpore
1309 3972 1360 4014 et
1387 3962 1552 4027 dives,
1576 3963 1741 4032 gloria
1771 3974 1945 4016 autem

376 4065 428 4110 et
457 4056 660 4110 honore
703 4064 912 4120 careat,
962 4067 1044 4111 est
1085 4057 1224 4117 aliud
1270 4073 1452 4111 rursus
1493 4059 1944 4127 impedimentum.

375 4148 507 4202 Sunt
537 4151 677 4202 enim
706 4148 941 4202 nonnulli
972 4149 1061 4217 qui
1105 4149 1389 4216 plurimum
1434 4149 1644 4217 quidem
1675 4151 1947 4218 possident

376 4242 608 4308 pecunia:
634 4281 646 4305 ,
681 4249 908 4309 suntque
947 4255 1171 4308 corpore
1199 4241 1439 4310 integro:
1488 4241 1578 4294 sed
1628 4242 1695 4295 ab
1731 4242 1793 4296 iis
1817 4283 1829 4304 ,
1857 4245 1944 4311 qui

376 4332 635 4401 principes
655 4341 708 4385 et
727 4331 888 4384 duces
907 4339 1049 4395 sunt,
1073 4333 1377 4400 gravissima
1401 4335 1691 4402 patiuntur.
1714 4334 1788 4387 Eo
1803 4336 1942 4388 enim

373 4423 508 4493 quod
550 4423 743 4476 nullius
784 4424 889 4477 sint
931 4423 1145 4476 honoris
1177 4425 1491 4493 participes,
1540 4426 1846 4480 existimant
1887 4443 1945 4480 se

372 4530 486 4569 esse
523 4517 758 4569 omnium
801 4514 1149 4578 miserrimos,
1183 4525 1238 4568 ut
1279 4518 1366 4585 qui
1398 4517 1461 4570 iis
1488 4528 1724 4585 pareant,
1754 4520 1944 4588 quibus

370 4620 508 4675 Sa-pe
543 4605 742 4660 habent
781 4619 964 4659 servos
1000 4605 1388 4674 locupletiores.
1439 4607 1638 4662 Rursus
1679 4609 1724 4662 si
1767 4609 1944 4663 adsint.

369 4697 577 4766 quidem
616 4696 780 4765 gloria
804 4738 818 4760 ,
859 4696 1054 4750 divitia:
1085 4706 1137 4749 et
1180 4697 1377 4749 sanitas
1400 4738 1414 4758 ,
1448 4713 1551 4752 non
1590 4699 1726 4753 adsit
1764 4711 1939 4755 autem

368 4789 622 4842 securitas
646 4829 660 4852 ,
693 4787 835 4856 quod
867 4788 1126 4842 innumeri
1167 4792 1215 4842 ei
1257 4789 1606 4852 insidientur,
1639 4792 1940 4857 invideant,

366 4879 500 4931 tnale
532 4879 714 4943 velint,
747 4879 916 4947 ipsum
958 4879 1183 4943 oderint,
1219 4889 1496 4945 accusent,
1532 4882 1937 4946 calumnientur,

367 4969 409 5022 is
434 4970 533 5024 erit
563 4971 797 5022 omnium
831 4970 1182 5033 miserrimus,
1211 4971 1370 5022 vitam
1394 4985 1556 5040 agens
1581 4973 1792 5042 leporis,
1826 4989 1942 5026 um-

367 5061 487 5114 bras
533 5060 734 5114 habens
776 5072 1086 5128 suspectas,
1136 5076 1427 5130 omnesque
1457 5061 1679 5115 horrens
1704 5074 1755 5116 et
1781 5067 1942 5132 perti-

367 5170 626 5210 mescens.
655 5154 809 5223 Quod
840 5155 881 5208 si
908 5155 976 5208 ab
1005 5155 1068 5209 iis
1093 5154 1250 5209 etiam
1281 5155 1414 5208 liber
1435 5155 1743 5219 sit,ametur
1761 5166 1936 5210 autem

363 5245 428 5299 ab
447 5245 716 5310 omnibus,
745 5247 865 5299 etei
892 5246 1066 5299 omnia
1098 5245 1383 5301 succedant
1424 5261 1488 5300 ex
1518 5247 1678 5299 animi
1719 5257 1938 5301 senten-

366 5337 464 5398 tia,
491 5353 684 5405 nempe
707 5337 893 5406 gloria,
935 5337 1131 5391 divitim
1157 5380 1172 5403 ,
1223 5338 1479 5392 securitas
1503 5379 1517 5404 ,
1569 5338 1739 5392 honor
1778 5341 1793 5409 (
1820 5356 1938 5408 quze

364 5427 538 5482 omnia
561 5414 716 5480 simul
747 5441 1064 5482 concurrere
1095 5443 1198 5481 non
1243 5436 1496 5496 possunt;
1528 5439 1700 5482 tamen
1726 5429 1790 5482 ita
1818 5447 1936 5486 esse

365 5517 668 5587 ﬁngamus),
693 5518 815 5571 licet
843 5518 953 5570 lucc
978 5518 1152 5570 omnia
1176 5517 1418 5578 affluant,
1439 5528 1491 5572 et
1517 5519 1645 5572 nihil
1677 5520 1747 5572 sit
1768 5523 1934 5588 inpo-

363 5607 600 5670 dimenti,
631 5605 724 5660 sed
746 5617 798 5661 et
828 5607 1008 5676 populi
1035 5608 1422 5674 benevolentia,
1451 5619 1503 5664 et
1527 5611 1766 5678 corporis
1788 5611 1933 5664 sani-

364 5710 461 5761 tas,
491 5710 545 5753 ct
581 5699 756 5753 omnis
795 5698 1050 5753 securitas
1070 5741 1084 5758 .
1116 5710 1170 5754 et
1198 5715 1226 5754 a
1254 5701 1396 5753 ιιυΙΙυ
1423 5717 1577 5769 posse
1604 5702 1763 5767 vinci,
1793 5703 1842 5754 in
1872 5718 1934 5757 eo

361 5801 698 5854 concurrant,
727 5790 968 5859 improba
1011 5806 1149 5859 szrpc
1188 5801 1238 5843 et
1271 5809 1513 5859 perversa
1564 5795 1786 5848 ntuliere
1830 5796 1926 5850 sibi

1523 386 1880 443 EXPOSITIO
1919 388 1982 442 IN
2012 388 2329 447 PSALMUM
2367 395 2617 456 CXXVII.

3599 412 3704 468 386

2121 504 2420 573 conjuncta,
2453 509 2627 563 evadit
2668 509 2731 565 iis
2760 512 3003 567 miserior
3025 555 3038 581 ,
3087 515 3173 586 qui
3204 528 3383 573 carent
3412 521 3494 574 his
3521 528 3692 577 Otttniv

2115 593 2233 648 bus.
2275 597 2423 660 Quod
2453 598 2496 652 si
2525 601 2571 652 ei
2598 615 2729 654 uxor
2752 601 2884 655 bona
2911 613 2964 657 et
2994 621 3058 659 ex
3087 608 3248 661 animi
3278 614 3538 666 sententia
3563 631 3692 668 eve-

2113 685 2268 749 nerit,
2294 687 2335 738 si
2365 688 2532 741 malos
2554 689 2744 743 habeat
2771 692 2927 757 ﬁlios,
2955 709 3074 748 eum
3109 711 3228 750 esse
3258 701 3502 753 otnnibus
3528 703 3690 757 mise-

2111 775 2306 830 riorem
2339 794 2556 834 necesse
2585 791 2666 835 est
2697 800 2708 834 :
2740 785 2876 851 quod
2904 787 2946 838 si
2973 788 3142 841 nullos
3175 790 3384 856 habeat,
3429 793 3608 862 lugere
3635 803 3690 849 et

2110 865 2406 922 lamentari.
2435 871 2668 940 Denique
2695 875 2736 928 si
2760 878 2960 944 qumvis
2987 880 3214 935 humana
3249 888 3514 952 aspexerit
3536 889 3685 956 quis-

2108 959 2268 1022 piam,
2303 961 2462 1012 multa
2487 963 2684 1016 videbit
2710 969 3020 1036 prfecipilia.
3072 972 3135 1024 Et
3155 973 3276 1042 quid
3307 975 3406 1027 alia
3438 979 3686 1048 persequi

2104 1062 2236 1116 opus
2279 1052 2394 1104 est?
2452 1053 2722 1123 Improbus
2769 1072 2911 1128 sa'pe
2943 1060 3168 1116 fanmlus
3209 1067 3384 1117 omnia
3413 1071 3601 1122 evertit
3631 1082 3683 1123 et

2102 1138 2398 1207 confundit,
2431 1151 2484 1195 et
2513 1145 2641 1198 nihil
2665 1156 2744 1199 est
2773 1148 2907 1203 adeo
2937 1151 3191 1206 incertum
3218 1164 3270 1208 et
3301 1155 3578 1224 lubricum,
3626 1169 3682 1212 ut

2101 1227 2154 1279 in
2194 1227 2494 1283 hominibus
2519 1233 2757 1302 gloriari,
2788 1247 2841 1290 et
2865 1237 2930 1291 de
2955 1239 3019 1292 iis
3049 1255 3106 1294 se
3121 1251 3341 1310 iactare.
3497 1229 3500 1234 ’

2169 1317 2371 1374 Timem
2394 1321 2553 1375 Deum
2583 1326 2726 1394 felix.
2751 1357 2822 1366 —
2848 1331 2914 1381 At
2955 1346 3056 1384 non
3101 1342 3183 1386 est
3209 1335 3466 1402 ejusmodi
3508 1339 3553 1393 is
3585 1341 3674 1408 qui

2105 1409 2268 1464 Deum
2301 1413 2469 1479 timet,
2501 1416 2593 1469 sed
2628 1419 2693 1470 ab
2734 1419 2817 1473 his
2859 1420 3103 1477 ﬁuetihus
3135 1425 3420 1494 liberatus,
3445 1431 3594 1484 sedet
3620 1436 3671 1487 in

2094 1514 2252 1569 portu
2281 1515 2335 1557 et
2367 1506 2418 1559 in
2451 1510 2828 1578 tranquillitate
2849 1554 2863 1578 ,
2893 1530 3012 1568 vera
3039 1527 3092 1570 et
3125 1531 3266 1572 certa
3296 1521 3476 1575 fruens
3506 1523 3670 1576 beati-

2093 1593 2292 1647 tudine.
2339 1593 2465 1650 Ideo
2509 1597 2612 1652 illis
2656 1603 2900 1656 omnibus
2939 1607 3220 1672 prtmeritis
3249 1613 3498 1679 propheta
3531 1613 3668 1666 hunc

2090 1683 2261 1736 solum
2301 1685 2510 1740 beatum
2534 1688 2755 1756 judicat.
2789 1691 2882 1746 Illa
2913 1695 3054 1748 cnim
3086 1697 3354 1752 beatitudo
3381 1717 3663 1772 numquam

2087 1773 2243 1840 plane
2281 1778 2597 1844 constiterit,
2634 1780 2730 1833 nisi
2758 1784 2933 1836 omnia
2966 1789 3332 1842 concurrerint
3360 1807 3372 1842 :
3403 1791 3508 1844 imo
3538 1808 3662 1846 vero

2084 1863 2291 1919 etiamsi
2320 1870 2723 1936 concurrerint,
2769 1879 2891 1925 tunc
2921 1873 3265 1930 labefactatur
3310 1881 3377 1931 ab
3423 1882 3486 1934 iis
3536 1885 3661 1951 ipsis

2083 1971 2198 2022 quze
2227 1957 2369 2011 illam
2406 1960 2633 2027 pariunt.
2674 1961 2807 2014 Nam
2834 1971 2885 2017 et
2911 1964 3107 2020 divitia:
3139 1969 3424 2036 perniciem
3469 1973 3662 2027 attule-

2084 2057 2225 2112 runt,
2256 2059 2309 2101 et
2330 2064 2461 2102 uxor
2483 2065 2624 2120 smpe
2650 2053 2879 2109 formosa
2908 2057 3054 2118 obiit,
3087 2057 3265 2112 f.nnuli
3291 2063 3652 2129 prodiderunt,

2081 2137 2170 2188 filii
2202 2138 2348 2191 fuere
2376 2142 2672 2208 parricidae,
2705 2154 2778 2208 et,
2810 2145 2993 2212 utjam
3021 2147 3146 2210 dixi,
3183 2151 3341 2202 multa
3370 2151 3527 2206 habet
3558 2170 3655 2207 uu-

2079 2225 2236 2294 dique
2283 2229 2478 2283 incerta
2530 2239 2583 2284 et
2630 2233 2781 2287 Valde
2831 2234 3050 2288 lubrica.
3094 2236 3188 2289 IIic
3233 2249 3406 2292 autem
3445 2243 3650 2297 etiamsi

2077 2317 2254 2372 omnia
2288 2321 2550 2374 contraria
2582 2322 2851 2377 conﬂuant
2875 2364 2889 2390 ,
2942 2342 3044 2378 non
3093 2327 3250 2382 modo
3294 2330 3423 2384 nihil
3455 2333 3652 2387 laedunt

2077 2407 2210 2461 hanc
2241 2410 2638 2474 beatitudinem,
2691 2415 2781 2467 sed
2828 2430 2943 2468 eam
2992 2418 3280 2472 ﬁrmiorem
3329 2422 3554 2477 reddunt
3597 2436 3650 2480 et

2071 2504 2504 2556 constantiorem.
2557 2504 2667 2557 Etsi
2708 2507 2776 2559 sit
2807 2518 3087 2576 paupertas
3113 2551 3127 2576 ,
3177 2512 3273 2564 etsi
3324 2513 3604 2581 ignominia
3629 2559 3644 2581 ,

2073 2592 2332 2645 tnutilatio
2359 2597 2626 2662 corporis,
2659 2613 2791 2649 uxor
2835 2599 3070 2667 improba
3100 2641 3113 2664 ,
3147 2602 3388 2656 scelerati
3437 2605 3548 2670 lilii,
3593 2617 3647 2660 et

2069 2685 2438 2754 quodcumque
2469 2687 2609 2740 aliud
2649 2689 2868 2754 dixeris,
2922 2690 3022 2744 hoc
3053 2692 3179 2745 nihil
3211 2694 3491 2762 deprimit,
3546 2711 3644 2750 nec

2068 2773 2346 2830 labefactat
2390 2777 2524 2832 hanc
2573 2777 2971 2834 beatitudinem.
3021 2781 3201 2851 Neque
3229 2787 3368 2839 enim
3396 2802 3548 2840 suum
3576 2803 3642 2842 ex

2066 2865 2168 2919 illis
2199 2865 2356 2920 habet
2381 2876 2589 2934 ortum,
2626 2879 2680 2922 ut
2704 2872 2782 2924 eis
2803 2873 3072 2928 convulsis
3119 2874 3460 2933 labefactetur
3482 2917 3497 2942 ,
3547 2881 3640 2934 sed

2065 2958 2222 3012 habet
2251 2959 2483 3014 radicem
2515 2976 2542 3012 a
2572 2963 2779 3030 superis
2807 2978 2819 3014 :
2846 2965 3089 3032 quocirca
3114 2979 3288 3020 manet
3317 2968 3640 3039 ineXpugna—

2061 3047 2202 3102 bilis.
2229 3052 2398 3118 Atque
2426 3051 2578 3116 adeo,
2601 3053 2644 3105 si
2675 3053 2865 3116 velitis,
2894 3069 3013 3108 eum
3045 3056 3096 3108 in
3123 3055 3248 3127 ipsis
3276 3059 3432 3112 rebus
3454 3071 3637 3114 osten-

2061 3141 2245 3195 damus
2272 3151 2324 3195 et
2355 3151 2756 3211 pertractemus.
2802 3152 2993 3198 AnnOn
3023 3158 3139 3201 erat
3178 3147 3372 3218 Ioseph
3411 3153 3638 3205 servus?

2059 3247 2236 3286 annon
2281 3236 2568 3287 externus?
2609 3251 2782 3289 annon
2828 3239 3056 3292 extorris
3099 3255 3142 3312 a_
3179 3244 3416 3308 patria'?
3458 3259 3634 3299 annon

2059 3336 2243 3375 servus
2273 3323 2640 3387 barbarorum,
2681 3327 2822 3394 prius
2851 3328 3254 3396 Saracenorum,
3284 3343 3464 3402 postea
3505 3335 3634 3402 ipsis

2057 3413 2427 3468 immaniorttm
2446 3415 2812 3487 A‘ngptiorum
2830 3418 2853 3470 ?
2873 3435 3048 3473 annon
3070 3424 3466 3478 existimabatur
3485 3427 3634 3480 adul-

2059 3506 2174 3558 ter?
2217 3523 2391 3559 annon
2435 3510 2817 3562 aCCusabatur?
2842 3527 3014 3566 annon
3040 3515 3313 3568 calumniis
3344 3517 3633 3585 impeteba-

2057 3595 2174 3648 tur?
2195 3611 2368 3649 annon
2403 3597 2666 3652 habitabat
2701 3598 2751 3653 in
2783 3602 3027 3656 carcere?
3056 3619 3230 3657 annon
3255 3607 3459 3660 vinctus
3480 3617 3628 3662 tene-

2053 3685 2207 3738 batur
2237 3686 2398 3757 (Gen.
2432 3690 2519 3743 57.
2548 3701 2590 3742 et
2622 3691 2690 3745 58
2712 3691 2768 3758 )?
2813 3691 2878 3744 Et
2915 3694 3038 3761 quid
3086 3697 3270 3749 horum
3299 3713 3417 3750 eum
3459 3698 3630 3751 lmsit?

2053 3779 2164 3831 Imo
2185 3796 2309 3833 vero
2333 3797 2426 3850 per
2448 3782 2560 3836 lucc
2590 3793 2704 3836 erat
2728 3784 2780 3836 in
2802 3785 2984 3851 primis
3009 3785 3210 3839 beatus.
3238 3787 3345 3840 [Ioc
3362 3799 3442 3841 est
3462 3789 3625 3853 enim,

2052 3873 2188 3925 sicut
2211 3873 2320 3941 jam
2347 3873 2476 3935 dixi,
2506 3875 2837 3940 admirabile,
2857 3876 2993 3944 quod
3023 3892 3126 3930 non
3155 3880 3323 3932 solum
3355 3881 3474 3932 hinc
3501 3881 3627 3934 nihil

2053 3962 2273 4016 laedatur
2305 3964 2606 4028 beatitudo,
2640 3964 2734 4018 sed
2761 3967 2919 4018 etiam
2953 3967 3257 4034 protelarior
3287 3969 3534 4022 reddatur
3577 3981 3628 4024 ct

2054 4057 2328 4109 illustrior.
2386 4057 2440 4110 Si
2485 4058 2613 4110 nihil
2661 4059 2800 4112 enim
2855 4058 2928 4112 illi
2979 4075 3163 4114 eorum
3193 4062 3492 4128 accidisset,
3524 4079 3626 4116 non

2054 4146 2237 4200 illisst'l
2267 4147 2400 4201 adeo
2433 4149 2636 4202 beatus.

2122 4237 2175 4290 2.
2223 4239 2312 4290 Vis
2343 4239 2501 4291 etiam
2535 4254 2629 4294 eos
2657 4239 2828 4293 dicam
2867 4240 2954 4309 qui
2985 4241 3035 4293 in
3067 4239 3193 4294 vitio
3235 4241 3408 4295 acrius
3434 4245 3627 4310 persti-

2051 4337 2266 4394 terunt,
2298 4328 2488 4383 deinde
2517 4339 2736 4398 repente
2766 4308 2949 4383 mutati
2988 4340 3148 4395 sunt,
3193 4338 3246 4384 et
3293 4308 3452 4386 omne
3477 4308 3624 4386 ‘illmt

2049 4421 2233 4473 vitium
2256 4421 2561 4474 exuerunt?
2591 4420 2725 4488 Quid
2756 4419 2851 4474 fuit
2873 4421 3077 4475 latrone
3104 4422 3386 4476 miserius?
3412 4424 3514 4477 Sed
3544 4441 3624 4477 rr—

2050 4523 2207 4582 pente
2252 4513 2418 4566 cvasit
2465 4514 2702 4567 omnium
2747 4513 3086 4568 beatissimus
3127 4514 3275 4586 (Luc.
3303 4515 3418 4584 ‘23).
3468 4519 3621 4584 Atqui

2049 4603 2192 4656 mille
2219 4602 2391 4656 credes
2414 4605 2771 4666 fecerat;nam
2800 4614 2913 4657 erat
2941 4605 3113 4658 cruris
3130 4606 3387 4673 supplicio
3408 4606 3626 4660 damna-

2051 4705 2153 4758 tus,
2173 4704 2227 4748 et
2255 4694 2319 4749 ad
2349 4703 2572 4749 mortem
2601 4695 2880 4760 adductus,
2911 4711 3098 4750 omnes
3130 4712 3247 4749 eum
3279 4700 3620 4760 accusabant,

2049 4797 2213 4843 totum
2241 4797 2446 4855 tempus
2488 4795 2601 4841 erat
2642 4797 3030 4857 comsumptum
3056 4829 3070 4850 ,
3114 4797 3167 4841 et
3211 4789 3312 4841 vita
3361 4798 3620 4842 transacta

2047 4880 2214 4935 fuerat
2242 4881 2293 4933 in
2321 4881 2562 4934 scelere:
2593 4879 2684 4934 sed
2713 4879 2957 4948 quoniam
2980 4882 3168 4950 exiguo
3195 4890 3430 4948 tempore
3455 4881 3620 4932 Dcunt

2047 4970 2117 5025 ita
2150 4981 2205 5024 ttt
2229 4979 2439 5040 oportet
2469 4971 2658 5034 timuit,
2690 4971 2873 5025 beatus
2899 4970 3064 5024 factus
3093 4983 3192 5024 est.
3226 4970 3294 5022 Ita
3317 4971 3592 5022 etiam‘mc

2045 5064 2231 5125 retrix,
2264 5064 2387 5116 licet
2416 5062 2599 5116 formae
2620 5072 2881 5132 quaestum
2907 5061 3106 5116 faceret
3133 5072 3186 5116 et
3219 5061 3452 5128 exposita
3482 5076 3579 5113 ess:
3603 5071 3621 5114 t

2046 5156 2280 5208 omnium
2313 5155 2649 5208 contumelia:
2672 5195 2687 5219 ,
2717 5163 2771 5206 et
2813 5153 2930 5206 ideo
2958 5162 3102 5206 esset
3123 5153 3358 5204 omnium
3390 5151 3613 5202 miscrri-t

2047 5261 2152 5309 tua,
2182 5245 2332 5299 beata
2377 5245 2580 5297 exstitit
2630 5242 2839 5311 quando
2881 5243 3045 5295 Deum
3095 5253 3148 5295 ιιι
3195 5248 3404 5307 oportet
3449 5240 3613 5294 timuit

2045 5333 2192 5404 (Luc.
2225 5336 2300 5403 7).
2347 5333 2554 5387 Nullum
2585 5340 2668 5387 est
2690 5333 2833 5386 enim
2865 5332 3058 5384 malum
3101 5330 3239 5400 quod
3271 5344 3373 5381 non
3417 5331 3615 5382 exstin-

2044 5439 2167 5496 guat
2192 5428 2281 5481 Dei
2303 5436 2504 5479 metus:
2532 5441 2650 5478 nam
2680 5423 3120 5492 quemadmodum
3151 5422 3303 5488 ignis,
3334 5421 3606 5489 quodCtnn.

2043 5535 2145 5588 que
2165 5517 2359 5572 ferrum
2377 5517 2580 5584 ceperit
2605 5513 3016 5576 contortum,vel
3045 5511 3280 5580 rubigine
3297 5511 3615 5575 confectam,

2047 5610 2094 5662 id
2127 5609 2325 5662 clarum
2347 5607 2519 5659 reddit
2543 5621 2606 5660 ac
2635 5605 2929 5674 pulchrum,
2950 5603 3268 5673 fert'ttgincm
3287 5603 3614 5671 abstergens,

2109 5746 2123 5775 ¹
2161 5751 2240 5789 me
2266 5753 2426 5795 voces,
2453 5752 2606 5788 mmon
2630 5738 2837 5787 extorris
2853 5753 2882 5786 α
2906 5737 3102 5801 putria?
3134 5739 3337 5790 deerant
3363 5738 3410 5788 in
3431 5733 3615 5789 March;

2048 5806 2133 5853 sed
2161 5808 2207 5852 in
2227 5805 2331 5852 aiits
2356 5801 2714 5850 exemplaribus
2731 5801 2977 5861 leguntur.
