4088 6274
539 342 633 398 567

536 469 591 511 et
617 456 756 527 quod
787 458 836 510 itt
865 473 928 510 eo
952 468 1065 510 erat
1092 471 1397 525 perversum
1443 465 1495 510 et
1535 453 1803 520 inflexum,
1837 453 2110 524 perfectis-

538 549 673 602 sime
699 549 914 617 corrigit
946 565 961 602 :
988 548 1055 602 ita
1087 550 1245 602 etiam
1280 548 1368 601 Dei
1418 557 1587 603 metus
1617 548 1697 601 vel
1740 548 1929 617 exiguo
1974 536 2106 599 teut-

538 654 667 708 pore
697 637 823 692 facit
847 639 1043 704 omnia,
1074 648 1127 692 ct
1151 654 1242 692 eos
1272 638 1360 706 qui
1389 637 1456 691 ah
1487 640 1600 706 ipso
1625 638 1770 693 tincti
1795 646 1937 701 sunt,
1969 636 2107 689 nulla

542 743 599 782 re
630 727 858 782 humana
884 728 1054 798 frangi
1081 730 1224 782 sinit.
1277 730 1464 782 Annon
1494 738 1607 783 erat
1650 729 1889 781 infirmus
1930 727 2111 782 Timo-

541 822 733 871 theus't
758 836 933 872 annon
961 820 1157 873 morbis
1184 830 1233 873 et
1260 818 1635 874 afflictionibus
1664 828 1919 888 perpetuo
1942 835 2107 873 vexa-

540 910 693 964 batur
721 911 795 979 (l.
824 909 954 962 'l'im.
977 911 1031 966 5.
1058 910 1192 979 25)?
1239 910 1373 976 Quid
1407 926 1532 979 ergo
1581 910 1679 963 fuit
1725 910 1815 963 illo
1860 910 2105 964 beatius?

537 1001 670 1066 Quid
700 1016 823 1055 vero
848 1043 862 1062 ,
908 1001 993 1054 dic
1016 1016 1215 1069 qua-so,
1247 1000 1385 1055 Job?
1413 1016 1589 1054 annon
1619 1000 1861 1054 redactus
1889 1006 2004 1052 erat
2041 998 2106 1052 ad

540 1090 937 1157 paupertatem?
981 1104 1156 1143 annon
1188 1089 1254 1143 ad
1282 1089 1689 1143 orbitatem?ad
1714 1088 1951 1158 corporis
1984 1103 2106 1157 gra—

537 1183 749 1235 vissima
774 1181 986 1235 ulcera?
1012 1196 1188 1235 annon
1214 1181 1807 1249 probris,contumeliis,
1830 1189 1884 1235 et
1904 1178 2107 1249 injuriis

536 1272 921 1341 appetebatur?
947 1288 1121 1326 annon
1154 1273 1290 1326 fame
1315 1282 1369 1327 et
1408 1273 1558 1351 malis
1588 1274 1833 1327 omnibus
1863 1272 2107 1326 humanis

534 1362 905 1417 cruciabatur?
946 1363 994 1417 Is
1024 1372 1195 1417 tamen
1223 1363 1317 1417 fuit
1343 1363 1578 1417 omnium
1607 1363 1959 1419 beatissimus.
1990 1362 2104 1418 Non

534 1456 705 1509 solum
728 1456 866 1510 enim
894 1456 1022 1509 nihil
1041 1455 1229 1511 lterum
1250 1457 1395 1510 illum
1414 1455 1588 1525 fregit,
1609 1457 1700 1511 sed
1722 1457 1879 1511 etiam
1905 1455 2107 1511 firmio-

533 1560 646 1602 rem
692 1545 831 1599 fecit.
878 1546 1176 1613 Quinetiam
1215 1562 1335 1600 cum
1378 1546 1481 1599 illis
1521 1547 1765 1601 omnibus
1805 1560 1942 1601 uxor
1982 1562 2104 1601 eum

536 1633 829 1703 premebat,
861 1634 1066 1703 probris
1094 1637 1381 1701 insectans,
1407 1645 1460 1692 et
1485 1646 1658 1691 tamen
1682 1653 1776 1706 per
1796 1641 1909 1691 haec
1928 1638 2104 1691 omnia

533 1725 705 1778 clarus
729 1724 917 1780 evasit.
961 1726 1085 1780 Haec
1121 1741 1248 1796 ergo
1273 1727 1451 1781 omnia
1479 1728 1823 1782 considerans
1850 1727 2107 1797 propheta

532 1816 777 1872 dicebat:
808 1815 981 1882 Beati,
1014 1818 1179 1884 inquit
1207 1857 1224 1883 ,
1278 1834 1447 1872 onmes
1496 1821 1582 1889 qui
1612 1822 1784 1874 timent
1809 1820 2106 1889 Dominum,

532 1910 618 1979 qui
646 1909 903 1963 ambulant
930 1911 984 1963 in
1009 1911 1099 1963 viis
1127 1912 1258 1981 ejus.
1305 1910 1381 1966 Ne
1404 1912 1545 1965 enim
1586 1911 1917 1967 existimares
1959 1913 2097 1969 suffi-

531 2015 656 2056 cere
695 2000 938 2055 timorem
965 2041 980 2063 ,
1030 2002 1223 2069 adjecit
1269 2002 1394 2057 illud
1435 2021 1449 2059 :
1495 2005 1595 2072 Qui
1621 2006 1881 2059 ambulant
1922 2004 1975 2059 in
2012 2008 2100 2063 viis

530 2093 660 2160 ejus,
692 2101 971 2160 utrumque
996 2092 1308 2162 designans;
1344 2094 1445 2150 hoc
1464 2108 1566 2160 est,
1595 2096 1679 2166 qui
1708 2099 1880 2152 timent
1911 2110 1957 2152 et
1995 2116 2100 2151 am-

529 2184 724 2238 bulant.
772 2184 917 2238 Multi
945 2186 1087 2240 enim
1129 2186 1285 2241 fidem
1326 2190 1609 2256 perfectam
1639 2190 1911 2253 habentes,
1943 2193 2101 2246 vitam

530 2284 706 2326 autem
733 2272 1064 2343 llagitiosam,
1088 2276 1322 2330 omnium
1348 2276 1495 2333 fuere
1523 2280 1824 2332 miserrimi.
1866 2280 1943 2335 Ne
1971 2296 2101 2350 ergo

530 2362 579 2417 id
606 2363 744 2431 quod
766 2363 893 2418 dicit
920 2365 1187 2419 videretur
1204 2382 1273 2420 cx
1320 2383 1383 2421 eo
1414 2367 1578 2422 refelli
1605 2409 1619 2432 ,
1665 2368 1933 2437 subjunxit
1959 2387 1971 2423 :
2003 2370 2102 2437 Qui

528 2453 787 2506 ambulant
828 2454 881 2507 in
911 2454 1002 2508 riis
1031 2456 1156 2525 ejus.
1187 2457 1437 2521 Quantam
1468 2468 1640 2510 autem
1685 2469 1807 2511 sunt
1836 2460 1933 2512 via:
1962 2459 2100 2528 ejus,

528 2540 627 2594 nisi
657 2541 760 2593 vita
790 2557 907 2608 qua:
948 2558 1013 2597 ex
1055 2544 1246 2598 virtute
1293 2544 1621 2600 instituitur?
1658 2547 1759 2600 Per
1800 2564 1915 2602 eam
1956 2548 2099 2604 enim

530 2640 699 2697 potest
728 2630 780 2683 in
816 2631 1002 2685 caelum
1033 2633 1273 2698 ascendi,
1305 2645 1355 2687 et
1397 2635 1479 2687 illa
1513 2638 1762 2703 primaria
1793 2637 1979 2691 civitas
2002 2652 2099 2706 ap-

528 2719 804 2787 prehendi,
838 2720 1050 2791 ipseque
1101 2723 1237 2776 Dens
1282 2724 1478 2789 videri,
1524 2736 1782 2793 quatenus
1828 2736 1998 2794 potest
2031 2729 2098 2783 ab

527 2811 738 2865 homine
757 2813 940 2879 aSpici.
969 2814 1094 2884 Ejus
1115 2823 1291 2869 autem
1314 2818 1414 2870 via:
1440 2817 1706 2884 dicun:ur,
1730 2821 1978 2889 quoniam
2004 2835 2100 2890 per

524 2915 614 2955 eas
635 2911 807 2970 petest
838 2903 887 2957 itt
918 2905 1105 2957 cadum
1132 2906 1197 2958 ad
1231 2907 1392 2960 Deum
1423 2909 1706 2977 perveniri.

595 2989 778 3045 Multae
804 3006 1120 3064 exponuntur
1148 2996 1241 3048 viae
1265 2996 1333 3048 ad
1366 2997 1543 3050 cwlum
1571 3001 1817 3068 ferentes;
1838 3015 2097 3052 numerum

521 3081 709 3134 claudit
735 3082 844 3137 laus
872 3084 1220 3155 eleemosynte,
1250 3088 1394 3157 cujus
1422 3087 1639 3158 eﬂicacia
1665 3104 1743 3141 ext
1755 3088 1891 3158 mplo
1915 3086 2099 3142 Lasari

522 3172 822 3227 illustratur.
856 3204 928 3215 —
949 3174 1064 3230 Non
1095 3175 1247 3241 dixit,
1292 3176 1383 3230 Via
1408 3218 1423 3242 ,
1453 3178 1545 3233 sed
1566 3219 1582 3245 ,
1613 3179 1723 3233 Viae
1743 3220 1759 3246 ,
1805 3180 2095 3236 ostendens

521 3278 611 3318 eas
639 3279 758 3319 esse
784 3266 978 3320 multas
1003 3276 1058 3321 et
1093 3267 1352 3321 diversas.
1399 3268 1682 3337 Propterea
1728 3270 1869 3324 enim
1902 3271 2094 3325 multas

520 3354 631 3407 vias
658 3357 864 3419 muniit,
894 3368 948 3410 ut
972 3372 1153 3410 carum
1182 3356 1515 3412 multitudine
1544 3356 1749 3413 facilem
1780 3359 1931 3414 nobis
1954 3360 2094 3415 face-

521 3454 597 3498 ret
626 3446 942 3515 ingressum.
986 3448 1064 3501 Ex
1094 3448 1393 3504 hominibus
1420 3451 1560 3503 enim
1600 3451 1687 3504 alii
1716 3459 1841 3505 sunt
1870 3453 2091 3522 virgini-

521 3543 626 3589 tate
658 3534 907 3597 illustres,
941 3537 1025 3590 alii
1054 3553 1180 3590 vero
1210 3554 1267 3591 se
1294 3540 1512 3593 honeste
1533 3550 1722 3609 gerunt
1749 3542 1798 3594 in
1819 3543 2092 3597 matrimo-

519 3625 628 3682 nio.
651 3625 736 3677 alii
759 3636 1017 3681 ornantur
1043 3628 1294 3683 viduitate
1322 3646 1338 3684 :
1373 3630 1422 3683 hi
1450 3644 1508 3685 se
1533 3632 1781 3686 omnibus
1806 3645 2087 3701 exuerunt,

517 3716 587 3769 illi
619 3717 875 3781 dimidio;
920 3718 971 3773 hi
1014 3735 1108 3789 per
1145 3721 1281 3774 viam
1326 3732 1521 3776 rectam
1572 3725 1972 3794 ingrediuntur,
2017 3728 2089 3783 illi

515 3823 611 3875 per
654 3810 1017 3878 pteuitentiam
1051 3827 1064 3864 :
1107 3821 1161 3867 et
1188 3813 1304 3867 ideo
1333 3816 1523 3885 multas
1554 3816 1643 3869 tibi
1684 3819 1794 3870 vias
1842 3820 2082 3886 munivit,

514 3910 568 3955 ut
595 3898 746 3955 facile
773 3902 1103 3971 ingrediaris.
1138 3902 1251 3957 Non
1282 3907 1495 3973 potuisti
1526 3918 1644 3975 post
1680 3909 1943 3963 lavacrum
1968 3926 2086 3966 ser-

514 4008 637 4048 vare
666 4008 860 4062 corpus
889 3995 1181 4050 mundum?
1219 3998 1289 4051 At
1327 4013 1423 4066 per
1467 4001 1826 4067 paenitentiam
1860 4003 1909 4056 id
1937 4014 2087 4072 potes

518 4084 823 4151 emundare,
855 4096 1006 4154 potes
1036 4103 1129 4155 per
1155 4090 1423 4156 pecunias,
1451 4106 1543 4158 per
1570 4093 1983 4164 eleeumsynam.
2014 4097 2086 4151 At

513 4187 616 4226 non
650 4172 811 4229 habes
856 4177 1143 4246 pecunias?
1184 4177 1288 4233 Sed
1333 4190 1484 4248 potes
1530 4169 1746 4236 visitare
1789 4193 2081 4253 :rgrotum,

511 4270 663 4330 potes
682 4265 936 4321 accedere
960 4266 1023 4321 ad
1050 4283 1169 4322 eum
1196 4268 1283 4338 qtti
1308 4277 1387 4323 est
1416 4270 1466 4323 in
1493 4271 1735 4335 vinculis,
1765 4271 1894 4327 dare
1923 4290 2085 4344 pocu-

515 4354 618 4407 lum
652 4354 875 4425 frigidm,
898 4367 952 4411 et
981 4360 1079 4413 sub
1114 4361 1299 4415 eodem
1335 4371 1473 4416 tecto
1513 4361 1771 4431 hospitem
1804 4366 2079 4434 excipere,

512 4446 748 4512 prodiere
773 4447 906 4500 duos
932 4449 1116 4503 obolos
1134 4491 1149 4515 ,
1178 4452 1313 4504 sicut
1340 4451 1495 4506 vidua
1522 4494 1536 4517 ,
1567 4454 1913 4523 ingemiscere
1962 4474 2083 4520 pro—

510 4543 592 4588 ter
623 4550 714 4588 eos
734 4537 822 4605 qui
868 4537 1173 4606 afﬂiguntur
1208 4539 1368 4609 (Luc.
1397 4537 1519 4612 2|).
1563 4542 1691 4617 Nam
1731 4544 1829 4598 hoc
1871 4561 2082 4614 quoque

514 4635 597 4680 est
621 4625 981 4697 elecmosyna.
1011 4630 1080 4681 At
1102 4644 1160 4682 es
1196 4630 1424 4699 undique
1449 4633 1750 4701 destitutus,
1779 4642 1832 4688 ct
1858 4635 2077 4690 omnino

513 4732 730 4786 pauper,
762 4725 814 4770 et
838 4732 1062 4785 corpore
1086 4718 1219 4773 adeo
1243 4719 1479 4783 infirmo,
1507 4730 1645 4777 utne
1675 4724 1846 4793 possis
1866 4726 2077 4795 qnidetn

508 4808 795 4864 incedere?
839 4808 964 4862 llazc
1002 4810 1175 4864 omnia
1216 4811 1296 4865 fer
1321 4826 1511 4881 magno
1539 4815 1747 4879 animo,
1786 4816 1893 4870 Deo
1920 4831 2081 4884 agens

507 4901 725 4970 gratias,
759 4909 813 4955 ct
840 4916 1085 4971 magnam
1117 4903 1415 4958 mercedem
1443 4906 1692 4976 accipies.
1736 4907 1866 4961 Nam
1899 4909 1948 4961 in
1980 4910 2080 4965 hoc

506 5006 715 5061 quoque
744 5007 802 5046 se
828 4991 1050 5061 pulchre
1077 4995 1241 5062 gessit
1284 4994 1535 5052 Lazarus.
1586 4997 1767 5068 Neque
1804 5000 1944 5053 enim
1984 5002 2076 5055 ulli

506 5083 613 5138 suis
642 5083 731 5140 ille
757 5084 1003 5151 subvenit
1032 5087 1289 5155 pecuniis.
1340 5089 1437 5156 Qui
1469 5090 1610 5144 enim
1645 5091 1692 5142 id
1738 5091 1965 5155 fecisset,
1993 5094 2076 5147 cui

504 5173 583 5228 vel
607 5173 962 5229 necessarium
989 5174 1171 5230 deerat
1194 5178 1546 5230 alimentum?
1576 5178 1685 5232 Non
1707 5180 1976 5247 ingressus
1998 5195 2080 5234 ρει

501 5278 793 5320 carcerem.
824 5264 1101 5332 Quomodo
1128 5267 1268 5321 enim
1292 5268 1378 5336 qui
1406 5284 1505 5320 nec
1531 5269 1683 5338 erigi,
1717 5286 1814 5323 nec
1843 5284 1898 5324 se
1919 5272 2079 5325 susti-

505 5371 633 5410 nere
675 5356 923 5425 poterat?
966 5356 1081 5412 Non
1125 5357 1303 5411 invisit
1349 5369 1625 5428 a‘grotum.
1676 5360 1773 5427 Qui
1821 5368 2078 5429 potuisset

500 5445 591 5513 qui
613 5445 806 5515 linguis
826 5460 1019 5502 canum
1038 5455 1152 5502 erat
1180 5448 1460 5517 expositus
1485 5447 1633 5519 (Luc.
1660 5448 1788 5518 l6)?
1810 5450 1875 5504 Et
1902 5460 2073 5505 tamen

501 5537 660 5591 etiam
686 5535 890 5609 absque
917 5536 1000 5593 his
1035 5540 1308 5609 [mentium
1340 5541 1545 5596 virtutis
1574 5542 1815 5609 arripuit,
1841 5559 1907 5598 eo
1935 5543 2073 5612 quod

502 5629 679 5681 omnia
707 5628 885 5682 tulerit
914 5644 1174 5699 generoso
1198 5632 1395 5691 animo.
1422 5646 1486 5684 eo
1510 5633 1650 5702 quod
1678 5634 1859 5688 videns
1883 5635 2074 5689 crude-

506 5716 611 5775 lem
637 5729 689 5772 ct
718 5717 1058 5772 iuhntnatmut
1079 5720 1345 5775 hominem
1370 5722 1420 5775 iu
1446 5723 1645 5778 Itonorc
1672 5723 1871 5786 haberi,
1896 5726 2073 5779 vitant-

1233 340 1288 395 S.
1328 339 1604 395 JOANNIS
1632 333 2100 394 CHRYSOSTOMI
2142 332 2454 390 AltCHlEP.
2494 336 3023 394 CONSTANTINOP.

3684 343 3779 401 318

2219 469 2321 520 que
2344 470 2499 524 agere
2534 455 2585 509 in
2613 457 2836 519 deliciis,
2862 458 3092 526 seipsum
3124 467 3300 512 autem
3323 456 3524 529 versari
3552 457 3604 512 in
3633 458 3781 512 tantis

2218 546 2391 610 malis,
2440 561 2506 601 ne
2542 547 2761 601 verbum
2791 547 3001 616 quidem
3035 546 3337 602 indecorum
3373 547 3672 614 protulerit.
3721 547 3777 601 Et

2215 635 2334 689 ideo
2365 636 2414 688 in
2441 637 2557 689 sinu
2593 637 2815 690 Abrahae
2843 646 3088 705 receptus
3115 646 3217 702 est,
3260 637 3346 702 qui
3386 646 3601 691 mortuo
3628 637 3780 691 nihilo

2214 734 2332 778 crat
2360 726 2546 780 melius
2572 726 2809 791 affectus,
2844 727 2935 781 sed
2964 728 3121 796 plane
3142 737 3253 780 erat
3282 727 3506 791 inutilis,
3532 728 3581 780 in
3614 726 3779 780 divitis

2214 815 2473 867 vestibulo
2503 815 2767 884 projecms
2812 834 2825 868 :
2874 824 2928 869 ct
2974 831 3092 869 cum
3139 816 3458 883 patriarcha,
3501 817 3589 884 qui
3637 826 3779 870 totet

2215 914 2386 957 tantas
2417 921 2502 958 res
2533 906 2781 973 prmclare
2806 915 3062 974 geSserat,
3091 907 3471 971 coronabatur,
3504 908 3674 960 victor
3699 924 3777 961 re-

2215 997 2571 1061 nuntiabatur,
2600 1007 2654 1050 et
2678 998 2795 1050 sinu
2827 998 2966 1050 illius
2995 997 3283 1060 fruebatur,
3306 998 3397 1067 qui
3432 1013 3531 1051 nec
3556 999 3777 1052 eleemo-

2212 1102 2396 1156 synatn
2429 1086 2656 1152 fecerat,
2690 1103 2787 1141 nec
2821 1088 2867 1141 ei
2892 1089 2974 1141 cui
3000 1087 3188 1156 injuria
3219 1088 3375 1142 fiebat
3411 1104 3627 1144 manum
3653 1106 3774 1158 pne-

2212 1176 2416 1243 buerat,
2437 1194 2538 1233 non
2560 1178 2794 1247 hospites
2815 1188 3115 1248 escej‘erat,
3136 1194 3234 1235 nec
3258 1180 3459 1250 aliquid
3481 1181 3621 1235 aliud
3646 1181 3776 1250 ejus-

2211 1270 2352 1323 modi
2383 1272 2664 1327 ostendere
2687 1281 2952 1341 potuerat,
2975 1272 3067 1327 sed
3097 1281 3295 1326 tantum
3325 1272 3378 1326 in
3407 1273 3652 1326 omnibus
3681 1274 3774 1331 Deo

2209 1362 2404 1429 gratias
2419 1372 2618 1432 egerat,
2641 1373 2693 1417 et
2716 1364 3021 1432 praeclaram
3040 1365 3303 1434 patientiae
3325 1380 3580 1419 coronam
3597 1368 3777 1420 retuleo

2211 1463 2310 1507 rat.
2342 1453 2524 1523 Magna
2551 1455 2690 1509 enim
2722 1471 2807 1509 res
2835 1457 3120 1525 gratiarum
3152 1455 3310 1519 actio,
3344 1455 3695 1526 philosOphia,
3720 1474 3773 1513 ac

2211 1544 2457 1613 patientia
2477 1546 2493 1576 ¹
2524 1562 2640 1614 qua:
2672 1554 2746 1599 tot
2775 1554 2828 1600 et
2844 1547 3000 1599 tantis
3023 1547 3174 1600 malis
3191 1555 3475 1601 exercetur
3498 1565 3512 1600 :
3534 1548 3683 1616 idque
3703 1547 3771 1602 fa-

2209 1644 2354 1688 ctum
2394 1645 2475 1688 est
2500 1637 2657 1700 longe
2687 1637 2920 1689 omnium
2951 1637 3260 1690 maximum.
3301 1636 3457 1692 Unde
3501 1638 3654 1691 etiam
3683 1637 3771 1691 Joh

2208 1736 2492 1780 coronatus
2519 1736 2598 1780 est
2631 1745 2647 1783 :
2677 1736 2999 1796 quapropter
3027 1726 3237 1780 diccbat
3281 1726 3566 1781 diabolus:
3598 1726 3770 1780 Pellem

2208 1832 2301 1886 pro
2323 1816 2478 1885 pelle,
2507 1827 2552 1870 et
2581 1818 2749 1870 omnia
2785 1832 2898 1887 qua:
2923 1817 3071 1869 homo
3098 1817 3273 1879 habet,
3307 1816 3448 1869 dabit
3488 1832 3581 1887 pro
3618 1816 3769 1869 anima

2206 1925 2332 1975 sua;
2359 1909 2448 1963 sed
2471 1910 2681 1963 immitte
2706 1926 2908 1963 manum
2936 1917 3105 1973 tuum,
3155 1918 3202 1963 et
3249 1916 3400 1979 tange
3437 1924 3635 1961 carnem
3672 1911 3768 1979 ejus

2211 1999 2363 2071 (Job.
2390 1999 2447 2056 2.
2488 2001 2541 2054 4.
2573 1999 2663 2071 Pi).
2695 2000 2811 2055 Non
2841 2009 2923 2055 est
2947 2000 3085 2054 enim
3117 2016 3300 2069 parum
3332 2000 3520 2055 dolore
3547 2000 3766 2054 affectam

2209 2090 2475 2144 refrenare
2500 2091 2729 2144 auitnatn
2757 2089 2822 2144 ad
2862 2090 2962 2145 hoc
2988 2131 3002 2154 ,
3045 2100 3101 2144 ut
3144 2090 3275 2144 nihil
3308 2099 3515 2159 peccet.
3570 2090 3673 2144 lloc
3698 2100 3768 2143 est

2205 2196 2324 2233 cum
2367 2181 2619 2251 martyrio
2660 2180 3038 2236 conferendum
3072 2195 3086 2230 :
3134 2180 3235 2234 hoc
3270 2189 3358 2236 est
3399 2180 3652 2236 honorum
3693 2193 3769 2233 co-

2208 2273 2422 2342 lophon.

2275 2367 2328 2419 5.
2371 2365 2436 2419 Et
2465 2374 2518 2419 tu
2547 2380 2693 2435 ergo,
2717 2380 2750 2418 ο
2778 2364 2988 2429 dilecte,
3015 2378 3133 2418 cum
3173 2371 3227 2418 te
3270 2378 3419 2433 smpe
3447 2364 3532 2418 vel
3567 2362 3765 2416 morbus

2206 2457 2288 2512 vel
2317 2456 2506 2520 febres,
2537 2456 2621 2510 vel
2651 2455 2859 2509 dolores
2899 2453 3172 2518 invadunt,
3200 2464 3433 2524 cogente
3470 2466 3521 2508 te
3545 2455 3759 2507 cruciatu

2203 2548 2380 2602 dicere
2394 2545 2590 2615 aliquid
2616 2545 3004 2614 blasphemum,
3024 2546 3067 2600 si
3092 2554 3143 2600 te
3168 2545 3478 2607 retinueris,
3504 2560 3562 2599 ac
3586 2543 3760 2613 gratias

2203 2640 2400 2709 egeris,
2435 2640 2705 2709 Deumque
2729 2638 2895 2708 gloria
2935 2645 2991 2692 et
3017 2640 3216 2692 honore
3241 2638 3512 2703 afl‘eccris,
3540 2636 3758 2692 eamdem

2203 2731 2499 2785 mercedem
2548 2731 2799 2800 accipies.
2841 2730 2952 2797 Qua
2998 2730 3137 2783 enitn
3177 2729 3243 2783 de
3273 2745 3457 2793 causa,
3504 2729 3586 2783 dic
3626 2727 3757 2792 mihi,

2200 2836 2401 2891 qua-so,
2434 2822 2789 2891 blasphemas,
2816 2832 2869 2874 et
2896 2835 3083 2889 aSpera
3113 2820 3270 2873 verba
3311 2818 3558 2889 profers?
3587 2818 3757 2871 ldeoue

2199 2917 2375 2971 evadit
2402 2918 2490 2972 tibi
2519 2917 2674 2971 dolor
2716 2916 2917 2971 levior?
2947 2916 3147 2971 Tamen
3185 2918 3284 2970 etsi
3316 2918 3476 2972 dolor
3502 2917 3642 2972 fieret
3671 2915 3756 2967 hac

2200 3010 2403 3064 ratione
2423 3010 2604 3073 levior,
2630 3023 2694 3062 ne
2715 3009 2791 3063 sic
2814 3010 3022 3079 quidem
3046 3018 3314 3078 oporteret
3337 3011 3527 3065 anima:
3554 3009 3750 3062 salutem

2198 3101 2445 3169 prodere,
2476 3100 2649 3154 habita
2671 3102 2874 3155 ratione
2891 3101 3198 3155 consolandi
3221 3103 3499 3171 corporis:
3523 3113 3749 3154 nuneau-

2199 3202 2302 3246 tem
2335 3206 2438 3246 non
2466 3191 2625 3245 modo
2653 3206 2757 3245 non
2801 3192 3003 3246 levatur
3046 3192 3218 3256 dolor,
3249 3194 3347 3247 sed
3376 3194 3536 3247 etiam
3564 3188 3750 3260 gravior

2198 3281 2452 3336 redditur.
2496 3282 2627 3335 Nam
2655 3297 2774 3336 cum
2800 3282 2943 3336 videt
2980 3283 3221 3338 diabolus
3261 3298 3322 3338 se
3363 3285 3591 3354 potuisse
3625 3277 3746 3337 tead

2198 3372 2579 3441 blaSphemiam
2602 3374 2889 3438 adducere,
2918 3375 3116 3429 fornaci
3151 3376 3327 3445 ignem
3356 3377 3517 3446 magis
3538 3370 3743 3441 subjicit,

2193 3473 2248 3517 ct
2290 3465 2529 3519 dolorem
2571 3466 2863 3531 succendit,
2910 3475 2968 3520 ut
3009 3466 3125 3536 ejus
3165 3468 3488 3523 desiderium
3529 3464 3741 3535 impleas.

2194 3554 2353 3624 Ergo.
2378 3556 2512 3609 sicut
2539 3555 2667 3621 dixi,
2695 3555 2852 3610 etiam
2876 3557 2917 3610 si
2946 3557 3224 3620 levaretur,
3250 3573 3360 3613 non
3383 3566 3639 3627 Oportcret
3659 3553 3742 3606 hoc

2193 3647 2401 3702 facere:
2433 3647 2644 3717 quando
2679 3659 2855 3703 autem
2890 3649 3016 3701 nihil
3060 3649 3188 3702 lucri
3236 3650 3386 3713 facis,
3418 3649 3537 3719 quid
3577 3645 3742 3701 attinet

2194 3742 2415 3809 teipsum
2445 3740 2722 3794 occidere?
2750 3743 2815 3794 At
2836 3755 2938 3794 non
2967 3730 3116 3810 potes
3138 3742 3351 3795 tacere?
3388 3742 3493 3795 Deo
3516 3753 3632 3807 ergo
3657 3747 3740 3802 age

2189 3834 2416 3902 gratias:
2442 3833 2604 3887 Deum
2632 3832 2801 3903 gloria
2825 3842 2878 3887 ct
2907 3831 3108 3887 honore
3147 3833 3321 3897 attice,
3372 3833 3458 3903 qui
3499 3841 3546 3885 te
3578 3827 3738 3896 probat

2191 3927 2242 3979 in
2273 3925 2503 3979 fornace.
2537 3925 2640 3979 Pro
2671 3924 2994 3994 blasphemia
3036 3940 3098 3979 ex
3141 3940 3235 3978 ore
3275 3935 3368 3979 tuo
3408 3922 3614 3994 prodeat
3657 3915 3735 3970 Dei

2188 4018 2373 4088 gloria.
2403 4017 2474 4072 lta
2501 4028 2553 4073 et
2581 4033 2767 4086 magna
2792 4029 2874 4071 est
2897 4034 3119 4075 merces.
3143 4029 3195 4071 et
3221 4019 3414 4072 vulnus
3435 4007 3646 4070 Efficitur
3671 4009 3734 4061 le-

2191 4110 2323 4165 vius.
2358 4108 2436 4162 Ad
2464 4108 2710 4163 eumdem
2739 4123 2947 4178 quoque
2975 4109 3189 4161 modum
3219 4108 3406 4162 beatus
3430 4106 3513 4160 ille
3539 4104 3730 4168 loquens

2186 4198 2415 4260 dicebat,
2446 4197 2692 4252 Dominus
2710 4198 2865 4263 dedit,
2898 4196 3146 4250 Dominus
3172 4197 3380 4252 abstulit
3397 4194 3532 4266 (Job.
3556 4193 3603 4245 l.
3627 4187 3724 4253 2|).

2188 4290 2253 4344 Et
2281 4304 2500 4344 rursus:
2529 4289 2591 4344 Si
2617 4288 2745 4342 bona
2773 4305 2835 4342 ea:
2863 4304 3012 4340 manu
3054 4286 3258 4341 Domini
3287 4287 3583 4356 accepimus,
3613 4275 3726 4330 mala

2186 4398 2287 4435 non
2314 4380 2664 4434 sustinebimus
2688 4377 2805 4449 (Job
2850 4379 2903 4433 2.
2931 4377 3058 4451 10)?
3083 4379 3186 4434 Sed
3219 4380 3370 4444 mihi,
3397 4376 3607 4446 inquies,
3636 4381 3724 4422 non

2186 4471 2330 4525 dedit
2354 4487 2502 4538 epes.
2534 4471 2705 4524 Minus
2729 4480 2809 4525 est
2837 4485 2961 4540 ergo
2993 4470 3206 4524 vulnus.
3236 4470 3351 4524 Non
3379 4470 3514 4522 enim
3550 4456 3725 4528 ιιιιμιτιιθ

2185 4576 2266 4620 est
2289 4563 2474 4617 nudari
2502 4563 2712 4632 opibus,
2734 4577 2855 4616 cum
2883 4578 2972 4616 eas
3000 4561 3317 4630 possederis.
3348 4570 3401 4616 et
3428 4570 3540 4614 cum
3564 4557 3720 4605 carum

2186 4670 2470 4724 numquam
2499 4654 2788 4723 periculum
2818 4653 3026 4720 feceris,
3044 4653 3221 4708 vivere
3245 4653 3293 4706 in
3314 4650 3506 4721 inopia.
3531 4643 3584 4699 Si
3601 4637 3718 4694 enim

2185 4747 2409 4799 aliorum
2438 4745 2612 4798 mala'
2644 4744 2904 4809 videntes,
2937 4752 3129 4798 etcum
3151 4743 3263 4796 suis
3290 4739 3533 4796 aerumnis
3559 4726 3717 4788 confe-

2185 4846 2381 4900 rentes,
2405 4836 2554 4890 multi
2579 4849 2834 4905 pauperes
2875 4849 3056 4888 eorum
3084 4834 3474 4901 comparatione
3511 4837 3595 4879 sua
3617 4826 3718 4905 esse

2183 4931 2421 5001 graviora
2451 4903 3021 4996 existimant:quando
3067 4939 3126 4978 se
3169 4939 3273 4978 non
3316 4937 3432 4978 cum
3471 4916 3596 4976 aliis,
3635 4903 3717 4962 sed

2185 5036 2303 5072 cum
2332 5019 2519 5088 seipsis
2560 5027 2892 5085 comparant,
2923 5015 3091 5083 cogita
3125 5023 3268 5067 tanto
3298 5028 3412 5067 esse
3447 5004 3712 5077 graviorem

2184 5113 2442 5174 dolorem,
2470 5118 2665 5178 quanto
2689 5108 2848 5163 efficit
2879 5106 3223 5175 experientia,
3252 5113 3309 5158 ut
3337 5104 3402 5157 sit
3424 5097 3582 5162 major
3605 5101 3712 5178 83'"

2183 5217 2275 5256 sus
2298 5176 2623 5270 privationis.
2653 5198 2724 5252 Ita
2752 5198 2909 5251 etiam
2932 5206 3011 5250 est
3036 5197 3229 5257 levius,
3257 5196 3323 5248 ab
3351 5190 3492 5245 initio
3519 5176 3708 5273 non

2185 5295 2361 5348 lmisse
2390 5292 2605 5356 liberos,
2634 5305 2789 5361 quam
2820 5289 2898 5343 eis
2926 5287 3123 5351 orbari,
3156 5302 3273 5341 cum
3306 5286 3356 5355 ip
3370 5297 3442 5335 sos
3472 5276 3703 5331 habueru-

2182 5384 2295 5438 Non
2314 5392 2397 5439 est
2420 5384 2561 5437 enim
2583 5382 2777 5441 simile,
2811 5395 2914 5434 non
2958 5380 3250 5447 accepisse,
3279 5385 3331 5431 et
3349 5376 3601 5444 postquam
3616 5368 3702 5458 ac:

2181 5476 2405 5546 ceperis,
2432 5475 2508 5528 eis
2536 5487 2654 5528 esse
2682 5473 2959 5541 privatum.
2994 5469 3097 5524 Fer
3137 5484 3265 5539 ergo
3288 5474 3529 5537 generoso
3553 5455 3700 5503 animo

2247 5611 2261 5640 ι
2300 5616 2347 5657 tn
2369 5607 2506 5657 savii.
2532 5608 2609 5656 hae
2633 5619 2792 5660 voces.
2817 5618 2875 5654 ac
2898 5601 3140 5667 patientia,
3156 5602 3346 5652 desunt.

2245 5673 2264 5701 ¹
2298 5669 2497 5718 Savilius
2521 5676 2653 5730 putat
2672 5665 2951 5730 legendum,
2974 5665 3110 5730 bona.
3130 5671 3181 5713 et
3201 5673 3334 5730 certe
3348 5672 3422 5710 me

2184 5740 2261 5781 ret
2285 5745 2296 5779 :
2323 5731 2409 5779 Sed
2433 5724 2587 5779 omnia
2615 5724 2904 5790 exemplaria
2929 5727 3126 5787 habent,
3150 5724 3293 5775 mala.

3425 5653 3513 5705 lius
3524 5639 3692 5710 (1W
