4018 6268
382 331 487 386 567

384 442 533 516 [560]
567 444 916 499 ἀποδείκνυσι
947 445 1040 499 καὶ
1076 445 1322 517 φαιδρὸν,
1364 447 1724 520 ἀποσμήχων,
1757 453 1851 506 καὶ
1874 469 1963 505 τε·

382 528 543 592 λείως
565 529 665 599 τὴν
684 528 1028 600 ⁸διαστροφὴν
1057 529 1303 601 ἀνορθοῖν
1338 529 1482 584 οὕτω
1518 534 1612 586 καὶ
1647 535 1677 587 6
1703 535 1798 588 τοῦ
1827 533 1963 588 Θεοῦ

384 610 551 680 φόϐος
579 613 674 665 καὶ
692 613 750 665 ἐν
780 611 971 684 βραχεῖ
997 613 1174 683 χρόνῳ
1196 614 1373 668 πάντα
1394 617 1707 686 ἐργάσεται,
1729 618 1964 681 καὶτοὺς

385 697 478 750 ὑπ’
504 695 671 750 αὐτοῦ
703 696 975 766 βαφέντας
1007 697 1182 750 οὐδενῖ⁹
1218 699 1326 751 τῶν
1357 699 1713 770 ἀνθρωπίνων
1741 702 1965 772 ἀφίησιν

385 779 864 843 ὑποσκελίζεσθαι.
898 781 1011 834 Οὐκ
1057 780 1291 852 ἀσθενὴς
1321 778 1391 852 ἦν
1427 784 1457 835 6
1494 785 1791 855 Τιμόθεος;
1845 786 1966 855 οὐχὶ

382 863 647 934 διηνεκῶς
678 866 736 916 ἐν
757 864 933 925 νόσοις
963 863 1057 916 καὶ
1086 864 1481 937 ταλαιπωρίαις
1504 884 1518 933 ;
1546 867 1611 919 Τί
1639 864 1731 921 οὖν
1755 868 1964 922 ἐκείνου

391 947 804 1018 μακαριώτερον
841 946 1068 1015 γέγονε;
1100 947 1154 999 τί
1186 947 1271 1000 δαὶ
1304 950 1333 1002 6
1372 947 1523 1013 Ἰώϐ;
1564 952 1683 1003 είπέ
1714 969 1835 1022 μοι·
1868 953 1967 1004 οὐκ

386 1032 445 1084 ἐν
474 1031 634 1101 πενίᾳ
656 1031 929 1101 κατέστη;
958 1029 1059 1082 οὐκ
1079 1032 1137 1083 ἐν
1168 1030 1548 1101 ἀπαιδίᾳ;οὐκ
1574 1034 1631 1086 ἐν
1658 1034 1838 1106 πληγῇ
1866 1034 1968 1087 σώ-

389 1131 557 1183 ματος
589 1113 985 1184 χαλεπωτάτης
1016 1114 1114 1166 οὐκ
1149 1115 1206 1167 ἐν
1243 1114 1532 1181 ὀνείδεσιν;
1567 1118 1668 1171 οὐκ
1719 1119 1775 1170 ἐν
1807 1117 1969 1188 ὕϐρε-

390 1214 474 1251 σιν
502 1214 516 1261 ;
558 1202 658 1249 οὐκ
685 1198 743 1248 ἐν
783 1196 1106 1267 λοιδορίαιςς
1142 1197 1242 1250 οὐκ
1270 1200 1328 1249 ἐν
1360 1198 1536 1269 λιμῷς
1564 1200 1664 1253 οὐκ
1696 1202 1754 1254 ἐν
1797 1199 1968 1253 ἅπασι

387 1282 498 1342 τοῖς
536 1278 898 1350 ἀνθρωπίνοις
938 1282 1162 1347 κακοῖς-ς
1207 1280 1347 1332 Ἀλλ’
1388 1283 1537 1352 ὅμως
1573 1284 1827 1338 ἁπάντων
1874 1284 1970 1335 καὶ

386 1359 541 1426 οὗτος
587 1362 999 1437 μακαριώτερος
1035 1364 1276 1432 γέγονεν.
1341 1366 1417 1417 Οὐ
1463 1367 1623 1437 μόνον
1676 1366 1786 1437 γὰρ
1818 1366 1969 1419 οὐδὲν

385 1448 591 1501 τούτων
638 1447 801 1500 αὐτὸν
851 1447 1249 1511 ὐπεσκέλισεν,
1284 1448 1421 1502 ἀλλά
1464 1450 1557 1503 καὶ
1606 1449 1970 1520 στερεώτερον

388 1532 704 1601 εἰργάσατο.
737 1530 845 1583 Καὶ
884 1532 1021 1601 γυνὴ
1058 1531 1115 1583 δὲ
1163 1532 1301 1601 μετά
1340 1532 1557 1585 πάντων
1600 1533 1827 1585 ἐκείνων
1869 1533 1968 1584 ἐπ-

391 1617 570 1669 έκειτο
604 1614 752 1684 αὐτῷ
777 1613 1128 1677 ὀνειδίζουσα,
1159 1616 1254 1668 καὶ
1276 1616 1426 1683 ὅμως
1454 1616 1541 1668 διά
1568 1618 1785 1670 πάντων
1807 1615 1972 1685 ἔλαμ-

388 1697 481 1766 ψε.
526 1696 709 1749 Ταῦτα
748 1694 842 1749 οὖν
886 1696 1101 1750 ἅπαντα
1141 1697 1337 1749 ἐννοῶν
1375 1700 1404 1750 ὀ
1450 1699 1743 1771 Προφήτης
1779 1698 1932 1765 ἔλεγε
1955 1713 1969 1726 ·

392 1780 680 1849 Μακάριοι
702 1779 925 1843 πάντες
947 1783 998 1833 οὶ
1028 1780 1385 1848 φοϐούμενοι
1408 1781 1514 1834 τὸν
1528 1783 1766 1848 Κύριον,
1785 1781 1971 1850 φησὶν,

393 1865 448 1915 οἱ
481 1863 864 1930 πορευόμενοι
893 1864 962 1914 ἐν
988 1861 1119 1927 ταῖς
1148 1861 1310 1927 ὁδοῖς
1350 1864 1555 1916 αὐτοῦ.
1580 1865 1697 1916 Ἴνα
1745 1863 1854 1933 γάρ
1899 1863 1974 1934 μὴ

394 1944 623 2017 νομίσῃς
650 1945 837 2014 ἀρκεῖν
872 1960 951 1996 σοι
975 1943 1066 1996 τὸν
1090 1944 1253 2012 φόϐον
1273 1954 1313 2008 ⁸,
1339 1946 1646 2016 προσέθηκε
1669 1946 1750 2008 τὸ,
1774 1949 1838 1999 Ol
1868 1958 1974 1998 πο-

392 2029 699 2096 ρευόμενοι
751 2028 821 2080 ἐν
850 2026 977 2091 ταῖς
1010 2027 1172 2094 ὁδοῖς
1207 2028 1414 2089 αὐτοῦ,
1452 2028 1628 2098 δηλῶν
1670 2030 1973 2098 ἀμφότερα,

394 2111 477 2163 ὅτι
514 2114 577 2164 Οἱ
621 2112 979 2179 φοϐούμενοι
1033 2112 1128 2164 καὶ
1174 2112 1580 2180 πορευόμενοι.
1635 2112 1826 2165 Πολλοὶ
1868 2111 1978 2182 γάρ

396 2194 579 2247 πίστιν
609 2192 828 2263 ἔχοντες
854 2193 1076 2263 ἀκριϐῆ,
1114 2193 1226 2263 βίον
1255 2193 1312 2246 δὲ
1348 2194 1762 2266 διεφθαρμένον,
1791 2193 1980 2247 ἀθλιώ-

394 2294 542 2348 τεροι
576 2276 798 2330 πάντων
841 2277 1150 2345 γεγόνασιν.
1179 2278 1297 2331 Ἵνα
1326 2266 1418 2331 οὖν
1451 2278 1524 2347 μὴ
1568 2279 1696 2350 δόξῃ
1724 2276 1980 2333 ἐντεῦθεν

393 2362 424 2413 6
451 2361 607 2430 λόγος
651 2360 1005 2429 ἐλέγχεσθαι,
1042 2361 1350 2431 ἐπήγαγεν·
1399 2364 1463 2415 Οἱ
1493 2364 1883 2429 πορευόμενοι
1910 2362 1980 2415 ἐν

398 2443 523 2509 ταῖς
554 2443 718 2508 ὁδοῖς
746 2443 952 2498 αὑτοῦ.
986 2444 1143 2506 Τίνες
1161 2444 1218 2497 δὲ
1252 2445 1309 2497 αί
1339 2443 1433 2497 τοῦ
1464 2443 1600 2497 Θεοῦ
1633 2445 1764 2507 ὁδοὶ,
1795 2443 1910 2498 ἀλλ’
1944 2444 1976 2513 ἢ

398 2533 430 2600 ἡ
470 2529 613 2583 κατά
652 2530 856 2600 ἀρετὴν
891 2530 1171 2597 πολιτείας
1204 2532 1302 2585 Διά
1332 2530 1538 2600 ταύτης
1571 2531 1679 2602 γὰρ
1722 2530 1869 2584 ἔστιν
1900 2532 1980 2593 εἰς

398 2613 490 2667 τὸν
522 2614 753 2685 οὐρανὸν
776 2614 1005 2678 ἀνιέναι,
1036 2614 1128 2667 καὶ
1156 2614 1254 2683 τῆς
1286 2615 1670 2684 μητροπόλεως
1696 2615 1724 2655 1)
1751 2615 1982 2684 ἐπιλαμ-

399 2696 680 2757 ϐάνεσθαι,
723 2698 815 2750 καὶ
845 2696 1006 2750 αὐτὸν
1031 2699 1168 2768 ὀρᾷν
1198 2697 1288 2750 τὸν
1312 2698 1467 2761 Θεὸν,
1491 2698 1566 2759 ὡς
1589 2697 1860 2769 ἀνθρώπῳ
1891 2698 1981 2750 δυ-

400 2781 558 2834 νατόν
586 2782 720 2851 ὀρᾷν
748 2790 794 2835 ε.
828 2780 967 2835 Ὀδοὶ
994 2781 1050 2833 δέ
1084 2780 1250 2834 αὐτοῦ
1276 2781 1547 2849 λέγονται,
1581 2782 1768 2850 ἐπειδὴ
1792 2781 1859 2833 δι’
1888 2783 1984 2834 αὐο

405 2862 510 2916 τῶν
542 2863 685 2917 ἔστιν
715 2862 972 2917 ἀπελθεῖν
1006 2865 1142 2935 πρὸς
1170 2862 1262 2916 τὸν
1295 2863 1449 2917 Θεόν.

474 2945 586 2998 Καὶ
613 2947 711 3000 οὐκ
742 2942 916 3011 εἶπεν,
942 2946 1080 3008 ὀδὺς,
1121 2946 1235 2998 ἀλλ’
1264 2945 1403 3010 ὀδοὶ,
1435 2946 1649 3009 δεικνὺς
1680 2947 1760 3000 ὅτι
1790 2946 1985 3000 πολλαὶ

411 3026 570 3080 αὐταὶ
593 3028 683 3081 καὶ⁸
718 3029 981 3098 διάφοροι.
1013 3027 1111 3080 Διά
1130 3028 1240 3099 γάρ
1261 3028 1417 3082 τοῦτο
1446 3027 1644 3091 πολλὰς
1672 3028 1841 3091 αὐτάς
1865 3028 1983 3080 ἔτε-

413 3122 503 3175 με.
538 3109 601 3177 τῇ
650 3107 879 3179 ἀφθονία
917 3108 1024 3161 τῶν
1075 3107 1208 3161 ὀδῶν
1237 3106 1458 3162 εὔκολον
1492 3107 1665 3162 ποιῶν
1715 3111 1847 3179 ήμῖν
1888 3107 1985 3177 τὴν

406 3189 629 3245 εἴσοδον.
678 3191 740 3243 Ol
792 3192 892 3261 μὲν
946 3190 1057 3263 γὰρ
1101 3191 1210 3245 τῶν
1260 3190 1562 3264 ἀνθρώπων
1604 3194 1663 3244 ἐν
1720 3190 1989 3263 παρθενίᾳ

404 3271 714 3342 λάμπουσιν
741 3312 756 3336 ,
814 3276 865 3326 οἱ
890 3274 946 3327 δὲ
979 3276 1039 3329 ἐν
1065 3274 1232 3346 γάμῳ
1257 3274 1669 3345 διαπρέπουσιν,
1698 3273 1846 3327 ἄλλοι
1885 3290 1986 3343 χη-

409 3357 531 3428 ρείᾳ
564 3358 932 3428 κοσμοῦνταν
973 3360 1069 3412 καὶ
1096 3360 1146 3412 οἱ
1185 3360 1282 3429 μὲν
1315 3359 1384 3412 τὰ
1422 3358 1599 3411 πάντα
1628 3356 1988 3422 ἀπεδύσαντο,

404 3442 453 3494 οἱ
471 3441 529 3494 δὲ
549 3441 619 3494 τά
644 3442 817 3514 ἡμίση
837 3459 849 3472 ’
875 3444 968 3497 καὶ
987 3444 1035 3496 οί
1067 3442 1166 3513 μὲν
1188 3442 1253 3496 δι’
1279 3442 1440 3512 ὀρθοῦ
1470 3441 1605 3512 βίου,
1629 3442 1677 3493 οί
1705 3440 1763 3493 δὲ
1784 3439 1871 3493 διά
1900 3456 1991 3509 με-

405 3524 624 3588 τανοίας
640 3540 654 3554 ·
676 3524 764 3578 διὰ
786 3526 894 3597 γὰρ
917 3524 1074 3580 τοῦτο
1098 3525 1297 3587 πολλὰς
1323 3525 1514 3595 ἔτεμεν
1534 3525 1706 3586 ὀδοὺς,
1731 3524 1816 3577 ἵνα
1844 3523 1993 3576 εὐκό·

406 3607 513 3673 ὶως
554 3607 765 3680 ὀδεύῃς.
813 3610 927 3662 Οὐκ
957 3610 1183 3680 ἴσχυσας
1228 3609 1365 3680 μετά
1393 3608 1456 3661 τὸ
1500 3607 1724 3678 λουτρὸν
1752 3606 1991 3677 καθαρὸν

405 3691 732 3761 διαφυλάξαι
775 3708 867 3745 σου
906 3692 967 3744 τὸ
1001 3691 1244 3763 σῶμαάς
1288 3691 1524 3747 Δύνασαι
1574 3692 1662 3744 διὰ
1706 3690 1992 3761 μετανοίας

408 3774 608 3828 σαυτὸν
639 3774 861 3844 ποιῆσαι
897 3774 1159 3847 καθαρὸν,
1198 3774 1422 3828 δύνασαι
1458 3773 1546 3827 διὰ
1571 3773 1889 3844 χρημάτων,
1923 3772 1989 3826 δι’

408 3857 805 3929 ἐλεημοσύνης.’
833 3858 969 3912 Ἀλλ’
998 3860 1096 3912 οὐκ
1123 3858 1267 3929 ἔχεις
1293 3860 1580 3929 χρήματα;
1611 3856 1750 3909 Ἀλλ’
1773 3855 1991 3909 ἐπισκέ-

411 3941 640 3994 πτεσθαι
668 3939 893 3994 δύνασαι
935 3941 1025 3994 τὸν
1051 3939 1458 4014 ἀρρωστοῦντα,
1485 3939 1707 3995 ἀπιέναι
1741 3939 1877 4008 πρὸς
1900 3939 1992 3992 τὸν

407 4023 713 4094 δεδεμένον,
750 4022 959 4094 ψυχροῦ
989 4025 1249 4094 ποτήριον
1282 4021 1505 4088 διδόναι,
1548 4021 1643 4074 καὶ
1684 4021 1991 4091 ὁμωρόφιον

411 4109 585 4160 ποιεῖν
616 4106 709 4160 τὸν
739 4105 906 4173 ξένον,
938 4106 1032 4160 δύο
1060 4105 1322 4176 παρέχειν
1354 4104 1594 4168 ὀϐολοὺς,
1620 4104 1696 4168 ὡς
1741 4105 1774 4175 ἡ
1814 4104 1990 4174 χήρα,

412 4190 508 4245 καὶ
525 4190 806 4256 στενάζειν
831 4191 925 4244 ἐπὶ
943 4194 1055 4254 τοῖς
1076 4189 1451 4259 ὀδυνωμένοις.
1467 4187 1578 4241 Καὶ
1597 4188 1705 4261 γάρ
1725 4189 1819 4241 καὶ
1837 4189 1994 4242 τοῦτο

413 4271 773 4345 ἐλεημοσύνη.
800 4274 942 4328 Ἀλλ’
970 4273 1176 4345 ἔρημος
1203 4273 1370 4332 εἶκαὶ
1390 4273 1559 4343 πένης
1586 4272 1709 4325 καθ’
1734 4273 1876 4332 ὅλου,
1898 4273 1993 4325 καὶ

413 4356 645 4429 ἀσθενὴς
673 4357 735 4410 τὸ
781 4358 962 4428 σῶμα,
992 4359 1087 4411 καὶ
1125 4357 1247 4411 οὐδέ
1278 4355 1490 4427 βαδίσαι
1520 4354 1743 4408 δύνασαι
1771 4366 1830 4420 e;
1858 4354 1993 4426 Φέρε

418 4441 596 4495 πάντα
622 4442 962 4513 εὐχαρίστως
997 4443 1190 4508 ταῦτα,
1225 4442 1319 4496 καὶ
1360 4441 1532 4513 μέγαν
1570 4438 1878 4511 ἐκαρπώσω
1904 4438 1994 4492 τὸν

420 4525 631 4594 μισθόν.
677 4527 828 4579 Ἐπεὶ
858 4529 952 4580 καὶ
988 4525 1083 4580 τοῦ
1118 4524 1370 4596 Λαζάρου
1401 4523 1560 4578 τοῦτο
1601 4519 1670 4594 ἦν
1707 4523 1768 4577 τὸ
1798 4523 1997 4593 κατόρ-

418 4608 596 4678 θωμα.
627 4608 764 4662 Οὐδὲ
800 4607 951 4679 [561]
1001 4608 1109 4680 γὰρ
1162 4608 1271 4662 ἀπὸ
1313 4608 1612 4680 χρημάτων
1651 4609 1857 4670 ἐκεῖνος
1893 4607 1994 4658 ἐπ-

419 4692 689 4764 εκούρησε
710 4710 841 4748 τινι.
863 4692 989 4756 Πῶς
1016 4693 1126 4764 γὰρ
1150 4695 1178 4746 6
1216 4692 1351 4762 μηδέ
1381 4693 1478 4762 τῆς
1505 4690 1806 4760 ἀναγκαίας
1835 4691 1994 4743 εὐπο-

424 4776 530 4847 ρῶν
558 4776 803 4847 τροφῆς;
838 4776 950 4830 Οὐκ
980 4777 1060 4840 είς
1085 4775 1459 4845 δεσμωτήριον
1483 4771 1861 4843 εἰσῆλθε.Πῶς
1889 4772 1998 4845 γάρ

421 4863 449 4912 ὀ
484 4859 620 4929 μηδὲ
638 4857 928 4930 ὀρθοῦσθαι
955 4858 1289 4930 δυνάμενος;
1328 4857 1440 4910 Οὐκ
1469 4855 1748 4928 ἄρρωστον
1770 4856 1999 4908 ἐπεσκέ-

422 4941 581 5010 ψατο.
603 4942 727 5004 Πῶς
751 4943 858 5013 γὰρ
882 4945 913 4995 ὀ
938 4943 1297 5013 προκείμενος
1319 4943 1439 5003 ταῖς
1468 4938 1740 5008 γλώσσαις
1766 4939 1876 4991 τῶν
1904 4955 2001 4991 κυ-

425 5023 559 5091 νῶν;
604 5024 742 5077 Ἀλλ’
777 5026 927 5095 ὅμως
961 5027 1053 5079 καὶ
1093 5025 1297 5078 τούτων
1330 5024 1500 5096 χωρὶς
1533 5022 1594 5075 τὺ
1625 5021 1876 5092 βραϐεῖον
1902 5021 2000 5093 τῆς

426 5108 627 5179 ἀρετῆς
649 5110 866 5179 ἥρπασε
895 5107 914 5147 ἲ
938 5108 1016 5179 τῷ
1040 5110 1217 5162 πάντα
1237 5106 1498 5177 γενναίως
1526 5105 1787 5174 ἐνεγκεῖν,
1808 5104 1887 5175 τῷ
1910 5106 2002 5159 τὸν

488 5259 514 5287 ι
541 5244 637 5295 Alii
661 5258 740 5290 σοι
760 5242 845 5298 τὴν
866 5242 1057 5302 γνῶσιν.
1083 5241 1236 5291 Savil.
1263 5240 1444 5288 melius
1471 5256 1549 5302 σοι
1573 5239 1657 5285 τὸν
1690 5238 1852 5302 φόϐον,
1876 5242 1929 5286 ιιι
1954 5237 2001 5285 in

430 5314 586 5358 mnu.
616 5304 729 5353 Sav.
759 5305 807 5352 in
834 5300 985 5365 marg.
1005 5305 1090 5363 τήν
1111 5303 1307 5365 γνῶσιν,
1333 5303 1411 5351 διὰ
1432 5300 1576 5349 τοῦτο
1593 5301 1877 5365 προσέθηκε.

487 5371 517 5411 h
547 5368 718 5417 Morel.
749 5366 951 5421 πόλεως.

457 5492 469 5507 ἱ
492 5434 515 5462 °
540 5430 692 5507 §ayiL
722 5420 927 5479 δυνατὸν
958 5427 1185 5477 κατιδεῖν.
1223 5425 1331 5474 Mox
1378 5424 1511 5474 idem
1546 5423 1673 5471 ἔστιν
1705 5420 1851 5470 ἐλθεῖν
1889 5421 2006 5485 πρὸς

423 5508 520 5592 md
735 5551 942 5615 καθαρὸν
978 5551 1172 5615 φυλάξαι
1195 5549 1251 5597 τὸ
1277 5551 1434 5612 σῶμα.
1458 5547 1567 5597 Mox
1592 5545 1721 5594 idem
1763 5545 1840 5593 διὰ
1862 5560 2006 5608 μεταο

429 5616 559 5688 “ius
576 5616 692 5688 αὖίἳδ
709 5613 1154 5688 ποιῆσάξβέθειρδν·
1184 5672 1232 5688 .,
1328 5674 1348 5688 η
1459 5668 1564 5688 ω,
1673 5668 1687 5684 κ
1771 5669 1783 5682 ρ

480 5680 507 5752 ς
531 5668 682 5752 Sav‘il.
723 5680 799 5752 ὡς
814 5668 943 5749 ςμηδέ
965 5668 1155 5737 βαδίσαι
1181 5672 1418 5722 δύνασθαι.
1459 5668 1583 5719 Ibid.
1608 5668 1689 5717 καὶ
1725 5669 1869 5732 μέγαν
1890 5683 2009 5730 καρ-

429 5740 566 5800 πώσῃ
584 5740 667 5787 τὸν
691 5740 872 5798 μισθόν.

492 5800 511 5838 ί
537 5802 670 5851 Savil
717 5801 770 5847 τὸ
798 5795 1014 5862 βραϐεῖον
1035 5797 1237 5862 ἥρπασε.

1536 338 1902 397 ΕΧΡΟΞΙΤΙΟ
1941 337 2007 394 IN
2050 338 2379 397 PSALMUM
2417 340 2677 397 CXXVII.

3542 343 3646 399 5'38

2071 451 2169 521 μὲν
2195 452 2344 522 ώμδν
2374 453 2468 505 καὶ
2506 452 2870 523 ἀπάνθρωπον
2908 451 3297 518 εὐδοκιμοῦντα
3332 454 3424 507 καλ⁸
3456 454 3647 526 ἐντρυ-

2068 535 2255 605 φῶντα
2277 537 2428 606 ὀρᾷν,
2451 537 2642 589 ἐαυτὸν
2664 536 2720 589 δέ
2746 536 2804 588 ἐν
2829 536 3102 599 τοσούτοις
3124 539 3333 598 κακοῖς,
3360 537 3454 588 καλ⁵
3479 537 3646 608 μηδὲν

2066 619 2277 690 ἀπηχὲς
2298 621 2322 659 8
2346 620 2494 689 ρῆμα
2523 619 2877 688 φθέγξασθαι.
2900 618 2995 671 Διά
3014 618 3069 671 δὲ
3088 618 3241 671 τοῦτο
3263 619 3387 681 τοὺς
3414 619 3646 685 κόλπους

2066 702 2417 771 ἀπελάμϐανε
2442 703 2535 755 τοῦ
2567 703 2816 774 Ἀϐραὰμ
2839 704 2867 755 ὀ
2891 702 3086 773 νεκροῦ
3111 703 3261 755 οὐδὲν
3291 704 3508 772 ἄμεινον
3533 703 3646 756 διας

2068 784 2339 854 κείμενος,
2364 785 2478 838 ἀλλ’
2505 786 2671 855 ἀργὸς
2694 788 2750 839 ὲν
2775 785 2852 856 τῷ
2884 787 3084 839 πυλῶνι
3114 785 3207 839 τοῦ
3240 786 3495 839 πλουσίου
3527 787 3647 840 τότε

2070 869 2434 940 ἐρριμμένος,
2477 871 2569 923 καὶ
2620 869 2759 940 μετά
2792 870 2883 923 τοῦ
2939 868 3175 922 τοσαῦτα
3224 870 3650 940 κατωρθωκότος

2070 952 2407 1021 πατριάρχου
2442 952 2802 1021 ἐστεφανοῦτο
2822 968 2834 981 ⁸
2873 953 2968 1004 καὶ
2996 952 3378 1023 ἀνηγορεύετο,
3419 957 3510 1006 καὶ
3538 953 3648 1006 τῶν

2070 1033 2288 1086 κόλπων
2319 1035 2557 1089 ἀπέλαυε
2584 1036 2691 1089 τῶν
2716 1038 2947 1099 ἐκεῖνον,
2976 1037 3075 1088 οὐκ
3108 1036 3473 1107 ἐλεημοσύνας
3495 1040 3653 1108 ποιή-

2073 1132 2192 1180 σας,
2220 1118 2317 1170 οὐκ
2345 1117 2685 1188 ἀδικουμένῳ
2724 1121 2878 1189 χεῖρα
2919 1119 3131 1189 ὀρέξας,
3168 1119 3228 1171 οὐ
3259 1118 3439 1183 ξένους
3468 1120 3655 1172 ὑποδε-

2072 1198 2323 1269 ξάμενος,
2359 1201 2458 1253 οὐκ
2486 1201 2613 1254 ἄλλο
2661 1201 2767 1253 τῶν
2801 1202 3059 1254 τοιούτων
3093 1202 3246 1254 οὐδὲν
3281 1201 3652 1266 ἐπιδείξασθαι

2070 1282 2338 1352 δυνηθεὶς,
2372 1283 2487 1336 ἀλλ’
2519 1285 2575 1335 ἐν
2607 1285 2740 1336 πᾶσι
2785 1285 2945 1354 μόνον
2978 1286 3398 1356 εὐχαριστήσας,
3435 1287 3524 1338 καὶ
3560 1286 3653 1339 τὸν

2072 1366 2173 1436 τῆς
2204 1368 2480 1436 ὑπομονῆς
2526 1366 2777 1439 λαμπρὸν
2815 1368 3135 1436 ἀπενεγκὼν
3176 1369 3455 1437 στέφανον.
3494 1371 3652 1436 Μέγα

2073 1453 2180 1521 γὰρ
2210 1449 2370 1520 ἔργον
2400 1449 2720 1520 εὐχαριστία
2754 1450 2845 1503 καὶ
2875 1452 3181 1520 φιλοσοφία,
3206 1453 3299 1504 καὶ
3337 1452 3600 1522 καρτερία
3622 1452 3654 1492 ιι

2073 1533 2131 1585 ἐν
2152 1531 2425 1596 τοσούτοις
2454 1535 2640 1597 κακοῖς
2669 1534 3056 1604 γυμναζομένη
3078 1551 3091 1565 ⁸
3121 1536 3212 1587 καὶ
3234 1535 3447 1588 πάντων
3473 1536 3656 1605 μεῖζον

2076 1614 2414 1684 κατόρθωμα
2446 1615 2622 1667 τοῦτο.
2650 1615 2814 1668 Ὅθεν
2840 1617 2934 1669 καὶ
2965 1619 2993 1669 6
3029 1616 3146 1669 Ἰὼϐ
3171 1617 3551 1685 ἐστεφανεῦτο,
3577 1616 3658 1668 διδ

2076 1699 2167 1751 καὶ
2199 1701 2227 1751 ὀ
2261 1698 2505 1760 διάϐολος
2551 1698 2739 1765 ἐλεγεο
2787 1698 2979 1766 Δέρμα
3023 1700 3174 1766 ὑπὲρ
3204 1699 3513 1768 δέρματος,
3558 1698 3659 1751 καὶ

2076 1780 2273 1835 πάντα
2306 1780 2422 1833 ὅσα
2449 1781 2703 1848 ὑπάρχει
2729 1780 2809 1844 τῷ
2831 1781 3121 1849 ἀνθρώπιεὶ
3152 1780 3329 1835 δώσει
3369 1783 3521 1849 ὑπὲρ
3551 1780 3660 1848 τῆς

2076 1863 2283 1935 ψυχῆς
2305 1865 2489 1918 αὐτοῦ
2510 1881 2523 1893 ’
2569 1865 2732 1918 ἀλλὰ
2763 1865 3132 1917 ἀπόστειλον
3174 1864 3290 1932 τὴν
3317 1865 3485 1933 χεῖρά
3518 1879 3659 1926 σου,

2081 1949 2177 2002 καὶ
2201 1948 2350 2017 ἅψαι
2374 1946 2482 2015 τῆς
2509 1948 2735 2015 σαρκὸς
2765 1948 3062 2001 αὐτοῦ.οὐ
3083 1946 3192 2018 γὰρ
3223 1947 3436 2017 μικρὸν,
3465 1948 3662 2000 ὀδυνω-

2084 2033 2251 2103 μένην
2308 2032 2605 2102 χαλινῶσαι
2634 2029 2842 2100 ψυχὴν,
2880 2031 3017 2103 πρὸς
3057 2031 3118 2083 τὸ
3157 2030 3320 2101 μηδὲν
3374 2031 3658 2100 ἁμαρτεῖν.

2082 2115 2252 2169 Τοῦτο
2282 2116 2584 2188 μαρτυρίου
2620 2116 2756 2178 ἴσον,
2787 2116 2944 2168 τοῦτο
2974 2113 3216 2183 κολοφὼν
3246 2115 3353 2168 τῶν
3385 2113 3623 2183 ἀγαθῶν.

2149 2205 2218 2266 γ’.
2255 2200 2365 2251 Καὶ
2406 2200 2469 2251 σύ
2502 2198 2714 2263 τοίνυν,
2757 2197 3039 2268 ἀγαπητὲ,
3075 2197 3332 2259 πολλάκις
3374 2197 3479 2249 ὐπὸ
3504 2196 3660 2249 νόσου

2082 2281 2442 2352 κατεχόμενος
2459 2320 2472 2343 ,
2501 2282 2534 2353 ἢ
2563 2281 2842 2351 πυρετῶν,
2931 2280 3239 2350 ἀλγηδόνων
3259 2282 3358 2350 τῆς
3388 2280 3577 2348 ὀδύνης
3601 2295 3663 2331 σε

2084 2363 2498 2433 ἀναγκαζούσης
2530 2365 2748 2416 εἰπεῖνί
2784 2381 2834 2416 τι
2870 2363 3210 2432 βλάσφημον,
3248 2363 3342 2415 ἐὰν
3383 2362 3663 2432 κατάσχῃς

2084 2447 2299 2507 σαυτὸν,
2334 2448 2423 2499 καὶ
2450 2447 2869 2517 εὐχαριστήσῃς,
2897 2445 2988 2500 καὶ
3014 2444 3368 2518 δοξολογήσῃς
3398 2445 3485 2497 τὸν
3509 2444 3661 2508 Θεὸν,

2081 2532 2172 2583 τὸν
2202 2529 2361 2582 αὐτὸν
2403 2528 2546 2599 λήψῃ
2590 2529 2800 2598 μισθόν.
2829 2529 2985 2591 Τίνος
3031 2528 3139 2598 γὰρ
3184 2529 3368 2581 ἕνεκεν
3425 2527 3664 2597 βλασφη-

2087 2618 2227 2685 μεῖς,
2262 2612 2384 2667 εἰπέ
2426 2630 2536 2683 μοι,
2570 2613 2664 2664 καὶ
2702 2611 2897 2682 πικρὸν
2927 2613 3076 2682 ρῆμα
3101 2613 3382 2682 ἐκφέρεις;
3420 2612 3510 2681 Μὴ
3539 2628 3667 2665 κου-

2084 2696 2312 2768 φότερόν
2353 2712 2434 2748 σοι
2474 2695 2684 2764 γίνεται
2714 2694 2776 2747 τὸ
2809 2695 3007 2763 ἀλγος;
3051 2696 3305 2749 Μάλιστα
3336 2695 3434 2766 μὲν
3474 2697 3582 2766 γὰρ
3616 2698 3665 2748 εί

2086 2782 2181 2835 καὶ
2218 2780 2546 2850 κουφότερον
2575 2779 2802 2846 ἐγίνετο,
2825 2778 2944 2831 οὐδέ
2965 2777 3138 2841 οὕτως
3162 2778 3268 2830 ἔδει
3297 2778 3521 2849 τολμᾷν,
3545 2778 3667 2830 οὐδέ

2085 2865 2265 2936 ψυχῆς
2291 2863 2565 2934 σωτηρίαν
2601 2861 2915 2923 ἀποδόσθαι,
2948 2861 3026 2930 τῷ
3066 2859 3278 2929 σώματί
3310 2878 3404 2912 σου
3437 2861 3533 2931 τὴν
3564 2878 3668 2914 πα·-

2089 2946 2362 3019 ραμυθίαν
2405 2944 2761 2999 ἐπινοοῦνταὶ
2790 2961 2802 2975 ο
2841 2947 2935 2996 νῦν
2961 2943 3017 2997 δέ
3061 2944 3121 2996 οὐ
3172 2943 3329 3013 μόνον
3373 2943 3434 2995 οὐ
3478 2942 3668 3011 κουφί-

2089 3031 2239 3097 ζεταί
2278 3048 2372 3084 σου
2404 3031 2464 3084 τὸ
2494 3030 2678 3098 ἀλγος,
2720 3027 2855 3083 ἀλλά
2889 3027 2985 3082 καὶ
3027 3026 3405 3097 χαλεπώτερον
3434 3027 3664 3091 γίνεται.

2101 3116 2159 3168 '0
2188 3116 2298 3185 γὰρ
2324 3112 2568 3177 διάϐολος
2589 3112 2732 3183 ὀρῶν
2759 3113 2842 3164 ὅτι
2875 3110 3063 3180 ἴσχυσέ
3097 3127 3170 3173 τι,
3209 3111 3300 3163 καὶ
3325 3111 3404 3172 είς
3428 3109 3671 3179 βλασφη-

2094 3199 2222 3268 μίαν
2245 3213 2304 3249 σε
2333 3196 2618 3265 ἐξήγαγεν,
2643 3195 2900 3247 ἐπιτείνει
2922 3190 3021 3263 τὴν
3044 3194 3293 3263 κάμινον,
3314 3193 3546 3246 ἀνάπτει
3572 3195 3669 3263 τὴν

2089 3280 2300 3350 ὀδύνην,
2318 3278 2457 3332 ὥστε
2482 3277 2629 3348 αὐτῷ
2650 3276 2933 3348 πληρῶσαι
2960 3277 3058 3346 τὴν
3088 3274 3398 3344 ἐπιθυμίαν.
3420 3274 3673 3327 Μάλιστα

2096 3364 2193 3434 μὲν
2222 3358 2335 3426 οὖν,
2361 3363 2498 3432 ὅπερ
2526 3361 2683 3431 ἔφην,
2711 3360 2759 3411 εί,
2780 3361 2874 3413 καὶ
2897 3356 3236 3426 ἐκουφίζετο,
3257 3358 3356 3409 οὐκ
3385 3356 3492 3410 ἔδει
3513 3354 3671 3408 τοῦτο

2093 3447 2266 3498 ποιεῖν
2286 3463 2299 3476 ο
2336 3446 2464 3497 ὅταν
2493 3443 2550 3495 δέ
2580 3442 2712 3514 μηδὲ
2750 3441 3038 3514 κερδαίνῃς
3064 3457 3137 3503 τι,
3168 3439 3310 3503 τίνος
3335 3439 3520 3492 ἔνεκεν
3548 3454 3674 3491 σαυ-

2090 3527 2182 3581 τὸν
2225 3526 2661 3594 κατασφάττεις;
2700 3523 2837 3578 Ἀλλ’
2871 3516 2972 3576 οὐκ
3010 3524 3176 3595 ἀνέχῃ
3226 3523 3415 3592 σιγᾷνς
3462 3518 3672 3573 Οὐκοῦν

2093 3610 2403 3682 εὐχαρίστει
2452 3607 2531 3678 τῷ
2582 3607 2737 3678 Θεῷο
2787 3605 2981 3661 οὐκοῦν
3008 3605 3273 3673 δοξολόγει
3318 3606 3409 3657 τὸν
3447 3602 3674 3673 δοκιμά-

2093 3697 2254 3760 ζοντα
2281 3693 2306 3733 ιι
2339 3694 2398 3744 ἐν
2433 3695 2500 3762 τῇ
2536 3691 2775 3761 καμίνῳ.
2819 3693 2964 3743 Ἀντὶ
2991 3690 3091 3759 τῆς
3138 3686 3486 3758 βλασφημίας
3521 3685 3670 3752 δοξο-

2093 3778 2285 3848 λογίαν
2313 3776 2457 3830 είπέ.
2478 3771 2606 3828 Ὧδε
2630 3775 2724 3830 καὶ
2751 3774 2923 3845 μέγας
2944 3777 2971 3826 ὁ
3003 3772 3216 3843 μισθὸς,
3233 3774 3326 3825 καὶ
3343 3770 3672 3840 κουφότερον

2093 3862 2305 3929 γίνεται
2336 3859 2396 3913 τὸ
2420 3858 2599 3920 ἕλκος.
2631 3856 2788 3910 Οὕτω
2812 3856 2908 3910 καὶ
2929 3858 3136 3918 ἐκεῖνος
3155 3857 3183 3907 6
3210 3854 3480 3925 μακάριος
3509 3851 3673 3921 φθεγ-

2093 3945 2327 4016 γόμενος
2350 3944 2536 4012 ἔλεγεν
2559 3957 2571 3970 ’
2613 3941 2677 3994 '0
2704 3941 2919 4009 Κύριος
2942 3938 3184 4002 ἔδωκεν,
3211 3940 3243 3991 ό
3266 3937 3479 4005 Κύριος
3507 3935 3673 4004 ἀφεί-

2092 4033 2252 4084 λετο.
2292 4027 2403 4082 Καὶ
2449 4026 2645 4082 πάλιν·
2696 4025 2762 4078 El
2795 4024 2866 4077 τὰ
2913 4021 3105 4093 ἀγαθὰ
3150 4018 3476 4087 ἐδεξάμεθα
3513 4018 3674 4084 παρὰ

2092 4113 2333 4182 Κυρίου,
2351 4109 2424 4163 τὰ
2448 4108 2602 4163 κακὰ
2623 4109 2735 4176 οὐχ
2755 4106 3125 4174 ὑποίσομεν;
3153 4102 3293 4156 Ἀλλ’
3317 4103 3459 4172 ἐμοὶ,
3485 4101 3670 4171 φησὶν,

2096 4194 2246 4268 [562}
2267 4194 2368 4248 οὐκ
2387 4192 2554 4247 ἔδωκε
2576 4190 2830 4245 πλοῦτον.
2850 4188 3059 4242 Οὐκοῦν
3078 4187 3294 4241 ἔλαττον
3319 4186 3379 4240 τὺ
3405 4184 3580 4248 ἕλκος.
3595 4185 3671 4239 Οὐ

2095 4266 2203 4350 γάρ
2235 4279 2383 4330 ἐστιν
2432 4276 2546 4329 ἴσον
2591 4273 2978 4327 ἀπολαύσαντα
3009 4270 3119 4325 τῶν
3154 4270 3261 4324 ἀπὸ
3305 4268 3397 4324 τοῦ
3439 4266 3672 4322 πλούτου

2095 4360 2452 4432 γυμνωθῆναι
2479 4357 2695 4424 τούτου,
2715 4358 2809 4409 καὶ
2835 4355 2970 4427 μηδέ
3002 4356 3200 4424 πεῖραν
3228 4352 3462 4407 λαϐόντα
3484 4352 3544 4404 ἐν
3576 4367 3673 4404 πε-

2095 4447 2186 4518 νίᾳ
2208 4445 2327 4518 ζῇν,
2345 4443 2532 4514 Εί-γάρ
2552 4442 2621 4497 τά
2638 4440 2748 4496 τῶν
2764 4440 2937 4496 ἄλλων
2961 4439 3195 4510 ὁρῶντες
3219 4436 3366 4493 κακά
3389 4434 3430 4501 ι,
3449 4435 3672 4501 καὶτοῖς

2098 4530 2305 4583 ἐαυτῶν
2356 4525 2821 4594 ἁντεπεξάγοντες
2870 4524 3166 4594 λυπηροῖς,
3213 4518 3568 4592 χαλεπώτερα
3604 4520 3672 4591 τῇ

2102 4611 2387 4682 συγκρίσει
2414 4613 2482 4663 τὰ
2530 4609 2741 4663 ἐαυτῶν
2771 4607 3051 4678 νομίξουσι
3089 4605 3276 4660 πολλοὶ
3299 4604 3407 4658 τῶν
3438 4602 3673 4675 πενομέ-

2098 4711 2205 4747 νων
2225 4710 2239 4724 ·
2269 4695 2396 4747 ὅταν
2425 4694 2500 4764 μὴ
2527 4692 2811 4764 ἑτέρωθεν,
2843 4692 2958 4746 ἀλλ’
2986 4692 3044 4759 ἐξ
3075 4690 3254 4745 αὐτῶν
3288 4688 3546 4743 ποιῶνται
3575 4688 3673 4758 τὴν

2102 4776 2410 4849 σύγκρισιν,
2427 4779 2675 4847 ἐννόησον
2693 4776 2808 4839 πῶς
2828 4775 3179 4845 χαλεπώτερα
3201 4773 3269 4827 τά
3288 4772 3387 4840 τῆς
3413 4769 3671 4838 ἀθυμίας,

2099 4862 2210 4931 ὅσῳ
2230 4861 2323 4914 καὶ
2339 4864 2372 4932 ἡ
2399 4862 2560 4931 πεῖρα
2574 4859 2792 4912 πλείονα
2812 4853 3677 4932 παρασκευάζειτῆςάφαιρέσεως

2100 4930 2200 5016 τὴν
2231 4930 2503 5015 αἴσθησιν.
2533 4942 2721 5016 Ταύτῃ
2753 4942 2848 4995 καὶ
2888 4944 2921 5012 ή
2967 4939 3192 4994 ἀπαιδία
3222 4938 3531 5006 κουφοτέρα
3552 4935 3585 5002 ἡ
3617 4930 3677 5016 ἐξ

2103 5014 2277 5098 ἀρχῆς
2436 5026 2571 5098 μετά
2603 5014 2703 5097 τὴν
2736 5024 3036 5079 εὐπαιδίαν.
3065 5023 3139 5075 Οὐ
3164 5021 3270 5092 γάρ
3296 5021 3440 5071 ἐστιν
3463 5016 3575 5069 ῐσον
3602 5014 3678 5085 μὴ

2168 5224 2193 5260 8
2216 5222 2368 5271 Savil.
2406 5221 2618 5276 ἀπεικὸς.
2647 5233 2741 5268 non
2762 5219 2893 5266 male

2166 5281 2196 5347 ξι
2221 5285 2314 5332 Καὶ
2334 5283 2558 5347 καρτερία
2576 5283 2722 5347 d_ees_t
2754 5277 2976 5347 inmSav-i‘l.
3024 5336 3032 5346 _

2173 5345 2187 5383 ί
2214 5327 2562 5400 ἕεῂἐέοῖὄούᾶἧς
2583 5327 2760 5405 ξιᾶεις
2788 5341 2871 5389 Sic
2914 5336 3264 5405 Βθξὶιιε-ιιῃιιε.
3287 5330 3580 5405 Paulo‘post
3595 5327 3676 5405 καὶ

2107 5393 2426 5471 δοξολογήοῃς
2462 5393 2560 5471 τρν
2584 5403 2705 5471 εξερν
2725 5403 2871 5471 δείξει
2912 5401 2964 5448 in
2989 5393 3143 5448 Savil.
3173 5400 3227 5444 et
3252 5406 3364 5442 mox
3390 5393 3472 5441 καὶ
3511 5393 3679 5454 πικρὸν

2109 5473 2237 5536 ῥῆμα
2262 5463 2468 5529 ἐκφέρεις
2489 5467 2634 5514 deest
2653 5463 2702 5512 in
2726 5463 2919 5512 eodem.
3106 5517 3117 5531 ι
3638 5513 3651 5529 ῳ

2175 5542 2189 5579 ι
2221 5531 2330 5579 Duo
2362 5542 2476 5575 mss.
2519 5527 2816 5587 παραμυθίαν
2843 5520 3281 5587 παρασκευάζοντα.
3317 5516 3466 5566 Savil.
3502 5514 3681 5563 ἀποδο-

2110 5597 2237 5651 σθαι,
2260 5593 2446 5650 σώματι
2463 5580 2755 5651 παραμυθίαν
2778 5580 3066 5651 ἐπινοοῦντα.

2173 5646 2363 5714 Nmis
2383 5651 2464 5697 τὸν
2486 5646 2808 5714 δόκιμάςτᾳνῖιί
2831 5659 2913 5714 σεο,
2961 5709 2972 5714 -
3051 5706 3060 5714 .
3107 5702 3159 5714 ..
3211 5703 3243 5714 ..
3384 5699 3432 5714 .-

2176 5709 2193 5748 ι
2212 5699 2361 5763 ε’έέῑι.
2386 5712 2578 5773 conjicil
2595 5699 2737 5757 καλά.
2756 5706 2813 5757 ν.
2835 5711 2937 5755 not.
2961 5703 3121 5753 textui
3140 5702 3312 5752 Latino
3328 5699 3680 5763 subjacentem.

2111 5781 2248 5833 Enn.
