4088 6274
354 324 456 381 569

356 446 543 496 cuneta
571 452 689 507 qua:
717 437 995 492 accidunt:
1027 435 1126 491 hoc
1148 443 1228 490 est
1248 435 1442 504 quippe
1469 435 1799 504 martyrium.
1820 434 1932 488 Non

359 529 499 584 enim
526 543 648 582 eum
676 527 763 597 qui
790 524 1091 580 sacriﬁcare
1114 524 1348 593 jubetur,
1378 539 1481 578 non
1505 524 1822 586 sacriﬁcare,
1844 523 1938 578 sed

365 622 541 688 potius
567 616 808 671 dilaniari
846 624 900 669 et
937 614 1297 669 excarniﬁcari
1319 629 1475 683 quam
1505 615 1602 668 hoc
1624 613 1817 678 facere,
1852 629 1944 667 so-

364 709 474 761 lum
502 707 628 762 facit
658 706 1003 777 martyrium:
1031 706 1123 761 sed
1150 708 1308 761 etiam
1354 722 1475 762 cum
1523 706 1675 760 dolor
1719 706 1942 775 impellit

364 800 432 853 ad
476 798 972 866 blasphemandum,
1004 799 1295 852 toleranter
1324 799 1498 866 potius
1528 798 1665 853 ferre
1707 797 1943 854 laborem

364 900 619 955 statuere,
645 901 698 944 et
719 891 846 944 nihil
872 890 1204 945 inhonestum
1225 891 1420 956 dicere,
1448 902 1730 963 martyrem
1757 892 1939 947 efﬁcit.

364 982 466 1038 Job
507 983 647 1037 enim
691 998 794 1035 non
842 982 958 1035 ideo
989 981 1085 1034 fuit
1114 992 1417 1047 coronatus,
1464 983 1605 1051 quod
1644 984 1943 1036 sacriﬁcare

365 1076 540 1145 jussus
567 1088 674 1126 non
699 1071 1095 1136 sacriﬁcaverit,
1123 1072 1221 1127 sed
1248 1073 1387 1140 quod
1416 1074 1624 1128 dolores
1646 1082 1699 1126 et
1727 1074 1945 1127 calami-

369 1174 501 1219 tates
527 1164 648 1218 forti
673 1166 848 1218 animo
870 1179 1151 1234 perpessus
1172 1164 1259 1218 sit.
1283 1165 1580 1233 Quinetiam
1608 1166 1800 1220 Paulus
1818 1181 1943 1235 pro-

369 1267 549 1327 pterea
572 1258 741 1311 victor
763 1256 1094 1311 renuntiatus
1118 1266 1218 1324 est,
1242 1267 1460 1328 propter
1480 1258 1703 1327 ﬂagella,
1731 1270 1947 1328 propter

368 1348 702 1417 afﬂictiones,
733 1358 951 1420 propter
977 1349 1076 1403 alia
1103 1366 1220 1419 qua:
1248 1351 1498 1405 sustinuit
1517 1366 1634 1405 cum
1656 1356 1945 1420 gratiarum

367 1454 596 1498 actione.
623 1442 677 1495 2.
708 1441 923 1497 Labores
939 1459 1176 1495 manuum
1191 1452 1391 1497 tuarum
1406 1445 1730 1500 manducabis
1740 1465 1761 1513 ;
1779 1450 1948 1501 beatus

368 1552 441 1597 es,
468 1544 514 1589 et
543 1534 662 1587 bene
687 1533 773 1586 tibi
803 1533 915 1587 erit.
944 1534 1055 1602 Qua
1083 1533 1151 1588 de
1180 1549 1334 1588 causa
1357 1536 1510 1589 iterat
1538 1536 1947 1591 beatitudinem?

370 1626 633 1692 Quoniam
680 1630 825 1679 novit
865 1627 980 1693 ejus
1028 1626 1458 1695 magnitudinem,
1511 1628 1564 1682 in
1620 1629 1697 1683 rei
1743 1630 1949 1686 visione

371 1717 777 1786 contemplanda
796 1717 1031 1787 jucunde
1059 1717 1387 1772 immoratur.
1417 1718 1484 1773 Et
1508 1720 1759 1789 quidnam
1793 1721 1943 1788 illud,

371 1809 546 1862 Bene?
571 1810 622 1864 5.
654 1806 795 1863 Uxor
818 1816 906 1860 tua
931 1808 1057 1861 sicut
1082 1809 1193 1861 vitis
1223 1808 1486 1864 abundans
1513 1810 1566 1863 in
1594 1809 1830 1865 lateribus
1856 1811 1951 1864 do-

374 1916 488 1952 mus
509 1909 620 1954 tute.
644 1900 810 1965 Alius,
835 1897 898 1952 In
918 1899 1272 1969 penetralibus.
1290 1901 1458 1967 Alius,
1477 1901 1542 1956 In
1564 1905 1833 1975 femoribus
1848 1904 1943 1978 (a).

377 1987 505 2042 Filii
532 1989 604 2041 tui
630 1990 753 2043 sicut
782 1990 990 2043 novella}
1013 1990 1257 2044 olivarum
1281 1992 1334 2045 in
1363 1992 1576 2046 circuitu
1604 2013 1786 2052 menste
1821 2006 1943 2052 tua.

374 2081 430 2133 ὁ.
458 2078 591 2134 Ecce
609 2080 681 2134 sic
702 2081 1016 2134 benedicetur
1045 2081 1192 2136 homo
1221 2082 1307 2153 qui
1332 2085 1466 2137 timet
1496 2084 1792 2141 Dominum.
1810 2088 1948 2154 Quid

376 2169 530 2232 dicis,
559 2170 774 2240 qumso?
801 2171 913 2224 hare
938 2182 1020 2225 est
1044 2171 1334 2238 beatitudo,
1371 2173 1471 2231 hoc
1496 2174 1734 2227 lucrum?
1764 2175 1949 2233 dome-

376 2260 526 2314 stica:
555 2261 741 2331 copim,
775 2268 830 2315 et
856 2262 965 2315 suis
994 2260 1090 2314 frui
1121 2261 1415 2328 laboribus,
1441 2263 1719 2318 multitudo
1759 2266 1953 2322 libero-

377 2367 518 2419 rum,
563 2360 617 2406 et
653 2352 817 2406 uxor?
858 2351 973 2406 Non
1006 2351 1107 2405 hoc
1146 2352 1378 2421 quidem,
1410 2353 1502 2409 sed
1533 2352 1636 2409 hoc
1660 2370 1727 2410 ex
1757 2356 1954 2411 redun-

380 2442 525 2497 danti
553 2441 779 2512 quadam
824 2442 974 2510 c0pia
1025 2442 1248 2497 accedit.
1302 2442 1523 2507 Quaerite
1565 2444 1730 2512 enim,
1762 2446 1951 2516 inquit,

379 2550 589 2605 regnum
615 2533 736 2600 Dei,
764 2544 810 2588 et
839 2544 1016 2589 caetera
1041 2534 1343 2606 adjicientur
1375 2536 1510 2590 vobis
1544 2535 1696 2607 (Luc.
1725 2538 1811 2592 12.
1841 2540 1953 2611 51).

378 2626 639 2693 Quoniam
669 2640 797 2696 ergo
838 2626 1142 2696 loquebatur
1186 2643 1306 2681 cum
1353 2628 1415 2682 iis
1451 2630 1537 2699 qui
1580 2638 1733 2684 erant
1774 2631 1949 2686 adhuc

382 2715 775 2780 imbecilliores,
797 2724 1059 2786 tamquam
1085 2716 1332 2786 parvulos
1355 2718 1551 2772 inducit
1570 2736 1635 2773 ex
1657 2720 1815 2775 rebus
1829 2736 1955 2774 sen-

381 2804 589 2859 silibus.
612 2804 795 2875 Neque
819 2820 945 2859 vero
967 2806 1197 2860 mireris.
1222 2806 1279 2861 Si
1304 2807 1445 2861 enim
1477 2808 1671 2863 Paulus
1701 2809 1801 2864 hoc
1831 2810 1957 2865 facit

382 2903 623 2964 tempore
652 2904 809 2950 tanta;
839 2896 1210 2966 philosophiae,
1240 2913 1358 2953 cum
1381 2898 1460 2952 eis
1493 2900 1581 2968 qui
1611 2900 1785 2955 adhuc
1810 2900 1957 2957 httmi

384 2987 695 3053 rcpebaut‘,
724 3001 789 3042 ex
834 2987 916 3042 his
942 2988 1233 3054 disserens,
1281 2990 1449 3044 multo
1480 2992 1646 3061 magis
1676 2993 1954 3063 propheta.

389 3073 486 3130 Ubi
516 3091 639 3130 vero
668 3076 718 3130 id
745 3077 1301 3135 facitPaulus?Multis
1327 3082 1379 3135 in
1408 3081 1558 3136 locis.
1577 3084 1798 3151 Quando
1814 3087 1955 3141 enim

387 3168 455 3221 de
485 3168 783 3238 virginitate
811 3171 1046 3237 disserit,
1073 3173 1199 3226 nihil
1227 3173 1358 3228 dicit
1379 3174 1446 3229 de
1471 3176 1550 3230 eis
1578 3192 1695 3246 qua:
1718 3178 1819 3232 illis
1834 3187 1959 3234 sunt

386 3268 663 3325 eventura,
695 3260 787 3315 sed
831 3262 977 3330 ponit
1003 3271 1208 3317 tantum
1241 3263 1607 3320 liberationem
1639 3282 1667 3319 a
1694 3269 1955 3324 molestiis

384 3350 710 3404 matrimonii
740 3352 817 3421 (1.
845 3348 964 3406 Cor.
999 3353 1049 3405 7.
1075 3352 1203 3423 28):
1233 3363 1342 3408 tum
1372 3355 1530 3409 etiam
1555 3357 1766 3425 quando
1789 3358 1959 3430 loqui—

385 3447 471 3493 tur
490 3439 560 3494 de
584 3439 787 3496 honore
813 3441 864 3496 in
889 3452 1153 3513 parentes,
1184 3444 1371 3499 eodem
1409 3446 1567 3501 modo
1597 3464 1723 3504 usus
1751 3458 1853 3517 est,
1886 3451 1956 3506 ita

383 3529 601 3587 dicens:
629 3531 778 3599 Quod
804 3544 876 3587 est
903 3535 1119 3602 primum
1145 3537 1436 3591 mandatum
1463 3538 1516 3592 in
1550 3541 1959 3607 promissionibus

389 3619 603 3691 (Ephes.
649 3622 702 3677 6.
753 3620 830 3694 2).
864 3624 1014 3691 Quod
1043 3634 1124 3678 est
1157 3635 1333 3681 autem
1363 3627 1702 3684 mandatum?
1744 3629 1959 3687 Honora

383 3721 576 3778 patrem
603 3723 745 3764 tuum
775 3722 821 3765 et
850 3723 1080 3783 matrem,
1104 3725 1149 3769 et
1178 3717 1276 3769 eris
1305 3717 1556 3788 lougtevus
1581 3737 1733 3788 super
1751 3731 1955 3777 terram.

381 3802 682 3867 Quinetiam
723 3805 935 3874 quando
962 3806 1146 3861 scribit
1187 3807 1254 3862 de
1291 3810 1613 3865 ostendenda
1640 3813 1690 3866 in
1720 3814 1959 3871 inimicos

380 3892 741 3963 philosophia,
772 3897 964 3950 sensile
988 3912 1176 3951 rursus
1192 3900 1465 3966 prtemium
1485 3903 1728 3970 proponit
1744 3903 1957 3960 dicens:

384 3980 499 4036 Hoc
512 3984 642 4036 enim
657 3984 866 4053 faciens,
882 3986 1118 4041 carbones
1138 3988 1266 4059 ignis
1281 4004 1514 4060 congeres
1527 4008 1678 4062 super
1689 3998 1961 4064 caputeius

381 4071 559 4141 (Rom.
580 4074 785 4139 12.20;
812 4074 996 4130 Matth.
1021 4077 1106 4133 l9.
1137 4076 1248 4151 12).
1281 4079 1521 4135 Christus
1538 4091 1711 4137 autem
1731 4100 1833 4138 non
1852 4085 1956 4141 sic:

381 4179 554 4233 neque
580 4168 719 4220 enim
741 4181 858 4225 cum
877 4168 1148 4223 imbecillis
1165 4169 1423 4240 loquitur;
1460 4171 1553 4227 sed
1584 4173 1638 4227 in
1663 4174 1961 4245 virginitate

380 4255 593 4324 quidem
627 4258 868 4326 proponit
894 4273 1133 4329 regnum,
1164 4260 1216 4314 in
1252 4261 1491 4316 amandis
1534 4271 1708 4319 autem
1734 4265 1962 4323 inimicis

380 4346 640 4415 promittit
659 4346 771 4403 fore
785 4349 875 4402 Dei
896 4350 1114 4415 similes,
1136 4362 1386 4421 quantum
1403 4365 1619 4422 possunt
1636 4355 1876 4413 homines
1886 4375 1962 4414 es-

381 4451 440 4492 se
462 4438 551 4493 Dei
570 4439 770 4495 similes
786 4439 997 4510 (Matth.
1020 4443 1073 4499 5.
1088 4444 1175 4500 44.
1191 4444 1305 4514 45).
1329 4444 1784 4510 Quemadmodum
1802 4450 1960 4505 etiam

380 4530 434 4584 in
457 4530 652 4597 Veteri,
680 4532 766 4587 ubi
791 4533 1167 4589 inducebantur
1184 4550 1277 4604 per
1295 4538 1529 4604 sensilia,
1552 4539 1843 4597 videbimus
1869 4558 1960 4598 eos

380 4623 470 4691 qui
498 4623 672 4677 sciunt
700 4623 1083 4694 phiIOSOphari,
1117 4625 1293 4680 induci
1320 4642 1348 4680 a
1376 4629 1683 4698 majoribus.
1710 4630 1763 4685 ld
1785 4643 1959 4687 autem

385 4712 577 4766 Paulus
622 4714 926 4784 signiﬁcans
968 4715 1392 4772 dicebatzluxta
1418 4720 1568 4787 ﬁdem
1599 4722 1820 4791 defuncti
1844 4734 1961 4778 sunt

384 4820 552 4859 omnes
580 4807 662 4860 isti
704 4823 805 4861 non
841 4809 1059 4877 acceptis
1103 4810 1532 4876 promissionibus,
1564 4814 1651 4866 sed
1684 4816 1754 4868 eis
1781 4815 1959 4885 procul

382 4897 499 4949 visis
527 4906 574 4950 et
601 4898 833 4952 salutatis
858 4897 1039 4970 (Hebr.
1064 4900 1153 4954 11.
1183 4900 1289 4971 15).
1318 4900 1431 4956 Non
1458 4912 1540 4955 est
1564 4916 1692 4973 ergo
1718 4903 1831 4959 hare
1851 4906 1961 4959 sola

385 5003 591 5043 merces
620 5004 803 5044 eorum
831 4991 917 5060 qui
964 4991 1129 5046 Deum
1173 4993 1380 5058 timent,
1418 4990 1515 5046 frui
1546 4994 1706 5048 rebus
1744 4994 1872 5061 suis,
1906 5003 1962 5049 ut

381 5086 507 5132 sunt
524 5093 658 5133 uxor
677 5086 733 5135 et
756 5079 931 5146 liberi,
961 5081 1141 5152 reique
1164 5081 1468 5136 domeStieaa
1493 5083 1845 5151 prosperitas;
1868 5085 1962 5139 sed

382 5168 498 5225 hate
522 5171 733 5240 quidem
762 5179 887 5225 sunt
910 5188 975 5226 ex
1004 5173 1501 5241 superabundantia,
1523 5180 1577 5227 et
1598 5174 1760 5226 instar
1786 5174 1963 5244 cujus-

378 5260 502 5316 dam
522 5263 882 5318 additamenti:
900 5262 1157 5334 praecipua
1169 5272 1343 5319 autem
1360 5274 1500 5328 sunt,
1511 5265 1736 5335 primum
1749 5266 1961 5335 quidem

384 5353 488 5407 hoc
515 5353 707 5421 ipsum,
741 5354 904 5409 Deum
931 5355 1138 5420 timere,
1169 5354 1310 5424 quod
1337 5356 1387 5409 in
1417 5358 1594 5424 seipse
1616 5357 1853 5411 continet
1875 5373 1960 5412 re-

385 5442 842 5501 munerationem:
871 5444 1065 5499 deinde
1103 5459 1295 5499 arcana
1340 5444 1448 5509 illa,
1482 5444 1607 5510 Qum
1643 5445 1817 5499 oculus
1855 5462 1959 5501 non

384 5533 532 5600 vidit,
561 5550 648 5588 nec
674 5536 809 5590 auris
834 5536 1046 5602 audivit,
1078 5552 1168 5590 nec
1192 5537 1245 5590 in
1270 5552 1357 5590 cor
1382 5536 1599 5592 hominis
1625 5539 1958 5591 ascenderunt

451 5671 470 5733 ξ
506 5668 665 5733 Savil.,
685 5669 735 5720 ia
751 5678 934 5723 terram
956 5670 1296 5733 despiciebant.

449 5730 525 5793 (a)
559 5731 611 5780 Hi
632 5732 927 5797 interpretes
946 5730 1140 5797 quidam
1151 5734 1250 5784 sint
1269 5746 1464 5798 prorsus
1478 5733 1739 5798 ignoratur.

1446 321 1799 378 EXPOSITIO
1838 322 1902 378 lN
1940 322 2256 381 PSALMUM
2295 321 2547 382 CXXVII.

3531 330 3635 387 3'70

2054 440 2070 503 (
2083 440 2127 492 ι.
2156 439 2271 492 Cor.
2295 440 2346 493 ‘2.
2378 438 2455 511 9).
2482 441 2534 495 5.
2554 440 2822 494 Benedicat
2850 440 2935 495 tibi
2962 441 3206 498 Dominus
3232 460 3297 499 ea:
3318 445 3464 509 Sion,
3488 458 3535 501 et
3558 448 3635 501 vi-

2055 533 2174 586 deas
2218 534 2348 585 bona
2377 532 2677 587 Jerusalem.
2727 535 2894 600 Alius,
2929 534 2992 587 Et
3021 536 3132 589 vide
3160 536 3211 589 in
3241 537 3382 590 bonis
3421 537 3632 597 Jerusa-

2054 620 2151 674 lem
2170 621 2262 693 (a).
2288 623 2430 677 Bona
2458 624 2587 677 dicit
2608 626 2893 691 civitatem,
2918 625 3146 688 divitias,
3173 627 3442 691 decorem,
3470 630 3630 682 victo-

2050 714 2176 778 rias,
2195 714 2447 780 honores,
2467 718 2892 785 presperitatetn,
2910 717 3252 784 fertilitatem,
3268 720 3629 786 securitatem,

2050 819 2257 874 pacem.

2119 896 2171 949 4.
2211 895 2449 950 Omnibus
2471 897 2642 951 diebus
2663 898 2776 951 vitae
2803 908 2920 952 tuae.
2953 898 3182 954 Pulchre
3208 902 3364 954 etiam
3397 915 3521 954 usus
3549 909 3628 955 est

2055 988 2353 1056 adjectione
2382 989 2606 1043 dierum.
2637 991 2768 1045 Erat
2796 992 2935 1045 enim
2965 991 3065 1046 hoc
3083 993 3288 1062 signum
3313 994 3622 1057 maximum,

2058 1078 2195 1146 quod
2223 1079 2337 1133 haac
2362 1094 2391 1132 a
2420 1080 2527 1133 Deo
2553 1080 2820 1144 darentur,
2853 1091 2905 1134 et
2934 1082 3047 1149 ejus
3094 1083 3435 1150 providentia:
3474 1098 3628 1153 argu-
3686 1130 3693 1138 .

2058 1178 2314 1232 utentum,
2343 1170 2483 1239 quod
2511 1170 2640 1224 nihil
2681 1171 2965 1224 humanum
3014 1184 3334 1240 paterentur,
3380 1188 3476 1226 nec
3503 1187 3627 1225 cor-

2054 1270 2290 1324 ruerent,
2323 1276 2419 1315 nec
2447 1262 2604 1315 ullam
2635 1261 2832 1316 ferrent
2862 1263 3227 1327 mutationem,
3276 1264 3373 1317 nisi
3417 1263 3626 1332 quando

2052 1353 2353 1421 indignatus
2382 1368 2443 1407 ea
2471 1354 2845 1408 intercidisset.
2874 1354 2922 1408 6.
2950 1354 3016 1408 Et
3042 1356 3208 1409 rideas
3228 1356 3360 1423 [ilics
3382 1357 3622 1425 ﬁliorum.

2052 1444 2210 1513 Atqui
2232 1445 2400 1510 multi,
2420 1444 2644 1514 inquies,
2671 1446 2837 1500 Deum
2857 1449 3122 1510 timentes,
3150 1448 3265 1501 sine
3291 1447 3470 1502 liberis
3488 1462 3628 1501 sem-

2054 1552 2152 1607 per
2181 1536 2346 1591 fuerc.
2391 1537 2459 1592 Et
2497 1538 2621 1608 quid
2661 1538 2762 1593 hoc
2805 1538 2905 1594 sibi
2956 1540 3101 1592 vult?
3130 1538 3310 1608 Neque
3346 1539 3484 1594 enim
3530 1553 3626 1593 nos

2054 1638 2272 1697 propter
2297 1629 2575 1697 praesentia
2605 1630 2865 1693 exuimus,
2896 1630 2988 1683 scd
3037 1632 3297 1698 praecipue
3324 1629 3535 1699 quidem
3569 1637 3622 1682 ut

2054 1719 2165 1772 Deo
2188 1717 2519 1787 placeamus;
2550 1717 2740 1773 deinde
2778 1720 2936 1772 etiam
2981 1731 3196 1789 propter
3240 1734 3361 1788 spes
3401 1719 3620 1772 futuras.

2055 1810 2227 1878 Atque
2259 1818 2383 1861 tunc
2412 1807 2624 1875 quidem
2666 1808 2781 1861 haec
2809 1817 2962 1862 erant
2991 1810 3234 1877 praemia;
3268 1823 3407 1862 nunc
3448 1820 3624 1862 autem

2052 1899 2262 1961 crclum,
2284 1910 2338 1952 et
2363 1898 2496 1953 bona
2521 1913 2641 1968 qua:
2665 1906 2787 1952 sunt
2813 1898 2863 1952 in
2891 1898 3053 1952 etelis.
3079 1898 3228 1965 Quod
3251 1900 3294 1953 si
3315 1914 3432 1952 cum
3462 1899 3625 1953 Deum

2055 1990 2292 2055 timeres,
2324 2004 2427 2043 non
2455 1988 2681 2042 habuisti
2710 1988 2866 2055 ﬁlios,
2898 1990 2984 2059 qui
3012 1989 3116 2043 scis
3143 1989 3394 2060 numquid
3423 1988 3631 2043 dederit

2057 2079 2158 2133 alia
2206 2084 2305 2133 hac
2350 2079 2597 2133 felicitate
2644 2079 2878 2148 majora?
2921 2078 3102 2148 Neque
3131 2079 3271 2134 enim
3301 2093 3484 2133 omnes
3524 2093 3629 2133 uno

2056 2171 2216 2226 modo
2244 2171 2502 2227 beneﬁcio
2528 2170 2706 2235 afﬁcit,
2738 2172 2831 2226 sed
2858 2172 3024 2238 varie,
3047 2187 3165 2226 cum
3195 2172 3268 2227 sit
3292 2172 3459 2226 dives.
3490 2172 3627 2236 Quot

2056 2262 2267 2315 fuerunt
2288 2262 2374 2330 qui
2395 2274 2514 2315 cum
2540 2260 2674 2316 ﬁlios
2694 2259 2970 2324 haberent,
2991 2260 3292 2330 iudicarunt
3311 2276 3403 2315 eos
3428 2261 3627 2328 felices,

2055 2352 2146 2421 qui
2174 2366 2280 2406 non
2309 2350 2601 2406 haberent?
2625 2359 2753 2421 quot
2775 2352 2862 2421 qui
2879 2350 3090 2406 divitias
3115 2352 3478 2421 possidebant,
3502 2368 3627 2421 pau-

2057 2442 2272 2511 peribus
2300 2442 2549 2497 miserius
2567 2456 2631 2497 ex
2655 2442 2753 2496 hac
2778 2442 2883 2496 vita
2911 2444 3221 2497 excessere?
3250 2453 3376 2512 quot
3398 2441 3488 2514 qui
3510 2444 3627 2512 gle-

2057 2532 2188 2587 riam
2234 2532 2545 2602 consequuti
2589 2531 2817 2596 fuerant,
2869 2546 2931 2587 ea
2977 2541 3242 2603 tamquam
3284 2548 3410 2588 ense
3453 2533 3628 2603 aliquo

2058 2622 2290 2677 confossi
2334 2633 2474 2686 sunt,
2524 2631 2579 2678 et
2611 2623 2920 2694 gravissima
2962 2639 3186 2694 qumque
3229 2624 3629 2679 sustinuerunt?

2058 2712 2136 2768 Ne
2182 2727 2388 2783 quaeras
2438 2713 2529 2767 tibi
2572 2713 2812 2770 exhiberi
2856 2716 3083 2785 negotia,
3129 2730 3281 2770 neca
3311 2716 3418 2769 Deo
3446 2732 3626 2770 eorum

2059 2820 2177 2875 qua:
2198 2805 2318 2860 facit
2343 2806 2598 2861 rationem
2629 2820 2903 2875 exposcas,
2933 2805 3026 2861 sed
3057 2806 3195 2861 feras
3223 2808 3396 2861 omnia
3426 2807 3543 2861 forti
3561 2823 3625 2862 ac

2059 2910 2320 2965 generoso
2346 2896 2545 2959 animo,
2574 2904 2627 2950 et
2654 2911 2772 2950 cum
2801 2899 3087 2967 gratiarum
3111 2900 3342 2964 actione;
3375 2899 3480 2953 imo
3505 2913 3629 2952 vero

2062 2987 2194 3041 nulli
2239 3002 2417 3041 rerum
2457 2988 2795 3055 prmsentium
2826 2988 3057 3042 animum
3091 2997 3235 3042 tuum
3264 2988 3465 3058 afﬁgas.
3498 2989 3631 3043 Pro-

2062 3088 2241 3147 pterea
2274 3077 2414 3130 enim
2442 3076 2600 3131 talem
2626 3076 2806 3145 jussus
2847 3091 2907 3131 es
2945 3077 3188 3133 emittere
3232 3080 3544 3143 orationem,
3578 3081 3627 3133 in

2062 3185 2163 3239 qua
2194 3184 2356 3223 unum
2397 3169 2566 3223 solum
2613 3170 2746 3238 petis
2790 3171 3106 3239 postulatum
3152 3173 3365 3238 sensile,
3407 3181 3460 3226 et
3500 3171 3628 3228 nihil

2062 3261 2307 3331 amplius.
2340 3260 2667 3331 Quamquam
2698 3260 2799 3316 hoc
2824 3278 3033 3332 quoque
3071 3280 3253 3318 rursus
3298 3278 3540 3319 mensura
3573 3266 3630 3319 lit

2062 3353 2317 3420 spiritale.
2349 3352 2464 3405 Alia
2489 3352 2631 3407 enim
2661 3353 2860 3419 omnia,
2883 3352 2950 3408 de
2968 3355 3111 3408 ctelis
3131 3362 3185 3409 et
3212 3354 3278 3409 de
3297 3371 3460 3425 regno
3483 3357 3625 3425 quod

2062 3442 2171 3498 illic
2198 3450 2298 3507 est,
2342 3441 2409 3496 de
2438 3441 2667 3511 perfecta
2714 3443 2834 3497 Viue
2877 3444 3223 3511 institutione,
3254 3453 3311 3500 et
3337 3446 3403 3500 de
3433 3446 3629 3500 libera-

2065 3534 2207 3586 tione
2234 3547 2262 3586 a
2294 3533 2521 3601 peccatis
2549 3532 2701 3587 nobis
2727 3532 3004 3588 dicuntur:
3033 3533 3099 3587 de
3128 3535 3408 3590 sensilibus
3453 3545 3629 3590 autem

2061 3639 2221 3679 unum
2248 3624 2498 3694 iubemur
2516 3625 2712 3681 dicere.
2729 3625 2986 3693 Quidnam
3007 3626 3171 3681 illud?
3199 3626 3389 3681 Panem
3409 3637 3630 3681 nostrum

2061 3714 2585 3784 supersubstantialem
2625 3715 2692 3768 da
2732 3716 2874 3769 nobis
2920 3716 3069 3770 hodie
3120 3715 3325 3785 (Matth.
3356 3716 3409 3771 6.
3444 3717 3552 3787 Η),
3579 3725 3634 3772 el.

2064 3804 2191 3858 nihil
2222 3805 2383 3859 aliud.
2419 3805 2678 3873 Quoniam
2721 3807 2860 3859 enim
2905 3806 2970 3860 ad
3015 3807 3169 3860 aliam
3200 3807 3448 3874 deinceps
3476 3821 3632 3860 voca-

2065 3910 2186 3949 mur
2214 3895 2456 3964 patriam,
2484 3906 2537 3950 et
2562 3895 2626 3949 ad
2658 3896 2911 3965 majorem
2940 3897 3100 3948 vitam
3141 3896 3391 3964 adscripti
3421 3910 3625 3960 sumus,

2066 3995 2277 4056 Oportet
2316 3986 2474 4041 etiam
2508 3994 2684 4039 nostra
2714 3987 2969 4054 postulata
2997 4000 3117 4039 esse
3142 3987 3188 4040 ei
3216 3985 3579 4040 convenientia
3612 4002 3626 4038 :

2073 4078 2188 4133 haec
2217 4085 2392 4131 autem
2420 4076 2539 4130 licet
2568 4074 2807 4139 afﬂuant,
2838 4076 3001 4129 nmlta
3020 4091 3138 4129 cum
3170 4075 3356 4129 ﬁducia
3385 4076 3627 4143 rejieere.

2140 4170 2396 4224 Promissa
2441 4167 2533 4221 Dei
2581 4178 2633 4220 ut
2678 4168 2997 4236 impleantur.
3019 4196 3090 4207 —
3120 4167 3230 4221 Pax
3259 4183 3407 4237 super
3445 4166 3626 4221 lsrael.

2066 4262 2216 4317 Alius
2261 4261 2335 4331 (ὁ)
2361 4302 2375 4326 ,
2412 4259 2475 4313 Et
2521 4260 2632 4313 vide
2659 4257 2791 4326 filios
2828 4257 3050 4324 ﬁliorum
3079 4265 3275 4311 tuorum
3298 4298 3313 4324 ,
3343 4272 3515 4324 pacem
3542 4274 3632 4310 su-

2066 4372 2156 4426 per
2184 4353 2366 4407 lsrael.
2414 4352 2537 4406 llaec
2579 4358 2663 4404 est
2703 4349 2872 4403 oratio
2916 4348 2984 4402 de
3025 4347 3308 4403 communi.
3339 4349 3449 4403 Hoc
3489 4351 3628 4404 enim

2067 4447 2297 4501 maxime
2322 4443 2644 4506 desiderant,
2684 4450 2741 4495 ut
2760 4441 2846 4510 qui
2877 4440 2982 4494 sint
3011 4440 3166 4510 longo
3194 4440 3334 4496 bello
3360 4440 3541 4497 afﬂicti
3578 4453 3631 4497 et

2065 4536 2329 4592 exhausti.
2361 4532 2495 4601 Quid
2521 4532 2660 4587 enim
2685 4546 2780 4586 eos
2802 4530 2900 4585 alia
2923 4531 3130 4601 juvant,
3176 4531 3221 4585 si
3261 4546 3358 4601 pas
3401 4547 3505 4587 non
3530 4533 3628 4587 ad-

2067 4631 2169 4686 sit?
2189 4628 2339 4698 Quod
2367 4642 2494 4697 ergo
2521 4635 2604 4682 est
2631 4626 2911 4691 bonorum,
2941 4641 3060 4694 qua:
3091 4632 3217 4680 tunc
3240 4633 3412 4692 erant,
3441 4626 3630 4695 przeci-

2067 4738 2248 4793 puum,
2279 4735 2569 4790 eorumque
2595 4718 2950 4781 securitatem,
2972 4733 3162 4787 nempe
3184 4733 3387 4786 pacem,
3420 4719 3634 4788 pollice-

2068 4825 2153 4870 tur
2176 4827 2401 4883 eamque
2430 4820 2767 4881 perpetuam;
2795 4808 2934 4880 quod
2980 4816 3064 4863 est
3105 4808 3333 4863 maxime
3360 4823 3494 4878 opus
3539 4808 3631 4862 Dei

2066 4903 2430 4976 providentiae,
2457 4901 2585 4956 dare
2609 4900 2829 4966 scilicet,
2856 4907 2910 4954 et
2933 4915 3039 4953 non
3058 4898 3233 4953 sinere
3255 4906 3311 4952 ut
3335 4896 3628 4952 intercidat.

2067 4996 2199 5065 Quia
2225 4993 2365 5050 enim
2388 5008 2564 5048 rerum
2588 4990 2938 5046 humanarum
2963 4998 3148 5043 natura
3168 4987 3307 5044 ﬂuxa
3328 4996 3427 5052 est,
3453 4997 3507 5042 et
3523 5002 3627 5043 non

2068 5099 2420 5157 permanens:
2444 5081 2731 5137 ostendens
2761 5079 2876 5135 haec
2900 5094 3006 5133 non
3029 5089 3229 5133 temere
3256 5077 3323 5133 ad
3352 5091 3446 5131 eos
3469 5075 3629 5133 deve-

2068 5178 2204 5243 nire,
2235 5175 2328 5229 sed
2354 5188 2383 5227 a
2408 5187 2640 5242 superno
2664 5171 2860 5224 auxilio
2883 5178 2934 5224 et
2957 5184 2988 5222 a
3019 5177 3145 5221 nutu
3171 5167 3352 5221 divino
3374 5167 3632 5235 procede-

2068 5280 2148 5331 re,
2170 5265 2323 5329 dixit,
2354 5260 2597 5317 Omnibus
2625 5258 2816 5323 diebus,
2846 5265 2902 5312 et
2922 5271 3103 5326 pacem
3129 5266 3526 5325 permanentem
3553 5265 3635 5312 est

2068 5355 2355 5426 pollicitus.
2397 5353 2570 5420 Atque
2615 5349 2716 5403 hoc
2751 5346 2966 5417 quidem
3013 5348 3210 5401 factum
3255 5355 3359 5413 est,
3399 5347 3537 5417 quod
3568 5349 3631 5402 ad

2069 5449 2236 5503 Deum
2263 5444 2473 5498 attinet.
2506 5441 2656 5507 Quod
2686 5441 2730 5494 si
2773 5439 2873 5494 fuit.
2915 5439 3230 5507 interrupta,
3278 5437 3383 5495 hoc
3427 5454 3635 5511 quoque

2068 5539 2258 5596 accidit
2283 5552 2351 5592 ex
2374 5536 2582 5590 illorum
2612 5530 2967 5602 improbitate.
3009 5530 3465 5599 Quemadmodum
3490 5532 3635 5588 enim

2154 5669 2205 5725 a)
2236 5668 2321 5716 Hic
2340 5667 2584 5724 interpres
2606 5664 2713 5725 quis
2733 5663 2795 5725 sit
2809 5663 3102 5725 ignoramus.

2154 5682 2184 5718 a
2236 5669 2321 5716 Hic
2340 5669 2584 5724 interpres
2606 5669 2713 5725 quis
2733 5669 2795 5711 sit
2809 5669 3047 5725 ignoramu

2132 5669 2206 5794 20;
2239 5729 2321 5779 Hic
2344 5729 2585 5788 interpres
2606 5726 2715 5787 quis
2731 5723 2794 5774 sit
2814 5722 3047 5775 nescitur.
