4088 6274
544 366 639 425 δτι

510 484 515 489 ’
547 476 759 549 quando
781 472 1042 543 aliquibus
1064 469 1318 540 supplicia
1348 466 1599 528 minatur,
1629 461 1693 517 iis
1715 459 1802 530 qui
1834 473 1927 528 per
1948 455 2119 526 paeni-

548 547 765 626 tentiam
811 567 944 620 iram
992 562 1301 625 discutiunt,
1353 557 1633 612 cohibetur
1676 551 2023 622 supplicium:
2054 547 2122 600 ita

550 667 708 720 etiam
734 663 776 716 si
801 661 935 714 bona
966 657 1256 728 promittat,
1288 653 1383 706 visi
1404 660 1581 705 autem
1607 646 1801 701 fuerint
1823 642 2017 709 indigni
2038 637 2125 707 qui

551 753 811 826 promissa
860 758 1009 804 erant
1039 742 1438 814 cunsequuturi,
1479 746 1755 795 revocatur
1786 733 2124 806 promissum.

551 845 701 911 Quod
736 842 800 895 ad
828 855 947 895 eum
979 853 1105 907 ergo
1128 844 1354 905 spectat,
1386 831 1633 887 omnibus
1675 827 1863 882 diebus
1899 830 1982 878 est
2007 833 2126 875 eam

550 938 848 1007 pollicitus:
872 949 964 989 sua
1010 942 1184 987 autem
1217 928 1551 999 improbitate
1587 925 1784 979 donum
1833 922 2130 985 interrupta-

550 1039 695 1086 runt.
722 1029 844 1095 Ilat-c
869 1037 1044 1085 autem
1073 1024 1211 1089 dico,
1242 1030 1299 1077 ut
1324 1036 1496 1090 neque
1524 1034 1588 1072 eo
1613 1017 1848 1071 minante
1876 1011 2129 1080 despere-

465 1156 473 1163 ›
553 1139 691 1187 mus,
739 1120 831 1175 sed
882 1117 1188 1187 pmnitentia
1238 1116 1368 1168 iram
1413 1110 1775 1180 repellamus:
1810 1119 1909 1160 nec
1947 1116 2130 1156 rursus

554 1215 690 1267 bona
721 1213 1058 1279 promitti-nte
1085 1218 1470 1274 torpescamus,
1500 1201 1593 1255 sed
1620 1198 1816 1263 studio,
1846 1204 1900 1250 et
1942 1194 1994 1247 in
2027 1193 2130 1244 vita

557 1304 875 1359 instituenda
906 1300 1192 1369 diligentia,
1225 1298 1483 1368 promissa
1515 1293 1576 1346 ad
1600 1307 1733 1361 epus
1758 1299 2128 1361 provocemus.

556 1399 664 1454 Nisi
696 1400 836 1452 enim
885 1396 951 1448 ita
986 1395 1259 1454 faciamus,
1288 1405 1393 1443 non
1424 1386 1614 1442 sufficit
1644 1383 1710 1438 ad
1740 1377 2134 1437 conservandos

485 1477 489 1481 ’
558 1505 653 1541 nus
684 1489 793 1541 sola
827 1485 1126 1555 promissio.
1169 1481 1300 1536 Nam
1332 1479 1481 1534 Judm
1510 1490 1721 1547 queque
1765 1472 2023 1542 pollicitus
2055 1477 2136 1522 est

555 1599 675 1636 cum
705 1595 821 1634 μεμε
850 1593 1118 1632 sessurum
1148 1588 1309 1642 super
1348 1570 1596 1624 thronum
1628 1580 1747 1621 cum
1781 1560 2025 1616 undecim
2056 1558 2136 1610 di—

555 1675 802 1743 scipulis:
838 1687 934 1726 nec
982 1679 1156 1724 tamen
1205 1666 1371 1727 sedit;
1404 1664 1455 1716 in
1487 1675 1644 1715 causa
1687 1667 1862 1710 autem
1909 1666 2011 1705 non
2045 1649 2137 1703 fuit

558 1765 645 1819 ille
688 1766 775 1831 qui
808 1761 1069 1831 promisit,
1102 1756 1193 1810 sed
1235 1756 1278 1808 is
1310 1755 1398 1823 qui
1427 1749 1689 1819 promisso
1715 1744 1965 1813 indignus
1995 1740 2138 1793 visus

557 1865 656 1909 est.
695 1854 753 1906 Et
785 1866 881 1905 nos
909 1866 1038 1918 ergo
1067 1863 1187 1901 cum
1212 1845 1498 1897 habeamus
1529 1839 1676 1907 regni
1710 1836 2047 1905 promissum,
2073 1844 2139 1883 ne

559 1949 723 2002 simus
746 1944 916 2011 ignavi
946 1957 1007 1995 ac
1027 1938 1253 2001 desides,
1281 1934 1370 1989 sed
1393 1944 1570 1988 nostra
1596 1943 1806 2000 quoque
1833 1925 2137 1984 afferamus,

560 2050 614 2093 ut
644 2038 906 2108 possimus
932 2036 1067 2088 bona
1099 2042 1294 2085 mlerna
1322 2024 1595 2095 consequi,
1620 2022 1783 2091 gratia
1810 2028 1861 2072 et
1899 2013 2138 2084 benigni-

561 2140 669 2185 tate
703 2127 908 2182 Domini
942 2125 1104 2180 nostri
1140 2124 1264 2178 .lesu
1293 2119 1508 2183 ChriSti,
1547 2116 1632 2171 cui
1662 2111 1831 2185 gloria
1872 2119 1927 2166 et
1968 2109 2140 2177 impe-

562 2225 699 2280 rium
719 2223 771 2277 in
802 2220 991 2278 srecula
1018 2217 1359 2273 saeculorum.
1386 2215 1574 2266 Amen.

986 2350 1051 2405 IN
1080 2348 1200 2404 PSA
1212 2344 1400 2401 LMUM
1430 2338 1711 2397 CXXVIII.

567 2450 616 2503 I.
672 2448 820 2514 Stepe
860 2449 1269 2512 expugnaverunt
1313 2453 1390 2490 me
1439 2452 1471 2488 a
1508 2435 1770 2503 iuventute
1820 2442 1969 2488 mea,
2008 2423 2144 2475 dicat

636 2556 770 2594 nunc
811 2537 991 2591 Israel.
1026 2535 1079 2588 ‘2.
1107 2534 1258 2601 Saepe
1277 2533 1685 2598 expugnaverunt
1713 2537 1790 2576 me
1836 2537 1866 2572 a
1885 2519 2145 2587 juventute

638 2645 748 2685 mea
784 2646 802 2684 .'
833 2629 1011 2682 etenim
1058 2642 1158 2679 non
1198 2630 1463 2693 potuerunt
1489 2619 1634 2672 mihi.
1689 2613 1841 2669 Alius
1884 2613 2146 2677 interpres

638 2722 786 2785 dicit,
818 2717 890 2794 (a)
918 2718 1021 2773 Sed
1047 2733 1145 2770 non
1178 2720 1445 2784 potuerunt
1474 2708 1619 2763 mihi.

646 2813 743 2866 llic
782 2792 991 2879 quoque
1036 2807 1278 2861 Psalmus
1320 2801 1557 2857 cohairet
1602 2794 1946 2876 praecedenti.
2007 2792 2149 2857 Quo-

575 2905 714 2959 niam
756 2903 896 2956 enim
927 2896 1411 2966 interrumpebatur
1435 2890 1737 2953 aediﬁcatio,
1771 2901 1869 2941 nec
1898 2899 2031 2953 opus
2056 2883 2149 2936 de-

573 2996 866 3052 ducebatur
896 2994 962 3047 ad
993 2992 1149 3044 ﬁnem
1175 3029 1190 3052 ,
1222 3003 1314 3041 eos
1345 2987 1396 3038 in
1441 2986 1631 3037 bonam
1660 2994 1808 3062 spem
1857 2976 2146 3036 adducens,

573 3105 642 3144 ne
690 3088 1056 3156 desperarent,
1097 3097 1161 3136 ex
1211 3076 1495 3148 pra-teritis
1533 3074 1687 3143 jubet
1725 3085 1818 3125 eos
1850 3068 1917 3123 de
1962 3066 2150 3120 futuris

576 3195 696 3235 esse
748 3180 887 3232 bono
925 3176 1138 3238 animo,
1194 3179 1248 3225 et
1275 3168 1431 3223 docet
1458 3180 1553 3222 eos
1597 3163 1711 3217 hanc
1744 3159 1905 3214 verba
1947 3156 2148 3210 dicere.

575 3270 827 3338 Qumnam
859 3267 941 3320 illa
960 3266 983 3300 ν
1011 3263 1142 3319 Cum
1163 3276 1307 3329 smpe
1332 3273 1425 3313 eos
1451 3254 1790 3316 invasissent,
1823 3261 2151 3318 nequaquam

578 3369 865 3431 potuerunt
893 3369 1166 3424 superare,
1195 3366 1295 3406 nec
1322 3350 1579 3416 integram
1607 3341 1883 3397 victoriam
1908 3345 2151 3407 reporta-

578 3463 722 3508 runt.
756 3450 823 3505 Et
849 3459 1026 3503 tamen
1061 3445 1322 3515 captivos,
1360 3438 1551 3510 inquit,
1578 3442 1857 3502 ceperunt,
1892 3432 2023 3488 etin
2048 3437 2157 3484 ter-

580 3557 694 3597 ram
743 3540 970 3594 alienam
997 3537 1388 3597 traduxerunt,
1416 3539 1470 3586 et
1507 3528 1671 3583 multa
1719 3524 1858 3581 bella
1890 3523 2151 3578 vicerunt.

582 3634 648 3688 Et
675 3644 801 3686 tunc
826 3630 1042 3699 quidem
1082 3627 1309 3681 maxime
1335 3637 1440 3677 non
1469 3637 1539 3676 ex
1570 3617 1782 3689 propria
1812 3617 2029 3677 virtute,
2058 3612 2153 3669 sed

581 3741 649 3781 ex
689 3723 992 3779 Judamrum
1020 3727 1240 3790 peccato
1278 3721 1615 3786 superarunt.
1644 3711 1973 3779 Quamquam
2024 3706 2158 3760 alio—

587 3818 673 3887 qui
704 3832 800 3870 nec
824 3815 889 3868 ad
923 3814 1080 3867 linem
1120 3824 1286 3878 usque
1324 3818 1665 3877 permansere
1695 3801 1943 3855 victores.
1976 3797 2159 3867 Neque

587 3910 731 3966 enim
765 3913 1053 3978 potuerunt
1088 3918 1254 3973 genus
1281 3899 1500 3955 omnino
1524 3895 1724 3958 delere,
1782 3891 1866 3947 vel
1894 3890 2158 3945 civitatem

585 4004 807 4059 omnino
854 4008 1119 4060 evertere,
1167 4005 1255 4048 aut
1294 3999 1505 4063 gentem
1531 3985 1765 4042 funditus
1792 3982 2037 4053 perdere,
2068 3979 2161 4034 sed

583 4112 706 4153 cum
730 4095 1019 4165 paulisper,
1040 4091 1152 4144 Deo
1177 4084 1521 4144 concedente,
1546 4079 1816 4142 vicissent,
1840 4089 2026 4131 rursus
2043 4073 2158 4127 vin-

585 4190 863 4244 cebantur.
892 4180 1170 4252 Quomodo
1198 4187 1375 4233 autem
1405 4168 1792 4228 vincebantur?
1819 4167 1900 4222 Ad
1930 4165 2160 4235 priorem

590 4280 897 4337 felicitatem
940 4274 1139 4331 ludatis
1190 4266 1603 4327 revertentibus.
1651 4259 1805 4330 Quod
1846 4257 2057 4328 quidem
2085 4256 2162 4310 si-

590 4372 850 4444 gnificans
889 4368 1023 4421 alius
1050 4366 1312 4432 interpres
1332 4359 1493 4423 dixit,
1540 4353 1645 4411 Sed
1670 4367 1771 4405 non
1796 4348 2165 4418 prcevaluerunt

588 4443 740 4532 super
757 4477 856 4514 me.
881 4459 934 4512 3.
951 4457 1121 4526 Supra
1136 4454 1344 4507 dorsum
1365 4463 1529 4503 meum
1552 4443 1918 4515 fabricaverunt
1939 4445 2170 4507 peccato—

591 4527 688 4620 res,
708 4552 1121 4621 protongaverunt
1133 4544 1442 4613 iniquitatem
1464 4554 1627 4593 suam.
1645 4533 1780 4605 Quid
1799 4532 1898 4587 hoc
1922 4530 2038 4585 est?
2051 4527 2166 4584 Non

596 4620 820 4705 temere,
865 4638 1055 4708 inquit,
1084 4645 1140 4690 et
1184 4635 1398 4687 fortuito
1424 4628 1823 4690 insidiabantur,
1867 4622 1960 4677 se-J
2004 4620 2168 4675 multa

595 4733 953 4792 moliebantur
1008 4737 1063 4783 et
1106 4724 1567 4786 machinabantur,
1613 4717 1765 4772 dolos
1816 4720 2082 4770 struentes
2117 4719 2171 4766 et

596 4826 897 4885 clanculum
946 4819 1275 4875 invadentes.
1333 4813 1459 4869 Illud
1507 4811 1687 4875 enim,
1745 4807 1918 4878 Supra
1961 4803 2167 4859 dorsum

595 4939 796 4989 meum,
829 4916 908 4973 vel
942 4912 1176 4970 fraudem
1214 4918 1270 4963 et
1309 4907 1662 4962 exulceratam
1712 4899 1961 4955 malitiam
2009 4895 2172 4965 signi—

596 5015 741 5078 tieat,
775 4988 859 5063 vel
900 5008 1006 5061 vim
1036 5011 1091 5057 et
1115 4999 1446 5055 violentiam.
1496 4994 1607 5049 lloc
1629 4998 1731 5054 est,
1775 4988 2020 5058 Aggressi
2051 4995 2174 5040 sunt

597 5120 772 5163 meam
803 5099 1095 5174 potentiam
1131 5091 1487 5156 confringere.
1536 5084 1687 5140 Alius
1728 5088 1904 5135 autem
1943 5092 2041 5147 pro
2083 5091 2169 5143 eo,

599 5167 1011 5257 Fabricaverunt,
1066 5186 1234 5249 dixit,
1276 5181 1554 5236 Araverunt
1605 5172 1679 5246 (ὁ)
1704 5213 1719 5239 ,
1766 5180 1825 5226 ut
1870 5167 2175 5225 ostenderet

598 5294 745 5360 ipsos
775 5289 826 5342 in
855 5280 1105 5356 parandis
1123 5278 1268 5347 justo
1313 5270 1516 5328 insidiis
1544 5279 1760 5336 operam
1791 5276 2012 5332 ponere.
2040 5259 2170 5313 Pro-

598 5350 926 5452 lougaverunt
970 5372 1278 5441 iniquitatem
1326 5380 1489 5420 suam.
1539 5357 1677 5426 Quid
1718 5363 1801 5411 cst
1839 5353 1979 5424 quod
2007 5350 2176 5406 dicit?

597 5472 845 5527 Ustmulit
870 5483 964 5523 eos
986 5481 1090 5521 non
1111 5461 1283 5517 solum
1306 5471 1425 5513 cum
1449 5464 1644 5520 magno
1671 5449 1871 5517 impetu
1896 5444 2171 5508 invasisse,

603 5565 696 5619 sed
726 5565 887 5618 etiam
912 5575 1034 5614 cum
1066 5568 1255 5625 magna
1286 5543 1698 5621 perseverantia,
1735 5549 1792 5595 ut
1817 5538 1906 5609 qui
1950 5535 2175 5591 multum

688 5676 737 5736 a)
771 5674 883 5736 Quis
904 5671 969 5736 sit
988 5669 1068 5719 hic
1089 5668 1332 5736 interpres
1345 5659 1605 5736 nescimus.

688 5676 737 5736 a)
771 5676 883 5730 Quis
905 5676 969 5720 sit
989 5676 1068 5719 hic
1089 5676 1332 5727 interpres
1345 5676 1605 5710 nescimus.

666 5676 736 5794 ξω
767 5733 881 5781 Haec
902 5729 1255 5791 interpretatio,
1296 5726 1568 5780 arcuerunt,
1607 5723 1685 5768 est
1722 5715 1860 5778 juxta
1885 5708 2102 5775 Aquilam
2128 5713 2179 5756 et

615 5796 1025 5849 Theodotionem.

1289 355 1346 410 S.
1387 350 1662 409 JUANNIS
1697 340 2171 403 CIIIIYSOSTOIII
2211 335 2524 392 ARCIlIEP.
2565 330 3098 389 CONSTANTINOP.

3708 332 3797 386 372

2233 448 2487 519 temporis
2509 461 2572 501 ea
2602 446 2654 501 in
2673 460 2733 501 re
2746 450 3121 500 consumerent
3136 482 3152 507 ,
3174 452 3227 497 et
3246 441 3489 497 insidiari
3517 456 3665 495 suum
3681 458 3796 512 opus

2230 558 2350 599 esse
2370 542 2649 606 ducerent,
2692 539 2746 594 in
2775 552 2947 609 eoque
2974 535 3186 591 assidue
3225 535 3600 603 persisterent.
3631 532 3728 590 Sed
3755 536 3797 595 id

2233 635 2360 689 nihil
2388 634 2465 689 eis
2490 632 2707 703 profuit,
2731 646 2834 685 non
2855 628 3050 684 nostris
3075 626 3293 694 viribus,
3313 626 3410 681 sed
3441 626 3534 681 Dei
3564 628 3798 697 potentia,

2231 727 2495 782 coercitis.
2523 724 2779 794 Quocirca
2801 721 3088 777 ostendens
3108 737 3229 777 eum
3259 721 3349 785 qui
3380 721 3541 790 erigit
3563 728 3798 789 trepauun

2232 828 2285 873 et
2307 818 2444 889 parit
2469 818 2766 881 victoriam,
2791 813 3061 884 subjunxit
3102 830 3117 867 :
3149 813 3202 867 4.
3225 811 3481 865 Dominus
3499 811 3670 881 justus
3693 827 3795 866 con.

2233 911 2354 965 cidit
2395 909 2607 964 cervices
2649 916 2984 976 peccatorum.
3018 905 3167 959 Alius
3194 913 3371 958 autem
3403 918 3528 973 pro,
3577 899 3791 968 Cervices,

2234 1002 2386 1067 dixit,
2423 999 2610 1067 Funes,
2638 999 2714 1068 (a)
2739 984 3041 1068 significans
3066 996 3305 1056 insidias,
3338 994 3596 1056 insultus,
3620 992 3797 1046 machin

2239 1093 2498 1147 nationes.
2531 1090 2695 1144 Recte
2725 1098 2901 1143 autem
2920 1086 3077 1153 dixit,
3101 1102 3228 1152 non,
3251 1084 3527 1147 Dissolvit,
3550 1082 3662 1148 sed,
3689 1082 3800 1138 Can-

2238 1184 2356 1236 cidit
2382 1198 2402 1235 :
2434 1189 2490 1235 ut
2516 1181 2684 1249 magis
2703 1179 3157 1234 ostendereteum
3184 1175 3234 1230 id
3259 1173 3479 1237 fecisse,
3511 1173 3797 1228 reddentem

2238 1290 2422 1329 eorum
2454 1273 2673 1328 consilia
2704 1272 2912 1341 penitus
2957 1269 3184 1323 inutilia.
3225 1267 3360 1322 Cum
3395 1266 3541 1320 enim
3573 1265 3802 1333 inciperet

2239 1380 2426 1419 rursus
2453 1362 2693 1419 construi
2718 1362 2924 1427 civitas,
2946 1360 3095 1414 multi
3123 1358 3360 1427 undique
3382 1357 3702 1411 invadebant
3720 1356 3793 1409 in-

2240 1457 2376 1509 vidia
2408 1455 2808 1510 extaheseentes
2843 1470 2856 1506 :
2896 1466 2995 1505 nec
3025 1451 3074 1503 id
3117 1450 3286 1503 semel
3327 1458 3561 1513 tantum,
3602 1456 3687 1501 aut
3711 1446 3797 1512 bis,

2242 1545 2333 1598 sed
2363 1559 2729 1612 saepenumero
2778 1541 3037 1595 fecerunt.
3069 1539 3182 1592 lloc
3212 1539 3388 1607 ipsum
3437 1537 3599 1591 etiam
3648 1536 3802 1590 evenit

2244 1637 2296 1688 in
2330 1635 2586 1689 Ecclesia.
2613 1633 2745 1687 Cum
2793 1631 2935 1687 enim
2982 1630 3239 1699 inciperet
3264 1628 3474 1693 enasci,
3501 1642 3678 1682 omnes
3699 1642 3798 1682 eam

2243 1727 2452 1779 assidue
2482 1724 2840 1778 invadebant:
2876 1722 2926 1775 in
2964 1721 3220 1790 principio
3247 1720 3471 1789 quidem
3515 1733 3681 1788 rcges,
3726 1732 3803 1786 po-

2247 1817 2377 1888 puli,
2412 1825 2463 1870 et
2488 1815 2694 1886 tyranni
2723 1831 2735 1866 :
2763 1823 2944 1883 postea
2963 1822 3138 1866 autem
3167 1811 3380 1865 insidia:
3408 1809 3760 1863 hmreticorum
3788 1825 3799 1860 :

2246 1917 2298 1962 et
2329 1906 2614 1961 maximum
2642 1946 2655 1970 ,
2697 1907 2900 1959 varium
2947 1903 3335 1972 multiplexque
3375 1901 3573 1956 bellum
3604 1898 3805 1967 undique

2246 1999 2603 2054 suscitabatur
2633 2016 2646 2050 :
2686 1996 2779 2051 sed
2811 2006 2984 2051 tamen
3016 2009 3118 2048 neu
3154 1993 3441 2065 prmvaluit
3485 1990 3614 2045 :sed
3652 1989 3804 2059 proﬂi-

2244 2092 2351 2160 gati
2380 2089 2717 2150 sunthostes,
2750 2090 2908 2142 tloret
2926 2096 3101 2141 autem
3122 2084 3387 2139 Ecclesia.
3417 2082 3471 2138 5.
3500 2081 3804 2152 Confundet:-

2249 2195 2330 2237 tur
2358 2192 2404 2236 et
2431 2190 2779 2236 convertantur
2806 2188 3079 2233 retrorsum
3117 2193 3288 2231 omnes
3328 2177 3420 2246 qui
3445 2175 3652 2229 oderunt
3678 2172 3802 2227 Sion.

2250 2277 2432 2341 Alius,
2478 2275 2842 2330 Subvertantur
2886 2281 3155 2327 retrorsum
3181 2270 3272 2343 (ὁ).
3301 2269 3365 2325 6.
3396 2269 3550 2323 Fiant
3586 2269 3704 2321 sicut
3728 2267 3805 2337 {te-

2252 2385 2371 2421 num
2425 2377 2685 2429 tectorum,
2728 2364 2864 2434 quod
2915 2364 3207 2433 priusquam
3247 2362 3520 2424 avellatur,
3576 2358 3755 2412 exaruit
3792 2369 3808 2407 :

2251 2461 2302 2513 '7.
2329 2459 2393 2513 de
2415 2474 2512 2528 quo
2537 2474 2637 2511 non
2661 2455 2885 2525 implevit
2915 2470 3121 2507 manum
3151 2469 3296 2507 suam
3329 2451 3417 2523 qui
3448 2451 3602 2504 metit.
3639 2447 3800 2509 Alius,

2254 2548 2495 2619 Pugnum
2520 2563 2692 2601 suum.
2720 2546 2788 2599 Et
2813 2548 2980 2599 sinum
3017 2559 3162 2597 suum
3183 2544 3268 2613 qui
3303 2541 3597 2608 manipulos
3621 2537 3802 2606 colligit.

2253 2644 2304 2696 8.
2330 2643 2394 2697 Et
2423 2658 2522 2695 non
2551 2640 2784 2693 dixerunt
2812 2639 2897 2709 qui
2917 2636 3255 2709 praeteribant,
3282 2633 3583 2688 Benedictio
3626 2627 3803 2683 Domini

2253 2752 2403 2805 super
2476 2749 2582 2788 vos.
2634 2730 2990 2786 Bcnediximus
3040 2728 3176 2782 vobis
3221 2727 3275 2780 in
3347 2724 3550 2779 nomine
3607 2717 3803 2774 Domini.

2255 2824 2693 2880 Adhortationem
2747 2821 3050 2891 precatione
3098 2815 3394 2879 concludit,
3443 2829 3509 2869 ex
3539 2808 3808 2865 narratione

2257 2917 2666 2986 prmtcritorum,
2695 2923 2750 2967 et
2788 2927 2852 2966 ex
2881 2909 3123 2963 oratione
3151 2906 3453 2960 auditorem
3486 2902 3551 2956 ad
3580 2899 3809 2955 confiteri.

2256 3007 2382 3061 dum
2408 3006 2700 3067 adducens,
2745 3011 2801 3056 et
2833 3001 3080 3070 injustam
3110 2997 3236 3053 belli
3285 3010 3506 3051 causam
3532 2989 3807 3047 ostendens.

2259 3101 2337 3156 Ex
2367 3097 2561 3154 invidia
2583 3096 2724 3152 enim
2770 3103 2824 3150 et
2860 3094 2985 3148 odio
3013 3093 3209 3148 bellum
3250 3103 3582 3159 suscepere:
3612 3095 3664 3140 et
3708 3082 3810 3136 ideo

2258 3196 2387 3251 dicit
2419 3211 2431 3247 :
2463 3190 2773 3245 Erubescant
2813 3198 2859 3242 et
2885 3196 3234 3241 convertantur
3256 3193 3535 3237 retrorsum
3562 3192 3716 3234 omnes
3737 3171 3831 3243 qui-

2261 3286 2473 3341 oderunt
2504 3281 2652 3338 Sion.
2681 3278 2798 3334 Non
2829 3277 3025 3342 solum,
3056 3275 3247 3346 inquit,
3275 3266 3692 3332 vincantur,sed
3715 3273 3809 3323 tur-

2262 3381 2401 3452 piter
2437 3386 2492 3433 et
2532 3373 2776 3434 ridicule.
2811 3370 3011 3426 Deinde
3053 3384 3180 3424 cum
3223 3366 3476 3431 dixisset,
3510 3361 3659 3416 Fiant
3702 3357 3810 3410 sicut

2264 3476 2451 3546 fanum
2472 3477 2732 3532 tectorum,
2761 3463 2996 3535 persistit
3022 3462 3073 3515 in
3095 3457 3465 3523 similitudine,
3484 3470 3584 3509 non
3607 3464 3691 3506 eos
3710 3457 3809 3501 tan-

2264 3535 2376 3618 tum
2396 3561 2539 3616 freno
2561 3570 2898 3626 comparans,
2934 3551 3027 3607 sed
3072 3549 3216 3606 Γωηο
3240 3548 3388 3619 quod
3417 3555 3500 3602 est
3536 3554 3685 3611 supra
3727 3535 3808 3589 do-

2264 3668 2402 3708 mos.
2434 3652 2764 3718 Quamquam
2792 3644 2934 3699 enim
2981 3640 3034 3696 id
3080 3654 3292 3710 quoque
3323 3635 3470 3708 quod
3517 3641 3596 3688 est
3629 3631 3674 3683 in
3702 3636 3811 3694 agro

2267 3743 2469 3817 pingui,
2518 3717 2766 3797 celeriter
2819 3733 3045 3797 difﬂuit;
3105 3731 3293 3785 volens
3346 3740 3522 3782 tamen
3564 3717 3813 3777 ostendere

2266 3853 2424 3908 quam
2471 3841 2653 3891 essent
2690 3830 2825 3885 viles
2866 3825 3179 3891 adversarii,
3227 3837 3326 3878 eos
3379 3824 3643 3888 comparat
3692 3807 3814 3863 faeno

2268 3926 2410 4001 quod
2436 3935 2520 3982 est
2545 3937 2709 3994 super
2753 3921 2942 3975 domos
2973 3935 2987 3973 :
3019 3926 3077 3972 ut
3120 3915 3375 3983 utrinque
3405 3908 3641 3965 ostendat
3679 3909 3811 3969 quam

2271 3993 2377 4076 sint
2405 3993 2624 4087 fragiles
2650 4024 2706 4069 et
2759 4010 2966 4075 caduci,
2996 4021 3188 4076 nempe
3212 4014 3266 4060 et
3302 4021 3376 4059 ex
3406 4000 3532 4057 fami
3559 4002 3745 4054 natura,
3768 3993 3813 4038 et

2271 4126 2336 4166 ex
2368 4085 2554 4164 natura
2604 4105 2727 4161 loci.
2760 4103 2937 4168 Tales,
2964 4099 3156 4169 inquit.
3186 4104 3311 4151 sunt
3342 4094 3565 4151 insultus
3590 4085 3811 4141 adversa-

2272 4203 2495 4267 riorum,
2525 4198 2615 4270 qui
2639 4210 2745 4252 non
2772 4192 2971 4248 habent
2996 4189 3252 4251 radicem.
3278 4201 3383 4242 nec
3405 4180 3773 4241 fundamentum
3797 4181 3809 4218 ε

2272 4294 2362 4365 qui
2389 4289 2770 4362 aliquantisper
2794 4283 3008 4357 quidem
3032 4281 3280 4336 videntur
3299 4277 3514 4338 florere,
3543 4274 3706 4341 postea
3733 4273 3812 4313 δυ’

2275 4361 2383 4440 tem
2411 4361 2688 4447 deﬁciunt,
2712 4386 2767 4433 et
2793 4393 2861 4433 ex
2896 4374 3088 4445 seipsis
3134 4370 3409 4427 excidunt.
3442 4362 3581 4421 Talis
3602 4363 3680 4412 est
3712 4361 3812 4447 pro-

2275 4478 2504 4547 speritas
2525 4487 2710 4529 eorum
2736 4469 2829 4542 qui
2861 4442 3047 4524 vivunt
3076 4466 3129 4521 in
3158 4462 3387 4529 scelere,
3412 4459 3529 4521 talis
3547 4442 3811 4541 jucunditas

2276 4583 2455 4624 rerum
2484 4565 2642 4635 bujus
2667 4563 2825 4617 vitm:
2853 4558 3010 4614 simul
3035 4557 3175 4613 enim
3205 4563 3261 4610 et
3292 4550 3527 4609 cernitur
3550 4552 3603 4601 et
3637 4531 3809 4593 interit.

2279 4670 2337 4716 ut
2361 4673 2481 4730 qua:
2505 4632 2606 4714 nec
2631 4654 2826 4710 habeat
2845 4648 3246 4706 fundamentum
3268 4641 3506 4715 aliquod,
3533 4647 3628 4692 nec
3653 4632 3810 4730 ροιεηί

2278 4706 2428 4808 tiam.
2460 4749 2530 4805 Et
2575 4747 2698 4803 ideo
2725 4761 2831 4800 non
2861 4751 2944 4799 est
2990 4741 3068 4797 eis
3110 4706 3443 4794 adhibendus
3474 4706 3689 4784 animus.
3722 4706 3807 4808 ἐξά

2278 4838 2664 4900 considerando
2706 4852 2863 4908 quam
2903 4834 3010 4888 siut
3048 4829 3211 4885 ﬂuxa:
3246 4837 3302 4882 et
3348 4822 3592 4880 caducae,
3635 4799 3813 4908 deside:

2283 4937 2466 4994 randas
2493 4941 2618 4990 sunt
2652 4946 2739 4988 res
2776 4937 3010 4991 mternm,
3054 4920 3401 4983 immortales,
3445 4902 3736 4967 immobiles,
3768 4898 3813 4991 et

2281 5033 2333 5088 in
2359 5045 2491 5102 quas
2517 5026 2660 5083 nulla
2687 5023 2830 5080 cadit
2859 5017 3083 5075 mutatio
3118 5033 3130 5069 :
3156 5028 3287 5084 quas
3315 5011 3472 5066 detur
3499 4995 3643 5101 nobis
3663 4997 3811 5102 οιηιξιῖ

2282 5082 2393 5182 bus1
2410 5119 2686 5192 consequi,
2743 5115 2909 5186 gratia
2961 5121 3016 5166 ct
3055 5082 3376 5177 benignitate
3428 5087 3623 5154 Domini
3670 5082 3809 5192 nostri

2283 5219 2409 5274 Jesu
2437 5175 2656 5279 Christi,
2687 5175 2807 5266 cum
2839 5221 2946 5278 quo
2974 5203 3116 5260 Patri
3151 5175 3317 5272 gloria
3348 5189 3501 5253 simul
3524 5196 3635 5242 cum
3655 5175 3810 5231 sancto

2283 5312 2504 5383 Spiritu,
2536 5308 2589 5362 in
2620 5303 2812 5362 saecula
2842 5298 3178 5355 saeculorum.
3206 5294 3395 5348 Amen.

2347 5464 2421 5527 (a)
2452 5469 2562 5511 Haec
2581 5450 2917 5519 interpretatio
2935 5489 2949 5511 ,
2965 5450 3132 5513 funes,
3150 5451 3230 5495 est
3261 5443 3399 5506 juxta
3413 5427 3620 5495 Aquilam
3644 5421 3690 5466 et
3706 5416 3811 5472 ειη]-

2285 5527 2521 5579 machum
2813 5576 2838 5586 .-
3004 5568 3337 5586 .,_.-___-.-.=-
3377 5524 3807 5586 :mmmnsmeﬁd'

2349 5553 2594 5648 iii"3'iiw
2614 5591 2761 5648 quem
2784 5576 2847 5624 sit
2878 5573 2974 5644 illa.
2994 5553 3657 5648 tetetetastiafgﬂffﬁi'ﬂlﬁ‘

2285 5617 2768 5710 mié’qiiatie‘iiiii
2784 5617 3095 5699 Eueiri'iniia
3106 5617 3300 5680 versum
3321 5617 3634 5686 sitit?th-
