4018 6268
360 294 456 347 5ἹΙ

351 415 484 479 τισὶ,
516 414 612 467 καὶ
631 413 718 467 διὰ
744 414 843 484 τῆς
874 415 1161 485 μετανοίας
1181 416 1593 488 ἀποκρούωνται
1613 421 1712 490 τὴν
1737 421 1929 493 ὀργὴν,

355 499 570 552 ισταται
602 497 669 551 τὰ
700 510 726 539 ι
755 499 854 569 τῆς
881 499 1154 571 τιμωρίας
1174 518 1187 531 ο
1238 499 1381 554 οὕτω
1414 500 1517 555 κᾶν
1556 501 1733 571 ἀγαθά
1765 505 1938 572 ἐπαγτ

351 581 619 653 γείλητσι,
647 580 854 645 ἀνάξιοι
887 582 943 635 δὲ
984 583 1223 651 φανῶσιν
1252 586 1300 637 οἰ
1332 585 1429 655 τῆς
1459 585 1787 658 ἐπαγγελίας
1812 587 1939 658 μέλ-

351 668 535 728 λοντες
563 663 879 728 ἀπολαύειν,
910 665 1316 735 ἀναχαιτίζεται
1342 667 1410 720 τά
1439 667 1534 738 τῆς
1567 666 1933 738 ὑποσχέσεως.

351 748 434 804 Τδ*
460 749 560 821 μὲν
588 744 683 803 οὖν
738 749 820 811 είς
849 747 1013 802 αὐτὸν
1044 743 1202 822 ἦκον,
1258 751 1438 815 πάσας
1465 751 1564 815 τὰς
1597 751 1808 823 ἡμέρας
1836 752 1936 805 αύ-

347 838 464 898 τοῖς
496 832 862 905 ἐπηγγείλατο
885 850 900 864 ·
946 836 1011 906 τῇ
1058 835 1113 888 δέ
1158 836 1369 890 ἑαυτῶν
1420 837 1655 908 πονηρίᾳ
1682 836 1939 907 διέκοψαν

351 918 450 991 τὴν
483 917 711 989 δωρεάν.
736 916 920 971 Ταῦτα
951 917 1007 972 δὲ
1035 917 1063 957 b
1092 918 1256 987 λέγω,
1292 919 1379 973 ἵνα
1411 921 1546 991 μήτε
1588 919 1939 983 ἀπειλοῦντος

352 1000 519 1055 αὐτοῦ
550 998 1039 1071 ἀπογινώσκωμεν,
1068 1000 1203 1055 ἀλλά
1230 1004 1295 1073 τῇ
1342 1002 1601 1074 μετανοίᾳ
1637 1002 1736 1074 τὴν
1768 1003 1937 1074 ὀργὴν

352 1082 809 1155 ἀποκρουώμεθα,
846 1083 981 1154 μηδὲ
1019 1084 1229 1156 χρηστά
1251 1084 1720 1156 ἐπαγγελλομένου
1742 1085 1939 1139 ἀναπί-

355 1184 598 1237 πτωμεν,
632 1165 768 1222 ἀλλά
809 1168 876 1237 τῇ
916 1167 1118 1238 σπουδῇ
1151 1168 1245 1221 καὶ
1272 1170 1338 1239 τῇ
1366 1169 1509 1222 κατά
1554 1167 1645 1222 τὸν
1676 1168 1787 1240 βίον
1820 1170 1939 1222 ἐπι-

355 1251 546 1324 μελείᾳ
579 1248 944 1322 προκαλῶμεν
988 1250 1069 1314 είς
1098 1250 1259 1322 ἔργον
1310 1252 1409 1315 τάς
1460 1251 1800 1323 ὑποσχέσεις.
1839 1253 1938 1306 Ἂν

353 1336 462 1406 γὰρ
493 1334 567 1405 μὴ
594 1333 754 1386 τοῦτο
780 1332 1044 1403 ποιῶμεν,
1080 1335 1180 1387 οὐκ
1197 1336 1411 1407 ἀρκείή
1440 1335 1740 1404 ἐπαγγελία
1764 1333 1937 1388 σῶσαι

356 1419 514 1491 μόνη.
544 1418 697 1470 Ἐπεὶ
719 1415 909 1487 καὶτῷ
947 1416 1117 1488 Ἰούδᾳ
1149 1418 1534 1488 ἐπηγγείλατο,
1558 1419 1640 1470 ὃτι
1665 1417 1936 1472 καθιεῖται

355 1503 447 1554 ἐπὶ
478 1499 572 1553 τοῦ
608 1499 799 1570 θρόνου
837 1499 975 1569 μετά
1007 1500 1117 1552 τῶν
1165 1500 1358 1555 ἕνδεκα
1398 1499 1686 1571 μαθητῶν·
1717 1503 1811 1553 καὶ
1839 1500 1939 1553 οὐκ

357 1583 611 1637 ἐκάθισεν
629 1600 643 1613 ·
677 1583 784 1654 ἡδὲ
816 1581 964 1636 αἰτία
993 1583 1053 1636 οὐ
1080 1583 1231 1654 παρά
1256 1583 1347 1636 τὸν
1373 1585 1762 1654 ὑποσχόμενον,
1803 1582 1940 1637 ἀλλά

354 1665 509 1737 παρά
525 1665 617 1719 τὸν
630 1663 850 1730 ἀνάξιον
878 1667 973 1736 τῆς
1004 1666 1352 1737 ὑποσχέσεως
1368 1669 1623 1735 φανέντα.
1648 1668 1758 1719 Καὶ
1777 1668 1809 1734 ἡ
1820 1669 1939 1736 μείς

354 1751 534 1805 τοίνυν
562 1749 775 1819 ἔχοντες
809 1748 1085 1818 βασιλείας
1108 1749 1462 1817 ἐπαγγελίαν,
1489 1750 1563 1819 μὴ
1583 1749 1936 1821 ῥᾳθυμῶμεν,

357 1834 493 1890 ἀλλά
521 1834 589 1887 τά
613 1834 738 1905 παρ’
763 1833 970 1886 ἑαυτῶν
991 1833 1352 1904 εἰσφέρωμεν,
1382 1833 1468 1886 ἵνα
1493 1833 1808 1903 δυνηθῶμεν
1835 1832 1938 1886 τῶν

356 1918 596 1973 αἰωνίων
623 1916 843 1985 ἀγαθῶν
872 1917 1170 1986 ἐπιτυχεῖν,
1224 1916 1409 1988 χάριτι
1439 1916 1533 1969 καὶ
1560 1916 1941 1988 φιλανθρωπίᾳ

354 2001 451 2056 τοῦ
494 2001 696 2073 Κυρίου
728 1999 887 2071 ἡμῶν
934 1998 1107 2069 Ἰησοῦ
1141 1998 1401 2071 Χριστοῦ,
1436 1992 1481 2067 ᾧ
1522 2001 1555 2071 ἡ
1602 1999 1727 2064 δόξα
1755 2002 1848 2053 καὶ
1879 2000 1941 2054 τὸ

357 2088 556 2160 κράτος
584 2088 664 2149 εἰς
688 2086 813 2148 τοὺς
842 2083 1042 2147 αἰῶνας
1068 2082 1176 2138 τῶν
1209 2082 1442 2137 αἰώνων.
1484 2083 1676 2155 Ἀμήν.

639 2220 793 2295 [365]
825 2222 933 2277 E12
970 2222 1111 2277 TON
1148 2224 1306 2276 PKH'
1333 2222 1655 2277 ΨΑΛΜΟΝ.

355 2335 692 2398 Πλεονάκις
727 2331 1120 2401 ἐπολέμησάν
1138 2350 1215 2401 με
1245 2333 1315 2403 ἐκ
1356 2333 1638 2400 νεότητός
1669 2350 1786 2403 μου
1808 2373 1822 2397 ,
1857 2334 1938 2386 εἰ-

424 2406 590 2459 πάτω
620 2405 698 2471 δὴ
759 2404 1026 2471 Ἰσραήλ.
1064 2402 1397 2470 Πλεονάκις
1430 2402 1824 2471 ἐπολέμὴσάν
1863 2419 1941 2469 με

423 2478 490 2529 ὲκ
532 2474 816 2541 νεότητός
853 2489 1010 2542 μου·
1074 2474 1173 2527 καί
1229 2474 1341 2541 γὰρ
1386 2476 1498 2527 οὐκ
1540 2472 1942 2542 ὴδυνήθησάν

424 2563 543 2615 μοι.
585 2545 815 2614 Ἔτερός
843 2541 1008 2614 φησιν
1034 2545 1395 2616 ἑρμηνευτὴς,
1460 2544 1611 2599 Ἀλλ’
1644 2546 1758 2598 οὐκ
1796 2541 1943 2609 ἡδυ-

423 2616 705 2684 νήθησάν
725 2631 851 2683 μοι.

426 2732 537 2786 Καὶ
574 2725 729 2793 οὗτος
753 2729 848 2783 τοῦ
880 2729 988 2790 πρὸ
1013 2728 1178 2784 αὐτοῦ
1203 2728 1433 2801 ἔχεταιὸ
1453 2729 1667 2801 ψαλμός
1700 2731 1944 2784 ο.Ἐπει-

358 2815 421 2885 δὴ
451 2815 561 2885 γὰρ
583 2812 896 2868 διεκόπτετο
920 2812 991 2866 τὰ
1018 2813 1117 2883 τῆς
1148 2813 1458 2883 οἰκοδομῆς,
1497 2814 1590 2866 καλ⁸
1635 2812 1772 2884 πρὸς
1791 2812 1944 2875 τέλος

362 2898 419 2949 τὸ
443 2897 600 2968 ἔργον
622 2896 724 2948 οὐκ
743 2895 852 2966 ᾔει,
880 2897 1029 2964 ἄγων
1071 2896 1268 2959 αὐτοὺς
1312 2897 1389 2959 είς
1422 2895 1665 2967 χρηστὰς
1699 2895 1941 2958 ἐλπίδας,

365 2979 452 3032 ἴνα
480 2981 552 3048 μὴ
597 2979 1075 3047 ἀπογινώσκωσιν,
1129 2980 1194 3033 ἐκ
1231 2979 1342 3033 τῶν
1384 2978 1766 3051 παρελθόντων
1811 2978 1943 3050 περὶ

364 3061 474 3116 τῶν
527 3062 820 3133 μελλόντων
857 3062 1080 3134 θαρρεῖν
1118 3064 1314 3128 αὐτοὺς
1356 3063 1800 3135 παρασκευάζει,
1848 3062 1943 3116 καὶ

366 3145 607 3199 παιδεύει
644 3146 841 3208 αὐτοὺς
869 3144 1048 3214 λέγειν
1075 3145 1252 3200 ταῦτα
1291 3146 1360 3199 τά
1393 3148 1634 3218 ῥήματα.
1670 3147 1807 3198 Ποῖα
1841 3145 1939 3212 δές

361 3230 482 3284 Ὀτι
503 3229 799 3294 πολλάκιςά
818 3230 1150 3301 ἐπιθέμενοι,
1171 3230 1553 3302 περιγενέσθαι
1568 3232 1670 3284 οὐκ
1693 3231 1939 3301 ι’σχυσαν,

359 3314 479 3369 οὐδὲ
505 3313 769 3385 ὁλοσχερῆ
787 3313 946 3384 νίκην
975 3314 1193 3385 ἧραντο.
1221 3314 1331 3367 Καὶ
1379 3314 1484 3386 μὴν
1513 3313 1705 3368 ἔλαϐον
1739 3315 1942 3385 αἰχμα-

359 3399 583 3461 λώτους,
640 3399 793 3468 φησὶ,
831 3400 926 3451 καὶ
968 3398 1105 3469 πρὸς
1136 3399 1236 3469 τὴν
1264 3398 1554 3466 ἀλλοτρίαν
1580 3399 1941 3471 μετέστησαν,

358 3481 452 3535 καὶ¹
473 3480 703 3541 πολλοὺς
721 3479 988 3551 πολέμους
1008 3481 1286 3553 ἐνίκησαν.
1313 3482 1567 3536 Μάλιστα
1585 3481 1685 3553 μέν
1709 3484 1802 3536 καὶ
1823 3482 1942 3536 τότε

355 3564 454 3617 οὐκ
482 3564 549 3616 ἐκ
569 3562 669 3632 τῆς
695 3562 901 3626 οἰκείας
927 3560 1132 3632 ἰσχύος,
1158 3562 1276 3615 ἀλλ’
1302 3565 1367 3617 ἐκ
1395 3563 1492 3635 τῆς
1522 3564 1634 3617 τῶν
1675 3566 1945 3621 Ἰουδαίων

356 3646 632 3718 ἁμαρτίας
663 3644 1059 3716 περιεγένοντο.
1116 3646 1327 3711 ’Ἄλλως
1353 3647 1411 3700 δὲ
1464 3647 1524 3700 οὑ
1558 3647 1721 3719 μέχρι
1757 3649 1946 3716 τέλους

355 3730 577 3800 ἔμειναν
603 3727 680 3792 ὡς
705 3727 1139 3798 περιγεγονότες.
1176 3729 1312 3784 Οὐδὲ
1336 3729 1446 3802 γὰρ
1487 3730 1716 3802 ίσχυσαν
1744 3749 1945 3786 παντε-

357 3812 464 3877 λῶς
495 3809 759 3882 ἀφανίσαι
786 3810 847 3864 τὸ
870 3811 1048 3880 γένος,
1081 3811 1205 3866 οὺδέ
1239 3813 1521 3882 ἐξαλεῖψαι
1572 3825 1596 3853 ο
1621 3816 1721 3887 τὴν
1767 3813 1943 3879 πόλιν,

355 3895 477 3950 οὐδὲ
509 3895 591 3959 εἰς
616 3893 768 3958 τέλος
795 3893 1058 3948 ἀπολέσαι
1085 3895 1145 3947 τὸ
1169 3893 1321 3959 ἔθνος
1340 3912 1354 3925 ·
1392 3894 1532 3949 ἀλλά
1586 3896 1720 3965 πρὸς
1742 3896 1942 3965 ὀλίγον,

357 3978 651 4041 ἐνδιδόντος
698 3975 790 4029 τοῦ
815 3975 974 4041 Θεοῦ,
1010 3978 1445 4050 περιγενόμενοι,
1490 3979 1652 4033 πάλιν
1683 3978 1943 4050 ἡττῶντο.

358 4060 484 4125 Πῶς
533 4061 593 4114 δέ
639 4058 910 4132 ήττῶντο;
963 4060 1085 4114 Τῶν
1128 4061 1394 4116 Ἰουδαίων
1424 4063 1516 4116 ἐπὶ
1546 4065 1646 4135 τὴν
1674 4064 1946 4134 προτέραν

361 4144 667 4218 εὐπραγίαν
686 4144 1038 4199 ἐπανιόντων.
1063 4146 1129 4198 Ὃ
1151 4147 1245 4199 καὶ
1273 4145 1449 4217 δηλῶν
1463 4146 1650 4218 ἔτερος
1677 4146 1947 4218 ἑρμηνευ-

362 4231 480 4301 τὴς,
528 4228 684 4284 Ἀλλ’
705 4230 818 4297 οὐχ
850 4228 1279 4299 ὑπερίσχυσάν
1310 4247 1451 4299 μου,
1479 4226 1650 4285 εἶπεν.
1686 4230 1818 4285 Ἐπὶ
1840 4231 1948 4285 τὸν

362 4314 558 4367 νῶτόν
581 4312 1065 4383 μουὲτέκταινον
1097 4316 1150 4367 οί
1205 4313 1562 4383 ἁμαρτωλοί,
1603 4315 1949 4385 ἐμάκρυναν

364 4397 477 4466 τὴν
508 4398 767 4468 ἀνομίαν
791 4395 1010 4452 αὐτῶν.
1043 4397 1108 4450 Τί
1137 4398 1254 4450 ἐστι
1282 4398 1474 4459 τοῦτο;
1517 4399 1627 4470 Οὐχ
1661 4399 1737 4463 ὡς
1759 4398 1948 4471 ἔτυχεν

363 4482 739 4546 ἐπεϐούλευον,
801 4481 988 4552 φησὶν,
1040 4481 1176 4535 ἀλλὰ
1216 4480 1388 4535 πολλὰ
1444 4483 1801 4552 ἐμηχανῶντο
1854 4489 1949 4540 καὶ

362 4564 863 4637 ἐπραγματεύοντο,
887 4564 1068 4627 δόλους
1091 4564 1408 4634 ρἀτοντες,
1440 4565 1617 4638 λάθρᾳ
1644 4567 1949 4638 ἐπιτιθέμε-

362 4666 462 4702 νοι.
484 4648 560 4701 Τὸ
593 4650 722 4720 γὰρ,
763 4648 895 4701 Ἐπί
922 4647 1029 4701 τὸν
1055 4646 1249 4701 νῶτόν
1270 4664 1409 4717 μου,
1440 4650 1472 4720 ἢ
1505 4649 1564 4701 τὸ
1603 4649 1817 4721 δολερὸν
1852 4650 1947 4705 καὶ

365 4730 595 4784 ὓπουλον
626 4730 796 4798 δηλοῖ,
849 4730 882 4801 ἢ
921 4731 982 4782 τὸ
1010 4732 1152 4785 κατά
1189 4732 1389 4801 κράτος
1422 4731 1516 4784 καὶ
1570 4732 1707 4801 μετά
1748 4732 1948 4804 πολλῆς

365 4809 459 4885 τῆς
494 4812 876 4885 σφοδρότητος.
907 4813 1220 4877 Τουτέστιν,
1251 4813 1421 4883 αὐτὴν
1468 4816 1566 4883 τὴν
1589 4812 1820 4885 δύναμίν
1846 4832 1947 4885 μου

367 4895 657 4951 συνθλάσαι
715 4896 1050 4969 ἐπεχείρουν.
1091 4897 1315 4967 Ἕτερος
1344 4896 1400 4950 δὲ
1429 4897 1448 4936 ί
1487 4898 1607 4951 ἀντὶ
1640 4897 1757 4966 τοῦ,
1802 4898 1950 4953 Ἐτέ-

430 5095 630 5172 “savii.
677 5097 797 5172 τισὶ,
819 5096 922 5152 τοῖς
953 5095 1004 5144 δέ
1037 5094 1115 5144 διὰ
1158 5092 1405 5157 μετανοίας
1442 5093 1840 5157 ἀποκρουομιένοις
1863 5096 1949 5153 τήν

363 5158 504 5221 ὀργὴν
525 5159 716 5206 ἵσταται
735 5158 812 5205 τά.

425 5220 455 5260 b
475 5219 631 5268 Savil.
654 5217 809 5267 ταῦτα
839 5218 918 5275 δή.

429 5280 604 5354 σξη-ορ
620 5293 735 5354 ιῃεε.
754 5282 828 5329 sic
849 5279 1117 5340 incipiunt:
1138 5275 1277 5335 οὗτος
1298 5277 1457 5341 ἔχεται
1486 5276 1574 5327 τοῦ
1602 5278 1835 5342 προτέρου
1854 5280 1948 5330 πά-

363 5343 736 5489 Ϊνξὸλίέῗ-λοτῖτὰ
759 5401 962 5489 aequ.
988 5402 1200 5489 {nell-6:9
1239 5401 1487 5459 πολλάκις.
1522 5400 1634 5453 Sav.
1659 5401 1721 5450 τὰ
1741 5402 1945 5468 ῥήματα.

370 5465 497 5515 Ποῖα
515 5465 595 5524 δὲς
632 5465 705 5512 ὃτι
727 5465 973 5521 πολλάκις,
1000 5466 1197 5513 melius.
1743 5465 1752 5468 '

372 5599 376 5600 γ
429 5538 461 5600 ξ
478 5526 710 5600 SaM/11.50
734 5526 885 5600 γένος,
903 5527 934 5583 ἢ
959 5525 1052 5598 τὴν,
1074 5525 1210 5573 πόλιν
1230 5523 1483 5600 ἐξαλεῖψαι.
1508 5522 1637 5575 Infra
1653 5525 1789 5577 idem
1815 5542 1951 5577 πεοι-

364 5586 616 5650 γινὸμενοι.
644 5586 818 5636 Morel.
842 5586 1207 5650 περιγενόμενοι,
1230 5586 1424 5635 melius.

370 5645 452 5723 ---ί
483 5651 565 5699 δίο
585 5648 951 5723 διγοειξιιξείξε
969 5648 1323 5723 ἓεξειωτίίιιοξομ
1340 5648 1408 5723 εἳ·
1433 5648 1487 5698 δὲ
1505 5649 1791 5723 ἑρμηνευτής
1806 5665 1948 5723 φησιν

369 5720 536 5782 ξἐτυῃι
548 5710 664 5782 φησί
680 5708 986 5780 τοόυοάυίιοι
1003 5722 1015 5756 :
1159 5722 1270 5759 mox
1284 5711 1470 5773 legitur
1489 5708 1634 5760 εἶπεν·
1657 5708 1843 5773 quissi"!
1861 5708 1950 5761 aué

369 5776 468 5822 tum
487 5772 568 5822 hi6
589 5773 837 5831 interpres
864 5772 1133 5831 ignoratur.

683 5848 956 5910 PAraOL.
1004 5847 1121 5910 Gn.
1171 5843 1299 5911 LV.

1291 340 1301 349 ι
1397 295 1764 355 EXPOSITIO
1802 299 1868 355 IN
1920 296 2244 355 PSALMUM
2281 297 2562 355 CXXVIII.

3522 291 3625 348 572

2044 439 2311 488 κταινον,
2346 421 2760 491 ’Προτρίασαν,
2792 415 2966 480 εἶπεν,
3013 416 3102 471 ἵνα
3143 414 3380 490 δηλώσῃ,
3416 414 3499 469 ὃτι
3537 416 3628 488 ἕρ·-

2040 522 2135 575 γον
2157 503 2438 561 ἐποιοῦντο
2457 502 2555 574 τὴν
2578 502 2721 560 κατὰ
2747 500 2841 554 τοῦ
2867 499 3076 553 δικαίου
3107 497 3418 567 ἐπιϐουλήν.
3456 498 3628 567 Ἐμιίο

2040 608 2273 659 κρυναν
2301 590 2417 658 τὴν
2440 589 2697 659 ἀνομίαν
2720 585 2935 642 αὐτῶν.
2964 584 3030 638 Τί
3064 588 3212 638 ἐστιν
3244 583 3273 637 ὃ
3301 582 3484 651 λέγει;
3512 584 3627 636 Δεί-

2041 691 2230 727 κνυσιν
2259 676 2340 728 ὅτι
2361 673 2421 726 οὺ
2456 672 2594 743 μετά
2624 670 2982 742 σφοδρότητος
3010 668 3248 739 ἐπῄεσαν
3284 666 3465 738 μόνον,
3492 667 3628 720 ἀλλὰ

2039 758 2135 811 καὶ
2166 757 2304 829 μετὰ
2333 756 2537 827 πολλῆς
2568 755 2671 825 τῆς
2706 754 3055 827 προσεδρίας,
3086 751 3253 805 πολὺν
3283 749 3629 813 δαπανῶντες

2038 841 2252 912 χρόνον,
2275 841 2369 893 καὶ
2393 840 2554 911 ἔργον
2578 836 2894 906 ποιούμενοι
2916 835 3015 906 τὴν
3042 833 3357 904 ἐπιϐουλὴν,
3393 832 3487 886 καλ⁸
3517 834 3631 885 ἐπι-

2045 925 2295 994 μένοντες
2319 923 2602 995 διηνεκῶς.
2628 922 2769 975 Ἀλλ’
2806 921 2958 975 οὐδὲν
3005 920 3185 983 αὐτοῖς
3205 920 3415 988 ἐγίνετο
3444 917 3626 976 πλέον.

2041 1009 2104 1061 ού
2134 1009 2283 1081 παρά
2309 1007 2408 1079 τὴν
2427 1006 2707 1078 ἡμετέραν
2729 1006 2903 1076 ἰσχὺν,
2924 1003 3060 1058 ἀλλά
3086 1002 3241 1074 παρὰ
3257 1004 3356 1073 τὴν
3380 999 3476 1056 τοῦ
3491 1000 3626 1055 Θεοῦ

2041 1092 2289 1164 δύναμιν.
2321 1147 2325 1150 .
2354 1091 2555 1161 Διόπερ
2597 1089 2812 1151 δεικνὺς
2850 1088 2941 1142 τὸν
2987 1085 3223 1141 ἱστῶντα
3253 1087 3315 1140 τὸ
3347 1085 3626 1157 τρόπαιον,

2041 1177 2136 1230 καὶ
2153 1177 2254 1246 τὴν
2268 1174 2424 1244 νίκην
2442 1172 2830 1245 ἐργαζόμενον,
2850 1173 3098 1241 ἐπήγαγε
3120 1185 3134 1200 ·
3161 1171 3378 1246 Κύριος
3401 1168 3630 1233 δίκαιος

2038 1245 2390 1327 συνέκοψεν
2427 1256 2691 1326 αὐχένας
2723 1253 3107 1324 ἁμαρτωλῶν.
3156 1245 3385 1324 ’Έτερος
3418 1252 3475 1305 δὲ
3509 1250 3631 1305 ἀντὶ

2037 1341 2154 1407 τοῦ,
2182 1339 2476 1409 Αὐχένας,
2504 1339 2772 1407 Βρόχους
2802 1331 2945 1400 εἷπε,
2975 1334 3152 1407 δηλῶν
3183 1335 3286 1399 τὰς
3314 1333 3626 1397 ἐπιϐουλὰς.

2037 1424 2138 1488 τὰς
2168 1424 2412 1494 ἐφόδους,
2445 1422 2545 1486 τὰς
2585 1422 2857 1493 μηχανάς.
2913 1420 3112 1483 Καλῶς
3157 1418 3216 1472 δὲ
3264 1417 3348 1483 οὗ,
3395 1417 3627 1481 διέλυσε,

2040 1503 2214 1569 εἶπεν,
2267 1505 2423 1571 ἀλλά,
2459 1504 2813 1573 Συνέκοψεν
2835 1543 2850 1568 ,
2902 1503 2991 1557 ἵνα
3037 1501 3236 1574 μᾶλλον
3283 1501 3501 1571 ὲμφήνῃ
3546 1500 3629 1554 ὅτι

2037 1590 2196 1644 τοῦτο
2216 1590 2531 1661 εἰργάσατο,
2565 1586 2714 1659 [366]
2753 1586 3000 1657 ἀχρηστα
3044 1587 3124 1648 εἰς
3150 1583 3303 1647 τέλος
3334 1582 3506 1636 ποιῶν
3528 1582 3631 1636 αύ-

2037 1674 2146 1726 τῶν
2174 1674 2240 1727 τὰ
2267 1671 2630 1742 βουλεύματα.
2667 1671 2778 1724 Καὶ
2811 1669 2920 1738 γάρ
2952 1669 3263 1743 ἀρχομένης
3286 1668 3386 1738 τῆς
3423 1666 3628 1729 πόλεως

2040 1755 2320 1820 κτίζεσθαι
2349 1755 2515 1808 πάλιν
2558 1755 2605 1820 ε,
2642 1751 2827 1806 πολλοὶ
2869 1750 3209 1821 πανταχόθεν
3264 1748 3631 1819 ἐπιτιθέμενοι

2037 1836 2180 1912 ἦσαν
2231 1839 2309 1910 τῷ
2342 1839 2522 1909 φθόνῳ
2549 1837 2862 1909 τηκόμενοι,
2894 1836 2988 1888 καὶ
3013 1835 3113 1905 οὐχ
3163 1833 3334 1911 ἅπαξ,
3361 1833 3485 1886 οὐδὲ
3528 1832 3631 1895 δὶς,

2039 1925 2174 1979 ἀλλὰ
2211 1925 2306 1978 καὶ
2340 1922 2602 1985 πολλάκις
2641 1920 2799 1975 τοῦτο
2836 1918 3075 1972 ἐποίουν.
3103 1916 3276 1971 Τοῦτο
3303 1916 3503 1986 γέγονε
3542 1916 3635 1967 καὶ

2039 2011 2132 2064 ἐπὶ
2161 2009 2260 2081 τῆς
2292 2008 2641 2080 Ἐκκλησίας.
2675 2005 3011 2078 Ἀρχομένης
3040 2004 3151 2075 γὰρ
3181 2003 3353 2074 αὐτῆς
3378 2001 3631 2072 φύεσθαι,

2042 2092 2282 2161 συνεχῶς
2320 2091 2632 2145 ἐπετίθεντο
2694 2090 2893 2153 πάντες
2914 2104 2928 2118 ’
2985 2087 3135 2159 παρὰ
3177 2086 3275 2157 μὲν
3306 2085 3407 2156 τὴν
3456 2084 3634 2155 ἀρχὴν

2044 2175 2303 2245 βασιλεῖς,
2353 2175 2448 2228 καὶ
2481 2174 2663 2245 δῆμοι,
2701 2173 2797 2228 καὶ
2841 2173 3129 2244 τύραννοιο
3175 2168 3312 2242 μετά
3366 2168 3424 2221 δὲ
3459 2168 3633 2221 ταῦτα

2041 2244 2149 2312 τῶν
2175 2244 2443 2329 αἱρέσεων
2475 2260 2532 2310 αἰ
2566 2256 2875 2318 ἐπιϐουλαὶ,
2903 2255 2997 2308 καὶ
3031 2253 3201 2313 πολὺς
3230 2250 3573 2322 πανταχόθεν
3603 2250 3632 2301 ὁ

2045 2341 2278 2411 πόλεμος
2306 2339 2402 2393 καὶ
2436 2340 2678 2403 ποικίλος
2707 2338 3122 2410 ἀνερριπίζετοο
3158 2335 3273 2390 ἀλλ’
3306 2335 3455 2405 ὅμως
3479 2332 3634 2386 οὐδὲν

2046 2424 2264 2493 ἴσχυσεν
2285 2439 2298 2453 ·
2332 2422 2468 2475 ἀλλά
2492 2422 2562 2475 τὰ
2595 2422 2694 2493 μὲν
2724 2422 2832 2474 τῶν
2862 2420 3137 2493 πολεμίων
3156 2417 3346 2489 ἐλύθη,
3371 2417 3440 2470 τά
3460 2415 3517 2469 δὲ
3537 2415 3634 2486 τῆς

2056 2506 2385 2579 Ἐκκλησίας
2417 2504 2592 2559 ἀνθεῖ.
2626 2502 3148 2574 Αἰσχυνθήτωσαν
3189 2501 3290 2555 καί
3333 2501 3632 2567 άποστρα·

2042 2591 2334 2662 φήτωσαν
2351 2592 2439 2656 εἰς
2465 2591 2534 2643 τὰ
2556 2588 2751 2642 ὀπίσω
2781 2585 3004 2654 πάντες
3028 2589 3083 2641 οὶ
3103 2585 3433 2656 μισοῦντες
3461 2580 3631 2636 Σιών.

2048 2674 2261 2738 Ἄλλος,
2305 2672 2842 2741 Ἀνατραπήτωσαν
2875 2672 2961 2737 εις
2989 2668 3064 2723 τὰ
3100 2669 3316 2723 ὀπίσω.
3365 2664 3634 2733 Fer-1161i-

2043 2773 2246 2814 τωσαν
2286 2756 2431 2812 ὡσεὶ
2466 2756 2679 2826 χόρτος
2699 2753 3002 2825 δωμάτων,
3032 2753 3101 2820 ὃς
3123 2754 3237 2823 πρὸ
3277 2751 3384 2806 τοῦ
3411 2751 3636 2804 ἐκσπα-

2043 2842 2268 2911 σθῆναι
2297 2839 2596 2910 ἐξηράνθη
2622 2856 2635 2870 ·
2665 2834 2737 2895 οὗ
2768 2841 2879 2893 οὐκ
2926 2837 3247 2907 ἐπλήρωσε
3298 2834 3415 2903 τὴν
3467 2833 3636 2902 χεῖρα

2042 2925 2229 2980 αὑτοῦ
2266 2928 2300 2979 ὀ
2337 2921 2595 2992 θερίζων.
2627 2921 2855 2993 Ἔτερός
2875 2938 3030 2993 φησι,
3066 2919 3187 2988 Τὴν
3204 2918 3397 2989 δράκα
3421 2916 3633 2972 αὑτοῦ.

2041 3008 2154 3066 Καὶ
2182 3007 2291 3062 τὸν
2317 3009 2553 3061 κόλπον
2571 3004 2759 3060 αὐτοῦ
2791 3007 2824 3058 ὀ
2849 3003 2924 3057 τὰ
2955 3001 3263 3072 δράγματα
3289 2998 3631 3068 συλλέγων.

2042 3094 2152 3150 Καὶ
2179 3094 2291 3147 οὐκ
2323 3087 2504 3146 εἶπαν
2558 3092 2611 3145 οἱ
2654 3088 3050 3158 παράγοντες,
3091 3086 3359 3156 Εὑλογία
3411 3082 3635 3151 Κυρίου

2041 3177 2134 3248 ἐφ’
2166 3174 2342 3246 ὑμᾶς.
2374 3172 2814 3244 Εὐλογήκαμεν
2837 3170 2995 3242 ὑμᾶς
3020 3171 3091 3225 ἐν
3113 3171 3358 3239 ὀνόματι
3388 3167 3632 3237 Κυρίου.

2044 3261 2138 3324 Εἰς
2165 3258 2331 3331 εὐχὴν
2355 3257 2667 3313 κατακλείει
2698 3254 2794 3327 τὴν
2822 3253 3144 3325 παραίνεσιν
3174 3251 3283 3306 ἀπό
3309 3269 3367 3305 τε
3391 3250 3490 3321 τῆς
3520 3251 3637 3320 διη-

2043 3346 2257 3416 γήσεως
2287 3342 2396 3396 τῶν
2433 3339 2839 3412 παρελθόντων,
2867 3339 2978 3392 ἀπό
3006 3355 3065 3391 τε
3098 3337 3198 3406 τῆς
3221 3337 3387 3408 εὐχῆς
3412 3334 3636 3407 θαρρεῖν

2046 3427 2480 3499 παρασκευάζων
2505 3425 2597 3478 τὸν
2614 3424 2908 3494 ἀκροατὴν,
2930 3422 3030 3475 καὶ
3049 3422 3263 3484 δεικνὺς
3280 3420 3371 3473 τοῦ
3397 3419 3525 3473 πολέ
3535 3435 3635 3489 μου

2045 3515 2144 3586 τὴν
2165 3513 2422 3567 ὑπόθεσιν
2452 3510 2656 3586 ἀδικον.
2695 3506 2829 3561 Ἀπὸ
2858 3507 2968 3578 γὰρ
3001 3505 3198 3575 φθόνου
3222 3506 3317 3559 καὶ
3353 3505 3545 3575 μίσους
3568 3503 3637 3555 τά

2044 3578 2142 3668 τῆς
2177 3596 2354 3667 μάχης
2389 3578 2585 3666 ᾔρετο·
2609 3591 2690 3646 διό
2728 3608 2893 3662 φησιν
2916 3629 2932 3655 ,
2981 3589 3503 3659 Αἰσχυνθήτωσαν
3537 3587 3638 3641 καὶ

2045 3677 2608 3746 ἀποστραφήτωσαν
2638 3677 2726 3740 εἰς
2745 3675 2819 3728 τὰ
2845 3675 3041 3728 ὀπίσω
3061 3671 3286 3739 πάντες
3306 3674 3357 3726 οὶ
3381 3668 3638 3741 μισοῦν-

2047 3778 2147 3828 τες
2176 3758 2347 3816 Σιών.
2376 3759 2467 3831 Μὴ
2499 3759 2659 3831 μόνον
2692 3756 3079 3829 ήττηθείησαν,
3109 3755 3245 3809 ἀλλᾶ
3271 3754 3368 3808 καὶ
3391 3751 3635 3823 αἰσχρῶς

2047 3847 2142 3899 καὶ
2165 3843 2605 3911 καταγελάστως.
2632 3837 2766 3895 Εἶτα
2798 3838 2989 3905 εἰπών,
3021 3838 3468 3905 Γενηθήτωσαν
3492 3836 3635 3890 ὠσεί

2047 3928 2260 3997 χόρτος
2292 3924 2595 3995 δωμάτων,
2626 3923 2952 3994 ἐνδιατρίεει
2990 3925 3059 3994 τῇ
3089 3920 3280 3984 εἰκόνι,
3322 3920 3420 3990 οὐχ
3447 3917 3637 3980 ἁπλῶς

2047 4009 2227 4080 χόρτῳ
2256 4006 2643 4077 παραϐάλλων,
2675 4004 2812 4059 ἀλλά
2842 4004 2921 4076 τῷ
2968 4006 3065 4058 ἐπὶ
3119 4002 3407 4073 δωμάτων.
3445 4001 3636 4055 Καίτοι

2047 4109 2111 4162 γε
2145 4092 2241 4146 καὶ
2277 4093 2306 4144 ὁ
2359 4091 2418 4143 ἐν
2472 4089 2641 4160 πεδίῳ
2670 4088 2907 4160 λιπαρῷ,
2962 4088 3173 4159 ταχέως
3222 4086 3466 4158 διαρρεῖ,
3521 4082 3636 4138 ἀλλ’

2047 4178 2252 4240 ἐκεῖνος
2270 4175 2301 4214 ιι
2327 4173 2550 4228 πλείονα
2572 4172 2786 4236 δεικνὺς
2807 4172 2914 4224 τῶν
2940 4170 3201 4225 ἐναντίων
3219 4170 3319 4241 τὴν
3336 4170 3633 4233 εὐτέλειαν,

2047 4260 2127 4332 τῷ
2150 4260 2242 4313 ἐπὶ
2270 4258 2378 4312 τῶν
2405 4256 2671 4328 δωμάτων
2701 4256 2898 4320 αὐτοὺς
2926 4254 3266 4326 παραϐάλλει
3285 4270 3300 4284 ’
3330 4254 3471 4309 ὥστε
3505 4256 3631 4312 ἐκα·

2047 4341 2290 4416 τέρωθεν
2312 4340 2481 4407 δείξαι
2509 4339 2689 4393 αὐτῶν
2716 4339 2778 4392 τὸ
2804 4339 3245 4403 εὐκατάπτωτον,
3272 4339 3367 4392 καὶ
3391 4340 3500 4393 ἀπὸ
3530 4340 3632 4412 τῆς

2050 4427 2267 4497 φύσεως
2293 4425 2388 4479 τοῦ
2414 4425 2631 4497 χόρτου,
2679 4424 2773 4477 καὶ
2808 4422 2916 4475 ἀπὸ
2950 4422 3048 4493 τῆς
3075 4421 3291 4491 φύσεως
3322 4422 3417 4476 τοῦ
3447 4425 3634 4478 τόπου.

2052 4510 2332 4573 Τοιαῦται,
2376 4510 2532 4578 φησί,
2558 4507 2666 4561 τῶν
2698 4504 2957 4561 ἐναντίων
2982 4506 3040 4558 αί
3067 4505 3266 4574 ἔφοδοι,
3297 4506 3397 4560 οὐκ
3419 4506 3636 4578 ἔχουσαι

2055 4593 2232 4666 ῥίζαν,
2267 4592 2387 4647 οὐδὲ
2420 4591 2718 4644 ὑπόστασιν
2739 4606 2753 4621 ο
2781 4587 2918 4641 ἀλλά
2948 4588 3083 4660 πρὸς
3108 4587 3286 4657 ὀλίγον
3324 4589 3422 4660 μέν
3452 4590 3638 4644 δοκοῦ-

2055 4694 2140 4730 σιν
2171 4674 2372 4739 ἀνθεῖν,
2410 4672 2636 4744 ὕστερον
2664 4672 2723 4725 δὲ
2751 4670 3084 4742 ἐλέγχονται,
3116 4673 3211 4725 καὶ
3244 4673 3460 4737 ἐαυτοίς
3491 4690 3641 4746 περι-

2051 4760 2331 4813 πίπτουσι.
2366 4757 2602 4827 Τοιαύτη
2628 4756 2724 4811 καὶ
2755 4755 2865 4809 τῶν
2890 4756 2949 4809 ἐν
2976 4755 3161 4828 ἀδικίᾳ
3203 4755 3419 4821 ζώντων
3447 4760 3480 4830 ἡ
3511 4759 3638 4829 εὑη-

2053 4842 2238 4915 μερία,
2268 4840 2379 4895 τῶν
2408 4839 2676 4910 βιωτικῶν
2699 4840 2732 4910 ἡ
2761 4837 3055 4910 φαιδρότης
3078 4853 3092 4869 ’
3126 4839 3264 4911 ὁμοῦ
3290 4857 3350 4894 τε
3375 4840 3482 4911 γὰρ
3506 4842 3635 4907 φαί-

2050 4944 2202 4982 νεται
2229 4926 2324 4980 καὶ
2357 4925 2674 4987 ἀπόλλυται,
2704 4921 2828 4976 οὔτε
2851 4922 3151 4977 ὑπόστασίν
3169 4941 3312 4989 τινα,
3329 4923 3453 4977 οὔτε
3476 4923 3639 4978 δύνα-

2055 5031 2146 5085 μιν
2179 5011 2394 5082 ἔχουσα.
2422 5011 2623 5082 Διόπερ
2652 5009 2714 5062 οὐ
2742 5009 2826 5061 δεῖ
2850 5008 3061 5071 τούτοις
3090 5008 3396 5079 προσέχειν,
3421 5007 3556 5061 ἀλλά
3578 5006 3639 5061 τὸ

2050 5095 2415 5151 εὐκατάλυτον
2448 5094 2630 5147 αὐτῶν
2652 5091 2966 5154 ἐννοοῦντας
2990 5130 3004 5154 ,
3039 5090 3149 5144 τῶν
3178 5091 3461 5144 ἀθανάτων
3483 5090 3634 5160 ἐφίε-

2028 5180 2174 5233 σθαι
2199 5180 2293 5233 καὶ
2325 5179 2597 5250 ἀκινήτων
2623 5172 2984 5246 πραγμάτων,
3014 5175 3108 5228 καὶ
3139 5174 3239 5227 οὐκ
3269 5173 3505 5243 ἐχόντων
3534 5189 3634 5243 με-

2048 5262 2280 5334 ταϐολήν
2298 5279 2311 5293 ο
2339 5255 2415 5315 ὧν
2443 5263 2655 5330 γένοιτο
2683 5261 2892 5321 πάντας
2923 5259 3071 5328 ἡμᾶς
3102 5258 3396 5327 ἐπιτυχεῖν,
3449 5256 3636 5328 χάριτι

2049 5345 2143 5400 καὶ
2173 5342 2555 5415 φιλανθρωπίᾳ
2600 5342 2693 5396 τοῦ
2726 5342 2931 5413 Κυρίου
2968 5338 3124 5411 ἡμῶν
3166 5338 3340 5410 Ἰησοῦ
3373 5338 3632 5412 Χριστοῦ.

2055 5428 2172 5500 μεθ’
2223 5422 2286 5482 οὗ
2319 5426 2398 5497 τῷ
2433 5426 2610 5497 Πατρὶ
2633 5429 2667 5498 ὴ
2713 5425 2839 5491 δόξα
2873 5424 2988 5493 ἅμα
3019 5421 3097 5493 τῷ
3129 5423 3272 5495 ἁγίῳ
3329 5422 3633 5495 Πνεύματι,

2048 5512 2130 5575 εἰς
2158 5511 2284 5574 τοὺς
2312 5508 2517 5571 αἰῶνας
2545 5510 2656 5562 τῶν
2696 5507 2929 5563 αἰώνων.
2978 5506 3177 5585 Ἀμήν.

2113 5714 2141 5753 8
2155 5710 2236 5761 Sic
2258 5711 2389 5769 Sam;
2402 5707 2454 5760 in
2475 5708 2594 5760 Mor.
2609 5706 2750 5771 πάλιν
2768 5707 2962 5771 deerat,
2975 5707 3063 5759 sed
3084 5707 3268 5763 lectum
3280 5710 3359 5757 est
3379 5706 3438 5757 ab
3449 5706 3632 5771 interp.

2116 5773 2143 5812 ιι
2166 5773 2248 5824 Su.-
2269 5767 2439 5825 Morel.
2469 5773 2619 5823 Sam.
2643 5770 2746 5818 am
2770 5770 2915 5829 δηως.
2949 5767 2968 5808 τ.
3215 5846 3296 5908 23
3369 5782 3373 5786 .
3521 5767 3526 5775 ς
