4018 6268
401 391 504 446 575

833 497 896 552 IN
946 493 1260 552 PSALMUM
1308 489 1542 547 CXXIX.

400 643 449 697 I.
484 640 558 694 De
578 635 840 709 profundis
864 631 1073 685 clamavi
1089 627 1155 682 ad
1171 637 1236 692 fe,
1265 624 1507 679 Domine:
1531 621 1760 685 Domine,
1789 618 1972 672 exaudi

987 735 1152 774 vocem
1199 732 1378 770 meam.

470 864 519 916 1.
556 857 888 927 Profunditas
915 867 1135 924 precum.
1163 879 1237 890 -
1258 846 1394 916 Quid
1424 853 1525 906 est,
1551 842 1631 896 De
1666 837 1972 912 profundis?

411 955 514 1007 Non
559 950 691 1003 dixit
731 943 1084 1007 solummodo,
1117 941 1192 996 Ex
1220 953 1334 1003 ore,
1385 950 1557 1004 neque
1613 929 1967 994 solummodo,

405 1044 474 1097 f-lx
504 1041 710 1108 lingua;
744 1050 864 1088 nam
891 1041 1102 1087 errante
1139 1030 1300 1082 etiam
1345 1034 1522 1079 mente
1545 1023 1703 1078 verba
1733 1019 1969 1074 fundun-

401 1143 518 1194 tur;
546 1127 672 1189 sed,
703 1125 783 1180 Ex
826 1125 988 1177 corde
1018 1116 1448 1190 profundissimo,
1480 1129 1599 1168 cum
1631 1127 1822 1182 magno
1853 1121 1968 1163 stn-

397 1223 506 1280 dio.
542 1228 597 1273 et
631 1230 820 1286 magna
846 1213 1005 1266 animi
1053 1210 1342 1270 alacritate,
1371 1221 1434 1260 ex
1478 1204 1608 1273 ipsis
1638 1203 1829 1256 mentis
1879 1216 1970 1269 pe-

400 1309 710 1365 netralibus.
742 1306 896 1364 Tales
924 1310 1048 1356 sunt
1082 1300 1223 1356 enim
1269 1298 1430 1352 animi
1477 1311 1660 1350 eorum
1705 1293 1792 1362 qui
1837 1291 1971 1344 affli-

399 1409 636 1469 guntur:
678 1395 1120 1462 universumcor
1161 1402 1341 1442 secum
1388 1391 1756 1445 commovent,
1805 1383 1968 1435 Deum

403 1494 710 1546 invocantes
739 1501 856 1539 cum
888 1496 1076 1553 magna
1101 1480 1509 1548 compnnctione
1540 1493 1552 1528 :
1586 1483 1638 1530 et
1666 1473 1786 1528 ideo
1810 1473 1967 1527 etiam

401 1581 704 1636 audiuntur.
729 1575 883 1629 Tales
908 1575 1050 1626 enim
1078 1584 1264 1641 preces
1291 1581 1531 1637 magnam
1556 1564 1750 1618 habent
1781 1571 1967 1633 poten-

408 1671 552 1732 tiam,
582 1679 636 1720 ut
663 1681 780 1735 quae
821 1677 992 1732 neque
1040 1661 1432 1722 subvertantur,
1463 1669 1631 1724 neque
1661 1654 1969 1708 concutian-

405 1769 509 1821 tur,
541 1758 636 1812 etsi
662 1769 752 1810 eas
777 1753 1019 1808 diabolus
1049 1763 1242 1819 magno
1279 1749 1476 1817 impetu
1508 1746 1735 1800 invadat.
1767 1745 1958 1812 Quem-

405 1847 684 1902 admodum
739 1844 878 1898 enim
927 1841 1085 1896 arbor
1135 1838 1340 1903 valida,
1389 1845 1444 1892 et
1488 1852 1607 1906 quae
1652 1836 1704 1889 in
1750 1836 1966 1889 multam

406 1935 806 2006 profunditatem
835 1941 988 1986 terrae
1018 1930 1125 1999 agit
1153 1928 1376 1990 radices,
1429 1927 1648 1995 ejusque
1695 1925 1843 1979 sinus
1871 1924 1966 1978 de.

404 2026 582 2089 vincit,
611 2023 777 2078 cuivis
798 2029 1074 2078 ventorum
1097 2018 1310 2087 impetui
1335 2017 1566 2080 resistit;
1599 2033 1716 2085 qum
1741 2018 1791 2068 in
1815 2026 1968 2070 terra:

403 2125 579 2169 autem
613 2128 816 2167 summa
867 2111 1145 2180 superﬁcie
1162 2110 1260 2163 sita
1288 2120 1388 2173 est,
1439 2107 1481 2161 si
1526 2107 1774 2175 quaelibet
1813 2120 1967 2175 parva

403 2221 528 2260 aura
552 2203 866 2266 incubuerit,
895 2201 1260 2264 labefactatur,
1307 2207 1362 2253 et
1406 2196 1659 2253 radicitus
1687 2195 1866 2251 evulsa
1888 2195 1970 2265 ja-

402 2307 487 2352 cet
529 2295 676 2349 hnmi
706 2312 718 2347 :
752 2295 819 2347 ita
869 2293 1025 2347 etiam
1074 2305 1257 2360 preces
1286 2304 1402 2358 qua:
1431 2288 1498 2342 ab
1546 2287 1653 2341 imo
1681 2286 1971 2341 ascendunt

403 2396 456 2442 et
483 2393 709 2456 egerunt
736 2383 942 2438 radices
971 2383 1024 2436 in
1052 2379 1331 2452 profundo,
1356 2377 1564 2433 etiamsi
1606 2376 1969 2431 innumerabi—

405 2478 481 2532 les
505 2477 748 2531 venerint
773 2474 1121 2544 cogitationes
1143 2514 1157 2538 ,
1188 2471 1397 2527 etiamsi
1429 2472 1680 2524 instructa
1731 2475 1835 2522 tota
1861 2466 1973 2521 dia-

406 2567 510 2622 boli
538 2567 700 2630 acies,
731 2564 895 2619 ﬁrmze
925 2572 1140 2617 manent
1168 2571 1220 2618 et
1257 2561 1494 2627 stabiles,
1517 2569 1569 2615 et
1587 2559 1802 2613 minime
1823 2573 1973 2613 ever-

407 2668 586 2712 tuntur
616 2674 629 2710 :
655 2672 771 2726 qua:
799 2665 974 2709 autem
998 2669 1060 2708 ex
1092 2668 1184 2707 ore
1209 2661 1262 2707 et
1287 2651 1436 2704 labiis
1456 2651 1768 2720 procedunt,
1793 2656 1970 2702 etnon

405 2750 474 2804 ab
524 2751 634 2803 imo
677 2746 991 2811 ascendunt,
1051 2760 1119 2798 ne
1160 2753 1380 2814 possunt
1423 2741 1634 2811 quidem
1685 2740 1750 2794 ad
1808 2740 1972 2793 Deum

409 2841 712 2904 ascendere,
747 2847 962 2908 propter
990 2837 1105 2907 ejus
1133 2837 1221 2906 qui
1251 2835 1458 2890 accedit
1494 2832 1809 2887 socordiam.
1841 2831 1972 2885 Eum

410 2934 548 2987 enim
597 2933 685 3002 qni
732 2931 851 2985 talis
891 2939 993 2996 est,
1037 2929 1148 2983 sive
1180 2927 1338 2982 fuerit
1379 2925 1568 2995 aliquis
1614 2924 1886 2992 strepitus,
1930 2921 1975 2975 is

413 3025 582 3096 ipsum
606 3024 888 3087 everterit;
917 3023 1028 3077 sive
1059 3021 1326 3083 tumultus,
1370 3019 1437 3072 ab
1477 3017 1716 3071 oratione
1740 3014 1975 3068 abduxe-

412 3119 527 3171 rit:
573 3126 624 3171 et
661 3131 722 3170 os
759 3115 971 3184 quidem
1018 3121 1251 3173 resonat,
1283 3125 1376 3164 cor
1419 3125 1543 3164 vero
1567 3117 1647 3162 est
1697 3108 1873 3170 inane,
1921 3113 1978 3158 et

404 3209 518 3263 sola
544 3223 606 3262 ac
632 3208 840 3262 deserta
885 3206 1153 3276 cogitatio.
1185 3206 1255 3258 At
1284 3203 1449 3257 sancti
1479 3217 1581 3255 non
1612 3200 1689 3255 sic
1717 3199 1962 3264 orabant,

401 3299 500 3353 sed
526 3313 648 3352 cum
671 3307 817 3352 tanto
845 3297 1020 3350 studio
1040 3311 1102 3351 ac
1123 3295 1480 3358 vehementia,
1507 3301 1564 3347 ut
1599 3292 1760 3347 etiam
1808 3299 1975 3344 totum

401 3403 603 3458 corpus
646 3387 993 3442 innectereut.
1025 3386 1214 3440 Beatus
1245 3386 1421 3454 itaque
1461 3383 1638 3437 Helias
1681 3397 1843 3437 orans
1870 3382 1978 3451 pri-

401 3495 551 3535 mum
593 3480 804 3550 quidem
832 3478 1078 3548 quaesivit
1104 3476 1439 3532 solitudinem
1475 3474 1704 3529 :deinde
1729 3488 1846 3528 cum
1884 3488 1978 3542 po-

400 3573 602 3627 suisset
645 3581 801 3640 caput
832 3571 1214 3640 intergenua,
1245 3577 1302 3623 et
1345 3569 1577 3637 seipsum
1617 3582 1737 3620 cum
1786 3579 1977 3634 magno

399 3664 600 3717 ardore
623 3662 930 3716 incenderet
955 3703 970 3726 ,
999 3662 1069 3715 ita
1102 3660 1352 3715 fundebat
1395 3674 1578 3728 preces
1605 3658 1696 3728 (5.
1728 3658 1852 3729 Reg.
1887 3658 1972 3712 18.

398 3757 472 3810 42
496 3756 534 3824 ).
559 3755 612 3810 Si
647 3755 721 3809 vis
761 3763 934 3808 autem
981 3768 1099 3806 eum
1129 3752 1286 3806 etiam
1313 3751 1494 3805 videre
1522 3759 1722 3804 rectum
1750 3757 1974 3802 stantem

401 3847 454 3899 in
489 3845 750 3905 oratione,
782 3843 900 3896 vide
926 3859 1045 3896 eum
1075 3855 1255 3895 rursus
1279 3853 1552 3895 extensum
1582 3853 1746 3908 usque
1783 3838 1848 3892 ad
1877 3854 1975 3893 ca:-

402 3939 608 4003 lum,et
639 3937 706 3989 ita
734 3945 1010 3990 extensum
1036 3944 1090 3988 ut
1117 3934 1274 3988 etiam
1305 3933 1475 4003 ignem
1510 3946 1540 3987 c
1567 3932 1701 3986 caelo
1729 3931 1980 3999 dejicerct

399 4027 570 4095 (Ibid.
613 4043 659 4079 v.
692 4023 921 4096 36-58).
956 4024 1028 4079 Ita
1075 4024 1233 4078 etiam
1264 4021 1476 4093 quando
1519 4021 1682 4074 voluit
1721 4022 1980 4076 suscitare

402 4119 576 4171 filium
605 4116 775 4170 vidua:
799 4157 813 4181 ,
853 4132 973 4170 cum
1002 4123 1166 4170 totum
1211 4114 1446 4184 seipsum
1477 4112 1832 4182 expandisset,
1861 4128 1976 4167 eam

399 4215 574 4269 edidit
604 4215 1051 4269 resurrectionem
1073 4255 1090 4280 ,
1137 4229 1244 4268 non
1282 4212 1479 4267 fractus
1504 4252 1519 4276 ,
1548 4227 1720 4281 neque
1747 4211 1980 4266 oscitans

399 4310 545 4363 sicut
581 4321 699 4374 nos,
740 4307 833 4362 scd
863 4308 1024 4362 animi
1071 4307 1123 4361 in
1165 4305 1368 4360 orando
1408 4306 1680 4360 alacritate
1733 4304 1978 4358 incensus

401 4401 503 4468 (5.
540 4401 664 4470 Reg.
695 4400 781 4454 17.
829 4398 1070 4469 Iit-22).
1114 4397 1249 4467 Quid
1289 4408 1463 4453 autem
1510 4399 1628 4454 dico
1672 4398 1871 4452 Heliam
1925 4407 1980 4452 et

399 4501 620 4547 sanctos
648 4491 802 4545 illos?

479 4582 721 4636 Mulieres
765 4580 996 4651 quadam
1029 4597 1145 4635 cum
1182 4581 1416 4653 lacrumis
1460 4581 1710 4649 precando
1741 4621 1755 4646 ,
1807 4587 1978 4647 optata

401 4677 709 4743 impetrant;
745 4671 878 4726 Ister
903 4689 990 4726 seu
1020 4671 1281 4726 Danubius
1329 4687 1463 4740 scepe
1503 4671 1662 4742 glaeie
1689 4669 1975 4724 concrescit.

399 4794 477 4806 —-
499 4765 622 4818 'Vidi
649 4777 792 4832 saepe
819 4763 1067 4818 mulieres
1091 4771 1309 4831 propter
1330 4761 1501 4815 virum
1551 4761 1978 4830 peregrinantem

401 4866 459 4910 et
482 4856 736 4909 infantem
786 4863 1134 4924 a‘grotantem
1161 4853 1230 4908 ita
1260 4852 1325 4906 de
1350 4852 1624 4922 profundis
1648 4861 1860 4907 orantes
1879 4892 1892 4915 ,
1925 4859 1981 4906 et

405 4956 585 4999 tantos
612 4945 786 5000 fontes
808 4946 1158 5014 lacrymarum
1184 4944 1506 5008 emittentes,
1539 4952 1595 4997 ut
1625 4943 1836 4997 tandem
1867 4943 1977 4998 voti

405 5037 494 5090 sui
521 5045 702 5090 essent
735 5042 1032 5105 compotes.
1076 5035 1129 5090 Si
1159 5043 1336 5088 autem
1380 5033 1630 5088 mulieres
1671 5035 1740 5088 ita
1769 5033 1977 5088 inflam-

405 5140 628 5181 mantur
657 5127 708 5180 in
751 5125 1081 5180 orationibus
1116 5139 1212 5194 pro
1240 5125 1355 5178 viro
1392 5133 1445 5179 et
1487 5123 1706 5190 infante,
1736 5139 1980 5194 quaenam

404 5217 528 5271 viro
556 5217 706 5270 venia
754 5216 984 5280 dabitur,
1029 5215 1118 5285 qui
1163 5215 1338 5269 anima
1379 5223 1551 5269 morte
1581 5214 1766 5268 aﬂ'ecta
1806 5214 1981 5268 mollis

402 5315 569 5362 estet
598 5305 907 5376 languidus?
934 5305 1069 5359 Hinc
1101 5306 1275 5373 itaque
1321 5303 1397 5367 fit,
1436 5313 1492 5357 ut
1527 5319 1647 5357 cum
1687 5312 1828 5371 scepe
1855 5317 1980 5357 ore-

405 5412 553 5461 mus,
583 5412 767 5450 rursus
797 5397 984 5449 inanes
1012 5404 1358 5448 revertamur.
1381 5394 1512 5449 Audi
1533 5394 1800 5464 quomodo
1821 5395 1978 5448 Anna

405 5488 602 5542 orabat
633 5488 700 5542 de
754 5486 1058 5556 profundis,
1087 5485 1380 5554 cujusmodi
1413 5485 1583 5540 fontes
1629 5485 1980 5555 lacrymarum

401 5581 720 5646 emittebat,
763 5578 1028 5648 quomodo
1079 5592 1173 5646 per
1220 5578 1509 5632 orationem
1559 5577 1880 5632 evehebatur
1927 5577 1980 5632 in

401 5670 638 5728 Sublime
665 5673 739 5740 (1.
770 5671 896 5742 Reg.
943 5671 993 5724 i.
1041 5671 1124 5725 10.
1161 5667 1270 5740 Η).
1307 5670 1405 5738 Qui
1443 5673 1583 5726 enim
1615 5673 1684 5726 ita
1713 5682 1977 5742 precatur,

408 5761 578 5817 etiam
621 5774 902 5834 antequam
933 5771 1288 5830 consequatur
1308 5759 1451 5830 quod
1473 5765 1735 5832 postulat.
1761 5780 1825 5821 ex
1854 5779 1977 5821 ora-

1491 369 1846 427 EXI‘OSITIO
1888 367 1950 422 ΙΝ
1994 365 2313 422 νδελωιωι
2352 365 2589 421 CXXIX.

3545 368 3644 422 576

2080 480 2220 536 tione
2247 496 2432 548 magna
2462 482 2598 534 bona
2628 479 2870 550 percipit,
2892 494 3080 534 omnes
3109 480 3266 533 animi
3295 480 3643 549 perturbatio-

2075 587 2170 625 nes
2216 571 2532 640 reprimens,
2583 571 2714 624 iram
2758 569 2989 633 sedans,
3039 569 3288 622 invidiam
3331 569 3642 638 expellens,

2073 662 2409 730 cupiditatem
2439 660 2813 728 exstinguens,
2857 675 3032 713 rerum
3062 659 3128 710 ad
3175 659 3334 713 vitam
3371 660 3644 728 pertinen-

2077 753 2207 806 tium
2251 766 2486 807 amorem
2524 751 2818 804 diminuens
2865 759 2919 804 et
2962 750 3271 810 exsiccans,
3309 749 3542 804 animum
3591 751 3645 805 in

2074 857 2265 911 magna
2312 841 2688 910 tranquillitate
2729 841 3078 901 constituens,
3110 840 3163 893 in
3195 839 3365 909 ipsum
3418 839 3647 908 denique

2073 934 2264 988 cadum
2313 931 2629 986 ascendens.
2659 929 3115 997 Quemadmodum
3147 931 3288 984 enim
3336 930 3513 1000 pluvia
3544 931 3645 984 du—

2073 1041 2187 1079 ram
2219 1033 2414 1078 terram
2441 1063 2457 1087 ,
2486 1023 2538 1075 in
2569 1037 2729 1090 quam
2761 1021 2977 1083 decidit,
3009 1021 3090 1074 vel
3137 1021 3269 1089 ignis
3296 1021 3493 1075 ferrum
3521 1020 3645 1076 mol-

2074 1117 2134 1171 lit
2165 1135 2176 1170 :
2210 1117 2280 1171 ita
2308 1116 2449 1168 vitiis
2477 1114 2781 1168 induratum
2807 1114 3040 1168 animum
3085 1114 3204 1168 talis
3242 1113 3416 1167 oratio
3444 1123 3498 1170 et
3524 1114 3645 1182 igne

2074 1205 2460 1268 vehementius,
2488 1213 2542 1259 et
2569 1205 2846 1274 plusquam
2877 1205 3049 1272 pluvia
3074 1205 3242 1258 mollit
3271 1213 3323 1258 et
3352 1205 3642 1259 humectat.

2072 1296 2166 1350 Est
2195 1295 2334 1348 enim
2365 1295 2538 1348 anima
2565 1305 2749 1350 tenera
2780 1304 2832 1348 et
2873 1293 2937 1347 ad
2971 1293 3272 1362 fingendum
3305 1295 3475 1349 facilis
3508 1313 3520 1349 :
3551 1296 3641 1348 sed

2072 1385 2210 1454 quod
2251 1384 2368 1438 Istri
2402 1399 2551 1454 aqua:
2603 1399 2743 1452 stepe
2785 1384 2984 1450 evenit,
3036 1393 3091 1438 ut
3116 1385 3282 1454 glaeie
3309 1397 3641 1450 concrescat,

2073 1478 2121 1530 id
2151 1479 2309 1530 etiam
2354 1489 2548 1530 nostrae
2569 1477 2761 1530 accidit
2794 1477 3004 1541 animae,
3062 1486 3120 1530 ut
3160 1493 3189 1531 a
3233 1489 3454 1548 peccato
3481 1487 3535 1532 et
3555 1489 3644 1532 so-

2071 1567 2248 1621 eordia
2299 1567 2604 1622 indurescat
2655 1579 2706 1622 et
2745 1568 3052 1636 lapidescat.
3097 1569 3284 1637 Magno
3326 1584 3453 1638 ergo
3495 1568 3644 1622 nobis

2071 1659 2247 1712 calore
2272 1673 2406 1727 opus
2427 1667 2526 1722 est,
2557 1665 2614 1712 ut
2639 1659 2780 1728 quod
2806 1659 2992 1712 durum
3018 1668 3098 1713 est
3119 1658 3378 1712 emolliat.
3409 1659 3519 1712 llue
3548 1674 3644 1712 au-

2073 1758 2177 1804 tem
2225 1751 2453 1803 maxime
2494 1749 2656 1803 efficit
2693 1751 2880 1804 oratio.
2929 1751 3151 1816 Quando
3181 1765 3307 1820 ergo
3348 1753 3639 1806 orati0nem

2069 1839 2393 1910 aggrederis,
2425 1855 2491 1893 ne
2524 1839 2623 1894 hoc
2652 1840 2823 1894 solum
2853 1855 3060 1908 qmeras
3092 1840 3312 1909 utquod
3344 1842 3478 1909 petis
3495 1843 3634 1895 acci-

2072 1933 2228 2002 pias:
2261 1931 2354 1986 sed
2384 1931 2542 1986 etiam
2585 1941 2643 1986 ut
2690 1933 2740 1985 in
2775 1932 2885 2000 ipsa
2931 1933 3173 1986 oratione
3222 1933 3453 1986 animam
3501 1941 3641 1986 tuam

2072 2023 2343 2077 meliorem
2371 2022 2589 2078 efficias.
2621 2022 2749 2075 Nam
2781 2021 2882 2076 hoc
2902 2037 3110 2091 quoque
3133 2031 3214 2076 est
3242 2039 3432 2076 munus
3452 2023 3645 2077 oratio-

2072 2113 2174 2168 nis.
2194 2113 2293 2180 Qui
2325 2115 2392 2166 ita
2423 2122 2559 2178 orat,
2586 2114 2643 2166 fit
2674 2113 2737 2166 iis
2763 2128 2881 2182 qua:
2911 2112 2974 2167 ad
3003 2112 3141 2166 hanc
3169 2114 3327 2167 vitam
3350 2113 3638 2182 pertinent,

2071 2205 2330 2275 superior,
2350 2215 2525 2259 mente
2545 2204 2834 2270 extollitur,
2853 2205 3024 2258 levem
3051 2204 3223 2257 reddit
3241 2205 3636 2274 cogitationem,

2073 2298 2214 2352 nulla
2268 2298 2663 2366 perturbatione
2709 2298 2871 2351 animi
2913 2296 3215 2365 impeditur.
3265 2295 3341 2350 De
3381 2297 3644 2367 profundis

2071 2389 2283 2442 clamavi
2321 2387 2389 2441 ad
2415 2398 2494 2454 te,
2524 2387 2756 2441 Domine.
2790 2388 2902 2442 Duo
2948 2387 3034 2441 hic
3059 2387 3230 2457 ponit,
3262 2396 3318 2441 et
3366 2385 3515 2450 illud,
3567 2386 3643 2440 De

2073 2478 2361 2547 profundis,
2393 2487 2446 2534 et
2471 2477 2590 2541 hoc,
2613 2478 2927 2533 clamavisse
2961 2495 2973 2532 :
3005 2479 3297 2532 clamorem
3327 2494 3432 2530 non
3465 2477 3645 2531 dicens

2075 2578 2256 2623 tonum
2286 2568 2449 2634 vocis,
2482 2568 2574 2624 sed
2615 2569 2951 2624 affectionem
2995 2568 3176 2623 animi.
3207 2568 3437 2633 Domine,
3465 2568 3645 2622 exaudi

2074 2676 2242 2715 vocem
2292 2677 2472 2714 meam.
2506 2660 2640 2714 Hinc
2680 2660 2784 2714 duo
2813 2659 3085 2724 discimus,
3127 2674 3318 2728 nempe
3346 2672 3444 2714 nos
3471 2673 3502 2713 a
3537 2659 3648 2714 Deo

2085 2752 2329 2823 absolute
2358 2751 2646 2820 impetrare
2669 2765 2772 2805 non
2795 2765 2970 2820 posse,
2993 2751 3090 2803 nisi
3120 2758 3298 2803 nostra
3320 2763 3530 2818 quoque
3555 2749 3648 2803 ad-

2077 2843 2275 2898 fuerint
2303 2862 2316 2898 :
2348 2845 2596 2914 quocirca
2630 2843 2773 2913 prius
2812 2844 2959 2908 dicit,
2999 2842 3079 2896 De
3105 2843 3373 2912 profundis
3409 2840 3644 2907 clamavi,

2077 2946 2131 2992 et
2158 2945 2304 3003 tunc,
2336 2936 2540 2990 Exaudi
2570 2934 2807 3000 ;deinde
2834 2935 3128 2988 orationem
3159 2933 3442 2995 intonsam,
3486 2930 3645 2986 vehe-

2079 3038 2332 3091 mentem,
2364 3035 2416 3081 et
2447 3026 2656 3096 plenam
2687 3026 2934 3096 lacrymis
2963 3023 3408 3093 compunctionis,
3429 3036 3647 3092 magnas

2080 3119 2276 3173 habere
2307 3117 2447 3171 vires
2489 3116 2596 3169 Deo
2623 3114 2994 3184 persuadendi,
3046 3124 3104 3168 ut
3144 3114 3206 3168 iis
3234 3129 3353 3183 qua:
3401 3112 3648 3168 dicuntur

2078 3215 2294 3263 annuat.
2321 3207 2608 3278 Tamquam
2638 3206 2780 3260 enim
2807 3219 3053 3273 magnum
3084 3211 3136 3257 et
3173 3203 3482 3273 pneclarum
3521 3203 3645 3271 quid

2079 3298 2312 3363 fecisset,
2362 3304 2419 3351 et
2470 3305 2650 3365 partes
2693 3308 2817 3348 suas
2873 3294 3163 3362 implesset,
3221 3293 3289 3346 ita
3339 3292 3644 3362 subiunxit:

2079 3388 2312 3454 Domine,
2335 3387 2520 3441 exaudi
2541 3402 2706 3440 vocem
2729 3401 2906 3438 meam.
2930 3386 2984 3441 ἂ.
3011 3383 3160 3438 Fiant
3188 3401 3332 3438 aures
3359 3395 3460 3437 tua:
3483 3384 3642 3438 inten-

2079 3480 2248 3533 dentes
2290 3479 2342 3532 in
2381 3494 2546 3532 vocem
2599 3478 2963 3547 deprecationis
3002 3492 3148 3531 ntea'.
3197 3478 3365 3532 Aures
3391 3475 3520 3531 dicit
3559 3491 3651 3530 an-

2077 3572 2253 3628 diendi
2280 3571 2575 3626 facultatem
2603 3589 2617 3625 :
2643 3581 2696 3626 et
2721 3586 2905 3626 rursus
2928 3585 3111 3626 vocem
3155 3587 3260 3625 non
3292 3571 3647 3626 intensionom

2082 3665 2322 3732 spiritus,
2353 3678 2452 3718 nec
2479 3663 2767 3719 clamorem
2809 3664 3130 3734 significans,
3162 3664 3254 3719 sed
3287 3664 3548 3719 intensam
3575 3664 3646 3716 af.

2080 3756 2384 3811 fectionem.
2424 3755 2478 3809 ὅ.
2508 3754 2568 3809 Si
2597 3755 2881 3823 iniquitates
2909 3755 3260 3820 observaveris,
3283 3753 3516 3819 Domine,
3546 3753 3650 3808 Do-

2080 3847 2232 3911 mine,
2258 3846 2367 3913 quis
2395 3845 2693 3900 sustinebit?
2720 3844 2796 3899 Ne
2823 3845 2942 3914 quis
2968 3846 3107 3900 enim
3134 3845 3294 3911 dicat,
3317 3845 3442 3900 Sum
3467 3858 3651 3913 pecca-

2083 3949 2200 4003 tor,
2231 3949 2284 3993 et
2326 3938 2511 4007 plenus
2565 3939 2716 3992 malis
2763 3937 3256 4003 innumerabilibus,
3303 3951 3408 3991 non
3436 3949 3650 4005 possunt

2082 4031 2358 4096 accedere,
2411 4047 2584 4094 orare,
2631 4040 2686 4084 et
2729 4029 2892 4082 Deum
2951 4031 3220 4094 invocare,
3268 4028 3405 4082 hanc
3460 4027 3652 4082 tollens

2083 4123 2504 4188 excusationem,
2531 4121 2590 4176 Si
2617 4121 2905 4188 iniquitates
2943 4119 3296 4184 observaveris,
3327 4119 3514 4188 inquit,
3543 4119 3652 4172 Do-

2083 4215 2233 4278 mine,
2264 4213 2494 4278 Domine,
2535 4213 2645 4282 quis
2680 4210 2976 4266 sustinebit?
3002 4210 3132 4264 Nam
3181 4209 3330 4273 illud,
3367 4210 3511 4274 Quis,
3564 4211 3648 4264 hic

2083 4305 2258 4360 nullus
2279 4313 2381 4360 est.
2410 4304 2591 4373 Neque
2615 4302 2755 4357 enim
2793 4300 2905 4355 ﬁeri
2935 4309 3127 4369 potest,
3156 4309 3212 4354 ut
3237 4301 3279 4355 si
3327 4316 3504 4356 rerum
3530 4314 3560 4355 s
3597 4317 3656 4356 se

2080 4406 2348 4466 gestarum
2375 4410 2584 4450 summo
2610 4395 2729 4463 jure
2754 4393 2822 4448 ab
2867 4392 2971 4446 ullo
2999 4390 3238 4460 exigatur
3286 4395 3441 4458 ratio,
3489 4393 3652 4462 possit

2081 4503 2330 4558 umquam
2365 4486 2780 4542 misericordiam
2822 4493 2876 4540 et
2903 4486 3236 4542 clementiam
3263 4485 3532 4555 consequi.

2149 4581 2204 4635 2.
2237 4580 2362 4635 Haec
2381 4589 2557 4634 autem
2587 4578 2832 4644 dicimus,
2859 4595 2964 4634 non
2994 4579 3331 4649 impellentes
3348 4579 3558 4633 animos
3591 4582 3643 4632 in

2082 4669 2400 4737 socordiam,
2423 4669 2518 4725 sed
2539 4683 2633 4724 eos
2654 4671 3013 4736 consolantes,
3038 4671 3126 4740 qui
3154 4669 3350 4725 cadunt
3380 4670 3431 4724 in
3457 4670 3646 4738 despe-

2082 4763 2364 4818 rationem.
2416 4760 2541 4826 Quis
2578 4761 2708 4814 enim
2751 4760 3144 4832 gloriabitur.“
3184 4762 3428 4815 mundum
3475 4761 3654 4814 habere

2083 4869 2192 4916 cor,
2222 4862 2309 4905 aut
2337 4854 2448 4922 quis
2473 4851 2779 4919 conﬁdenter
2805 4852 2932 4907 dicet
2969 4869 3023 4906 se
3061 4869 3168 4907 esse
3183 4870 3364 4924 purum
3389 4868 3419 4905 α
3441 4854 3654 4921 peccatis

2084 4944 2264 5017 (Prov.
2294 4943 2383 5008 9.0,
2414 4943 2507 5012 9)?
2549 4944 2615 4998 Et
2636 4943 2761 5013 quid
2791 4944 2909 4998 dico
2929 4944 3102 4998 alios?
3125 4943 3254 5000 Nam
3284 4943 3492 4997 etiamsi
3516 4941 3654 5002 Pana

2084 5037 2190 5091 lum
2219 5038 2274 5091 in
2303 5036 2535 5091 medium
2577 5036 2869 5102 adduxere,
2895 5047 2949 5091 et
2974 5032 3159 5089 eorum
3189 5050 3308 5105 quae
3338 5033 3461 5087 fecit
3489 5034 3654 5086 ratio—

2089 5145 2210 5184 nem
2237 5144 2448 5182 summo
2471 5128 2589 5198 jure
2618 5143 2870 5197 exegero,
2917 5142 2986 5181 ne
3014 5126 3203 5195 poterit
3233 5123 3444 5193 quidem
3491 5122 3653 5177 susti-

2084 5235 2231 5273 nere.
2263 5216 2398 5286 Quid
2427 5217 2567 5271 enim
2595 5218 2790 5286 poterit
2816 5213 3037 5269 dicere?
3081 5215 3369 5280 Prophetas
3399 5211 3545 5282 legit,
3594 5223 3652 5266 ut

2089 5312 2176 5381 qui
2203 5311 2335 5380 legis
2369 5310 2552 5378 patriae
2578 5317 2724 5363 esset
2749 5308 2974 5376 diligens
2999 5306 3274 5360 aemulator
3306 5322 3320 5358 :
3347 5304 3496 5374 signa
3523 5303 3651 5357 vidit

2085 5416 2204 5470 quae
2257 5399 2474 5462 ﬁebant,
2514 5407 2569 5453 et
2614 5407 2788 5452 tamen
2838 5397 3085 5451 manebat
3134 5403 3484 5465 persequutor
3511 5411 3526 5446 :
3558 5409 3656 5450 nec

2084 5493 2232 5562 prius
2269 5489 2470 5544 destitit
2493 5505 2650 5558 quam
2674 5487 3036 5542 admirabilem
3075 5486 3218 5541 illam
3255 5485 3510 5542 visionem
3537 5501 3656 5542 suo.

2084 5583 2266 5651 cepit,
2317 5589 2370 5636 et
2413 5595 2600 5634 vocem
2641 5579 2840 5633 audivit
2895 5577 3227 5633 terribilem:
3277 5589 3432 5634 antea
3479 5587 3653 5635 autem

2085 5673 2280 5728 mansit
2322 5670 2498 5726 omnia
2551 5683 2756 5749 susque
2778 5668 2951 5738 deque
2998 5670 3323 5738 permiscens
3350 5678 3406 5726 et
3431 5667 3654 5738 confun-

2085 5762 2232 5819 dens.
2261 5761 2367 5817 iliis
2394 5769 2568 5817 tamen
2591 5760 2833 5816 omnibus
2865 5761 3233 5831 praetermissis
3261 5761 3396 5817 Deus
3421 5771 3473 5816 et
3500 5773 3654 5815 voca-
