4088 6274
416 343 529 397 ³575

423 462 518 526 vit,
545 470 594 514 et
617 473 802 527 magna
824 457 989 526 gratia
1007 455 1230 525 dignum
1256 456 1482 510 censuit.
1515 455 1651 522 Quid
1680 469 1808 508 vero
1836 468 1995 522 cory-

423 553 631 620 pineum
653 551 796 603 illum
826 548 1080 602 Petrum?
1103 561 1209 601 non
1238 555 1352 614 post
1370 544 1768 599 innumerabilia
1789 545 1934 612 signa
1947 550 2000 596 et

425 642 710 705 miracula,
751 649 1056 709 tantamque
1111 639 1526 692 admonitionem
1571 645 1627 692 et
1672 634 1998 690 exhortatio-

423 748 566 797 nem,
586 731 757 800 arguit
776 730 825 784 in
856 731 1221 800 gravissimum
1242 730 1387 784 illum
1414 729 1617 798 lapsum
1635 726 1924 783 cecidisse?
1942 724 2000 780 ll-

424 825 512 876 lint
541 834 715 878 tamen
744 823 1101 891 przctermisit,
1130 831 1185 876 et
1211 822 1573 891 apostolorum
1609 835 1730 875 eum
1771 819 1998 889 primum

423 929 486 968 eo
510 915 716 968 astituit.
751 915 814 968 Et
852 914 972 968 ideo
991 913 1122 967 dixit
1148 931 1162 965 :
1188 913 1387 978 Simon,
1421 911 1622 975 Simon,
1644 927 1754 964 ecce
1771 909 2001 979 expetivit

428 1019 634 1061 satanas
666 1008 885 1061 cribrare
909 1017 956 1060 te
977 1017 1228 1078 tamquam
1259 1007 1476 1058 triticum
1507 1021 1524 1058 :
1554 1020 1646 1074 ego
1671 1014 1836 1056 autem
1864 1001 2003 1055 oravi

424 1117 515 1168 pro
537 1110 605 1162 te,
631 1117 691 1153 ne
712 1099 914 1168 deﬁciat
929 1098 1052 1167 ﬁdes
1075 1108 1160 1151 tua
1181 1096 1332 1164 (Luc.
1354 1097 1442 1150 22.
1460 1098 1544 1152 51.
1567 1095 1678 1165 52).
1700 1095 1863 1149 Porro
1885 1100 2004 1162 post

427 1194 756 1260 Inccqnoque
776 1191 818 1243 si
841 1204 942 1243 non
960 1203 1077 1243 cum
1096 1188 1453 1242 misericordia
1471 1186 1813 1242 etclemcntia
1829 1187 2004 1238 veniat

424 1280 489 1334 ad
513 1280 880 1349 judicandum,
911 1281 1004 1335 sed
1019 1277 1824 1346 rationemsummojureexigat,
1850 1276 2003 1344 plane

429 1373 660 1426 inveniet
707 1387 895 1426 omnes
932 1385 1056 1426 reos
1093 1381 1148 1426 et
1175 1371 1453 1426 obnoxios.
1510 1370 1769 1436 Quocirca
1799 1369 1992 1423 Paulus

431 1478 642 1532 quoque
667 1463 876 1517 dicebat
905 1479 918 1515 :
964 1460 1114 1515 Nihil
1139 1462 1261 1514 milii
1287 1461 1517 1514 conscius
1539 1476 1672 1516 sum.
1706 1459 1793 1512 sed
1818 1475 1919 1512 non
1949 1459 2002 1512 in

433 1557 526 1606 hoc
542 1555 852 1623 justi/icatus
879 1566 989 1607 sum
1016 1553 1034 1621 (
1063 1554 1111 1606 l.
1141 1552 1258 1606 Cor.
1281 1553 1334 1606 4.
1386 1551 1463 1623 4).
1490 1550 1548 1606 Si
1587 1551 1868 1619 iniquitates
1917 1549 2004 1602 ob-

425 1649 730 1710 servaveris,
779 1647 1025 1713 Domine,
1066 1646 1297 1700 Domine.
1333 1644 1598 1713 Repetitio
1647 1652 1730 1696 est
1775 1658 1878 1696 non
1929 1651 2006 1696 te-

426 1755 592 1800 mere,
626 1755 722 1792 nec
753 1740 848 1792 abs
897 1754 974 1803 re,
1007 1737 1100 1791 sed
1128 1737 1440 1790 admirantis
1485 1745 1539 1789 et
1576 1735 1837 1801 stupentis
1871 1733 2003 1787 insi-

425 1846 580 1899 gnem
611 1831 725 1898 ejus
755 1829 1117 1894 clementiam,
1149 1837 1202 1882 et
1243 1827 1502 1880 infinitam
1555 1825 1910 1894 majestatem,
1951 1832 2005 1877 et

430 1931 633 1972 vastum
691 1919 908 1988 pelagus
954 1918 1070 1986 ejus
1099 1918 1350 1971 bonitatis
1383 1916 1479 1987 (a).
1535 1916 1659 1984 Quis
1703 1915 2004 1970 sustinebit!

429 2010 540 2063 Non
563 2010 712 2070 dixit,
745 2009 874 2076 Quis
900 2008 1154 2079 effugiet?
1196 2009 1310 2074 sed,
1351 2007 1476 2075 Quis
1519 2005 2004 2076 sustinebitisigni-

428 2105 590 2155 ticans
619 2101 756 2170 quod
796 2116 892 2154 nec
921 2111 1064 2155 Stare
1094 2099 1308 2168 quidem
1352 2099 1562 2167 poterit.
1606 2099 1658 2152 4.
1707 2097 1839 2164 Quia
1865 2100 2004 2165 apud

427 2202 473 2242 te
499 2192 786 2262 propitiatio
810 2202 897 2245 est.
921 2191 1055 2257 Quid
1081 2199 1181 2256 est,
1206 2190 1355 2260 Apud
1383 2199 1428 2242 te
1450 2190 1738 2260 propitiatio
1759 2201 1828 2244 est
1848 2191 1873 2242 .9
1889 2189 2002 2246 Non

428 2288 478 2338 in
528 2284 743 2349 nostris,
794 2284 985 2354 inquit,
1019 2291 1163 2337 recte
1193 2282 1382 2346 factis,
1415 2281 1510 2336 sed
1535 2281 1588 2336 in
1635 2291 1723 2336 tua
1769 2282 2003 2336 bonitate

426 2376 551 2429 licet
601 2375 833 2444 effugere
859 2374 1198 2443 supplicium.
1228 2371 1298 2427 Ut
1331 2371 1587 2442 judicium
1619 2373 1760 2426 enim
1787 2373 2001 2443 effugia-

427 2481 566 2531 tnus,
618 2467 668 2518 iu
702 2475 789 2518 tua
834 2465 1116 2519 clementia
1148 2464 1308 2517 situm
1349 2473 1450 2518 est.
1479 2463 1630 2530 Quod
1675 2464 1719 2518 si
1749 2479 1864 2518 eam
1895 2480 2000 2519 non

428 2557 681 2611 fuerimus
707 2557 997 2626 assequuti,
1032 2565 1210 2610 nostra
1242 2570 1348 2610 non
1396 2555 1663 2611 sufliciunt
1702 2557 1766 2612 ad
1800 2571 1897 2611 nos
1935 2557 2002 2611 ab

427 2648 500 2701 ira
535 2648 702 2702 futura
721 2647 1039 2716 eripiendos.

498 2741 550 2794 5.
594 2741 704 2797 lloc
745 2743 904 2795 etiam
937 2756 1030 2810 per
1062 2739 1370 2811 prophetam
1417 2740 1719 2810 significans
1747 2741 1955 2796 dicebat
1986 2759 1997 2794 :

433 2830 542 2901 ligo
567 2849 676 2886 sum
715 2833 799 2898 qui
845 2832 984 2886 deleo
1027 2832 1310 2902 iniquitates
1345 2841 1458 2886 tuas
1490 2831 1663 2900 (Isai.
1682 2834 1767 2886 43.
1799 2831 1921 2902 25).
1946 2833 2000 2888 ld

425 2934 535 2990 est,
571 2924 678 2978 lloc
705 2933 782 2977 cst
823 2939 1019 2983 meum,
1063 2936 1193 2976 mea:
1220 2921 1490 2986 bonitatis,
1526 2936 1659 2976 mea:
1684 2921 1998 2976 clementi-.e.

425 3016 554 3069 Nam
603 3031 719 3084 qua:
752 3024 836 3068 tua
863 3021 1005 3078 sunt,
1038 3028 1140 3066 non
1181 3011 1451 3066 sufficiunt
1502 3026 1747 3080 umquam
1781 3023 1835 3065 ut
1863 3020 1912 3066 te
1943 3012 2004 3066 Ii-

428 3107 612 3160 berent
665 3121 691 3158 a
744 3105 1019 3174 supplicio,
1075 3103 1172 3157 nisi
1213 3117 1326 3158 mea
1355 3103 1568 3158 accedat
1608 3101 1906 3157 clementia.
1939 3102 2005 3156 Et

430 3212 628 3258 rursus,
665 3195 773 3265 Ego
796 3212 877 3248 vos
891 3195 1127 3249 sustineo.
1163 3191 1382 3262 PrOpter
1411 3209 1588 3246 nomen
1623 3202 1761 3245 tuum
1787 3193 2004 3246 sustinui

427 3300 508 3354 te,
563 3287 793 3343 Domine.
854 3288 1103 3343 Sustinuit
1148 3288 1317 3340 anima
1366 3302 1475 3338 mea
1514 3287 1564 3339 in
1609 3284 1808 3339 verbum
1864 3295 2004 3338 tuum

435 3383 456 3447 (-
482 3378 605 3432 Isai.
636 3379 726 3432 46.
771 3379 866 3448 4).
924 3378 980 3432 5.
1027 3377 1261 3447 Speravit
1289 3376 1457 3429 anima
1506 3392 1617 3430 mea
1666 3376 1718 3429 in
1763 3375 1999 3430 Domino.

427 3471 594 3536 Alius,
639 3469 856 3536 Propter
899 3469 1056 3538 legem
1098 3478 1258 3524 luant.
1291 3468 1437 3522 Alius
1481 3481 1683 3534 rursus,
1716 3465 1781 3521 Ut
1819 3483 2003 3536 cogno-

427 3572 594 3614 scatur
631 3559 830 3613 verbum
869 3569 1010 3612 tuum
1052 3557 1149 3627 (ὁ).
1195 3558 1344 3625 Quod
1371 3567 1544 3612 autem
1572 3559 1716 3624 dicit,
1746 3567 1827 3612 est
1855 3559 1999 3626 ejus-

429 3654 591 3708 modi.
654 3653 872 3722 Propter
910 3652 1264 3715 clementiam,
1317 3661 1530 3720 propter
1577 3666 1768 3704 nomen
1812 3659 1956 3704 tutnn
1983 3693 1998 3717 ,

427 3752 642 3814 promer
686 3743 853 3814 legem
888 3750 1029 3796 tuam
1060 3741 1358 3810 exapectavi
1397 3740 1619 3794 salutem
1647 3759 1659 3794 :
1685 3756 1803 3794 nam
1858 3742 1900 3794 si
1935 3741 1998 3793 ad

431 3852 544 3889 mea
569 3835 940 3904 respexiSsem,
959 3833 1068 3902 jam
1089 3833 1214 3886 olim
1232 3831 1617 3901 desperassem,
1639 3831 1766 3885 olim
1788 3847 1999 3886 onutem

430 3926 672 3980 tiduciam
699 3925 1012 3993 abjecissem
1042 3940 1054 3976 :
1079 3937 1220 3976 nunc
1238 3933 1416 3976 autem
1441 3922 1607 3992 legem
1645 3931 1784 3976 tuam
1809 3932 1859 3976 et
1884 3937 2002 3976 ver-

429 4017 552 4070 bum
584 4025 728 4070 tunm
745 4014 1045 4080 attendens,
1066 4015 1258 4069 bonam
1279 4029 1425 4083 spem
1443 4013 1703 4083 concipio.
1726 4013 2000 4080 Quodnam

429 4106 686 4161 verbum?
711 4106 938 4161 Verbum
968 4107 1296 4170 clementiae;
1320 4105 1432 4173 ipse
1457 4103 1597 4159 enim
1621 4113 1704 4158 est
1722 4106 1808 4174 qui
1834 4105 1996 4159 dicit:

434 4197 689 4265 Quantum
707 4198 859 4251 distat
885 4197 1061 4252 cwlum
1083 4213 1114 4250 a
1153 4207 1306 4261 terra,
1337 4204 1529 4248 tantum
1566 4195 1753 4249 distant
1794 4197 2001 4249 consilia

429 4305 538 4342 mea
589 4304 620 4340 a
657 4289 864 4342 consilio
899 4297 1078 4354 vestro,
1109 4295 1154 4340 et
1180 4287 1272 4339 vite
1313 4300 1438 4340 mete
1462 4301 1491 4336 a
1515 4285 1606 4338 viis
1635 4285 1806 4338 vestris
1833 4283 1998 4354 (Isai.

427 4379 516 4434 b9.
546 4377 639 4447 9).
667 4377 734 4430 Et
759 4392 942 4431 rursus
971 4395 986 4431 :
1017 4376 1306 4431 Secundum
1325 4375 1636 4429 altitudinem
1665 4375 1774 4428 caeli
1811 4392 1842 4426 a
1869 4385 2001 4428 terra

429 4470 743 4539 confirmavit
764 4468 1010 4522 Dominus
1029 4468 1420 4521 misericordiam
1440 4482 1582 4520 suam
1605 4481 1756 4534 super
1775 4467 2002 4519 timentes

427 4563 592 4630 ipsum
638 4557 820 4630 (Psaf.
869 4558 989 4612 102.
1020 4558 1146 4628 ll).
1175 4557 1242 4610 Et
1266 4572 1448 4611 rursus
1490 4573 1504 4609 :
1551 4556 1806 4618 Quantum
1852 4555 2001 4610 distat

428 4653 593 4705 oriens
633 4649 696 4702 ab
751 4665 952 4717 occasu,
979 4649 1172 4718 procul
1219 4648 1423 4701 removit
1470 4663 1502 4700 a
1532 4647 1673 4700 nobis
1719 4648 2001 4717 iniquitates

427 4751 622 4794 nostras
654 4737 826 4810 (Ibid.
860 4756 907 4792 v.
943 4738 1009 4792 12
1029 4736 1070 4810 ).
1103 4736 1214 4792 Hoc
1241 4746 1359 4802 est,
1387 4736 1500 4792 Non
1528 4752 1621 4792 eos
1649 4747 1850 4792 tantum
1881 4753 1998 4792 ser-

427 4832 543 4886 vavi
570 4831 657 4900 qui
683 4845 743 4886 se
770 4838 912 4884 recte
936 4836 1235 4899 gesserunt,
1263 4827 1356 4882 sed
1383 4829 1592 4897 peperci
1621 4828 1780 4882 etiam
1813 4843 2000 4897 pecca-

428 4922 650 4986 toribus,
695 4930 751 4975 et
801 4919 939 4974 inter
987 4918 1176 4973 delicta
1223 4930 1308 4971 tua
1344 4919 1692 4988 patrocinium
1717 4933 1914 4983 meum,
1947 4927 2002 4972 et

425 5031 584 5082 quam
615 5015 687 5068 tui
717 5029 896 5068 curam
925 5026 1074 5082 gero,
1127 5011 1354 5066 ostendi.
1386 5011 1532 5064 Alius
1575 5012 1762 5080 inquit,
1826 5010 1892 5065 Ut
1931 5013 2000 5066 sis

423 5101 1042 5172 terribilis(c),exspectavi
1067 5101 1358 5156 Dominum.
1382 5102 1655 5156 Terribilis
1680 5104 1763 5158 cui
1780 5103 1801 5156 ?
1819 5103 1999 5157 Inimi-

514 5243 561 5302 ιι)
591 5240 720 5297 Vox,
745 5237 978 5299 bonitatis,
999 5238 1142 5287 deest
1166 5236 1390 5302 in_Savil.,
1415 5236 1559 5284 male.

514 5243 561 5302 ιι)
591 5242 720 5297 Vox,
745 5242 978 5299 bonitatis,
999 5242 1142 5287 deest
1166 5242 1213 5284 in
1231 5242 1390 5292 Savil.,
1415 5242 1559 5284 male.

487 5242 559 5365 Et!)
593 5308 671 5350 Hm
695 5303 1120 5365 interpretationes
1141 5298 1322 5365 quinta;
1347 5306 1400 5346 et
1419 5306 1575 5347 sexta:
1607 5298 1870 5365 Fditionum
1889 5313 2001 5365 esse

426 5359 668 5413 videntur.
694 5371 803 5410 Nam
827 5359 889 5409 in
924 5359 1394 5421 ttexajdis’Aquilm,
1431 5361 1687 5421 symmaebi
1717 5366 1767 5408 et
1788 5361 2002 5408 Theodo-

427 5424 571 5476 tionis
593 5422 828 5473 lectiones
850 5420 1086 5470 habentur
1114 5423 1176 5469 ab
1209 5420 1283 5469 bis
1308 5420 1532 5469 diversae.
1559 5420 1680 5470 Vide
1704 5424 1751 5469 ia
1777 5421 2003 5483 chaplis

399 5491 407 5498 '
425 5486 621 5538 nostris

491 5554 558 5666 (ι’)
573 5556 919 5617 Hieronymus,
928 5571 1042 5630 eum
1061 5555 1130 5608 sis
1148 5555 1663 5628 terribilisﬁebraiee,
1678 5562 1821 5612 κἾῚΠ
1839 5541 2001 5634 ῙᾩὩι).

491 5631 534 5666 lu
561 5620 603 5666 la
625 5625 678 5666 et
697 5618 991 5666 Theodotus.
1019 5621 1175 5666 ἕνεκεν
1216 5637 1303 5666 τοο
1328 5622 1495 5666 ωόὅου.
1532 5619 1592 5666 ob
1633 5629 1829 5666 metm"-
1863 5625 2001 5666 Stim—

423 5617 603 5684 Aquila
625 5625 678 5668 et
697 5618 992 5684 '_l‘bcodotio,
1019 5621 1175 5669 ἕνεκεν
1216 5620 1303 5669 to?)
1328 5622 1495 5684 φρὅου,
1532 5619 1592 5669 ob
1633 5617 2005 5684 metutn.'Sym-

425 5681 657 5738 machus,
698 5679 763 5748 ξν.
807 5698 853 5728 τ.
897 5679 1073 5744 νόμον,
1113 5679 1540 5745 ρνεριεν’1εςιεηι,
1585 5695 1641 5731 ac
1681 5686 1724 5732 si
1771 5679 1998 5748 legisset,

423 5760 565 5818 nam
597 5741 758 5844 m5,
783 5777 876 5810 Lxx
902 5741 966 5812 ἓν.
992 5781 1036 5812 τ.
1063 5741 1310 5826 ὀνδμάτος,
1334 5741 1532 5828 propter
1558 5779 1748 5817 nomen.

1140 339 1197 392 S.
1239 338 1513 394 JOANNIS
1540 335 2012 393 (IllliYSOSTOMI
2053 337 2364 392 Al'lCllllil‘.
2405 339 2936 393 CONSTANTINOP.

3584 342 3688 394 376

2112 454 2208 516 eis,
2241 453 2652 518 insidiatoribus,
2682 454 2744 507 iis
2771 455 2858 522 qui
2904 453 3029 506 mihi
3059 455 3244 509 infensi
3271 465 3412 507 sunt.
3444 455 3580 522 Quid
3609 468 3690 508 est

2108 555 2313 610 rursus,
2342 540 2564 612 Propter
2610 559 2788 595 nomen
2826 555 2962 596 tuum
2986 545 3011 597 .9
3048 543 3318 611 Quamvis,
3371 545 3558 614 inquit,
3589 561 3690 614 ego

2105 635 2204 687 sim
2232 647 2498 704 peccator,
2531 645 2584 689 et
2615 637 2802 704 plenus
2833 637 2984 691 malis
3015 637 3505 703 innumerabilibus,
3551 641 3689 694 scie-

2107 725 2226 779 bam
2257 735 2452 791 tamen,
2484 742 2552 780 ne
2576 743 2770 781 nomen
2821 741 2968 782 tuum
3027 729 3416 798 profanaretur,
3471 731 3584 786 fore
3634 744 3687 786 ιιι

2106 832 2205 872 nos
2233 826 2514 886 pereuntes
2540 819 2756 874 minime
2783 819 3106 888 deSpiceres.
3138 821 3288 888 Quod
3316 822 3429 890 ipse
3475 837 3689 893 quoque

2105 905 2239 960 dixit
2264 908 2314 961 in
2349 909 2669 964 Ezechiele:
2704 907 2824 962 Non
2867 919 3074 979 propter
3128 927 3214 964 vos
3261 927 3352 981 ego
3398 913 3552 982 facio,
3600 915 3687 968 sed

2107 1008 2312 1065 propter
2365 1015 2546 1052 nomen
2583 1016 2768 1065 meum,
2800 1012 2853 1053 ut
2901 1017 2999 1055 non
3039 1004 3334 1072 profanetur
3363 1003 3493 1056 inter
3520 1015 3689 1074 gentes

2111 1086 2335 1158 (Ezeclt.
2367 1090 2456 1144 56.
2486 1089 2556 1143 22
2583 1090 2622 1161 ).
2667 1091 2778 1146 lfoe
2827 1101 2928 1154 cst,
2969 1093 3076 1148 Nos
3105 1095 3316 1162 quidem
3347 1111 3451 1149 non
3502 1113 3687 1153 sumus

2107 1178 2249 1246 digni
2293 1180 2381 1248 qui
2434 1195 2729 1246 servemnr,
2759 1197 2930 1252 neque
2974 1199 3038 1238 ex
3091 1185 3250 1239 rebus
3288 1199 3316 1237 a
3349 1185 3500 1240 nobis
3525 1190 3687 1257 gestis

2111 1271 2214 1323 ulla
2243 1271 2378 1325 bona
2408 1287 2503 1342 spe
2528 1274 2790 1342 ducimur,
2815 1276 2906 1330 sed
2943 1287 3314 1346 exSpectamus
3336 1277 3448 1333 fore
3476 1291 3530 1332 nt
3555 1297 3684 1334 con-

2108 1379 2383 1421 scrvemur
2427 1375 2640 1437 propter
2669 1385 2861 1424 nomen
2901 1379 3066 1434 tuum,
3091 1385 3259 1440 eaque
3307 1372 3459 1425 nobis
3506 1374 3687 1427 relicta

2108 1465 2188 1510 est
2233 1471 2355 1526 spes
2399 1460 2602 1516 salutis.
2635 1461 2817 1527 Alius,
2855 1460 3065 1532 Propter
3104 1473 3287 1516 uictum
3324 1465 3538 1517 sustinui
3577 1464 3684 1518 Do-

2107 1547 2319 1601 minum.
2345 1551 2517 1616 Alius,
2551 1549 2768 1622 Propter
2792 1554 2948 1621 legem
2979 1556 3194 1608 sustinui
3232 1553 3523 1609 Dominum.
3557 1558 3683 1610 Sus-

2109 1639 2254 1692 tinuit
2307 1641 2478 1694 anima
2533 1658 2642 1694 mea
2687 1645 2740 1696 in
2799 1644 2943 1697 verbo
2997 1655 3100 1698 tuo.
3142 1646 3321 1709 Alius,
3366 1645 3684 1716 Exspectarit

2107 1729 2277 1782 anima
2299 1748 2405 1784 mea
2425 1733 2626 1786 verbum
2651 1735 2760 1796 eius
2787 1735 2880 1806 (a).
2903 1737 3070 1799 Alius,
3102 1737 3352 1791 Sustinuit
3367 1741 3536 1791 anima
3553 1757 3683 1803 mea,

2108 1829 2152 1872 et
2177 1820 2372 1874 verbum
2400 1824 2507 1890 ejus
2533 1827 2829 1892 exspectavi.
2851 1826 2960 1881 Hoc
2979 1837 3078 1894 est,
3107 1827 3180 1882 Ex
3205 1831 3477 1898 promissis
3503 1841 3555 1884 et
3578 1831 3682 1885 fre-

2109 1913 2389 1980 quentibus
2427 1915 2890 1983 pollicitationibus
2917 1919 2982 1973 de
3011 1919 3332 1990 benignitate
3361 1922 3474 1989 ejus
3501 1931 3553 1976 et
3573 1924 3684 1978 cle-

2110 2007 2306 2060 mentia
2334 2019 2595 2076 sumptam
2623 2025 2825 2063 sacram
2858 2011 3013 2066 habui
3055 2027 3324 2078 ancoram,
3345 2029 3442 2068 nec
3467 2014 3533 2068 de
3563 2031 3680 2068 mea

2109 2095 2277 2150 salute
2299 2112 2446 2167 Spem
2486 2099 2676 2168 abjeci.
2705 2101 2757 2155 6.
2791 2103 2833 2154 Α
2861 2103 3089 2155 custodia
3115 2107 3362 2157 matutina
3413 2123 3565 2176 usque
3617 2109 3683 2158 ad

2109 2198 2299 2240 noctem
2320 2199 2482 2258 speret
2506 2188 2669 2245 Israel
2688 2194 2739 2244 in
2772 2191 3006 2247 Domino.
3038 2193 3166 2248 Tota
3200 2196 3323 2261 vita,
3357 2196 3557 2265 inquit,
3585 2196 3684 2250 hoc

2109 2289 2206 2342 est,
2237 2279 2390 2334 Omni
2414 2281 2499 2336 die
2528 2298 2590 2337 ac
2636 2293 2810 2338 nocte.
2849 2285 2984 2338 Nihil
3037 2297 3117 2340 est
3170 2289 3308 2340 enim
3357 2288 3421 2341 ad
3462 2290 3680 2342 salutem

2112 2371 2480 2437 praestabilius,
2524 2388 2679 2441 quam
2712 2387 2965 2443 perpetuo
2995 2376 3138 2428 illum
3185 2378 3470 2445 respicere,
3520 2387 3573 2432 et
3617 2380 3684 2431 ab

2110 2461 2193 2513 illa
2245 2477 2340 2530 spe
2371 2463 2621 2532 pendere,
2675 2465 2793 2519 licet
2843 2467 3114 2521 inmunera
3157 2468 3414 2533 accidant,
3443 2485 3558 2539 qua:
3587 2486 3683 2524 nos

2109 2551 2378 2621 impellant
2404 2556 2452 2606 in
2479 2555 2918 2624 desperationem.
2951 2558 3044 2612 llic
3068 2569 3148 2612 cst
3182 2576 3360 2613 murus
3387 2559 3643 2613 infractus
3661 2602 3678 2626 ,

2109 2645 2296 2698 invicta
2326 2648 2576 2712 munitio,
2623 2648 2780 2702 turris
2822 2651 3259 2720 inexpugnabilis.
3307 2651 3415 2706 Etsi
3444 2668 3568 2722 ergo
3599 2667 3684 2706 res

2108 2737 2373 2791 minentur
2403 2749 2643 2805 mortem,
2676 2740 2986 2808 periculum.
3024 2751 3078 2795 et
3107 2742 3398 2808 interitum,
3451 2759 3515 2797 ne
3543 2744 3682 2798 desi-

2107 2836 2215 2881 stas
2259 2844 2474 2898 sperare
2526 2830 2576 2884 in
2621 2830 2822 2897 Deum,
2854 2842 2902 2884 et
2934 2843 3244 2900 exspectare
3283 2833 3396 2902 ejus
3433 2833 3678 2886 salutem.

2107 2917 2292 2971 Omnia
2326 2928 2448 2972 sunt
2478 2919 2548 2974 illi
2586 2919 2750 2974 facilia
2781 2931 2834 2975 et
2869 2921 3134 2989 expedita,
3191 2933 3244 2977 et
3294 2923 3376 2978 vel
3418 2923 3468 2978 in
3525 2923 3682 2977 rebus

2107 3009 2435 3065 difficillimis
2483 3021 2536 3065 et
2589 3011 3004 3081 impeditissimis
3047 3015 3244 3068 exitum
3303 3014 3552 3068 inveniet.
3605 3013 3682 3068 Ne

2108 3111 2354 3173 exspecta
2383 3118 2512 3172 ergo
2543 3103 2655 3158 fore
2679 3113 2733 3158 ut
2762 3106 2931 3159 solum
2957 3105 3047 3159 tibi
3070 3105 3207 3159 adsit
3227 3106 3498 3170 auxilium,
3524 3106 3568 3160 si
3597 3121 3682 3160 res

2107 3195 2354 3249 secundae
2382 3195 2598 3250 affluant
2618 3213 2631 3249 :
2654 3196 2746 3251 sed
2778 3205 2901 3252 tunc
2926 3197 3172 3261 maxime,
3197 3196 3405 3268 quando
3433 3206 3555 3250 sunt
3581 3197 3679 3249 flu-

2108 3295 2223 3339 ctus
2269 3286 2506 3352 maximi,
2559 3294 2615 3342 et
2653 3285 2940 3342 vehemens
2985 3295 3286 3357 tempestas,
3311 3299 3362 3342 et
3385 3295 3680 3342 extremum

2109 3378 2348 3432 imminet
2375 3377 2685 3448 periculum.
2714 3378 2861 3433 Tunc
2901 3379 3042 3433 enim
3081 3380 3308 3434 maxime
3339 3379 3475 3433 Deus
3524 3394 3674 3431 suam

2107 3469 2340 3524 ostendit
2380 3469 2684 3539 potentiam.
2714 3469 2825 3524 Hoc
2850 3478 2930 3524 est
2957 3484 3083 3539 ergo
3108 3469 3246 3540 quod
3269 3467 3396 3524 dicit
3424 3488 3436 3524 :
3462 3469 3684 3538 Oportet

2109 3560 2160 3613 in
2187 3561 2348 3614 Deum
2378 3570 2631 3630 perpetuo
2647 3574 2880 3629 Sperare,
2913 3568 3022 3614 toto
3044 3559 3160 3612 vitae
3183 3569 3438 3628 tempore.
3467 3560 3518 3613 7.
3547 3559 3682 3625 Quia

2105 3651 2246 3718 apud
2293 3649 2566 3703 Dominum
2620 3650 2994 3714 misericordia,
3043 3660 3089 3704 et
3129 3651 3330 3719 copiosa
3377 3650 3516 3719 apud
3567 3666 3681 3702 eum

2106 3741 2398 3810 redemptio.
2421 3741 2474 3795 8.
2504 3738 2572 3792 Et
2598 3740 2704 3810 ipse
2727 3739 2932 3793 redimet
2956 3738 3123 3794 Israel
3148 3739 3210 3792 ab
3235 3739 3460 3792 omnibus
3489 3739 3675 3807 iniqui-

2107 3831 2291 3884 tatibus
2334 3832 2464 3900 ejus.
2495 3830 2630 3897 Quid
2661 3839 2776 3896 est,
2826 3829 2979 3899 Apud
3005 3828 3274 3883 Dominum
3298 3831 3636 3883 misericordia
3658 3831 3681 3866 9

2108 3920 2248 3975 Fons
2275 3929 2328 3975 et
2370 3921 2665 3984 thesaurus,
2713 3919 2900 3990 inquit,
2931 3920 3036 3974 illic
3062 3929 3144 3975 est
3171 3919 3467 3975 clementia:
3490 3935 3679 3989 perpe-

2107 4021 2196 4067 tuo
2245 4014 2556 4068 scaturiens.
2587 4013 2687 4068 Ubi
2712 4021 2886 4066 autem
2913 4022 2996 4066 est
3039 4010 3418 4077 misericordia,
3453 4013 3557 4067 illic
3596 4025 3679 4068 est

2105 4109 2262 4161 etiam
2291 4107 2583 4174 redemptio
2609 4125 2621 4161 :
2645 4120 2743 4160 nec
2771 4106 2939 4159 solum
2970 4105 3279 4173 redemptio.
3312 4121 3492 4161 verum
3519 4107 3674 4160 etiam

2107 4199 2269 4252 multa
2297 4213 2358 4251 ac
2390 4199 2623 4266 copiosa,
2667 4204 2721 4250 et
2765 4197 3076 4250 immensum
3120 4198 3335 4267 pelagus
3357 4198 3674 4276 clementim.

2107 4288 2218 4341 Etsi
2248 4302 2376 4356 ergo
2403 4301 2585 4341 sumus
2609 4301 2637 4340 a
2678 4287 2908 4355 peccatis
2949 4285 3160 4356 proditi.
3187 4302 3290 4341 non
3316 4297 3521 4356 oportet
3550 4304 3678 4342 con-

2105 4379 2282 4433 cidere
2307 4419 2320 4441 ,
2359 4392 2457 4432 nec
2493 4377 2796 4446 desperare.
2827 4375 2923 4432 Ubi
2954 4378 3093 4430 enim
3125 4387 3206 4431 est
3233 4377 3592 4432 misericordia
3621 4391 3675 4432 ct

2103 4469 2406 4534 clementia,
2443 4485 2545 4523 non
2590 4471 2871 4537 exiguntur
2916 4477 3019 4522 tam
3054 4477 3313 4522 accurata:
3361 4468 3672 4524 delictorum

2105 4562 2356 4625 rationes,
2380 4561 2561 4630 judice
2589 4569 2804 4630 propter
2829 4575 3070 4631 magnam
3122 4561 3536 4615 misericordiam
3557 4603 3570 4626 ,
3621 4577 3675 4617 et

2105 4652 2322 4706 multam
2350 4652 2413 4705 ad
2443 4652 2776 4706 clementiam
2819 4652 3241 4720 prapensionem,
3266 4653 3424 4706 multa
3458 4665 3675 4722 praeter.

2103 4751 2368 4798 currente.
2402 4741 2711 4810 llujusmodi
2743 4743 2881 4795 enim
2923 4751 3003 4793 est
3030 4741 3188 4805 Deus,
3226 4758 3417 4810 nempe
3441 4743 3506 4796 ad
3537 4747 3674 4797 assi-

2104 4837 2205 4890 due
2230 4834 2589 4889 miserendum
2611 4845 2660 4888 et
2685 4834 3057 4902 ignoscendum
3089 4849 3378 4902 propensus
3401 4847 3446 4887 ct
3478 4837 3673 4902 procli-

2103 4928 2206 4982 vis.
2237 4927 2300 4980 Et
2328 4929 2434 4996 ipse
2452 4928 2656 4979 redimet
2681 4923 2847 4978 Israel
2869 4924 2929 4978 ab
2946 4923 3171 4978 omnibus
3188 4925 3525 4994 iniquitatibus
3544 4929 3672 4996 ejus.

2105 5021 2159 5075 Si
2190 5035 2317 5090 ergo
2342 5023 2412 5073 ita
2441 5028 2524 5074 est
2570 5019 2762 5087 ubique
2787 5017 2972 5071 diffusa
3004 5017 3116 5085 ejus
3143 5017 3439 5071 clementia:
3467 5021 3675 5088 magni-

2106 5113 2250 5178 tudo,
2278 5113 2478 5167 clarum
2495 5123 2578 5167 est
2597 5125 2716 5166 eum
2739 5124 2855 5163 esse
2878 5111 3123 5179 populum
3147 5123 3298 5162 suum
3319 5118 3672 5175 servaturum,

2103 5213 2155 5259 et
2171 5203 2512 5258 liberaturum
2530 5217 2631 5255 non
2649 5202 2815 5254 solum
2829 5215 2929 5254 asu
2939 5199 3147 5268 pplicio,
3167 5199 3258 5253 sed
3277 5199 3433 5253 etiam
3449 5215 3476 5252 a
3498 5213 3680 5267 pecca-

2105 5297 2191 5350 tis.
2212 5295 2336 5350 Hznc
2355 5309 2481 5362 ergo
2496 5309 2613 5346 cum
2631 5293 2876 5352 sciamus,
2906 5304 3306 5358 perseveremus
3327 5301 3604 5359 prccmites
3625 5305 3680 5348 τι

2105 5397 2316 5441 orantes
2346 5403 2359 5439 :
2386 5395 2438 5438 et
2477 5398 2759 5452 numquam
2788 5381 3122 5442 desistamus,
3152 5381 3262 5432 sive
3287 5380 3582 5448 acceperim
3595 5398 3672 5440 us,

2167 5564 2242 5624 (η)
2274 5563 2355 5610 Itic
2381 5563 2624 5622 interpres
2647 5568 2722 5609 est
2746 5560 2870 5608 forte
2890 5557 3208 5622 Symmachus,
3232 5558 3370 5618 cujus
3393 5565 3554 5624 tamen
3595 5571 3676 5602 no—

2103 5617 2234 5673 Inen'
2257 5626 2315 5672 ad
2340 5625 2464 5672 hunc
2485 5617 2679 5671 versum
2715 5617 2949 5683 nusquam
2971 5629 3280 5683 memoratur.
3306 5628 3524 5683 sequens
3541 5617 3676 5683 juxta

2104 5699 2253 5746 quem
2271 5697 2464 5733 ventum
2482 5691 2574 5736 est.
2591 5683 2806 5734 sustinuit
2824 5679 2982 5731 animo
3005 5693 3128 5738 mea,
3145 5689 3222 5729 est
3243 5679 3431 5741 Aquila,
3447 5687 3496 5726 ut
3517 5680 3684 5724 viciens

2109 5750 2157 5794 in
2179 5746 2406 5809 ttexajlis
2429 5748 2618 5794 nostris.
2841 5751 2846 5756 '
