4088 6274
380 340 484 397 577

377 453 491 507 sive
523 466 649 507 non.
680 451 736 508 Si
766 453 909 510 enim
931 453 1059 510 dare
1096 455 1255 513 situm
1295 466 1376 513 est
1414 459 1465 513 in
1518 464 1634 531 ejus
1683 475 1963 533 potestate,

380 546 430 600 in
461 545 578 617 ejus
606 546 766 601 etiam
791 556 1057 618 potestate
1086 549 1244 604 situm
1270 560 1371 619 est,
1403 554 1613 623 quando
1638 557 1769 622 vult,
1801 557 1965 614 dare:

380 646 589 708 tempus
607 648 782 693 autem
811 639 955 693 novit
977 640 1196 711 optime.
1219 641 1526 700 Maueamns
1548 662 1675 718 ergo
1696 660 1964 719 rogantes,

377 731 752 801 supplicantes,
803 732 1134 789 confidentes
1183 737 1299 805 ejus
1347 738 1727 797 misericordia:
1779 753 1832 798 et
1859 745 1969 801 cle-

377 826 610 891 mentiae,
639 844 739 883 nec
769 843 1018 898 umquam
1047 829 1114 884 de
1146 839 1326 885 nostra
1367 832 1539 889 salute
1594 835 1962 906 desperemus,

371 919 467 974 sed
489 926 673 973 nostra
700 918 986 974 ali'eramus
1004 961 1018 984 ,
1050 930 1104 976 et
1145 921 1234 976 ille
1265 922 1415 977 nobis
1440 939 1727 995 numquam
1752 927 1960 995 deerit,

370 1008 802 1080 quandoquidem
839 1018 923 1065 est
948 1011 1321 1068 inenarrabilis
1352 1015 1490 1083 apud
1516 1030 1638 1071 eum
1661 1017 1962 1074 miscricor-

368 1101 474 1169 dia,
501 1111 554 1156 et
576 1102 777 1157 infinita
806 1103 1085 1159 clementia
1113 1120 1126 1157 :
1155 1121 1312 1175 quam
1349 1106 1505 1162 detur
1533 1108 1686 1164 nobis
1703 1110 1952 1167 clunibus

369 1194 615 1264 assequi,
670 1194 837 1265 gratia
880 1203 935 1249 et
984 1195 1307 1266 benignitate
1353 1198 1560 1254 Domini
1612 1202 1778 1256 nostri
1821 1202 1949 1258 Jesu

366 1283 592 1353 Christi,
627 1288 840 1357 quicum
890 1287 1033 1342 Patri
1074 1299 1127 1343 et
1165 1288 1382 1359 Spiritui
1416 1300 1599 1347 sancto
1641 1293 1844 1364 gloria,
1895 1293 1950 1350 in

374 1377 566 1432 etceula
620 1380 957 1434 saeculorum.
1014 1378 1202 1435 Amen.

815 1492 883 1549 IN
926 1493 1249 1551 PSALMUM
1298 1495 1515 1552 CXXX.

365 1602 416 1657 l.
448 1602 680 1669 Dandae,
731 1619 833 1658 non
858 1616 932 1658 est
972 1605 1248 1660 exaltatum
1269 1623 1358 1662 cor
1393 1624 1578 1675 meum,
1626 1625 1784 1682 neque
1825 1611 1945 1666 εἰαιί

430 1704 548 1749 sunt
563 1693 697 1748 oculi
714 1695 830 1750 mei.
858 1696 1026 1760 Alius,
1060 1696 1237 1766 Neque
1252 1699 1464 1753 exoluti
1486 1708 1602 1754 stunt
1627 1703 1732 1770 (a).
1764 1700 1947 1771 Neun

433 1784 686 1839 ambulavi
712 1786 765 1840 in
791 1788 1007 1856 magnis,
1030 1802 1192 1855 neque
1215 1790 1270 1841 in
1317 1789 1626 1844 mirabilibus
1653 1806 1806 1860 super
1845 1808 1945 1847 me.

426 1879 598 1944 Alius,
644 1877 709 1934 In
740 1881 1186 1951 ntagnituttinibus.
1211 1882 1377 1947 Alius,
1408 1880 1477 1936 In
1529 1885 1942 1955 magniﬁcentiis,

426 1985 517 2024 nec
538 1986 623 2024 me
652 1967 1085 2041 exsupermuibus.

427 2102 767 2171 Quandonom
790 2105 1001 2176 gloriari
1022 2106 1187 2159 liceat.
1209 2104 1428 2174 ——Quid
1454 2104 1562 2160 hoc
1586 2103 1706 2159 est?
1747 2105 1942 2163 Paulus

351 2193 482 2251 dicit
507 2195 725 2250 stultum
755 2210 874 2250 esse
899 2197 1130 2265 seipsnm
1179 2195 1431 2260 laudare,
1485 2197 1690 2250 etiamsi
1736 2198 1802 2251 sit
1849 2212 1940 2250 ne-

348 2300 522 2350 cesse,
556 2295 609 2342 et
657 2286 777 2342 ideo
824 2287 1097 2358 snbjunxit
1143 2289 1327 2344 dit-ens
1363 2309 1374 2343 :
1408 2288 1508 2342 Fui
1554 2290 1706 2360 insipi
1736 2307 1795 2344 ns
1837 2289 1941 2361 gla-

347 2380 522 2441 rions;
567 2394 653 2432 vos
694 2395 774 2432 me
828 2379 1058 2449 coegistis
1101 2378 1185 2450 (2.
1236 2378 1354 2434 Cor.
1384 2379 1469 2434 η.
1506 2379 1628 2451 Η).
1661 2380 1938 2447 Quomodo

348 2469 449 2524 hoc
473 2487 602 2540 ergo
628 2470 889 2540 ignoravit
916 2472 1193 2543 propheta,
1223 2482 1277 2528 et
1323 2489 1464 2527 nunc
1508 2471 1796 2543 gloriatur,
1830 2491 1934 2529 non

344 2564 482 2633 apud
511 2564 665 2628 duos,
695 2575 784 2619 aut
815 2576 944 2631 tres,
968 2577 1058 2620 aut
1081 2566 1288 2631 decem,
1318 2566 1409 2620 sed
1442 2565 1580 2636 apud
1631 2567 1931 2621 universum

343 2654 527 2709 orbem
566 2657 758 2711 terraa?
791 2654 1056 2711 Gloriatur
1090 2666 1265 2711 autem
1313 2658 1495 2713 dicens
1525 2677 1537 2711 :
1565 2658 1691 2714 Sum
1721 2657 1932 2713 lmmilis

342 2758 396 2800 et
452 2748 778 2815 moderatus,
829 2757 885 2803 et
932 2749 1229 2803 mirandum
1263 2750 1313 2804 in
1361 2750 1574 2803 modum
1606 2750 1821 2805 humilis
1868 2767 1932 2806 ac

341 2835 586 2907 simplex.
620 2837 731 2894 Hoc
754 2841 895 2894 enim
919 2840 1018 2895 sibi
1050 2842 1160 2896 vult
1193 2842 1354 2902 aliud,
1384 2842 1436 2896 2.
1467 2841 1761 2898 Ablactotus
1782 2861 1931 2912 super

344 2940 553 2984 matrem
597 2948 758 2986 suam.
803 2934 980 3000 Quare
1013 2949 1140 3004 ergo
1187 2932 1287 2988 hoc
1335 2932 1494 2988 facit?
1531 2934 1791 3000 Quoniam
1842 2951 1928 2992 res

343 3019 556 3088 quidem
581 3036 681 3077 non
707 3031 787 3076 est
809 3023 1026 3077 omnino
1054 3022 1311 3093 prohibita
1332 3067 1346 3089 ,
1377 3025 1482 3078 imo
1509 3040 1636 3079 vero
1663 3040 1927 3080 nonnum-

339 3126 498 3179 quam
531 3121 613 3167 est
640 3115 937 3168 necessaria
957 3155 973 3181 ,
1003 3124 1160 3185 atque
1186 3114 1319 3170 adeo
1365 3130 1764 3186 nonnumquam
1796 3116 1926 3170 inci-

340 3199 441 3264 dit,
471 3209 526 3254 ut
555 3216 659 3255 non
685 3204 729 3257 si
755 3203 1059 3272 gloriemur,
1092 3204 1186 3260 sed
1211 3206 1254 3259 si
1278 3221 1380 3260 non
1419 3207 1728 3276 gloriemur,
1754 3207 1923 3261 simus

333 3292 662 3361 insipientes.
710 3294 969 3360 Quocirca
1013 3294 1204 3351 Paulus
1242 3312 1450 3367 quoque
1486 3298 1617 3354 dicit
1644 3316 1658 3352 :
1687 3298 1790 3365 Qui
1807 3298 1920 3370 glo-

332 3383 516 3449 riotur,
574 3384 628 3438 in
679 3382 898 3439 Domino
952 3387 1196 3457 glorietur
1249 3387 1333 3459 (2.
1379 3387 1496 3443 Cor.
1540 3388 1625 3445 10.
1663 3391 1790 3461 17).
1819 3388 1918 3456 Qui

329 3475 471 3526 enim
503 3473 555 3528 in
585 3489 746 3530 cruce
775 3492 880 3530 non
906 3475 1182 3548 gloriatur,
1213 3487 1294 3532 est
1326 3479 1561 3533 omnium
1588 3480 1917 3549 insipientis-

326 3562 494 3617 simns
518 3577 532 3626 ;
557 3564 646 3633 qni
677 3579 781 3619 non
823 3565 874 3619 in
908 3565 1009 3621 lide
1037 3567 1313 3638 gloriatur,
1354 3579 1435 3623 est
1463 3569 1701 3625 omnium
1730 3572 1921 3627 miser~

325 3645 637 3726 ritnus;qui
696 3656 748 3710 in
780 3655 862 3711 his
891 3673 994 3713 non
1040 3658 1297 3730 gloriatur
1333 3668 1389 3715 et
1426 3661 1556 3729 fidit,
1607 3663 1652 3718 is
1699 3664 1917 3719 omnino

325 3744 533 3813 peribit.
572 3746 639 3800 Et
676 3745 797 3801 ideo
824 3748 1075 3805 audacter
1100 3751 1309 3805 diccbat
1335 3751 1566 3809 Paulus:
1593 3752 1724 3809 Mihi
1748 3766 1916 3810 autem

324 3835 454 3889 absit
475 3836 706 3908 gloriari,
735 3838 832 3892 nisi
861 3839 912 3892 in
950 3857 1096 3894 cruce
1121 3838 1328 3896 Domini
1369 3844 1528 3897 nostri
1565 3844 1688 3899 Jesu
1725 3846 1915 3902 Christi

323 3924 477 3995 (Gul.
509 3928 560 3982 6.
588 3928 655 3982 14
674 3927 718 3999 ).
746 3927 811 3982 Ει
838 3945 1021 3983 rursus
1053 3947 1066 3983 :
1099 3930 1181 3984 Ne
1203 3933 1444 4003 glorietur
1469 3934 1604 3989 dives
1646 3937 1698 3990 in
1728 3938 1913 3994 divitiis

322 4021 447 4082 suis,
480 4037 636 4093 neque
661 4024 861 4095 sapiens
892 4023 946 4077 in
974 4025 1222 4094 sapientia
1250 4043 1345 4080 suo
1373 4043 1390 4080 :
1418 4029 1506 4081 sed
1531 4029 1583 4082 in
1610 4028 1703 4084 hoc
1727 4031 1911 4101 glorie-

322 4119 426 4174 tur,
470 4115 605 4180 quod
629 4113 875 4186 intelligat
900 4125 946 4169 et
971 4129 1237 4187 cognoscat
1267 4116 1538 4174 Dominum
1561 4117 1705 4190 (Jer.
1736 4122 1790 4177 9.
1816 4124 1905 4180 25.

322 4200 453 4274 2t).
484 4205 762 4270 Quomodo
792 4217 874 4261 est
913 4224 1042 4279 ergo
1068 4210 1267 4265 malum
1297 4210 1551 4282 gloriari?
1580 4213 1634 4268 Si
1663 4213 1714 4270 id
1740 4214 1906 4270 facia-

323 4311 442 4351 mus
462 4306 519 4351 ut
540 4297 839 4354 Pharisatus
868 4298 1031 4373 (Luc.
1058 4302 1182 4374 18).
1218 4303 1284 4357 Et
1307 4319 1492 4375 quare,
1518 4307 1743 4377 inquies,
1779 4308 1908 4365 dicit

321 4386 536 4450 Paulus,
588 4388 695 4442 Fui
742 4392 987 4461 insipiens
1032 4393 1293 4464 glorians;
1324 4411 1409 4450 vos
1436 4413 1515 4451 me
1556 4399 1782 4470 coegistis
1811 4400 1899 4472 (2.

320 4477 546 4534 Cor.l2.
574 4480 710 4554 'll)?
753 4482 1012 4549 Quoniam
1050 4486 1299 4541 narrabat
1345 4490 1599 4558 prreclara
1640 4492 1764 4546 vita:
1790 4481 1915 4548 suae.

320 4569 554 4627 instituta
582 4583 639 4627 et
660 4572 915 4637 facinora,
939 4592 1057 4645 quae
1094 4592 1198 4631 non
1227 4581 1506 4649 Oportebat
1534 4597 1769 4646 narrare,
1801 4584 1901 4640 nisi

320 4676 539 4718 necesse
572 4673 737 4727 esset.
769 4664 908 4721 Alibi
951 4673 1125 4720 autem
1149 4666 1277 4723 dicit
1309 4687 1321 4722 :
1355 4667 1415 4724 Si
1441 4673 1642 4727 voluero
1668 4675 1898 4744 gloriari,

318 4767 418 4805 non
454 4769 544 4807 ero
589 4754 868 4825 insipiens;
912 4757 1164 4809 veritatem
1189 4758 1320 4811 enim
1346 4758 1510 4814 dicam
1542 4761 1634 4831 (2.
1657 4763 1774 4818 Cor.
1809 4764 1896 4818 l2.

315 4844 407 4915 6).
438 4846 538 4915 Qui
582 4848 859 4902 veritatem
891 4864 1018 4918 ergo
1044 4849 1192 4912 dcit,
1239 4867 1357 4904 cum
1401 4862 1609 4923 tempus
1634 4857 1896 4922 postulat,

315 4951 421 4991 non
450 4946 534 4994 est
558 4938 831 5009 insipiens.
860 4938 976 4994 Non
1003 4949 1085 4994 est
1107 4956 1234 5010 ergo
1256 4942 1507 5012 insipiens
1529 4946 1783 5014 propheta
1810 4947 1898 5016 qui

312 5029 570 5098 gloriatur
601 5048 616 5084 :
644 5047 767 5086 vera
792 5033 933 5086 enim
978 5034 1129 5088 dixit.
1161 5035 1263 5089 Sed
1304 5051 1544 5105 quamam
1576 5051 1733 5092 causa
1774 5056 1895 5093 eum

311 5121 541 5189 induxit,
590 5132 649 5178 nt
697 5124 814 5180 inec
860 5127 1100 5182 diceret?
1131 5125 1200 5183 Ut
1249 5127 1460 5183 doceret
1507 5129 1777 5185 auditores
1831 5147 1898 5187 ne

313 5222 586 5283 postquam
614 5214 821 5271 liberati
852 5225 975 5271 sunt
1003 5232 1031 5270 a
1062 5218 1213 5272 malis
1232 5261 1247 5283 ,
1275 5227 1606 5275 revertantur
1630 5220 1693 5274 ad
1719 5224 1896 5290 priSti-

312 5318 434 5357 nam
462 5307 751 5360 amentiam
784 5316 837 5362 et
880 5309 1237 5373 insolentiam,
1271 5325 1369 5363 nec
1398 5326 1426 5363 a
1458 5310 1892 5368 vineuloliberati

310 5397 572 5462 resiliunt,
617 5407 670 5452 et
709 5399 759 5452 in
790 5400 943 5454 aliam
983 5403 1302 5471 captivitatis
1350 5404 1718 5459 necessitatem
1761 5405 1892 5482 inci-

303 5488 460 5542 dant.
483 5489 815 5559 Quapropter
832 5492 955 5545 dum
984 5509 1075 5546 sua
1099 5502 1293 5558 narrat,
1319 5492 1612 5549 auditorem
1638 5495 1891 5565 corrigit:

368 5645 443 5721 (ε)
476 5644 590 5721 Quis
611 5645 677 5721 sit
693 5644 1039 5721 bic‘interpres
1058 5653 1321 5721 ignoratur.
1349 5657 1470 5710 Mox,
1490 5651 1638 5721 Alius,
1663 5661 1890 5721 {Inm-

301 5706 593 5772 gtti/icentiis
610 5719 628 5756 :
648 5723 672 5752 ν
693 5707 795 5756 hau:
817 5706 1150 5775 interpretatio
1167 5720 1238 5761 est
1261 5712 1403 5772 juxta
1421 5706 1636 5775 Aquilam
1660 5720 1709 5764 et
1728 5713 1889 5764 Theo-

294 5771 568 5829 dotionetn,
593 5780 810 5833 sequens
834 5782 951 5819 vero
966 5771 1102 5832 juxta
1122 5771 1468 5837 Syttuiiachum.

1481 348 1841 410 EXPOSI'l'lO
1879 353 1943 409 1N
1983 357 2304 419 PSALMUM
2344 366 2556 447 CXXX.

3557 391 3660 447 378

2077 489 2183 531 non
2203 477 2331 534 dicit
2354 491 2551 551 autem,
2585 485 2854 543 Exaltatus
2874 490 3086 561 quidem
3126 509 3261 560 sum,
3305 501 3655 568 perturbatio-

2073 581 2196 622 nem
2222 578 2398 626 autem
2426 575 2587 629 animi
2610 579 2844 633 continui
2867 599 2881 636 :
2910 582 3002 638 sed
3030 585 3189 654 quid!
3220 585 3342 642 Non
3366 602 3437 644 est
3457 595 3653 648 exalto-

2073 664 2178 711 tum
2207 676 2294 714 cor
2315 678 2516 730 meum;
2555 666 2656 722 hoc
2684 679 2785 733 est,
2818 670 2933 727 Non
2978 675 3147 745 tetigit
3189 678 3423 735 animum
3475 699 3653 741 meum

2071 754 2324 822 nequitia.
2356 755 2505 812 Mens
2531 760 2672 815 enim
2719 762 2837 833 ejns
2880 779 2994 821 erat
3023 768 3181 823 veluti
3212 772 3424 840 quidam
3472 788 3658 842 portus

2073 846 2230 901 nullis
2273 847 2523 906 ﬂuetibus
2550 852 2796 924 agitatus,
2853 857 2970 926 ejns
3012 861 3181 917 morbi
3231 864 3400 917 undas
3436 864 3653 919 minime

2068 937 2382 1006 suscipiens,
2407 940 2497 1011 qui
2542 953 2624 998 est
2667 959 2822 999 causa
2852 950 3089 1005 omnium
3117 952 3398 1019 malorum,
3422 964 3477 1009 et
3503 955 3647 1011 radix

2067 1039 2320 1085 extremae
2370 1032 2684 1104 iniquitatis.
2720 1039 2855 1106 Quid
2895 1050 2976 1095 est
3023 1040 3163 1112 quod
3210 1044 3356 1109 dicit,
3408 1036 3645 1112 Domine.

2065 1135 2167 1172 non
2207 1130 2279 1174 est
2319 1125 2592 1179 exaltatum
2647 1145 2733 1183 cor
2768 1146 2955 1199 meum,
3005 1150 3162 1205 neque
3208 1136 3329 1190 elati
3358 1149 3474 1193 sunt
3513 1143 3649 1198 oculi

2065 1211 2162 1264 mei
2175 1212 2201 1266 ?
2238 1213 2355 1268 Non
2408 1219 2672 1286 contraxi,
2705 1220 2893 1292 inquit,
2948 1225 3226 1295 supercilia
3247 1269 3263 1292 ,
3296 1245 3467 1308 neque
3495 1231 3646 1287 erexi

2060 1304 2345 1358 cervicem.
2376 1307 2419 1360 A
2451 1305 2595 1363 fonte
2618 1312 2759 1365 enim
2790 1313 2996 1370 interno
3038 1304 3452 1384 perturbationis
3479 1323 3639 1376 animi

2061 1396 2613 1467 morbusscaturiens
2665 1404 2874 1461 interno
2916 1411 3107 1465 tumori
3150 1412 3424 1467 conformo
3447 1428 3644 1484 corpus

2057 1486 2284 1559 efﬁngit.
2316 1489 2494 1563 Neque
2516 1496 2770 1552 ambulavi
2798 1499 2849 1552 in
2877 1502 3090 1572 magnis,
3116 1520 3277 1571 neque
3303 1506 3356 1558 in
3392 1504 3638 1560 mirabili-

2057 1578 2147 1633 bus
2187 1597 2338 1652 super
2378 1601 2475 1639 me.
2526 1587 2660 1655 Quid
2693 1599 2800 1656 est,
2831 1589 2898 1646 In
2928 1595 3165 1664 magnis?
3211 1596 3262 1650 In
3294 1596 3596 1654 hominibus
3619 1641 3633 1665 ,

2056 1673 2252 1743 inquit,
2304 1680 2553 1746 tumidis,
2598 1682 2876 1750 divitibus,
2918 1689 3318 1759 arrogantibus,
3370 1693 3636 1760 superbis.

2056 1765 2241 1824 Vidisti
2273 1780 2467 1840 quanta
2491 1774 2562 1829 sit
2585 1775 2894 1833 humilitas?
2935 1780 3049 1835 Non
3091 1782 3263 1837 solum
3302 1796 3419 1840 erat
3460 1787 3575 1854 ipse
3604 1802 3632 1840 a

2052 1860 2240 1915 morbo
2268 1862 2497 1928 alienus,
2515 1866 2609 1922 sed
2638 1881 2733 1922 eos
2752 1869 2934 1937 etiam,
2954 1870 3044 1941 qui
3072 1884 3225 1929 erant
3248 1876 3452 1942 tumidi,
3474 1878 3637 1950 fngie-

2052 1951 2160 2018 bat,
2193 1963 2247 2009 et
2279 1969 2307 2008 a
2338 1956 2529 2012 talibus
2555 1958 2825 2017 resiliebat
2854 1963 3081 2018 coetibus
3108 1975 3324 2035 propter
3357 1982 3629 2035 magnum,

2048 2048 2189 2117 quod
2245 2047 2298 2102 in
2345 2052 2702 2121 arrogantiam
2749 2064 3089 2126 conceperat,
3132 2057 3334 2113 odium.
3363 2060 3626 2127 Quoniam

2047 2137 2189 2194 enim
2218 2138 2428 2195 infenso
2462 2152 2576 2197 erat
2619 2143 2669 2199 in
2700 2142 2802 2199 hoc
2845 2145 3027 2200 vitium
3079 2148 3280 2215 animo,
3323 2165 3425 2204 non
3456 2152 3626 2207 solum

2044 2229 2112 2284 ab
2164 2246 2229 2287 eo
2267 2232 2554 2299 resiliebat,
2593 2250 2693 2291 nec
2739 2238 3095 2306 permittebat,
3149 2250 3208 2295 ut
3247 2241 3301 2297 in
3346 2245 3625 2301 castellum

2043 2323 2235 2379 anima:
2256 2335 2400 2380 esset
2425 2326 2473 2380 ei
2504 2326 2643 2382 nllus
2663 2328 2855 2394 aditus,
2887 2330 2980 2385 sed
3015 2346 3110 2386 eos
3148 2335 3330 2399 etiam,
3358 2336 3445 2406 qui
3494 2337 3621 2391 illud

2041 2419 2403 2484 sectabantur,
2431 2420 2741 2491 longissimo
2769 2423 3048 2480 intervallo
3076 2425 3326 2497 fugiebat,
3367 2438 3421 2483 ut
3447 2429 3517 2485 ab
3541 2429 3622 2485 eis

2040 2509 2170 2563 nihil
2199 2510 2503 2567 detrimenti
2533 2523 2767 2583 caperet.

2107 2604 2413 2674 Arrogantes
2436 2615 2485 2659 et
2507 2606 2710 2677 superbi
2736 2617 3042 2679 quantopere
3071 2611 3318 2683 fugiendi.
3346 2643 3413 2654 —-
3438 2612 3622 2684 Neque

1974 2722 1977 2729 ~
2035 2712 2164 2752 vero
2194 2697 2332 2752 inter
2361 2713 2517 2767 parva
2548 2709 2689 2754 recte
2714 2700 2848 2756 facta
2874 2700 3171 2756 ducendum
3206 2713 3289 2757 cst
3327 2702 3507 2774 fugere
3532 2719 3612 2759 aro

2034 2799 2284 2861 rogantes
2307 2833 2321 2855 ,
2351 2791 2474 2845 odio
2502 2791 2701 2847 habere
2731 2793 2958 2848 tumidos
2983 2802 3038 2848 et
3064 2788 3381 2860 insolentes,
3419 2810 3618 2863 eosque

2032 2882 2319 2943 abhorrere
2348 2892 2399 2938 et
2427 2884 2658 2939 aversari
2688 2902 2702 2938 :
2732 2884 2825 2939 sed
2853 2892 2936 2939 est
2971 2885 3197 2938 maxima
3225 2885 3431 2941 virtutis
3459 2901 3613 2941 secu-

2032 2976 2187 3039 ritas,
2224 2975 2539 3029 httmilitatis
2569 2976 2799 3029 maxima
2824 2974 3085 3030 custodia.
3121 2970 3300 3049 Neque
3326 2977 3378 3030 in
3405 2974 3612 3030 mirabi-

2031 3067 2157 3122 libus
2182 3084 2334 3135 super
2354 3084 2448 3123 me.
2477 3069 2644 3126 Alius.
2678 3066 2854 3140 Neque
2881 3068 2932 3122 in
2959 3085 3037 3123 me
3058 3068 3474 3139 exsuperantibus
3507 3067 3604 3141 (a).

2026 3160 2079 3215 2.
2133 3162 2195 3217 Si
2232 3178 2330 3217 non
2371 3161 2625 3217 humiliter
2656 3162 2964 3228 sentiebam,
3011 3163 3101 3216 sed
3129 3162 3346 3217 exaltari
3388 3162 3610 3217 animam

2030 3272 2214 3311 meam.
2250 3257 2310 3310 ’5.
2337 3255 2482 3310 Sicut
2502 3256 2782 3310 obluctatus
2807 3264 2878 3309 est
2899 3271 3049 3324 super
3075 3267 3283 3308 matrem
3319 3270 3461 3308 suam
3482 3297 3498 3323 ,
3538 3254 3610 3310 ita

2025 3349 2264 3403 retribues
2284 3349 2335 3401 in
2362 3348 2582 3402 animam
2605 3363 2783 3400 meam.
2811 3347 2980 3410 Alius,
3004 3343 3030 3399 1
3037 3357 3088 3400 ια
3108 3345 3410 3400 retribuatur
3425 3346 3606 3400 animat

2024 3456 2167 3496 ntere.
2201 3439 2402 3496 Dictum
2430 3447 2513 3495 est
2537 3454 2633 3511 per
2656 3438 3006 3510 hyperbaton,
3041 3453 3267 3507 nempe:
3297 3436 3352 3493 Si
3377 3452 3478 3491 non
3508 3437 3607 3491 Int-

2023 3532 2220 3587 militcr
2257 3530 2590 3595 sentiebam,
2635 3533 2765 3586 sicut
2811 3530 3128 3586 ahlactatum
3176 3544 3339 3599 super
3382 3539 3603 3586 matrem

2022 3638 2170 3679 suam
2190 3664 2206 3686 ,
2232 3619 2328 3679 sed
2352 3623 2573 3678 exaltavi
2596 3638 2689 3677 cor
2716 3638 2890 3677 meum
2915 3663 2929 3686 ,
2960 3621 3028 3675 ita
3061 3621 3386 3676 retribuatur
3413 3621 3604 3676 anima:

2021 3731 2176 3770 mete.
2206 3714 2355 3781 Quod
2386 3723 2561 3770 autem
2583 3713 2730 3780 dicit,
2754 3722 2836 3769 est
2857 3713 3117 3782 ejusmodi
3148 3731 3162 3766 :
3191 3713 3303 3769 Non
3327 3713 3498 3769 solum
3528 3710 3599 3766 fui

2023 3806 2201 3863 libera
2232 3806 2357 3860 vitio
2382 3847 2395 3869 ,
2424 3804 2744 3876 arrogantia.
2778 3803 2990 3873 inquam
3010 3846 3024 3870 ,
3070 3819 3174 3859 nec
3199 3805 3368 3859 solum
3399 3802 3466 3858 ab
3495 3805 3558 3858 iis
3579 3842 3593 3869 ,

2018 3899 2105 3967 qui
2136 3897 2222 3951 illa
2253 3897 2461 3967 praediti
2498 3905 2660 3962 sunt,
2711 3895 2914 3951 alienus
2946 3912 2960 3948 :
2990 3895 3341 3950 verumetiam
3380 3902 3595 3949 contrao

2017 3992 2146 4046 riam
2176 3991 2224 4047 ci
2253 3991 2499 4046 virtutem
2528 3990 2905 4060 supramodum
2937 3989 3167 4059 suscepi,
3200 4002 3391 4054 nempe
3419 3986 3595 4040 humi-

2016 4083 2214 4137 litatum
2241 4124 2257 4149 ,
2298 4082 2715 4137 moderationem
2743 4122 2756 4146 ,
2805 4081 3202 4135 contritionem.
3257 4076 3385 4131 Illud
3422 4078 3592 4146 ipsum

2013 4174 2258 4230 Christus
2285 4187 2496 4243 quoque
2521 4172 2759 4241 praecipit
2783 4171 3054 4239 discipulis
3078 4168 3208 4232 suis,
3232 4168 3413 4222 dicens
3438 4185 3452 4220 :
3478 4165 3577 4222 Nis

2013 4266 2238 4320 conversi
2266 4265 2489 4336 fueritis,
2519 4273 2569 4319 et
2597 4263 2879 4334 eﬁiciomini
2899 4264 3024 4315 sicut
3051 4258 3263 4328 parvuli,
3300 4276 3399 4312 non
3422 4259 3589 4328 ingre-

2012 4357 2215 4410 diemini
2236 4372 2441 4426 regnum
2461 4356 2696 4409 caelorum
2720 4355 2737 4422 (
2760 4352 2942 4406 Matth.
2969 4352 3055 4407 18.
3085 4349 3177 4422 5).
3204 4351 3369 4416 Talis,
3398 4350 3587 4422 inquit.

2012 4446 2109 4501 fuit
2150 4463 2264 4502 mea
2308 4445 2574 4500 humilitas
2601 4486 2616 4510 ,
2664 4444 2837 4512 qualis
2881 4443 3091 4497 infantis
3117 4484 3132 4509 ,
3182 4442 3270 4512 qni
3303 4442 3497 4510 pendet
3522 4441 3591 4497 ab

2008 4539 2173 4594 nhere
2203 4540 2404 4593 matris.
2437 4537 2890 4605 Quemadmodum
2921 4536 3061 4591 enim
3094 4536 3179 4590 ille
3208 4534 3442 4589 adhwrct
3473 4551 3589 4588 ma—

2010 4630 2074 4685 tri
2095 4671 2111 4698 ,
2142 4630 2353 4685 humilis
2375 4638 2475 4692 est,
2503 4636 2557 4685 et
2584 4628 2728 4682 omni
2759 4627 3058 4698 arrogantia
3101 4642 3300 4680 vacuus
3324 4666 3338 4690 ,
3387 4624 3511 4680 vivit
3536 4625 3587 4679 in

2007 4723 2305 4779 innocentia
2336 4736 2541 4778 summa
2568 4728 2622 4776 et
2652 4719 2990 4788 simplicitate
3015 4736 3028 4770 :
3058 4719 3127 4773 ita
3153 4733 3251 4788 ego
3273 4718 3429 4773 etiam
3464 4732 3586 4786 erga

2011 4815 2173 4870 Deum
2210 4829 2294 4867 me
2322 4812 2569 4883 gerebam
2590 4852 2606 4879 ,
2638 4811 2686 4865 ei
2717 4821 2971 4881 perpetuo
2998 4808 3299 4864 atlltmretts.
3327 4805 3590 4863 Ahlaetati

2005 4915 2180 4962 antem
2208 4921 2313 4960 non
2335 4906 2431 4960 abs
2453 4919 2511 4960 re
2538 4905 2778 4959 meminit
2803 4919 2818 4968 ;
2851 4901 2943 4957 sed
2987 4901 3169 4957 volens
3200 4899 3479 4955 (ιεῑειιόιτρ
3504 4903 3588 4951 al-

2006 5000 2315 5065 llictionem,
2343 4998 2659 5065 angustiam,
2684 4997 2955 5061 dolorem,
2982 4996 3241 5049 malorum
3267 4991 3588 5061 magnitudi-

2006 5107 2147 5147 nem.
2199 5088 2653 5158 Quemadmodum
2685 5103 2813 5158 ergo
2853 5085 3138 5155 parvulus,
3186 5083 3272 5152 qui
3302 5095 3473 5150 nuper
3519 5083 3587 5136 ab

2005 5185 2165 5238 ubere
2189 5183 2405 5237 avulsus
2439 5190 2554 5244 est,
2599 5196 2667 5234 ne
2699 5181 2776 5235 sic
2805 5179 3019 5248 quidem
3062 5192 3091 5230 a
3136 5183 3307 5230 matre
3347 5173 3580 5238 recedit,

2003 5276 2094 5331 sed
2124 5276 2276 5340 ﬂens,
2301 5289 2543 5344 gemens,
2575 5274 2762 5343 Ingens
2782 5313 2797 5335 ,
2827 5286 2967 5341 aegre
2994 5269 3170 5325 ferens
3203 5267 3223 5336 (
3238 5267 3302 5339 b)
3338 5275 3391 5323 et
3419 5284 3477 5322 se
3503 5267 3585 5321 af-

2004 5367 2230 5430 ﬂictans,
2260 5365 2414 5419 matri
2437 5378 2650 5433 semper
2667 5363 2924 5426 adhaeret,
2955 5375 3053 5415 nec
3073 5359 3140 5414 ab
3161 5375 3221 5413 ea
3247 5359 3447 5449 recedit
3472 5377 3484 5412 :
3517 5359 3586 5415 ita

2002 5474 2100 5528 ego
2121 5472 2351 5527 quoque,
2380 5456 2567 5524 inquit,
2590 5469 2709 5508 cum
2729 5467 2901 5508 essem
2924 5451 2975 5507 in
2993 5450 3300 5518 afﬂictione,
3324 5452 3582 5524 angustiis

2062 5590 2135 5652 (ιι)
2167 5595 2277 5652 Haec
2297 5586 2636 5649 interpretatio
2660 5592 2739 5652 est
2765 5585 2903 5652 juxta
2935 5584 3265 5652 smel)qu
3289 5592 3342 5639 et
3363 5585 3584 5652 rigando.

1998 5645 2199 5703 tionem.
2227 5649 2308 5700 Illa
2330 5645 2448 5698 vero
2470 5660 2671 5713 prorsus
2681 5645 2987 5698 desideratur
3007 5649 3054 5696 in
3079 5645 3488 5698 wiuoneSavllii.

2063 5720 2132 5777 (ὁ)
2172 5717 2257 5768 Hae
2292 5729 2452 5771 vores,
2478 5726 2619 5777 tegre
2650 5712 2829 5777 ferens
2851 5713 3225 5777 (δυσχεραῖνον),
3262 5714 3474 5763 deerant
3522 5713 3581 5761 in

2001 5773 2170 5831 Morel.
2210 5780 2307 5828 Sed
2333 5777 2380 5826 in
2404 5775 2514 5827 aliis
2535 5773 2911 5838 Exemplaribus
2934 5773 3197 5826 habentur.
