4088 6274
439 372 545 430 379

439 498 493 543 et
521 486 700 541 multis
721 481 1128 546 calamitatibus,
1161 479 1270 534 Deo
1294 492 1507 546 semper
1525 474 1744 529 adhaesi.
1773 474 1826 529 Si
1853 482 2030 527 autem

443 581 514 634 ita
542 593 646 632 non
675 576 770 641 l‘ui,
799 575 1144 638 rctribuatur,
1177 571 1368 640 inquit,
1399 585 1559 638 super
1574 568 1805 622 animam
1838 579 2031 628 meam,

450 672 550 723 hoc
577 677 678 733 est,
713 665 832 720 dem
864 663 1102 717 ultimmn
1131 661 1468 730 supplicium.
1495 660 1549 713 4.
1582 657 1762 727 Sperct
1789 653 1954 708 Israel
1980 657 2033 706 in

445 757 662 813 Domine
688 799 705 826 ,
736 773 798 812 ea:
825 757 919 809 hoc
945 771 1076 808 nunc
1114 763 1159 807 et
1197 770 1351 821 usque
1377 751 1430 804 in
1457 749 1718 805 swculum.
1753 747 1912 802 Vides
1934 787 1948 812 ,
1979 754 2036 800 ut

443 851 551 906 dixi
582 854 632 904 iu
663 851 922 920 principio
946 889 962 914 ,
1009 849 1061 902 in
1089 847 1152 901 iis
1178 846 1389 916 quidem
1416 860 1534 915 quae
1563 845 1626 898 ad
1658 843 1813 897 fidem
1843 851 1896 896 et
1934 840 2034 895 do-

446 951 621 1015 gmata
650 943 954 1014 pertinent,
987 940 1087 995 etsi
1131 939 1273 992 nulla
1301 953 1460 992 causa
1489 937 1576 1003 sit,
1621 943 1868 1004 Oportere
1897 933 2032 987 assi-

445 1035 550 1090 duc
571 1033 805 1105 gloriari,
831 1041 883 1086 et
908 1046 1033 1085 eum
1057 1031 1144 1100 qui
1177 1045 1281 1083 non
1307 1028 1561 1099 gloriatur
1583 1026 1790 1096 perire:
1813 1025 1864 1079 in
1891 1032 2035 1078 recte

448 1133 625 1179 autem
662 1124 836 1189 factis,
864 1137 985 1176 cum
1018 1129 1226 1192 tempus
1252 1119 1512 1190 postulat,
1543 1133 1647 1171 non
1680 1115 2034 1170 recusandum

449 1231 569 1274 esse
597 1216 832 1288 gloriari.
862 1214 1139 1283 Quodnam
1184 1222 1263 1265 est
1299 1219 1474 1264 autem
1507 1209 1750 1277 tempus?
1792 1207 1951 1262 Multa
1981 1216 2036 1261 et

454 1308 628 1371 varia,
657 1321 880 1376 quorum
908 1319 1072 1358 unum
1104 1311 1228 1366 est,
1272 1298 1495 1356 docendi
1522 1299 1840 1353 auditorem.
1882 1297 2032 1366 Quod

447 1399 535 1454 hic
563 1413 774 1468 quoque
801 1397 999 1460 sciens,
1049 1403 1103 1450 et
1127 1393 1414 1448 ostendens
1460 1408 1519 1447 se
1569 1405 1661 1444 sua
1709 1400 1854 1446 recte
1897 1391 2032 1445 facta

449 1491 569 1546 ideo
587 1491 786 1554 dicere,
812 1499 869 1544 ut
890 1489 1186 1543 auditorem
1209 1485 1274 1540 ad
1297 1486 1378 1540 sui
1402 1484 1750 1539 imitationem
1779 1481 2030 1548 attrahat,

447 1584 722 1653 subjunxit
763 1583 986 1637 dicens:
1021 1579 1202 1651 Speret
1242 1578 1410 1632 Israel
1449 1579 1502 1632 in
1537 1575 1755 1630 Domino
1779 1616 1794 1634 ,
1841 1591 1904 1630 ea:
1942 1575 2035 1628 hoc

448 1691 583 1728 nunc
617 1683 661 1727 et
693 1689 844 1741 usque
871 1673 926 1725 in
951 1671 1216 1726 swculum.
1241 1668 1364 1723 Sive
1386 1709 1402 1734 ,
1450 1667 1636 1736 inquit,
1666 1665 1996 1720 calamitates
2016 1706 2031 1731 ,

447 1765 560 1820 sive
580 1764 942 1834 :egritudiues,
965 1762 1076 1816 sive
1097 1761 1256 1827 bella,
1285 1768 1339 1813 et
1363 1758 1717 1827 captivitates,
1736 1758 1848 1812 sive
1867 1757 2038 1823 quod-

449 1873 679 1927 cumque
706 1856 843 1910 aliud
874 1870 1040 1924 grave
1067 1852 1467 1922 etinopinatum
1498 1852 1695 1906 malum
1724 1861 1776 1906 te
1800 1852 2033 1905 circum-

451 1947 683 2011 sederit,
712 1961 859 2016 Spem
891 1946 945 2000 in
976 1946 1140 2000 Deum
1186 1953 1241 1998 et
1272 1943 1718 2013 exspectationem
1747 1943 1888 1996 illam
1916 1949 2038 1996 tene

453 2039 678 2093 llrmiter
703 2080 718 2102 ,
749 2046 804 2091 et
840 2036 1056 2091 omnino
1091 2036 1262 2090 bonus
1288 2036 1390 2090 erit
1433 2033 1524 2088 tibi
1563 2033 1680 2087 linis
1728 2041 1782 2088 et
1827 2033 2034 2101 exitus,

453 2130 564 2184 Dco
606 2128 808 2184 scilicet
853 2127 988 2181 hanc
1020 2137 1160 2181 tuam
1189 2127 1382 2182 bonam
1428 2138 1577 2194 Spem
1606 2133 1980 2178 rcmunerante
2005 2138 2036 2178 a

452 2222 603 2276 malis
629 2220 722 2275 tibi
766 2219 886 2274 data
934 2218 1286 2284 liberatione,
1333 2217 1384 2270 in
1427 2215 1638 2270 Christo
1666 2214 1792 2270 Jesu
1813 2213 2037 2268 Domino

452 2323 634 2368 nostro
665 2331 677 2366 :
709 2312 793 2366 cui
815 2310 982 2382 gloria
1012 2317 1068 2366 et
1095 2309 1374 2380 imperium
1399 2308 1449 2362 in
1479 2309 1670 2362 saecula
1697 2306 2033 2361 saeculorum.

455 2407 643 2459 Amen.

874 2492 938 2546 IN
979 2489 1302 2547 PSALMUM
1339 2488 1580 2544 CXXXI.

458 2588 480 2644 1
541 2585 790 2640 Memento
815 2625 830 2651 ,
862 2582 1080 2638 Domine
1102 2623 1117 2651 ,
1146 2581 1311 2635 David
1333 2623 1348 2648 ,
1382 2590 1426 2635 et
1453 2581 1615 2635 omnis
1645 2579 2040 2635 mansuetudinis

1165 2677 1295 2748 ejus.

528 2793 582 2847 1.
613 2790 776 2845 Mosis
799 2785 1390 2844 mansuetudo.—Alibi
1413 2785 1626 2856 quidem
1656 2795 1844 2856 rogant
1865 2786 2038 2841 solum

456 2883 656 2939 servari
684 2899 748 2938 ex
777 2881 1034 2937 memoria
1062 2879 1322 2948 majorum
1355 2897 1366 2932 :
1401 2876 1485 2932 hic
1513 2885 1690 2932 autem
1716 2877 1853 2931 bona
1878 2889 2039 2946 opera

456 2983 710 3038 narrant,
743 2983 799 3029 et
840 2972 980 3043 quod
1007 2979 1090 3026 est
1119 2971 1352 3026 omnium
1383 2970 1641 3024 bonorum
1668 2983 1826 3023 causa
1851 3009 1866 3032 ,
1921 2981 2039 3022 mo-

455 3066 821 3132 derationem,
862 3063 1215 3119 humilitatem
1240 3101 1254 3126 ,
1301 3059 1781 3114 mansuetudinem.
1825 3058 1949 3113 Ideo
1987 3057 2040 3113 in

458 3158 686 3214 maxima
714 3171 925 3228 quoque
949 3154 1302 3211 admiratione
1328 3151 1622 3206 habebatur
1646 3151 1838 3205 Moses.
1869 3149 1996 3203 Erat
2022 3191 2038 3216 ,

459 3251 630 3322 inquit
653 3292 666 3317 ,
714 3249 1004 3304 mitissimus
1031 3247 1255 3301 omnium
1283 3245 1543 3299 hominum
1562 3285 1576 3308 ,
1619 3244 1703 3314 qui
1725 3253 1865 3297 erant
1893 3259 2042 3313 super

459 3354 644 3397 terram
671 3340 876 3413 (Num.
903 3339 990 3393 l2.
1020 3337 1110 3411 5).
1137 3337 1240 3393 Sed
1263 3335 1499 3391 nonnulli
1526 3333 1759 3389 lueretici
1785 3335 1898 3404 ejus
1921 3333 2042 3388 vitae

462 3436 780 3496 institutum,
808 3441 862 3487 et
888 3431 939 3485 id
961 3429 1101 3500 quod
1128 3429 1325 3484 dictum
1353 3436 1436 3484 est
1463 3426 1913 3497 reprehendentes
1939 3425 2038 3497 (a),

462 3525 668 3597 dicunt,
718 3521 856 3590 Quid
883 3520 1054 3576 dicis?
1102 3529 1217 3574 erat
1248 3520 1334 3574 ille
1372 3517 1682 3573 mitissimus
1703 3561 1717 3585 ,
1742 3518 1830 3587 qui
1852 3517 2044 3572 invasit

461 3615 770 3688 Egyptium
795 3657 810 3682 ,
861 3621 915 3670 et
937 3629 1061 3668 eum
1104 3607 1406 3667 interfecit?
1437 3611 1524 3681 qui
1551 3609 1763 3666 Judaaos
1803 3609 2044 3678 implevit

461 3709 718 3782 sanguine
747 3716 801 3763 et
825 3707 979 3763 bellis
1005 3704 1311 3760 intestinis?
1339 3702 1428 3774 qui
1449 3702 1607 3771 jussit
1637 3710 1694 3756 ut
1721 3701 2042 3771 consangui-

463 3803 546 3860 uei
573 3809 827 3875 cognatos
851 3796 1200 3853 occiderent?
1224 3797 1310 3866 qui
1340 3793 1585 3863 precibus
1609 3801 1667 3847 ut
1697 3803 1835 3847 terra
1863 3790 2044 3846 dehis-

463 3901 612 3950 cerct
637 3890 828 3956 effecit,
859 3899 913 3945 et
936 3905 966 3944 e
995 3887 1238 3957 superuis
1281 3884 1480 3939 fulmen
1514 3882 1764 3938 deorsum
1789 3881 2042 3947 vibravit,

463 3995 516 4042 ct
542 3985 663 4039 illos
691 3982 904 4052 quidem
931 3978 1252 4042 submersit,
1299 3976 1398 4031 hos
1439 3991 1566 4030 vero
1611 3975 1852 4030 exussit?
1879 3974 1923 4028 si
1959 3972 2044 4027 hic

463 4077 626 4143 mitis,
651 4075 768 4146 quis
797 4087 968 4128 saevus
997 4079 1051 4126 et
1079 4067 1394 4124 iracundus?
1415 4067 1628 4132 Desine,
1661 4080 1833 4135 neque
1857 4079 2046 4133 super-

467 4184 697 4224 vacauea
729 4167 964 4236 loquere.
998 4161 1150 4232 Quod
1177 4161 1318 4216 enim
1344 4169 1461 4216 erat
1500 4159 1662 4224 mitis,
1709 4167 1765 4212 et
1809 4156 2044 4211 omnium

468 4263 740 4322 hominum
763 4259 1091 4321 mitissimus,
1114 4265 1168 4310 et
1194 4255 1334 4316 dico,
1356 4267 1528 4322 neque
1549 4266 1800 4321 umquam
1825 4250 2047 4306 cessabo

465 4355 661 4416 dicere,
690 4363 742 4406 et
768 4353 811 4405 si
837 4350 1018 4415 vultis,
1044 4364 1147 4403 non
1174 4345 1386 4401 aliunde
1404 4360 1562 4415 quam
1592 4360 1658 4398 ex
1685 4343 1749 4397 iis
1768 4358 1886 4413 qua:
1906 4342 2046 4397 dicta

466 4455 589 4501 sunt
614 4445 849 4499 conabor
876 4441 1159 4496 ostendere
1199 4438 1314 4508 ejus
1357 4435 1837 4492 mansuetudinem.
1887 4433 2047 4504 Atqui

471 4549 707 4607 poteram
736 4533 915 4589 dicere
943 4547 1060 4602 quae
1086 4530 1153 4584 de
1183 4543 1368 4583 sorore
1405 4528 1473 4582 ab
1498 4541 1562 4582 eo
1596 4526 1661 4580 ad
1699 4526 1864 4580 Deum
1907 4524 2048 4579 dicta

470 4637 615 4689 sunt,
645 4623 1084 4695 supplicationem
1116 4635 1216 4688 qua
1246 4635 1342 4689 pro
1369 4618 1565 4688 populo
1594 4630 1721 4670 usus
1744 4625 1843 4678 est,
1873 4615 2048 4669 omnia

473 4719 634 4774 verba
666 4717 750 4772 illa
777 4716 1068 4786 apostolica
1096 4754 1110 4778 ,
1141 4721 1194 4766 et
1228 4710 1358 4764 caelo
1386 4709 1541 4778 digna
1566 4750 1581 4774 ,
1632 4706 2050 4761 moderationem

475 4829 577 4883 qua
599 4810 967 4879 alloquebatur
995 4806 1266 4874 pupulum.
1297 4803 1546 4857 Poterant
1576 4801 1688 4854 haec
1707 4800 1809 4854 dici
1836 4840 1850 4865 ,
1887 4808 1940 4852 et
1967 4797 2051 4852 his

468 4905 572 4963 alia
602 4903 758 4972 longe
783 4901 931 4970 plura
961 4897 1294 4960 enumerari;
1321 4893 1414 4950 sed
1441 4894 1484 4947 si
1514 4891 1690 4954 vultis,
1717 4891 1799 4944 his
1830 4898 2050 4958 practer-

473 4997 681 5059 missis,
727 5010 791 5050 ex
824 4993 888 5048 iis
915 4991 1043 5061 ipsis
1067 5005 1183 5059 qum
1212 4999 1333 5041 ante
1359 4985 1498 5040 dicta
1539 4993 1668 5037 sunt
1703 4980 2048 5047 abinimicis,

470 5105 568 5159 age
594 5085 937 5142 ostendamus
968 5098 1088 5137 cum
1117 5080 1279 5137 fuisse
1303 5079 1538 5133 omnium
1570 5075 1844 5128 hominum
1881 5071 2051 5126 mitis-

473 5181 693 5244 simum,
725 5191 788 5231 ex
813 5174 1002 5245 quibus
1023 5187 1144 5227 eum
1174 5185 1372 5224 saevum
1398 5207 1414 5233 ,
1459 5166 1744 5219 immanem
1769 5174 1820 5218 et
1848 5163 2054 5217 iracun-

474 5271 599 5326 dum
626 5268 837 5338 quidam
863 5280 982 5321 esse
1008 5263 1330 5319 existimant.
1354 5256 1630 5324 Quomodo
1656 5270 1784 5326 ergo
1809 5257 2056 5310 ostende-

475 5361 636 5420 mus?
669 5360 723 5415 Si
753 5360 900 5429 prius
925 5354 1326 5412 distinxerimus
1349 5391 1364 5414 ,
1409 5365 1472 5404 ac
1500 5349 1862 5403 definierimus
1885 5387 1900 5414 ,
1931 5349 2056 5418 quid

477 5457 547 5510 sit
573 5450 944 5517 mansuetudo,
971 5457 1025 5503 et
1050 5447 1178 5518 quid
1199 5444 1466 5506 ferocitas.
1497 5441 1680 5512 Neque
1709 5442 1851 5497 enim
1876 5440 2054 5504 ferire,

477 5557 560 5600 est
588 5545 832 5599 absotute
862 5541 1186 5604 ferocitatis;
1226 5553 1398 5608 neque
1427 5549 1666 5605 parcere,
1699 5535 2058 5589 mansuetudi-

480 5641 561 5695 nis
591 5656 604 5691 :
633 5635 725 5692 sed
756 5635 896 5690 mitis
923 5635 1010 5689 ille
1040 5645 1123 5689 est
1149 5675 1162 5697 ,
1211 5633 1297 5702 qui
1329 5633 1466 5686 ferre
1507 5637 1681 5698 potest
1721 5644 1840 5698 qua:
1871 5628 1922 5681 in
1951 5627 2059 5681 sei-

541 5752 615 5812 (η)
647 5750 730 5799 ttic
748 5749 940 5812 videtur
967 5754 1137 5797 notare
1155 5747 1449 5806 Manichteos,
1475 5746 1556 5808 qui
1588 5743 1753 5807 legem
1779 5749 1830 5792 et
1856 5749 2059 5804 Moysen:

480 5811 928 5877 reprehendebant.

1153 364 1210 418 S.
1251 361 1530 422 JOANNIS
1565 358 2039 417 CHRYSOSTOMI
2077 355 2393 410 ARClllEP.
2434 355 2963 412 CONSTANTINOP.

3623 361 3729 415 380

2142 486 2292 540 psum
2323 480 2535 541 peccata
2565 480 2688 526 sunt
2721 513 2736 537 ,
2780 471 2869 541 qui
2912 471 3030 526 aliis
3075 471 3267 527 factam
3313 473 3556 544 injuriam
3606 494 3732 546 pm—

2140 562 2332 631 pulsat,
2355 571 2408 616 et
2431 561 2507 614 eis
2536 560 2635 614 fert
2653 575 2830 630 opem,
2857 570 2910 616 et
2933 572 3016 616 est
3041 562 3332 618 vehemens
3352 564 3494 619 ultor
3513 581 3724 634 eorum,

2139 654 2230 721 qui
2260 653 2451 721 probra
2493 653 2779 722 ingerunt;
2820 652 2911 722 qui
2932 661 3110 708 autem
3153 670 3256 710 nou
3304 668 3385 712 est
3424 658 3726 726 ejusmodi,

2139 743 2233 797 sed
2257 752 2340 796 est
2368 742 2531 797 hebes
2550 783 2565 808 ,
2595 741 2772 809 deses,
2801 745 3169 801 somnolentus
3193 788 3206 809 ,
3241 756 3292 801 et
3321 759 3528 802 mortuo
3557 749 3725 804 nihil»

2141 834 2330 889 melius
2355 833 2596 899 aﬂ'ectus,
2628 849 2734 888 non
2765 845 2848 889 est
2886 835 3030 889 mitis
3056 852 3154 891 nec
3182 849 3509 894 mansuetus.
3537 841 3724 910 Βεερὶ-

2139 939 2260 980 cere
2290 939 2383 979 eos
2407 926 2600 995 quibus
2631 927 2688 978 lit
2711 925 2900 995 injuria
2926 967 2942 992 ,
2988 941 3093 980 nou
3116 927 3298 983 dolere
3320 929 3485 984 vicem
3535 945 3717 985 eorum

2139 1017 2226 1086 qui
2256 1016 2443 1085 injuria
2487 1015 2828 1080 afficiuntur,
2878 1031 2976 1071 nec
3029 1018 3093 1071 iis
3117 1018 3269 1073 irasci
3315 1021 3403 1089 qui
3435 1021 3640 1089 probris
3668 1033 3724 1076 et

2139 1107 2476 1162 contumeliis
2499 1109 2738 1162 afﬁciunt
2761 1149 2775 1173 ,
2803 1123 2912 1162 non
2938 1118 3020 1164 est
3051 1111 3275 1175 virtutis,
3305 1111 3398 1166 sed
3432 1114 3538 1166 vitii
3570 1133 3584 1167 :
3614 1131 3724 1168 non

2139 1209 2221 1255 est
2267 1201 2719 1268 mansuetudinis,
2770 1202 2863 1258 sed
2894 1200 3136 1272 ignaviae.
3178 1203 3353 1271 Quare
3395 1205 3495 1259 hoc
3545 1207 3720 1276 ipsum

2140 1291 2374 1346 ostendit
2423 1293 2540 1361 ejus
2569 1295 3028 1349 mansuetudinem
3056 1337 3071 1361 ,
3118 1305 3173 1348 et
3220 1295 3361 1364 quod
3405 1307 3546 1351 esset
3586 1298 3723 1352 adeo

2139 1383 2354 1450 ardens,
2387 1393 2444 1438 ut
2466 1385 2747 1452 prosiliret,
2779 1401 2899 1440 cum
2944 1386 3148 1442 videret
3181 1387 3313 1442 alios
3340 1389 3525 1458 injuria
3553 1390 3720 1459 aflici,

2141 1474 2272 1527 iram
2313 1489 2409 1543 pro
2456 1475 2662 1545 justitia
2717 1493 2821 1530 non
2858 1477 3040 1532 valens
3085 1478 3338 1534 cohibere
3371 1491 3467 1536 :at
3507 1483 3721 1550 quando

2141 1564 2253 1633 ipse
2282 1566 2420 1620 malo
2447 1566 2625 1636 aliquo
2651 1567 2868 1622 allectus
2909 1579 2990 1623 est
3013 1610 3026 1632 ,
3061 1585 3158 1624 nec
3184 1572 3322 1625 ultus
3341 1582 3443 1636 est,
3471 1588 3569 1628 nec
3599 1589 3721 1642 pm-

2141 1672 2264 1711 nam
2297 1659 2562 1727 sumpsit,
2613 1673 2712 1712 nec
2750 1674 2781 1713 a
2829 1659 3179 1729 philosophia:
3205 1661 3444 1718 instituto
3471 1679 3717 1732 umquam

2142 1750 2381 1805 recessit.
2409 1750 2467 1804 Si
2505 1759 2679 1804 autem
2720 1750 2909 1806 fuisset
2949 1751 3084 1806 adeo
3107 1769 3281 1808 saevus
3309 1765 3364 1808 et
3387 1755 3672 1810 iracundus
3702 1774 3716 1808 :

2140 1842 2229 1910 qui
2261 1856 2357 1911 pro
2383 1840 2504 1896 aliis
2532 1842 2668 1897 adeo
2697 1842 3123 1899 inflammabatur
3163 1855 3217 1900 et
3255 1847 3679 1904 excandescebat
3701 1891 3720 1915 ,

2142 1947 2429 2003 numquam
2456 1934 2692 1989 animum
2722 1935 3040 2002 induxisset,
3068 1945 3126 1990 ut
3151 1951 3249 2006 pro
3275 1939 3341 1993 iis
3360 1954 3478 2008 quae
3493 1939 3558 1993 ad
3587 1941 3724 2011 scip-

2141 2039 2259 2078 sum
2287 2025 2644 2094 pertinebant,
2668 2026 2966 2094 quiesceret
2993 2044 3005 2077 :
3033 2027 3127 2082 sed
3148 2036 3273 2083 tunc
3299 2031 3464 2100 magis
3487 2033 3722 2087 irritatus

2143 2119 2349 2176 fuisset.
2394 2119 2553 2175 Scitis
2581 2122 2721 2174 enim
2764 2136 2864 2176 nos
2907 2121 3098 2191 aegrius
3145 2121 3285 2177 ferre
3332 2133 3509 2178 nostra
3555 2141 3716 2195 quam

2143 2213 2337 2269 aliena.
2363 2214 2454 2269 llle
2480 2224 2677 2278 autem,
2709 2229 2829 2268 cum
2852 2216 2937 2268 alii
2959 2215 3171 2283 quidem
3194 2217 3333 2270 male
3361 2217 3718 2286 patiebantur,

2144 2322 2250 2360 non
2279 2305 2454 2360 minus
2479 2321 2636 2374 quam
2667 2305 2741 2360 illi
2764 2306 2860 2377 ipsi
2887 2307 3078 2376 quibus
3104 2308 3241 2362 male
3285 2307 3464 2375 fiebat,
3497 2309 3722 2365 ulcisce-

2145 2397 2296 2452 batur
2321 2413 2334 2450 :
2361 2395 2554 2450 delicta
2581 2405 2757 2450 autem
2786 2411 2906 2465 qua:
2936 2396 2988 2450 in
3019 2397 3188 2467 ipsum
3228 2397 3456 2451 admissa
3487 2397 3718 2465 fuemunt,

2143 2502 2263 2542 cum
2291 2487 2523 2541 maxima
2550 2485 2987 2556 praetermittebat
3036 2486 3315 2541 tolerantia
3340 2527 3354 2551 ,
3398 2487 3448 2541 in
3496 2497 3720 2556 utroque

2143 2589 2385 2637 extremo
2410 2579 2708 2635 consistens
2729 2620 2744 2644 ,
2778 2579 2867 2632 illo
2893 2578 3105 2648 quidem
3127 2620 3142 2644 ,
3183 2595 3241 2634 se
3267 2593 3385 2634 esse
3411 2579 3562 2636 malis
3592 2581 3721 2634 infe-

2144 2685 2285 2729 stum
2311 2714 2326 2739 ,
2377 2671 2479 2726 hoc
2507 2687 2633 2726 vero
2659 2686 2717 2724 se
2766 2685 2885 2725 esse
2913 2669 3088 2724 leuem
3135 2680 3188 2724 et
3216 2671 3500 2740 patientem
3543 2682 3722 2726 osten-

2143 2765 2300 2820 dens.
2323 2762 2427 2819 Sed
2457 2762 2564 2829 dic,
2591 2776 2792 2832 qumsn,
2823 2760 2947 2830 quid
2974 2776 3094 2815 eum
3121 2760 3297 2816 facere
3320 2763 3582 2830 Oportuit?
3602 2778 3720 2817 eam

2145 2854 2456 2925 despicere,
2507 2868 2624 2922 quae
2654 2851 3015 2916 inferebatur,
3059 2850 3366 2919 injuriam',
3428 2862 3480 2906 et
3524 2853 3721 2907 malum

2146 2947 2286 3024 quod
2320 2945 2616 3017 pertinebat
2653 2943 2717 2998 ad
2751 2943 3041 3014 populum?
3073 2942 3178 2998 Sed
3218 2943 3270 2997 id
3315 2958 3420 2997 non
3451 2953 3567 2998 erat
3608 2945 3725 3014 ejus

2145 3041 2236 3112 qui
2264 3037 2482 3108 regebat
2510 3035 2783 3106 p0pulum,
2817 3049 2916 3089 nec
2943 3035 3185 3102 patientis
3209 3034 3430 3104 alicujus
3457 3045 3513 3089 et
3540 3036 3682 3090 mitis
3708 3076 3722 3098 ,

2146 3131 2239 3188 sed
2265 3130 2463 3186 desidis
2493 3139 2546 3184 et
2567 3128 2762 3198 ignavi.
2787 3127 2865 3182 Tu
2895 3136 3070 3182 autem
3098 3125 3358 3181 medicum
3382 3127 3592 3196 quidem
3617 3144 3725 3181 non

2146 3222 2513 3299 reprehendis,
2542 3221 2631 3292 qui
2663 3219 2995 3291 putredinem
3025 3227 3191 3274 totum
3219 3233 3415 3288 corpus
3443 3235 3725 3288 permean-

2149 3327 2253 3373 tem
2281 3316 2517 3372 sectione
2537 3312 2776 3384 reprimit
2801 3327 2813 3366 :
2843 3311 2989 3365 illum
3012 3319 3186 3366 autem
3215 3309 3346 3364 dicis
3369 3325 3486 3364 esse
3506 3312 3728 3364 atrocis-

2148 3406 2338 3462 simum
2368 3447 2384 3472 ,
2413 3405 2504 3474 qui
2527 3403 2769 3459 morbum
2804 3402 2957 3471 longe
2985 3401 3263 3471 putredine
3303 3400 3599 3470 graviorem
3630 3417 3730 3471 per

2150 3507 2315 3553 totum
2344 3497 2595 3566 populum
2625 3502 3022 3563 permanentem
3055 3491 3160 3545 ictu
3191 3493 3346 3560 paulo
3369 3491 3601 3562 graviori
3629 3508 3727 3544 vo-

2150 3589 2305 3644 luerit
2332 3583 2616 3642 coercere?
2643 3583 2800 3653 Atqui
2823 3582 2936 3636 haec
2959 3589 3081 3635 sunt
3101 3580 3292 3650 judicis
3316 3595 3419 3635 non
3449 3580 3579 3634 satis
3600 3596 3726 3634 con-

2149 3680 2384 3736 siderati.
2412 3677 2564 3733 Tanti
2591 3677 2730 3731 enim
2755 3674 2932 3745 populi
2958 3673 3286 3743 pricfectum,
3313 3681 3368 3728 et
3392 3673 3480 3742 qui
3502 3673 3730 3729 ducebat

2148 3779 2360 3842 gentem
2387 3766 2521 3822 adeo
2547 3780 2813 3837 asperam,
2837 3763 3023 3818 duram
3051 3771 3105 3817 et
3130 3761 3536 3828 intractabilem,
3566 3777 3728 3831 opor-

2153 3863 2296 3918 tebat
2332 3861 2509 3916 statim
2537 3874 2567 3912 a
2601 3857 2858 3926 principio
2885 3855 3209 3923 reprimere,
3252 3860 3305 3908 et
3343 3854 3393 3909 in
3423 3854 3536 3922 ipso
3564 3854 3727 3907 vesti-

2150 3954 2276 4008 bulo
2292 3949 2615 4016 rescindere,
2635 3962 2702 4002 ne
2723 3946 2918 4001 malum
2937 3945 3143 4014 longius
3162 3954 3418 4013 serperet.
3442 3945 3512 3998 At
3530 3945 3724 4006 obruit,

2151 4044 2340 4114 inquit,
2372 4041 2575 4096 Dathan
2597 4047 2651 4094 et
2679 4037 2899 4092 Abiron.
2921 4034 3056 4102 Quid
3079 4034 3248 4089 dicis?
3273 4034 3618 4104 oportebatne
3637 4035 3727 4088 de-

2151 4138 2358 4208 spicere
2377 4131 2753 4197 sacerdotium,
2769 4128 3086 4194 conculcari,
3112 4136 3167 4182 et
3196 4128 3286 4182 Dei
3313 4128 3456 4198 leges
3477 4127 3661 4189 everti,
3676 4138 3726 4182 et

2153 4231 2206 4286 id
2231 4227 2373 4301 quod
2398 4227 2574 4282 omnia
2597 4224 2834 4279 continet
2860 4219 3074 4275 dissolvi
3105 4237 3118 4273 :
3149 4218 3267 4273 dico
3293 4227 3467 4272 autem
3504 4217 3725 4286 dignita-

2153 4335 2259 4378 tem
2301 4316 2624 4381 sacerdotii;
2655 4322 2710 4368 et
2734 4311 2980 4368 omnibus
3004 4309 3160 4381 adyta
3193 4307 3526 4378 patefacere,
3565 4315 3622 4361 et
3663 4321 3725 4360 ex

2153 4427 2341 4470 eorum
2366 4415 2671 4475 contemptu
2697 4403 3003 4474 permittere
3028 4409 3083 4453 ut
3110 4399 3292 4453 liceret
3321 4397 3616 4452 volentibus
3641 4411 3727 4450 sa-

2154 4514 2430 4562 crosancta
2458 4498 2774 4556 conculcare
2797 4503 2942 4564 septa
2968 4533 2984 4560 ,
3029 4501 3082 4546 et
3119 4491 3294 4545 omnia
3340 4504 3534 4560 susque
3563 4488 3731 4557 deque

2155 4611 2312 4667 agere
2327 4604 2379 4650 et
2395 4588 2658 4648 miscere?
2680 4587 2837 4656 Atqui
2853 4601 2913 4640 ea
2934 4599 3036 4640 non
3056 4580 3618 4640 eratmansuetudinis,
3639 4579 3729 4631 sed

2156 4684 2554 4745 iuhumanitatis
2583 4691 2636 4737 et
2664 4677 2988 4736 crudelitatis
3009 4716 3024 4739 ,
3056 4674 3331 4743 despicere
3359 4680 3562 4725 tantum
3593 4668 3731 4737 quod

2156 4779 2429 4837 crescebat
2460 4774 2656 4829 malum
2684 4791 2697 4824 :
2728 4780 2782 4826 et
2807 4769 2932 4823 dum
2953 4765 3195 4821 ducentis
3221 4773 3482 4834 parceret,
3516 4760 3734 4829 perdere

2159 4883 2235 4927 tot
2258 4870 2438 4925 millia.
2471 4867 2568 4921 Dic
2590 4865 2730 4920 cnim
2763 4860 2887 4916 mihi
2909 4901 2923 4924 ,
2955 4872 3134 4928 qumso
3159 4897 3174 4922 ,
3223 4853 3434 4926 quando
3457 4853 3616 4922 jussit
3642 4868 3733 4920 go-

2159 4978 2287 5017 nere
2315 4957 2637 5030 propinquos
2660 4951 2902 5009 occidere
2919 4991 2934 5016 ,
2957 4947 3082 5019 quid
3100 4961 3220 5001 eum
3262 4945 3437 4999 facere
3471 4943 3731 5013 oportuit,

2159 5067 2282 5107 cum
2313 5050 2453 5104 Deus
2492 5048 2838 5107 irasceretur,
2867 5048 3133 5095 cresceret
3158 5036 3427 5104 impietas,
3455 5049 3575 5088 cum
3607 5033 3734 5087 nihil

2161 5151 2323 5208 esset,
2354 5139 2493 5210 quod
2523 5153 2616 5193 eos
2645 5143 2822 5206 posset
2858 5132 2924 5186 ab
2951 5131 3025 5184 ira
3065 5126 3314 5198 eripere?
3361 5127 3736 5194 permitterene

2161 5234 2343 5292 debuit
2365 5241 2422 5286 ut
2450 5231 2600 5300 plaga
2628 5225 2854 5284 ccclesiis
2883 5225 2938 5278 in
2966 5237 3151 5277 omnes
3177 5220 3342 5274 tribus
3368 5218 3733 5281 descenderet,

2161 5336 2216 5382 et
2244 5325 2490 5381 universo
2518 5319 2698 5392 generi
2724 5315 2990 5371 interitum
3017 5311 3230 5366 all‘erret
3253 5350 3269 5374 ,
3310 5319 3364 5362 ct
3387 5306 3504 5362 cum
3535 5307 3732 5376 suppli-

2164 5420 2248 5475 cio
2291 5415 2556 5486 negligere
2596 5418 2865 5482 peccatum
2903 5401 3332 5461 immedicabile?
3378 5415 3445 5454 an
3488 5415 3642 5468 ptent!
3687 5409 3735 5451 et

2228 5552 2247 5582 ³
2281 5547 2391 5606 Alii,
2411 5543 2656 5606 despicere
2695 5544 2988 5606 grassantem
3011 5535 3288 5606 nequitiam.
3307 5541 3474 5606 ,εει-ιε.
3490 5543 3582 5606 non
3601 5541 3735 5606 spot

2166 5589 2818 5710 nenda-lectior-z—eruntque
2858 5602 3061 5648 fortasse
3084 5589 3178 5659 'qui
3205 5592 3557 5665 praeferendam
3601 5589 3734 5636 alteri

2166 5673 2435 5710 mllnhnnl:
2468 5667 2554 5710 sed
2577 5680 2684 5710 cum
2707 5677 2734 5710 a
2758 5667 2848 5710 iam
2884 5659 3083 5708 savilius
3122 5664 3298 5710 pariter
3343 5661 3490 5710 atque
3524 5650 3734 5698 Morclitt':

2166 5650 2554 5736 ἷξεὰ
2577 5650 2848 5736 ἆὺῆἷᾲίῐθῴ
2881 5650 3298 5736 sat'iliusjiapiter
3343 5661 3490 5736 atque
3524 5650 3734 5736 ﬂorentis

2167 5717 2490 5786 adhibuerim,
2529 5736 2677 5788 atque
2709 5725 2857 5788 itaqab
2881 5717 3152 5788 Interpretc
3187 5717 3362 5788 lec=um
3386 5717 3462 5763 sit.
3494 5726 3600 5788 eam
3624 5718 3728 5757 reu-

2171 5781 2294 5847 net‘e
2318 5781 2564 5843 visumest
2590 5781 2730 5837 {cum
2753 5785 2928 5849 alioqui
2951 5796 3031 5834 res
3051 5783 3114 5830 sit
3137 5781 3316 5828 minimi
3339 5783 3587 5825 momenti.
