4088 6274
400 353 503 406 579

401 462 726 534 συμφοραῖς,
764 460 997 533 εἰχόμην
1016 461 1108 515 τοῦ
1133 461 1290 519 Θεοῦ.
1313 465 1375 516 Εἰ
1407 463 1463 517 δέ
1496 463 1570 535 μὴ
1606 461 1776 526 οὕτως
1805 462 1972 540 ήμην⁹

397 549 811 619 ἀνταποδοθείη,
846 552 1030 618 φησὶν,
1068 550 1161 604 ἐπὶ
1200 550 1297 622 τὴν
1325 550 1501 622 ψυχήν
1541 567 1664 621 μου,
1708 549 1975 609 τουτέστι,

403 642 556 711 δίκην
585 638 731 709 δοίην
767 637 866 709 τὴν
898 638 1152 712 ἐσχάτην.
1212 638 1549 695 Ἐλπισάτω
1582 636 1832 708 Ἰσραὴλ
1877 639 1977 693 ἐπὶ

404 727 511 782 τὸν
556 727 798 795 Κύριον,
836 726 956 780 ἀπὸ
994 727 1102 781 τοῦ
1145 728 1265 783 νῦν
1308 728 1406 782 καί
1442 727 1556 796 ἕως
1589 727 1696 783 τοῦ
1741 725 1976 795 αἰῶνος.

415 815 599 886 ὐρᾷς,
627 816 763 886 ὅπερ
785 815 925 885 ἔφην
952 815 1012 880 ἐξ
1036 816 1233 888 ἀρχῆς,
1264 817 1346 871 ὅτι
1379 819 1437 871 ἐν
1465 817 1565 889 μὲν
1594 819 1707 880 τοῖς
1734 816 1863 888 περὶ
1885 816 1977 870 πί-

401 919 573 966 στεως
597 903 691 956 καὶ
721 903 1028 973 δογμάτων,
1063 904 1157 958 καὶ
1176 905 1354 968 αἰτίας
1382 905 1482 958 οὐκ
1510 902 1695 967 οὖα-ης.
1719 903 1980 974 διηνεκῶς

401 990 482 1042 δεῖ
506 990 833 1060 καυχᾶσθαι,
857 990 951 1045 καὶ
977 992 1007 1045 6
1037 990 1110 1063 μὴ
1142 990 1493 1062 καυχώμενος
1516 991 1810 1045 ἀπόλωλεν·
1840 993 1897 1044 ἐν
1921 990 1980 1045 δὲ

400 1080 515 1141 τοῖς
565 1076 955 1148 κατορθώμασι
1000 1076 1093 1131 τοῦ
1147 1077 1287 1147 βίου,
1327 1077 1419 1132 τοῦ
1463 1077 1656 1148 καιροῦ
1688 1078 1982 1141 καλοῦντος

399 1165 655 1219 οὐδέποτε
705 1166 1092 1235 παραιτεῖσθαι
1136 1168 1219 1220 δεῖ
1251 1167 1314 1220 τὸ
1354 1166 1681 1237 καυχᾶσθαι.
1718 1168 1872 1230 Ποῖος
1925 1165 1982 1220 δὲ

403 1257 628 1326 καιρός;
684 1256 877 1310 Πολλοὶ⁴
927 1257 1020 1311 καὶ
1071 1255 1337 1328 διάφοροι,
1371 1250 1447 1311 ὧν
1505 1258 1602 1312 καὶ
1659 1252 1742 1321 εἷς
1769 1259 1886 1311 ἐστι
1919 1257 1984 1310 τὸ

401 1344 689 1400 παιδεῦσαι
717 1345 811 1398 τὸν
833 1346 1131 1416 ἀκροατήν.
1166 1346 1232 1398 '0
1259 1345 1323 1418 δὴ
1361 1345 1457 1399 καὶ
1490 1340 1644 1410 οὗτος
1680 1344 1856 1410 εἰδὼς,
1890 1347 1983 1400 καὶ

404 1434 639 1496 δεικνὺς,
671 1432 752 1485 ὅτι
767 1430 856 1486 διὰ
882 1430 1040 1486 τοῦτο
1063 1431 1211 1501 λέγει
1234 1432 1398 1486 αὑτοῦ
1427 1432 1533 1486 ιιτά
1564 1432 1982 1504 κατορθώματα,

403 1522 492 1575 ῖνα
520 1521 611 1574 τὸν
637 1517 911 1591 ἀκροατὴν
930 1519 1301 1590 ἐπισπάσηται
1327 1520 1464 1591 πρὸς
1489 1521 1580 1573 τὸν
1604 1519 1766 1573 αὐτὸν
1800 1519 1982 1590 ζῆλον,

403 1608 652 1678 ἐπήγαγε
688 1606 887 1676 λέγων’
940 1604 1279 1660 Ἐλπισάτω
1328 1604 1567 1672 Ἰσραὴλ
1603 1604 1702 1658 ἐπὶ
1732 1605 1840 1659 τὸν
1869 1604 1987 1659 K75-

400 1711 557 1763 ριον,
581 1694 700 1748 ἀπὸ
726 1694 831 1748 τοῦ
871 1693 990 1748 νῦν
1018 1692 1115 1747 καὶ
1153 1692 1266 1761 ἕως
1292 1692 1399 1746 τοῦ
1423 1693 1657 1759 αἰῶνος.
1692 1691 1811 1746 Κᾶν
1839 1709 1982 1763 συμ-

407 1781 591 1852 φοραὶ,
630 1780 782 1850 φησὶ,
818 1779 922 1834 κᾶν
954 1778 1201 1851 ἀθυμίαι,
1230 1779 1333 1833 κᾶν
1361 1780 1610 1850 πόλεμοι,
1647 1778 1749 1833 κᾶν
1787 1781 1986 1851 αἰχμα-

403 1867 618 1933 λωσίαι,
640 1867 744 1920 κᾶν
769 1866 948 1921 ὁτιοῦν
973 1867 1083 1919 τῶν
1114 1866 1390 1936 ἀδοκήτων
1414 1865 1708 1938 περισταίη
1725 1865 1914 1919 δεινῶν
1932 1866 1983 1933 Β,

406 1959 473 2013 σὺ
504 1958 604 2025 τῆς
632 1956 847 2020 ἐλπίδος
874 1956 998 2029 ἔχου
1030 1958 1129 2028 τῆς
1158 1956 1238 2020 εἰς
1266 1955 1358 2009 τὸν
1381 1955 1534 2020 Θεὸν,
1565 1956 1660 2009 καί
1689 1956 1788 2024 τῆς
1817 1972 1985 2027 προσ-

401 2044 586 2110 δοκίας
632 2045 871 2112 ἐκείνης,
923 2044 1018 2098 καὶ
1067 2044 1283 2107 πάντως
1323 2041 1582 2115 ἐπιτεύξῃ
1612 2042 1852 2114 χρηστοῦ
1890 2041 1984 2095 τοῦ

402 2132 607 2197 τέλους,
647 2131 742 2186 τοῦ
775 2130 910 2185 Θεοῦ
950 2134 1017 2203 τῇ
1066 2129 1218 2184 λύσει
1246 2129 1354 2184 τῶν
1391 2129 1579 2184 δεινῶν
1621 2128 1983 2201 ἀμειϐομένου

406 2237 465 2274 σε
498 2221 596 2289 τῆς
625 2218 800 2289 καλῆς
832 2217 1040 2289 ταύτης
1074 2206 1305 2281 ἐλπίδος,
1330 2218 1389 2270 ἐν
1428 2215 1649 2288 Χριστῷ
1699 2215 1874 2288 Ἰησοῦ
1906 2214 1984 2286 τῷ

406 2307 593 2380 Κυρίῳ
622 2306 801 2378 ἡμῶν,
832 2299 878 2372 ᾧ
906 2306 940 2376 ἡ
967 2303 1094 2369 δόξα
1113 2305 1207 2359 καὶ
1228 2303 1289 2358 τὸ
1311 2303 1512 2375 κράτος
1532 2304 1613 2368 εἰς
1637 2304 1762 2368 τοὺς
1784 2301 1984 2367 αἰῶνας

404 2394 511 2449 τῶν
544 2394 779 2449 αἰώνων.
823 2393 1020 2464 Ἀμήν.

689 2596 838 2672 [επ]
878 2598 987 2652 ΕιΣ
1023 2595 1162 2651 TON
1194 2595 1346 2650 PAA'
1382 2592 1701 2650 ‘FAAMON.

406 2744 742 2815 Μνήσθητι,
792 2742 991 2809 Κύριε,
1044 2738 1153 2795 τοῦ
1213 2738 1416 2803 Δαυῒδ,
1465 2738 1566 2793 καὶ
1617 2737 1821 2806 πάσης
1874 2737 1985 2808 τῆς

898 2828 1233 2896 πραότητος
1287 2825 1495 2880 αὑτοῦ.

481 2971 552 3027 α’.
586 2969 843 3042 Ἀλλαχοῦ
880 2969 979 3042 μὲν
1016 2967 1125 3023 ἀπὸ
1154 2966 1254 3039 τῆς
1295 2968 1518 3039 μνήμης
1554 2964 1662 3020 τῶν
1703 2964 1983 3036 προγόνων

410 3062 571 3135 μόνον
630 3060 839 3127 ἀξιοῦσι
869 3057 1156 3124 σώζεσθαι·
1176 3056 1408 3111 ἐνταῦθα
1433 3056 1488 3109 δὲ
1504 3056 1599 3109 καὶ
1614 3054 1681 3108 τὰ
1704 3053 1981 3124 κατορθώ-

408 3167 554 3221 ματα
591 3148 827 3217 λέγουσι,
866 3147 962 3200 καὶ
999 3145 1059 3198 τὸ
1105 3144 1323 3197 πάντων
1374 3142 1547 3197 αἴτιον
1591 3141 1701 3195 τῶν
1739 3141 1981 3210 ἀγαθῶν,

403 3238 722 3299 ἐπιείκειαν,
738 3231 1259 3304 ταπεινοφροσύνην,
1283 3229 1583 3300 πραότητα,
1607 3230 1663 3281 ἐν
1684 3221 1729 3296 ᾧ
1749 3228 1984 3299 μάλιστα

403 3322 745 3396 ἐθαυμάζετο
772 3322 867 3376 καὶ
890 3319 1153 3389 Μωῦσῆς.
1180 3315 1302 3372 Ἦν
1316 3316 1425 3386 γὰρ
1442 3316 1795 3386 πραότατος,
1827 3317 1981 3385 φησὶ,

403 3410 645 3465 πάντων
667 3406 903 3475 ἀνδρῶν
927 3406 1048 3459 τῶν
1074 3404 1173 3458 ἐπὶ
1195 3402 1306 3471 τῆς
1333 3401 1461 3473 τῆς,
1540 3401 1702 3459 Ἀλλά
1716 3419 1858 3466 τινες
1874 3402 1982 3456 τῶν

401 3497 695 3573 αίρετικῶν
731 3495 1223 3566 ἐπιλαμϐανόμενοι
1247 3492 1349 3563 τῆς
1376 3490 1649 3554 πολιτείας
1673 3490 1858 3556 αὐτοῦ,
1889 3491 1982 3544 καὶ

402 3588 498 3643 τοῦ
528 3585 845 3659 εἰρημένου,
873 3584 1036 3654 φασί·
1061 3581 1125 3634 Τί
1149 3581 1362 3650 λέγεις;
1390 3580 1693 3652 πραότατος
1720 3581 1925 3643 ἐκεῖνος
1955 3580 1985 3632 6

402 3676 502 3743 λάξ
542 3675 763 3743 ἐναφεὶς
792 3671 870 3742 τῷ
897 3670 1196 3739 Αἰγυπτίῳ,
1229 3670 1324 3723 καὶ
1355 3667 1594 3722 ἀνελώνά
1615 3685 1631 3733 ;
1652 3668 1819 3731 ότοὺς
1859 3667 1983 3721 Ἰου-

402 3765 583 3827 δαίους
607 3759 883 3832 ἐμφυλίων
909 3758 1192 3829 ἐμπλήσας
1213 3756 1459 3826 αἱμάτων
1498 3756 1593 3808 καὶ
1630 3754 1918 3825 πολέμων;
1951 3755 1981 3805 6

407 3849 760 3919 συγγενικοὺς
789 3845 1052 3908 κελεύσας
1081 3842 1415 3915 ἐργάσασθαι
1446 3842 1666 3911 φόνους;
1693 3843 1723 3894 6
1748 3841 1846 3913 τὴν
1877 3842 1982 3911 γῆν

404 3942 539 4012 εὐχῇ
588 3938 799 4000 διελὼν,
840 3935 934 3991 καὶ⁷
977 3935 1274 4006 κεραυνοὺς
1319 3932 1524 3987 ἀνωθεν
1580 3934 1607 3985 ἐ
1643 3932 1838 4000 εγκὼν,
1878 3933 1983 4012 ,καὶ

406 4011 532 4092 τοῦς
579 4026 678 4097 μὲν
708 4022 1127 4083 καταποντίσας,
1162 4022 1290 4082 τοὺς
1323 4020 1380 4073 δὲ
1417 4018 1794 4088 καταφλέξαςς
1827 4011 1983 4083 οὗτος

406 4118 457 4169 εἰ
497 4116 672 4185 πρᾶος
700 4108 910 4189 ἦνητίς
939 4109 1152 4180 ὀργίλος
1192 4107 1286 4161 καὶ
1326 4106 1590 4177 σκληρός;
1631 4105 1865 4169 Παῦσαι,
1906 4106 1981 4177 μὴ

409 4204 641 4275 περιττά
668 4201 926 4272 φθέγγου.
961 4199 1083 4251 Ὅτι
1114 4199 1285 4269 πρᾶος
1306 4192 1395 4268 ἦν,
1418 4196 1512 4249 καὶ
1537 4194 1752 4249 πάντων
1781 4194 1984 4266 ἀνθρώ-

410 4311 530 4348 πων
562 4290 886 4363 πραότατος,
918 4287 1012 4342 καὶ
1058 4286 1221 4354 λέγω,
1266 4285 1362 4338 καὶ
1400 4284 1497 4338 οὐκ
1544 4295 1568 4323 θ
1608 4285 1983 4354 ἀποστήσομαι

410 4377 583 4438 ταῦτα
610 4376 806 4444 λέγων.
835 4374 929 4427 καὶ
960 4374 1008 4426 εἰ
1032 4371 1281 4443 βούλεσθε
1310 4372 1408 4440 οὐχ
1429 4371 1712 4443 ἑτέρωθεν,
1748 4370 1861 4425 ἀλλ’
1884 4370 1981 4424 ἀπ’

407 4465 589 4524 αὐτῶν
617 4463 821 4517 τούτων
851 4460 958 4514 τῶν
989 4458 1291 4530 εἰρημένων
1318 4457 1486 4524 δεῖξαι
1520 4458 1849 4528 πειράσομαι
1882 4458 1980 4510 αύ-

407 4552 503 4612 τοῦ
527 4553 625 4622 τὴν
650 4549 953 4622 πραότητα.
977 4546 1167 4598 Καίτοι
1195 4561 1258 4611 γε
1288 4544 1412 4612 ἐνῆν
1432 4543 1609 4612 λέγειν
1637 4543 1706 4597 τὰ
1738 4544 1981 4614 περὶτῆς

407 4639 645 4710 ἀδελφῆς
676 4636 940 4707 εἰρημένα
977 4632 1124 4703 αύτῷ
1162 4632 1298 4703 πρὸς
1337 4630 1427 4685 τὸν
1458 4631 1610 4692 Θεὸν,
1652 4631 1750 4702 τὴν
1802 4634 1984 4703 ἱκετη-

412 4726 553 4798 ρίαν,
583 4726 649 4796 ἢν
682 4723 823 4790 ὑπὲρ
849 4721 944 4775 τοῦ
972 4720 1158 4783 ἔθνους
1178 4719 1430 4788 ἀνέθηκε,
1462 4718 1636 4772 πάντα
1664 4719 1732 4771 τὰ
1762 4720 1981 4790 ῥήματα

408 4814 595 4866 ἐκεῖνα
626 4811 695 4863 τὰ
725 4805 1078 4867 ἀποστολικά,
1120 4805 1213 4858 καὶ
1258 4802 1367 4856 τῶν
1406 4803 1649 4875 οὐρανῶν
1700 4804 1844 4870 ἄξια,
1883 4806 1982 4864 τὴν

410 4898 710 4954 ἐπιείκειαν
765 4896 881 4966 μεθ’
929 4891 997 4965 ῆς
1053 4892 1131 4964 τῷ
1182 4892 1338 4961 δήμῳ
1372 4890 1657 4959 διελέγετο.
1697 4891 1854 4961 Ἐνῆν
1888 4894 1982 4946 καὶ

407 4987 582 5042 ταῦτα
608 4986 806 5055 λέγειν,
835 4984 931 5038 καὶ
959 4983 1119 5052 ἕτερα
1145 4980 1350 5033 τούτων
1381 4979 1602 5033 πλείονα
1626 4979 1827 5051 ἀπαριο
1837 4983 1976 5051 μεῖν·

392 5075 524 5130 ἀλλ’
565 5076 613 5128 εἰ
648 5070 923 5144 βούλεσθε,
956 5069 1128 5124 ταῦτα
1173 5067 1458 5138 παρέντες,
1498 5066 1632 5138 φέρε
1674 5069 1768 5123 ἀπ’
1802 5067 1981 5121 αὐτῶν

409 5161 612 5217 τούτων
637 5160 745 5213 τῶν
778 5157 1084 5230 ἔμπροσθεν
1111 5154 1414 5227 εἰρημένων
1449 5154 1599 5224 παρὰ
1633 5154 1743 5208 τῶν
1771 5155 1982 5225 ἐχθρῶν

409 5248 693 5317 δείξωμεν,
714 5247 797 5300 ὅτι
827 5244 1126 5314 πραότατος
1156 5238 1245 5313 ἦν,
1284 5243 1378 5310 ἀφ’
1405 5235 1480 5295 ὧν
1517 5241 1686 5312 βαρὺν
1707 5243 1800 5294 καὶ
1826 5243 1983 5313 σκλη-

416 5336 507 5409 ρὸν
534 5335 630 5388 καὶ
650 5332 865 5403 ὀργίλον
885 5330 1045 5385 αὑτὸν
1083 5325 1221 5382 εἶναι
1242 5328 1519 5399 νομίζουσί
1545 5345 1706 5392 τινες.
1734 5329 1856 5394 Πῶς
1890 5325 1983 5384 οὖν

477 5551 503 5582 ⁸
529 5550 645 5600 Salv.
665 5548 802 5599 αὐτά.
1338 5596 1343 5601 .

479 5609 504 5652 δ
527 5611 638 5661 Sav.
663 5610 827 5659 δεινόν,
852 5605 1030 5656 Melius
1052 5607 1172 5658 Mor.
1195 5609 1445 5672 περισταίη
1468 5608 1644 5661 δεινῶν.

477 5674 501 5734 ξ
524 5675 663 5725 Alius
680 5673 852 5734 μόνων.

475 5730 501 5798 ιι
519 5736 633 5798 sav.
656 5730 692 5782 δ’
706 5733 789 5798 λὰξ
812 5730 1011 5798 ἐνεχθεὶς
1029 5731 1097 5796 τῷ
1123 5731 1381 5798 Αἰγυπτίῳ,
1406 5730 1484 5786 καὶ
1503 5732 1679 5783 ἀνελὼν
1700 5730 1857 5784 αὐτόν.

473 5797 490 5821 ⁸
510 5796 606 5849 Sa!
628 5829 636 5839 .
662 5795 743 5846 καὶ
770 5791 918 5856 λέγων
941 5791 1042 5843 οὐκ.

1478 345 1842 405 Εχροδιτιο
1872 346 1937 402 ΙΝ
1975 349 2302 406 PSALMUM
2343 352 2574 408 CXXXL

3546 356 3653 412 58')

2075 465 2357 537 δείξομενς
2386 469 2448 521 Εἰ
2473 465 2734 538 πρότερον
2755 465 3152 537 διακρίναιμεν,
3185 482 3276 520 και
3304 466 3650 538 δρισαίμεθα,

2078 553 2131 607 τί
2164 555 2295 608 ποτέ
2321 556 2438 611 ἐστι
2472 554 2740 626 πραότης,
2766 554 2859 608 καὶ
2882 553 2935 606 τί
2972 552 3264 626 τραχύτης.
3298 554 3433 609 Οὐδὲ
3458 555 3568 628 γὰρ
3592 557 3654 610 τὸ
3704 554 3709 561 ”

2080 640 2355 714 πλήττειν,
2408 642 2746 713 τραχύτητος
2804 640 3008 705 ἁπλῶς,
3065 640 3184 695 οὐδὲ
3235 642 3296 694 τὸ
3356 642 3652 710 φείδεσθαι,

2079 732 2403 804 πραότητος·
2431 732 2564 786 ἀλλά
2593 736 2766 805 πρᾶος
2799 730 3004 794 ἐκεῖνός
3026 731 3193 794 ἐστιν,
3222 731 3250 783 6
3272 729 3340 782 τὰ
3371 732 3450 793 είς
3467 732 3655 785 ἐαυτὸν

2081 821 2528 893 πλημμελήματα
2557 821 2743 893 φέρειν
2772 820 3090 891 δυνάμενος,
3127 820 3222 873 καῖ⁹
3251 821 3280 873 6
3305 821 3419 882 τοῖς
3438 819 3656 873 ἀδικου-

2085 918 2266 991 μένοις
2294 918 2539 990 ἀμύνων,
2579 921 2674 974 καὶ
2709 919 2938 991 σφοδρὸς
2963 918 3173 982 ἔκδικος
3206 917 3314 971 τῶν
3356 916 3657 989 ἐπηρεαζο-

2085 1016 2261 1087 μένων
2313 1016 2613 1087 γινόμενος·
2658 1017 2731 1081 ὡς
2772 1018 2802 1071 ὃ
2839 1034 2902 1084 γε
2937 1015 3009 1087 μὴ
3044 1013 3302 1078 τοιοῦτος,
3335 1014 3529 1086 νωθὴς,
3564 1014 3658 1067 καὶ

2082 1103 2341 1174 ὑπνηλὸς,
2388 1104 2483 1157 καὶ
2520 1103 2716 1176 νεκροῦ
2751 1105 2901 1158 οὐδὲν
2939 1103 3159 1175 ἄμεινον
3203 1102 3561 1172 διακείμενος,
3593 1102 3655 1154 ού

2083 1192 2279 1261 πρᾶος,
2316 1191 2436 1245 οὐδὲ
2467 1190 2738 1261 ἐπιεικής.
2768 1192 2842 1244 Τὸ
2870 1192 3117 1264 παρορᾷν
3152 1190 3555 1261 ἀδικουμένους,
3596 1186 3657 1242 τὸ

2086 1278 2163 1350 μὴ
2195 1278 2380 1347 ἀλγεῖν
2430 1279 2571 1349 ὑπὲρ
2610 1278 2721 1332 τῶν
2761 1278 3150 1349 ἀδικουμένων,
3193 1276 3326 1348 μηδέ
3356 1275 3656 1348 θυμοῦσθαι

2078 1368 2194 1428 τοῖς
2213 1365 2629 1436 ἐπηρεάζουσιν,
2657 1365 2758 1420 οὐκ
2782 1366 3002 1438 ἀρετῆς,
3030 1363 3165 1418 ἀλλὰ
3183 1362 3398 1427 κακίας·
3422 1363 3522 1417 οὐκ
3549 1362 3657 1431 ἀρα

2084 1451 2411 1523 πραότητος,
2443 1451 2577 1506 ἀλλά
2613 1451 2858 1516 νωθείας.
2897 1451 3059 1505 Ὥστε
3096 1450 3227 1504 αὐτὸ
3258 1449 3324 1519 δὴ
3358 1448 3517 1503 τοῦτο
3555 1449 3660 1503 δεί-

2084 1557 2276 1595 κνυσιν
2303 1540 2467 1596 αὑτοῦ
2490 1538 2586 1610 τὴν
2607 1540 2911 1611 πραότητα,
2930 1540 3024 1593 καὶ
3048 1539 3129 1593 ὃτι
3152 1537 3324 1601 οὕτως
3347 1532 3414 1608 ἦν
3435 1534 3656 1609 θερμὸς,

2083 1627 2159 1691 ὡς
2181 1628 2275 1682 καὶ
2309 1627 2613 1699 προπηδᾷν,
2643 1627 2703 1680 ἐν
2728 1621 2809 1689 οἷς
2844 1626 3061 1697 ἐτέρους
3088 1624 3472 1694 ἀδικουμένους
3490 1622 3657 1694 ἐώρα,

2086 1716 2337 1785 κατέχειν
2368 1716 2430 1769 οὐ
2464 1715 2762 1784 δυνάμενος
2797 1714 2891 1783 τὴν
2923 1713 3062 1783 ὑπὲρ
3094 1713 3187 1765 τοῦ
3216 1711 3425 1766 δικαίου
3463 1710 3660 1780 ἀγανά-

2087 1820 2297 1875 κτησιν·
2322 1804 2485 1874 ἡνίκα
2506 1801 2637 1872 γοῦν
2667 1800 3044 1866 αὐτὸς.κακῶς
3072 1800 3330 1871 ἔπασχεν,
3365 1799 3489 1853 οὔτε
3519 1798 3662 1870 ἠμύ-

2085 1909 2234 1953 νατο,
2265 1890 2388 1945 οὕτε
2422 1891 2662 1963 ἐπεξῄει,
2689 1889 2801 1944 ἀλλ’
2832 1891 3012 1961 ἔμεινε
3053 1888 3356 1958 φιλοσοφῶν
3377 1887 3659 1957 διηνεκῶς.

2087 1976 2239 2052 [575]
2267 1979 2329 2032 Εἰ
2361 1979 2416 2032 δὲ
2443 1980 2649 2048 τραχὺς
2668 1973 2757 2049 ἦν,
2779 1978 2873 2031 καὶ
2901 1975 3138 2047 ὀργίλος,
3159 1981 3260 2032 οὐκ
3288 1975 3354 2029 ἂν
3380 1975 3520 2045 ὑπὲρ
3550 1974 3664 2027 ἑτέ-

2089 2083 2197 2136 ρων
2221 2066 2250 2118 6
2274 2064 2414 2117 οῦτω
2435 2063 2571 2128 ζέων
2598 2065 2688 2118 καὶ
2716 2063 3247 2135 διαθερμαινόμενος,
3276 2062 3416 2133 ὑπὲρ
3434 2062 3543 2115 τῶν
3568 2061 3664 2115 αύ-

2086 2150 2179 2204 τοῦ
2213 2150 2279 2205 ἂν
2307 2151 2630 2216 κατεδέξατο
2658 2150 2948 2222 ἡσυχάσαι,
2979 2150 3113 2204 ἀλλά
3153 2151 3287 2203 πολὺ
3321 2150 3519 2220 μᾶλλον
3543 2149 3664 2201 τότε

2086 2237 2152 2293 ἂν
2179 2237 2509 2309 ἐξηγριώθη,
2545 2239 2689 2292 Ἰστε
2720 2241 2849 2309 γὰρ,
2872 2239 2951 2291 ὅτι
2977 2238 3174 2309 μᾶλλον
3194 2238 3286 2291 ἐπὶ
3315 2240 3426 2301 τοῖς
3444 2238 3664 2300 οἰκείοις

2086 2326 2120 2398 ἧ
2143 2328 2255 2389 τοῖς
2284 2325 2584 2397 ἀλλοτρίοις
2611 2326 2904 2396 ἁλγοῦμεν.
2952 2325 3189 2379 Ἐκεῖνος
3217 2325 3273 2378 δὲ
3301 2323 3410 2379 τῶν
3451 2326 3547 2395 μὲν
3568 2324 3663 2378 ἀλ-

2085 2414 2194 2468 λων
2223 2414 2538 2484 πασχόντων
2564 2414 2772 2476 κακῶς,
2809 2414 2985 2466 αὐτῶν
3023 2414 3122 2466 οὐκ
3157 2411 3376 2466 ἔλαττον
3422 2412 3529 2465 τῶν
3562 2430 3665 2466 πα-

2089 2502 2327 2573 σχόντων
2348 2500 2606 2572 ὴμύνετο·
2639 2501 2708 2554 τὰ
2732 2501 2789 2554 δὲ
2822 2502 2903 2564 εἰς
2925 2500 3087 2554 αὑτὸν
3120 2501 3376 2572 γινόμενα
3406 2500 3664 2571 πλημμε-

2087 2588 2306 2660 λήματα
2343 2588 2483 2659 μετά
2528 2587 2729 2659 πολλῆς
2768 2587 3072 2659 παρέτρεχε
3114 2589 3213 2660 τῆς
3255 2589 3570 2660 καρτερίας.
3606 2589 3665 2641 ἐν

2086 2676 2364 2747 ἑκατέροις
2393 2675 2562 2748 ἄκρος
2600 2673 2695 2741 ὢν,
2735 2676 2928 2746 καὶτῷ
2961 2676 3060 2746 μὲν
3081 2675 3143 2728 τὸ
3174 2677 3557 2746 μισοπόνηρον,
3587 2675 3665 2745 τῷ

2084 2763 2143 2817 δὲ
2173 2763 2236 2816 τὸ
2273 2762 2627 2834 μακρόθυμον
2668 2763 3126 2831 ἐπιδεικνύμενος.
3183 2763 3343 2816 Ἀλλά
3387 2764 3438 2815 τί
3491 2765 3665 2816 ποιεῖν

2084 2850 2276 2922 ἐχρῆν,
2306 2851 2430 2905 είπέ
2466 2867 2589 2921 μοι;
2632 2852 2893 2922 περιορᾷν
2923 2851 3021 2920 τὴν
3056 2851 3269 2905 ἀδικίαν
3299 2848 3317 2888 ί
3351 2850 3660 2921 γινομένην,

2086 2939 2181 2991 καὶ⁸
2224 2940 2303 3002 εἰς
2337 2938 2399 2990 τὸ
2428 2937 2630 3007 πλῆθος
2666 2938 2914 2991 ἐκϐαῖνον
2940 2937 3002 2990 τὸ
3031 2937 3233 3001 κακόν;
3278 2937 3415 2990 Ἀλλ’
3458 2939 3558 2991 οὐκ
3594 2934 3662 3010 ἦν

2085 3025 2242 3080 τοῦτο
2271 3024 2624 3095 δημαγωγοῦ,
2661 3025 2781 3078 οὐδὲ
2809 3024 3161 3096 μακροθύμου
3189 3025 3331 3088 τινὸς
3364 3025 3457 3078 καὶ
3487 3026 3666 3092 ἀνεξι-

2085 3113 2280 3179 κάκου,
2310 3112 2444 3166 ἀλλά
2463 3112 2671 3183 νωθροῦ
2694 3113 2789 3166 καὶ
2806 3112 3276 3174 άναπεπτωκότος.
3307 3114 3379 3165 Σὺ
3401 3113 3458 3166 δὲ
3496 3112 3665 3184 ἰατρῷ

2089 3201 2188 3272 μὲν
2237 3201 2339 3254 οὐκ
2390 3200 2640 3270 ἐγκαλεῖς
2697 3198 2795 3270 τὴν
2850 3199 3114 3259 σηπεδόνα
3154 3198 3472 3269 βαδίζουσαν
3523 3202 3665 3254 κατά

2087 3290 2291 3355 παντὸς
2319 3289 2415 3344 τοῦ
2447 3288 2696 3359 σώματος
2739 3287 3217 3360 προαναστέλλοντι
3245 3290 3309 3358 τῇ
3338 3291 3498 3360 τομῇ,
3523 3290 3663 3342 ἐκεῖ⁸

2085 3401 2176 3438 νον
2208 3384 2265 3438 δέ
2302 3383 2634 3456 τραχύτατον
2663 3376 2800 3454 εἶναι
2832 3382 2957 3452 φῂς,
2987 3381 3080 3434 τὸν
3111 3381 3264 3435 νόσον
3288 3381 3466 3452 πολλῷ
3497 3399 3665 3453 σηπε-

2084 3475 2235 3538 δόνος
2266 3473 2653 3546 χαλεπωτέραν
2692 3473 2832 3526 κατὰ
2873 3471 3075 3533 παντὸς
3119 3471 3346 3545 ῥέουσαν
3372 3472 3465 3526 τοῦ
3491 3473 3662 3545 δήμου

2087 3560 2415 3633 βουληθέντα
2468 3562 2812 3632 ἀναχαιτίσαι
2864 3561 3047 3632 πληγῇ
3096 3561 3442 3632 τραχυτέρᾳς
3503 3561 3664 3615 Ἀλλὰ

2083 3647 2259 3702 ταῦτα
2279 3646 2590 3718 ἀγνώμονος
2609 3647 2880 3702 δικαστοῦ.
2907 3648 3009 3701 Τὸν
3036 3647 3144 3719 γὰρ
3165 3649 3471 3719 προστάτην
3491 3649 3661 3720 δήμου

2084 3734 2363 3802 τοσούτου,
2396 3737 2490 3789 καὶ
2510 3734 2661 3798 ἔθνος
2683 3734 2824 3788 οὕτω
2851 3735 3084 3809 σκληρὸν
3104 3736 3321 3803 ἄγοντα,
3345 3737 3439 3789 καὶ
3463 3738 3660 3806 τραχὺ,

2086 3824 2177 3876 καὶ
2217 3823 2485 3893 δυσήνιον,
2519 3824 2577 3875 ἐν
2612 3822 2915 3893 προοιμίοις
2964 3821 3306 3875 ἀναστέλλειν
3341 3822 3528 3893 ἐχρῆν,
3566 3824 3662 3876 καὶ

2082 3911 2148 3963 ἐκ
2181 3910 2467 3982 προθύρων
2514 3909 2861 3972 ἀνακόπτειν,
2893 3907 3032 3961 ὥστε
3077 3910 3152 3980 μὴ
3175 3909 3484 3981 περαιτέρω
3522 3927 3660 3979 προ-

2082 4000 2284 4054 ϐαίνειν
2332 4000 2358 4039 ε
2386 3998 2445 4051 τὸ
2478 3997 2668 4051 δεινόν.
2729 3997 2890 4049 Ἀλλά
2939 3996 3217 4061 κατέδυσε,
3258 3996 3408 4063 φησὶ,
3465 3996 3659 4058 Δαθὰν,

2085 4088 2180 4143 καὶ
2222 4086 2499 4156 ’Λϐειρών.
2541 4087 2606 4139 Τί
2636 4084 2851 4153 λέγειςς
2883 4085 2977 4137 καὶ
3000 4085 3108 4137 ἐδει
3138 4083 3399 4154 περιιδεῖν
3433 4084 3661 4155 ίερωσύ-

2084 4192 2182 4245 νην
2219 4173 2586 4242 πατουμένην,
2633 4173 2727 4224 καὶ
2756 4169 2891 4224 Θεοῦ
2932 4171 3130 4240 νόμους
3167 4171 3658 4241 ἀνατρεπομένους,

2085 4263 2180 4315 καὶ
2210 4260 2270 4314 τὸ
2297 4259 2518 4330 συνέχον
2552 4259 2770 4313 ἅπαντα
2797 4257 3159 4326 διαλυόμενον,
3200 4256 3342 4325 λέγω
3366 4257 3429 4328 δὴ
3466 4257 3527 4311 τὸ
3558 4259 3660 4328 τῆς

2087 4347 2389 4420 ἱερωσύνης
2422 4346 2659 4416 ἀξίωμα,
2685 4346 2777 4398 καὶ
2805 4346 2940 4398 πᾶσι
2968 4343 3104 4414 βατά
3131 4345 3352 4415 ποιῆσαι
3379 4346 3448 4398 τά
3469 4346 3658 4410 ἄδυτα,

2084 4437 2176 4489 καὶ
2213 4435 2321 4488 ἀπὸ
2360 4433 2460 4503 τῆς
2495 4433 2622 4502 περὶ
2657 4432 2878 4495 τούτους
2923 4431 3195 4502 ῥᾳθυμίας
3238 4432 3513 4503 προθεῖναι
3545 4438 3662 4498 τοῖς

2086 4522 2429 4593 βουλομένοις
2461 4521 2585 4582 τοὺς
2621 4521 2799 4591 ἱεροὺς
2834 4522 3166 4573 καταπατεῖν
3195 4520 3532 4589 περιϐόλους,
3565 4525 3660 4577 καὶ

2084 4613 2262 4666 πάντα
2288 4611 2399 4665 ἀνω
2430 4611 2523 4664 καὶ
2549 4610 2699 4664 κάτω
2719 4608 2993 4677 γίνεσθαι;
3037 4608 3197 4662 Ἀλλά
3221 4610 3394 4664 ταῦτα
3426 4612 3659 4682 μάλιστα

2088 4699 2392 4769 πραότητος
2417 4698 2514 4750 οὐκ
2533 4692 2622 4768 ῆν,
2655 4695 2789 4750 ἀλλά
2820 4695 3211 4768 ἀπανθρωπίας
3239 4698 3331 4751 καὶ
3356 4699 3656 4771 ὠμότητος,

2082 4786 2143 4839 τὸ
2178 4785 2436 4857 περιιδεῖν
2468 4782 2719 4838 τοσοῦτον
2751 4783 2918 4836 κακὸν
2950 4783 3263 4855 αὐξόμενον,
3294 4787 3386 4838 καὶ
3414 4787 3659 4856 φειδόμε-

2086 4891 2174 4928 νον
2220 4873 2528 4938 διακοσίων,
2569 4872 2829 4925 ἀπολέσαι
2883 4873 3144 4943 μυριάδας
3194 4873 3481 4936 τοσαύτας.
3523 4874 3656 4925 Εἰπὲ

2085 4959 2193 5031 γάρ
2235 4976 2345 5031 μοι,
2374 4960 2462 5013 ὅτε
2494 4958 2742 5012 ἐκέλευσε
2772 4957 2971 5027 σφάξαι
3011 4960 3136 5023 τοὺς
3168 4962 3574 5031 προσήκοντας,
3605 4960 3658 5012 τί

2086 5049 2309 5119 ποιῆσαι
2338 5049 2523 5119 ἐχρῆν,
2554 5046 2907 5119 ὀργιζομένου
2945 5048 3101 5112 Θεοῦ,
3130 5048 3228 5118 τῆς
3266 5046 3518 5110 ἀσεϐείας
3564 5048 3659 5101 αἰ.-

2088 5136 2338 5207 ξομένης,
2368 5135 2581 5196 οὐδενὸς
2613 5135 2764 5197 ὄντος
2793 5133 2886 5186 τοῦ
2911 5134 3205 5204 δυναμένου
3230 5137 3328 5204 τῆς
3361 5133 3530 5205 ὀργῆς
3558 5136 3659 5186 αξ-

2082 5226 2209 5287 τοὺς
2235 5223 2571 5294 ἐξαρπάσαι;
2607 5223 2818 5290 ἀφεῖναι
2841 5222 2937 5291 τὴν
2957 5224 3021 5274 ἐκ
3049 5220 3155 5274 τῶν
3183 5221 3424 5292 οὐρανῶν
3445 5221 3660 5294 πληγὴν

2029 5308 2037 5314 ’
2085 5314 2177 5365 ἐπὶ
2220 5312 2319 5375 τάς
2374 5310 2547 5380 φυλὰς
2592 5310 2810 5373 ἁπάσας
2847 5309 3150 5380 ἐνεχθῆναι,
3181 5312 3277 5363 καὶ
3316 5310 3658 5382 πανωλεθρίᾳ

2085 5399 2418 5471 παραδοῦναι
2464 5398 2525 5451 τὸ
2567 5397 2740 5464 γένος,
2788 5396 2883 5450 καὶ
2913 5396 3051 5467 μετά
3074 5398 3174 5467 τῆς
3197 5398 3467 5462 κολάσεως
3501 5416 3657 5470 περι-

2090 5488 2216 5543 ιδεῖν
2246 5486 2340 5541 καὶ
2360 5485 2456 5559 τὴν
2476 5485 2748 5554 ἁμαρτίαν
2771 5485 2988 5543 ἀνίατον
3012 5486 3300 5558 γινομένην
3320 5505 3333 5555 ;
3367 5488 3399 5560 ἢ
3421 5489 3655 5560 τιμωρὲᾳ

2155 5721 2174 5763 ί
2198 5723 2393 5778 Alii-rip:
2414 5720 2601 5772 κακίαν.

2150 5786 2175 5826 ⁵
2200 5785 2309 5836 Sav.
2335 5784 2584 5848 προϐῆναι,
2609 5788 2663 5834 et
2684 5780 2806 5834 inﬂa
2830 5785 2908 5834 καὶ
2931 5784 2986 5834 τὸ
3005 5786 3200 5850 συνέχον
3221 5787 3365 5842 ἅπαν,
