4088 6274
499 438 595 493 καὶ
624 436 769 507 φόνῳ
801 434 1072 507 σωμάτων
1095 431 1291 502 ὀλίγων
1320 432 1379 489 τό
1413 451 1472 489 τε
1513 435 1818 507 ἁμάρτημα
1845 433 2076 499 ἀνελεῖν,

498 526 598 594 τήν
627 540 686 577 τε
719 521 890 595 ὀργὴν
930 521 1295 592 ἀναχαιτίσαι.
1334 523 1425 576 τόν
1446 539 1505 576 τε
1535 522 1669 576 Θεὸν
1700 522 1827 577 ἵλεω
1857 534 1883 563 ι
1910 540 2079 577 κατα-

503 610 698 682 στῆσαι
716 613 827 674 τοῖς
847 610 917 663 τά
945 608 1168 663 τοιαῦτα
1194 608 1748 681 πεπλημμεληκόσιν;
1776 611 1873 663 “Av
1907 607 2082 673 οὕτως

501 698 760 771 ἐξετάζῃς
793 697 861 752 τά
884 694 979 751 τοῦ
1004 695 1233 761 δικαίου,
1263 695 1381 765 όψει
1420 696 1652 768 μάλιστα
1681 695 1930 751 ἐντεῦθεν
1951 695 2081 750 όντα

499 786 664 840 αὐτὸν
693 787 1012 856 πραότατον.

573 873 639 944 β’.
680 872 843 927 Ἀλλά
862 871 1034 927 ταῦτα
1058 870 1122 925 ἐκ
1144 870 1250 925 τῶν
1270 870 1573 942 εἰρημένων
1588 873 1701 935 τοῖς
1727 870 2079 942 φιλομαθέσιν

501 960 731 1030 ἀφέντες
755 959 1056 1028 ἀναλέγειν,
1087 959 1173 1012 ἴνα
1208 959 1281 1030 μὴ
1307 957 1367 1011 τὸ
1390 960 1666 1030 πάρεργον
1695 958 1787 1012 τοῦ
1818 959 1957 1030 μετά
1976 960 2081 1030 χεῖ-

502 1066 603 1119 ρας
634 1048 816 1120 μεῖξον
847 1048 1185 1118 ποιήσωμεν,
1216 1046 1308 1099 ἐπὶ
1337 1046 1397 1099 τὸ
1417 1044 1775 1121 προκείμενον
1798 1047 1986 1115 ῐωμεν.
2013 1046 2079 1100 Τί

498 1136 553 1189 δέ
582 1131 649 1207 ῆν
678 1135 739 1189 τὸ
764 1135 1155 1206 προκείμενον;
1182 1132 1518 1200 Μνήσθητι,
1556 1135 1757 1201 Κύριε,
1785 1133 1895 1188 τοῦ
1925 1133 2076 1207 [376]

500 1221 699 1289 Δαυῒδ,
740 1221 837 1276 καί
871 1220 1073 1286 πάσης
1100 1219 1208 1287 τῆς
1228 1220 1563 1288 πραότητος
1590 1221 1801 1275 αὑτοῦ·
1823 1222 1903 1287 ὼς
1937 1220 2080 1291 ὤμο-

499 1327 574 1365 σε
603 1309 682 1376 τῷ
722 1311 916 1378 Κυρίῳ
939 1309 990 1373 δ,
1030 1308 1257 1378 ηὔξατο
1309 1306 1387 1373 τῷ
1436 1306 1559 1372 Θεῷ
1589 1307 1804 1364 Ἰακώϐ.
1850 1309 2077 1378 Προθεις

500 1401 672 1452 εἰπεῖν
695 1414 759 1451 πε
766 1399 818 1469 ρὶ
835 1397 1155 1472 πραότητος,
1179 1397 1336 1467 ἀφεὶς
1358 1395 1720 1467 διηγήσασθαι
1741 1395 1810 1449 τά
1829 1396 1968 1449 κατὰ
1986 1397 2079 1450 τὸν

500 1486 693 1552 Σαοὺλ,
725 1488 793 1540 τὰ
822 1484 964 1539 κατά
990 1486 1119 1549 τούς
1147 1486 1430 1554 ἀδελφοὺς,
1459 1484 1525 1539 τὰ
1548 1485 1643 1537 τοῦ
1679 1485 1949 1547 Ἰωνάθαν,
1979 1485 2078 1557 τὴν

501 1573 880 1644 μακροθυμίαν
905 1572 1003 1645 τὴν
1023 1573 1117 1626 ἐπὶ
1146 1572 1240 1626 τοῦ
1263 1572 1595 1644 στρατιώτου
1619 1571 1713 1626 τοῦ
1738 1573 1949 1645 μυρίοις
1974 1574 2077 1627 αὐ-

494 1661 587 1715 τὸν
630 1659 1016 1732 περιϐαλόντος
1066 1660 1343 1723 ὀνείδεσιν,
1382 1659 1545 1731 ιτερα
1593 1660 1811 1713 πλείονα
1850 1659 2071 1727 τούτων,

495 1748 581 1816 ἐφ’
607 1748 793 1819 ἕτερον
819 1746 1116 1816 κεφάλαιον
1140 1746 1264 1814 ἄγει
1285 1745 1377 1799 τὸν
1398 1745 1575 1813 λόγον,
1604 1746 1632 1799 ὃ
1656 1745 1817 1814 ζήλου
1842 1746 2077 1816 μάλιστα

496 1829 564 1904 ἦν
597 1835 812 1890 πολλοῦ.
837 1834 994 1896 Τίνος
1021 1834 1079 1887 δὲ
1109 1833 1295 1886 ἕνεκεν
1315 1832 1477 1886 τοῦτο
1506 1837 1681 1897 ποιεῖς
1710 1836 1866 1889 Δυοῖν
1890 1835 2072 1889 ἕνεκα·

497 1924 615 1987 ἐνὸς
641 1923 761 1994 μὲν,
784 1922 971 1993 ἐπειδὴ
1002 1921 1175 1993 τούτῳ
1207 1922 1439 1993 μάλιστα
1470 1922 1822 1993 ἐπιτέρπεται
1854 1926 1882 1976 6
1920 1924 2071 1988 Θεός·

509 2010 639 2063 Ἔπί
692 2010 825 2063 τίνα
862 2009 970 2079 γὰρ
998 2008 1323 2077 ἐπιϐλέψω,
1374 2009 1559 2078 φησιν,
1593 2012 1730 2064 ἀλλ’
1764 2011 1801 2078 ἢ
1843 2010 1938 2064 ἐπὶ
1968 2011 2075 2065 τὸν

494 2095 690 2166 πρᾶον
715 2107 737 2135 α
772 2095 870 2150 καί
893 2096 1174 2165 ἡσύχιον,
1208 2097 1304 2150 καί
1334 2097 1622 2167 τρέμοντά
1639 2116 1759 2168 μου
1796 2098 1938 2165 τοὺς
1969 2102 2073 2155 λό-

493 2202 673 2255 γους;
697 2186 884 2258 ἐτέρου
907 2186 987 2252 δέ,
1015 2185 1199 2256 ἐπειδὴ
1222 2186 1282 2239 τὸ
1307 2190 1629 2257 κατεπεῖγον
1651 2187 1806 2242 τοῦτο
1839 2188 2072 2258 μάλιστα

491 2269 582 2344 ἦν,
651 2274 946 2337 ἀνάστασις
1009 2270 1159 2338 ναοῦ,
1226 2274 1321 2327 καὶ
1371 2274 1627 2345 οἰκοδομὴ
1690 2275 1915 2339 πόλεως,
1975 2278 2071 2329 καὶ

491 2362 525 2429 ή
550 2361 649 2432 τῆς
680 2360 915 2424 παλαιᾶς
945 2360 1220 2423 πολιτείας
1248 2359 1520 2423 ἀπόδοσις,
1553 2360 1689 2431 πρὸς
1712 2360 1870 2415 τοῦτο
1905 2362 2069 2433 μάλιο

489 2461 593 2499 στα
624 2444 834 2513 ἐπείγει
865 2443 955 2496 τὸν
978 2442 1157 2511 λόγον,
1185 2443 1281 2496 καὶ
1307 2442 1368 2496 τὸ
1404 2442 1501 2511 μὲν
1529 2443 1604 2508 ὡς
1630 2444 1788 2513 δῆλον
1815 2447 1908 2499 καὶ
1931 2445 2066 2515 ὡμο-

487 2526 788 2598 λογημένον
819 2528 1051 2598 παρίησι
1073 2544 1089 2558 ο
1141 2526 1202 2579 τὸ
1247 2525 1306 2579 δέ
1353 2527 1486 2579 πᾶσι
1520 2528 1849 2597 καταφανὲς,
1882 2526 1943 2581 τὸ
1970 2528 2070 2599 τῆς

488 2610 824 2682 πραότητος·
857 2602 918 2663 οὐ
946 2608 1009 2681 δὴ
1041 2608 1274 2680 μάλιστα
1306 2607 1334 2647 (ι
1365 2607 1534 2661 ἐδεῖτο
1562 2611 1643 2672 είς
1675 2609 1738 2663 τὸ
1765 2609 2066 2683 προκείμε-

485 2709 596 2756 νον,
637 2691 794 2746 τοῦτο
821 2693 902 2756 εἰς
942 2690 1108 2763 μέσον
1132 2692 1307 2762 φέρει.
1338 2691 1403 2744 Τί
1433 2690 1543 2763 γὰρ
1571 2691 1879 2763 ἐπεθύμουν
1903 2693 2064 2758 ίδείν;

485 2774 589 2829 Τὸν
612 2773 741 2828 ναὸν
763 2774 1093 2839 ἀναστάντα,
1123 2775 1217 2828 καὶ
1238 2774 1340 2845 τήν
1364 2774 1599 2828 παλαιὰν
1624 2776 1912 2844 ἀγιαστίαν
1934 2777 2065 2830 ἀπο-

482 2857 746 2913 δοθεῖσαν.
783 2857 935 2910 Ἐπεὶ
983 2853 1076 2912 οὖν
1120 2859 1180 2910 ἐν
1233 2857 1411 2927 τούτῳ
1463 2858 1700 2928 μάλιστα
1757 2859 1999 2930 ἔλαμψεν
2037 2862 2067 2915 6

483 2938 669 3004 Δαυῒδ,
705 2940 897 3010 ὥσπερ
926 2940 1164 3011 ἀμοιϐὴν
1190 2940 1291 3011 τῆς
1342 2942 1552 2995 ἐκείνου
1586 2942 1819 3012 σπουδῆς
1846 2943 2069 2996 ἀπαιτεῖ

480 3024 574 3077 τὸν
601 3023 734 3077 Θεὸν
762 3021 858 3076 τοῦ
892 3023 1020 3076 ναοῦ
1048 3021 1147 3093 τὴν
1176 3022 1485 3093 οἰκοδομὴν,
1537 3024 1632 3078 καί
1681 3039 1847 3094 φησι⁶
1896 3024 2064 3093 Μνή-

481 3109 679 3173 σθητι,
718 3106 917 3175 Κύριε,
964 3105 1072 3161 τοῦ
1108 3105 1310 3170 Δαυίδ,
1359 3106 1457 3159 καί
1497 3105 1707 3174 πάσης
1742 3106 1854 3174 τῆς
1890 3108 2066 3178 πραό-

481 3206 658 3257 τητος
696 3188 918 3243 αὐτοῦ·
978 3189 1059 3255 ὡς
1091 3187 1290 3258 ὤμοσε
1331 3187 1411 3253 τῷ
1463 3190 1679 3257 Κυρίῳ,
1723 3190 1951 3257 ηὔξατο
1983 3191 2064 3257 τῷ

479 3270 606 3337 Θεῷ
637 3270 867 3326 Ἰακώὸο
901 3271 966 3324 Εἰ
992 3272 1415 3342 εἰσελεύσομαι
1449 3274 1534 3338 εἰς
1564 3272 1853 3342 σκήνωμα
1891 3276 2061 3328 οἴκου

473 3372 615 3424 μου,
659 3358 710 3409 εί
750 3357 1129 3423 ἀναϐήσομαι
1172 3355 1271 3408 ἐπί
1314 3356 1530 3423 κλίνης
1577 3354 1890 3426 στρωμνῆς
1918 3375 2057 3426 μου,

476 3439 531 3489 εἰ
578 3437 750 3490 δώσω
800 3437 998 3491 ὕπνον
1046 3437 1171 3504 τοῖς
1224 3437 1551 3508 ὀφθαλμοῖς
1590 3456 1728 3506 μου,
1778 3438 1877 3492 καί
1936 3439 2061 3504 τοῖς

471 3518 807 3588 βλεφάροις
843 3537 963 3589 μου
997 3521 1368 3590 νυσταγμὸν,
1420 3522 1519 3575 καὶ
1560 3521 1909 3576 ἀνάπαυσιν
1934 3524 2059 3589 τοῖς

479 3603 798 3670 κροτάφοις
834 3619 977 3672 μου,
1027 3602 1139 3668 ἕως
1176 3598 1247 3659 οὗ
1280 3604 1432 3670 εὕρω
1490 3605 1675 3658 τόπον
1722 3603 1802 3670 τῷ
1841 3608 2054 3673 Κυρίῳ,

474 3683 769 3754 σκήνωμα
808 3685 890 3751 τῷ
924 3683 1047 3751 Θεῷ
1077 3686 1290 3742 Ἰακώϐ.
1329 3687 1439 3741 Καὶ
1477 3686 1530 3740 τί
1583 3687 1741 3741 τοῦτο
1788 3688 1924 3760 πρὸς
1961 3689 2052 3756 σέ;

478 3770 601 3823 Ὅτι
640 3770 872 3834 ἐκείνου,
905 3770 1091 3841 φησὶν,
1141 3769 1362 3840 ἔκγονός
1391 3773 1527 3842 εἰμι,
1560 3772 1654 3825 καὶ
1698 3772 1818 3825 ἐπεὶ
1849 3774 2054 3830 ἐκεῖνον

476 3853 875 3924 ἀποδεξάμενος
907 3853 1005 3923 τῆς
1029 3852 1283 3924 σπουδῆς,
1316 3853 1523 3924 ἔφησας
1558 3857 1774 3924 στήσειν
1800 3856 1965 3909 αὐτοῦ
1992 3856 2053 3910 τὸ

476 3937 632 4005 γένος
669 3936 765 3990 καὶ
787 3936 887 4005 τὴν
918 3935 1215 4006 βασιλείαν,
1246 3936 1334 3990 διὰ
1363 3937 1522 3991 τοῦτο
1548 3937 1751 4002 ταύτας
1784 3939 2050 3993 ἀπαιτοῦο

479 4036 578 4090 μεν
603 4019 702 4082 τὰς
731 4018 1006 4089 συνθήκας
1033 4018 1147 4073 νῦν.
1181 4019 1290 4072 Kal
1315 4021 1415 4072 οὐκ
1439 4017 1612 4088 εἶπεν,
1642 4021 1747 4084 ἕως
1765 4016 1829 4076 οὐ
1859 4023 2053 4076 οἰκοδο-

477 4104 637 4172 μήσω
665 4102 844 4173 (τοῦτο
873 4102 984 4172 γάρ
1025 4101 1174 4173 αὐτῷ
1213 4103 1314 4156 οὐκ
1354 4105 1577 4173 ἐφεῖτο),
1628 4104 1766 4171 ἀλλ’,
1792 4104 1941 4171 Ἕως
1976 4100 2049 4161 οὗ

469 4186 624 4253 εὕρω
655 4186 845 4239 τόπον
870 4184 951 4251 τῷ
985 4185 1179 4253 Κυρίῳ
1214 4186 1313 4241 καί
1347 4185 1654 4256 σκήνωμα.
1678 4183 1812 4239 Εἶτα
1833 4187 1924 4240 τὸν
1951 4187 2049 4257 μὲν

468 4267 903 4339 οἰκοδομήσαντα
951 4267 1315 4341 παρατρέχει·
1352 4268 1445 4322 τὸν
1485 4269 1542 4323 δὲ
1579 4269 2047 4338 ἐπαγγειλάμενον

467 4352 551 4413 εἰς
582 4350 747 4420 μέσον
769 4351 1003 4421 τίθησιν,
1033 4352 1121 4406 ἴνα
1153 4353 1331 4425 μάθῃς
1360 4354 1523 4407 πόσον
1551 4353 1670 4406 ἐστὶ
1699 4352 1892 4423 γνώμη
1913 4352 2047 4426 ὀρθή

468 4431 697 4500 ἀγαθὸν,
721 4433 816 4487 καὶ
841 4434 956 4496 πῶς
979 4435 1065 4488 ἀεὶ
1091 4437 1156 4505 τῇ
1184 4435 1501 4507 προαιρέσει
1529 4436 1620 4489 τὸν
1645 4435 1833 4507 μισθὸν
1861 4437 1889 4489 ό
1917 4436 2049 4501 Θεὸς

464 4515 671 4586 ὁρίζειν
701 4516 859 4571 είωθε
881 4534 895 4550 ο
930 4518 1017 4570 διὰ
1049 4518 1112 4587 δὴ
1140 4519 1297 4574 τοῦτο
1321 4519 1485 4576 αὐτοῦ
1516 4519 1789 4591 μέμνηται
1826 4518 2044 4591 μᾶλλον,

467 4597 657 4669 ἐπειδὴ
687 4600 781 4652 καὶ
824 4600 985 4663 αὐτὸς
1035 4601 1233 4671 μᾶλλόν
1267 4604 1415 4656 ἐστιν
1460 4606 1489 4656 ὁ
1534 4602 1922 4674 ᾡκοδομηκὼς,
1953 4604 1986 4674 ῆ
2018 4605 2047 4655 6

468 4683 619 4742 παῖς.
650 4681 708 4733 ὐ
744 4683 845 4751 μὲν
876 4682 984 4751 γὰρ
1015 4684 1407 4753 ἐπηγγείλατο,
1459 4687 1487 4738 6
1535 4686 1591 4738 δὲ
1623 4688 1888 4757 ἐπετάγη.
1935 4687 2046 4741 Καὶ

465 4763 567 4835 δρα
596 4764 759 4818 αὐτοῦ
788 4765 884 4836 τήν
918 4766 1243 4838 προθυμίαν.
1269 4769 1343 4820 Οὐ
1370 4767 1528 4836 μόνον
1555 4769 1634 4831 εἰς
1661 4768 1837 4821 οἰκίαν
1879 4772 2044 4841 φησὶν

463 4847 564 4901 οὐκ
613 4848 1036 4911 εἰσελεύσεσθαι,
1095 4850 1216 4903 οὐδὲ
1270 4852 1349 4914 εἰς
1400 4850 1588 4921 κλίνην
1648 4850 2041 4920 ἀναϐήσεσθαι,

465 4930 580 4985 ἀλλ’
618 4931 738 4986 οὐδέ
767 4931 803 4987 ἃ
839 4932 947 4986 ἀπὸ
977 4933 1076 5004 τῆς
1105 4935 1338 5005 φυσικῆς
1368 4934 1612 5003 ἀνάγκης
1649 4928 1740 5003 ἦν,
1768 4934 1889 4987 οὐδὲ
1918 4935 2061 4988 τού-.

460 5031 570 5069 των
596 5015 1000 5071 ἁπολαύσεσθαι
1037 5028 1061 5057 ο
1098 5016 1236 5089 μετὰ
1279 5017 1483 5082 ἀδείας,
1520 5017 1626 5079 ἓως
1672 5009 1733 5068 οὐ
1777 5017 1912 5089 εὐρη
1952 5018 2042 5071 τό-

462 5114 563 5151 πον
600 5098 695 5153 καὶ
735 5102 999 5171 σκήνωμα
1042 5100 1121 5171 τῷ
1166 5100 1287 5171 Θεῷ
1328 5099 1546 5154 Ἰακώϐ.
1577 5092 1677 5152 Ὧν
1718 5098 1790 5152 τὰ
1824 5101 2041 5155 ἐναντία

460 5182 617 5237 αὐτοὶ
645 5185 996 5239 ἐνεκαλοῦντο
1035 5185 1188 5257 παρά
1218 5185 1310 5239 τοῦ
1341 5184 1498 5248 Θεοῦ,
1541 5184 1787 5253 λέγοντος
1807 5199 1822 5215 ο
1854 5183 2039 5256 Ὑμεῖς

521 5346 549 5377 ⁸
569 5347 680 5398 Sav.
704 5350 860 5399 ἵλεων.

526 5407 555 5446 Β
580 5409 699 5475 Mgr.
724 5413 897 5475 habet
918 5415 987 5474 τῷ
1019 5414 1149 5475 Θεῷ,
1180 5413 1329 5461 male.
1372 5410 1495 5462 Ibid.

459 5473 593 5545 test}!
620 5472 823 5549 Savglip,
846 5472 981 5549 αᾳᾳιι
1016 5475 1062 5522 τί
1093 5472 1404 5549 λέγειξ;“ιιοῃ
1446 5472 1594 5546 ωείο.
1619 5477 1760 5549 _ln:'r§
1799 5476 1911 5549 ξεῖ.
1947 5477 2034 5526 τοῦ

459 5536 643 5621 μυρίοις
680 5536 824 5582 αὐτὸν
842 5536 1097 5593 πλύνοντος
1126 5538 1234 5588 ὸνιί
1276 5536 1429 5586 Paulo
1454 5544 1564 5601 post
1583 5539 1711 5586 idem
1729 5538 1854 5587 δυεῖν
1876 5540 2028 5588 ἕνεκα.

460 5651 500 5658 __
577 5591 633 5658 Ιῃ
653 5595 870 5658 editione
893 5599 987 5658 τῶν
1010 5598 1078 5645 0’
1119 5597 1330 5646 Romana
1358 5599 1539 5658 legitur
1557 5600 1633 5648 ἐπὶ
1672 5600 1751 5647 τὸν
1793 5602 2033 5649 ταπεινόν·

453 5651 718 5720 Μεξκὲδὸν.
742 5656 949 5720 μάλιστα
970 5657 1044 5715 ἡν·
1071 5660 1150 5705 καὶ
1172 5659 1261 5720 γὰρ
1282 5663 1311 5715 ἠ
1337 5651 1502 5708 ἀνάστ.

519 5712 544 5794 ;¹
567 5712 860 5797 ἔθνε’(τιξὶξή
881 5712 1059 5797 116.23.;
1339 5722 1389 5769 δὲ
1413 5723 1491 5769 καὶ
1514 5724 1740 5797 μάλιστα.
1802 5781 1822 5795 ,
1951 5784 1963 5797 ⁸
1979 5786 1996 5797 ἢ

516 5776 533 5844 ξ
567 5774 719 5823 ςιινὶι.
756 5777 860 5824 ἀλλ’
899 5779 1010 5827 οὐδὲ
1038 5778 1063 5827 ὃ
1085 5774 1178 5825 ἀπὸ
1200 5774 1283 5837 τῆς
1322 5774 1527 5844 φυσικῆς
1553 5784 1758 5846 ἀνάγκης
1796 5781 1871 5844 ἦν,
1916 5784 2023 5834 οὐδὲ

453 5850 621 5884 τούτου
643 5837 785 5887 άπολ.

1534 5421 1644 5476 post
1691 5413 1865 5465 Ἰακώϐ
1889 5429 2033 5472 unus.

1191 316 1252 379 S.
1288 317 1570 377 JOANNIS
1607 317 2098 377 CHRYSOSTOII
2136 316 2458 377 ARCHIEP.
2498 320 3050 383 CONSTANTINOP.

3660 329 3773 388 382

2180 434 2298 504 μὲν
2324 435 2538 492 οἰκεῖτε
2582 436 2653 491 ἐν
2678 437 2866 504 οίκοις
2903 436 3392 508 κοιλοστάθμοις·
3440 442 3475 495 ό
3507 440 3575 494 δὲ
3597 439 3771 510 οἶκός

2176 520 2297 587 μού
2324 519 2497 573 ἐστιν
2517 519 2755 590 ἕρημος.
2775 521 2925 588 Ἕως
2956 515 3028 576 οὗ
3056 519 3207 587 εὕρω
3230 524 3418 577 τόπον
3440 522 3520 590 τῷ
3545 526 3768 592 Κυρίῳ,

2181 599 2473 671 σκήνωμα
2503 600 2583 671 τῷ
2612 601 2735 669 Θεῷ
2766 601 2994 659 Ἰακώϐ.
3018 604 3160 676 Ὀρα
3194 604 3355 660 πάλιν
3380 607 3474 660 καὶ
3511 607 3767 661 ἐντεῦθεν

2179 684 2277 754 τὴν
2307 684 2558 757 σπουδὴν,
2586 686 2681 739 καὶ
2707 686 2806 757 τὴν
2848 689 3334 759 μεμεριμνημένην
3368 688 3521 762 [377]
3558 690 3765 761 ψυχήν.

2191 766 2251 820 '0
2275 766 2525 837 βασιλεὺς
2557 769 2704 839 λέγει
2724 809 2739 832 ,
2765 770 2915 836 Ἕως
2939 765 3010 825 οὗ
3035 771 3189 839 εὕρω
3226 774 3414 826 τόπον
3443 770 3523 837 τῷ
3543 775 3764 841 Κυρίῳ,

2178 851 2471 923 σκήνωμα
2515 852 2598 919 τῷ
2641 854 2765 921 Θεῷ
2791 854 2991 909 Ἰακὼϐ
3014 856 3062 919 ί,
3093 859 3121 910 6
3157 857 3376 911 πάντων
3401 857 3643 929 κρατῶν.
3682 859 3763 910 υύ

2178 935 2288 1007 γάρ
2318 935 2504 1000 ἁπλῶς
2532 937 2883 1009 οἰκοδομῆσαι
2909 938 3182 1002 ἐϐούλετο,
3218 940 3333 993 ἀλλ’
3373 942 3432 994 ἐν
3458 940 3767 1010 ἐπιτηδειο-

2179 1020 2331 1090 τάτῳ
2355 1021 2563 1092 χωρίῳ,
2597 1022 2690 1076 καὶ
2716 1021 2922 1095 σφόδρα
2949 1024 3028 1097 τῷ
3055 1023 3171 1095 ναῷ
3196 1024 3485 1096 πρέποντι,
3537 1024 3632 1078 καὶ
3658 1024 3765 1093 ζη-

2177 1105 2387 1175 τήσεως
2419 1106 2621 1159 ἐδεῖτο·
2681 1107 2854 1171 οὕτως
2894 1104 2963 1180 ἦν
2994 1109 3271 1180 ἄγρυπνος
3309 1111 3376 1181 τῇ
3420 1108 3764 1178 ψνχῇ.Ἰδσὺ

2176 1187 2527 1257 ἠκούσαμεν
2548 1188 2746 1257 αὐτὴν
2769 1191 2841 1244 ἐν
2869 1191 3143 1259 Ἑφραθὰ,
3185 1192 3439 1260 εὕρομεν
3465 1189 3662 1259 αὐτὴν
3688 1190 3765 1244 ἐν

2175 1270 2301 1336 τοῖς
2324 1271 2557 1337 πεδίοις
2583 1272 2689 1327 τοῦ
2718 1272 2967 1343 δρυμοῦ.
3004 1275 3086 1329 Τὰ
3116 1274 3321 1329 παλαιά
3350 1274 3617 1345 διηγεῖται
3639 1271 3761 1337 νῦν,

2174 1350 2394 1416 δεικνὺς
2420 1355 2504 1407 ὅτι
2548 1355 2645 1408 καὶ⁸
2687 1354 2993 1426 ἔμπροσθεν
3028 1357 3195 1412 πολὺν
3234 1357 3449 1429 περιῄει
3490 1357 3682 1428 χρόνον
3720 1357 3758 1426 ἡ

2178 1434 2429 1500 κιϐωτὸς,
2457 1437 2620 1491 τόπον
2644 1438 2709 1493 ἐκ
2738 1439 2902 1492 τόπου
2932 1440 3233 1511 ἀμείϐουσα
3249 1456 3265 1471 ·
3286 1440 3372 1494 διά
3386 1440 3544 1494 τοῦτό
3567 1451 3757 1512 φησιν’

2190 1518 2336 1572 Ἰδοὺ
2384 1520 2737 1591 ἠκούσαμεν
2781 1521 2978 1590 αὐτὴν
3030 1523 3099 1576 ἐν
3138 1523 3431 1593 Ἐφραθά·
3486 1524 3759 1586 τουτέστι,

2176 1601 2349 1656 ταῦτα
2384 1602 2713 1676 διηγήσαντο
2741 1607 2872 1678 ήμϊν
2914 1608 2963 1660 al
3007 1608 3243 1677 πατέρες
3284 1607 3463 1677 ήμῶν,
3495 1604 3663 1661 ταῦτα
3694 1605 3758 1671 ἐξ

2177 1684 2346 1754 ἀκοῆς
2372 1687 2697 1758 κατέχομεν,
2737 1690 2819 1743 ὅτι
2853 1689 2946 1743 καὶ
2976 1689 3097 1742 τότε
3132 1689 3421 1762 περιιοῦσα
3450 1688 3756 1759 πανταχοῦ,

2175 1769 2234 1822 ἐν
2261 1770 2464 1835 πεδίοις
2512 1773 2607 1824 καὶ
2634 1772 2843 1844 ἀγροῖς,
2889 1772 3130 1845 ήδράσθη
3169 1773 3309 1841 μετά
3346 1772 3552 1827 ταῦτα·
3596 1770 3758 1825 τοῦτο

2175 1849 2238 1923 δὴ
2263 1852 2504 1918 γενέσθω
2528 1854 2623 1907 καὶ
2643 1854 2757 1909 νῦν.
2776 1855 3021 1926 Ἐφραθὰ
3040 1855 3274 1910 ἐνταῦθα
3294 1856 3392 1927 τὴν
3421 1855 3590 1909 Ἰούδα
3603 1853 3759 1923 λέγει

2175 1934 2367 2006 φυλὴν,
2398 1938 2478 1999 εἰς
2505 1936 2573 2007 ἢν
2611 1938 2745 2008 μετά
2784 1937 2883 2010 τὴν
2919 1938 3117 2011 πολλὴν
3147 1938 3395 2009 περίοδον
3436 1936 3753 2009 εἰσηνέχθη.

2172 2020 2658 2089 Εἰσελευσόμεθα
2686 2023 2773 2088 είς
2802 2021 2873 2075 τὰ
2914 2020 3277 2093 σκηνώματα
3323 2022 3532 2085 αὐτοῦ,
3568 2036 3757 2090 προσ-

2172 2100 2525 2172 κυνήσομεν
2560 2105 2647 2170 είς
2676 2103 2783 2158 τὸν
2811 2105 3019 2171 τόπον,
3058 2102 3130 2161 οὗ
3164 2105 3440 2174 ἔστησαν
3474 2109 3529 2161 οί
3566 2105 3756 2172 πόδες

2172 2184 2378 2238 αὐτοῦ.
2430 2180 2586 2249 Εἶδες
2619 2185 2761 2261 πόσῃ
2807 2188 3079 2260 παχύτητι
3118 2189 3385 2261 κέχρηται
3423 2190 3522 2258 τῆς
3548 2187 3754 2254 λέξεως

2168 2264 2259 2319 διὰ
2287 2265 2384 2336 τήν
2410 2267 2611 2338 πολλὴν
2642 2269 2752 2323 τῶν
2779 2269 3082 2325 ἀκουόντων
3120 2272 3497 2343 ἀναισθησίαν,
3532 2270 3753 2342 σκηνώ-

2176 2364 2321 2417 ματα
2352 2349 2527 2419 λέγων
2556 2350 2653 2404 τοῦ
2697 2350 2854 2417 Θεοῦ,
2888 2353 2986 2407 καὶ
3029 2354 3217 2420 πόδας,
3263 2355 3359 2409 καὶ
3398 2354 3582 2414 τόπον.
3616 2348 3753 2409 ἔνθα

2173 2430 2404 2501 ἔστησαν
2435 2433 2483 2485 οί
2518 2432 2698 2498 πόδες.
2738 2434 2925 2490 Ταῦτα
2971 2435 3029 2488 δέ
3073 2437 3253 2492 πάντα
3278 2438 3373 2492 τὸν
3395 2439 3558 2491 τόπον
3593 2437 3751 2506 λέγει

2168 2518 2269 2585 τῆς
2306 2515 2561 2581 κιϐωτοῦ,
2602 2519 2791 2589 ἐπειδὴ
2824 2520 3035 2574 ἐκεῖθεν
3061 2523 3119 2574 αί
3151 2522 3379 2595 φρικταὶ
3408 2521 3582 2593 φωναὶ
3614 2521 3750 2590 ἐφέ-

2171 2613 2326 2668 ροντο
2357 2600 2485 2670 περὶ
2526 2599 2635 2654 τῶν
2666 2603 2733 2654 ἐν
2757 2603 2871 2666 τοῖς
2900 2603 3174 2668 Ἰουδαίοις
3207 2606 3551 2676 πραγμάτων
3580 2604 3750 2660 λύου-

2170 2698 2261 2734 σαι
2294 2680 2364 2734 16
2392 2682 2600 2754 ἀσαφῆ,
2640 2685 2736 2738 καὶ
2767 2686 2899 2757 περὶ
2942 2686 3054 2741 τῶν
3108 2688 3412 2759 μελλόντων
3444 2688 3744 2760 προλέγουο

2169 2780 2281 2819 σαι.
2318 2764 2646 2834 Ἀνάστηθι,
2691 2769 2889 2837 Κύριε,
2935 2772 3023 2836 εἰς
3064 2769 3182 2839 τὴν
3217 2771 3568 2827 ἀνάπαυσιν
3601 2788 3747 2837 σου,

2168 2848 2250 2901 σὺ
2280 2848 2377 2901 καί
2404 2848 2442 2916 ή
2476 2851 2722 2917 κιϐωτός
2762 2851 2867 2906 τοῦ
2910 2851 3281 2922 ἁγιάσματός
3329 2869 3466 2911 σου.
3491 2855 3745 2924 Ἕτερος.

2173 2929 2288 3000 Τῆς
2327 2933 2539 3001 ἰσχύος
2567 2947 2704 2987 σου.
2727 2934 2934 2998 Ἀλλος,
2960 2935 3070 2989 Τοῦ
3098 2935 3357 3003 κράτους
3383 2952 3501 2992 σου
3518 2953 3533 2968 ·
3563 2938 3738 3008 ἀμφό-

2164 3028 2299 3084 τερα
2322 3013 2380 3067 δὲ
2405 3013 2599 3086 ἀληθῆ.
2623 3017 2733 3069 Καὶ
2765 3016 2875 3088 γάρ
2902 3018 2935 3089 ή
2968 3017 3243 3091 ἀγιωσύνη
3277 3020 3487 3075 ἐκεῖθεν
3516 3020 3745 3088 ἐδίδοτο,

2166 3097 2259 3150 καὶ
2305 3097 2613 3169 ἁγιωσύνης
2654 3094 2723 3170 ἦν
2755 3100 3013 3171 ποιητικά
3062 3101 3131 3156 τά
3174 3102 3478 3174 γράμματα
3521 3103 3591 3158 τὰ
3620 3104 3748 3159 ἐπι-

2166 3181 2408 3251 κείμενα,
2439 3182 2533 3236 καὶ
2562 3182 2763 3251 ἰσχύος.

2231 3262 2298 3334 γ’.
2326 3265 2520 3328 Καλῶς
2544 3262 2637 3319 οὐν
2666 3265 2838 3328 οὕτως
2870 3260 2995 3321 εἷπε
3011 3281 3028 3300 ο
3050 3266 3251 3340 πολλὴν
3278 3269 3388 3340 γὰρ
3411 3272 3439 3324 6
3463 3268 3597 3334 Θεὸς
3618 3270 3744 3325 ἐνε-

2159 3346 2370 3413 δείξατο
2408 3347 2479 3401 δι’
2516 3349 2685 3421 αὐτῆς
2725 3349 2977 3421 δύναμιν,
3013 3352 3108 3405 καὶ
3148 3351 3317 3417 ἅπαξ,
3371 3354 3466 3407 καὶ
3504 3353 3605 3418 δὶς.
3642 3357 3743 3410 καὶ

2162 3432 2441 3497 πολλάκις,
2472 3427 2586 3487 οἷον
2628 3436 2717 3488 ὅτε
2752 3435 2959 3508 ἐλήφθη
3001 3436 3153 3508 παρὰ
3186 3438 3297 3491 τῶν
3329 3438 3621 3504 Ἀζωτίων,
3646 3442 3739 3496 ὅτε

2158 3516 2226 3569 τὰ
2258 3516 2451 3570 εῐδωλα
2492 3519 2852 3589 κατήνεγκεν,
2883 3521 2973 3574 ὅτε
3013 3521 3213 3591 ἔπληξε
3248 3524 3377 3587 τούς
3421 3523 3736 3595 είληφότας.

2157 3597 2247 3652 ὅτε
2278 3599 2470 3669 ἔστησε
2498 3601 2597 3671 τὴν
2641 3600 2855 3674 πληγὴν
2884 3603 3238 3674 ἀποδοθείσης
3288 3606 3483 3677 αὐτῆς,
3520 3608 3615 3661 καὶ
3648 3608 3737 3662 διά

2155 3682 2266 3736 τῶν
2291 3682 2464 3737 ἄλλων
2510 3683 2589 3746 δὲ,
2633 3683 2700 3737 δι’
2743 3678 2820 3737 ὧν
2870 3686 3057 3740 αὐτόθι
3105 3688 3408 3759 εἰργάζετο,
3450 3690 3547 3762 τήν
3579 3693 3736 3762 ἰσχὺν

2155 3763 2501 3817 ἐπεδείκνυτο
2531 3764 2631 3836 τὴν
2658 3765 2877 3820 ἑαυτοῦ.
2906 3767 2972 3820 Τί
3010 3769 3069 3822 δέ
3098 3770 3269 3836 ἐστιν,
3300 3770 3608 3840 Ἀνάστηθι
3644 3775 3735 3841 εις

2155 3844 2271 3914 τὴν
2323 3845 2673 3902 ἀνάπαυσιν
2718 3862 2875 3912 σου;
2932 3851 3137 3921 Στῆσον
3187 3853 3334 3924 ἡμᾶς
3393 3855 3731 3924 ἀλωμένους,

2156 3929 2309 4000 φησι,
2343 3931 2437 3983 καὶ
2461 3929 2559 4001 τὴν
2583 3930 2816 3986 κιϐωτὸν
2845 3935 3307 4006 περιφερομένην,
3352 3937 3446 3991 καὶ
3475 3938 3573 4007 6ψέ
3597 3939 3732 4009 γοῦν

2154 4028 2283 4066 ποτε
2326 4012 2635 4067 ἀνάπαυσον
2664 4015 2854 4084 αὐτήν.
2903 4019 2967 4069 Ol
3010 4018 3184 4085 ἱερεῖς
3216 4034 3335 4074 σου
3363 4018 3729 4077 ἐνδύσονται

2152 4093 2565 4165 δικαιοσύνην.
2619 4098 2860 4169 Ἕτερος,
2921 4100 3463 4170 Ἀμφιεσθήτωσαν.
3507 4104 3724 4172 Ἀλλος,

2165 4178 2691 4247 Ἑνδυσάσθωσαν,
2731 4182 2867 4254 ὅπερ
2904 4183 3142 4252 μάλιστά
3185 4186 3309 4241 ἐστι
3355 4190 3718 4261 σαφέστερονο

2150 4261 2445 4333 εὐχομένου
2496 4264 2604 4335 γάρ
2641 4267 2809 4330 ἐστιν,
2858 4266 2978 4337 οὐχὶ
3026 4270 3476 4341 προφητεύοντος.
3514 4272 3610 4327 καὶ
3639 4275 3724 4327 αί-

2148 4346 2366 4411 τοῦντος
2394 4348 2492 4420 τὴν
2521 4349 2619 4419 τῆς
2648 4350 2851 4421 ἀρετῆς
2896 4351 3109 4422 κτῆσιν.
3156 4355 3510 4426 Δικαιοσύνην
3541 4356 3597 4410 δὲ
3638 4359 3722 4412 ἐν-

2148 4428 2323 4483 ταῦθά
2356 4447 2488 4501 φησι
2513 4432 2612 4504 τὴν
2652 4433 2961 4501 ἀγιαστίαν,
2990 4435 3088 4509 τὴν
3120 4436 3439 4509 ἱερωσύνην,
3486 4438 3584 4510 τὴν
3628 4440 3723 4494 λαο

2146 4514 2352 4584 τρείαν,
2383 4513 2483 4577 τὰς
2512 4514 2722 4579 θυσίας,
2752 4516 2851 4579 τὰς
2882 4518 3216 4590 προσφορὰς,
3243 4521 3338 4572 καὶ
3359 4521 3498 4589 μετά
3518 4523 3719 4575 τούτων

2145 4596 2244 4667 τὴν
2298 4598 2502 4667 ἀκριϐῆ
2560 4598 2856 4662 πολιτείαν,
2919 4601 3105 4671 ἐπειδὴ
3157 4602 3391 4672 μάλιστα
3435 4606 3528 4657 καὶ
3572 4606 3718 4676 παρά

2151 4679 2339 4750 ἱερέων
2366 4681 2571 4752 ταύτην
2610 4684 2957 4737 ἀπαιτεῖσθαι
3011 4687 3137 4755 χρή.
3177 4686 3286 4739 Καὶ
3315 4689 3371 4740 οἱ
3400 4687 3561 4742 ὅσιοί
3600 4706 3716 4743 σου

2145 4761 2655 4831 άγγαλλιάσονται
2675 4782 2687 4796 ·
2720 4765 2923 4819 τούτων
2945 4768 3269 4837 γενομένων.
3295 4770 3437 4840 Ὅρα
3467 4772 3630 4824 αὐτὸν
3652 4773 3715 4826 οὐ

2146 4845 2352 4907 πόλεως
2381 4845 2647 4917 ζητοῦντα
2672 4849 2979 4920 οἰκοδομὴν,
3011 4850 3110 4903 οὐκ
3137 4851 3395 4919 ἀφθονίαν
3423 4855 3619 4921 ὠνίων,
3652 4857 3711 4909 ού

2142 4928 2241 4998 τὴν
2274 4928 2440 4999 ἀλλην
2460 4931 2786 5000 εὐπραγίαν,
2811 4932 2946 4985 ἀλλά
2972 4932 3071 5004 τὴν
3092 4933 3425 5004 εὐπρέπειαν
3442 4935 3537 4991 τοῦ
3559 4938 3711 5003 ναοῦ,

2141 5008 2240 5080 τὴν
2275 5010 2377 5080 τῆς
2425 5011 2660 5065 κιϐωτοῦ
2708 5014 3073 5078 κατάπαυσιν,
3113 5016 3175 5069 τὸ
3201 5016 3311 5070 τῶν
3348 5019 3538 5089 ἱερέων
3575 5021 3713 5091 πλή-

2143 5108 2322 5173 ρωμα,
2351 5091 2450 5164 τὴν
2482 5094 2793 5162 ἀγιαστίαν,
2822 5095 2921 5166 τὴν
2962 5094 3237 5169 λατρείαν,
3261 5099 3362 5171 τὴν
3390 5103 3709 5173 ἱερωσύνην.

2141 5170 2277 5228 Εἶτα
2306 5176 2492 5257 ἐπειδὴ
2521 5178 2693 5231 ταῦτα
2715 5179 2944 5249 ⁴ᾔτησαν,
2976 5181 3129 5235 αὐτοὶ
3148 5181 3206 5234 δὲ
3235 5170 3522 5238 ὑπεύθυνοι
3542 5170 3712 5257 ἀμαρο

2140 5259 2203 5325 τή
2214 5272 2378 5327 μασιν
2400 5254 2539 5330 ἦσαν
2579 5261 2813 5325 πολλοῖς,
2843 5263 2935 5316 ἐπὶ
2958 5264 3049 5317 τὸν
3089 5265 3350 5336 πρόγονον
3374 5254 3709 5338 καταφεύγει

2144 5339 2301 5392 πάλιν
2337 5340 2543 5409 λέγων’
2576 5344 2827 5401 Ἕνεκεν
2864 5346 3045 5399 Δαυῒδ
3080 5347 3187 5402 τοῦ
3211 5348 3439 5403 δούλου
3476 5366 3595 5405 σου
3624 5350 3707 5420 μὴ

2138 5422 2289 5496 1578]
2342 5426 2737 5495 ἀποστρέψῃς
2797 5428 2863 5481 τό
2917 5431 3240 5496 πρόσωπον
3292 5430 3400 5485 τοῦ
3454 5433 3706 5500 πριστοῦ

2135 5524 2274 5564 σου.
2317 5511 2380 5562 Τί
2425 5512 2595 5573 ἐστιν,
2633 5513 2878 5565 Ἕνεκεν
2909 5511 3093 5565 Δαυῒδ
3139 5514 3245 5569 τοῦ
3292 5514 3519 5570 δούλου
3555 5531 3708 5580 σου;

2134 5594 2209 5645 Οὐ
2245 5593 2332 5647 διὰ
2359 5592 2455 5664 τὴν
2478 5594 2677 5665 ἀρετήν
2706 5595 2914 5648 ἐκείνου
2943 5595 3126 5666 μόνον,
3152 5598 3338 5669 φησὶν,
3368 5599 3478 5653 οὐδ’
3508 5599 3590 5654 ὅτι
3616 5616 3706 5653 το-

2137 5676 2338 5745 σαύτην
2365 5676 2599 5747 σπουδὴν
2633 5679 2657 5717 ε
2695 5677 2985 5747 ἐποιήσατο
3017 5678 3151 5749 πρὸς
3192 5680 3252 5734 τὸ
3291 5681 3381 5734 τὸν
3409 5681 3535 5736 ναὸν
3577 5685 3706 5736 ἀνα-

2201 5785 2222 5851 [
2246 5785 2381 5851 ῌῖρρ,
2402 5789 2633 5851 σκῇνωμα
2657 5790 2725 5851 τῷ
2749 5789 2857 5851 Θεῷ
2904 5789 3093 5841 Ἰακώϐ.
3121 5803 3213 5841 non
3238 5791 3387 5841 habet
3407 5792 3516 5841 Sav.

2199 5848 2223 5888 ε
2246 5847 2355 5896 Sav.
2381 5850 2443 5909 μή
2469 5850 2545 5897 δια
2566 5852 2649 5906 τήν
2669 5847 2893 5912 ἀρετὴν...
2930 5855 3044 5916 μηδέ
3071 5855 3188 5902 διότι
3213 5854 3445 5909 τοσαύτην
3471 5854 3700 5909 σπουδήν.
