4018 6268
267 377 360 434 $8!

263 489 410 544 cede
437 499 728 559 paucorum
758 494 1039 548 corporum
1068 487 1121 533 et
1152 486 1422 548 peccatum
1451 481 1521 534 de
1550 477 1726 535 medio
1749 478 1848 534 tol-

265 582 374 635 lere
402 622 416 642 ,
446 589 497 632 et
529 579 660 630 iram
691 583 931 629 avertere
953 612 970 638 ,
1025 570 1294 638 Deumque
1315 568 1535 623 reddere
1561 569 1846 638 propitium

267 672 349 733 iis,
381 670 471 739 qui
504 668 628 721 talia
667 663 1039 721 admiserant?
1061 662 1117 718 Si
1143 662 1210 716 ita
1237 661 1620 715 examinaveris
1662 675 1779 728 qua:
1817 675 1848 712 a

265 763 411 832 justo
441 762 573 814 facta
601 769 744 825 sunt,
774 773 838 812 ex
865 771 928 813 eo
951 756 1179 811 maxime
1199 753 1400 809 videbis
1423 769 1544 807 eum
1568 754 1727 808 luisse
1753 753 1854 807 mi-

270 854 555 908 tissimum.

337 943 394 1000 3.
423 943 530 998 Sed
568 942 680 995 iure
710 956 775 994 ex
801 940 864 994 iis
890 954 1006 1008 quae
1027 938 1161 993 dicta
1192 945 1317 990 sunt
1341 936 1575 992 sinentes
1602 935 1851 991 studiosis

271 1051 574 1100 recensere,
600 1052 665 1088 ne
691 1051 752 1088 ea
774 1075 789 1098 ,
822 1048 941 1102 qua:
960 1032 1132 1084 obiter
1157 1030 1450 1086 aﬂ‘eruntur
1467 1070 1483 1095 ,
1517 1029 1623 1082 sint
1651 1028 1849 1095 majora

273 1133 339 1186 iis
364 1146 482 1200 qua:
508 1138 634 1182 sunt
656 1129 706 1182 in
739 1126 1014 1186 inanibus,
1053 1123 1117 1176 ad
1146 1123 1196 1176 id
1221 1122 1358 1191 quod
1385 1129 1469 1176 est
1491 1120 1641 1175 nobis
1664 1134 1854 1188 propo-

275 1224 472 1283 situm,
527 1229 882 1273 revertamur.
926 1214 1061 1280 Quid
1093 1224 1208 1268 erat
1253 1220 1429 1266 autem
1475 1209 1848 1280 propositum:

273 1312 566 1374 Memento,
617 1308 864 1371 Domine,
919 1304 1115 1367 David,
1163 1313 1211 1357 et
1259 1303 1421 1355 omnis
1459 1298 1854 1353 mansuetudinis

271 1409 381 1472 eius
403 1421 422 1458 :
442 1405 500 1458 2.
529 1404 654 1456 sicut
685 1399 878 1470 jurauit
910 1397 1130 1450 Domino
1151 1436 1164 1458 ,
1197 1404 1363 1448 uotum
1391 1393 1515 1446 vovit
1542 1389 1650 1444 Deo
1670 1389 1852 1444 Jacob.

271 1501 406 1552 Cum
432 1495 792 1566 proposuisset
809 1491 988 1544 dici-re
1009 1489 1076 1544 de
1099 1485 1521 1549 mansuetudine,
1546 1485 1609 1537 iis
1639 1492 1859 1552 praiter-

273 1591 453 1645 missis
485 1604 602 1658 qua:
629 1585 771 1642 Sauli
801 1584 1028 1648 fecerat,
1058 1598 1175 1651 qua:
1202 1579 1449 1633 fratribus
1474 1619 1488 1642 ,
1534 1592 1652 1646 qua:
1689 1573 1856 1628 Jona-

274 1684 401 1745 tlim,
435 1681 630 1735 omissa
672 1678 799 1731 item
834 1674 1082 1744 patientia
1110 1685 1212 1740 qua
1236 1685 1361 1722 usus
1383 1675 1496 1723 erat
1522 1667 1571 1720 in
1605 1664 1856 1729 militem,

271 1775 364 1844 qui
395 1787 514 1826 eum
542 1767 853 1838 aSpergebat
876 1764 1023 1818 mille
1051 1761 1255 1830 probris
1275 1774 1335 1812 ac
1357 1756 1672 1818 maledictis,
1701 1763 1753 1808 et
1776 1753 1857 1807 his

275 1867 436 1932 longe
469 1861 736 1930 pluribus,
787 1855 855 1910 ad
898 1853 1040 1907 aliud
1077 1861 1233 1920 caput
1260 1849 1471 1904 deducit
1516 1845 1854 1910 orationem,

275 1957 418 2026 quod
460 1954 746 2008 maximum
812 1951 861 2003 in
889 1963 947 2001 se
1001 1946 1172 2000 zelum
1222 1952 1275 1998 et
1313 1941 1556 1996 ardorem
1600 1939 1856 1993 continet.

275 2051 452 2115 Quare
476 2059 602 2113 ergo
628 2045 724 2096 hoc
749 2042 869 2096 facit
894 2039 915 2091 ?
945 2039 1154 2092 Duabus
1175 2035 1243 2090 de
1261 2034 1434 2088 causis
1460 2053 1473 2087 :
1496 2047 1596 2086 una
1624 2031 1856 2100 quidem,

273 2138 526 2208 quoniam
567 2135 707 2190 Deus
749 2148 814 2188 eo
856 2131 1085 2185 maxime
1135 2128 1430 2181 delectatur
1463 2143 1475 2178 :
1507 2123 1676 2192 Super
1715 2136 1860 2192 quem

275 2231 428 2294 enim,
462 2227 667 2297 inquit,
694 2224 984 2294 respiciam,
1013 2221 1107 2274 nisi
1137 2235 1287 2286 super
1313 2225 1625 2270 mansuetum
1647 2223 1694 2268 et
1718 2214 1860 2282 quie-

275 2333 404 2384 tum,
429 2327 478 2372 et
503 2326 790 2371 trementem
812 2313 958 2367 verba
990 2329 1098 2365 mea
1127 2309 1293 2380 (lsai.
1323 2308 1406 2363 66.
1441 2307 1550 2377 2)?
1580 2307 1681 2358 alia
1713 2318 1859 2368 vero,

276 2412 524 2483 quoniam
553 2409 655 2463 hoc
697 2407 837 2476 quod
879 2405 1110 2460 maxime
1140 2401 1399 2471 urgebat,
1448 2414 1639 2468 nempe
1681 2395 1860 2465 templi

277 2503 608 2559 constructio
627 2542 642 2566 ,
694 2509 750 2556 et
778 2498 1006 2552 civitatis
1031 2495 1307 2550 aediﬁcatio
1328 2533 1345 2558 ,
1389 2504 1441 2546 et
1467 2491 1668 2560 antiqui
1695 2498 1864 2542 status

279 2593 588 2663 reipublica:
615 2590 878 2644 restitutio
899 2629 913 2653 ,
956 2585 1023 2640 ad
1053 2585 1152 2639 hoc
1179 2584 1407 2638 maxime
1452 2581 1630 2650 dirigit
1667 2581 1863 2632 oratio-

279 2702 426 2748 nem,
456 2692 512 2738 et
546 2681 670 2736 illud
697 2680 908 2750 quidem
942 2675 1315 2748 praetermittit,
1348 2683 1402 2726 ut
1432 2671 1570 2742 quod
1601 2673 1665 2724 sit
1699 2669 1868 2724 mani-

281 2782 474 2832 festum
518 2785 574 2833 et
610 2775 662 2829 in
701 2771 947 2826 confesso
977 2787 991 2824 :
1021 2768 1228 2840 cognita
1273 2766 1414 2820 enim
1460 2772 1574 2818 erat
1615 2762 1859 2816 omnibus

281 2874 401 2942 ejus
421 2867 768 2925 mansuetudo
788 2883 802 2931 ;
830 2865 880 2919 id
905 2873 1081 2919 autem
1105 2876 1212 2933 quo
1231 2859 1462 2915 maxime
1482 2873 1614 2926 Opus
1637 2854 1856 2908 habebat

287 2965 356 3017 ad
396 2977 548 3015 suum
592 2959 888 3014 institutum
917 2997 933 3020 ,
987 2955 1120 3010 idin
1171 2952 1404 3007 medium
1455 2945 1683 3002 adducit.
1729 2944 1866 3011 Quid

289 3057 435 3111 enim
481 3053 650 3107 videre
694 3049 1016 3120 cupiebant?
1047 3046 1324 3116 Templum
1363 3043 1645 3098 excitatum
1672 3081 1687 3106 ,
1716 3047 1866 3094 vete-

285 3160 484 3216 resque
528 3146 653 3198 ritus
686 3151 739 3196 et
773 3141 1102 3197 ceremonias
1129 3138 1418 3192 restitutas.
1451 3132 1710 3200 Quoniam
1743 3143 1868 3200 ergo

287 3240 453 3294 David
496 3246 608 3292 erat
647 3251 707 3291 ea
753 3250 812 3289 re
857 3233 1087 3287 maxime
1138 3229 1378 3298 insignis,
1428 3225 1569 3280 illius
1616 3222 1772 3278 smdii
1817 3229 1873 3274 et

282 3330 448 3384 animi
479 3328 628 3398 quasi
657 3323 1138 3380 remunerationem
1172 3322 1356 3388 petita
1387 3317 1493 3370 Deo
1520 3313 1701 3384 templi
1743 3310 1868 3365 a'di-

286 3422 613 3484 licationem,
638 3430 689 3474 et
713 3419 842 3473 dicit
871 3436 884 3471 :
916 3414 1185 3480 Memento,
1219 3410 1454 3472 Domine,
1481 3406 1666 3472 David,
1694 3415 1742 3458 et
1762 3421 1869 3456 ont-

282 3519 364 3572 nis
404 3512 802 3570 mansuetudinis
842 3512 995 3576 eius:
1033 3509 1158 3562 sicut
1189 3504 1378 3577 juravit
1419 3501 1672 3564 Domino,
1703 3509 1872 3551 volun:

281 3609 416 3663 novit
443 3605 550 3660 Deo
570 3603 749 3658 Jacob.
779 3603 832 3657 5.
859 3601 916 3655 Si
944 3599 1181 3653 introiere
1205 3597 1258 3648 in
1290 3591 1663 3647 tabernaculum
1694 3588 1872 3640 domus

282 3715 432 3765 mea,
455 3700 498 3752 si
518 3696 790 3750 ascendere
809 3694 860 3745 in
881 3693 1063 3746 lectum
1085 3688 1230 3741 strati
1253 3687 1368 3752 mei,
1391 3686 1440 3738 4.
1463 3684 1506 3737 si
1534 3682 1716 3735 dedero
1739 3696 1872 3733 som-

279 3809 410 3846 num
433 3790 593 3844 oculis
621 3787 762 3848 meis,
793 3795 839 3838 et
863 3781 1113 3853 palpebris
1141 3779 1263 3834 meis
1289 3775 1712 3837 dormitationem,
1745 3773 1798 3825 5.
1822 3778 1870 3823 et

281 3883 507 3951 requiem
521 3878 825 3947 ternporibus
845 3875 985 3938 meis,
1008 3873 1163 3925 donec
1183 3869 1430 3923 inveniam
1452 3867 1614 3919 locum
1633 3863 1868 3925 Domino,

284 3973 669 4029 tabernaculum
687 3968 795 4022 Deo
821 3965 1000 4019 Jacob.
1028 3965 1087 4017 Et
1111 3961 1235 4032 quid
1259 3961 1358 4013 hoc
1379 3959 1442 4011 ad
1469 3969 1520 4012 te
1545 3957 1568 4010 ?
1589 3955 1869 4022 Quoniam,

287 4065 485 4136 inquit,
519 4063 585 4117 ab
613 4078 678 4117 eo
705 4074 871 4130 genus
897 4058 1042 4118 duxi,
1071 4066 1123 4107 et
1150 4055 1398 4124 quoniam
1427 4067 1543 4104 cum
1571 4049 1659 4104 tibi
1690 4047 1875 4102 fuisset

286 4168 568 4225 acceptum
596 4153 709 4222 ejus
738 4152 966 4203 studium
993 4155 1049 4202 et
1076 4143 1344 4214 diligentia
1370 4183 1384 4208 ,
1433 4141 1611 4195 dixisti
1658 4151 1709 4196 te
1759 4141 1875 4206 ejus

286 4263 463 4322 genus
499 4256 551 4300 et
597 4260 814 4314 regnum
859 4251 1159 4295 erecturum
1193 4255 1205 4289 :
1247 4245 1524 4305 propterea
1566 4234 1677 4287 h'JlC
1724 4244 1872 4302 pacta

287 4349 556 4399 conventa
587 4352 728 4393 nunc
752 4351 780 4389 a
809 4345 858 4390 te
886 4335 1164 4402 exigimus.
1188 4330 1302 4384 Non
1329 4330 1460 4383 dixit
1478 4338 1676 4393 autem,
1699 4327 1876 4381 Donec

290 4434 633 4490 mdiﬁcavero
655 4429 788 4500 (boc
805 4427 947 4481 enim
969 4441 1074 4479 non
1099 4423 1269 4478 fuerat
1285 4423 1332 4476 ei
1354 4421 1668 4492 permissum
1687 4419 1729 4490 ),
1759 4421 1874 4486 sed,

291 4526 471 4580 Donec
495 4524 727 4576 invenero
758 4519 920 4572 locum
951 4515 1167 4568 Domino
1193 4523 1239 4566 et
1259 4513 1654 4567 tabernaculum.
1681 4511 1876 4564 Deinde

293 4633 420 4674 eum
449 4612 662 4684 quidem
691 4610 778 4679 qui
806 4616 889 4663 est
913 4606 1268 4660 mdilieaturus
1299 4605 1532 4672 prreterit
1563 4646 1575 4655 .
1604 4619 1724 4656 eum
1753 4618 1878 4657 vero

295 4709 389 4779 qui
415 4713 498 4760 est
527 4701 792 4773 pollicitus
812 4741 828 4766 ,
863 4700 912 4752 in
941 4697 1170 4751 medium
1197 4695 1431 4759 adducit,
1465 4703 1520 4747 ut
1545 4695 1681 4748 scias
1712 4709 1878 4764 quan-

297 4814 408 4856 tum
438 4799 635 4852 bonum
658 4794 727 4847 sit
748 4799 924 4846 rectus
950 4788 1180 4852 animus,
1210 4795 1264 4840 et
1289 4786 1555 4854 quomodo
1583 4788 1719 4838 Deus
1741 4802 1880 4838 sem-

297 4910 394 4963 per
423 4885 764 4944 consueverit
790 4893 934 4936 recto
961 4880 1120 4934 animi
1151 4880 1387 4931 instituto
1416 4886 1468 4931 et
1510 4878 1662 4930 bona-3
1693 4877 1880 4930 volun-

297 4986 392 5040 tati
423 4978 724 5038 mercedem
747 4976 1068 5032 constituere
1102 4991 1114 5025 :
1144 4982 1197 5026 et
1247 4971 1366 5024 ideo
1403 4973 1518 5039 ejus
1553 4972 1725 5041 potius
1765 4987 1880 5024 me-

297 5076 480 5142 minit,
513 5072 763 5142 quoniam
793 5070 904 5136 ipse
946 5076 1027 5121 est
1058 5065 1232 5136 potius
1257 5064 1343 5133 qui
1378 5064 1690 5128 ωώῦεεινίι,
1724 5080 1881 5132 quam

299 5168 465 5222 filius.
497 5163 596 5218 Hic
619 5161 762 5216 enim
806 5159 1068 5228 pollicitus
1097 5167 1176 5212 est
1208 5174 1219 5210 :
1255 5157 1342 5210 ille
1389 5171 1516 5210 vero
1555 5155 1737 5225 jussus
1781 5166 1880 5210 est.

304 5259 439 5314 Vide
477 5268 654 5311 autem
695 5255 977 5308 maximam
1016 5251 1131 5319 ejus
1169 5249 1327 5303 animi
1377 5248 1725 5302 alacritatem.
1771 5249 1884 5302 Non

301 5351 482 5407 solum
509 5348 639 5402 dicit
665 5361 722 5400 se
753 5361 858 5398 non
900 5344 1255 5410 ingressurum
1283 5340 1502 5395 domum
1521 5381 1535 5406 ,
1569 5357 1666 5394 nec
1694 5341 1885 5394 lectmu

301 5453 656 5495 ascensurum
679 5475 693 5497 ,
726 5435 818 5490 sed
861 5449 926 5487 ne
953 5449 1012 5487 ea
1041 5433 1250 5503 quidem
1294 5447 1414 5500 qua:
1455 5442 1608 5486 erant
1634 5433 1888 5488 naturalis

303 5531 645 5590 necessitatis
673 5530 836 5583 libere
863 5527 1260 5596 desutnpturum
1284 5568 1299 5585 ,
1332 5523 1502 5578 donec
1534 5525 1791 5578 invenerit
1812 5526 1887 5578 lo-

302 5641 429 5681 cum
462 5633 518 5678 et
548 5618 942 5674 tabernaculum
979 5617 1084 5669 Deo
1117 5615 1302 5669 Jacob.
1352 5617 1585 5681 Quorum
1627 5615 1890 5669 contraria

303 5719 390 5770 eis
418 5730 447 5768 a
477 5714 592 5767 lico
618 5710 1021 5776 objiciebantur,
1049 5707 1256 5761 dicente
1287 5724 1299 5759 :
1345 5705 1439 5759 Vos
1469 5707 1666 5774 quidem
1694 5706 1890 5758 nubitu-

305 5810 376 5859 tis
422 5807 474 5857 in
518 5801 744 5856 domibus
788 5799 1026 5867 laqueatis
1056 5813 1072 5850 :
1103 5800 1278 5850 domus
1323 5808 1488 5851 autem
1534 5815 1639 5851 mea
1689 5809 1760 5852 est
1803 5799 1892 5852 de-

1396 365 1749 423 EXPOSITIO
1786 366 1853 422 IN
1890 365 2210 423 PSALMUM
2248 367 2483 424 CXXXI.

3431 371 3533 427 589

1955 489 2086 532 serta
2114 479 2212 550 (a).
2248 479 2417 533 Donec
2446 483 2677 536 invenero
2705 482 2869 536 locum
2891 482 3125 544 Domino.
3161 485 3537 542 tabernaculum

1957 569 2065 624 Deo
2103 569 2263 625 Iacob
2312 575 2478 642 (Agg.
2528 574 2578 627 1.
2625 574 2713 642 4).
2768 574 2897 630 Vide
2944 575 3032 630 hic
3079 592 3265 632 rursus
3302 580 3532 634 studium

1953 671 2008 716 et
2032 665 2194 718 animi
2243 666 2675 721 sollicitudinem.
2716 665 2828 722 Rex
2871 667 3035 731 dicit,
3090 665 3264 723 Donec
3308 671 3538 726 inuenero

1957 755 2122 807 locum
2170 755 2388 810 Domino
2413 799 2426 819 ,
2471 759 2848 811 tabernaculum
2883 759 2990 812 Deo
3013 758 3174 814 Iacob
3228 759 3324 831 (b)
3356 780 3370 816 :
3403 777 3494 816 rex
3518 803 3534 826 ,

1957 845 2169 915 inquam
2193 888 2207 910 ,
2239 849 2326 917 qui
2358 849 2408 900 in
2438 864 2624 903 omnes
2641 849 2972 903 dominatum
2997 851 3290 905 obtinebat.
3315 852 3540 908 Nolebat

1955 937 2102 993 enim
2128 939 2299 993 solum
2323 950 2624 1006 exstruere,
2647 942 2739 995 sed
2765 942 2923 996 etiam
2953 945 3004 996 in
3040 943 3157 997 loco
3183 945 3460 1012 aptissimo
3485 955 3540 1000 et

1955 1032 2044 1102 qui
2069 1032 2265 1101 templo
2294 1032 2444 1086 valde
2468 1043 2808 1102 congrueret,
2845 1043 2900 1088 et
2929 1050 3064 1104 opus
3089 1037 3137 1090 ei
3171 1049 3286 1091 erat
3316 1038 3541 1106 inquisi-

1957 1125 2104 1178 tione
2136 1142 2150 1178 :
2185 1132 2326 1177 tanta
2355 1134 2469 1178 erat
2490 1125 2656 1179 animi
2696 1126 2982 1195 vigilantia.
3014 1129 3066 1182 6.
3100 1128 3236 1183 Ecre
3258 1131 3541 1186 audiuimus

1955 1231 2067 1269 eam
2090 1215 2145 1268 in
2168 1213 2419 1284 Epitrata,
2448 1217 2726 1271 inuenimus
2749 1234 2860 1270 eam
2895 1219 2947 1270 in
2975 1221 3170 1288 campis
3205 1222 3378 1291 sylva.
3405 1221 3540 1276 Nar-

1957 1315 2039 1360 rat
2084 1322 2231 1362 nunc
2257 1316 2456 1372 vetera,
2489 1307 2779 1362 ostendens
2818 1324 2995 1363 arcam
3022 1320 3180 1364 antea
3218 1313 3376 1381 longo
3403 1321 3540 1366 tem-

1960 1412 2089 1464 pore
2115 1412 2323 1451 errasse
2347 1437 2362 1460 ,
2406 1398 2577 1451 locum
2615 1397 2733 1452 loco
2756 1409 3084 1467 mutantem,
3126 1412 3178 1454 et
3217 1402 3337 1456 ideo
3365 1403 3494 1458 dicit
3523 1420 3538 1456 :

1959 1487 2093 1542 Ecce
2116 1490 2400 1544 audivimus
2441 1504 2552 1543 eam
2578 1490 2633 1544 in
2675 1490 2948 1561 prrata;
2985 1497 3084 1547 hoc
3108 1507 3223 1561 est,
3258 1496 3331 1549 Ea
3360 1511 3544 1550 naria-

1967 1587 2157 1632 verunt
2181 1579 2332 1634 nobis
2359 1589 2536 1649 patres
2563 1581 2753 1646 nostri,
2787 1580 2902 1635 ham
2928 1584 3144 1639 auribus
3173 1587 3368 1639 nostris
3389 1599 3543 1641 acce-

1963 1669 2155 1738 pimus,
2185 1670 2326 1741 quod
2360 1686 2480 1725 cum
2516 1680 2643 1726 tunc
2675 1686 2888 1742 quoque
2931 1674 3124 1743 ubique
3166 1676 3440 1730 oberraret
3488 1678 3540 1732 in

1960 1762 2100 1830 agris
2119 1770 2175 1816 et
2200 1762 2423 1831 campis,
2452 1773 2633 1832 postea
2660 1765 2914 1819 collocata
2939 1766 3008 1820 sit
3034 1781 3048 1817 :
3081 1766 3180 1819 hoc
3207 1769 3376 1836 ipsum
3403 1782 3546 1826 nunc

1962 1868 2171 1922 quoque
2206 1854 2320 1907 fiat.
2363 1853 2596 1922 Ephrata
2621 1854 2706 1910 hic
2735 1855 2862 1910 dicit
2893 1856 3086 1910 tribum
3111 1855 3264 1921 Juda,
3298 1858 3363 1911 ad
3387 1874 3542 1926 quam

1963 1955 2084 2014 post
2110 1947 2324 2015 longam
2353 1947 2720 2002 circuitionem
2745 1946 2970 2002 deducta
2999 1956 3102 2004 est.
3139 1948 3191 2001 7.
3217 1947 3547 2004 lntraibimus

1961 2039 2013 2089 in
2038 2037 2364 2091 tabernacula
2406 2039 2536 2107 ejus,
2568 2037 2894 2092 adorabimus
2939 2039 2993 2090 in
3034 2039 3167 2102 loco,
3195 2039 3279 2092 ubi
3305 2047 3548 2093 steterunt

1964 2130 2113 2196 pedes
2141 2131 2268 2199 ejus.
2295 2130 2483 2184 Vidisti
2530 2146 2691 2199 quam
2735 2146 2919 2185 crasso
2965 2130 3176 2188 dicendi
3231 2133 3391 2186 modo
3422 2149 3548 2187 usus

1963 2229 2046 2274 est
2079 2231 2293 2288 propter
2339 2231 2608 2290 stuporem
2658 2237 2841 2276 eorum
2886 2222 2973 2292 qui
3012 2223 3288 2278 audiebant
3314 2265 3328 2289 ,
3364 2223 3516 2278 dicen

1967 2313 2058 2366 Dei
2089 2312 2445 2378 tabernacula,
2473 2322 2526 2367 et
2563 2314 2745 2381 pedes.
2769 2321 2822 2367 et
2859 2315 3034 2368 locum
3095 2313 3185 2368 ubi
3219 2315 3429 2368 stabant
3458 2331 3522 2385 pe

1965 2403 2061 2458 des
2081 2404 2214 2471 ejus.
2240 2403 2332 2458 His
2357 2417 2532 2458 autem
2551 2405 2798 2459 omnibus
2821 2405 3018 2460 indicat
3037 2407 3212 2461 locum
3237 2422 3395 2473 arcte,
3419 2424 3524 2478 quo

1967 2494 2106 2547 niam
2137 2509 2200 2548 ex
2231 2509 2294 2547 eo
2325 2495 2442 2548 loco
2471 2495 2762 2549 edebantur
2782 2511 2940 2549 voces
2981 2496 3268 2552 horribiles
3295 2498 3362 2552 de
3389 2500 3549 2553 rebus

1967 2599 2086 2653 qua:
2117 2584 2181 2636 ad
2211 2584 2426 2639 Judaeos
2455 2586 2828 2655 pertinebant,
2859 2602 2978 2656 qua:
3009 2597 3160 2642 erant
3185 2589 3406 2643 obscura
3443 2591 3553 2645 sol-

1969 2685 2172 2738 ventes,
2199 2685 2253 2731 et
2280 2676 2448 2729 futura
2483 2677 2852 2748 prmdicentes.
2877 2679 2931 2732 8.
2967 2679 3165 2748 Surge,
3202 2679 3416 2734 Domine
3438 2721 3452 2744 ,
3501 2683 3556 2735 in

1969 2770 2186 2838 requiem
2246 2779 2382 2822 tuam
2406 2811 2419 2832 ,
2457 2781 2510 2824 tu
2558 2781 2602 2823 et
2635 2787 2756 2824 arca
2797 2772 3210 2840 sanctiﬁcationis
3236 2781 3352 2827 tute.
3408 2774 3558 2828 Alius

1967 2860 2134 2928 dicit,
2168 2859 2507 2915 Fortitudinis
2537 2871 2654 2918 tute.
2690 2861 2862 2925 Alius,
2895 2860 3109 2930 Imperii
3146 2864 3258 2918 tui:
3292 2865 3365 2933 (ej
3413 2874 3559 2918 utra-

1969 2969 2072 3022 que
2101 2965 2279 3008 autem
2308 2969 2454 3009 vera.
2501 2953 2652 3008 Illinc
2680 2954 2824 3008 enim
2852 2954 3162 3009 tradebatur
3189 2959 3475 3021 sanctitas,
3505 2967 3561 3012 et

1966 3060 2088 3114 quae
2136 3055 2288 3099 erant
2334 3045 2382 3098 ei
2434 3045 2695 3114 imposita:
2724 3045 2890 3100 literae
2915 3086 2931 3111 ,
2965 3054 3120 3100 erant
3157 3055 3212 3102 et
3255 3048 3553 3102 sanctitatis

1970 3133 2268 3190 eﬂ‘ectrices
2296 3143 2350 3188 et
2391 3135 2622 3190 roboris.

2041 3229 2090 3283 '5.
2137 3227 2361 3282 Pulchre
2393 3243 2521 3297 ergo
2546 3229 2622 3282 sic
2644 3227 2804 3293 dixit;
2834 3243 3076 3298 magnam
3105 3229 3245 3284 enim
3276 3229 3416 3284 Deus
3449 3245 3547 3300 per

1971 3335 2087 3373 eam
2115 3320 2401 3387 potentiam
2425 3319 2655 3373 ostendit
2677 3321 2867 3387 semel,
2893 3329 2946 3374 et
2972 3322 3076 3389 bis,
3099 3329 3152 3375 et
3171 3337 3559 3392 sa'penumcro,

1972 3421 2028 3465 ut
2054 3411 2262 3481 quando
2279 3421 2430 3480 capta
2461 3412 2527 3466 ab
2550 3412 2772 3479 Azotiis,
2805 3413 3015 3482 quando
3039 3414 3322 3468 simulacra
3348 3414 3560 3485 dejecit,

1973 3503 2184 3574 quando
2208 3520 2301 3560 eos
2331 3505 2420 3574 qui
2452 3505 2731 3574 tetigerant
2773 3507 3068 3575 percussit,
3098 3506 3312 3576 quando
3338 3524 3399 3562 ea
3434 3509 3560 3562 red-

1973 3595 2078 3648 dita
2120 3603 2178 3649 ut
2209 3595 2356 3665 plaga
2405 3605 2638 3652 cessaret
2664 3596 2838 3652 elfeeit
2864 3638 2880 3662 ,
2909 3607 2962 3652 et
2993 3613 3088 3667 per
3112 3597 3212 3652 alia
3242 3640 3257 3665 ,
3288 3615 3406 3668 quas
3455 3600 3567 3657 illic

1975 3687 2119 3751 fecit,
2145 3702 2291 3741 suam
2315 3687 2550 3742 ostendit
2571 3689 2881 3756 potentiam.
2903 3688 3039 3756 Quid
3061 3700 3143 3744 est
3171 3701 3371 3756 autem,
3398 3691 3564 3761 Surge

1974 3781 2028 3834 in
2052 3780 2270 3849 requiem
2316 3781 2498 3835 tuam?
2528 3781 2667 3846 Fac,
2697 3781 2887 3850 inquit,
2917 3790 2975 3834 ut
3005 3796 3101 3836 nos
3126 3781 3446 3836 desistamus
3473 3799 3564 3836 er-

1976 3881 2180 3934 rare,et
2200 3887 2320 3924 arca
2345 3871 2694 3938 circumferri,
2719 3883 2774 3926 et
2794 3889 2854 3926 ea
2882 3873 3091 3927 tandem
3111 3873 3564 3944 aliquandoquie-

1976 3970 2108 4016 seat.
2140 3961 2198 4014 9.
2226 3962 2522 4015 Sacerdotes
2563 3963 2636 4015 tui
2664 3964 2936 4016 induentur
2973 3964 3188 4035 iustitia.
3222 3964 3387 4026 Alius,
3423 3963 3565 4014 Ami-

1976 4056 2190 4120 ciantur,
2211 4055 2366 4117 alius,
2384 4054 2690 4120 lnduantur,
2717 4056 2855 4124 quod
2874 4057 3084 4125 quidem
3103 4065 3184 4110 est
3203 4056 3464 4124 apertius:
3487 4065 3570 4110 est

1977 4147 2118 4202 enim
2149 4156 2434 4215 precantis,
2460 4161 2562 4198 non
2586 4145 2940 4214 prmdicentis,
2961 4154 3012 4200 et
3036 4147 3261 4214 petentis
3277 4147 3572 4216 possessio-

1980 4257 2098 4294 nem
2120 4239 2352 4294 virtutis.
2367 4238 2630 4292 Justitiam
2649 4247 2825 4292 autem
2850 4238 2935 4291 hic
2957 4239 3084 4292 dicit
3113 4239 3242 4293 ritus
3261 4253 3460 4304 Saevos,
3480 4253 3570 4291 sa-

1979 4331 2296 4393 cerdotium,
2318 4331 2540 4394 cultum,
2561 4329 2902 4394 sacriﬁcium,
2926 4330 3241 4395 oblationes,
3269 4339 3324 4384 ct
3342 4346 3460 4384 cum
3489 4329 3571 4384 his

1984 4423 2270 4490 perfectam
2289 4421 2410 4476 vita:
2441 4421 2846 4484 institutionem,
2870 4421 3118 4489 quoniam
3137 4436 3199 4473 ea
3231 4430 3313 4475 est
3341 4421 3574 4476 maxime

1981 4514 2295 4584 requirenda
2317 4529 2345 4566 a
2368 4513 2749 4568 sacerdotibus.
2775 4511 3013 4566 Et-sancti
3033 4514 3103 4565 tui
3123 4513 3572 4569 exsultubuntmbi

1983 4608 2096 4662 bare
2112 4605 2456 4660 scilicetfacta
2474 4604 2685 4660 fuerint.
2697 4603 2822 4658 Vide
2836 4618 2956 4658 eum
2975 4619 3077 4658 non
3091 4618 3329 4673 quarrere
3342 4613 3582 4660 constru-

1983 4700 2211 4754 ctionem
2235 4698 2486 4763 civitatis,
2513 4713 2615 4751 non
2648 4711 2822 4750 rerum
2856 4697 3118 4750 venalium
3141 4696 3516 4751 abundantiam
3549 4733 3572 4762 ε,

1987 4805 2092 4844 non
2113 4789 2335 4842 aliarum
2351 4803 2528 4842 rerum
2549 4786 2974 4856 prosperitatem,
2997 4787 3090 4841 sed
3112 4789 3292 4856 templi
3305 4787 3572 4850 decorem,

1985 4889 2039 4932 et
2066 4893 2202 4932 arca:
2241 4878 2476 4947 requiem
2497 4918 2512 4943 ,
2541 4877 2876 4932 sacerdotum
2910 4875 3118 4945 plenam
3151 4877 3528 4946 perfectionem
3561 4916 3577 4940 ,

1988 4972 2122 5024 ritus
2147 4984 2327 5024 sacros
2356 5010 2370 5029 .
2405 4969 2603 5022 cultum
2627 5011 2642 5032 ,
2671 4969 3048 5022 sacerdotium.
3081 4968 3284 5022 Deinde
3311 4972 3430 5036 quia
3462 4967 3575 5020 liaic

1989 5064 2270 5132 petierunt,
2308 5061 2512 5130 ipsique
2539 5061 2748 5114 fuerunt
2775 5059 2952 5113 multis
2980 5059 3209 5128 peccatis
3234 5059 3477 5122 obnoxii,
3511 5059 3578 5112 ad

1993 5163 2261 5224 parentem
2279 5167 2462 5208 rursus
2477 5151 2732 5220 confugit,
2751 5151 2935 5204 dicens
2949 5169 2958 5202 :
2971 5149 3054 5204 10.
3076 5147 3288 5217 Propter
3305 5147 3468 5201 David
3478 5167 3582 5203 ser-

1993 5264 2101 5300 t‘um
2119 5255 2373 5298 tuumnon
2391 5252 2586 5296 avertas
2601 5245 2778 5310 faciem
2799 5241 2970 5295 christi
2993 5241 3080 5293 tui.
3093 5236 3233 5301 Quid
3253 5246 3355 5303 est,
3371 5239 3583 5310 Propter

1999 5338 2158 5390 Βατία
2173 5352 2366 5389 servum
2390 5344 2527 5386 tuum
2549 5334 2572 5386 7
2591 5333 2702 5386 Non
2727 5341 2958 5401 propter,
2990 5313 3157 5398 inquit
3175 5369 3188 5391 ,
3215 5329 3352 5384 illius
3384 5340 3584 5385 tantum

1997 5429 2262 5493 virtutem,
2293 5441 2388 5480 nec
2430 5424 2570 5494 quod
2601 5432 2804 5477 tantunt
2832 5421 3062 5476 studium
3095 5422 3270 5490 posuit
3305 5421 3370 5476 ad
3401 5419 3502 5475 hoc
3533 5431 3584 5476 ut

2023 5627 2031 5634 _
2061 5563 2134 5623 (α)
2159 5569 2275 5634 tunc
2295 5560 2492 5634 omnim
2539 5558 2703 5607 verbis
2744 5555 2974 5607 diderunt
2995 5569 3022 5604 a
3047 5560 3188 5604 textu
3211 5552 3380 5618 Aggasi
3408 5555 3456 5605 in
3483 5555 3585 5603 Edi-

2000 5631 2134 5675 tione
2159 5631 2376 5670 Romana.

2063 5684 2138 5799 (ὸζ
2172 5690 2220 5732 tn
2245 5680 2384 5732 Savil.
2405 5679 2583 5729 desunt
2607 5680 2709 5750 lia-c
2734 5677 2900 5750 verba,
2915 5676 3273 5750 tabernaculum
3304 5686 3398 5727 Deo
3419 5677 3578 5751 Jacoli.

2069 5748 2117 5794 te
2163 5753 2336 5793 Harum
2357 5752 2404 5793 et
2425 5751 2732 5799 sequentium
2750 5747 3202 5799 uiterpretattonum
3221 5745 3442 5792 auctores
3455 5751 3571 5799 iguo

2069 5741 2138 5799 (ei
2163 5753 2336 5793 Harum
2357 5752 2404 5793 et
2425 5741 2732 5805 sequentium
2750 5741 3202 5803 interpretationum
3221 5745 3442 5792 auctores
3455 5744 3594 5801 igno-

2008 5820 2191 5856 rantur.
