4088 6274
489 5875 504 5916 l

539 346 631 396 :55

528 453 780 522 templum
814 453 1090 517 excitaret,
1113 451 1207 504 sed
1231 451 1387 503 etiam
1420 450 1539 516 quia
1573 449 1623 502 id
1653 464 1710 502 es
1740 449 1787 502 ei
1825 447 2110 517 pollicitus.

529 545 746 614 Propter
781 544 946 598 David
985 559 1181 596 servum
1202 551 1341 595 tuum
1366 583 1380 607 ,
1413 557 1474 594 ne
1499 551 1694 594 avertas
1721 541 1902 608 [aciem
1947 537 2120 592 Christi

525 633 620 682 Ιιιί-
649 635 938 704 Cujusnanl
963 633 1162 704 inquit?
1191 633 1316 702 Ejus
1335 634 1423 700 qui
1449 641 1573 686 tunc
1601 641 1792 685 unctus
1815 640 1915 694 est,
1949 643 2120 699 pOpu-

526 732 744 800 liamque
768 727 903 799 regit
927 737 980 782 ct
1007 727 1057 782 ei
1085 737 1297 795 prmest.
1333 726 1416 780 ll.
1448 721 1649 778 Iuravit
1676 722 1924 777 Dominus
1953 721 2118 775 David

529 823 783 875 veritatem
811 830 858 874 et
897 835 998 873 non
1025 818 1348 887 frustrabitur
1379 833 1518 878 eam.
1538 815 1614 869 De
1638 816 1806 884 fructu
1833 814 2016 867 ventris
2051 812 2122 865 tui

531 929 715 981 ponam
739 927 891 979 super
906 911 1072 964 sedem
1098 919 1257 964 tuam.
1290 909 1574 976 Postquam
1597 908 1738 959 cnim
1771 905 1986 960 Davidis
2012 920 2124 959 me-

535 1004 706 1067 minit,
737 1012 791 1057 et
815 1003 1026 1056 virtutis
1055 1002 1174 1068 viri,
1203 1011 1256 1056 et
1277 999 1435 1054 studii
1466 999 1603 1068 quod
1631 1001 1681 1052 in
1711 999 1963 1069 templum
1994 1014 2124 1052 con-

539 1097 753 1158 tulerat,
786 1110 849 1149 ac
876 1105 1050 1149 vetera
1081 1096 1314 1148 narravit
1335 1134 1349 1156 ,
1381 1102 1435 1147 et
1464 1102 1520 1146 ut
1547 1093 1596 1145 in
1625 1092 1783 1162 priori
1814 1093 1933 1145 vitae
1964 1091 2119 1145 insti-

536 1195 652 1240 tuto
681 1197 995 1256 appareret,
1031 1187 1252 1254 rogavit,
1285 1185 1333 1238 id
1361 1185 1500 1254 quod
1528 1195 1610 1239 est
1639 1185 1934 1238 maximum
1962 1195 2117 1252 caput

535 1280 786 1344 adducit,
820 1280 908 1333 Dei
943 1281 1222 1348 promissa.
1252 1279 1505 1344 Quarnam
1543 1287 1718 1331 autem
1764 1293 1824 1332 ea
1855 1278 2018 1332 sunt?
2047 1277 2124 1331 De

535 1377 701 1441 fructu
744 1376 928 1426 ventris
962 1372 1036 1425 tui
1075 1387 1259 1441 ponam
1290 1387 1444 1437 super
1472 1369 1638 1423 sedem
1665 1379 1824 1422 tuam.
1852 1369 1957 1424 Sed
1999 1385 2115 1438 pro-

535 1463 696 1518 missa
728 1479 830 1517 non
861 1463 996 1518 facta
1041 1471 1166 1516 sunt
1196 1479 1328 1532 pure
1367 1472 1418 1517 et
1463 1462 1725 1526 absolute,
1753 1461 1846 1516 sed
1888 1476 2010 1515 cum
2047 1462 2123 1516 eis

535 1552 821 1606 accedente
849 1554 1074 1621 quadam
1105 1553 1430 1606 conditione.
1449 1554 1703 1619 Quzcnam
1726 1561 1900 1606 autem
1917 1562 2031 1607 emt
2060 1568 2120 1606 ea

534 1644 802 1697 conditio?
826 1645 962 1698 Audi
988 1661 1003 1704 ;
1035 1644 1306 1714 suhjuugit
1332 1645 1475 1698 enim
1504 1645 1519 1675 ¹
1544 1661 1557 1698 :
1593 1644 1679 1698 12.
1714 1644 1774 1699 Si
1800 1645 2124 1698 custodierint

535 1735 632 1802 ﬁlii
655 1735 728 1787 tui
749 1745 1098 1788 testamentum
1121 1753 1284 1789 meum
1310 1777 1324 1799 ,
1356 1746 1401 1788 et
1438 1736 1720 1789 testimonia
1757 1752 1866 1788 mea
1892 1736 1998 1790 lucc
2016 1751 2126 1805 quae

536 1825 721 1879 docebo
749 1827 883 1896 ipsos
905 1869 918 1890 ,
958 1837 1004 1879 et
1041 1827 1134 1894 ﬁlii
1156 1844 1328 1880 eorum
1355 1844 1507 1897 usque
1531 1828 1584 1880 in
1621 1828 1862 1882 swculum
1888 1828 2123 1882 sedebant

535 1934 684 1986 super
703 1917 937 1971 thronum
959 1926 1119 1970 tuum.
1143 1917 1273 1971 Cum
1296 1918 1376 1971 his
1399 1919 1569 1972 verbis
1589 1926 1843 1988 concepta
1867 1919 2124 1988 promissa

541 2008 678 2062 Deus
718 2009 967 2076 fecisset,
997 2009 1075 2063 eis
1124 2008 1336 2062 tradidit
1360 2008 1769 2079 chirographum
1806 2026 1820 2063 :
1850 2009 1922 2064 illi
1945 2018 2124 2064 autem

541 2113 727 2152 rursus
753 2099 1033 2165 dixerunt,
1064 2098 1250 2153 Omnia
1267 2116 1591 2168 quiscumque
1619 2101 1738 2153 dicit
1769 2099 2016 2154 Dominus
2041 2105 2122 2170 {a-

538 2193 724 2243 ciemus
760 2200 805 2245 et
839 2191 1099 2245 audiemus
1143 2190 1352 2261 (Exod.
1399 2191 1488 2245 24.
1517 2189 1610 2263 7
1653 2192 1850 2246 Deinde
1877 2193 2124 2262 quoniam

535 2283 748 2339 videbat
784 2299 940 2337 unam
970 2293 1172 2353 partem
1206 2298 1326 2337 esse
1351 2293 1502 2351 pacta
1533 2293 1790 2337 conventa
1826 2295 2125 2353 transgres-

535 2391 670 2442 sam,
699 2375 912 2430 deducit
935 2375 1228 2428 orationem
1255 2375 1320 2428 ad
1350 2376 1544 2435 locum,
1573 2375 1990 2429 consolationem
2024 2392 2125 2428 un-

534 2467 695 2535 dique
721 2469 980 2531 excitans,
1004 2479 1058 2524 et
1081 2469 1265 2523 dicens
1288 2488 1300 2522 :
1323 2471 1407 2522 l3.
1445 2470 1692 2533 Quoniam
1713 2471 1857 2540 elegit
1882 2469 2126 2525 Dominus

537 2561 688 2627 Sion,
714 2563 859 2632 elegit
880 2579 989 2615 eam
1015 2563 1066 2616 in
1109 2563 1463 2616 habitationem
1492 2564 1605 2617 sibi.
1636 2564 1722 2618 14.
1768 2563 1894 2617 llwc
1933 2565 2126 2634 requies

539 2671 648 2708 mea
684 2655 737 2707 in
775 2655 1018 2709 saeculum
1059 2655 1254 2710 steculi.
1295 2655 1393 2709 Hic
1418 2657 1686 2722 habitabo,
1733 2658 1971 2727 quoniam
1999 2659 2127 2728 elegi

533 2762 664 2799 eam.
689 2745 802 2800 lloe
822 2755 921 2810 est,
951 2746 1065 2800 Non
1091 2749 1250 2801 homo
1272 2748 1444 2802 locum
1470 2749 1646 2818 elegit,
1671 2750 1762 2803 sed
1795 2750 1932 2803 Deus
1954 2750 2124 2819 ipsum

533 2855 628 2895 sua
656 2843 918 2896 sententia
957 2841 1230 2894 constituit
1256 2882 1269 2904 ,
1309 2856 1366 2895 se
1396 2841 1459 2895 ad
1487 2856 1668 2894 eorum
1711 2842 2125 2897 imbecillitatem

536 2931 844 2986 demittcns.
885 2931 997 2986 lloc
1022 2941 1106 2984 cst
1141 2945 1270 3002 ergo
1294 2931 1436 3000 quod
1477 2931 1605 2986 dicit
1638 2949 1651 2985 :
1682 2933 1848 2998 Quem
1879 2932 2086 3001 elegisti
2107 2973 2122 2996 ,

532 3038 689 3092 qvtem
716 3031 802 3076 tua
829 3022 1088 3077 sententia
1111 3022 1446 3085 constituisti,
1472 3038 1628 3092 quem
1648 3033 1826 3090 aptum
1854 3037 1973 3078 esse
1995 3038 2124 3077 cen-

533 3115 706 3175 suisti,
731 3131 795 3168 uc
818 3117 1089 3184 permittas
1110 3123 1165 3168 ut
1184 3116 1477 3169 collabatur
1494 3125 1548 3169 et
1570 3117 1810 3170 intereat.
1841 3116 1965 3171 Haec
1985 3117 2123 3170 enim

533 3205 735 3272 dixisti,
769 3207 866 3259 Hic
885 3207 1136 3260 habitabo.
1161 3206 1266 3261 Sed
1295 3206 1408 3261 huic
1434 3207 1641 3261 diccbat
1671 3223 1790 3260 cum
1824 3207 1926 3262 illis
1958 3208 2124 3278 pactis

535 3300 831 3352 (tumentis.
885 3299 1252 3364 Quibumam?
1283 3297 1343 3352 Si
1373 3299 1698 3351 custodierint
1740 3299 1834 3363 ﬁlii
1864 3301 1935 3352 tui
1974 3309 2124 3353 testa-

543 3399 758 3443 mentum
788 3407 970 3442 meum.
1001 3391 1086 3445 l5.
1127 3389 1446 3443 Venationem
1465 3390 1572 3458 ejus
1601 3390 1892 3444 benedicens
1919 3391 2122 3445 benedi-

535 3498 666 3533 cam.
697 3482 847 3536 Alius
868 3523 883 3546 ,
911 3481 1087 3536 Cibum
1117 3483 1157 3536 ’.
1195 3482 1536 3537 Venationem
1566 3482 1730 3548 dicit,
1762 3499 1937 3538 rerum
1965 3500 2126 3539 vena-

541 3574 667 3626 lium
695 3573 1072 3626 abundantiam
1095 3613 1112 3639 ,
1145 3574 1468 3628 fertilitatem
1493 3613 1509 3637 ,
1542 3585 1594 3628 et
1635 3585 1880 3644 precatur
1915 3585 1971 3630 nt
2008 3576 2124 3631 bare

541 3666 718 3719 omnia
750 3666 828 3720 eis
871 3675 1135 3735 tamquam
1183 3682 1212 3719 a
1243 3666 1477 3721 fontibus
1519 3667 1761 3722 affluant.
1792 3669 1936 3725 Talis
1977 3671 2122 3742 enim

537 3765 654 3810 erat
679 3755 802 3809 olim
831 3755 1134 3811 Judaeorum
1161 3757 1468 3826 reipublicze
1497 3768 1666 3812 status
1689 3799 1704 3824 ,
1750 3768 1808 3814 ut
1842 3761 1920 3816 eis
1944 3763 2122 3817 omnia

534 3866 630 3902 ceu
663 3864 690 3901 a
715 3847 947 3903 fontibus
969 3849 1271 3913 aftluercnt,
1298 3865 1396 3905 nec
1415 3851 1670 3906 sentirent
1695 3851 1828 3907 ullas
1857 3855 2122 3910 naturales

544 3941 892 3994 necessitates
918 3983 931 4004 ,
967 3941 1226 4008 siquando
1272 3941 1437 3995 Deum
1489 3941 1747 3996 haberent
1789 3943 2073 4012 propitium
2104 3961 2119 3998 :

538 4035 680 4088 nulla
707 4034 847 4088 enim
875 4043 991 4088 erat
1033 4034 1170 4102 apud
1201 4049 1297 4090 eos
1325 4034 1542 4104 penuria
1565 4075 1580 4099 ,
1623 4050 1728 4089 non
1774 4035 1942 4091 fames
1965 4075 1980 4100 ,
2015 4051 2121 4091 non

539 4125 701 4193 pestis
721 4166 734 4188 ,
765 4140 864 4179 nec
891 4139 1032 4179 mors
1062 4123 1344 4178 immatura
1366 4164 1380 4188 ,
1417 4139 1516 4178 nec
1557 4125 1752 4195 aliquid
1793 4141 1976 4181 eorum
2003 4143 2122 4196 qua:

533 4217 700 4271 solent
737 4216 954 4271 evenire
988 4216 1312 4280 hominibus,
1345 4215 1438 4269 sed
1463 4215 1540 4270 eis
1578 4217 1754 4270 omnia
1781 4231 1877 4271 ceu
1909 4232 1971 4271 ex
2000 4216 2120 4272 fon-

536 4310 674 4364 tibus
701 4307 1009 4372 aflluebant,
1040 4307 1134 4362 Dei
1154 4309 1356 4362 scilicet
1377 4323 1535 4361 manu
1564 4307 1586 4338 ³
1613 4308 1908 4378 corrigente
1930 4308 2121 4363 huma-

537 4417 720 4454 narum
748 4416 924 4455 rerum
951 4399 1393 4454 imbecillitatem.
1428 4400 1538 4453 l-loc
1562 4415 1689 4470 ergo
1720 4399 1806 4454 hic
1827 4399 1975 4464 dicit,
2003 4399 2122 4454 Pol-

535 4492 710 4545 licitus
735 4505 794 4545 es
824 4500 874 4544 te
902 4505 1021 4544 esse
1046 4491 1445 4545 benedicturum
1476 4489 1591 4558 ejus
1618 4490 1950 4545 venationem
1972 4532 1987 4557 ,
2019 4489 2122 4546 hoc

535 4591 637 4646 cst,
669 4593 720 4635 te
747 4581 1085 4650 praebiturum
1118 4597 1292 4636 rerum
1323 4582 1742 4637 necessariarum
1769 4583 1975 4651 copiam
1999 4598 2117 4637 cum

538 4673 704 4728 multa
733 4673 1045 4727 securitate.
1076 4671 1339 4744 Pauperes
1367 4674 1476 4743 ejus
1497 4674 1734 4728 saturabo
1763 4675 1998 4744 panibus.
2029 4675 2117 4730 16.

534 4765 832 4822 Sacerdotes
857 4770 966 4832 eius
992 4765 1199 4816 induam
1223 4763 1437 4818 salutari
1456 4807 1469 4828 ,
1494 4774 1539 4818 ct
1577 4767 1738 4819 sancti
1763 4767 1872 4838 ejus
1891 4767 2118 4820 exsulta-

533 4860 668 4913 tione
703 4855 1048 4911 exsultabunt.
1089 4855 1175 4908 i7.
1228 4855 1362 4909 llluc
1400 4857 1675 4924 producam
1716 4874 1872 4910 cornu
1910 4857 2120 4913 David:

537 4950 708 5022 paravi
728 4949 983 5003 lucernam
1015 4946 1200 5001 clrristo
1226 4962 1353 4999 meo.
1383 4947 1468 5000 18.
1501 4945 1743 5000 Inimicos
1779 4949 1888 5018 ejus
1912 4948 2118 5002 induam

533 5045 827 5115 confusione
851 5059 872 5097 :
897 5057 1052 5111 super
1099 5040 1267 5109 ipsum
1313 5051 1477 5092 autem
1517 5038 1748 5108 eﬂlorebit
1787 5041 2118 5108 sanctiﬁcatio

531 5155 658 5191 mea.
687 5135 815 5190 Vide
831 5134 1062 5203 undique
1081 5132 1420 5186 constitutam
1447 5129 1868 5199 prosperitatem,
1893 5147 1956 5186 co
1977 5132 2117 5202 quod

531 5231 687 5284 rebus
713 5225 1028 5283 necessariis
1051 5239 1157 5278 non
1185 5231 1394 5292 egeant,
1422 5222 1564 5291 quod
1590 5221 1639 5274 in
1667 5231 1778 5275 tuto
1805 5221 1913 5275 sint
1941 5237 2118 5277 sacer-

603 5403 616 5432 ‘
648 5406 788 5458 Illud.
820 5405 956 5462 .mdi,
996 5405 1239 5465 subiungit
1275 5405 1421 5465 enim,
1458 5399 1826 5450 desiderabatur
1865 5414 1912 5448 tn
1951 5398 2116 5448 Morel.

533 5471 620 5516 sed
647 5471 854 5516 habetur
873 5470 919 5516 in
947 5462 1360 5514 l-Jditione'Savilii.

599 5549 617 5577 ³
659 5547 707 5594 In
748 5546 916 5593 ϐνίιιρο
941 5581 952 5599 ,
997 5546 1160 5606 θήραν.
1187 5543 1357 5606 ίιιυιιε
1402 5541 1524 5606 LXX
1560 5539 1866 5606 exemplaria
1893 5577 1906 5599 ,
1931 5543 2045 5606 _jam
2087 5557 2112 5591 ιι

537 5609 712 5672 priscis
753 5600 1072 5665 tcum-tribus;
1123 5605 1325 5658 habent,
1368 5604 1536 5665 χήραν,
1587 5600 1819 5662 viduam;
1856 5603 1944 5652 sed
2001 5617 2114 5653 vera

538 5674 686 5725 tot-tio
712 5681 806 5736 cst,
841 5676 1015 5736 θήραν,
1048 5673 1187 5721 hcbr.
1229 5673 1378 5730 03W,
1420 5673 1550 5731 quod
1591 5673 1768 5736 Aquila
1819 5675 1973 5722 vertit
2011 5673 2115 5722 ἐπι-

537 5735 773 5792 σιτισμόν.
807 5734 979 5781 ('tbttttt.

602 5796 622 5828 ³
646 5791 728 5844 Sic
760 5794 933 5851 Sasit.,
968 5795 1159 5854 Morel.,
1189 5791 1271 5843 Dei
1294 5793 1475 5844 scilicet
1499 5793 1675 5858 gratia.

1259 340 1312 394 S.
1345 339 1622 394 JO.\NN|S
1659 333 2131 393 CllRYSOSTOMI
2166 334 2480 390 AllCllll-IP.
2515 336 3046 392 CONSTA‘NTINOI‘.

3712 335 3818 388 38.!

2233 446 2406 513 donis,
2431 449 2569 515 quod
2597 449 2818 518 populus
2844 449 2912 502 sit
2935 449 2984 500 in
3010 448 3208 512 la2tilia,
3228 447 3368 516 quod
3395 462 3484 499 rex
3502 448 3568 499 sit
3594 445 3744 499 fortis
3769 459 3825 499 et

2231 541 2543 609 poti-uleic
2564 543 2704 594 enim
2731 542 2857 595 dicit
2883 543 3171 603 lucernam,
3197 540 3278 594 vel
3300 555 3498 609 regem,
3528 540 3607 592 vel
3629 540 3830 594 defer»

2228 631 2540 694 sionem,vel
2559 632 2802 693 salutem,
2823 632 2906 685 vel
2927 633 3090 686 lucem
3111 649 3123 684 :
3143 646 3262 685 cum
3279 629 3545 683 hisautem
3563 629 3692 682 dicit
3709 644 3830 682 tua-

2231 726 2432 778 ximum
2459 739 2627 795 genus
2650 726 3036 795 prosperitatis.
3057 725 3332 790 Quodnam
3347 723 3398 776 id
3417 723 3522 777 est?
3547 723 3828 778 Abscondi

2232 817 2497 882 inimicos,
2537 827 2591 872 et
2613 818 2815 871 nullum
2846 833 2967 873 esse
2996 819 3086 887 qui
3117 819 3197 871 Itis
3241 817 3395 871 bonis
3421 817 3588 886 possit
3613 817 3828 882 aliquid

2229 910 2534 964 dettimeuti
2563 909 2773 962 afferre.
2815 909 2929 964 Non
2961 909 3094 963 dixit
3136 918 3314 962 autem
3345 908 3592 961 absolute
3625 908 3832 961 Interi-

2233 1011 2362 1066 tum,
2394 1001 2509 1066 sed,
2544 1000 2924 1056 Confusionem
2943 1041 2958 1067 ,
2991 1001 3173 1054 volens
3203 1017 3297 1055 eos
3325 1016 3382 1055 se
3411 1001 3557 1054 vivos
3587 1001 3830 1054 abscon-

2230 1095 2391 1160 dere,
2423 1103 2476 1148 et
2504 1093 2737 1150 latebras
2763 1109 3000 1164 quaerere
3023 1136 3037 1157 ,
3063 1103 3118 1148 et
3149 1109 3240 1162 per
3280 1109 3340 1146 ea
3385 1109 3502 1160 qua:
3547 1094 3834 1162 patiuntur

2233 1185 2412 1240 testari
2457 1193 2653 1253 quanta
2696 1187 2765 1241 sit
2811 1185 2888 1238 vis
2931 1195 2985 1239 et
3015 1184 3235 1238 felicitas
3284 1184 3406 1237 huic
3449 1185 3614 1253 genti.
3646 1184 3836 1252 Super

2229 1278 2396 1346 ipsum
2423 1289 2590 1330 autem
2617 1278 2850 1349 efﬂorebit
2877 1278 3210 1346 sanctiﬁcatio
3233 1293 3359 1329 mea.
3383 1277 3519 1343 Quid
3542 1285 3641 1339 est,
3668 1292 3837 1344 super

2230 1374 2394 1442 ipsum
2417 1373 2443 1426 ἒ
2465 1372 2636 1443 Super
2661 1374 2906 1443 populum
2935 1387 3129 1426 meum.
3159 1371 3262 1425 Pro
3287 1386 3352 1426 eo
3379 1379 3552 1424 autem
3577 1371 3715 1438 quod
3741 1383 3838 1424 est

2232 1467 2583 1537 Sanctiﬁcatio
2604 1506 2617 1527 ,
2651 1467 2784 1518 alius
2807 1463 2970 1528 dixit,
2999 1461 3168 1517 Cornu
3202 1463 3240 1517 '.
3278 1461 3426 1515 Alius
3445 1503 3458 1524 ,
3491 1459 3623 1531 Ejus
3648 1477 3835 1529 segre-

2230 1561 2382 1631 gatio.
2415 1560 2565 1614 Alius
2585 1598 2599 1621 ,
2627 1556 2756 1629 Ejus
2783 1565 3109 1627 segregatum.
3140 1554 3275 1623 Quid
3307 1563 3388 1608 est
3416 1569 3545 1620 ergo
3569 1554 3706 1620 quod
3735 1555 3836 1606 «Ιίο

2231 1661 2372 1705 ctnm
2402 1649 2528 1704 est?
2553 1649 2678 1702 Mihi
2710 1649 2917 1702 videtur
2949 1649 3032 1701 hic
3071 1646 3251 1700 dicere
3281 1645 3704 1716 prosperitatetn,
3738 1659 3840 1697 se-

2230 1742 2533 1806 curitatem,
2563 1741 2723 1802 vires,
2752 1755 2996 1809 regnum.

2307 1834 2563 1888 Promissa
2593 1832 2685 1886 Dei
2705 1833 3042 1903 Operationem
3064 1841 3285 1884 nostram
3306 1828 3838 1896 exspectant—Quae

2231 1927 2279 1981 ci
2313 1925 2583 1996 segregavi
2606 1922 3008 1987 abinitio,ha:c,
3034 1924 3221 1993 inquit,
3246 1922 3531 1976 manebunt
3555 1921 3836 1984 floretitia,

2235 2018 2546 2087 pullulantia
2573 2058 2588 2083 ,
2616 2031 2721 2071 non
2752 2016 2998 2080 ﬂaccida,
3030 2030 3201 2084 neque
3221 2014 3515 2068 decidentia
3542 2030 3556 2077 ;
3587 2014 3679 2066 sed
3705 2013 3840 2066 haec

2231 2111 2408 2163 omn'a
2437 2116 2616 2173 erunt,
2638 2109 2681 2162 si
2711 2119 2921 2161 maneat
2941 2121 3003 2160 ea
3031 2121 3150 2175 qua:
3178 2106 3321 2174 prius
3353 2104 3490 2158 dicta
3519 2116 3601 2157 est
3629 2104 3835 2157 condi-

2233 2205 2325 2258 tio.
2373 2204 2625 2271 Quantam
2674 2213 2848 2256 autem
2881 2216 2942 2255 ea
2987 2203 3107 2254 est?
3150 2199 3212 2254 Si
3240 2199 3562 2254 custodierint
3606 2200 3702 2267 ﬁlii
3756 2201 3842 2250 tui

2234 2306 2578 2350 testamentum
2606 2311 2788 2348 meum.
2823 2293 2962 2348 Sola:
2982 2293 3122 2346 cnim
3149 2293 3240 2347 Dei
3270 2293 3647 2362 promissionis
3671 2292 3842 2344 nobis

2234 2388 2370 2442 bona
2402 2404 2508 2442 non
2542 2387 2814 2457 pra-bent,
2846 2386 2949 2440 nisi
2995 2401 3092 2440 nos
3135 2400 3346 2454 quoque
3378 2384 3633 2437 faciamus
3658 2425 3672 2447 ,
3702 2400 3841 2450 quae

2236 2481 2286 2534 in
2317 2489 2498 2534 nostra
2549 2487 2811 2548 potestate
2855 2479 2952 2532 sita
2983 2486 3136 2542 sunt,
3162 2491 3262 2530 nec
3286 2483 3497 2544 oportet
3533 2489 3624 2527 eas
3651 2483 3843 2526 atten-

2233 2573 2420 2627 dentes
2447 2586 2566 2625 esse
2597 2573 2815 2640 supinos
2837 2611 2850 2634 ,
2885 2584 2983 2623 nec
3013 2569 3286 2622 remissos.
3327 2566 3484 2620 Multa
3517 2565 3657 2619 enim
3699 2581 3841 2632 qua:

2231 2663 2473 2734 promisit
2517 2664 2651 2718 bona
2685 2662 2822 2717 Deus
2851 2677 2955 2714 non
2986 2659 3132 2727 facit,
3161 2661 3204 2714 si
3232 2660 3318 2729 qui
3353 2657 3610 2728 promissa
3641 2673 3842 2710 5115th—

2235 2767 2426 2826 pcruut
2468 2756 2804 2810 inveniantur
2853 2753 3050 2823 indigni
3083 2768 3100 2805 :
3127 2751 3569 2822 quemadmodum
3599 2761 3654 2803 et
3682 2752 3836 2803 mala

2231 2865 2350 2917 qua:
2391 2850 2622 2902 minatus
2648 2856 2729 2901 est
2752 2887 2766 2910 ,
2799 2861 2902 2899 non
2945 2845 3124 2900 educit
3154 2845 3203 2897 in
3236 2859 3369 2912 opus
3394 2884 3410 2908 ,
3448 2842 3490 2895 si
3522 2842 3554 2894 ii
3577 2843 3665 2910 qui
3697 2858 3836 2895 eum

2232 2941 2507 2995 irritartmt
2527 2982 2541 3005 ,
2573 2949 2752 3008 postea
2784 2946 3088 3002 mutentur,
3121 2946 3173 2991 et
3215 2937 3345 2988 iram
3377 2934 3662 3002 expellant.
3698 2933 3839 2988 llwc

2231 3048 2351 3087 cum
2377 3047 2474 3086 nos
2498 3047 2708 3102 quoque
2728 3033 2980 3094 sciamus,
3005 3045 3110 3082 non
3128 3029 3296 3082 simus
3319 3035 3536 3097 propter
3561 3027 3833 3094 promissa

2231 3127 2503 3192 socordes,
2529 3141 2595 3180 ne
2631 3139 2963 3188 corruamus,
2998 3138 3096 3175 nec
3125 3129 3340 3191 preptcr
3363 3119 3532 3173 minas
3561 3117 3833 3186 despere-

2232 3237 2350 3276 mus
2374 3262 2388 3287 ,
2416 3220 2508 3274 sed
2539 3228 2822 3273 mutemur.
2866 3218 2938 3271 Ita
2976 3215 3116 3270 enim
3149 3214 3443 3284 poterimus
3475 3225 3572 3264 nos
3610 3227 3834 3280 quoque

2232 3311 2407 3366 futura
2439 3311 2576 3364 bona
2607 3308 2890 3380 consequi,
2915 3306 3082 3377 gratia
3123 3315 3176 3360 et
3214 3301 3577 3358 misericordia
3608 3301 3828 3354 Domini

2231 3404 2398 3458 nostri
2429 3386 2556 3458 Jesu
2586 3401 2805 3468 Christi,
2836 3399 2920 3456 cui
2951 3399 3114 3470 gloria
3142 3408 3197 3453 et
3225 3397 3509 3468 imperium
3541 3395 3591 3450 in
3620 3394 3826 3450 smcula

2230 3497 2568 3554 surculorum.
2598 3497 2789 3550 Amen.

2662 3630 2726 3686 IN
2759 3626 3077 3685 PSALMUM
3103 3623 3360 3682 CXXXII.

2232 3749 2280 3803 Ι.
2311 3745 2440 3800 Ecce
2451 3760 2601 3814 quam
2618 3744 2801 3796 bonum
2824 3749 2871 3794 et
2894 3755 3045 3809 quam
3065 3737 3354 3809 jucundum
3376 3732 3553 3804 (Alius
3569 3729 3669 3805 [a],
3691 3727 3820 3782 Ecce

2298 3839 2420 3907 quid
2440 3839 2623 3892 bonum
2649 3845 2696 3891 et
2718 3834 2839 3906 quid
2863 3829 3179 3904 pulchrum),
3195 3829 3293 3883 nisi
3318 3829 3543 3882 habitare
3567 3829 3750 3897 fratres
3767 3824 3818 3876 in

2299 3946 2474 3984 unum.

2299 4046 2473 4100 Mulae
2493 4041 2706 4114 quidem
2732 4055 2818 4094 res
2835 4046 2958 4093 sunt
2984 4037 3218 4108 pulchrae
3241 4045 3295 4089 et
3320 4034 3577 4098 honestae,
3601 4037 3696 4091 sed
3720 4053 3808 4092 ca-

2227 4146 2348 4192 rent
2369 4134 2762 4194 delectatione;
2789 4129 2909 4183 alize
2937 4137 3062 4182 sunt
3088 4126 3300 4196 quidem
3331 4142 3515 4180 rursus
3539 4127 3809 4196 jucundaa,

2226 4228 2320 4285 scd
2347 4227 2498 4282 deest
2523 4226 2603 4281 eis
2633 4225 2912 4278 honestum
2945 4238 2959 4274 :
2989 4237 3092 4274 non
3127 4219 3279 4274 facile
3322 4229 3496 4273 autem
3531 4221 3806 4290 contingit,

2226 4333 2281 4376 ut
2305 4331 2529 4390 utraque
2569 4315 2909 4373 conveniant.
2937 4312 3043 4368 Sed
3075 4312 3126 4366 in
3157 4313 3256 4366 hoc
3293 4310 3432 4380 quod
3478 4311 3676 4365 dictmu
3707 4323 3806 4374 est,

2227 4415 2340 4470 haec
2369 4421 2593 4483 utraque
2613 4416 2957 4473 concurrunt,
2986 4415 3040 4460 et
3066 4405 3328 4473 voluptas,
3349 4412 3405 4458 et
3434 4403 3684 4457 honestas
3708 4421 3808 4456 ma-

2224 4509 2388 4562 xima.
2406 4505 2518 4560 l-loc
2543 4503 2684 4558 enim
2708 4501 2758 4554 in
2777 4499 2960 4570 primis
2975 4497 3130 4551 habet
3149 4495 3516 4564 caritas,quod
3538 4511 3656 4548 cum
3673 4495 3810 4548 utili-

2225 4611 2330 4656 tate
2351 4601 2418 4655 sit
2437 4598 2622 4654 eadem
2652 4595 2895 4650 facillima
2924 4602 3082 4662 atque
3104 4589 3502 4660 iucundissima.
3531 4588 3660 4642 Eam
3683 4605 3809 4658 ergo

2225 4692 2311 4745 hic
2329 4704 2537 4762 quoque
2567 4686 2761 4741 laudat.
2781 4683 2897 4738 Non
2926 4681 3060 4736 dixit
3084 4681 3224 4735 enim
3255 4679 3495 4732 absolute
3525 4679 3807 4733 habitatio-

2225 4802 2368 4852 nem,
2399 4797 2569 4853 neque
2609 4795 2711 4836 una
2753 4775 3013 4832 contineri
3059 4771 3401 4836 domuncula,
3437 4769 3531 4824 sed
3563 4772 3614 4824 in
3645 4787 3806 4824 unum

2226 4879 2481 4937 habitare,
2518 4874 2618 4927 hoc
2659 4881 2760 4935 est,
2788 4884 2907 4923 cum
2953 4864 3234 4921 concordia
3264 4871 3318 4918 ct
3344 4862 3630 4917 dilecuone
3662 4880 3676 4913 ε
3709 4861 3809 4916 hoc

2222 4973 2364 5028 enim
2393 4971 2515 5025 facit
2544 4981 2699 5022 unam
2728 4978 2847 5018 esse
2873 4961 3122 5014 animam.
3151 4957 3348 5011 Deinde
3371 4966 3648 5026 postquam
3678 4955 3808 5009 dixit

2225 5067 2507 5121 honestum
2532 5056 2906 5130 etjueundum,
2938 5052 2989 5107 id
3015 5051 3209 5107 clarius
3231 5049 3479 5113 reddens,
3503 5063 3598 5117 per
3627 5064 3806 5102 excut-

2225 5159 2308 5228 pla
2357 5171 2468 5210 rem
2509 5149 2790 5220 exprimit,
2823 5153 2877 5200 ct
2903 5143 3206 5213 corporales
3252 5139 3647 5202 similitudines,
3690 5153 3803 5206 qua:

2225 5254 2447 5319 possunt
2487 5241 2740 5296 auditoris
2777 5238 2944 5292 oculis
2973 5250 3089 5288 eam
3135 5232 3324 5287 melius
3359 5229 3642 5298 subjicere.
3679 5228 3804 5282 Vide

2223 5349 2398 5394 autem
2443 5348 2684 5406 quamam
2725 5337 2848 5383 sunt
2890 5324 3281 5382 similitudines.
3310 5321 3364 5375 2.
3396 5321 3542 5376 Sicut
3585 5336 3801 5390 unguen-

2223 5441 2327 5484 tum
2356 5429 2408 5482 in
2436 5428 2618 5496 capite,
2641 5423 2776 5494 quod
2801 5419 3053 5475 descendit
3073 5419 3124 5472 in
3139 5415 3365 5478 barbam,
3385 5413 3590 5467 barbam
3613 5415 3798 5473 Aaron,

2223 5527 2274 5580 5.
2314 5521 2448 5593 quod
2492 5516 2744 5573 descendit
2781 5515 2835 5569 in
2878 5529 3019 5568 oram
3051 5507 3325 5564 vestimenti
3360 5509 3490 5578 ejus.
3529 5505 3626 5560 llic
3663 5505 3797 5558 enim

2287 5659 2304 5690 ¹
2339 5658 2422 5706 Vix
2449 5665 2628 5714 capere
2670 5650 2844 5713 possim
2883 5660 2982 5709 quo
3011 5651 3148 5708 pacto
3178 5642 3443 5706 quispiatn,
3479 5645 3615 5705 Tm,
3655 5647 3795 5688 cornu

2224 5730 2346 5792 ejus.
2371 5726 2917 5794 verterit;_quaproptt-r
2951 5714 3431 5794 menduntsttspicor.

2286 5794 2357 5850 (η)
2389 5798 2499 5846 ρυιδ
2523 5788 2584 5835 sit
2607 5785 2681 5834 hic
2706 5787 2950 5844 interpres
2975 5785 3235 5840 ignoratur.
