  <div class='ocr_page' id='page_1' title='image "/cluster/home/n/w/nwhite01/storage/ocr_20150623/55/mdp.39015028539511/376.png"; bbox 0 0 4018 6268; ppageno 0'>
   <div class='ocr_carea' id='block_1_1' title="bbox 239 359 343 416">
    <p class='ocr_par' dir='ltr' id='par_1_1' title="bbox 239 359 343 416">
     <span class='ocr_line' id='line_1_1' title="bbox 239 359 343 416; baseline 0.048 -8"><span class='ocrx_word' id='word_1_1' title='bbox 239 359 343 416; x_wconf 72' lang='lat'>585</span> 
     </span>
    </p>
   </div>
   <div class='ocr_carea' id='block_1_2' title="bbox 242 472 1812 547">
    <p class='ocr_par' dir='ltr' id='par_1_2' title="bbox 242 472 1812 547">
     <span class='ocr_line' id='line_1_2' title="bbox 242 472 1812 547; baseline 0.001 -19"><span class='ocrx_word' id='word_1_2' title='bbox 242 479 456 547; x_wconf 81' lang='grc' dir='ltr'>στῆσαι,</span> <span class='ocrx_word' id='word_1_3' title='bbox 511 472 627 527; x_wconf 82' lang='grc' dir='ltr'>ἀλλ’</span> <span class='ocrx_word' id='word_1_4' title='bbox 673 473 752 526; x_wconf 81' lang='grc' dir='ltr'>ὅτι</span> <span class='ocrx_word' id='word_1_5' title='bbox 789 476 881 527; x_wconf 78' lang='grc' dir='ltr'>καὶ</span> <span class='ocrx_word' id='word_1_6' title='bbox 930 475 1202 545; x_wconf 80' lang='grc' dir='ltr'>συνθήκας</span> <span class='ocrx_word' id='word_1_7' title='bbox 1251 474 1372 528; x_wconf 75' lang='grc' dir='ltr'>ἔθου</span> <span class='ocrx_word' id='word_1_8' title='bbox 1435 477 1573 547; x_wconf 81' lang='grc' dir='ltr'>πρὸς</span> <span class='ocrx_word' id='word_1_9' title='bbox 1630 478 1812 530; x_wconf 86' lang='grc' dir='ltr'>αὐτόν.</span> 
     </span>
    </p>
   </div>
   <div class='ocr_carea' id='block_1_3' title="bbox 240 556 1820 629">
    <p class='ocr_par' dir='ltr' id='par_1_3' title="bbox 240 556 1820 629">
     <span class='ocr_line' id='line_1_3' title="bbox 240 556 1820 629; baseline -0.001 -15"><span class='ocrx_word' id='word_1_10' title='bbox 240 562 493 614; x_wconf 73' lang='grc' dir='ltr'>Ἕνεκεν</span> <span class='ocrx_word' id='word_1_11' title='bbox 525 556 708 610; x_wconf 82' lang='grc' dir='ltr'>Δαυῒδ</span> <span class='ocrx_word' id='word_1_12' title='bbox 749 557 854 610; x_wconf 81' lang='grc' dir='ltr'>τοῦ</span> <span class='ocrx_word' id='word_1_13' title='bbox 884 557 1107 611; x_wconf 87' lang='grc' dir='ltr'>δούλου</span> <span class='ocrx_word' id='word_1_14' title='bbox 1147 575 1264 612; x_wconf 90' lang='grc' dir='ltr'>σου</span> <span class='ocrx_word' id='word_1_15' title='bbox 1301 559 1385 628; x_wconf 78' lang='grc' dir='ltr'>μὴ</span> <span class='ocrx_word' id='word_1_16' title='bbox 1428 560 1820 629; x_wconf 70' lang='grc' dir='ltr'>ἀποστρέψ-ῃς</span> 
     </span>
    </p>
   </div>
   <div class='ocr_carea' id='block_1_4' title="bbox 241 640 1815 714">
    <p class='ocr_par' dir='ltr' id='par_1_4' title="bbox 241 640 1815 714">
     <span class='ocr_line' id='line_1_4' title="bbox 241 640 1815 714; baseline 0 -18"><span class='ocrx_word' id='word_1_17' title='bbox 241 644 301 696; x_wconf 81' lang='grc' dir='ltr'>τι)</span> <span class='ocrx_word' id='word_1_18' title='bbox 333 644 661 711; x_wconf 79' lang='grc' dir='ltr'>πρόσωπον</span> <span class='ocrx_word' id='word_1_19' title='bbox 687 641 793 694; x_wconf 87' lang='grc' dir='ltr'>τοῦ</span> <span class='ocrx_word' id='word_1_20' title='bbox 822 640 1071 708; x_wconf 87' lang='grc' dir='ltr'>κριστοῦ</span> <span class='ocrx_word' id='word_1_21' title='bbox 1103 656 1241 695; x_wconf 85' lang='grc' dir='ltr'>σου.</span> <span class='ocrx_word' id='word_1_22' title='bbox 1283 643 1439 706; x_wconf 81' lang='grc' dir='ltr'>Τίνος</span> <span class='ocrx_word' id='word_1_23' title='bbox 1481 643 1613 714; x_wconf 87' lang='grc' dir='ltr'>φησί</span> <span class='ocrx_word' id='word_1_24' title='bbox 1639 660 1654 708; x_wconf 86' lang='grc'><strong>;</strong></span> <span class='ocrx_word' id='word_1_25' title='bbox 1710 644 1815 696; x_wconf 92' lang='grc' dir='ltr'>Τοῦ</span> 
     </span>
    </p>
   </div>
   <div class='ocr_carea' id='block_1_5' title="bbox 235 724 1816 796">
    <p class='ocr_par' dir='ltr' id='par_1_5' title="bbox 235 724 1816 796">
     <span class='ocr_line' id='line_1_5' title="bbox 235 724 1816 796; baseline 0.002 -18"><span class='ocrx_word' id='word_1_26' title='bbox 235 728 356 779; x_wconf 84' lang='grc' dir='ltr'>τότε</span> <span class='ocrx_word' id='word_1_27' title='bbox 391 725 706 796; x_wconf 83' lang='grc' dir='ltr'>χρισθέντος</span> <span class='ocrx_word' id='word_1_28' title='bbox 731 725 823 778; x_wconf 77' lang='grc' dir='ltr'>καὶ</span> <span class='ocrx_word' id='word_1_29' title='bbox 845 724 1318 795; x_wconf 78' lang='grc' dir='ltr'>δημαγωγοῦντος,</span> <span class='ocrx_word' id='word_1_30' title='bbox 1350 728 1445 779; x_wconf 76' lang='grc' dir='ltr'>καὶ</span> <span class='ocrx_word' id='word_1_31' title='bbox 1472 727 1816 796; x_wconf 76' lang='grc' dir='ltr'>προεστῶτος</span> 
     </span>
    </p>
   </div>
   <div class='ocr_carea' id='block_1_6' title="bbox 235 808 1817 876">
    <p class='ocr_par' dir='ltr' id='par_1_6' title="bbox 235 808 1817 876">
     <span class='ocr_line' id='line_1_6' title="bbox 235 808 1817 876; baseline 0.001 -14"><span class='ocrx_word' id='word_1_32' title='bbox 235 809 330 862; x_wconf 83' lang='grc' dir='ltr'>τοῦ</span> <span class='ocrx_word' id='word_1_33' title='bbox 367 808 520 861; x_wconf 91' lang='grc' dir='ltr'>λαοῦ.</span> <span class='ocrx_word' id='word_1_34' title='bbox 549 810 773 874; x_wconf 70' lang='lat' dir='ltr'>&quot;Quom:</span> <span class='ocrx_word' id='word_1_35' title='bbox 800 810 1016 876; x_wconf 83' lang='grc' dir='ltr'>Κύριος</span> <span class='ocrx_word' id='word_1_36' title='bbox 1048 809 1152 862; x_wconf 85' lang='grc' dir='ltr'>τοῦ</span> <span class='ocrx_word' id='word_1_37' title='bbox 1179 809 1358 862; x_wconf 81' lang='grc' dir='ltr'>Δαυῒδ</span> <span class='ocrx_word' id='word_1_38' title='bbox 1388 810 1694 875; x_wconf 74' lang='grc' dir='ltr'>ἀλήθειαν,</span> <span class='ocrx_word' id='word_1_39' title='bbox 1719 811 1817 863; x_wconf 79' lang='grc' dir='ltr'>καί</span> 
     </span>
    </p>
   </div>
   <div class='ocr_carea' id='block_1_7' title="bbox 237 890 1819 961">
    <p class='ocr_par' dir='ltr' id='par_1_7' title="bbox 237 890 1819 961">
     <span class='ocr_line' id='line_1_7' title="bbox 237 890 1819 961; baseline -0.001 -14"><span class='ocrx_word' id='word_1_40' title='bbox 237 895 309 947; x_wconf 84' lang='grc' dir='ltr'>οὐ</span> <span class='ocrx_word' id='word_1_41' title='bbox 326 893 412 961; x_wconf 83' lang='grc' dir='ltr'>μὴ</span> <span class='ocrx_word' id='word_1_42' title='bbox 444 890 724 957; x_wconf 79' lang='grc' dir='ltr'>ἀθετήσει</span> <span class='ocrx_word' id='word_1_43' title='bbox 759 904 784 931; x_wconf 68' lang='grc'><strong><em>⁸</em></strong></span> <span class='ocrx_word' id='word_1_44' title='bbox 815 890 1028 956; x_wconf 84' lang='grc' dir='ltr'>αὐτήν.</span> <span class='ocrx_word' id='word_1_45' title='bbox 1066 892 1160 944; x_wconf 81' lang='grc' dir='ltr'>Ἐκ</span> <span class='ocrx_word' id='word_1_46' title='bbox 1186 893 1414 960; x_wconf 83' lang='grc' dir='ltr'>καρποῦ</span> <span class='ocrx_word' id='word_1_47' title='bbox 1446 893 1556 960; x_wconf 84' lang='grc' dir='ltr'>τῆς</span> <span class='ocrx_word' id='word_1_48' title='bbox 1586 895 1819 960; x_wconf 80' lang='grc' dir='ltr'>κοιλίας</span> 
     </span>
    </p>
   </div>
   <div class='ocr_carea' id='block_1_8' title="bbox 237 974 1818 1048">
    <p class='ocr_par' dir='ltr' id='par_1_8' title="bbox 237 974 1818 1048">
     <span class='ocr_line' id='line_1_8' title="bbox 237 974 1818 1048; baseline -0.001 -17"><span class='ocrx_word' id='word_1_49' title='bbox 237 993 354 1031; x_wconf 89' lang='grc' dir='ltr'>σου</span> <span class='ocrx_word' id='word_1_50' title='bbox 388 975 645 1043; x_wconf 78' lang='grc' dir='ltr'>θήσομαι</span> <span class='ocrx_word' id='word_1_51' title='bbox 675 974 772 1026; x_wconf 78' lang='grc' dir='ltr'>ἐπὶ</span> <span class='ocrx_word' id='word_1_52' title='bbox 811 975 918 1027; x_wconf 86' lang='grc' dir='ltr'>τοῦ</span> <span class='ocrx_word' id='word_1_53' title='bbox 968 975 1186 1042; x_wconf 80' lang='grc' dir='ltr'>θρόνου</span> <span class='ocrx_word' id='word_1_54' title='bbox 1239 992 1375 1029; x_wconf 89' lang='grc' dir='ltr'>σου.</span> <span class='ocrx_word' id='word_1_55' title='bbox 1435 977 1651 1047; x_wconf 83' lang='grc' dir='ltr'>Ἐπειδὴ</span> <span class='ocrx_word' id='word_1_56' title='bbox 1708 978 1818 1048; x_wconf 69' lang='grc' dir='ltr'>γὰρ</span> 
     </span>
    </p>
   </div>
   <div class='ocr_carea' id='block_1_9' title="bbox 237 1058 1819 1133">
    <p class='ocr_par' dir='ltr' id='par_1_9' title="bbox 237 1058 1819 1133">
     <span class='ocr_line' id='line_1_9' title="bbox 237 1058 1819 1133; baseline 0.001 -20"><span class='ocrx_word' id='word_1_57' title='bbox 237 1060 483 1131; x_wconf 79' lang='grc' dir='ltr'>ἐμνήσθη</span> <span class='ocrx_word' id='word_1_58' title='bbox 522 1059 614 1112; x_wconf 88' lang='grc' dir='ltr'>τοῦ</span> <span class='ocrx_word' id='word_1_59' title='bbox 635 1058 818 1124; x_wconf 83' lang='grc' dir='ltr'>Δαυῖδ,</span> <span class='ocrx_word' id='word_1_60' title='bbox 846 1060 937 1111; x_wconf 74' lang='grc' dir='ltr'>καὶ</span> <span class='ocrx_word' id='word_1_61' title='bbox 968 1060 1065 1129; x_wconf 87' lang='grc' dir='ltr'>τῆς</span> <span class='ocrx_word' id='word_1_62' title='bbox 1096 1059 1296 1132; x_wconf 84' lang='grc' dir='ltr'>ἀρετῆς</span> <span class='ocrx_word' id='word_1_63' title='bbox 1327 1061 1421 1114; x_wconf 90' lang='grc' dir='ltr'>τοῦ</span> <span class='ocrx_word' id='word_1_64' title='bbox 1470 1062 1681 1133; x_wconf 80' lang='grc' dir='ltr'>ἀνδρὸς,</span> <span class='ocrx_word' id='word_1_65' title='bbox 1725 1063 1819 1114; x_wconf 72' lang='grc' dir='ltr'>καὶ</span> 
     </span>
    </p>
   </div>
   <div class='ocr_carea' id='block_1_10' title="bbox 237 1143 1820 1216">
    <p class='ocr_par' dir='ltr' id='par_1_10' title="bbox 237 1143 1820 1216">
     <span class='ocr_line' id='line_1_10' title="bbox 237 1143 1820 1216; baseline 0.001 -20"><span class='ocrx_word' id='word_1_66' title='bbox 237 1146 336 1214; x_wconf 85' lang='grc' dir='ltr'>τῆς</span> <span class='ocrx_word' id='word_1_67' title='bbox 369 1145 602 1215; x_wconf 78' lang='grc' dir='ltr'>σπουδῆς</span> <span class='ocrx_word' id='word_1_68' title='bbox 629 1145 727 1213; x_wconf 76' lang='grc' dir='ltr'>τῆς</span> <span class='ocrx_word' id='word_1_69' title='bbox 747 1145 884 1215; x_wconf 74' lang='grc' dir='ltr'>πρὸς</span> <span class='ocrx_word' id='word_1_70' title='bbox 905 1144 994 1197; x_wconf 79' lang='grc' dir='ltr'>τὸν</span> <span class='ocrx_word' id='word_1_71' title='bbox 1020 1143 1167 1209; x_wconf 85' lang='grc' dir='ltr'>ναὸν,</span> <span class='ocrx_word' id='word_1_72' title='bbox 1199 1145 1294 1198; x_wconf 63' lang='grc' dir='ltr'>καλ⁹</span> <span class='ocrx_word' id='word_1_73' title='bbox 1319 1145 1388 1198; x_wconf 80' lang='grc' dir='ltr'>τὰ</span> <span class='ocrx_word' id='word_1_74' title='bbox 1414 1145 1617 1199; x_wconf 88' lang='grc' dir='ltr'>παλαιά</span> <span class='ocrx_word' id='word_1_75' title='bbox 1637 1145 1820 1216; x_wconf 79' lang='grc' dir='ltr'>διηγήο</span> 
     </span>
    </p>
   </div>
   <div class='ocr_carea' id='block_1_11' title="bbox 242 1224 1817 1300">
    <p class='ocr_par' dir='ltr' id='par_1_11' title="bbox 242 1224 1817 1300">
     <span class='ocr_line' id='line_1_11' title="bbox 242 1224 1817 1300; baseline 0 -18"><span class='ocrx_word' id='word_1_76' title='bbox 242 1245 388 1298; x_wconf 83' lang='grc' dir='ltr'>ματα</span> <span class='ocrx_word' id='word_1_77' title='bbox 423 1224 567 1283; x_wconf 85' lang='grc' dir='ltr'>εἷπε.</span> <span class='ocrx_word' id='word_1_78' title='bbox 599 1227 696 1279; x_wconf 69' lang='grc' dir='ltr'>καὶ</span> <span class='ocrx_word' id='word_1_79' title='bbox 743 1226 973 1296; x_wconf 78' lang='grc' dir='ltr'>ἠξίωσεν</span> <span class='ocrx_word' id='word_1_80' title='bbox 1004 1229 1096 1280; x_wconf 73' lang='grc' dir='ltr'>ἐπὶ</span> <span class='ocrx_word' id='word_1_81' title='bbox 1137 1229 1237 1298; x_wconf 85' lang='grc' dir='ltr'>τῆς</span> <span class='ocrx_word' id='word_1_82' title='bbox 1278 1230 1549 1300; x_wconf 84' lang='grc' dir='ltr'>προτέρας</span> <span class='ocrx_word' id='word_1_83' title='bbox 1592 1228 1757 1282; x_wconf 82' lang='grc' dir='ltr'>αὐτοῦ</span> <span class='ocrx_word' id='word_1_84' title='bbox 1789 1229 1817 1268; x_wconf 72' lang='grc' dir='ltr'>δ</span> 
     </span>
    </p>
   </div>
   <div class='ocr_carea' id='block_1_12' title="bbox 236 1311 1814 1383">
    <p class='ocr_par' dir='ltr' id='par_1_12' title="bbox 236 1311 1814 1383">
     <span class='ocr_line' id='line_1_12' title="bbox 236 1311 1814 1383; baseline -0.001 -17"><span class='ocrx_word' id='word_1_85' title='bbox 236 1312 475 1380; x_wconf 76' lang='grc' dir='ltr'>φανῆναι</span> <span class='ocrx_word' id='word_1_86' title='bbox 527 1311 822 1375; x_wconf 81' lang='grc' dir='ltr'>πολιτείας,</span> <span class='ocrx_word' id='word_1_87' title='bbox 854 1313 991 1383; x_wconf 85' lang='grc' dir='ltr'>ὅπερ</span> <span class='ocrx_word' id='word_1_88' title='bbox 1047 1312 1306 1382; x_wconf 88' lang='grc' dir='ltr'>μέγιστον</span> <span class='ocrx_word' id='word_1_89' title='bbox 1343 1313 1457 1383; x_wconf 80' lang='grc' dir='ltr'>ἔχει</span> <span class='ocrx_word' id='word_1_90' title='bbox 1499 1313 1814 1380; x_wconf 78' lang='grc' dir='ltr'>κεφάλαιον.</span> 
     </span>
    </p>
   </div>
   <div class='ocr_carea' id='block_1_13' title="bbox 235 1396 1816 1468">
    <p class='ocr_par' dir='ltr' id='par_1_13' title="bbox 235 1396 1816 1468">
     <span class='ocr_line' id='line_1_13' title="bbox 235 1396 1816 1468; baseline 0 -18"><span class='ocrx_word' id='word_1_91' title='bbox 235 1397 394 1450; x_wconf 88' lang='grc' dir='ltr'>τοῦτο</span> <span class='ocrx_word' id='word_1_92' title='bbox 420 1396 802 1468; x_wconf 73' lang='grc' dir='ltr'>προϐάλλεται,</span> <span class='ocrx_word' id='word_1_93' title='bbox 848 1396 948 1460; x_wconf 81' lang='grc' dir='ltr'>τὰς</span> <span class='ocrx_word' id='word_1_94' title='bbox 982 1397 1256 1466; x_wconf 82' lang='grc' dir='ltr'>συνθήκας</span> <span class='ocrx_word' id='word_1_95' title='bbox 1287 1398 1681 1467; x_wconf 83' lang='grc' dir='ltr'>ἀναγινώσκων</span> <span class='ocrx_word' id='word_1_96' title='bbox 1720 1396 1816 1450; x_wconf 88' lang='grc' dir='ltr'>τοῦ</span> 
     </span>
    </p>
   </div>
   <div class='ocr_carea' id='block_1_14' title="bbox 236 1474 1816 1549">
    <p class='ocr_par' dir='ltr' id='par_1_14' title="bbox 236 1474 1816 1549">
     <span class='ocr_line' id='line_1_14' title="bbox 236 1474 1816 1549; baseline 0 -16"><span class='ocrx_word' id='word_1_97' title='bbox 236 1481 395 1535; x_wconf 89' lang='grc' dir='ltr'>Θεοῦ.</span> <span class='ocrx_word' id='word_1_98' title='bbox 427 1482 585 1534; x_wconf 88' lang='grc' dir='ltr'>Ποῖαι</span> <span class='ocrx_word' id='word_1_99' title='bbox 618 1480 674 1532; x_wconf 82' lang='grc' dir='ltr'>δὲ</span> <span class='ocrx_word' id='word_1_100' title='bbox 711 1474 869 1534; x_wconf 77' lang='grc' dir='ltr'>αὐταί</span> <span class='ocrx_word' id='word_1_101' title='bbox 918 1481 1092 1544; x_wconf 81' lang='grc' dir='ltr'>είσιν;</span> <span class='ocrx_word' id='word_1_102' title='bbox 1130 1481 1230 1534; x_wconf 81' lang='grc' dir='ltr'>Ἐκ</span> <span class='ocrx_word' id='word_1_103' title='bbox 1268 1482 1500 1548; x_wconf 79' lang='grc' dir='ltr'>καρποῦ</span> <span class='ocrx_word' id='word_1_104' title='bbox 1538 1481 1648 1549; x_wconf 81' lang='grc' dir='ltr'>τῆς</span> <span class='ocrx_word' id='word_1_105' title='bbox 1692 1499 1816 1536; x_wconf 87' lang='grc' dir='ltr'>κοι-</span> 
     </span>
    </p>
   </div>
   <div class='ocr_carea' id='block_1_15' title="bbox 233 1563 1818 1635">
    <p class='ocr_par' dir='ltr' id='par_1_15' title="bbox 233 1563 1818 1635">
     <span class='ocr_line' id='line_1_15' title="bbox 233 1563 1818 1635; baseline 0 -18"><span class='ocrx_word' id='word_1_106' title='bbox 233 1565 378 1629; x_wconf 82' lang='grc' dir='ltr'>λίας</span> <span class='ocrx_word' id='word_1_107' title='bbox 409 1581 527 1618; x_wconf 85' lang='grc' dir='ltr'>σου</span> <span class='ocrx_word' id='word_1_108' title='bbox 578 1563 834 1630; x_wconf 77' lang='grc' dir='ltr'>θήσομαι</span> <span class='ocrx_word' id='word_1_109' title='bbox 870 1563 966 1615; x_wconf 76' lang='grc' dir='ltr'>ἐπὶ</span> <span class='ocrx_word' id='word_1_110' title='bbox 997 1564 1102 1617; x_wconf 85' lang='grc' dir='ltr'>τοῦ</span> <span class='ocrx_word' id='word_1_111' title='bbox 1133 1565 1350 1632; x_wconf 80' lang='grc' dir='ltr'>θρόνου</span> <span class='ocrx_word' id='word_1_112' title='bbox 1380 1580 1515 1618; x_wconf 77' lang='grc' dir='ltr'>σου.</span> <span class='ocrx_word' id='word_1_113' title='bbox 1553 1565 1688 1617; x_wconf 79' lang='grc' dir='ltr'>Ἀλλ’</span> <span class='ocrx_word' id='word_1_114' title='bbox 1721 1566 1818 1635; x_wconf 88' lang='grc' dir='ltr'>οὐχ</span> 
     </span>
    </p>
   </div>
   <div class='ocr_carea' id='block_1_16' title="bbox 235 1646 1816 1720">
    <p class='ocr_par' dir='ltr' id='par_1_16' title="bbox 235 1646 1816 1720">
     <span class='ocr_line' id='line_1_16' title="bbox 235 1646 1816 1720; baseline -0.001 -18"><span class='ocrx_word' id='word_1_115' title='bbox 235 1649 427 1712; x_wconf 78' lang='grc' dir='ltr'>ἁπλῶς</span> <span class='ocrx_word' id='word_1_116' title='bbox 474 1650 530 1701; x_wconf 79' lang='grc' dir='ltr'>αἱ</span> <span class='ocrx_word' id='word_1_117' title='bbox 569 1647 834 1716; x_wconf 83' lang='grc' dir='ltr'>συνθῆκαι</span> <span class='ocrx_word' id='word_1_118' title='bbox 875 1647 1142 1715; x_wconf 86' lang='grc' dir='ltr'>ἐγένοντο,</span> <span class='ocrx_word' id='word_1_119' title='bbox 1175 1646 1310 1701; x_wconf 85' lang='grc' dir='ltr'>ἀλλὰ</span> <span class='ocrx_word' id='word_1_120' title='bbox 1357 1649 1492 1718; x_wconf 87' lang='grc' dir='ltr'>μετά</span> <span class='ocrx_word' id='word_1_121' title='bbox 1534 1647 1816 1720; x_wconf 78' lang='grc' dir='ltr'>διορισμοῦ</span> 
     </span>
    </p>
   </div>
   <div class='ocr_carea' id='block_1_17' title="bbox 232 1727 1812 1803">
    <p class='ocr_par' dir='ltr' id='par_1_17' title="bbox 232 1727 1812 1803">
     <span class='ocr_line' id='line_1_17' title="bbox 232 1727 1812 1803; baseline -0.011 -17"><span class='ocrx_word' id='word_1_122' title='bbox 232 1750 404 1796; x_wconf 83' lang='grc' dir='ltr'>τινος.</span> <span class='ocrx_word' id='word_1_123' title='bbox 437 1732 532 1794; x_wconf 89' lang='grc' dir='ltr'>Τίς</span> <span class='ocrx_word' id='word_1_124' title='bbox 560 1732 615 1784; x_wconf 83' lang='grc' dir='ltr'>δέ</span> <span class='ocrx_word' id='word_1_125' title='bbox 643 1727 710 1802; x_wconf 80' lang='grc' dir='ltr'>ἦν</span> <span class='ocrx_word' id='word_1_126' title='bbox 734 1733 761 1783; x_wconf 83' lang='grc' dir='ltr'><strong>ὁ</strong></span> <span class='ocrx_word' id='word_1_127' title='bbox 793 1732 1098 1802; x_wconf 81' lang='grc' dir='ltr'>διορισμός;</span> <span class='ocrx_word' id='word_1_128' title='bbox 1125 1733 1322 1785; x_wconf 73' lang='grc' dir='ltr'>’Ἄκουε</span> <span class='ocrx_word' id='word_1_129' title='bbox 1342 1749 1356 1762; x_wconf 89' lang='grc'><strong>·</strong></span> <span class='ocrx_word' id='word_1_130' title='bbox 1389 1733 1583 1800; x_wconf 80' lang='grc' dir='ltr'>ἐπάγει</span> <span class='ocrx_word' id='word_1_131' title='bbox 1611 1733 1719 1803; x_wconf 69' lang='grc' dir='ltr'>γᾴρ</span> <span class='ocrx_word' id='word_1_132' title='bbox 1754 1743 1776 1770; x_wconf 88' lang='lat' dir='ltr'><strong>c</strong></span> <span class='ocrx_word' id='word_1_133' title='bbox 1801 1746 1812 1760; x_wconf 85' lang='lat'><strong>-</strong></span> 
     </span>
    </p>
   </div>
   <div class='ocr_carea' id='block_1_18' title="bbox 247 1815 1812 1884">
    <p class='ocr_par' dir='ltr' id='par_1_18' title="bbox 247 1815 1812 1884">
     <span class='ocr_line' id='line_1_18' title="bbox 247 1815 1812 1884; baseline -0.001 -14"><span class='ocrx_word' id='word_1_134' title='bbox 247 1817 396 1870; x_wconf 77' lang='grc' dir='ltr'>Ἐὰν</span> <span class='ocrx_word' id='word_1_135' title='bbox 423 1815 803 1884; x_wconf 70' lang='grc' dir='ltr'>φυλάξωνται</span> <span class='ocrx_word' id='word_1_136' title='bbox 832 1819 886 1868; x_wconf 78' lang='grc' dir='ltr'>οἱ</span> <span class='ocrx_word' id='word_1_137' title='bbox 916 1817 1032 1868; x_wconf 69' lang='lat' dir='ltr'>vlo!</span> <span class='ocrx_word' id='word_1_138' title='bbox 1061 1832 1178 1870; x_wconf 88' lang='grc' dir='ltr'>σου</span> <span class='ocrx_word' id='word_1_139' title='bbox 1217 1815 1331 1884; x_wconf 81' lang='grc' dir='ltr'>τὴν</span> <span class='ocrx_word' id='word_1_140' title='bbox 1355 1815 1650 1883; x_wconf 81' lang='grc' dir='ltr'>διαθήκην</span> <span class='ocrx_word' id='word_1_141' title='bbox 1671 1834 1812 1884; x_wconf 87' lang='grc' dir='ltr'>μου,</span> 
     </span>
    </p>
   </div>
   <div class='ocr_carea' id='block_1_19' title="bbox 233 1897 1812 1967">
    <p class='ocr_par' dir='ltr' id='par_1_19' title="bbox 233 1897 1812 1967">
     <span class='ocr_line' id='line_1_19' title="bbox 233 1897 1812 1967; baseline -0.001 -15"><span class='ocrx_word' id='word_1_142' title='bbox 233 1899 339 1952; x_wconf 81' lang='grc' dir='ltr'>καί</span> <span class='ocrx_word' id='word_1_143' title='bbox 375 1899 450 1952; x_wconf 84' lang='grc' dir='ltr'>τὰ</span> <span class='ocrx_word' id='word_1_144' title='bbox 493 1899 784 1967; x_wconf 85' lang='grc' dir='ltr'>μαρτύριά</span> <span class='ocrx_word' id='word_1_145' title='bbox 816 1915 937 1966; x_wconf 88' lang='grc' dir='ltr'>μου</span> <span class='ocrx_word' id='word_1_146' title='bbox 980 1899 1186 1954; x_wconf 85' lang='grc' dir='ltr'>ταῦτα.</span> <span class='ocrx_word' id='word_1_147' title='bbox 1231 1898 1269 1952; x_wconf 79' lang='grc' dir='ltr'><em>ἆ</em></span> <span class='ocrx_word' id='word_1_148' title='bbox 1311 1897 1530 1963; x_wconf 80' lang='grc' dir='ltr'>διδάξω</span> <span class='ocrx_word' id='word_1_149' title='bbox 1571 1899 1812 1963; x_wconf 83' lang='grc' dir='ltr'>αὐτοὺς,</span> 
     </span>
    </p>
   </div>
   <div class='ocr_carea' id='block_1_20' title="bbox 232 1979 1814 2047">
    <p class='ocr_par' dir='ltr' id='par_1_20' title="bbox 232 1979 1814 2047">
     <span class='ocr_line' id='line_1_20' title="bbox 232 1979 1814 2047; baseline -0.001 -12"><span class='ocrx_word' id='word_1_150' title='bbox 232 1981 335 2035; x_wconf 79' lang='grc' dir='ltr'>καὶ</span> <span class='ocrx_word' id='word_1_151' title='bbox 369 1984 423 2036; x_wconf 80' lang='grc' dir='ltr'>οἱ</span> <span class='ocrx_word' id='word_1_152' title='bbox 452 1980 568 2034; x_wconf 67' lang='lat' dir='ltr'>rio!</span> <span class='ocrx_word' id='word_1_153' title='bbox 613 1979 811 2034; x_wconf 83' lang='grc' dir='ltr'>αὐτῶν</span> <span class='ocrx_word' id='word_1_154' title='bbox 839 1980 948 2046; x_wconf 79' lang='grc' dir='ltr'>ἕως</span> <span class='ocrx_word' id='word_1_155' title='bbox 984 1980 1090 2035; x_wconf 83' lang='grc' dir='ltr'>τοῦ</span> <span class='ocrx_word' id='word_1_156' title='bbox 1115 1981 1330 2047; x_wconf 76' lang='grc' dir='ltr'>αἰῶνος</span> <span class='ocrx_word' id='word_1_157' title='bbox 1358 1981 1695 2035; x_wconf 80' lang='grc' dir='ltr'>καθιοῦνται</span> <span class='ocrx_word' id='word_1_158' title='bbox 1717 1981 1814 2034; x_wconf 76' lang='grc' dir='ltr'>ἐπὶ</span> 
     </span>
    </p>
   </div>
   <div class='ocr_carea' id='block_1_21' title="bbox 231 2063 1816 2136">
    <p class='ocr_par' dir='ltr' id='par_1_21' title="bbox 231 2063 1816 2136">
     <span class='ocr_line' id='line_1_21' title="bbox 231 2063 1816 2136; baseline -0.002 -16"><span class='ocrx_word' id='word_1_159' title='bbox 231 2066 345 2121; x_wconf 83' lang='grc' dir='ltr'>τοῦ</span> <span class='ocrx_word' id='word_1_160' title='bbox 385 2069 602 2134; x_wconf 82' lang='grc' dir='ltr'>θρόνου</span> <span class='ocrx_word' id='word_1_161' title='bbox 639 2078 773 2118; x_wconf 84' lang='grc' dir='ltr'>σου.</span> <span class='ocrx_word' id='word_1_162' title='bbox 816 2063 1032 2128; x_wconf 85' lang='grc' dir='ltr'>Ταύτας</span> <span class='ocrx_word' id='word_1_163' title='bbox 1073 2064 1168 2128; x_wconf 85' lang='grc' dir='ltr'>τάς</span> <span class='ocrx_word' id='word_1_164' title='bbox 1223 2065 1495 2136; x_wconf 80' lang='grc' dir='ltr'>συνθήκας</span> <span class='ocrx_word' id='word_1_165' title='bbox 1529 2065 1755 2134; x_wconf 84' lang='grc' dir='ltr'>θέμενος</span> <span class='ocrx_word' id='word_1_166' title='bbox 1787 2067 1816 2117; x_wconf 86' lang='grc' dir='ltr'>ὁ</span> 
     </span>
    </p>
   </div>
   <div class='ocr_carea' id='block_1_22' title="bbox 233 2146 1815 2219">
    <p class='ocr_par' dir='ltr' id='par_1_22' title="bbox 233 2146 1815 2219">
     <span class='ocr_line' id='line_1_22' title="bbox 233 2146 1815 2219; baseline 0 -17"><span class='ocrx_word' id='word_1_167' title='bbox 233 2149 390 2212; x_wconf 76' lang='grc' dir='ltr'>Θεὸς,</span> <span class='ocrx_word' id='word_1_168' title='bbox 440 2149 626 2211; x_wconf 81' lang='grc' dir='ltr'>αὐτοῖς</span> <span class='ocrx_word' id='word_1_169' title='bbox 676 2147 972 2217; x_wconf 74' lang='grc' dir='ltr'>ἐνεχείρισε</span> <span class='ocrx_word' id='word_1_170' title='bbox 1023 2146 1084 2200; x_wconf 83' lang='grc' dir='ltr'>τὸ</span> <span class='ocrx_word' id='word_1_171' title='bbox 1133 2148 1522 2219; x_wconf 69' lang='grc' dir='ltr'>χειρόγραφον*</span> <span class='ocrx_word' id='word_1_172' title='bbox 1574 2150 1815 2202; x_wconf 86' lang='grc' dir='ltr'>κάκεῖνοι</span> 
     </span>
    </p>
   </div>
   <div class='ocr_carea' id='block_1_23' title="bbox 236 2228 1814 2300">
    <p class='ocr_par' dir='ltr' id='par_1_23' title="bbox 236 2228 1814 2300">
     <span class='ocr_line' id='line_1_23' title="bbox 236 2228 1814 2300; baseline -0.002 -12"><span class='ocrx_word' id='word_1_173' title='bbox 236 2233 400 2288; x_wconf 78' lang='grc' dir='ltr'>πάλιν</span> <span class='ocrx_word' id='word_1_174' title='bbox 429 2233 635 2300; x_wconf 83' lang='grc' dir='ltr'>ἐλεγον,</span> <span class='ocrx_word' id='word_1_175' title='bbox 668 2230 871 2284; x_wconf 81' lang='grc' dir='ltr'>Πάντα</span> <span class='ocrx_word' id='word_1_176' title='bbox 903 2231 1021 2284; x_wconf 87' lang='grc' dir='ltr'>ὅσα</span> <span class='ocrx_word' id='word_1_177' title='bbox 1047 2228 1217 2286; x_wconf 76' lang='grc' dir='ltr'>εἶπεν</span> <span class='ocrx_word' id='word_1_178' title='bbox 1250 2236 1282 2286; x_wconf 89' lang='lat' dir='ltr'>o&#39;</span> <span class='ocrx_word' id='word_1_179' title='bbox 1313 2235 1523 2299; x_wconf 84' lang='grc' dir='ltr'>Κύριος</span> <span class='ocrx_word' id='word_1_180' title='bbox 1564 2234 1814 2298; x_wconf 71' lang='grc' dir='ltr'>ποιήσο-</span> 
     </span>
    </p>
   </div>
   <div class='ocr_carea' id='block_1_24' title="bbox 227 2312 1816 2388">
    <p class='ocr_par' dir='ltr' id='par_1_24' title="bbox 227 2312 1816 2388">
     <span class='ocr_line' id='line_1_24' title="bbox 227 2312 1816 2388; baseline -0.003 -17"><span class='ocrx_word' id='word_1_181' title='bbox 227 2335 347 2387; x_wconf 85' lang='grc' dir='ltr'>μεν</span> <span class='ocrx_word' id='word_1_182' title='bbox 379 2317 476 2370; x_wconf 81' lang='grc' dir='ltr'>καί</span> <span class='ocrx_word' id='word_1_183' title='bbox 510 2317 913 2384; x_wconf 74' lang='grc' dir='ltr'>ἀκουσόμεθα.</span> <span class='ocrx_word' id='word_1_184' title='bbox 947 2312 1075 2368; x_wconf 78' lang='grc' dir='ltr'>Εἶτα</span> <span class='ocrx_word' id='word_1_185' title='bbox 1104 2317 1288 2386; x_wconf 84' lang='grc' dir='ltr'>ἐπειδὴ</span> <span class='ocrx_word' id='word_1_186' title='bbox 1317 2318 1420 2388; x_wconf 81' lang='grc' dir='ltr'>ὁρᾷ</span> <span class='ocrx_word' id='word_1_187' title='bbox 1459 2316 1519 2369; x_wconf 73' lang='grc' dir='ltr'>τὸ</span> <span class='ocrx_word' id='word_1_188' title='bbox 1556 2315 1614 2368; x_wconf 81' lang='grc' dir='ltr'>ἐν</span> <span class='ocrx_word' id='word_1_189' title='bbox 1649 2316 1816 2386; x_wconf 83' lang='grc' dir='ltr'>μέρος</span> 
     </span>
    </p>
   </div>
   <div class='ocr_carea' id='block_1_25' title="bbox 235 2397 1814 2471">
    <p class='ocr_par' dir='ltr' id='par_1_25' title="bbox 235 2397 1814 2471">
     <span class='ocr_line' id='line_1_25' title="bbox 235 2397 1814 2471; baseline -0.001 -19"><span class='ocrx_word' id='word_1_190' title='bbox 235 2399 625 2471; x_wconf 77' lang='grc' dir='ltr'>παραδεὸηκὸς</span> <span class='ocrx_word' id='word_1_191' title='bbox 657 2399 756 2461; x_wconf 88' lang='grc' dir='ltr'>τάς</span> <span class='ocrx_word' id='word_1_192' title='bbox 797 2397 1090 2468; x_wconf 86' lang='grc' dir='ltr'>συνθήκας,</span> <span class='ocrx_word' id='word_1_193' title='bbox 1123 2399 1213 2451; x_wconf 79' lang='grc' dir='ltr'>ἐπὶ</span> <span class='ocrx_word' id='word_1_194' title='bbox 1239 2399 1328 2452; x_wconf 85' lang='grc' dir='ltr'>τὸν</span> <span class='ocrx_word' id='word_1_195' title='bbox 1371 2400 1533 2452; x_wconf 85' lang='grc' dir='ltr'>τόπον</span> <span class='ocrx_word' id='word_1_196' title='bbox 1558 2400 1680 2466; x_wconf 77' lang='grc' dir='ltr'>ἄγει</span> <span class='ocrx_word' id='word_1_197' title='bbox 1724 2398 1814 2450; x_wconf 76' lang='grc' dir='ltr'>τὸν</span> 
     </span>
    </p>
   </div>
   <div class='ocr_carea' id='block_1_26' title="bbox 233 2480 1815 2552">
    <p class='ocr_par' dir='ltr' id='par_1_26' title="bbox 233 2480 1815 2552">
     <span class='ocr_line' id='line_1_26' title="bbox 233 2480 1815 2552; baseline -0.001 -16"><span class='ocrx_word' id='word_1_198' title='bbox 233 2483 415 2550; x_wconf 87' lang='grc' dir='ltr'>λόγον,</span> <span class='ocrx_word' id='word_1_199' title='bbox 457 2480 794 2550; x_wconf 79' lang='grc' dir='ltr'>πανταχόθεν</span> <span class='ocrx_word' id='word_1_200' title='bbox 825 2482 988 2533; x_wconf 84' lang='grc' dir='ltr'>κινῶν</span> <span class='ocrx_word' id='word_1_201' title='bbox 1015 2480 1207 2548; x_wconf 86' lang='grc' dir='ltr'>λόγους</span> <span class='ocrx_word' id='word_1_202' title='bbox 1237 2481 1698 2552; x_wconf 81' lang='grc' dir='ltr'>παρακλητικοὺς,</span> <span class='ocrx_word' id='word_1_203' title='bbox 1723 2481 1815 2534; x_wconf 83' lang='grc' dir='ltr'>καὶ</span> 
     </span>
    </p>
   </div>
   <div class='ocr_carea' id='block_1_27' title="bbox 232 2562 1814 2632">
    <p class='ocr_par' dir='ltr' id='par_1_27' title="bbox 232 2562 1814 2632">
     <span class='ocr_line' id='line_1_27' title="bbox 232 2562 1814 2632; baseline -0.001 -14"><span class='ocrx_word' id='word_1_204' title='bbox 232 2566 411 2632; x_wconf 80' lang='grc' dir='ltr'>λέγων</span> <span class='ocrx_word' id='word_1_205' title='bbox 432 2582 445 2593; x_wconf 89' lang='grc'><strong>·</strong></span> <span class='ocrx_word' id='word_1_206' title='bbox 479 2565 603 2617; x_wconf 88' lang='grc' dir='ltr'>Ὅτι</span> <span class='ocrx_word' id='word_1_207' title='bbox 649 2563 969 2627; x_wconf 78' lang='grc' dir='ltr'>ἐξελέξατο</span> <span class='ocrx_word' id='word_1_208' title='bbox 1018 2564 1232 2630; x_wconf 82' lang='grc' dir='ltr'>Κύριος</span> <span class='ocrx_word' id='word_1_209' title='bbox 1259 2562 1374 2629; x_wconf 79' lang='grc' dir='ltr'>τὴν</span> <span class='ocrx_word' id='word_1_210' title='bbox 1409 2563 1582 2627; x_wconf 86' lang='grc' dir='ltr'>Σιὼν,</span> <span class='ocrx_word' id='word_1_211' title='bbox 1616 2566 1814 2632; x_wconf 77' lang='grc' dir='ltr'>ᾐρετί-</span> 
     </span>
    </p>
   </div>
   <div class='ocr_carea' id='block_1_28' title="bbox 231 2646 1815 2716">
    <p class='ocr_par' dir='ltr' id='par_1_28' title="bbox 231 2646 1815 2716">
     <span class='ocr_line' id='line_1_28' title="bbox 231 2646 1815 2716; baseline 0 -14"><span class='ocrx_word' id='word_1_212' title='bbox 231 2664 388 2702; x_wconf 85' lang='grc' dir='ltr'>σατο</span> <span class='ocrx_word' id='word_1_213' title='bbox 433 2647 631 2716; x_wconf 81' lang='grc' dir='ltr'>αὐτὴν</span> <span class='ocrx_word' id='word_1_214' title='bbox 659 2649 746 2712; x_wconf 82' lang='grc' dir='ltr'>εις</span> <span class='ocrx_word' id='word_1_215' title='bbox 787 2648 1099 2700; x_wconf 83' lang='grc' dir='ltr'>κατοικίαν</span> <span class='ocrx_word' id='word_1_216' title='bbox 1123 2646 1334 2712; x_wconf 84' lang='grc' dir='ltr'>ἐαυτῷ.</span> <span class='ocrx_word' id='word_1_217' title='bbox 1381 2651 1541 2715; x_wconf 80' lang='grc' dir='ltr'>Αὕτη</span> <span class='ocrx_word' id='word_1_218' title='bbox 1572 2649 1610 2714; x_wconf 76' lang='grc' dir='ltr'><strong><em>ἡ</em></strong></span> <span class='ocrx_word' id='word_1_219' title='bbox 1640 2647 1815 2702; x_wconf 86' lang='grc' dir='ltr'>κατά·</span> 
     </span>
    </p>
   </div>
   <div class='ocr_carea' id='block_1_29' title="bbox 231 2721 1810 2800">
    <p class='ocr_par' dir='ltr' id='par_1_29' title="bbox 231 2721 1810 2800">
     <span class='ocr_line' id='line_1_29' title="bbox 231 2721 1810 2800; baseline -0.001 -16"><span class='ocrx_word' id='word_1_220' title='bbox 231 2733 465 2797; x_wconf 72' lang='grc' dir='ltr'>παυσίς</span> <span class='ocrx_word' id='word_1_221' title='bbox 498 2748 618 2800; x_wconf 87' lang='grc' dir='ltr'>μου</span> <span class='ocrx_word' id='word_1_222' title='bbox 657 2732 744 2795; x_wconf 82' lang='grc' dir='ltr'>είς</span> <span class='ocrx_word' id='word_1_223' title='bbox 781 2728 965 2782; x_wconf 76' lang='grc' dir='ltr'>αἰῶνα</span> <span class='ocrx_word' id='word_1_224' title='bbox 1005 2721 1399 2794; x_wconf 71' lang='grc' dir='ltr'>αἰῶνος.Ὧδε</span> <span class='ocrx_word' id='word_1_225' title='bbox 1451 2730 1810 2797; x_wconf 82' lang='grc' dir='ltr'>κατοικήσω,</span> 
     </span>
    </p>
   </div>
   <div class='ocr_carea' id='block_1_30' title="bbox 231 2811 1812 2882">
    <p class='ocr_par' dir='ltr' id='par_1_30' title="bbox 231 2811 1812 2882">
     <span class='ocr_line' id='line_1_30' title="bbox 231 2811 1812 2882; baseline -0.002 -15"><span class='ocrx_word' id='word_1_226' title='bbox 231 2814 326 2867; x_wconf 81' lang='grc' dir='ltr'>ὅτι</span> <span class='ocrx_word' id='word_1_227' title='bbox 374 2812 748 2882; x_wconf 77' lang='grc' dir='ltr'>ῄρετισάμην</span> <span class='ocrx_word' id='word_1_228' title='bbox 782 2811 996 2876; x_wconf 77' lang='grc' dir='ltr'>αὐτήν.</span> <span class='ocrx_word' id='word_1_229' title='bbox 1042 2811 1349 2873; x_wconf 89' lang='grc' dir='ltr'>Τουτέστιν,</span> <span class='ocrx_word' id='word_1_230' title='bbox 1380 2814 1480 2865; x_wconf 90' lang='grc' dir='ltr'>οὐκ</span> <span class='ocrx_word' id='word_1_231' title='bbox 1529 2813 1812 2882; x_wconf 79' lang='grc' dir='ltr'>ἄνθρωπος</span> 
     </span>
    </p>
   </div>
   <div class='ocr_carea' id='block_1_31' title="bbox 231 2896 1808 2966">
    <p class='ocr_par' dir='ltr' id='par_1_31' title="bbox 231 2896 1808 2966">
     <span class='ocr_line' id='line_1_31' title="bbox 231 2896 1808 2966; baseline -0.001 -16"><span class='ocrx_word' id='word_1_232' title='bbox 231 2897 330 2950; x_wconf 74' lang='grc' dir='ltr'>τὸν</span> <span class='ocrx_word' id='word_1_233' title='bbox 356 2898 516 2949; x_wconf 88' lang='grc' dir='ltr'>τόπον</span> <span class='ocrx_word' id='word_1_234' title='bbox 560 2897 864 2962; x_wconf 74' lang='grc' dir='ltr'>ἐξελέξατο,</span> <span class='ocrx_word' id='word_1_235' title='bbox 899 2897 1013 2948; x_wconf 79' lang='grc' dir='ltr'>ἀλλ’</span> <span class='ocrx_word' id='word_1_236' title='bbox 1051 2899 1079 2949; x_wconf 89' lang='grc' dir='ltr'>ὁ</span> <span class='ocrx_word' id='word_1_237' title='bbox 1109 2897 1240 2959; x_wconf 86' lang='grc' dir='ltr'>Θεὸς</span> <span class='ocrx_word' id='word_1_238' title='bbox 1284 2897 1445 2950; x_wconf 78' lang='grc' dir='ltr'>αὐτὸν</span> <span class='ocrx_word' id='word_1_239' title='bbox 1489 2896 1808 2966; x_wconf 72' lang='grc' dir='ltr'>ἐψηφίσατο,</span> 
     </span>
    </p>
   </div>
   <div class='ocr_carea' id='block_1_32' title="bbox 241 2976 1811 3050">
    <p class='ocr_par' dir='ltr' id='par_1_32' title="bbox 241 2976 1811 3050">
     <span class='ocr_line' id='line_1_32' title="bbox 241 2976 1811 3050; baseline 0 -18"><span class='ocrx_word' id='word_1_240' title='bbox 241 2979 688 3048; x_wconf 78' lang='grc' dir='ltr'>συγκαταϐαίνων</span> <span class='ocrx_word' id='word_1_241' title='bbox 739 2979 919 3032; x_wconf 84' lang='grc' dir='ltr'>αὐτῶν</span> <span class='ocrx_word' id='word_1_242' title='bbox 969 2981 1035 3048; x_wconf 84' lang='grc' dir='ltr'>τῇ</span> <span class='ocrx_word' id='word_1_243' title='bbox 1083 2979 1354 3050; x_wconf 82' lang='grc' dir='ltr'>ἀσθενείᾳ.</span> <span class='ocrx_word' id='word_1_244' title='bbox 1390 2981 1454 3032; x_wconf 91' lang='grc' dir='ltr'><em>Ὃ</em></span> <span class='ocrx_word' id='word_1_245' title='bbox 1504 2976 1598 3032; x_wconf 79' lang='grc' dir='ltr'>οὖν</span> <span class='ocrx_word' id='word_1_246' title='bbox 1643 2980 1811 3048; x_wconf 86' lang='grc' dir='ltr'>λέγει,</span> 
     </span>
    </p>
   </div>
   <div class='ocr_carea' id='block_1_33' title="bbox 237 3061 1813 3134">
    <p class='ocr_par' dir='ltr' id='par_1_33' title="bbox 237 3061 1813 3134">
     <span class='ocr_line' id='line_1_33' title="bbox 237 3061 1813 3134; baseline 0 -18"><span class='ocrx_word' id='word_1_247' title='bbox 237 3061 482 3116; x_wconf 83' lang='grc' dir='ltr'>τοιοῦτόν</span> <span class='ocrx_word' id='word_1_248' title='bbox 507 3064 646 3115; x_wconf 80' lang='grc' dir='ltr'>ἐστιν</span> <span class='ocrx_word' id='word_1_249' title='bbox 666 3079 679 3092; x_wconf 81' lang='grc'><em>’</em></span> <span class='ocrx_word' id='word_1_250' title='bbox 709 3063 769 3114; x_wconf 85' lang='grc' dir='ltr'>ὃν</span> <span class='ocrx_word' id='word_1_251' title='bbox 798 3062 965 3125; x_wconf 77' lang='grc' dir='ltr'>εἵλου,</span> <span class='ocrx_word' id='word_1_252' title='bbox 998 3063 1058 3116; x_wconf 82' lang='grc' dir='ltr'>ὃν</span> <span class='ocrx_word' id='word_1_253' title='bbox 1091 3062 1340 3127; x_wconf 77' lang='grc' dir='ltr'>ἐξελέξω,</span> <span class='ocrx_word' id='word_1_254' title='bbox 1371 3063 1430 3116; x_wconf 85' lang='grc' dir='ltr'>ὃν</span> <span class='ocrx_word' id='word_1_255' title='bbox 1453 3063 1724 3134; x_wconf 78' lang='grc' dir='ltr'>ἐψηφίσω,</span> <span class='ocrx_word' id='word_1_256' title='bbox 1753 3063 1813 3116; x_wconf 78' lang='grc' dir='ltr'>ὃν</span> 
     </span>
    </p>
   </div>
   <div class='ocr_carea' id='block_1_34' title="bbox 231 3141 1810 3219">
    <p class='ocr_par' dir='ltr' id='par_1_34' title="bbox 231 3141 1810 3219">
     <span class='ocr_line' id='line_1_34' title="bbox 231 3141 1810 3219; baseline 0.001 -22"><span class='ocrx_word' id='word_1_257' title='bbox 231 3145 564 3214; x_wconf 76' lang='grc' dir='ltr'>ἐδοκίμασας</span> <span class='ocrx_word' id='word_1_258' title='bbox 606 3145 906 3214; x_wconf 84' lang='grc' dir='ltr'>ἐπιτήδειον</span> <span class='ocrx_word' id='word_1_259' title='bbox 945 3141 1102 3208; x_wconf 74' lang='grc' dir='ltr'>εἶναι,</span> <span class='ocrx_word' id='word_1_260' title='bbox 1159 3146 1233 3216; x_wconf 84' lang='grc' dir='ltr'>μὴ</span> <span class='ocrx_word' id='word_1_261' title='bbox 1280 3147 1422 3216; x_wconf 84' lang='grc' dir='ltr'>ἀφῇς</span> <span class='ocrx_word' id='word_1_262' title='bbox 1468 3145 1810 3219; x_wconf 70' lang='grc' dir='ltr'>διαρρυῆναι,</span> 
     </span>
    </p>
   </div>
   <div class='ocr_carea' id='block_1_35' title="bbox 231 3228 1814 3299">
    <p class='ocr_par' dir='ltr' id='par_1_35' title="bbox 231 3228 1814 3299">
     <span class='ocr_line' id='line_1_35' title="bbox 231 3228 1814 3299; baseline 0.001 -19"><span class='ocrx_word' id='word_1_263' title='bbox 231 3228 371 3298; x_wconf 83' lang='grc' dir='ltr'>μηδὲ</span> <span class='ocrx_word' id='word_1_264' title='bbox 401 3229 717 3282; x_wconf 80' lang='grc' dir='ltr'>ἀπολέσθαι.</span> <span class='ocrx_word' id='word_1_265' title='bbox 755 3228 937 3281; x_wconf 89' lang='grc' dir='ltr'>Ταῦτα</span> <span class='ocrx_word' id='word_1_266' title='bbox 965 3228 1074 3299; x_wconf 73' lang='grc' dir='ltr'>γὰρ</span> <span class='ocrx_word' id='word_1_267' title='bbox 1107 3229 1311 3298; x_wconf 75' lang='grc' dir='ltr'>ἔλεγες,</span> <span class='ocrx_word' id='word_1_268' title='bbox 1343 3231 1426 3282; x_wconf 85' lang='grc' dir='ltr'>ὅτι</span> <span class='ocrx_word' id='word_1_269' title='bbox 1463 3229 1814 3295; x_wconf 85' lang='grc' dir='ltr'>Κατοικήσω</span> 
     </span>
    </p>
   </div>
   <div class='ocr_carea' id='block_1_36' title="bbox 224 3309 1812 3385">
    <p class='ocr_par' dir='ltr' id='par_1_36' title="bbox 224 3309 1812 3385">
     <span class='ocr_line' id='line_1_36' title="bbox 224 3309 1812 3385; baseline 0 -19"><span class='ocrx_word' id='word_1_270' title='bbox 224 3314 508 3368; x_wconf 79' lang='grc' dir='ltr'>ἐνταῦθα.</span> <span class='ocrx_word' id='word_1_271' title='bbox 550 3309 709 3365; x_wconf 84' lang='grc' dir='ltr'>Ἀλλά</span> <span class='ocrx_word' id='word_1_272' title='bbox 753 3312 928 3366; x_wconf 84' lang='grc' dir='ltr'>ταῦτα</span> <span class='ocrx_word' id='word_1_273' title='bbox 967 3313 1184 3380; x_wconf 82' lang='grc' dir='ltr'>ἐλέγετο</span> <span class='ocrx_word' id='word_1_274' title='bbox 1225 3317 1359 3385; x_wconf 88' lang='grc' dir='ltr'>μετά</span> <span class='ocrx_word' id='word_1_275' title='bbox 1391 3319 1502 3373; x_wconf 86' lang='grc' dir='ltr'>τῶν</span> <span class='ocrx_word' id='word_1_276' title='bbox 1530 3312 1812 3379; x_wconf 83' lang='grc' dir='ltr'>συνθηκῶν</span> 
     </span>
    </p>
   </div>
   <div class='ocr_carea' id='block_1_37' title="bbox 219 3393 1818 3464">
    <p class='ocr_par' dir='ltr' id='par_1_37' title="bbox 219 3393 1818 3464">
     <span class='ocr_line' id='line_1_37' title="bbox 219 3393 1818 3464; baseline 0 -18"><span class='ocrx_word' id='word_1_277' title='bbox 219 3394 474 3449; x_wconf 78' lang='grc' dir='ltr'>ἐκείνων.</span> <span class='ocrx_word' id='word_1_278' title='bbox 506 3394 679 3446; x_wconf 82' lang='grc' dir='ltr'>Ποίων</span> <span class='ocrx_word' id='word_1_279' title='bbox 704 3393 767 3464; x_wconf 84' lang='grc' dir='ltr'>δή</span> <span class='ocrx_word' id='word_1_280' title='bbox 789 3393 1025 3458; x_wconf 81' lang='grc' dir='ltr'>τούτων;</span> <span class='ocrx_word' id='word_1_281' title='bbox 1054 3393 1193 3447; x_wconf 85' lang='grc' dir='ltr'>Ἐὰν</span> <span class='ocrx_word' id='word_1_282' title='bbox 1215 3393 1602 3462; x_wconf 74' lang='grc' dir='ltr'>φυλάξωνται</span> <span class='ocrx_word' id='word_1_283' title='bbox 1623 3398 1675 3448; x_wconf 81' lang='grc' dir='ltr'>οὶ</span> <span class='ocrx_word' id='word_1_284' title='bbox 1700 3394 1818 3448; x_wconf 79' lang='grc' dir='ltr'>υίοι</span> 
     </span>
    </p>
   </div>
   <div class='ocr_carea' id='block_1_38' title="bbox 218 3474 1821 3547">
    <p class='ocr_par' dir='ltr' id='par_1_38' title="bbox 218 3474 1821 3547">
     <span class='ocr_line' id='line_1_38' title="bbox 218 3474 1821 3547; baseline 0.001 -18"><span class='ocrx_word' id='word_1_285' title='bbox 218 3493 344 3529; x_wconf 86' lang='grc' dir='ltr'>σου</span> <span class='ocrx_word' id='word_1_286' title='bbox 369 3477 482 3545; x_wconf 80' lang='grc' dir='ltr'>τὴν</span> <span class='ocrx_word' id='word_1_287' title='bbox 505 3477 803 3546; x_wconf 82' lang='grc' dir='ltr'>διαθήκην</span> <span class='ocrx_word' id='word_1_288' title='bbox 823 3496 965 3546; x_wconf 90' lang='grc' dir='ltr'>μου.</span> <span class='ocrx_word' id='word_1_289' title='bbox 989 3477 1110 3547; x_wconf 81' lang='grc' dir='ltr'>Τὴν</span> <span class='ocrx_word' id='word_1_290' title='bbox 1125 3476 1317 3546; x_wconf 85' lang='grc' dir='ltr'>θήραν</span> <span class='ocrx_word' id='word_1_291' title='bbox 1339 3475 1532 3546; x_wconf 81' lang='grc' dir='ltr'>αὐτῆς</span> <span class='ocrx_word' id='word_1_292' title='bbox 1550 3474 1821 3546; x_wconf 78' lang='grc' dir='ltr'>εὐλογῶν</span> 
     </span>
    </p>
   </div>
   <div class='ocr_carea' id='block_1_39' title="bbox 221 3557 1810 3630">
    <p class='ocr_par' dir='ltr' id='par_1_39' title="bbox 221 3557 1810 3630">
     <span class='ocr_line' id='line_1_39' title="bbox 221 3557 1810 3630; baseline 0.004 -21"><span class='ocrx_word' id='word_1_293' title='bbox 221 3557 568 3624; x_wconf 74' lang='grc' dir='ltr'>εὐλογήσω.</span> <span class='ocrx_word' id='word_1_294' title='bbox 591 3558 837 3629; x_wconf 84' lang='grc' dir='ltr'>Ἕτερος,</span> <span class='ocrx_word' id='word_1_295' title='bbox 866 3558 978 3612; x_wconf 81' lang='grc' dir='ltr'>Τὸν</span> <span class='ocrx_word' id='word_1_296' title='bbox 1003 3559 1406 3628; x_wconf 82' lang='grc' dir='ltr'>ἐπισιτισμόν.</span> <span class='ocrx_word' id='word_1_297' title='bbox 1441 3560 1627 3630; x_wconf 85' lang='grc' dir='ltr'>Θήραν</span> <span class='ocrx_word' id='word_1_298' title='bbox 1662 3559 1810 3630; x_wconf 85' lang='grc' dir='ltr'>λέγει</span> 
     </span>
    </p>
   </div>
   <div class='ocr_carea' id='block_1_40' title="bbox 219 3639 1809 3716">
    <p class='ocr_par' dir='ltr' id='par_1_40' title="bbox 219 3639 1809 3716">
     <span class='ocr_line' id='line_1_40' title="bbox 219 3639 1809 3716; baseline 0.006 -26"><span class='ocrx_word' id='word_1_299' title='bbox 219 3639 337 3692; x_wconf 80' lang='grc' dir='ltr'>τῶν</span> <span class='ocrx_word' id='word_1_300' title='bbox 376 3640 552 3693; x_wconf 84' lang='grc' dir='ltr'>ὠνίων</span> <span class='ocrx_word' id='word_1_301' title='bbox 580 3639 678 3712; x_wconf 80' lang='grc' dir='ltr'>τὴν</span> <span class='ocrx_word' id='word_1_302' title='bbox 706 3641 988 3710; x_wconf 86' lang='grc' dir='ltr'>ἀφθονίαν,</span> <span class='ocrx_word' id='word_1_303' title='bbox 1017 3643 1116 3711; x_wconf 84' lang='grc' dir='ltr'>τὴν</span> <span class='ocrx_word' id='word_1_304' title='bbox 1148 3643 1454 3714; x_wconf 82' lang='grc' dir='ltr'>εὐετηρίαν,</span> <span class='ocrx_word' id='word_1_305' title='bbox 1483 3648 1577 3700; x_wconf 76' lang='grc' dir='ltr'>καὶ</span> <span class='ocrx_word' id='word_1_306' title='bbox 1592 3644 1809 3716; x_wconf 76' lang='grc' dir='ltr'>εὐχεται</span> 
     </span>
    </p>
   </div>
   <div class='ocr_carea' id='block_1_41' title="bbox 219 3722 1809 3802">
    <p class='ocr_par' dir='ltr' id='par_1_41' title="bbox 219 3722 1809 3802">
     <span class='ocr_line' id='line_1_41' title="bbox 219 3722 1809 3802; baseline 0.005 -27"><span class='ocrx_word' id='word_1_307' title='bbox 219 3724 408 3776; x_wconf 74' lang='grc' dir='ltr'>’πάντα</span> <span class='ocrx_word' id='word_1_308' title='bbox 435 3722 461 3761; x_wconf 75' lang='grc' dir='ltr'><em>ά</em></span> <span class='ocrx_word' id='word_1_309' title='bbox 496 3724 679 3784; x_wconf 84' lang='grc' dir='ltr'>αὐτοῖς</span> <span class='ocrx_word' id='word_1_310' title='bbox 718 3723 794 3783; x_wconf 78' lang='grc' dir='ltr'>ὡς</span> <span class='ocrx_word' id='word_1_311' title='bbox 838 3724 947 3776; x_wconf 82' lang='grc' dir='ltr'>ἀπὸ</span> <span class='ocrx_word' id='word_1_312' title='bbox 999 3724 1189 3795; x_wconf 86' lang='grc' dir='ltr'>πηγῶν</span> <span class='ocrx_word' id='word_1_313' title='bbox 1231 3727 1498 3798; x_wconf 70' lang='grc' dir='ltr'>ἐπιρρεῖν.</span> <span class='ocrx_word' id='word_1_314' title='bbox 1549 3730 1658 3781; x_wconf 53' lang='grc' dir='ltr'>Καὶ⁵</span> <span class='ocrx_word' id='word_1_315' title='bbox 1699 3731 1809 3802; x_wconf 85' lang='grc' dir='ltr'>γὰρ</span> 
     </span>
    </p>
   </div>
   <div class='ocr_carea' id='block_1_42' title="bbox 217 3802 1808 3876">
    <p class='ocr_par' dir='ltr' id='par_1_42' title="bbox 217 3802 1808 3876">
     <span class='ocr_line' id='line_1_42' title="bbox 217 3802 1808 3876; baseline 0.006 -19"><span class='ocrx_word' id='word_1_316' title='bbox 217 3806 484 3876; x_wconf 75' lang='grc' dir='ltr'>τοιαύτην</span> <span class='ocrx_word' id='word_1_317' title='bbox 515 3802 660 3875; x_wconf 80' lang='grc' dir='ltr'>εἶχον</span> <span class='ocrx_word' id='word_1_318' title='bbox 688 3806 960 3859; x_wconf 85' lang='grc' dir='ltr'>πολιτείαν</span> <span class='ocrx_word' id='word_1_319' title='bbox 989 3809 1037 3860; x_wconf 91' lang='grc' dir='ltr'>οί</span> <span class='ocrx_word' id='word_1_320' title='bbox 1073 3808 1314 3862; x_wconf 80' lang='grc' dir='ltr'>Ἰουδαῖοι</span> <span class='ocrx_word' id='word_1_321' title='bbox 1340 3810 1402 3863; x_wconf 80' lang='grc' dir='ltr'>τὸ</span> <span class='ocrx_word' id='word_1_322' title='bbox 1430 3811 1675 3872; x_wconf 74' lang='grc' dir='ltr'>παλαιὸν,</span> <span class='ocrx_word' id='word_1_323' title='bbox 1706 3814 1808 3868; x_wconf 89' lang='grc' dir='ltr'>οὐκ</span> 
     </span>
    </p>
   </div>
   <div class='ocr_carea' id='block_1_43' title="bbox 217 3887 1806 3959">
    <p class='ocr_par' dir='ltr' id='par_1_43' title="bbox 217 3887 1806 3959">
     <span class='ocr_line' id='line_1_43' title="bbox 217 3887 1806 3959; baseline 0.004 -18"><span class='ocrx_word' id='word_1_324' title='bbox 217 3887 628 3959; x_wconf 80' lang='grc' dir='ltr'>αἰσθανομένην</span> <span class='ocrx_word' id='word_1_325' title='bbox 649 3889 758 3942; x_wconf 92' lang='grc' dir='ltr'>τῶν</span> <span class='ocrx_word' id='word_1_326' title='bbox 791 3889 1034 3958; x_wconf 84' lang='grc' dir='ltr'>φυσικῶν</span> <span class='ocrx_word' id='word_1_327' title='bbox 1057 3890 1330 3958; x_wconf 87' lang='grc' dir='ltr'>ἀναγκῶν,</span> <span class='ocrx_word' id='word_1_328' title='bbox 1345 3892 1540 3946; x_wconf 80' lang='grc' dir='ltr'>είποτε</span> <span class='ocrx_word' id='word_1_329' title='bbox 1567 3895 1657 3947; x_wconf 77' lang='grc' dir='ltr'>τὸν</span> <span class='ocrx_word' id='word_1_330' title='bbox 1675 3895 1806 3947; x_wconf 76' lang='grc' dir='ltr'>Θεὸν</span> 
     </span>
    </p>
   </div>
   <div class='ocr_carea' id='block_1_44' title="bbox 221 3966 1804 4047">
    <p class='ocr_par' dir='ltr' id='par_1_44' title="bbox 221 3966 1804 4047">
     <span class='ocr_line' id='line_1_44' title="bbox 221 3966 1804 4047; baseline 0.003 -24"><span class='ocrx_word' id='word_1_331' title='bbox 221 3970 386 4023; x_wconf 82' lang='grc' dir='ltr'>ἵλεων</span> <span class='ocrx_word' id='word_1_332' title='bbox 418 3966 595 4040; x_wconf 76' lang='grc' dir='ltr'>εἶχον·</span> <span class='ocrx_word' id='word_1_333' title='bbox 638 3969 760 4024; x_wconf 80' lang='grc' dir='ltr'>οὐτε</span> <span class='ocrx_word' id='word_1_334' title='bbox 798 3970 905 4042; x_wconf 82' lang='grc' dir='ltr'>γὰρ</span> <span class='ocrx_word' id='word_1_335' title='bbox 947 3972 1180 4025; x_wconf 85' lang='grc' dir='ltr'>σιτοδεία</span> <span class='ocrx_word' id='word_1_336' title='bbox 1215 3991 1298 4038; x_wconf 89' lang='grc' dir='ltr'>τις</span> <span class='ocrx_word' id='word_1_337' title='bbox 1329 3971 1398 4046; x_wconf 83' lang='grc' dir='ltr'>ἦν</span> <span class='ocrx_word' id='word_1_338' title='bbox 1441 3979 1570 4047; x_wconf 87' lang='grc' dir='ltr'>παρ’</span> <span class='ocrx_word' id='word_1_339' title='bbox 1601 3977 1804 4040; x_wconf 88' lang='grc' dir='ltr'>αὐτοῖς,</span> 
     </span>
    </p>
   </div>
   <div class='ocr_carea' id='block_1_45' title="bbox 218 4053 1807 4128">
    <p class='ocr_par' dir='ltr' id='par_1_45' title="bbox 218 4053 1807 4128">
     <span class='ocr_line' id='line_1_45' title="bbox 218 4053 1807 4128; baseline 0.004 -22"><span class='ocrx_word' id='word_1_340' title='bbox 218 4055 281 4106; x_wconf 80' lang='grc' dir='ltr'>οὐ</span> <span class='ocrx_word' id='word_1_341' title='bbox 324 4053 504 4122; x_wconf 81' lang='grc' dir='ltr'>λιμὸς,</span> <span class='ocrx_word' id='word_1_342' title='bbox 541 4053 572 4122; x_wconf 81' lang='grc' dir='ltr'>ἢ</span> <span class='ocrx_word' id='word_1_343' title='bbox 610 4054 819 4124; x_wconf 73' lang='grc' dir='ltr'>λοιμὸς,</span> <span class='ocrx_word' id='word_1_344' title='bbox 849 4054 910 4105; x_wconf 87' lang='grc' dir='ltr'>οὐ</span> <span class='ocrx_word' id='word_1_345' title='bbox 942 4054 1168 4109; x_wconf 76' lang='grc' dir='ltr'>θάνατος</span> <span class='ocrx_word' id='word_1_346' title='bbox 1197 4057 1394 4128; x_wconf 80' lang='grc' dir='ltr'>ἄωρος,</span> <span class='ocrx_word' id='word_1_347' title='bbox 1422 4059 1522 4112; x_wconf 86' lang='grc' dir='ltr'>οὐκ</span> <span class='ocrx_word' id='word_1_348' title='bbox 1549 4058 1676 4112; x_wconf 85' lang='grc' dir='ltr'>ἄλλο</span> <span class='ocrx_word' id='word_1_349' title='bbox 1701 4060 1807 4113; x_wconf 87' lang='grc' dir='ltr'>τῶν</span> 
     </span>
    </p>
   </div>
   <div class='ocr_carea' id='block_1_46' title="bbox 218 4135 1806 4214">
    <p class='ocr_par' dir='ltr' id='par_1_46' title="bbox 218 4135 1806 4214">
     <span class='ocr_line' id='line_1_46' title="bbox 218 4135 1806 4214; baseline 0.006 -25"><span class='ocrx_word' id='word_1_350' title='bbox 218 4137 485 4190; x_wconf 82' lang='grc' dir='ltr'>τοιούτων</span> <span class='ocrx_word' id='word_1_351' title='bbox 523 4139 692 4202; x_wconf 82' lang='grc' dir='ltr'>οὐδὲν,</span> <span class='ocrx_word' id='word_1_352' title='bbox 724 4135 810 4191; x_wconf 82' lang='grc' dir='ltr'>οία</span> <span class='ocrx_word' id='word_1_353' title='bbox 856 4137 1177 4208; x_wconf 80' lang='grc' dir='ltr'>συμϐαίνειν</span> <span class='ocrx_word' id='word_1_354' title='bbox 1206 4144 1320 4204; x_wconf 89' lang='grc' dir='ltr'>τοῖς</span> <span class='ocrx_word' id='word_1_355' title='bbox 1345 4141 1655 4214; x_wconf 85' lang='grc' dir='ltr'>ἀνθρώποις</span> <span class='ocrx_word' id='word_1_356' title='bbox 1686 4147 1806 4198; x_wconf 85' lang='grc' dir='ltr'>εῖω-</span> 
     </span>
    </p>
   </div>
   <div class='ocr_carea' id='block_1_47' title="bbox 219 4219 1802 4298">
    <p class='ocr_par' dir='ltr' id='par_1_47' title="bbox 219 4219 1802 4298">
     <span class='ocr_line' id='line_1_47' title="bbox 219 4219 1802 4298; baseline 0.006 -27"><span class='ocrx_word' id='word_1_357' title='bbox 219 4219 337 4284; x_wconf 86' lang='grc' dir='ltr'>θεν,</span> <span class='ocrx_word' id='word_1_358' title='bbox 367 4219 506 4273; x_wconf 87' lang='grc' dir='ltr'>ἀλλά</span> <span class='ocrx_word' id='word_1_359' title='bbox 554 4224 735 4275; x_wconf 78' lang='grc' dir='ltr'>πάντα</span> <span class='ocrx_word' id='word_1_360' title='bbox 778 4221 960 4283; x_wconf 88' lang='grc' dir='ltr'>αὐτοῖς</span> <span class='ocrx_word' id='word_1_361' title='bbox 1000 4220 1188 4294; x_wconf 80' lang='grc' dir='ltr'>ῶσπερ</span> <span class='ocrx_word' id='word_1_362' title='bbox 1227 4226 1291 4277; x_wconf 84' lang='grc' dir='ltr'>ἐκ</span> <span class='ocrx_word' id='word_1_363' title='bbox 1337 4226 1529 4296; x_wconf 90' lang='grc' dir='ltr'>πηγῶν</span> <span class='ocrx_word' id='word_1_364' title='bbox 1561 4227 1802 4298; x_wconf 72' lang='grc' dir='ltr'>ἐπέρρει,</span> 
     </span>
    </p>
   </div>
   <div class='ocr_carea' id='block_1_48' title="bbox 215 4301 1804 4382">
    <p class='ocr_par' dir='ltr' id='par_1_48' title="bbox 215 4301 1804 4382">
     <span class='ocr_line' id='line_1_48' title="bbox 215 4301 1804 4382; baseline 0.006 -27"><span class='ocrx_word' id='word_1_365' title='bbox 215 4303 320 4371; x_wconf 81' lang='grc' dir='ltr'>τῆς</span> <span class='ocrx_word' id='word_1_366' title='bbox 348 4301 447 4355; x_wconf 89' lang='grc' dir='ltr'>τοῦ</span> <span class='ocrx_word' id='word_1_367' title='bbox 486 4303 622 4357; x_wconf 87' lang='grc' dir='ltr'>Θεοῦ</span> <span class='ocrx_word' id='word_1_368' title='bbox 655 4304 835 4374; x_wconf 83' lang='grc' dir='ltr'>χειρὸς</span> <span class='ocrx_word' id='word_1_369' title='bbox 873 4315 895 4343; x_wconf 75' lang='grc' dir='ltr'>ε</span> <span class='ocrx_word' id='word_1_370' title='bbox 928 4304 1036 4356; x_wconf 87' lang='grc' dir='ltr'>τῶν</span> <span class='ocrx_word' id='word_1_371' title='bbox 1065 4305 1424 4377; x_wconf 88' lang='grc' dir='ltr'>ἀνθρωπίνων</span> <span class='ocrx_word' id='word_1_372' title='bbox 1462 4314 1804 4382; x_wconf 76' lang='grc' dir='ltr'>πραγμάτων</span> 
     </span>
    </p>
   </div>
   <div class='ocr_carea' id='block_1_49' title="bbox 216 4385 1804 4466">
    <p class='ocr_par' dir='ltr' id='par_1_49' title="bbox 216 4385 1804 4466">
     <span class='ocr_line' id='line_1_49' title="bbox 216 4385 1804 4466; baseline 0.007 -30"><span class='ocrx_word' id='word_1_373' title='bbox 216 4385 318 4456; x_wconf 80' lang='grc' dir='ltr'>τὴν</span> <span class='ocrx_word' id='word_1_374' title='bbox 346 4385 632 4440; x_wconf 79' lang='grc' dir='ltr'>ἀσθένειαν</span> <span class='ocrx_word' id='word_1_375' title='bbox 659 4385 1067 4458; x_wconf 84' lang='grc' dir='ltr'>διορθουμένης.</span> <span class='ocrx_word' id='word_1_376' title='bbox 1112 4387 1264 4462; x_wconf 74' lang='grc'>[579]</span> <span class='ocrx_word' id='word_1_377' title='bbox 1300 4391 1472 4445; x_wconf 88' lang='grc' dir='ltr'>Τοῦτο</span> <span class='ocrx_word' id='word_1_378' title='bbox 1506 4390 1600 4447; x_wconf 78' lang='grc' dir='ltr'>οῦν</span> <span class='ocrx_word' id='word_1_379' title='bbox 1642 4412 1804 4466; x_wconf 88' lang='grc' dir='ltr'>φησιν</span> 
     </span>
    </p>
   </div>
   <div class='ocr_carea' id='block_1_50' title="bbox 218 4467 1800 4548">
    <p class='ocr_par' dir='ltr' id='par_1_50' title="bbox 218 4467 1800 4548">
     <span class='ocr_line' id='line_1_50' title="bbox 218 4467 1800 4548; baseline 0.007 -28"><span class='ocrx_word' id='word_1_380' title='bbox 218 4468 476 4534; x_wconf 85' lang='grc' dir='ltr'>ἐνταῦθα,</span> <span class='ocrx_word' id='word_1_381' title='bbox 503 4467 865 4540; x_wconf 81' lang='grc' dir='ltr'>ὄτιὙπέσχου</span> <span class='ocrx_word' id='word_1_382' title='bbox 897 4471 995 4540; x_wconf 84' lang='grc' dir='ltr'>τὴν</span> <span class='ocrx_word' id='word_1_383' title='bbox 1036 4471 1208 4545; x_wconf 87' lang='grc' dir='ltr'>θήραν</span> <span class='ocrx_word' id='word_1_384' title='bbox 1249 4475 1417 4546; x_wconf 84' lang='grc' dir='ltr'>αὐτῆς</span> <span class='ocrx_word' id='word_1_385' title='bbox 1464 4478 1800 4548; x_wconf 83' lang='grc' dir='ltr'>εὐλογήσειν,</span> 
     </span>
    </p>
   </div>
   <div class='ocr_carea' id='block_1_51' title="bbox 216 4553 1803 4631">
    <p class='ocr_par' dir='ltr' id='par_1_51' title="bbox 216 4553 1803 4631">
     <span class='ocr_line' id='line_1_51' title="bbox 216 4553 1803 4631; baseline 0.008 -28"><span class='ocrx_word' id='word_1_386' title='bbox 216 4553 484 4618; x_wconf 83' lang='grc' dir='ltr'>τουτέστι,</span> <span class='ocrx_word' id='word_1_387' title='bbox 510 4554 606 4625; x_wconf 84' lang='grc' dir='ltr'>τὴν</span> <span class='ocrx_word' id='word_1_388' title='bbox 632 4555 739 4610; x_wconf 89' lang='grc' dir='ltr'>τῶν</span> <span class='ocrx_word' id='word_1_389' title='bbox 761 4557 1074 4625; x_wconf 82' lang='grc' dir='ltr'>ἀναγκαίων</span> <span class='ocrx_word' id='word_1_390' title='bbox 1100 4558 1356 4628; x_wconf 82' lang='grc' dir='ltr'>ἀφθονίαν</span> <span class='ocrx_word' id='word_1_391' title='bbox 1383 4561 1640 4631; x_wconf 82' lang='grc' dir='ltr'>παρέξειν</span> <span class='ocrx_word' id='word_1_392' title='bbox 1663 4561 1803 4631; x_wconf 85' lang='grc' dir='ltr'>μετά</span> 
     </span>
    </p>
   </div>
   <div class='ocr_carea' id='block_1_52' title="bbox 217 4635 1801 4713">
    <p class='ocr_par' dir='ltr' id='par_1_52' title="bbox 217 4635 1801 4713">
     <span class='ocr_line' id='line_1_52' title="bbox 217 4635 1801 4713; baseline 0.009 -28"><span class='ocrx_word' id='word_1_393' title='bbox 217 4635 422 4705; x_wconf 84' lang='grc' dir='ltr'>πολλῆς</span> <span class='ocrx_word' id='word_1_394' title='bbox 449 4639 550 4706; x_wconf 82' lang='grc' dir='ltr'>τῆς</span> <span class='ocrx_word' id='word_1_395' title='bbox 579 4638 900 4706; x_wconf 87' lang='grc' dir='ltr'>ἀσφαλείας.</span> <span class='ocrx_word' id='word_1_396' title='bbox 937 4643 1082 4707; x_wconf 84' lang='grc' dir='ltr'>Τοὺς</span> <span class='ocrx_word' id='word_1_397' title='bbox 1129 4643 1404 4709; x_wconf 84' lang='grc' dir='ltr'>πτωχοὺς</span> <span class='ocrx_word' id='word_1_398' title='bbox 1442 4643 1634 4712; x_wconf 82' lang='grc' dir='ltr'>αὐτῆς</span> <span class='ocrx_word' id='word_1_399' title='bbox 1663 4663 1801 4713; x_wconf 87' lang='grc' dir='ltr'>χορ-</span> 
     </span>
    </p>
   </div>
   <div class='ocr_carea' id='block_1_53' title="bbox 217 4717 1800 4795">
    <p class='ocr_par' dir='ltr' id='par_1_53' title="bbox 217 4717 1800 4795">
     <span class='ocr_line' id='line_1_53' title="bbox 217 4717 1800 4795; baseline 0.008 -26"><span class='ocrx_word' id='word_1_400' title='bbox 217 4717 382 4770; x_wconf 82' lang='grc' dir='ltr'>τάσω</span> <span class='ocrx_word' id='word_1_401' title='bbox 433 4719 646 4787; x_wconf 79' lang='grc' dir='ltr'>ἀρτων.</span> <span class='ocrx_word' id='word_1_402' title='bbox 694 4723 841 4788; x_wconf 84' lang='grc' dir='ltr'>Τοὺς</span> <span class='ocrx_word' id='word_1_403' title='bbox 893 4724 1067 4791; x_wconf 75' lang='grc' dir='ltr'>ἱερεῖς</span> <span class='ocrx_word' id='word_1_404' title='bbox 1114 4724 1305 4792; x_wconf 82' lang='grc' dir='ltr'>αὐτῆς</span> <span class='ocrx_word' id='word_1_405' title='bbox 1334 4725 1568 4780; x_wconf 74' lang='grc' dir='ltr'>ἐνδύσω</span> <span class='ocrx_word' id='word_1_406' title='bbox 1607 4742 1800 4795; x_wconf 82' lang='grc' dir='ltr'>σωτη-</span> 
     </span>
    </p>
   </div>
   <div class='ocr_carea' id='block_1_54' title="bbox 211 4802 1799 4877">
    <p class='ocr_par' dir='ltr' id='par_1_54' title="bbox 211 4802 1799 4877">
     <span class='ocr_line' id='line_1_54' title="bbox 211 4802 1799 4877; baseline 0.008 -25"><span class='ocrx_word' id='word_1_407' title='bbox 211 4802 376 4866; x_wconf 80' lang='grc' dir='ltr'>ρίαν,</span> <span class='ocrx_word' id='word_1_408' title='bbox 423 4804 521 4855; x_wconf 81' lang='grc' dir='ltr'>καὶ</span> <span class='ocrx_word' id='word_1_409' title='bbox 559 4807 613 4857; x_wconf 84' lang='grc' dir='ltr'>οί</span> <span class='ocrx_word' id='word_1_410' title='bbox 670 4805 827 4859; x_wconf 79' lang='grc' dir='ltr'>ὅσιοι</span> <span class='ocrx_word' id='word_1_411' title='bbox 873 4807 1064 4876; x_wconf 84' lang='grc' dir='ltr'>αὐτῆς</span> <span class='ocrx_word' id='word_1_412' title='bbox 1107 4807 1462 4877; x_wconf 68' lang='grc' dir='ltr'>ἀγαλλιάσει</span> <span class='ocrx_word' id='word_1_413' title='bbox 1510 4810 1799 4877; x_wconf 77' lang='grc' dir='ltr'>ἀγαλλιά-</span> 
     </span>
    </p>
   </div>
   <div class='ocr_carea' id='block_1_55' title="bbox 219 4889 1800 4962">
    <p class='ocr_par' dir='ltr' id='par_1_55' title="bbox 219 4889 1800 4962">
     <span class='ocr_line' id='line_1_55' title="bbox 219 4889 1800 4962; baseline 0.006 -24"><span class='ocrx_word' id='word_1_414' title='bbox 219 4902 455 4942; x_wconf 81' lang='grc' dir='ltr'>σονται.</span> <span class='ocrx_word' id='word_1_415' title='bbox 486 4889 646 4943; x_wconf 75' lang='grc' dir='ltr'>Ἐκεῖ</span> <span class='ocrx_word' id='word_1_416' title='bbox 682 4891 1026 4955; x_wconf 77' lang='grc' dir='ltr'>ἐξανατελῶ</span> <span class='ocrx_word' id='word_1_417' title='bbox 1067 4893 1246 4960; x_wconf 85' lang='grc' dir='ltr'>κέρας</span> <span class='ocrx_word' id='word_1_418' title='bbox 1274 4891 1354 4956; x_wconf 85' lang='grc' dir='ltr'>τῷ</span> <span class='ocrx_word' id='word_1_419' title='bbox 1384 4894 1566 4946; x_wconf 80' lang='grc' dir='ltr'>Δαυῒδ</span> <span class='ocrx_word' id='word_1_420' title='bbox 1589 4912 1602 4924; x_wconf 74' lang='grc' dir='ltr'><strong><em>ο</em></strong></span> <span class='ocrx_word' id='word_1_421' title='bbox 1639 4895 1800 4962; x_wconf 79' lang='grc' dir='ltr'>ἡτοί-</span> 
     </span>
    </p>
   </div>
   <div class='ocr_carea' id='block_1_56' title="bbox 215 4973 1800 5045">
    <p class='ocr_par' dir='ltr' id='par_1_56' title="bbox 215 4973 1800 5045">
     <span class='ocr_line' id='line_1_56' title="bbox 215 4973 1800 5045; baseline 0.006 -24"><span class='ocrx_word' id='word_1_422' title='bbox 215 4986 384 5036; x_wconf 86' lang='grc' dir='ltr'>μασα</span> <span class='ocrx_word' id='word_1_423' title='bbox 441 4973 676 5040; x_wconf 83' lang='grc' dir='ltr'>λύχνον</span> <span class='ocrx_word' id='word_1_424' title='bbox 728 4973 810 5039; x_wconf 84' lang='grc' dir='ltr'>τῷ</span> <span class='ocrx_word' id='word_1_425' title='bbox 863 4974 1089 5043; x_wconf 73' lang='grc' dir='ltr'>χριστῷ</span> <span class='ocrx_word' id='word_1_426' title='bbox 1136 4993 1277 5044; x_wconf 85' lang='grc' dir='ltr'>μου.</span> <span class='ocrx_word' id='word_1_427' title='bbox 1344 4975 1488 5042; x_wconf 86' lang='grc' dir='ltr'>Τοὺς</span> <span class='ocrx_word' id='word_1_428' title='bbox 1547 4978 1800 5045; x_wconf 81' lang='grc' dir='ltr'>ἐχθροὺς</span> 
     </span>
    </p>
   </div>
   <div class='ocr_carea' id='block_1_57' title="bbox 216 5053 1799 5127">
    <p class='ocr_par' dir='ltr' id='par_1_57' title="bbox 216 5053 1799 5127">
     <span class='ocr_line' id='line_1_57' title="bbox 216 5053 1799 5127; baseline 0.006 -24"><span class='ocrx_word' id='word_1_429' title='bbox 216 5053 406 5106; x_wconf 65' lang='grc' dir='ltr'>αὑτοῦ</span> <span class='ocrx_word' id='word_1_430' title='bbox 445 5053 684 5108; x_wconf 82' lang='grc' dir='ltr'>ἐνδύσω</span> <span class='ocrx_word' id='word_1_431' title='bbox 732 5059 1062 5124; x_wconf 74' lang='grc' dir='ltr'>αἰσχύνην·</span> <span class='ocrx_word' id='word_1_432' title='bbox 1105 5059 1203 5110; x_wconf 81' lang='grc' dir='ltr'>ἐπὶ</span> <span class='ocrx_word' id='word_1_433' title='bbox 1235 5057 1303 5110; x_wconf 79' lang='grc' dir='ltr'>δὲ</span> <span class='ocrx_word' id='word_1_434' title='bbox 1334 5060 1522 5112; x_wconf 84' lang='grc' dir='ltr'>αὐτὸν</span> <span class='ocrx_word' id='word_1_435' title='bbox 1554 5060 1799 5127; x_wconf 78' lang='grc' dir='ltr'>ἐξανθήο</span> 
     </span>
    </p>
   </div>
   <div class='ocr_carea' id='block_1_58' title="bbox 217 5137 1796 5216">
    <p class='ocr_par' dir='ltr' id='par_1_58' title="bbox 217 5137 1796 5216">
     <span class='ocr_line' id='line_1_58' title="bbox 217 5137 1796 5216; baseline 0.006 -28"><span class='ocrx_word' id='word_1_436' title='bbox 217 5151 316 5189; x_wconf 89' lang='grc' dir='ltr'>σει</span> <span class='ocrx_word' id='word_1_437' title='bbox 341 5137 408 5191; x_wconf 86' lang='grc' dir='ltr'>τὸ</span> <span class='ocrx_word' id='word_1_438' title='bbox 447 5139 715 5209; x_wconf 76' lang='grc' dir='ltr'>ἀγιάσμιί</span> <span class='ocrx_word' id='word_1_439' title='bbox 751 5158 891 5210; x_wconf 81' lang='grc' dir='ltr'>μου.</span> <span class='ocrx_word' id='word_1_440' title='bbox 925 5142 1067 5210; x_wconf 86' lang='grc' dir='ltr'>Ὅρα</span> <span class='ocrx_word' id='word_1_441' title='bbox 1120 5142 1454 5212; x_wconf 86' lang='grc' dir='ltr'>πανταχόθεν</span> <span class='ocrx_word' id='word_1_442' title='bbox 1499 5143 1796 5216; x_wconf 82' lang='grc' dir='ltr'>εὐημερίαν</span> 
     </span>
    </p>
   </div>
   <div class='ocr_carea' id='block_1_59' title="bbox 280 5345 864 5412">
    <p class='ocr_par' dir='ltr' id='par_1_59' title="bbox 280 5345 864 5412">
     <span class='ocr_line' id='line_1_59' title="bbox 280 5345 864 5412; baseline 0.007 -17"><span class='ocrx_word' id='word_1_443' title='bbox 280 5348 305 5412; x_wconf 44' lang='grc' dir='ltr'>θ’</span> <span class='ocrx_word' id='word_1_444' title='bbox 329 5345 528 5412; x_wconf 62' lang='grc' dir='ltr'>δαν.ῌού</span> <span class='ocrx_word' id='word_1_445' title='bbox 549 5350 612 5410; x_wconf 83' lang='grc' dir='ltr'>μή</span> <span class='ocrx_word' id='word_1_446' title='bbox 639 5351 864 5412; x_wconf 81' lang='grc' dir='ltr'>ἀθετήσῃ.</span> 
     </span>
    </p>
   </div>
   <div class='ocr_carea' id='block_1_60' title="bbox 279 5408 1792 5483">
    <p class='ocr_par' dir='ltr' id='par_1_60' title="bbox 279 5408 1792 5483">
     <span class='ocr_line' id='line_1_60' title="bbox 279 5408 1792 5483; baseline 0.009 -28"><span class='ocrx_word' id='word_1_447' title='bbox 279 5408 498 5483; x_wconf 41' lang='grc' dir='ltr'>»Αὐτοῦ</span> <span class='ocrx_word' id='word_1_448' title='bbox 517 5408 628 5483; x_wconf 50' lang='lat' dir='ltr'>S&#39;av;</span> <span class='ocrx_word' id='word_1_449' title='bbox 647 5431 658 5458; x_wconf 87' lang='lat'><strong>:</strong></span> <span class='ocrx_word' id='word_1_450' title='bbox 680 5408 944 5483; x_wconf 51' lang='grc' dir='ltr'>εΡρτῐεδεε</span> <span class='ocrx_word' id='word_1_451' title='bbox 971 5414 1154 5471; x_wconf 79' lang='grc' dir='ltr'>αὐτούς.</span> <span class='ocrx_word' id='word_1_452' title='bbox 1190 5415 1376 5483; x_wconf 83' lang='lat' dir='ltr'>l_nlerp._</span> <span class='ocrx_word' id='word_1_453' title='bbox 1400 5425 1561 5483; x_wconf 58' lang='lat' dir='ltr'><strong>tamen</strong></span> <span class='ocrx_word' id='word_1_454' title='bbox 1585 5421 1792 5483; x_wconf 80' lang='lat' dir='ltr'>legerat,</span> 
     </span>
    </p>
   </div>
   <div class='ocr_carea' id='block_1_61' title="bbox 215 5472 1794 5540">
    <p class='ocr_par' dir='ltr' id='par_1_61' title="bbox 215 5472 1794 5540">
     <span class='ocr_line' id='line_1_61' title="bbox 215 5472 1794 5540; baseline 0.011 -26"><span class='ocrx_word' id='word_1_455' title='bbox 215 5474 271 5515; x_wconf 76' lang='lat' dir='ltr'>ut</span> <span class='ocrx_word' id='word_1_456' title='bbox 288 5472 522 5540; x_wconf 33' lang='lat' dir='ltr'>&#39;vide‘lur,</span> <span class='ocrx_word' id='word_1_457' title='bbox 571 5472 736 5540; x_wconf 57' lang='lat' dir='ltr'>cun-3307a:</span> <span class='ocrx_word' id='word_1_458' title='bbox 766 5474 933 5540; x_wconf 57' lang='lat' dir='ltr'>ques!</span> <span class='ocrx_word' id='word_1_459' title='bbox 957 5483 1123 5524; x_wconf 80' lang='lat' dir='ltr'>autem</span> <span class='ocrx_word' id='word_1_460' title='bbox 1145 5480 1290 5526; x_wconf 78' lang='lat' dir='ltr'>etiam</span> <span class='ocrx_word' id='word_1_461' title='bbox 1325 5472 1471 5529; x_wconf 75' lang='grc' dir='ltr'>αὐτοῦ</span> <span class='ocrx_word' id='word_1_462' title='bbox 1497 5472 1709 5540; x_wconf 56' lang='grc' dir='ltr'>ίεττὶξῖιι</span> <span class='ocrx_word' id='word_1_463' title='bbox 1733 5472 1794 5531; x_wconf 74' lang='lat' dir='ltr'><strong>ad</strong></span> 
     </span>
    </p>
   </div>
   <div class='ocr_carea' id='block_1_62' title="bbox 216 5529 1788 5606">
    <p class='ocr_par' dir='ltr' id='par_1_62' title="bbox 216 5529 1788 5606">
     <span class='ocr_line' id='line_1_62' title="bbox 216 5529 1788 5606; baseline 0.011 -31"><span class='ocrx_word' id='word_1_464' title='bbox 216 5529 334 5606; x_wconf 48' lang='lat'>3301</span> <span class='ocrx_word' id='word_1_465' title='bbox 348 5531 617 5606; x_wconf 12' lang='lat' dir='ltr'>referialur‘</span> <span class='ocrx_word' id='word_1_466' title='bbox 634 5533 732 5602; x_wconf 67' lang='grc' dir='ltr'>8ςά</span> <span class='ocrx_word' id='word_1_467' title='bbox 753 5536 966 5606; x_wconf 72' lang='grc' dir='ltr'>πολιτεία</span> <span class='ocrx_word' id='word_1_468' title='bbox 990 5540 1186 5606; x_wconf 69' lang='lat' dir='ltr'>prqprje</span> <span class='ocrx_word' id='word_1_469' title='bbox 1211 5541 1269 5588; x_wconf 87' lang='lat' dir='ltr'>ad</span> <span class='ocrx_word' id='word_1_470' title='bbox 1295 5529 1532 5606; x_wconf 50' lang='lat' dir='ltr'>personas</span> <span class='ocrx_word' id='word_1_471' title='bbox 1550 5529 1788 5606; x_wconf 53' lang='grc' dir='ltr'>ψέξαιιῖίὶ</span> 
     </span>
    </p>
   </div>
   <div class='ocr_carea' id='block_1_63' title="bbox 217 5591 1726 5656">
    <p class='ocr_par' dir='ltr' id='par_1_63' title="bbox 217 5591 1726 5656">
     <span class='ocr_line' id='line_1_63' title="bbox 217 5591 1726 5656; baseline 0.011 -20"><span class='ocrx_word' id='word_1_472' title='bbox 217 5591 544 5656; x_wconf 65' lang='grc' dir='ltr'>ριιιηιιοὺτειη</span> <span class='ocrx_word' id='word_1_473' title='bbox 565 5591 711 5642; x_wconf 80' lang='grc' dir='ltr'>αὐτοῦ</span> <span class='ocrx_word' id='word_1_474' title='bbox 737 5609 935 5656; x_wconf 77' lang='lat' dir='ltr'>prorsus</span> <span class='ocrx_word' id='word_1_475' title='bbox 954 5591 1002 5645; x_wconf 75' lang='lat' dir='ltr'>ili</span> <span class='ocrx_word' id='word_1_476' title='bbox 1029 5591 1184 5646; x_wconf 64' lang='grc' dir='ltr'>αὐτῶν</span> <span class='ocrx_word' id='word_1_477' title='bbox 1204 5591 1488 5653; x_wconf 77' lang='lat' dir='ltr'>muiandum</span> <span class='ocrx_word' id='word_1_478' title='bbox 1513 5591 1726 5655; x_wconf 14' lang='lat' dir='ltr'>ivi&#39;aeliu’r.</span> 
     </span>
    </p>
   </div>
   <div class='ocr_carea' id='block_1_64' title="bbox 286 5654 1421 5721">
    <p class='ocr_par' dir='ltr' id='par_1_64' title="bbox 286 5654 1421 5721">
     <span class='ocr_line' id='line_1_64' title="bbox 286 5654 1421 5721; baseline 0.014 -24"><span class='ocrx_word' id='word_1_479' title='bbox 286 5658 309 5721; x_wconf 50' lang='grc' dir='ltr'><em>ᾗ</em></span> <span class='ocrx_word' id='word_1_480' title='bbox 333 5654 460 5721; x_wconf 56' lang='lat' dir='ltr'><strong>Lilud</strong></span> <span class='ocrx_word' id='word_1_481' title='bbox 481 5655 646 5721; x_wconf 73' lang='grc' dir='ltr'>ἄκουε,</span> <span class='ocrx_word' id='word_1_482' title='bbox 660 5654 824 5721; x_wconf 80' lang='grc' dir='ltr'>ἐπάγει</span> <span class='ocrx_word' id='word_1_483' title='bbox 847 5661 934 5721; x_wconf 87' lang='grc' dir='ltr'>γάρ</span> <span class='ocrx_word' id='word_1_484' title='bbox 959 5672 1052 5708; x_wconf 90' lang='lat' dir='ltr'>non</span> <span class='ocrx_word' id='word_1_485' title='bbox 1081 5661 1229 5711; x_wconf 76' lang='lat' dir='ltr'>habet</span> <span class='ocrx_word' id='word_1_486' title='bbox 1251 5662 1421 5714; x_wconf 80' lang='lat' dir='ltr'>Morel.</span> 
     </span>
    </p>
   </div>
   <div class='ocr_carea' id='block_1_65' title="bbox 285 5713 1098 5779">
    <p class='ocr_par' dir='ltr' id='par_1_65' title="bbox 285 5713 1098 5779">
     <span class='ocr_line' id='line_1_65' title="bbox 285 5713 1098 5779; baseline 0.011 -18"><span class='ocrx_word' id='word_1_487' title='bbox 285 5713 309 5751; x_wconf 75' lang='grc' dir='ltr'>ἀ</span> <span class='ocrx_word' id='word_1_488' title='bbox 331 5713 441 5779; x_wconf 60' lang='grc' dir='ltr'>ξεν.</span> <span class='ocrx_word' id='word_1_489' title='bbox 472 5718 554 5779; x_wconf 84' lang='grc' dir='ltr'>καὶ</span> <span class='ocrx_word' id='word_1_490' title='bbox 575 5713 1098 5779; x_wconf 65' lang='grc' dir='ltr'>εὔχεταιῶστέπάντα.</span> 
     </span>
    </p>
   </div>
   <div class='ocr_carea' id='block_1_66' title="bbox 290 5777 682 5841">
    <p class='ocr_par' dir='ltr' id='par_1_66' title="bbox 290 5777 682 5841">
     <span class='ocr_line' id='line_1_66' title="bbox 290 5777 682 5841; baseline 0.003 -16"><span class='ocrx_word' id='word_1_491' title='bbox 290 5785 312 5811; x_wconf 78' lang='grc' dir='ltr'><strong><em>ο</em></strong></span> <span class='ocrx_word' id='word_1_492' title='bbox 325 5777 444 5826; x_wconf 69' lang='lat' dir='ltr'>ﬂor.</span> <span class='ocrx_word' id='word_1_493' title='bbox 471 5777 682 5841; x_wconf 71' lang='grc' dir='ltr'>χάριτος.</span> 
     </span>
    </p>
   </div>
   <div class='ocr_carea' id='block_1_67' title="bbox 1317 311 2456 416">
    <p class='ocr_par' dir='ltr' id='par_1_67' title="bbox 1317 311 2456 416">
     <span class='ocr_line' id='line_1_67' title="bbox 1317 311 2456 416; baseline 0.005 -6"><span class='ocrx_word' id='word_1_494' title='bbox 1317 354 1685 413; x_wconf 79' lang='lat' dir='ltr'>EXPOSlTIO</span> <span class='ocrx_word' id='word_1_495' title='bbox 1723 354 1787 412; x_wconf 84' lang='lat' dir='ltr'>IN</span> <span class='ocrx_word' id='word_1_496' title='bbox 1831 354 2164 414; x_wconf 78' lang='lat' dir='ltr'>PSALMUM</span> <span class='ocrx_word' id='word_1_497' title='bbox 2195 311 2456 416; x_wconf 35' lang='lat' dir='ltr'>CXXXII.</span> 
     </span>
    </p>
   </div>
   <div class='ocr_carea' id='block_1_68' title="bbox 3400 365 3500 420">
    <p class='ocr_par' dir='ltr' id='par_1_68' title="bbox 3400 365 3500 420">
     <span class='ocr_line' id='line_1_68' title="bbox 3400 365 3500 420; baseline 0.02 -2"><span class='ocrx_word' id='word_1_498' title='bbox 3400 365 3463 418; x_wconf 56' lang='grc' dir='ltr'>54η</span> <span class='ocrx_word' id='word_1_499' title='bbox 3479 367 3500 420; x_wconf 81' lang='grc' dir='ltr'>ί-</span> 
     </span>
    </p>
   </div>
   <div class='ocr_carea' id='block_1_69' title="bbox 1925 476 3504 550">
    <p class='ocr_par' dir='ltr' id='par_1_69' title="bbox 1925 476 3504 550">
     <span class='ocr_line' id='line_1_69' title="bbox 1925 476 3504 550; baseline 0.007 -25"><span class='ocrx_word' id='word_1_500' title='bbox 1925 479 2465 550; x_wconf 86' lang='grc' dir='ltr'>συγκεκροτημένην,</span> <span class='ocrx_word' id='word_1_501' title='bbox 2491 478 2602 533; x_wconf 76' lang='grc' dir='ltr'>ἀπὸ</span> <span class='ocrx_word' id='word_1_502' title='bbox 2631 476 2723 531; x_wconf 86' lang='grc' dir='ltr'>τοῦ</span> <span class='ocrx_word' id='word_1_503' title='bbox 2751 477 2916 549; x_wconf 83' lang='grc' dir='ltr'>μηδὲν</span> <span class='ocrx_word' id='word_1_504' title='bbox 2938 478 3046 532; x_wconf 88' lang='grc' dir='ltr'>τῶν</span> <span class='ocrx_word' id='word_1_505' title='bbox 3076 481 3386 549; x_wconf 77' lang='grc' dir='ltr'>ἀναγκαίων</span> <span class='ocrx_word' id='word_1_506' title='bbox 3413 485 3504 536; x_wconf 76' lang='grc' dir='ltr'>ἐν-</span> 
     </span>
    </p>
   </div>
   <div class='ocr_carea' id='block_1_70' title="bbox 1920 559 3504 634">
    <p class='ocr_par' dir='ltr' id='par_1_70' title="bbox 1920 559 3504 634">
     <span class='ocr_line' id='line_1_70' title="bbox 1920 559 3504 634; baseline 0.005 -21"><span class='ocrx_word' id='word_1_507' title='bbox 1920 561 2054 625; x_wconf 82' lang='grc' dir='ltr'>δεῖν,</span> <span class='ocrx_word' id='word_1_508' title='bbox 2079 563 2188 614; x_wconf 70' lang='grc' dir='ltr'>ἀπδ</span> <span class='ocrx_word' id='word_1_509' title='bbox 2215 563 2308 615; x_wconf 89' lang='grc' dir='ltr'>τοῦ</span> <span class='ocrx_word' id='word_1_510' title='bbox 2335 565 2460 627; x_wconf 78' lang='grc' dir='ltr'>τοὺς</span> <span class='ocrx_word' id='word_1_511' title='bbox 2486 565 2655 634; x_wconf 87' lang='grc' dir='ltr'>ίερεῖς</span> <span class='ocrx_word' id='word_1_512' title='bbox 2686 564 2744 616; x_wconf 91' lang='grc' dir='ltr'>ἐν</span> <span class='ocrx_word' id='word_1_513' title='bbox 2778 563 3046 634; x_wconf 77' lang='grc' dir='ltr'>ἀσφαλείᾳ</span> <span class='ocrx_word' id='word_1_514' title='bbox 3077 559 3237 627; x_wconf 83' lang='grc' dir='ltr'>εἶναι,</span> <span class='ocrx_word' id='word_1_515' title='bbox 3271 566 3380 618; x_wconf 79' lang='grc' dir='ltr'>ἀπὸ</span> <span class='ocrx_word' id='word_1_516' title='bbox 3408 567 3504 622; x_wconf 84' lang='grc' dir='ltr'>τοῦ</span> 
     </span>
    </p>
   </div>
   <div class='ocr_carea' id='block_1_71' title="bbox 1919 645 3500 719">
    <p class='ocr_par' dir='ltr' id='par_1_71' title="bbox 1919 645 3500 719">
     <span class='ocr_line' id='line_1_71' title="bbox 1919 645 3500 719; baseline 0.005 -23"><span class='ocrx_word' id='word_1_517' title='bbox 1919 645 2010 697; x_wconf 74' lang='grc' dir='ltr'>τὸν</span> <span class='ocrx_word' id='word_1_518' title='bbox 2045 645 2170 698; x_wconf 81' lang='grc' dir='ltr'>λαὸν</span> <span class='ocrx_word' id='word_1_519' title='bbox 2192 647 2250 699; x_wconf 89' lang='grc' dir='ltr'>ἐν</span> <span class='ocrx_word' id='word_1_520' title='bbox 2283 646 2609 718; x_wconf 83' lang='grc' dir='ltr'>εὐφροσύνῃ,</span> <span class='ocrx_word' id='word_1_521' title='bbox 2640 647 2747 700; x_wconf 81' lang='grc' dir='ltr'>ἀπὸ</span> <span class='ocrx_word' id='word_1_522' title='bbox 2770 647 2864 699; x_wconf 87' lang='grc' dir='ltr'>τοῦ</span> <span class='ocrx_word' id='word_1_523' title='bbox 2884 646 2976 698; x_wconf 84' lang='grc' dir='ltr'>τὸν</span> <span class='ocrx_word' id='word_1_524' title='bbox 3002 645 3226 716; x_wconf 88' lang='grc' dir='ltr'>βασιλέα</span> <span class='ocrx_word' id='word_1_525' title='bbox 3252 648 3310 700; x_wconf 90' lang='grc' dir='ltr'>ἐν</span> <span class='ocrx_word' id='word_1_526' title='bbox 3338 650 3500 719; x_wconf 79' lang='grc' dir='ltr'>ἰσχύϊ.</span> 
     </span>
    </p>
   </div>
   <div class='ocr_carea' id='block_1_72' title="bbox 1921 726 3506 800">
    <p class='ocr_par' dir='ltr' id='par_1_72' title="bbox 1921 726 3506 800">
     <span class='ocr_line' id='line_1_72' title="bbox 1921 726 3506 800; baseline 0.003 -20"><span class='ocrx_word' id='word_1_527' title='bbox 1921 726 2128 798; x_wconf 90' lang='grc' dir='ltr'>Λύχνον</span> <span class='ocrx_word' id='word_1_528' title='bbox 2156 728 2262 797; x_wconf 90' lang='grc' dir='ltr'>γάρ</span> <span class='ocrx_word' id='word_1_529' title='bbox 2309 729 2542 782; x_wconf 84' lang='grc' dir='ltr'>ἐνταῦθα</span> <span class='ocrx_word' id='word_1_530' title='bbox 2592 729 2624 800; x_wconf 82' lang='grc' dir='ltr'>ἢ</span> <span class='ocrx_word' id='word_1_531' title='bbox 2667 729 2758 781; x_wconf 85' lang='grc' dir='ltr'>τὸν</span> <span class='ocrx_word' id='word_1_532' title='bbox 2795 728 3017 798; x_wconf 83' lang='grc' dir='ltr'>βασιλέα</span> <span class='ocrx_word' id='word_1_533' title='bbox 3061 730 3246 800; x_wconf 75' lang='grc' dir='ltr'>φησὶν,</span> <span class='ocrx_word' id='word_1_534' title='bbox 3291 731 3506 800; x_wconf 77' lang='grc' dir='ltr'>ήάντί-</span> 
     </span>
    </p>
   </div>
   <div class='ocr_carea' id='block_1_73' title="bbox 1919 812 3504 885">
    <p class='ocr_par' dir='ltr' id='par_1_73' title="bbox 1919 812 3504 885">
     <span class='ocr_line' id='line_1_73' title="bbox 1919 812 3504 885; baseline 0.003 -23"><span class='ocrx_word' id='word_1_535' title='bbox 1919 812 2103 881; x_wconf 65' lang='grc' dir='ltr'>ληψιν,</span> <span class='ocrx_word' id='word_1_536' title='bbox 2138 813 2170 883; x_wconf 84' lang='grc' dir='ltr'>ἢ</span> <span class='ocrx_word' id='word_1_537' title='bbox 2203 813 2498 885; x_wconf 80' lang='grc' dir='ltr'>σωτηρίαν,</span> <span class='ocrx_word' id='word_1_538' title='bbox 2531 814 2564 884; x_wconf 81' lang='grc' dir='ltr'>ἦ</span> <span class='ocrx_word' id='word_1_539' title='bbox 2595 812 2738 882; x_wconf 84' lang='grc' dir='ltr'>φῶς·</span> <span class='ocrx_word' id='word_1_540' title='bbox 2784 812 2920 882; x_wconf 80' lang='grc' dir='ltr'>μετὰ</span> <span class='ocrx_word' id='word_1_541' title='bbox 2947 812 3002 864; x_wconf 84' lang='grc' dir='ltr'>δὲ</span> <span class='ocrx_word' id='word_1_542' title='bbox 3025 812 3228 867; x_wconf 89' lang='grc' dir='ltr'>τούτων</span> <span class='ocrx_word' id='word_1_543' title='bbox 3253 813 3314 866; x_wconf 81' lang='grc' dir='ltr'>τὸ</span> <span class='ocrx_word' id='word_1_544' title='bbox 3346 813 3504 884; x_wconf 89' lang='grc' dir='ltr'>μέγι-</span> 
     </span>
    </p>
   </div>
   <div class='ocr_carea' id='block_1_74' title="bbox 1924 892 3504 969">
    <p class='ocr_par' dir='ltr' id='par_1_74' title="bbox 1924 892 3504 969">
     <span class='ocr_line' id='line_1_74' title="bbox 1924 892 3504 969; baseline 0.002 -22"><span class='ocrx_word' id='word_1_545' title='bbox 1924 911 2047 948; x_wconf 88' lang='grc' dir='ltr'>στον</span> <span class='ocrx_word' id='word_1_546' title='bbox 2085 897 2184 968; x_wconf 82' lang='grc' dir='ltr'>τῆς</span> <span class='ocrx_word' id='word_1_547' title='bbox 2231 898 2532 969; x_wconf 82' lang='grc' dir='ltr'>εὐημερίας</span> <span class='ocrx_word' id='word_1_548' title='bbox 2578 892 2738 960; x_wconf 69' lang='grc' dir='ltr'>εἶδος.</span> <span class='ocrx_word' id='word_1_549' title='bbox 2772 897 2930 949; x_wconf 88' lang='grc' dir='ltr'>Ποῖον</span> <span class='ocrx_word' id='word_1_550' title='bbox 2959 897 3022 967; x_wconf 85' lang='grc' dir='ltr'>δὴ</span> <span class='ocrx_word' id='word_1_551' title='bbox 3050 897 3235 963; x_wconf 89' lang='grc' dir='ltr'>τοῦτο;</span> <span class='ocrx_word' id='word_1_552' title='bbox 3266 897 3339 949; x_wconf 82' lang='grc' dir='ltr'>Τὸ</span> <span class='ocrx_word' id='word_1_553' title='bbox 3375 899 3504 962; x_wconf 87' lang='grc' dir='ltr'>τοὺς</span> 
     </span>
    </p>
   </div>
   <div class='ocr_carea' id='block_1_75' title="bbox 1922 974 3501 1050">
    <p class='ocr_par' dir='ltr' id='par_1_75' title="bbox 1922 974 3501 1050">
     <span class='ocr_line' id='line_1_75' title="bbox 1922 974 3501 1050; baseline 0.001 -20"><span class='ocrx_word' id='word_1_554' title='bbox 1922 978 2150 1049; x_wconf 82' lang='grc' dir='ltr'>ἐχθροὺς</span> <span class='ocrx_word' id='word_1_555' title='bbox 2198 979 2656 1048; x_wconf 86' lang='grc' dir='ltr'>ἐγκαλύπτεσθαι,</span> <span class='ocrx_word' id='word_1_556' title='bbox 2713 979 2808 1032; x_wconf 70' lang='grc' dir='ltr'>καὶ</span> <span class='ocrx_word' id='word_1_557' title='bbox 2840 979 3045 1050; x_wconf 86' lang='grc' dir='ltr'>μηδένα</span> <span class='ocrx_word' id='word_1_558' title='bbox 3077 974 3217 1032; x_wconf 72' lang='grc' dir='ltr'>εἶναι</span> <span class='ocrx_word' id='word_1_559' title='bbox 3269 980 3360 1033; x_wconf 81' lang='grc' dir='ltr'>τὸν</span> <span class='ocrx_word' id='word_1_560' title='bbox 3410 979 3501 1032; x_wconf 91' lang='grc' dir='ltr'>λυ-</span> 
     </span>
    </p>
   </div>
   <div class='ocr_carea' id='block_1_76' title="bbox 1923 1059 3502 1132">
    <p class='ocr_par' dir='ltr' id='par_1_76' title="bbox 1923 1059 3502 1132">
     <span class='ocr_line' id='line_1_76' title="bbox 1923 1059 3502 1132; baseline 0.002 -18"><span class='ocrx_word' id='word_1_561' title='bbox 1923 1062 2248 1132; x_wconf 85' lang='grc' dir='ltr'>μαινόμενον</span> <span class='ocrx_word' id='word_1_562' title='bbox 2273 1065 2385 1126; x_wconf 83' lang='grc' dir='ltr'>τοῖς</span> <span class='ocrx_word' id='word_1_563' title='bbox 2425 1062 2610 1127; x_wconf 87' lang='grc' dir='ltr'>καλοῖς</span> <span class='ocrx_word' id='word_1_564' title='bbox 2640 1062 2868 1124; x_wconf 89' lang='grc' dir='ltr'>τούτοις.</span> <span class='ocrx_word' id='word_1_565' title='bbox 2906 1063 3013 1116; x_wconf 76' lang='grc' dir='ltr'>Καὶ</span> <span class='ocrx_word' id='word_1_566' title='bbox 3041 1064 3141 1116; x_wconf 91' lang='grc' dir='ltr'>οὐκ</span> <span class='ocrx_word' id='word_1_567' title='bbox 3170 1059 3322 1116; x_wconf 74' lang='grc' dir='ltr'>εἶπεν</span> <span class='ocrx_word' id='word_1_568' title='bbox 3351 1063 3502 1117; x_wconf 79' lang='grc' dir='ltr'>ἀπώ-</span> 
     </span>
    </p>
   </div>
   <div class='ocr_carea' id='block_1_77' title="bbox 1919 1142 3504 1216">
    <p class='ocr_par' dir='ltr' id='par_1_77' title="bbox 1919 1142 3504 1216">
     <span class='ocr_line' id='line_1_77' title="bbox 1919 1142 3504 1216; baseline 0.004 -22"><span class='ocrx_word' id='word_1_569' title='bbox 1919 1142 2069 1198; x_wconf 87' lang='grc' dir='ltr'>λειαν</span> <span class='ocrx_word' id='word_1_570' title='bbox 2097 1143 2305 1209; x_wconf 83' lang='grc' dir='ltr'>ἁπλῶς,</span> <span class='ocrx_word' id='word_1_571' title='bbox 2329 1147 2445 1198; x_wconf 89' lang='grc' dir='ltr'>ἀλλ’</span> <span class='ocrx_word' id='word_1_572' title='bbox 2471 1145 2758 1216; x_wconf 90' lang='grc' dir='ltr'>αἰσχύνην,</span> <span class='ocrx_word' id='word_1_573' title='bbox 2782 1145 3104 1216; x_wconf 86' lang='grc' dir='ltr'>βουλόμενος</span> <span class='ocrx_word' id='word_1_574' title='bbox 3131 1145 3272 1199; x_wconf 85' lang='grc' dir='ltr'>ὥστε</span> <span class='ocrx_word' id='word_1_575' title='bbox 3295 1146 3504 1211; x_wconf 78' lang='grc' dir='ltr'>ζῶντας</span> 
     </span>
    </p>
   </div>
   <div class='ocr_carea' id='block_1_78' title="bbox 1921 1225 3501 1299">
    <p class='ocr_par' dir='ltr' id='par_1_78' title="bbox 1921 1225 3501 1299">
     <span class='ocr_line' id='line_1_78' title="bbox 1921 1225 3501 1299; baseline 0.004 -23"><span class='ocrx_word' id='word_1_576' title='bbox 1921 1225 2385 1293; x_wconf 89' lang='grc' dir='ltr'>ἐγκαλύπτεσθαι,</span> <span class='ocrx_word' id='word_1_577' title='bbox 2421 1230 2516 1282; x_wconf 78' lang='grc' dir='ltr'>καὶ</span> <span class='ocrx_word' id='word_1_578' title='bbox 2551 1227 2935 1293; x_wconf 89' lang='grc' dir='ltr'>καταδύεσθαι,</span> <span class='ocrx_word' id='word_1_579' title='bbox 2972 1230 3065 1280; x_wconf 76' lang='grc' dir='ltr'>καὶ</span> <span class='ocrx_word' id='word_1_580' title='bbox 3106 1231 3404 1299; x_wconf 87' lang='grc' dir='ltr'>μαρτυρεῖν</span> <span class='ocrx_word' id='word_1_581' title='bbox 3433 1228 3501 1282; x_wconf 90' lang='grc' dir='ltr'>δι’</span> 
     </span>
    </p>
   </div>
   <div class='ocr_carea' id='block_1_79' title="bbox 1921 1299 3502 1382">
    <p class='ocr_par' dir='ltr' id='par_1_79' title="bbox 1921 1299 3502 1382">
     <span class='ocr_line' id='line_1_79' title="bbox 1921 1299 3502 1382; baseline 0.004 -23"><span class='ocrx_word' id='word_1_582' title='bbox 1921 1299 1998 1360; x_wconf 73' lang='grc' dir='ltr'>ὧν</span> <span class='ocrx_word' id='word_1_583' title='bbox 2028 1309 2296 1380; x_wconf 82' lang='grc' dir='ltr'>πάσχουσι</span> <span class='ocrx_word' id='word_1_584' title='bbox 2345 1311 2440 1381; x_wconf 80' lang='grc' dir='ltr'>τήν</span> <span class='ocrx_word' id='word_1_585' title='bbox 2470 1313 2623 1382; x_wconf 72' lang='grc' dir='ltr'>ἰσχὺν</span> <span class='ocrx_word' id='word_1_586' title='bbox 2652 1312 2747 1365; x_wconf 78' lang='grc' dir='ltr'>καὶ</span> <span class='ocrx_word' id='word_1_587' title='bbox 2787 1313 2887 1382; x_wconf 87' lang='grc' dir='ltr'>τὴν</span> <span class='ocrx_word' id='word_1_588' title='bbox 2920 1311 3217 1382; x_wconf 87' lang='grc' dir='ltr'>εὐημερίαν</span> <span class='ocrx_word' id='word_1_589' title='bbox 3245 1312 3324 1381; x_wconf 84' lang='grc' dir='ltr'>τῷ</span> <span class='ocrx_word' id='word_1_590' title='bbox 3360 1311 3502 1366; x_wconf 80' lang='grc' dir='ltr'>ἔθνει</span> 
     </span>
    </p>
   </div>
   <div class='ocr_carea' id='block_1_80' title="bbox 1920 1388 3498 1464">
    <p class='ocr_par' dir='ltr' id='par_1_80' title="bbox 1920 1388 3498 1464">
     <span class='ocr_line' id='line_1_80' title="bbox 1920 1388 3498 1464; baseline 0.004 -22"><span class='ocrx_word' id='word_1_591' title='bbox 1920 1388 2118 1460; x_wconf 88' lang='grc' dir='ltr'>τούτῳ.</span> <span class='ocrx_word' id='word_1_592' title='bbox 2153 1392 2276 1446; x_wconf 82' lang='grc' dir='ltr'>Ἐπί</span> <span class='ocrx_word' id='word_1_593' title='bbox 2304 1393 2372 1446; x_wconf 87' lang='grc' dir='ltr'>δὲ</span> <span class='ocrx_word' id='word_1_594' title='bbox 2400 1396 2586 1448; x_wconf 83' lang='grc' dir='ltr'>αὐτὸν</span> <span class='ocrx_word' id='word_1_595' title='bbox 2604 1393 2927 1460; x_wconf 76' lang='grc' dir='ltr'>ἐξανθήσει</span> <span class='ocrx_word' id='word_1_596' title='bbox 2948 1394 3012 1446; x_wconf 86' lang='grc' dir='ltr'>τὸ</span> <span class='ocrx_word' id='word_1_597' title='bbox 3029 1394 3295 1464; x_wconf 78' lang='grc' dir='ltr'>ἀτίασμά</span> <span class='ocrx_word' id='word_1_598' title='bbox 3315 1412 3435 1463; x_wconf 85' lang='grc' dir='ltr'>μου</span> <span class='ocrx_word' id='word_1_599' title='bbox 3453 1395 3498 1448; x_wconf 68' lang='grc' dir='ltr'>ἲ.</span> 
     </span>
    </p>
   </div>
   <div class='ocr_carea' id='block_1_81' title="bbox 1921 1472 3480 1546">
    <p class='ocr_par' dir='ltr' id='par_1_81' title="bbox 1921 1472 3480 1546">
     <span class='ocr_line' id='line_1_81' title="bbox 1921 1472 3480 1546; baseline 0.004 -22"><span class='ocrx_word' id='word_1_600' title='bbox 1921 1472 1986 1525; x_wconf 90' lang='grc' dir='ltr'>Τί</span> <span class='ocrx_word' id='word_1_601' title='bbox 2019 1472 2188 1538; x_wconf 77' lang='grc' dir='ltr'>ἐστιν,</span> <span class='ocrx_word' id='word_1_602' title='bbox 2207 1475 2329 1528; x_wconf 83' lang='grc' dir='ltr'>Ἐπί</span> <span class='ocrx_word' id='word_1_603' title='bbox 2358 1476 2425 1529; x_wconf 82' lang='grc' dir='ltr'>δὲ</span> <span class='ocrx_word' id='word_1_604' title='bbox 2450 1478 2805 1540; x_wconf 80' lang='grc' dir='ltr'>αῠτόν;Ἐπὶ</span> <span class='ocrx_word' id='word_1_605' title='bbox 2826 1476 2918 1528; x_wconf 77' lang='grc' dir='ltr'>τὸν</span> <span class='ocrx_word' id='word_1_606' title='bbox 2945 1476 3091 1530; x_wconf 87' lang='grc' dir='ltr'>λαόν.</span> <span class='ocrx_word' id='word_1_607' title='bbox 3118 1477 3188 1530; x_wconf 85' lang='grc' dir='ltr'>Τὸ</span> <span class='ocrx_word' id='word_1_608' title='bbox 3215 1477 3480 1546; x_wconf 78' lang='grc' dir='ltr'>άγίασμα</span> 
     </span>
    </p>
   </div>
   <div class='ocr_carea' id='block_1_82' title="bbox 1919 1554 3498 1628">
    <p class='ocr_par' dir='ltr' id='par_1_82' title="bbox 1919 1554 3498 1628">
     <span class='ocr_line' id='line_1_82' title="bbox 1919 1554 3498 1628; baseline 0.004 -20"><span class='ocrx_word' id='word_1_609' title='bbox 1919 1555 2106 1628; x_wconf 78' lang='grc' dir='ltr'>ἕτερος</span> <span class='ocrx_word' id='word_1_610' title='bbox 2157 1559 2227 1613; x_wconf 85' lang='grc' dir='ltr'>Τὸ</span> <span class='ocrx_word' id='word_1_611' title='bbox 2255 1560 2434 1627; x_wconf 85' lang='grc' dir='ltr'>κέρας</span> <span class='ocrx_word' id='word_1_612' title='bbox 2473 1554 2648 1613; x_wconf 83' lang='grc' dir='ltr'>εἶπεν.</span> <span class='ocrx_word' id='word_1_613' title='bbox 2682 1560 2896 1625; x_wconf 81' lang='grc' dir='ltr'>Ἀλλος,</span> <span class='ocrx_word' id='word_1_614' title='bbox 2928 1560 3246 1628; x_wconf 66' lang='grc' dir='ltr'>Ἀφόρισμα</span> <span class='ocrx_word' id='word_1_615' title='bbox 3291 1560 3498 1614; x_wconf 86' lang='grc' dir='ltr'>αὐτοῦ.</span> 
     </span>
    </p>
   </div>
   <div class='ocr_carea' id='block_1_83' title="bbox 1925 1640 3502 1713">
    <p class='ocr_par' dir='ltr' id='par_1_83' title="bbox 1925 1640 3502 1713">
     <span class='ocr_line' id='line_1_83' title="bbox 1925 1640 3502 1713; baseline 0.004 -22"><span class='ocrx_word' id='word_1_616' title='bbox 1925 1641 2133 1706; x_wconf 76' lang='grc' dir='ltr'>ΙἌλλος,</span> <span class='ocrx_word' id='word_1_617' title='bbox 2187 1643 2254 1696; x_wconf 82' lang='grc' dir='ltr'>Τὸ</span> <span class='ocrx_word' id='word_1_618' title='bbox 2289 1644 2706 1713; x_wconf 68' lang='grc' dir='ltr'>ἀφωρισμένον</span> <span class='ocrx_word' id='word_1_619' title='bbox 2753 1645 2960 1699; x_wconf 84' lang='grc' dir='ltr'>αὐτοῦ.</span> <span class='ocrx_word' id='word_1_620' title='bbox 2993 1645 3057 1696; x_wconf 88' lang='grc' dir='ltr'>Τί</span> <span class='ocrx_word' id='word_1_621' title='bbox 3105 1644 3222 1697; x_wconf 88' lang='grc' dir='ltr'>ποτ’</span> <span class='ocrx_word' id='word_1_622' title='bbox 3263 1640 3356 1697; x_wconf 85' lang='grc' dir='ltr'>οὖν</span> <span class='ocrx_word' id='word_1_623' title='bbox 3387 1645 3502 1697; x_wconf 80' lang='grc' dir='ltr'>ἐστι</span> 
     </span>
    </p>
   </div>
   <div class='ocr_carea' id='block_1_84' title="bbox 1922 1719 3500 1799">
    <p class='ocr_par' dir='ltr' id='par_1_84' title="bbox 1922 1719 3500 1799">
     <span class='ocr_line' id='line_1_84' title="bbox 1922 1719 3500 1799; baseline 0.003 -24"><span class='ocrx_word' id='word_1_624' title='bbox 1922 1725 1979 1776; x_wconf 72' lang='grc' dir='ltr'>τὸ</span> <span class='ocrx_word' id='word_1_625' title='bbox 2020 1726 2346 1796; x_wconf 87' lang='grc' dir='ltr'>εἰρημένον;</span> <span class='ocrx_word' id='word_1_626' title='bbox 2396 1729 2550 1798; x_wconf 84' lang='grc' dir='ltr'>Ἐμοὶ</span> <span class='ocrx_word' id='word_1_627' title='bbox 2594 1729 2740 1781; x_wconf 87' lang='grc' dir='ltr'>δοκεῖ</span> <span class='ocrx_word' id='word_1_628' title='bbox 2797 1728 2897 1798; x_wconf 82' lang='grc' dir='ltr'>τὴν</span> <span class='ocrx_word' id='word_1_629' title='bbox 2951 1719 3258 1799; x_wconf 74' lang='grc' dir='ltr'>εὐπραγίαν</span> <span class='ocrx_word' id='word_1_630' title='bbox 3299 1727 3500 1795; x_wconf 74' lang='grc' dir='ltr'>λέγειν,</span> 
     </span>
    </p>
   </div>
   <div class='ocr_carea' id='block_1_85' title="bbox 1919 1808 3186 1881">
    <p class='ocr_par' dir='ltr' id='par_1_85' title="bbox 1919 1808 3186 1881">
     <span class='ocr_line' id='line_1_85' title="bbox 1919 1808 3186 1881; baseline 0.003 -21"><span class='ocrx_word' id='word_1_631' title='bbox 1919 1810 2017 1881; x_wconf 77' lang='grc' dir='ltr'>τὴν</span> <span class='ocrx_word' id='word_1_632' title='bbox 2048 1808 2372 1878; x_wconf 82' lang='grc' dir='ltr'>ἀσφάλειαν,</span> <span class='ocrx_word' id='word_1_633' title='bbox 2408 1810 2508 1879; x_wconf 83' lang='grc' dir='ltr'>τὴν</span> <span class='ocrx_word' id='word_1_634' title='bbox 2545 1811 2722 1879; x_wconf 79' lang='grc' dir='ltr'>ἰσχὺν,</span> <span class='ocrx_word' id='word_1_635' title='bbox 2758 1810 2858 1881; x_wconf 78' lang='grc' dir='ltr'>τὴν</span> <span class='ocrx_word' id='word_1_636' title='bbox 2889 1810 3186 1880; x_wconf 87' lang='grc' dir='ltr'>βασιλείαν.</span> 
     </span>
    </p>
   </div>
   <div class='ocr_carea' id='block_1_86' title="bbox 1992 1891 3502 1963">
    <p class='ocr_par' dir='ltr' id='par_1_86' title="bbox 1992 1891 3502 1963">
     <span class='ocr_line' id='line_1_86' title="bbox 1992 1891 3502 1963; baseline 0.002 -20"><span class='ocrx_word' id='word_1_637' title='bbox 1992 1891 2174 1963; x_wconf 75' lang='grc' dir='ltr'>Ἀπερ</span> <span class='ocrx_word' id='word_1_638' title='bbox 2207 1891 2266 1956; x_wconf 80' lang='grc' dir='ltr'>ἐξ</span> <span class='ocrx_word' id='word_1_639' title='bbox 2301 1891 2480 1963; x_wconf 79' lang='grc' dir='ltr'>ἀρχῆς</span> <span class='ocrx_word' id='word_1_640' title='bbox 2518 1893 2773 1963; x_wconf 85' lang='grc' dir='ltr'>ἀφώρισα</span> <span class='ocrx_word' id='word_1_641' title='bbox 2813 1892 2981 1963; x_wconf 81' lang='grc' dir='ltr'>αὐτῷ,</span> <span class='ocrx_word' id='word_1_642' title='bbox 3012 1894 3187 1947; x_wconf 88' lang='grc' dir='ltr'>ταῦτα</span> <span class='ocrx_word' id='word_1_643' title='bbox 3224 1895 3374 1961; x_wconf 77' lang='grc' dir='ltr'>μενεῖ</span> <span class='ocrx_word' id='word_1_644' title='bbox 3404 1895 3502 1946; x_wconf 80' lang='grc' dir='ltr'>ἀν-</span> 
     </span>
    </p>
   </div>
   <div class='ocr_carea' id='block_1_87' title="bbox 1921 1975 3504 2049">
    <p class='ocr_par' dir='ltr' id='par_1_87' title="bbox 1921 1975 3504 2049">
     <span class='ocr_line' id='line_1_87' title="bbox 1921 1975 3504 2049; baseline 0.001 -21"><span class='ocrx_word' id='word_1_645' title='bbox 1921 1975 2136 2040; x_wconf 89' lang='grc' dir='ltr'>θοῦντα,</span> <span class='ocrx_word' id='word_1_646' title='bbox 2171 1976 2324 2047; x_wconf 81' lang='grc' dir='ltr'>φησὶ,</span> <span class='ocrx_word' id='word_1_647' title='bbox 2369 1976 2620 2047; x_wconf 84' lang='grc' dir='ltr'>βρύοντα,</span> <span class='ocrx_word' id='word_1_648' title='bbox 2654 1979 2714 2030; x_wconf 90' lang='grc' dir='ltr'>οὐ</span> <span class='ocrx_word' id='word_1_649' title='bbox 2759 1978 3152 2049; x_wconf 83' lang='grc' dir='ltr'>μαραινόμενα,</span> <span class='ocrx_word' id='word_1_650' title='bbox 3183 1978 3303 2031; x_wconf 81' lang='grc' dir='ltr'>οὐδὲ</span> <span class='ocrx_word' id='word_1_651' title='bbox 3339 1996 3504 2030; x_wconf 82' lang='grc' dir='ltr'>κατα-</span> 
     </span>
    </p>
   </div>
   <div class='ocr_carea' id='block_1_88' title="bbox 1919 2059 3500 2131">
    <p class='ocr_par' dir='ltr' id='par_1_88' title="bbox 1919 2059 3500 2131">
     <span class='ocr_line' id='line_1_88' title="bbox 1919 2059 3500 2131; baseline 0.001 -20"><span class='ocrx_word' id='word_1_652' title='bbox 1919 2059 2221 2112; x_wconf 85' lang='grc' dir='ltr'>πίπτοντα·</span> <span class='ocrx_word' id='word_1_653' title='bbox 2265 2059 2400 2111; x_wconf 90' lang='grc' dir='ltr'>ἀλλά</span> <span class='ocrx_word' id='word_1_654' title='bbox 2440 2059 2618 2113; x_wconf 88' lang='grc' dir='ltr'>ταῦτα</span> <span class='ocrx_word' id='word_1_655' title='bbox 2659 2062 2835 2114; x_wconf 87' lang='grc' dir='ltr'>πάντα</span> <span class='ocrx_word' id='word_1_656' title='bbox 2877 2061 3047 2126; x_wconf 78' lang='grc' dir='ltr'>ἐσται,</span> <span class='ocrx_word' id='word_1_657' title='bbox 3082 2061 3175 2113; x_wconf 86' lang='grc' dir='ltr'>τοῦ</span> <span class='ocrx_word' id='word_1_658' title='bbox 3218 2059 3500 2131; x_wconf 73' lang='grc' dir='ltr'>διορισμοῦ</span> 
     </span>
    </p>
   </div>
   <div class='ocr_carea' id='block_1_89' title="bbox 1917 2140 3504 2215">
    <p class='ocr_par' dir='ltr' id='par_1_89' title="bbox 1917 2140 3504 2215">
     <span class='ocr_line' id='line_1_89' title="bbox 1917 2140 3504 2215; baseline 0.002 -22"><span class='ocrx_word' id='word_1_659' title='bbox 1917 2140 2010 2194; x_wconf 83' lang='grc' dir='ltr'>τοῦ</span> <span class='ocrx_word' id='word_1_660' title='bbox 2048 2140 2358 2211; x_wconf 78' lang='grc' dir='ltr'>ἔμπροσθεν</span> <span class='ocrx_word' id='word_1_661' title='bbox 2405 2143 2697 2213; x_wconf 85' lang='grc' dir='ltr'>εἰρημένου</span> <span class='ocrx_word' id='word_1_662' title='bbox 2741 2143 3010 2213; x_wconf 81' lang='grc' dir='ltr'>μένοντος.</span> <span class='ocrx_word' id='word_1_663' title='bbox 3075 2144 3236 2195; x_wconf 88' lang='grc' dir='ltr'>Ποίου</span> <span class='ocrx_word' id='word_1_664' title='bbox 3281 2143 3344 2215; x_wconf 68' lang='grc' dir='ltr'>δὴ</span> <span class='ocrx_word' id='word_1_665' title='bbox 3378 2142 3504 2196; x_wconf 86' lang='grc' dir='ltr'>τού-</span> 
     </span>
    </p>
   </div>
   <div class='ocr_carea' id='block_1_90' title="bbox 1919 2227 3504 2296">
    <p class='ocr_par' dir='ltr' id='par_1_90' title="bbox 1919 2227 3504 2296">
     <span class='ocr_line' id='line_1_90' title="bbox 1919 2227 3504 2296; baseline 0.001 -16"><span class='ocrx_word' id='word_1_666' title='bbox 1919 2244 2042 2292; x_wconf 87' lang='grc' dir='ltr'>του;</span> <span class='ocrx_word' id='word_1_667' title='bbox 2085 2228 2227 2281; x_wconf 80' lang='grc' dir='ltr'>Ἐὰν</span> <span class='ocrx_word' id='word_1_668' title='bbox 2267 2227 2651 2295; x_wconf 69' lang='grc' dir='ltr'>φυλάξωνται</span> <span class='ocrx_word' id='word_1_669' title='bbox 2684 2233 2736 2283; x_wconf 85' lang='grc' dir='ltr'>οί</span> <span class='ocrx_word' id='word_1_670' title='bbox 2772 2229 2891 2282; x_wconf 79' lang='grc' dir='ltr'>υἱοί</span> <span class='ocrx_word' id='word_1_671' title='bbox 2930 2245 3046 2282; x_wconf 90' lang='grc' dir='ltr'>σου</span> <span class='ocrx_word' id='word_1_672' title='bbox 3075 2229 3190 2296; x_wconf 80' lang='grc' dir='ltr'>τὴν</span> <span class='ocrx_word' id='word_1_673' title='bbox 3210 2229 3504 2296; x_wconf 67' lang='grc' dir='ltr'>διαθήκην</span> 
     </span>
    </p>
   </div>
   <div class='ocr_carea' id='block_1_91' title="bbox 1914 2309 3502 2383">
    <p class='ocr_par' dir='ltr' id='par_1_91' title="bbox 1914 2309 3502 2383">
     <span class='ocr_line' id='line_1_91' title="bbox 1914 2309 3502 2383; baseline 0.002 -21"><span class='ocrx_word' id='word_1_674' title='bbox 1914 2327 2052 2377; x_wconf 88' lang='grc' dir='ltr'>μου.</span> <span class='ocrx_word' id='word_1_675' title='bbox 2083 2309 2158 2362; x_wconf 85' lang='grc' dir='ltr'>Οὐ</span> <span class='ocrx_word' id='word_1_676' title='bbox 2201 2310 2310 2379; x_wconf 84' lang='grc' dir='ltr'>γὰρ</span> <span class='ocrx_word' id='word_1_677' title='bbox 2361 2311 2518 2379; x_wconf 86' lang='grc' dir='ltr'>μόναι</span> <span class='ocrx_word' id='word_1_678' title='bbox 2564 2313 2618 2364; x_wconf 83' lang='grc' dir='ltr'>αἱ</span> <span class='ocrx_word' id='word_1_679' title='bbox 2671 2311 2996 2381; x_wconf 84' lang='grc' dir='ltr'>ὑποσχέσεις</span> <span class='ocrx_word' id='word_1_680' title='bbox 3044 2311 3139 2364; x_wconf 88' lang='grc' dir='ltr'>τοῦ</span> <span class='ocrx_word' id='word_1_681' title='bbox 3186 2313 3322 2365; x_wconf 89' lang='grc' dir='ltr'>Θεοῦ</span> <span class='ocrx_word' id='word_1_682' title='bbox 3357 2329 3502 2383; x_wconf 83' lang='grc' dir='ltr'>παρ-</span> 
     </span>
    </p>
   </div>
   <div class='ocr_carea' id='block_1_92' title="bbox 1919 2393 3496 2468">
    <p class='ocr_par' dir='ltr' id='par_1_92' title="bbox 1919 2393 3496 2468">
     <span class='ocr_line' id='line_1_92' title="bbox 1919 2393 3496 2468; baseline 0.004 -23"><span class='ocrx_word' id='word_1_683' title='bbox 1919 2393 2134 2462; x_wconf 87' lang='grc' dir='ltr'>έχουσιν</span> <span class='ocrx_word' id='word_1_684' title='bbox 2159 2394 2292 2463; x_wconf 85' lang='grc' dir='ltr'>ἡμῖν</span> <span class='ocrx_word' id='word_1_685' title='bbox 2320 2394 2389 2447; x_wconf 79' lang='grc' dir='ltr'>τὰ</span> <span class='ocrx_word' id='word_1_686' title='bbox 2434 2395 2636 2462; x_wconf 81' lang='grc' dir='ltr'>ἀγαθὰ,</span> <span class='ocrx_word' id='word_1_687' title='bbox 2664 2395 2730 2448; x_wconf 84' lang='grc' dir='ltr'>ἂν</span> <span class='ocrx_word' id='word_1_688' title='bbox 2785 2393 2860 2465; x_wconf 82' lang='grc' dir='ltr'><strong>μὴ</strong></span> <span class='ocrx_word' id='word_1_689' title='bbox 2904 2395 2997 2447; x_wconf 76' lang='grc' dir='ltr'>καὶ</span> <span class='ocrx_word' id='word_1_690' title='bbox 3045 2397 3205 2465; x_wconf 80' lang='grc' dir='ltr'>ἡμεῖς</span> <span class='ocrx_word' id='word_1_691' title='bbox 3247 2397 3314 2450; x_wconf 85' lang='grc' dir='ltr'>τὰ</span> <span class='ocrx_word' id='word_1_692' title='bbox 3369 2398 3496 2468; x_wconf 80' lang='grc' dir='ltr'>παρ’</span> 
     </span>
    </p>
   </div>
   <div class='ocr_carea' id='block_1_93' title="bbox 1917 2476 3497 2550">
    <p class='ocr_par' dir='ltr' id='par_1_93' title="bbox 1917 2476 3497 2550">
     <span class='ocr_line' id='line_1_93' title="bbox 1917 2476 3497 2550; baseline 0.004 -22"><span class='ocrx_word' id='word_1_693' title='bbox 1917 2476 2123 2528; x_wconf 81' lang='grc' dir='ltr'>ἑαυτῶν</span> <span class='ocrx_word' id='word_1_694' title='bbox 2165 2476 2443 2546; x_wconf 90' lang='grc' dir='ltr'>ποιῶμεν,</span> <span class='ocrx_word' id='word_1_695' title='bbox 2509 2477 2628 2529; x_wconf 85' lang='grc' dir='ltr'>οὐδέ</span> <span class='ocrx_word' id='word_1_696' title='bbox 2674 2477 2778 2548; x_wconf 80' lang='grc' dir='ltr'>χρὴ</span> <span class='ocrx_word' id='word_1_697' title='bbox 2821 2477 3032 2542; x_wconf 85' lang='grc' dir='ltr'>τούτοις</span> <span class='ocrx_word' id='word_1_698' title='bbox 3061 2489 3087 2526; x_wconf 75' lang='grc' dir='ltr'>ε</span> <span class='ocrx_word' id='word_1_699' title='bbox 3131 2479 3497 2550; x_wconf 83' lang='grc' dir='ltr'>προσέχοντας</span> 
     </span>
    </p>
   </div>
   <div class='ocr_carea' id='block_1_94' title="bbox 1917 2557 3503 2632">
    <p class='ocr_par' dir='ltr' id='par_1_94' title="bbox 1917 2557 3503 2632">
     <span class='ocr_line' id='line_1_94' title="bbox 1917 2557 3503 2632; baseline 0.003 -20"><span class='ocrx_word' id='word_1_700' title='bbox 1917 2559 2391 2619; x_wconf 86' lang='grc' dir='ltr'>ἀναπεπτωκέναι,</span> <span class='ocrx_word' id='word_1_701' title='bbox 2435 2559 2530 2611; x_wconf 76' lang='grc' dir='ltr'>καὶ</span> <span class='ocrx_word' id='word_1_702' title='bbox 2581 2560 2807 2622; x_wconf 82' lang='grc' dir='ltr'>ὑπτίους</span> <span class='ocrx_word' id='word_1_703' title='bbox 2853 2557 3010 2614; x_wconf 83' lang='grc' dir='ltr'>εἶναι.</span> <span class='ocrx_word' id='word_1_704' title='bbox 3055 2561 3232 2614; x_wconf 85' lang='grc' dir='ltr'>Πολλά</span> <span class='ocrx_word' id='word_1_705' title='bbox 3267 2562 3376 2632; x_wconf 84' lang='grc' dir='ltr'>γὰρ</span> <span class='ocrx_word' id='word_1_706' title='bbox 3409 2565 3503 2616; x_wconf 77' lang='grc' dir='ltr'>καὶ</span> 
     </span>
    </p>
   </div>
   <div class='ocr_carea' id='block_1_95' title="bbox 1915 2636 3502 2713">
    <p class='ocr_par' dir='ltr' id='par_1_95' title="bbox 1915 2636 3502 2713">
     <span class='ocr_line' id='line_1_95' title="bbox 1915 2636 3502 2713; baseline 0.003 -19"><span class='ocrx_word' id='word_1_707' title='bbox 1915 2643 2022 2695; x_wconf 84' lang='grc' dir='ltr'>τῶν</span> <span class='ocrx_word' id='word_1_708' title='bbox 2058 2643 2281 2711; x_wconf 83' lang='grc' dir='ltr'>ἀγαθῶν</span> <span class='ocrx_word' id='word_1_709' title='bbox 2308 2636 2384 2696; x_wconf 85' lang='grc' dir='ltr'>ὦν</span> <span class='ocrx_word' id='word_1_710' title='bbox 2421 2643 2790 2713; x_wconf 83' lang='grc' dir='ltr'>ἐπηγγείλατο</span> <span class='ocrx_word' id='word_1_711' title='bbox 2835 2647 2863 2697; x_wconf 85' lang='grc' dir='ltr'>ὁ</span> <span class='ocrx_word' id='word_1_712' title='bbox 2899 2644 3032 2708; x_wconf 85' lang='grc' dir='ltr'>Θεὸς</span> <span class='ocrx_word' id='word_1_713' title='bbox 3083 2644 3143 2697; x_wconf 91' lang='grc' dir='ltr'>οὐ</span> <span class='ocrx_word' id='word_1_714' title='bbox 3199 2649 3364 2706; x_wconf 79' lang='grc' dir='ltr'>ποιεῖ,</span> <span class='ocrx_word' id='word_1_715' title='bbox 3395 2646 3502 2699; x_wconf 89' lang='grc' dir='ltr'>τῶν</span> 
     </span>
    </p>
   </div>
   <div class='ocr_carea' id='block_1_96' title="bbox 1916 2725 3490 2797">
    <p class='ocr_par' dir='ltr' id='par_1_96' title="bbox 1916 2725 3490 2797">
     <span class='ocr_line' id='line_1_96' title="bbox 1916 2725 3490 2797; baseline 0.004 -22"><span class='ocrx_word' id='word_1_716' title='bbox 1916 2726 2014 2788; x_wconf 91' lang='grc' dir='ltr'>τάς</span> <span class='ocrx_word' id='word_1_717' title='bbox 2064 2726 2394 2793; x_wconf 85' lang='grc' dir='ltr'>ἐπαγγελίας</span> <span class='ocrx_word' id='word_1_718' title='bbox 2437 2725 2752 2796; x_wconf 83' lang='grc' dir='ltr'>δεξαμένων</span> <span class='ocrx_word' id='word_1_719' title='bbox 2783 2725 3018 2790; x_wconf 79' lang='grc' dir='ltr'>ἀναξίων</span> <span class='ocrx_word' id='word_1_720' title='bbox 3059 2728 3490 2797; x_wconf 81' lang='grc' dir='ltr'>εὐρισκομένωνο</span> 
     </span>
    </p>
   </div>
   <div class='ocr_carea' id='block_1_97' title="bbox 1916 2805 3500 2880">
    <p class='ocr_par' dir='ltr' id='par_1_97' title="bbox 1916 2805 3500 2880">
     <span class='ocr_line' id='line_1_97' title="bbox 1916 2805 3500 2880; baseline 0.003 -22"><span class='ocrx_word' id='word_1_721' title='bbox 1916 2805 2105 2877; x_wconf 89' lang='grc' dir='ltr'>ῶσπερ</span> <span class='ocrx_word' id='word_1_722' title='bbox 2137 2808 2230 2860; x_wconf 73' lang='grc' dir='ltr'>καὶ</span> <span class='ocrx_word' id='word_1_723' title='bbox 2253 2808 2321 2860; x_wconf 82' lang='grc' dir='ltr'>τὰ</span> <span class='ocrx_word' id='word_1_724' title='bbox 2344 2809 2510 2872; x_wconf 83' lang='grc' dir='ltr'>κακὰ,</span> <span class='ocrx_word' id='word_1_725' title='bbox 2542 2809 2578 2863; x_wconf 78' lang='grc' dir='ltr'>ἃ</span> <span class='ocrx_word' id='word_1_726' title='bbox 2604 2807 2922 2878; x_wconf 74' lang='grc' dir='ltr'>ἠπείλησεν,</span> <span class='ocrx_word' id='word_1_727' title='bbox 2951 2811 3030 2872; x_wconf 88' lang='grc' dir='ltr'>εἰς</span> <span class='ocrx_word' id='word_1_728' title='bbox 3052 2808 3211 2880; x_wconf 79' lang='grc' dir='ltr'>ἔργον</span> <span class='ocrx_word' id='word_1_729' title='bbox 3233 2811 3335 2864; x_wconf 90' lang='grc' dir='ltr'>οὐκ</span> <span class='ocrx_word' id='word_1_730' title='bbox 3356 2812 3500 2878; x_wconf 81' lang='grc' dir='ltr'>ἄγει,</span> 
     </span>
    </p>
   </div>
   <div class='ocr_carea' id='block_1_98' title="bbox 1917 2889 3500 2964">
    <p class='ocr_par' dir='ltr' id='par_1_98' title="bbox 1917 2889 3500 2964">
     <span class='ocr_line' id='line_1_98' title="bbox 1917 2889 3500 2964; baseline 0.004 -22"><span class='ocrx_word' id='word_1_731' title='bbox 1917 2889 2024 2944; x_wconf 85' lang='grc' dir='ltr'>τῶν</span> <span class='ocrx_word' id='word_1_732' title='bbox 2073 2891 2492 2961; x_wconf 82' lang='grc' dir='ltr'>παροξυνάντων</span> <span class='ocrx_word' id='word_1_733' title='bbox 2524 2894 2686 2945; x_wconf 80' lang='grc' dir='ltr'>αὐτὸν</span> <span class='ocrx_word' id='word_1_734' title='bbox 2731 2893 2956 2963; x_wconf 80' lang='grc' dir='ltr'>ὕστερον</span> <span class='ocrx_word' id='word_1_735' title='bbox 2993 2891 3500 2964; x_wconf 79' lang='grc' dir='ltr'>μεταῦαλλομένων,</span> 
     </span>
    </p>
   </div>
   <div class='ocr_carea' id='block_1_99' title="bbox 1917 2972 3500 3048">
    <p class='ocr_par' dir='ltr' id='par_1_99' title="bbox 1917 2972 3500 3048">
     <span class='ocr_line' id='line_1_99' title="bbox 1917 2972 3500 3048; baseline 0.003 -22"><span class='ocrx_word' id='word_1_736' title='bbox 1917 2973 2010 3027; x_wconf 74' lang='grc' dir='ltr'>καὶ</span> <span class='ocrx_word' id='word_1_737' title='bbox 2047 2973 2144 3046; x_wconf 82' lang='grc' dir='ltr'>τὴν</span> <span class='ocrx_word' id='word_1_738' title='bbox 2177 2975 2348 3046; x_wconf 81' lang='grc' dir='ltr'>ὀργὴν</span> <span class='ocrx_word' id='word_1_739' title='bbox 2375 2977 2896 3048; x_wconf 86' lang='grc' dir='ltr'>ἀποκρουσαμένων.</span> <span class='ocrx_word' id='word_1_740' title='bbox 2935 2975 3120 3029; x_wconf 88' lang='grc' dir='ltr'>Ταῦτα</span> <span class='ocrx_word' id='word_1_741' title='bbox 3153 2972 3247 3030; x_wconf 85' lang='grc' dir='ltr'>οῦν</span> <span class='ocrx_word' id='word_1_742' title='bbox 3277 2979 3500 3044; x_wconf 85' lang='grc' dir='ltr'>εἰδότες,</span> 
     </span>
    </p>
   </div>
   <div class='ocr_carea' id='block_1_100' title="bbox 1919 3056 3501 3132">
    <p class='ocr_par' dir='ltr' id='par_1_100' title="bbox 1919 3056 3501 3132">
     <span class='ocr_line' id='line_1_100' title="bbox 1919 3056 3501 3132; baseline -0.003 -23"><span class='ocrx_word' id='word_1_743' title='bbox 1919 3057 2052 3128; x_wconf 90' lang='grc' dir='ltr'>μήτε</span> <span class='ocrx_word' id='word_1_744' title='bbox 2093 3056 2181 3110; x_wconf 83' lang='grc' dir='ltr'>διὰ</span> <span class='ocrx_word' id='word_1_745' title='bbox 2219 3057 2316 3120; x_wconf 87' lang='grc' dir='ltr'>τάς</span> <span class='ocrx_word' id='word_1_746' title='bbox 2356 3059 2682 3128; x_wconf 81' lang='grc' dir='ltr'>ὑποσχέσεις</span> <span class='ocrx_word' id='word_1_747' title='bbox 2709 3057 3064 3129; x_wconf 77' lang='grc' dir='ltr'>ῥαθυμῶμεν,</span> <span class='ocrx_word' id='word_1_748' title='bbox 3102 3059 3188 3112; x_wconf 85' lang='grc' dir='ltr'>ἵνα</span> <span class='ocrx_word' id='word_1_749' title='bbox 3224 3060 3298 3132; x_wconf 81' lang='grc' dir='ltr'>μὴ</span> <span class='ocrx_word' id='word_1_750' title='bbox 3332 3079 3501 3115; x_wconf 81' lang='grc' dir='ltr'>κατα-</span> 
     </span>
    </p>
   </div>
   <div class='ocr_carea' id='block_1_101' title="bbox 1915 3139 3502 3214">
    <p class='ocr_par' dir='ltr' id='par_1_101' title="bbox 1915 3139 3502 3214">
     <span class='ocr_line' id='line_1_101' title="bbox 1915 3139 3502 3214; baseline 0.004 -23"><span class='ocrx_word' id='word_1_751' title='bbox 1915 3139 2190 3210; x_wconf 86' lang='grc' dir='ltr'>πέσωμεν,</span> <span class='ocrx_word' id='word_1_752' title='bbox 2217 3143 2355 3210; x_wconf 84' lang='grc' dir='ltr'>μήτε</span> <span class='ocrx_word' id='word_1_753' title='bbox 2379 3142 2470 3195; x_wconf 85' lang='grc' dir='ltr'>διὰ</span> <span class='ocrx_word' id='word_1_754' title='bbox 2491 3142 2590 3205; x_wconf 90' lang='grc' dir='ltr'>τάς</span> <span class='ocrx_word' id='word_1_755' title='bbox 2603 3142 2831 3205; x_wconf 85' lang='grc' dir='ltr'>ἀπειλὰς</span> <span class='ocrx_word' id='word_1_756' title='bbox 2854 3141 3342 3214; x_wconf 86' lang='grc' dir='ltr'>ἀπογινώσκωμεν,</span> <span class='ocrx_word' id='word_1_757' title='bbox 3365 3145 3502 3199; x_wconf 85' lang='grc' dir='ltr'>ἀλλά</span> 
     </span>
    </p>
   </div>
   <div class='ocr_carea' id='block_1_102' title="bbox 1917 3222 3501 3296">
    <p class='ocr_par' dir='ltr' id='par_1_102' title="bbox 1917 3222 3501 3296">
     <span class='ocr_line' id='line_1_102' title="bbox 1917 3222 3501 3296; baseline 0.005 -23"><span class='ocrx_word' id='word_1_758' title='bbox 1917 3222 2402 3294; x_wconf 79' lang='grc' dir='ltr'>μεταδαλλὼμεθα.</span> <span class='ocrx_word' id='word_1_759' title='bbox 2445 3223 2602 3277; x_wconf 78' lang='grc' dir='ltr'>Οὕτω</span> <span class='ocrx_word' id='word_1_760' title='bbox 2628 3224 2737 3294; x_wconf 88' lang='grc' dir='ltr'>γάρ</span> <span class='ocrx_word' id='word_1_761' title='bbox 2764 3224 3110 3294; x_wconf 85' lang='grc' dir='ltr'>δυνησόμεθα</span> <span class='ocrx_word' id='word_1_762' title='bbox 3139 3225 3247 3278; x_wconf 89' lang='grc' dir='ltr'>τῶν</span> <span class='ocrx_word' id='word_1_763' title='bbox 3279 3227 3501 3296; x_wconf 86' lang='grc' dir='ltr'>μελλόν-</span> 
     </span>
    </p>
   </div>
   <div class='ocr_carea' id='block_1_103' title="bbox 1911 3307 3498 3382">
    <p class='ocr_par' dir='ltr' id='par_1_103' title="bbox 1911 3307 3498 3382">
     <span class='ocr_line' id='line_1_103' title="bbox 1911 3307 3498 3382; baseline 0.004 -25"><span class='ocrx_word' id='word_1_764' title='bbox 1911 3321 2020 3359; x_wconf 87' lang='grc' dir='ltr'>των</span> <span class='ocrx_word' id='word_1_765' title='bbox 2053 3309 2326 3377; x_wconf 85' lang='grc' dir='ltr'>ἐπιτυχεῖν</span> <span class='ocrx_word' id='word_1_766' title='bbox 2356 3307 2596 3376; x_wconf 85' lang='grc' dir='ltr'>ἀγαθῶν,</span> <span class='ocrx_word' id='word_1_767' title='bbox 2631 3307 2814 3378; x_wconf 84' lang='grc' dir='ltr'>χάριτι</span> <span class='ocrx_word' id='word_1_768' title='bbox 2855 3309 2951 3361; x_wconf 77' lang='grc' dir='ltr'>καὶ</span> <span class='ocrx_word' id='word_1_769' title='bbox 2997 3309 3377 3382; x_wconf 79' lang='grc' dir='ltr'>φιλανθρωπίᾳ</span> <span class='ocrx_word' id='word_1_770' title='bbox 3405 3311 3498 3364; x_wconf 91' lang='grc' dir='ltr'>τοῦ</span> 
     </span>
    </p>
   </div>
   <div class='ocr_carea' id='block_1_104' title="bbox 1913 3383 3498 3464">
    <p class='ocr_par' dir='ltr' id='par_1_104' title="bbox 1913 3383 3498 3464">
     <span class='ocr_line' id='line_1_104' title="bbox 1913 3383 3498 3464; baseline 0.003 -22"><span class='ocrx_word' id='word_1_771' title='bbox 1913 3389 2120 3458; x_wconf 84' lang='grc' dir='ltr'>Κυρίου</span> <span class='ocrx_word' id='word_1_772' title='bbox 2153 3389 2310 3460; x_wconf 80' lang='grc' dir='ltr'>ήμῶν</span> <span class='ocrx_word' id='word_1_773' title='bbox 2343 3391 2517 3460; x_wconf 88' lang='grc' dir='ltr'>Ἰησοῦ</span> <span class='ocrx_word' id='word_1_774' title='bbox 2550 3390 2808 3461; x_wconf 87' lang='grc' dir='ltr'>Χριστοῦ,</span> <span class='ocrx_word' id='word_1_775' title='bbox 2831 3383 2926 3461; x_wconf 81' lang='grc' dir='ltr'>ᾧή</span> <span class='ocrx_word' id='word_1_776' title='bbox 2953 3390 3080 3456; x_wconf 82' lang='grc' dir='ltr'>δόξα</span> <span class='ocrx_word' id='word_1_777' title='bbox 3103 3393 3196 3445; x_wconf 77' lang='grc' dir='ltr'>καὶ</span> <span class='ocrx_word' id='word_1_778' title='bbox 3217 3392 3278 3445; x_wconf 85' lang='grc' dir='ltr'>τὸ</span> <span class='ocrx_word' id='word_1_779' title='bbox 3299 3393 3498 3464; x_wconf 79' lang='grc' dir='ltr'>κράτος</span> 
     </span>
    </p>
   </div>
   <div class='ocr_carea' id='block_1_105' title="bbox 1912 3475 3000 3546">
    <p class='ocr_par' dir='ltr' id='par_1_105' title="bbox 1912 3475 3000 3546">
     <span class='ocr_line' id='line_1_105' title="bbox 1912 3475 3000 3546; baseline 0.001 -20"><span class='ocrx_word' id='word_1_780' title='bbox 1912 3476 1992 3538; x_wconf 88' lang='grc' dir='ltr'>είς</span> <span class='ocrx_word' id='word_1_781' title='bbox 2017 3475 2143 3537; x_wconf 75' lang='grc' dir='ltr'>τοὺς</span> <span class='ocrx_word' id='word_1_782' title='bbox 2174 3475 2373 3538; x_wconf 86' lang='grc' dir='ltr'>αἰῶνας</span> <span class='ocrx_word' id='word_1_783' title='bbox 2401 3476 2508 3528; x_wconf 88' lang='grc' dir='ltr'>τῶν</span> <span class='ocrx_word' id='word_1_784' title='bbox 2543 3476 2776 3530; x_wconf 80' lang='grc' dir='ltr'>αἰώνων.</span> <span class='ocrx_word' id='word_1_785' title='bbox 2807 3475 3000 3546; x_wconf 80' lang='grc' dir='ltr'>Ἀμήν.</span> 
     </span>
    </p>
   </div>
   <div class='ocr_carea' id='block_1_106' title="bbox 2304 3633 3154 3690">
    <p class='ocr_par' dir='ltr' id='par_1_106' title="bbox 2304 3633 3154 3690">
     <span class='ocr_line' id='line_1_106' title="bbox 2304 3633 3154 3690; baseline 0.004 -4"><span class='ocrx_word' id='word_1_786' title='bbox 2304 3633 2413 3686; x_wconf 86' lang='grc' dir='ltr'>ΕΙΣ</span> <span class='ocrx_word' id='word_1_787' title='bbox 2449 3634 2586 3686; x_wconf 85' lang='grc' dir='ltr'>ΤΟΝ</span> <span class='ocrx_word' id='word_1_788' title='bbox 2635 3635 2782 3686; x_wconf 85' lang='grc' dir='ltr'>ΡΛΒ⁹</span> <span class='ocrx_word' id='word_1_789' title='bbox 2831 3635 3154 3690; x_wconf 80' lang='grc' dir='ltr'>ΨΑΛΜΟΝ.</span> 
     </span>
    </p>
   </div>
   <div class='ocr_carea' id='block_1_107' title="bbox 1924 3731 3496 3803">
    <p class='ocr_par' dir='ltr' id='par_1_107' title="bbox 1924 3731 3496 3803">
     <span class='ocr_line' id='line_1_107' title="bbox 1924 3731 3496 3803; baseline 0.001 -16"><span class='ocrx_word' id='word_1_790' title='bbox 1924 3731 2079 3788; x_wconf 86' lang='grc' dir='ltr'>Ἰδοὺ</span> <span class='ocrx_word' id='word_1_791' title='bbox 2118 3731 2194 3803; x_wconf 72' lang='grc' dir='ltr'>δὴ</span> <span class='ocrx_word' id='word_1_792' title='bbox 2223 3733 2280 3784; x_wconf 85' lang='grc' dir='ltr'>τί</span> <span class='ocrx_word' id='word_1_793' title='bbox 2324 3734 2536 3803; x_wconf 77' lang='grc' dir='ltr'>καλὸν,</span> <span class='ocrx_word' id='word_1_794' title='bbox 2561 3732 2598 3802; x_wconf 79' lang='grc' dir='ltr'>ἢ</span> <span class='ocrx_word' id='word_1_795' title='bbox 2628 3735 2684 3787; x_wconf 81' lang='grc' dir='ltr'>τί</span> <span class='ocrx_word' id='word_1_796' title='bbox 2724 3735 2982 3802; x_wconf 80' lang='grc' dir='ltr'>τερπνόν</span> <span class='ocrx_word' id='word_1_797' title='bbox 3019 3735 3212 3803; x_wconf 84' lang='grc' dir='ltr'>(ἀλλος,</span> <span class='ocrx_word' id='word_1_798' title='bbox 3246 3735 3390 3789; x_wconf 82' lang='grc' dir='ltr'>Ἰδοὺ</span> <span class='ocrx_word' id='word_1_799' title='bbox 3437 3737 3496 3790; x_wconf 84' lang='grc' dir='ltr'>τι</span> 
     </span>
    </p>
   </div>
   <div class='ocr_carea' id='block_1_108' title="bbox 1979 3802 3494 3872">
    <p class='ocr_par' dir='ltr' id='par_1_108' title="bbox 1979 3802 3494 3872">
     <span class='ocr_line' id='line_1_108' title="bbox 1979 3802 3494 3872; baseline 0.003 -16"><span class='ocrx_word' id='word_1_800' title='bbox 1979 3802 2226 3872; x_wconf 77' lang='grc' dir='ltr'>ἀγαθὸν,</span> <span class='ocrx_word' id='word_1_801' title='bbox 2282 3802 2380 3856; x_wconf 83' lang='grc' dir='ltr'>καὶ</span> <span class='ocrx_word' id='word_1_802' title='bbox 2419 3803 2476 3856; x_wconf 85' lang='grc' dir='ltr'>τί</span> <span class='ocrx_word' id='word_1_803' title='bbox 2523 3805 2758 3872; x_wconf 84' lang='grc' dir='ltr'>καλόν),</span> <span class='ocrx_word' id='word_1_804' title='bbox 2803 3803 2942 3858; x_wconf 73' lang='grc' dir='ltr'>ἀλλ’</span> <span class='ocrx_word' id='word_1_805' title='bbox 2991 3802 3035 3872; x_wconf 73' lang='grc' dir='ltr'><strong><em>ἢ</em></strong></span> <span class='ocrx_word' id='word_1_806' title='bbox 3083 3805 3147 3858; x_wconf 85' lang='grc' dir='ltr'>τὸ</span> <span class='ocrx_word' id='word_1_807' title='bbox 3195 3805 3494 3860; x_wconf 85' lang='grc' dir='ltr'>κατοικεῖν</span> 
     </span>
    </p>
   </div>
   <div class='ocr_carea' id='block_1_109' title="bbox 1978 3871 2734 3941">
    <p class='ocr_par' dir='ltr' id='par_1_109' title="bbox 1978 3871 2734 3941">
     <span class='ocr_line' id='line_1_109' title="bbox 1978 3871 2734 3941; baseline 0.004 -16"><span class='ocrx_word' id='word_1_808' title='bbox 1978 3871 2286 3941; x_wconf 69' lang='grc' dir='ltr'>ἀδελφοὺς</span> <span class='ocrx_word' id='word_1_809' title='bbox 2328 3873 2428 3926; x_wconf 77' lang='grc' dir='ltr'>ἐπὶ</span> <span class='ocrx_word' id='word_1_810' title='bbox 2458 3873 2523 3926; x_wconf 86' lang='grc' dir='ltr'>τὸ</span> <span class='ocrx_word' id='word_1_811' title='bbox 2556 3871 2734 3938; x_wconf 82' lang='grc' dir='ltr'>αὐτό;</span> 
     </span>
    </p>
   </div>
   <div class='ocr_carea' id='block_1_110' title="bbox 1980 3995 3491 4070">
    <p class='ocr_par' dir='ltr' id='par_1_110' title="bbox 1980 3995 3491 4070">
     <span class='ocr_line' id='line_1_110' title="bbox 1980 3995 3491 4070; baseline 0 -20"><span class='ocrx_word' id='word_1_812' title='bbox 1980 3995 2159 4050; x_wconf 89' lang='grc' dir='ltr'>Πολλά</span> <span class='ocrx_word' id='word_1_813' title='bbox 2191 3997 2302 4050; x_wconf 91' lang='grc' dir='ltr'>τῶν</span> <span class='ocrx_word' id='word_1_814' title='bbox 2337 3997 2681 4070; x_wconf 84' lang='grc' dir='ltr'>πραγμάτων</span> <span class='ocrx_word' id='word_1_815' title='bbox 2717 3997 2834 4050; x_wconf 78' lang='grc' dir='ltr'>ἐστὶ</span> <span class='ocrx_word' id='word_1_816' title='bbox 2873 3999 2971 4069; x_wconf 84' lang='grc' dir='ltr'>μὲν</span> <span class='ocrx_word' id='word_1_817' title='bbox 3005 3996 3168 4062; x_wconf 84' lang='grc' dir='ltr'>καλὰ,</span> <span class='ocrx_word' id='word_1_818' title='bbox 3194 3998 3253 4051; x_wconf 85' lang='grc' dir='ltr'>τὸ</span> <span class='ocrx_word' id='word_1_819' title='bbox 3282 3997 3339 4051; x_wconf 87' lang='grc' dir='ltr'>δὲ</span> <span class='ocrx_word' id='word_1_820' title='bbox 3363 4015 3491 4069; x_wconf 77' lang='grc' dir='ltr'>τερ-</span> 
     </span>
    </p>
   </div>
   <div class='ocr_carea' id='block_1_111' title="bbox 1907 4078 3489 4152">
    <p class='ocr_par' dir='ltr' id='par_1_111' title="bbox 1907 4078 3489 4152">
     <span class='ocr_line' id='line_1_111' title="bbox 1907 4078 3489 4152; baseline 0 -18"><span class='ocrx_word' id='word_1_821' title='bbox 1907 4080 2041 4134; x_wconf 86' lang='grc' dir='ltr'>πνὸν</span> <span class='ocrx_word' id='word_1_822' title='bbox 2071 4080 2172 4133; x_wconf 88' lang='grc' dir='ltr'>οὐκ</span> <span class='ocrx_word' id='word_1_823' title='bbox 2219 4078 2360 4150; x_wconf 79' lang='grc' dir='ltr'>ἔχει·</span> <span class='ocrx_word' id='word_1_824' title='bbox 2403 4080 2564 4150; x_wconf 83' lang='grc' dir='ltr'>ἐτερα</span> <span class='ocrx_word' id='word_1_825' title='bbox 2606 4078 2632 4117; x_wconf 70' lang='grc' dir='ltr'>ιι</span> <span class='ocrx_word' id='word_1_826' title='bbox 2663 4081 2854 4152; x_wconf 81' lang='grc' dir='ltr'>ήδονὴν</span> <span class='ocrx_word' id='word_1_827' title='bbox 2890 4082 2988 4152; x_wconf 81' lang='grc' dir='ltr'>μὲν</span> <span class='ocrx_word' id='word_1_828' title='bbox 3029 4081 3142 4152; x_wconf 74' lang='grc' dir='ltr'>ἔχει</span> <span class='ocrx_word' id='word_1_829' title='bbox 3178 4081 3362 4148; x_wconf 83' lang='grc' dir='ltr'>πάλιν,</span> <span class='ocrx_word' id='word_1_830' title='bbox 3395 4079 3489 4134; x_wconf 88' lang='grc' dir='ltr'>τοῦ</span> 
     </span>
    </p>
   </div>
   <div class='ocr_carea' id='block_1_112' title="bbox 1910 4163 3488 4236">
    <p class='ocr_par' dir='ltr' id='par_1_112' title="bbox 1910 4163 3488 4236">
     <span class='ocr_line' id='line_1_112' title="bbox 1910 4163 3488 4236; baseline 0.001 -21"><span class='ocrx_word' id='word_1_831' title='bbox 1910 4163 2057 4236; x_wconf 80' lang='lat'>[380]</span> <span class='ocrx_word' id='word_1_832' title='bbox 2088 4163 2370 4216; x_wconf 76' lang='grc' dir='ltr'>καλλίστου</span> <span class='ocrx_word' id='word_1_833' title='bbox 2393 4163 2448 4216; x_wconf 85' lang='grc' dir='ltr'>δέ</span> <span class='ocrx_word' id='word_1_834' title='bbox 2476 4163 2843 4235; x_wconf 87' lang='grc' dir='ltr'>ἀπεστέρηται</span> <span class='ocrx_word' id='word_1_835' title='bbox 2867 4179 2880 4192; x_wconf 92' lang='grc'><strong>·</strong></span> <span class='ocrx_word' id='word_1_836' title='bbox 2907 4165 3193 4236; x_wconf 85' lang='grc' dir='ltr'>ἀμφότερα</span> <span class='ocrx_word' id='word_1_837' title='bbox 3219 4165 3276 4218; x_wconf 88' lang='grc' dir='ltr'>δὲ</span> <span class='ocrx_word' id='word_1_838' title='bbox 3302 4165 3488 4218; x_wconf 86' lang='grc' dir='ltr'>συνελ-</span> 
     </span>
    </p>
   </div>
   <div class='ocr_carea' id='block_1_113' title="bbox 1906 4244 3486 4318">
    <p class='ocr_par' dir='ltr' id='par_1_113' title="bbox 1906 4244 3486 4318">
     <span class='ocr_line' id='line_1_113' title="bbox 1906 4244 3486 4318; baseline -0.001 -18"><span class='ocrx_word' id='word_1_839' title='bbox 1906 4247 2039 4308; x_wconf 89' lang='grc' dir='ltr'>θεῖν,</span> <span class='ocrx_word' id='word_1_840' title='bbox 2080 4248 2141 4300; x_wconf 86' lang='grc' dir='ltr'>οὐ</span> <span class='ocrx_word' id='word_1_841' title='bbox 2175 4245 2378 4318; x_wconf 87' lang='grc' dir='ltr'>σφόδρα</span> <span class='ocrx_word' id='word_1_842' title='bbox 2406 4244 2659 4316; x_wconf 77' lang='grc' dir='ltr'>εὔπορον.</span> <span class='ocrx_word' id='word_1_843' title='bbox 2687 4246 2825 4299; x_wconf 88' lang='grc' dir='ltr'>Ἀλλ’</span> <span class='ocrx_word' id='word_1_844' title='bbox 2853 4247 2946 4299; x_wconf 75' lang='grc' dir='ltr'>ἐπὶ</span> <span class='ocrx_word' id='word_1_845' title='bbox 2986 4248 3175 4299; x_wconf 89' lang='grc' dir='ltr'>τούτου</span> <span class='ocrx_word' id='word_1_846' title='bbox 3199 4245 3292 4299; x_wconf 89' lang='grc' dir='ltr'>τοῦ</span> <span class='ocrx_word' id='word_1_847' title='bbox 3331 4247 3486 4317; x_wconf 83' lang='grc' dir='ltr'>είρη-</span> 
     </span>
    </p>
   </div>
   <div class='ocr_carea' id='block_1_114' title="bbox 1908 4327 3488 4400">
    <p class='ocr_par' dir='ltr' id='par_1_114' title="bbox 1908 4327 3488 4400">
     <span class='ocr_line' id='line_1_114' title="bbox 1908 4327 3488 4400; baseline 0.001 -18"><span class='ocrx_word' id='word_1_848' title='bbox 1908 4330 2070 4400; x_wconf 87' lang='grc' dir='ltr'>μένου</span> <span class='ocrx_word' id='word_1_849' title='bbox 2093 4327 2378 4399; x_wconf 75' lang='grc' dir='ltr'>ἀμφότερα</span> <span class='ocrx_word' id='word_1_850' title='bbox 2401 4327 2572 4380; x_wconf 86' lang='grc' dir='ltr'>ταῦτα</span> <span class='ocrx_word' id='word_1_851' title='bbox 2603 4328 3032 4399; x_wconf 75' lang='grc' dir='ltr'>συνδεδράμηκε,</span> <span class='ocrx_word' id='word_1_852' title='bbox 3065 4329 3157 4381; x_wconf 78' lang='grc' dir='ltr'>καὶ</span> <span class='ocrx_word' id='word_1_853' title='bbox 3186 4329 3368 4400; x_wconf 79' lang='grc' dir='ltr'>ἡδονὴ,</span> <span class='ocrx_word' id='word_1_854' title='bbox 3394 4330 3488 4383; x_wconf 81' lang='grc' dir='ltr'>καὶ</span> 
     </span>
    </p>
   </div>
   <div class='ocr_carea' id='block_1_115' title="bbox 1903 4410 3483 4482">
    <p class='ocr_par' dir='ltr' id='par_1_115' title="bbox 1903 4410 3483 4482">
     <span class='ocr_line' id='line_1_115' title="bbox 1903 4410 3483 4482; baseline 0 -18"><span class='ocrx_word' id='word_1_855' title='bbox 1903 4411 1963 4464; x_wconf 83' lang='grc' dir='ltr'>τὸ</span> <span class='ocrx_word' id='word_1_856' title='bbox 1995 4411 2300 4466; x_wconf 85' lang='grc' dir='ltr'>κάλλιστον.</span> <span class='ocrx_word' id='word_1_857' title='bbox 2323 4411 2492 4463; x_wconf 89' lang='grc' dir='ltr'>Τοῦτο</span> <span class='ocrx_word' id='word_1_858' title='bbox 2513 4411 2621 4480; x_wconf 82' lang='grc' dir='ltr'>γὰρ</span> <span class='ocrx_word' id='word_1_859' title='bbox 2641 4410 2875 4481; x_wconf 85' lang='grc' dir='ltr'>μάλιστα</span> <span class='ocrx_word' id='word_1_860' title='bbox 2909 4412 2938 4480; x_wconf 87' lang='grc' dir='ltr'>ή</span> <span class='ocrx_word' id='word_1_861' title='bbox 2967 4410 3155 4482; x_wconf 86' lang='grc' dir='ltr'>ἀγάπη</span> <span class='ocrx_word' id='word_1_862' title='bbox 3188 4412 3449 4482; x_wconf 90' lang='grc' dir='ltr'>κέκτηται</span> <span class='ocrx_word' id='word_1_863' title='bbox 3467 4426 3483 4442; x_wconf 82' lang='grc'><strong><em>⁸</em></strong></span> 
     </span>
    </p>
   </div>
   <div class='ocr_carea' id='block_1_116' title="bbox 1907 4493 3481 4564">
    <p class='ocr_par' dir='ltr' id='par_1_116' title="bbox 1907 4493 3481 4564">
     <span class='ocr_line' id='line_1_116' title="bbox 1907 4493 3481 4564; baseline 0.001 -18"><span class='ocrx_word' id='word_1_864' title='bbox 1907 4493 2046 4564; x_wconf 86' lang='grc' dir='ltr'>μετά</span> <span class='ocrx_word' id='word_1_865' title='bbox 2087 4494 2188 4564; x_wconf 86' lang='grc' dir='ltr'>τῆς</span> <span class='ocrx_word' id='word_1_866' title='bbox 2221 4493 2486 4562; x_wconf 82' lang='grc' dir='ltr'>ὠφελείας</span> <span class='ocrx_word' id='word_1_867' title='bbox 2535 4494 2629 4546; x_wconf 69' lang='grc' dir='ltr'>καὶ</span> <span class='ocrx_word' id='word_1_868' title='bbox 2675 4493 2736 4545; x_wconf 85' lang='grc' dir='ltr'>τὸ</span> <span class='ocrx_word' id='word_1_869' title='bbox 2790 4494 2985 4564; x_wconf 77' lang='grc' dir='ltr'>ῥᾷστον</span> <span class='ocrx_word' id='word_1_870' title='bbox 3033 4493 3166 4564; x_wconf 77' lang='grc' dir='ltr'>ἔχει,</span> <span class='ocrx_word' id='word_1_871' title='bbox 3221 4494 3316 4546; x_wconf 75' lang='grc' dir='ltr'>καὶ</span> <span class='ocrx_word' id='word_1_872' title='bbox 3363 4494 3481 4563; x_wconf 88' lang='grc' dir='ltr'>ήδύ.</span> 
     </span>
    </p>
   </div>
   <div class='ocr_carea' id='block_1_117' title="bbox 1903 4577 3483 4650">
    <p class='ocr_par' dir='ltr' id='par_1_117' title="bbox 1903 4577 3483 4650">
     <span class='ocr_line' id='line_1_117' title="bbox 1903 4577 3483 4650; baseline 0 -20"><span class='ocrx_word' id='word_1_873' title='bbox 1903 4577 2118 4647; x_wconf 82' lang='grc' dir='ltr'>Ταύτην</span> <span class='ocrx_word' id='word_1_874' title='bbox 2162 4577 2294 4646; x_wconf 86' lang='grc' dir='ltr'>γοῦν</span> <span class='ocrx_word' id='word_1_875' title='bbox 2327 4580 2419 4631; x_wconf 71' lang='grc' dir='ltr'>καὶ</span> <span class='ocrx_word' id='word_1_876' title='bbox 2461 4578 2694 4631; x_wconf 80' lang='grc' dir='ltr'>ἐνταῦθα</span> <span class='ocrx_word' id='word_1_877' title='bbox 2736 4579 2979 4648; x_wconf 89' lang='grc' dir='ltr'>ἀνυμνεῖ.</span> <span class='ocrx_word' id='word_1_878' title='bbox 3012 4580 3084 4632; x_wconf 88' lang='grc' dir='ltr'>Οὐ</span> <span class='ocrx_word' id='word_1_879' title='bbox 3137 4580 3245 4650; x_wconf 79' lang='grc' dir='ltr'>γὰρ</span> <span class='ocrx_word' id='word_1_880' title='bbox 3298 4580 3483 4643; x_wconf 87' lang='grc' dir='ltr'>ἀπλῶς</span> 
     </span>
    </p>
   </div>
   <div class='ocr_carea' id='block_1_118' title="bbox 1901 4657 3476 4733">
    <p class='ocr_par' dir='ltr' id='par_1_118' title="bbox 1901 4657 3476 4733">
     <span class='ocr_line' id='line_1_118' title="bbox 1901 4657 3476 4733; baseline 0.002 -21"><span class='ocrx_word' id='word_1_881' title='bbox 1901 4660 1998 4730; x_wconf 80' lang='grc' dir='ltr'>τὴν</span> <span class='ocrx_word' id='word_1_882' title='bbox 2032 4661 2243 4729; x_wconf 84' lang='grc' dir='ltr'>οἴκησιν</span> <span class='ocrx_word' id='word_1_883' title='bbox 2279 4657 2448 4724; x_wconf 85' lang='grc' dir='ltr'>εἶπεν,</span> <span class='ocrx_word' id='word_1_884' title='bbox 2479 4660 2598 4714; x_wconf 83' lang='grc' dir='ltr'>οὐδὲ</span> <span class='ocrx_word' id='word_1_885' title='bbox 2643 4659 2722 4730; x_wconf 81' lang='grc' dir='ltr'>τῷ</span> <span class='ocrx_word' id='word_1_886' title='bbox 2768 4661 2848 4714; x_wconf 72' lang='grc' dir='ltr'>ἐνὶ</span> <span class='ocrx_word' id='word_1_887' title='bbox 2883 4661 3200 4731; x_wconf 84' lang='grc' dir='ltr'>συνέχεσθαι</span> <span class='ocrx_word' id='word_1_888' title='bbox 3233 4663 3476 4733; x_wconf 75' lang='grc' dir='ltr'>οἰκίσκῳ,</span> 
     </span>
    </p>
   </div>
   <div class='ocr_carea' id='block_1_119' title="bbox 1901 4744 3480 4817">
    <p class='ocr_par' dir='ltr' id='par_1_119' title="bbox 1901 4744 3480 4817">
     <span class='ocr_line' id='line_1_119' title="bbox 1901 4744 3480 4817; baseline 0 -20"><span class='ocrx_word' id='word_1_889' title='bbox 1901 4744 2015 4797; x_wconf 81' lang='grc' dir='ltr'>ἀλλ’</span> <span class='ocrx_word' id='word_1_890' title='bbox 2038 4745 2128 4797; x_wconf 80' lang='grc' dir='ltr'>ἐπὶ</span> <span class='ocrx_word' id='word_1_891' title='bbox 2154 4746 2216 4798; x_wconf 87' lang='grc' dir='ltr'>τὸ</span> <span class='ocrx_word' id='word_1_892' title='bbox 2243 4747 2375 4798; x_wconf 81' lang='grc' dir='ltr'>αὐτὸ</span> <span class='ocrx_word' id='word_1_893' title='bbox 2398 4747 2690 4810; x_wconf 81' lang='grc' dir='ltr'>κατοικεῖν,</span> <span class='ocrx_word' id='word_1_894' title='bbox 2722 4745 2986 4811; x_wconf 87' lang='grc' dir='ltr'>τουτέστι,</span> <span class='ocrx_word' id='word_1_895' title='bbox 3014 4745 3151 4816; x_wconf 80' lang='grc' dir='ltr'>μετὰ</span> <span class='ocrx_word' id='word_1_896' title='bbox 3173 4747 3480 4817; x_wconf 83' lang='grc' dir='ltr'>ὁμοφωνίας</span> 
     </span>
    </p>
   </div>
   <div class='ocr_carea' id='block_1_120' title="bbox 1902 4823 3478 4900">
    <p class='ocr_par' dir='ltr' id='par_1_120' title="bbox 1902 4823 3478 4900">
     <span class='ocr_line' id='line_1_120' title="bbox 1902 4823 3478 4900; baseline 0.001 -20"><span class='ocrx_word' id='word_1_897' title='bbox 1902 4829 1994 4880; x_wconf 76' lang='grc' dir='ltr'>καὶ</span> <span class='ocrx_word' id='word_1_898' title='bbox 2025 4829 2273 4900; x_wconf 86' lang='grc' dir='ltr'>ἀγάπης·</span> <span class='ocrx_word' id='word_1_899' title='bbox 2304 4827 2463 4881; x_wconf 86' lang='grc' dir='ltr'>τοῦτο</span> <span class='ocrx_word' id='word_1_900' title='bbox 2487 4829 2594 4896; x_wconf 77' lang='grc' dir='ltr'>γὰρ</span> <span class='ocrx_word' id='word_1_901' title='bbox 2619 4831 2764 4881; x_wconf 83' lang='grc' dir='ltr'>ποιεῖ</span> <span class='ocrx_word' id='word_1_902' title='bbox 2791 4829 2968 4898; x_wconf 71' lang='grc' dir='ltr'>ψυχήν</span> <span class='ocrx_word' id='word_1_903' title='bbox 3008 4823 3146 4882; x_wconf 76' lang='grc' dir='ltr'>εἶναι</span> <span class='ocrx_word' id='word_1_904' title='bbox 3181 4833 3328 4900; x_wconf 86' lang='grc' dir='ltr'>μίαν.</span> <span class='ocrx_word' id='word_1_905' title='bbox 3347 4824 3478 4881; x_wconf 81' lang='grc' dir='ltr'>Εἶτα</span> 
     </span>
    </p>
   </div>
   <div class='ocr_carea' id='block_1_121' title="bbox 1900 4909 3478 4983">
    <p class='ocr_par' dir='ltr' id='par_1_121' title="bbox 1900 4909 3478 4983">
     <span class='ocr_line' id='line_1_121' title="bbox 1900 4909 3478 4983; baseline 0 -21"><span class='ocrx_word' id='word_1_906' title='bbox 1900 4909 2070 4963; x_wconf 82' lang='grc' dir='ltr'>εἰπὼν</span> <span class='ocrx_word' id='word_1_907' title='bbox 2102 4911 2266 4964; x_wconf 87' lang='grc' dir='ltr'>καλὸν</span> <span class='ocrx_word' id='word_1_908' title='bbox 2291 4911 2385 4965; x_wconf 68' lang='grc' dir='ltr'>καὶ</span> <span class='ocrx_word' id='word_1_909' title='bbox 2413 4912 2664 4982; x_wconf 75' lang='grc' dir='ltr'>τερπνὸν,</span> <span class='ocrx_word' id='word_1_910' title='bbox 2708 4911 3039 4983; x_wconf 84' lang='grc' dir='ltr'>σαφέστερον</span> <span class='ocrx_word' id='word_1_911' title='bbox 3069 4912 3237 4965; x_wconf 87' lang='grc' dir='ltr'>ποιῶν</span> <span class='ocrx_word' id='word_1_912' title='bbox 3272 4912 3363 4963; x_wconf 84' lang='grc' dir='ltr'>τὸν</span> <span class='ocrx_word' id='word_1_913' title='bbox 3391 4910 3478 4962; x_wconf 88' lang='grc' dir='ltr'>λό-</span> 
     </span>
    </p>
   </div>
   <div class='ocr_carea' id='block_1_122' title="bbox 1899 4993 3474 5065">
    <p class='ocr_par' dir='ltr' id='par_1_122' title="bbox 1899 4993 3474 5065">
     <span class='ocr_line' id='line_1_122' title="bbox 1899 4993 3474 5065; baseline -0.001 -19"><span class='ocrx_word' id='word_1_914' title='bbox 1899 5010 2014 5062; x_wconf 91' lang='grc' dir='ltr'>γον,</span> <span class='ocrx_word' id='word_1_915' title='bbox 2053 4996 2144 5048; x_wconf 77' lang='grc' dir='ltr'>καὶ</span> <span class='ocrx_word' id='word_1_916' title='bbox 2176 4996 2257 5059; x_wconf 89' lang='grc' dir='ltr'>είς</span> <span class='ocrx_word' id='word_1_917' title='bbox 2296 4993 2644 5065; x_wconf 80' lang='grc' dir='ltr'>παράδειγμα</span> <span class='ocrx_word' id='word_1_918' title='bbox 2681 4994 2901 5065; x_wconf 83' lang='grc' dir='ltr'>ἐκφέρει</span> <span class='ocrx_word' id='word_1_919' title='bbox 2941 4994 3002 5047; x_wconf 84' lang='grc' dir='ltr'>τὸ</span> <span class='ocrx_word' id='word_1_920' title='bbox 3045 4994 3352 5065; x_wconf 81' lang='grc' dir='ltr'>εἰρημένον,</span> <span class='ocrx_word' id='word_1_921' title='bbox 3383 4995 3474 5046; x_wconf 80' lang='grc' dir='ltr'>καὶ</span> 
     </span>
    </p>
   </div>
   <div class='ocr_carea' id='block_1_123' title="bbox 1902 5077 3474 5148">
    <p class='ocr_par' dir='ltr' id='par_1_123' title="bbox 1902 5077 3474 5148">
     <span class='ocr_line' id='line_1_123' title="bbox 1902 5077 3474 5148; baseline -0.001 -20"><span class='ocrx_word' id='word_1_922' title='bbox 1902 5077 2219 5147; x_wconf 80' lang='grc' dir='ltr'>σωματικὰς</span> <span class='ocrx_word' id='word_1_923' title='bbox 2271 5079 2483 5140; x_wconf 82' lang='grc' dir='ltr'>εἰκόνας</span> <span class='ocrx_word' id='word_1_924' title='bbox 2530 5077 2731 5147; x_wconf 82' lang='grc' dir='ltr'>τίθησι,</span> <span class='ocrx_word' id='word_1_925' title='bbox 2781 5077 3087 5148; x_wconf 85' lang='grc' dir='ltr'>δυναμένας</span> <span class='ocrx_word' id='word_1_926' title='bbox 3138 5077 3474 5146; x_wconf 86' lang='grc' dir='ltr'>σαφεστέραν</span> 
     </span>
    </p>
   </div>
   <div class='ocr_carea' id='block_1_124' title="bbox 1897 5159 3473 5231">
    <p class='ocr_par' dir='ltr' id='par_1_124' title="bbox 1897 5159 3473 5231">
     <span class='ocr_line' id='line_1_124' title="bbox 1897 5159 3473 5231; baseline 0.001 -20"><span class='ocrx_word' id='word_1_927' title='bbox 1897 5159 1975 5229; x_wconf 84' lang='grc' dir='ltr'>τῷ</span> <span class='ocrx_word' id='word_1_928' title='bbox 2013 5161 2254 5231; x_wconf 84' lang='grc' dir='ltr'>ἀκροατῇ</span> <span class='ocrx_word' id='word_1_929' title='bbox 2295 5160 2640 5230; x_wconf 81' lang='grc' dir='ltr'>παραστῆσαι</span> <span class='ocrx_word' id='word_1_930' title='bbox 2667 5159 2765 5229; x_wconf 83' lang='grc' dir='ltr'>τὴν</span> <span class='ocrx_word' id='word_1_931' title='bbox 2790 5159 2932 5225; x_wconf 75' lang='grc' dir='ltr'>ὄψιν.</span> <span class='ocrx_word' id='word_1_932' title='bbox 2971 5160 3126 5222; x_wconf 86' lang='grc' dir='ltr'>Τίνες</span> <span class='ocrx_word' id='word_1_933' title='bbox 3160 5159 3215 5210; x_wconf 89' lang='grc' dir='ltr'>δέ</span> <span class='ocrx_word' id='word_1_934' title='bbox 3246 5161 3384 5211; x_wconf 73' lang='grc' dir='ltr'>εἰσιν</span> <span class='ocrx_word' id='word_1_935' title='bbox 3418 5161 3473 5213; x_wconf 82' lang='grc' dir='ltr'>αί</span> 
     </span>
    </p>
   </div>
   <div class='ocr_carea' id='block_1_125' title="bbox 1899 5239 3474 5315">
    <p class='ocr_par' dir='ltr' id='par_1_125' title="bbox 1899 5239 3474 5315">
     <span class='ocr_line' id='line_1_125' title="bbox 1899 5239 3474 5315; baseline -0.003 -20"><span class='ocrx_word' id='word_1_936' title='bbox 1899 5243 2102 5307; x_wconf 81' lang='grc' dir='ltr'>εἰκόνες</span> <span class='ocrx_word' id='word_1_937' title='bbox 2133 5244 2234 5315; x_wconf 82' lang='grc' dir='ltr'>ὅρα</span> <span class='ocrx_word' id='word_1_938' title='bbox 2261 5245 2304 5296; x_wconf 82' lang='grc' dir='ltr'>ί.</span> <span class='ocrx_word' id='word_1_939' title='bbox 2338 5243 2430 5307; x_wconf 84' lang='grc' dir='ltr'>Ὠς</span> <span class='ocrx_word' id='word_1_940' title='bbox 2446 5243 2638 5311; x_wconf 87' lang='grc' dir='ltr'>μύρον</span> <span class='ocrx_word' id='word_1_941' title='bbox 2667 5242 2764 5294; x_wconf 80' lang='grc' dir='ltr'>ἐπὶ</span> <span class='ocrx_word' id='word_1_942' title='bbox 2793 5240 3082 5310; x_wconf 61' lang='grc' dir='ltr'>κεφαλῆς,</span> <span class='ocrx_word' id='word_1_943' title='bbox 3103 5239 3167 5292; x_wconf 84' lang='grc' dir='ltr'>τὸ</span> <span class='ocrx_word' id='word_1_944' title='bbox 3197 5241 3474 5293; x_wconf 76' lang='grc' dir='ltr'>καταϐαῖ-</span> 
     </span>
    </p>
   </div>
   <div class='ocr_carea' id='block_1_126' title="bbox 1896 5321 3472 5394">
    <p class='ocr_par' dir='ltr' id='par_1_126' title="bbox 1896 5321 3472 5394">
     <span class='ocr_line' id='line_1_126' title="bbox 1896 5321 3472 5394; baseline -0.001 -16"><span class='ocrx_word' id='word_1_945' title='bbox 1896 5342 2008 5379; x_wconf 83' lang='grc' dir='ltr'>νον</span> <span class='ocrx_word' id='word_1_946' title='bbox 2038 5326 2136 5378; x_wconf 82' lang='grc' dir='ltr'>ἐπὶ</span> <span class='ocrx_word' id='word_1_947' title='bbox 2161 5326 2267 5381; x_wconf 80' lang='grc' dir='ltr'>τὸν</span> <span class='ocrx_word' id='word_1_948' title='bbox 2286 5326 2554 5394; x_wconf 77' lang='grc' dir='ltr'>πώγωνα,</span> <span class='ocrx_word' id='word_1_949' title='bbox 2587 5326 2694 5376; x_wconf 67' lang='grc' dir='ltr'>τεν</span> <span class='ocrx_word' id='word_1_950' title='bbox 2730 5324 2980 5394; x_wconf 77' lang='grc' dir='ltr'>πώγωνα</span> <span class='ocrx_word' id='word_1_951' title='bbox 3007 5323 3114 5376; x_wconf 84' lang='grc' dir='ltr'>τὸν</span> <span class='ocrx_word' id='word_1_952' title='bbox 3143 5321 3377 5390; x_wconf 79' lang='grc' dir='ltr'>Ἀαρὼν,</span> <span class='ocrx_word' id='word_1_953' title='bbox 3403 5322 3472 5378; x_wconf 77' lang='grc' dir='ltr'>τὸ</span> 
     </span>
    </p>
   </div>
   <div class='ocr_carea' id='block_1_127' title="bbox 1896 5407 3467 5477">
    <p class='ocr_par' dir='ltr' id='par_1_127' title="bbox 1896 5407 3467 5477">
     <span class='ocr_line' id='line_1_127' title="bbox 1896 5407 3467 5477; baseline -0.003 -14"><span class='ocrx_word' id='word_1_954' title='bbox 1896 5409 2252 5463; x_wconf 81' lang='grc' dir='ltr'>καταϐαῖνον</span> <span class='ocrx_word' id='word_1_955' title='bbox 2290 5409 2386 5462; x_wconf 77' lang='grc' dir='ltr'>ἐπὶ</span> <span class='ocrx_word' id='word_1_956' title='bbox 2433 5409 2548 5477; x_wconf 78' lang='grc' dir='ltr'>τὴν</span> <span class='ocrx_word' id='word_1_957' title='bbox 2578 5407 2703 5470; x_wconf 82' lang='grc' dir='ltr'>ᾠαν</span> <span class='ocrx_word' id='word_1_958' title='bbox 2743 5407 2850 5461; x_wconf 87' lang='grc' dir='ltr'>τοῦ</span> <span class='ocrx_word' id='word_1_959' title='bbox 2893 5407 3223 5476; x_wconf 83' lang='grc' dir='ltr'>ἐνδύματος</span> <span class='ocrx_word' id='word_1_960' title='bbox 3263 5408 3467 5462; x_wconf 69' lang='grc' dir='ltr'>αὐτοῦ.</span> 
     </span>
    </p>
   </div>
   <div class='ocr_carea' id='block_1_128' title="bbox 1963 5602 3192 5666">
    <p class='ocr_par' dir='ltr' id='par_1_128' title="bbox 1963 5602 3192 5666">
     <span class='ocr_line' id='line_1_128' title="bbox 1963 5602 3192 5666; baseline -0.001 -13"><span class='ocrx_word' id='word_1_961' title='bbox 1963 5604 1980 5642; x_wconf 75' lang='grc' dir='ltr'><strong><em>ΐ</em></strong></span> <span class='ocrx_word' id='word_1_962' title='bbox 2005 5605 2117 5653; x_wconf 86' lang='lat' dir='ltr'>Sav.</span> <span class='ocrx_word' id='word_1_963' title='bbox 2152 5603 2206 5666; x_wconf 76' lang='grc' dir='ltr'>τὸ</span> <span class='ocrx_word' id='word_1_964' title='bbox 2228 5602 2442 5666; x_wconf 80' lang='grc' dir='ltr'>ἀγίασμά</span> <span class='ocrx_word' id='word_1_965' title='bbox 2467 5620 2577 5666; x_wconf 74' lang='grc' dir='ltr'>μου,</span> <span class='ocrx_word' id='word_1_966' title='bbox 2599 5603 2840 5666; x_wconf 81' lang='grc' dir='ltr'>τουτέστιν</span> <span class='ocrx_word' id='word_1_967' title='bbox 2866 5604 2941 5652; x_wconf 83' lang='grc' dir='ltr'>ἐπὶ</span> <span class='ocrx_word' id='word_1_968' title='bbox 2961 5605 3042 5652; x_wconf 86' lang='grc' dir='ltr'>τὸν</span> <span class='ocrx_word' id='word_1_969' title='bbox 3062 5605 3192 5654; x_wconf 86' lang='grc' dir='ltr'>λαόν.</span> 
     </span>
    </p>
   </div>
   <div class='ocr_carea' id='block_1_129' title="bbox 1958 5665 2996 5728">
    <p class='ocr_par' dir='ltr' id='par_1_129' title="bbox 1958 5665 2996 5728">
     <span class='ocr_line' id='line_1_129' title="bbox 1958 5665 2996 5728; baseline 0.002 -16"><span class='ocrx_word' id='word_1_970' title='bbox 1958 5669 1982 5728; x_wconf 62' lang='grc' dir='ltr'>β</span> <span class='ocrx_word' id='word_1_971' title='bbox 2009 5665 2292 5728; x_wconf 65' lang='lat' dir='ltr'>Legelgdum</span> <span class='ocrx_word' id='word_1_972' title='bbox 2312 5666 2506 5728; x_wconf 74' lang='lat' dir='ltr'>videtur</span> <span class='ocrx_word' id='word_1_973' title='bbox 2531 5665 2640 5728; x_wconf 77' lang='grc' dir='ltr'>οὐδὲ</span> <span class='ocrx_word' id='word_1_974' title='bbox 2672 5666 2761 5728; x_wconf 85' lang='grc' dir='ltr'>χρὴ</span> <span class='ocrx_word' id='word_1_975' title='bbox 2789 5667 2996 5721; x_wconf 86' lang='grc' dir='ltr'>ταύταις.</span> 
     </span>
    </p>
   </div>
   <div class='ocr_carea' id='block_1_130' title="bbox 1957 5725 3464 5788">
    <p class='ocr_par' dir='ltr' id='par_1_130' title="bbox 1957 5725 3464 5788">
     <span class='ocr_line' id='line_1_130' title="bbox 1957 5725 3464 5788; baseline 0.006 -15"><span class='ocrx_word' id='word_1_976' title='bbox 1957 5727 1984 5764; x_wconf 76' lang='grc'>³·</span> <span class='ocrx_word' id='word_1_977' title='bbox 2007 5728 2102 5774; x_wconf 78' lang='lat' dir='ltr'>Alii</span> <span class='ocrx_word' id='word_1_978' title='bbox 2121 5725 2215 5788; x_wconf 85' lang='grc' dir='ltr'>οὐκ</span> <span class='ocrx_word' id='word_1_979' title='bbox 2235 5728 2351 5788; x_wconf 80' lang='grc' dir='ltr'>ἔχει,</span> <span class='ocrx_word' id='word_1_980' title='bbox 2375 5727 2536 5788; x_wconf 80' lang='grc' dir='ltr'>ὥσπερ</span> <span class='ocrx_word' id='word_1_981' title='bbox 2559 5725 2716 5788; x_wconf 50' lang='grc' dir='ltr'>ἕτερα-⁷</span> <span class='ocrx_word' id='word_1_982' title='bbox 2737 5734 2785 5775; x_wconf 76' lang='lat' dir='ltr'>et</span> <span class='ocrx_word' id='word_1_983' title='bbox 2808 5741 2918 5788; x_wconf 77' lang='lat' dir='ltr'>mox</span> <span class='ocrx_word' id='word_1_984' title='bbox 2940 5726 3025 5776; x_wconf 82' lang='grc' dir='ltr'>τοῦ</span> <span class='ocrx_word' id='word_1_985' title='bbox 3047 5728 3197 5778; x_wconf 80' lang='grc' dir='ltr'>καλοῦ</span> <span class='ocrx_word' id='word_1_986' title='bbox 3223 5731 3273 5778; x_wconf 82' lang='grc' dir='ltr'>δὲ</span> <span class='ocrx_word' id='word_1_987' title='bbox 3292 5731 3464 5782; x_wconf 64' lang='lat' dir='ltr'>ineat.</span> 
     </span>
    </p>
   </div>
   <div class='ocr_carea' id='block_1_131' title="bbox 1963 5787 3346 5855">
    <p class='ocr_par' dir='ltr' id='par_1_131' title="bbox 1963 5787 3346 5855">
     <span class='ocr_line' id='line_1_131' title="bbox 1963 5787 3346 5855; baseline 0.005 -19"><span class='ocrx_word' id='word_1_988' title='bbox 1963 5789 1978 5828; x_wconf 84' lang='lat' dir='ltr'>i</span> <span class='ocrx_word' id='word_1_989' title='bbox 2009 5789 2090 5837; x_wconf 86' lang='lat' dir='ltr'>Sic</span> <span class='ocrx_word' id='word_1_990' title='bbox 2108 5787 2220 5837; x_wconf 84' lang='lat' dir='ltr'>Sav.</span> <span class='ocrx_word' id='word_1_991' title='bbox 2246 5787 2392 5847; x_wconf 66' lang='lat' dir='ltr'>alque</span> <span class='ocrx_word' id='word_1_992' title='bbox 2417 5789 2479 5834; x_wconf 77' lang='lat' dir='ltr'>ila</span> <span class='ocrx_word' id='word_1_993' title='bbox 2510 5787 2832 5850; x_wconf 41' lang='lat' dir='ltr'>legil’inlerp.</span> <span class='ocrx_word' id='word_1_994' title='bbox 2861 5787 2913 5838; x_wconf 83' lang='lat' dir='ltr'>In</span> <span class='ocrx_word' id='word_1_995' title='bbox 2935 5787 3052 5841; x_wconf 80' lang='lat' dir='ltr'>Mor.</span> <span class='ocrx_word' id='word_1_996' title='bbox 3077 5800 3165 5855; x_wconf 81' lang='grc' dir='ltr'>ορα</span> <span class='ocrx_word' id='word_1_997' title='bbox 3187 5794 3346 5843; x_wconf 70' lang='lat' dir='ltr'>deest.</span> 
     </span>
    </p>
   </div>
  </div>
