4088 6274
349 354 455 406 58ἴί

346 482 470 520 cum
496 472 638 519 esset
671 457 926 532 pontifex,
949 458 1239 528 ungebatur
1267 456 1366 509 hoc
1393 465 1681 525 unguento,
1705 463 1755 506 et
1777 451 1931 506 undi-

345 574 451 628 que
478 553 771 609 distillahat
799 569 812 606 :
842 560 958 605 eral.
994 559 1170 603 autem
1216 546 1370 602 valde
1415 554 1618 615 gratus,
1647 543 1929 614 jucundus,

347 656 400 702 et
423 644 663 699 amabilis
685 643 750 697 iis
777 641 866 712 qui
898 656 1021 698 eum
1046 639 1313 703 videbant,
1330 647 1544 709 propter
1569 634 1705 690 hanc
1729 633 1934 688 unctio-

353 751 494 790 nem.
539 733 992 805 Quemadmodum
1038 747 1165 802 ergo
1194 731 1300 797 ille,
1344 728 1554 799 inquit,
1602 736 1792 781 unctus
1832 724 1933 780 hoc

348 835 653 899 unguento,
698 835 781 880 est
826 824 926 877 hoc
963 823 1140 877 habitu
1184 822 1442 885 dewrus,
1475 820 1618 873 vultu
1667 818 1850 882 Ianus,
1879 825 1932 871 et

345 917 510 972 multa
538 917 771 985 repletus
800 913 1105 984 fragrantia,
1145 913 1472 984 gratiamque
1501 909 1699 979 praebet
1743 909 1929 960 viden-

346 1008 487 1064 tibus
516 1009 685 1062 oculis
707 1026 718 1060 :
743 1008 811 1061 ita
828 1007 987 1061 etiam
1022 1006 1123 1059 hoc
1152 1005 1430 1074 pulchrum
1460 1012 1541 1056 est
1565 1019 1579 1065 ;
1604 1012 1655 1055 et
1677 999 1931 1070 quemad-

344 1099 562 1155 modum
603 1098 729 1152 illud
771 1097 1129 1167 spectaculum
1171 1111 1274 1149 non
1321 1094 1493 1147 solum
1536 1102 1617 1147 est
1661 1093 1774 1144 visu
1812 1091 1922 1161 pul-

343 1190 565 1257 chrum,
619 1190 713 1244 sed
762 1190 919 1243 etiam
968 1187 1197 1241 delectat
1244 1184 1428 1238 oculos
1457 1203 1470 1236 :
1501 1184 1569 1237 ita
1618 1183 1778 1237 etiam
1829 1181 1928 1234 hoc

344 1280 495 1334 affert
531 1280 860 1348 voluptatem
901 1280 1112 1333 animm.
1139 1278 1190 1330 4.
1227 1275 1371 1344 Sicut
1412 1291 1495 1328 ros
1541 1273 1796 1335 Heruteu,
1842 1272 1926 1340 qui

342 1371 593 1426 descendit
613 1371 666 1422 in
687 1379 903 1423 montem
950 1363 1099 1422 Sion.
1146 1365 1379 1421 Adduxit
1420 1369 1576 1418 etiam
1621 1363 1924 1416 similitudi-

340 1479 486 1528 nem,
513 1479 632 1533 qum
679 1462 895 1515 multam
942 1460 1102 1514 habet
1136 1457 1541 1528 iucunditatem,
1565 1465 1615 1509 et
1640 1453 1921 1522 spectatori

341 1555 546 1623 praebet
572 1552 1002 1609 delatationem.
1030 1549 1152 1603 Haec
1175 1559 1351 1602 autem
1379 1561 1482 1603 non
1509 1546 1602 1598 abs
1622 1561 1678 1598 re
1703 1545 1878 1612 posuit
1908 1560 1919 1594 :

338 1647 435 1703 sed
463 1648 707 1716 quoniam
745 1656 867 1701 ante
906 1643 1262 1712 captivitatem
1310 1639 1494 1693 decem
1523 1638 1627 1691 illa:
1676 1637 1842 1690 tribus
1871 1643 1924 1688 et

339 1739 461 1794 dum
490 1738 607 1793 aliae
646 1746 797 1793 erant
838 1736 1113 1806 dispersa,
1137 1747 1199 1786 ac
1227 1730 1432 1793 divisae,
1465 1739 1518 1784 et
1542 1744 1601 1783 ea
1627 1742 1784 1783 causa
1822 1724 1922 1780 fuit

337 1831 521 1884 multre
559 1830 866 1899 iniquitatis,
890 1841 1088 1898 eosque
1115 1825 1182 1880 ad
1211 1823 1520 1888 seditiones,
1552 1820 1920 1876 contentiones

335 1939 391 1983 et
415 1926 548 1982 bella
594 1923 796 1993 impulit
827 1939 840 1974 :
873 1921 987 1975 haec
1025 1936 1091 1974 ne
1120 1918 1309 1972 fierent
1352 1916 1559 1981 suadet,
1590 1921 1645 1968 et
1693 1912 1922 1968 consulit

336 2034 405 2072 ne
433 2016 655 2086 pepulus
681 2013 908 2083 amplius
954 2009 1314 2072 distrahatur;
1346 2005 1440 2060 sed
1488 2004 1646 2059 simul
1695 2002 1916 2067 habitet,

333 2111 399 2164 sit
449 2109 787 2177 conjunctus,
836 2104 1029 2174 unique
1064 2098 1475 2155 administratori
1497 2107 1552 2151 et
1577 2095 1688 2166 regi
1718 2101 1917 2163 pareat,

332 2204 626 2272 caritasque
648 2201 716 2255 ab
755 2199 904 2253 initio
927 2197 990 2250 ad
1023 2195 1178 2250 linem
1206 2208 1370 2263 usque
1396 2191 1621 2257 difﬂuat,
1650 2197 1915 2259 tamquam

332 2309 421 2347 ros
445 2308 632 2348 omnes
655 2289 971 2361 pervadens.
993 2287 1281 2356 Comparat
1307 2295 1484 2338 autem
1512 2283 1787 2336 caritatem
1819 2296 1916 2333 un-

329 2392 527 2455 guento
551 2391 605 2438 et
629 2380 737 2436 rori
769 2398 782 2436 :
816 2396 910 2449 per
931 2378 1061 2439 illud
1099 2376 1314 2447 quidem
1362 2374 1674 2430 suavitatem
1713 2371 1913 2433 odoris,

332 2489 428 2544 per
456 2473 599 2527 hunc
629 2485 757 2527 vero
794 2469 1022 2539 quietem
1053 2476 1105 2522 et
1130 2466 1535 2521 delectationem
1564 2464 1707 2517 visus
1731 2461 1916 2515 volens

328 2566 630 2622 ostendere.
681 2563 932 2632 Quoniam
977 2560 1099 2614 illuc
1124 2558 1380 2612 mandavit
1421 2556 1672 2611 Dominus
1709 2554 1911 2611 benedi-

327 2660 559 2713 ctionem.
605 2655 760 2721 Illuc,
810 2653 1075 2726 quonam?
1103 2652 1159 2707 In
1202 2653 1370 2721 talem,
1408 2650 1808 2717 habitationem,
1860 2650 1911 2704 in

328 2748 484 2803 talem
528 2745 891 2812 concordiam,
920 2745 970 2798 in
1003 2744 1159 2798 talem
1190 2755 1534 2807 consensum,
1563 2741 1616 2795 in
1648 2741 1749 2794 tale
1785 2754 1915 2795 con-

330 2841 653 2895 tubernium.
689 2837 802 2892 Hoc
844 2835 986 2891 enim
1028 2844 1109 2889 est
1156 2833 1476 2895 benedictio,
1517 2832 1653 2886 sicut
1701 2842 1914 2886 contra-

334 2933 474 2986 rium
508 2914 842 2985 maledictio.
889 2926 1147 2995 Quocirca
1189 2924 1291 2979 hoc
1317 2938 1528 2994 quoque
1563 2921 1740 2976 laudat
1769 2925 1913 2991 quis-

332 3023 473 3093 piam
499 3064 515 3089 ,
545 3023 726 3077 dicens
756 3039 771 3075 :
795 3019 1029 3075 Amicitia
1074 3022 1287 3088 fratrum
1312 3059 1327 3083 ,
1355 3026 1402 3073 et
1428 3015 1698 3070 concordia
1741 3016 1911 3083 proxi-

329 3130 546 3179 morum,
573 3123 618 3167 et
642 3114 715 3167 uir
737 3122 782 3166 et
807 3111 985 3165 mulier
1019 3125 1188 3165 secum
1210 3108 1566 3162 consentientes
1596 3105 1779 3177 (Eccli.
1817 3103 1907 3161 25.

326 3205 407 3272 2).
438 3205 502 3259 Et
529 3205 661 3259 alius
698 3202 838 3256 vires
875 3200 992 3270 ejus
1022 3199 1356 3268 aenigmatice
1384 3197 1708 3270 signiﬁcans,
1741 3196 1905 3250 dicit:

327 3296 392 3353 Si
410 3296 509 3350 duo
542 3295 854 3355 dormierint,
890 3295 1029 3346 calor
1071 3293 1164 3345 erit
1194 3288 1338 3359 ipsis,
1368 3304 1415 3344 et
1435 3291 1690 3359 funiculus
1727 3290 1911 3358 triplex

326 3406 428 3441 non
455 3388 606 3458 facile
647 3396 904 3455 rumpetur
936 3382 1129 3455 (Eccle.
1158 3382 1212 3437 4.
1243 3383 1331 3436 iI.
1367 3380 1477 3450 l2).
1510 3380 1640 3435 Nam
1668 3389 1723 3435 et
1757 3380 1906 3434 volu-

329 3488 525 3547 ptatem
574 3476 659 3530 hic
703 3475 954 3538 ostendit,
987 3484 1035 3528 et
1078 3472 1256 3527 vires:
1286 3487 1477 3541 nempe
1516 3471 1910 3541 quiescentibus

325 3584 570 3638 magnam
604 3565 716 3621 fore
736 3567 1081 3633 voluptatem,
1113 3573 1167 3618 ct
1196 3577 1412 3631 magnas
1456 3562 1593 3616 vires
1641 3561 1910 3630 operanti-

325 3661 446 3714 bus.
467 3659 529 3713 Et
560 3673 762 3722 rursus,
817 3656 996 3710 Frater
1017 3674 1047 3708 a
1075 3656 1233 3726 fratre
1273 3654 1500 3722 adiutus,
1544 3662 1614 3707 est
1652 3663 1908 3722 tamquam

324 3737 445 3804 urbs
474 3749 639 3803 valida
670 3747 849 3820 (Prov.
876 3750 961 3803 18.
993 3746 1275 3818 l9).Porro
1301 3744 1543 3798 Christus
1577 3759 1787 3813 quoque
1827 3743 1908 3796 di-

325 3844 421 3909 cit,
449 3841 545 3897 Ubi
572 3842 675 3896 duo
700 3852 785 3895 aut
817 3851 914 3895 tres
945 3839 1233 3911 congregati
1259 3840 1443 3909 fuerint
1468 3837 1520 3890 in
1550 3836 1748 3889 nomine
1775 3852 1902 3898 meo,

324 3934 433 3988 illic
474 3950 584 3987 sum
616 3934 668 3987 in
711 3932 872 3986 medio
910 3948 1084 3986 eorum
1109 3928 1319 4003 (Matth.
1353 3929 1438 3992 18,
1472 3926 1585 4000 20).
1619 3926 1735 3983 Jam
1779 3941 1909 3981 vero

328 4027 443 4097 ipsa
487 4040 700 4096 quoque
743 4023 844 4078 hoc
887 4032 1072 4077 natura
1126 4021 1305 4091 exigit.
1350 4019 1606 4088 Quocirca
1649 4018 1717 4072 ab
1759 4019 1908 4072 initio

329 4118 470 4173 Deus
497 4134 616 4173 cum
647 4116 912 4171 hominem
944 4114 1183 4184 fingeret,
1213 4112 1441 4179 dicebat,
1478 4108 1599 4164 Non
1623 4119 1697 4163 est
1724 4108 1908 4163 bonum

324 4210 577 4264 hominem
606 4225 709 4261 esse
741 4207 901 4261 solum
924 4204 1076 4276 (Gen.
1103 4204 1158 4258 2.
1195 4203 1282 4273 18)
1313 4220 1326 4255 :
1359 4214 1407 4257 et
1435 4217 1556 4255 cum
1587 4200 1783 4255 faceret
1807 4200 1908 4254 hoc

324 4301 541 4367 animal,
575 4301 850 4355 mulierem
887 4298 1120 4368 inquam,
1156 4304 1369 4365 propter
1392 4293 1761 4348 necessitatem
1787 4306 1903 4346 eam

325 4394 443 4449 viro
462 4393 752 4463 colligavit,
775 4391 918 4445 mille
941 4390 1111 4444 modis
1139 4404 1235 4442 nos
1265 4389 1402 4445 inter
1431 4402 1527 4442 nos
1555 4385 1901 4456 conjungens.

326 4485 396 4541 Et
419 4487 568 4541 vitam
593 4500 747 4555 usque
772 4484 825 4537 in
848 4482 1105 4536 siccatum.
1158 4481 1267 4535 Hoc
1295 4479 1516 4549 pulchre
1540 4478 1752 4550 adjecit.
1807 4476 1904 4532 Ubi

325 4581 466 4636 enim
490 4588 573 4634 est
598 4577 832 4642 dilectio,
864 4575 971 4629 illic
997 4585 1078 4627 est
1109 4588 1294 4644 magna
1324 4575 1598 4634 securitas,
1629 4579 1684 4625 et
1721 4568 1904 4638 copio-

325 4686 443 4726 sum
465 4686 495 4724 a
524 4670 633 4726 Deo
663 4669 933 4723 auxilium.
960 4665 1033 4719 Ea
1059 4665 1199 4733 enim
1228 4670 1310 4718 est
1334 4670 1501 4717 mater
1528 4661 1809 4721 bonorum.
1840 4673 1902 4713 ea

323 4773 406 4817 est
455 4761 575 4816 fans
594 4769 649 4814 et
689 4758 867 4826 radix,
893 4771 957 4812 ea
1001 4764 1083 4810 est
1120 4753 1378 4809 bellorum
1422 4751 1660 4818 exitium,
1687 4761 1907 4805 conten-

323 4852 486 4907 tionis
509 4852 770 4910 interitns.
800 4848 1055 4916 Quocirca
1083 4844 1133 4898 id
1163 4842 1485 4914 significans,
1514 4840 1804 4909 subjunxit,
1838 4838 1905 4893 Et

322 4948 475 4999 vitam
499 4959 657 5013 usque
680 4942 732 4996 in
760 4940 1022 4996 naculum.
1048 4934 1503 5006 Quemadmodum
1531 4933 1671 4987 enim
1714 4930 1904 4986 seditio

322 5046 377 5092 et
405 5035 675 5091 contentio
713 5041 935 5087 mortem
965 5030 1121 5099 parit,
1153 5040 1378 5094 eamque
1424 5024 1759 5077 immaturam
1788 5038 1803 5076 :
1832 5022 1901 5076 ita

324 5126 484 5181 etiam
515 5124 729 5181 dilectio
749 5131 803 5178 et
831 5119 1111 5177 consensio
1134 5132 1313 5188 pacem
1336 5125 1390 5169 et
1408 5113 1780 5178 concordiam;
1814 5111 1901 5166 ubi

321 5226 503 5271 autem
545 5224 628 5272 est
668 5230 767 5285 pax
815 5221 868 5268 et
908 5211 1215 5275 concordia,
1264 5207 1366 5260 vita
1415 5212 1497 5260 est
1537 5204 1816 5267 tutissima,
1849 5210 1904 5256 et

321 5311 478 5378 longe
503 5307 859 5362 securissima.
886 5303 950 5357 Et
966 5303 1089 5373 quid
1116 5315 1249 5371 Opus
1274 5308 1358 5354 est
1375 5299 1552 5353 dicere
1585 5296 1861 5366 przesentia
1877 5296 1904 5350 ἲ

319 5399 394 5453 Ea
423 5397 566 5452 enim
594 5396 753 5451 nobis
771 5394 957 5448 caelum
999 5392 1240 5461 largitur,
1262 5397 1319 5444 et
1345 5391 1480 5444 bona
1513 5386 1816 5453 inelfabilia,
1847 5396 1901 5441 et

318 5499 403 5546 est
445 5489 623 5558 regina
659 5486 931 5540 virtutum.
984 5485 1107 5540 llaec
1155 5498 1289 5553 ergo
1317 5497 1440 5536 cum
1490 5481 1739 5543 sciamus,
1780 5493 1900 5533 eam

316 5580 602 5649 diligenter
664 5590 1079 5644 persequamur,
1126 5583 1183 5629 ut
1231 5582 1287 5628 et
1337 5570 1687 5643 praesentibus
1746 5568 1900 5624 bonis

315 5672 336 5723 f
369 5681 580 5731 usu-ur,
614 5670 671 5720 et
693 5661 885 5717 futuris
908 5682 922 5716 .
947 5678 1067 5733 quia:
1105 5664 1261 5719 detur
1299 5663 1451 5719 nobis
1474 5660 1723 5717 omnibus
1747 5672 1896 5713 asse-

312 5763 429 5837 qui,
453 5761 619 5833 gratia
646 5762 703 5811 et
730 5752 1049 5825 benignitate
1081 5752 1289 5809 Domini
1334 5754 1499 5809 nostri
1523 5754 1649 5810 Jcsu
1676 5752 1892 5823 Christi,

1453 340 1811 398 EXPOSI'I‘IO
1853 339 1917 395 ΙΝ
1950 338 2271 395 l‘SALMUM
2309 338 2596 397 CXXXIII.

3522 339 3628 392 386

2040 465 2159 505 cum
2191 465 2295 521 quo
2341 454 2479 505 Patri
2529 449 2696 522 gloria
2741 449 2901 505 simul
2940 464 3060 505 cum
3098 462 3282 507 sancto
3321 454 3544 523 Spiritu,
3572 459 3624 510 in

2037 541 2228 596 smcnla
2261 543 2598 597 seculorum.
2629 544 2819 597 Amen.

2464 653 2527 708 ΙΝ
2554 652 2877 710 PSALMUM
2905 651 3191 709 CXXXIII.

2040 765 2090 819 1.
2126 764 2255 821 Ecce
2274 784 2406 821 nunc
2431 766 2704 821 benedicite
2731 767 3023 834 Dominum,
3046 785 3218 823 omnes
3238 768 3366 824 servi
3396 766 3629 833 Domini,

2441 858 2527 927 qui
2547 858 2690 912 statis
2717 858 2773 911 in
2803 858 2952 913 domo
2980 857 3198 914 Domini.

2105 989 2345 1045 Psahnos
2364 991 2430 1046 de
2456 991 2706 1061 gradibus
2735 990 2821 1046 hic
2850 992 3096 1055 absolvit,
3124 993 3368 1048 oratione
3394 993 3624 1064 pulchro

2033 1080 2138 1135 line
2164 1082 2435 1146 conclusa,
2467 1082 2622 1137 laude
2647 1083 2848 1137 scilicet
2864 1092 2916 1137 et
2947 1083 3333 1138 benedictione.
3361 1084 3619 1139 Vultesso

2034 1173 2123 1228 Dei
2152 1188 2336 1228 servos
2385 1190 2488 1227 non
2527 1175 2698 1227 solum
2740 1173 3092 1244 dogmatibus,
3134 1174 3229 1230 sed
3273 1176 3439 1228 etiam
3461 1188 3620 1230 accu-

2030 1274 2142 1317 rata
2182 1262 2302 1317 vita
2341 1265 2668 1319 institutione
2697 1283 2710 1320 :
2741 1274 2796 1319 et
2834 1266 2953 1320 ideo
2987 1265 3200 1334 adjecit,
3246 1265 3345 1331 Qui
3383 1268 3529 1321 statis
3563 1268 3615 1321 in

2030 1352 2178 1406 domo
2221 1351 2445 1417 Domini,
2483 1355 2535 1407 in
2579 1354 2721 1407 atriis
2758 1354 2938 1408 domus
2968 1354 3060 1408 Dei
3091 1355 3267 1409 nostri.
3299 1355 3431 1410 Eum
3469 1359 3613 1411 enim

2028 1448 2113 1514 qui
2146 1456 2224 1498 est
2272 1446 2507 1513 impurus
2553 1455 2605 1501 et
2642 1446 2915 1516 profanus,
2960 1446 3108 1502 nefas
3156 1459 3238 1502 est
3272 1458 3610 1503 sacrosancta

2028 1546 2176 1606 septa
2214 1536 2435 1605 ingredi.
2475 1535 2828 1603 Quamobrem
2855 1539 2897 1593 si
2930 1538 3049 1607 quis
3092 1537 3393 1607 dignus'est
3416 1540 3507 1609 qui
3534 1542 3613 1594 in-

2027 1626 2317 1695 grediatur,
2342 1627 2385 1681 is
2406 1643 2617 1698 quoque
2645 1628 2836 1699 dignus
2862 1637 2943 1684 est
2964 1630 3053 1699 qui
3083 1630 3378 1686 benedicat.
3410 1631 3613 1686 Domus

2025 1718 2168 1773 enim
2216 1719 2307 1773 Dei
2347 1729 2429 1774 est
2470 1721 2600 1775 caelo
2623 1721 2812 1775 similis
2838 1737 2853 1776 :
2876 1731 2929 1776 et
2954 1723 3396 1791 quemadmodum
3423 1739 3488 1778 ex
3513 1723 3609 1777 ad-

2026 1808 2273 1862 versariis
2318 1811 2664 1880 potestatibus
2707 1811 2904 1866 nullam
2930 1811 3010 1867 fas
3032 1822 3112 1867 est
3140 1812 3264 1867 illuc
3288 1812 3509 1881 intrare,
3538 1814 3609 1868 ita

2026 1916 2124 1956 nec
2146 1902 2196 1956 in
2229 1902 2444 1956 domum
2476 1902 2587 1958 Dei.
3346 1926 3351 1927 ί

2098 1995 2352 2058 Quantam
2394 1994 2617 2063 requirat
2651 1996 2966 2049 sanctitatem
2995 1992 3332 2050 Eucharistia:
3360 1996 3610 2064 receptio;

2024 2081 2220 2152 Corpus
2242 2094 2287 2138 et
2314 2085 2522 2155 sanguis
2548 2081 2753 2140 Domini
2770 2086 2823 2140 in
2851 2086 3211 2152 Eucharistia;
3242 2086 3366 2141 Non:
3382 2105 3483 2142 non
3506 2099 3610 2143 tota

2022 2192 2198 2229 somno
2244 2178 2605 2231 consumenda.
2629 2207 2707 2218 —
2729 2177 3040 2245 Considera,
3075 2193 3107 2233 ο
3133 2178 3312 2242 homo,
3353 2187 3605 2250 quantam

2020 2265 2331 2336 dignitatem
2371 2268 2714 2338 assequeris:
2747 2275 2950 2323 etcum
2984 2279 3036 2323 tu
3069 2270 3180 2339 ipse
3222 2284 3432 2339 quoque
3475 2280 3609 2324 tem-

2020 2357 2164 2425 plum
2198 2357 2365 2412 factus
2405 2358 2498 2425 sis,
2528 2370 2722 2429 quanta
2745 2375 2775 2414 a
2805 2367 2857 2414 te
2877 2359 2998 2429 jure
3031 2360 3098 2414 sit
3123 2361 3417 2431 praestanda
3467 2363 3608 2430 puri-

2022 2456 2120 2501 tas.
2164 2446 2442 2514 Quomodo
2487 2462 2664 2504 autem
2710 2449 3018 2506 exhibueris
3058 2453 3375 2520 puritatem?
3402 2453 3456 2508 Si
3483 2468 3602 2507 om-

2021 2552 2139 2592 nem
2187 2540 2378 2594 malam
2420 2540 2791 2611 cogitationem
2839 2542 3126 2610 expuleris,
3156 2542 3198 2597 si
3235 2540 3425 2597 feceris
3453 2553 3511 2597 ut
3536 2544 3603 2597 ad

2020 2624 2214 2683 mentis
2245 2631 2519 2685 castellum
2564 2630 2838 2686 diabolicis
2884 2632 3182 2686 actionibus
3225 2633 3402 2687 nullus
3426 2645 3605 2702 mteat

2019 2720 2214 2787 aditus,
2249 2723 2292 2777 si
2323 2732 2589 2791 tamquam
2619 2724 2668 2777 in
2692 2724 2891 2778 sanctis
2934 2724 3107 2795 adytis
3155 2734 3410 2794 perpetuo
3457 2736 3600 2782 tuum

2017 2810 2251 2865 animum
2278 2826 2526 2868 exornes.
2554 2813 2608 2868 Si
2636 2813 2778 2867 enim
2802 2814 2853 2867 in
2879 2813 3075 2883 templo
3102 2814 3322 2871 Iudaico
3344 2830 3449 2870 non
3476 2815 3600 2871 lice~

2016 2903 2107 2959 hat
2132 2905 2376 2960 omnibus
2402 2907 2642 2975 quemvis
2666 2907 2839 2961 locum
2867 2906 3069 2977 ingredi
3097 2925 3110 2961 :
3142 2908 3237 2964 sed
3265 2919 3415 2963 erant
3436 2910 3600 2964 multa

2015 3004 2070 3051 ct
2092 2998 2238 3051 varia
2265 2996 2592 3061 discrimina,
2617 3007 2670 3052 et
2697 3008 2812 3054 erat
2842 2999 2927 3054 hic
2954 2998 3168 3069 quidem
3196 2999 3343 3054 locus
3383 3003 3594 3070 praesti-

2016 3099 2160 3145 tutus
2203 3092 2500 3163 prOSelytis,
2536 3092 2624 3147 ille
2667 3107 2795 3147 vero
2820 3092 3020 3148 Judteis
3057 3092 3146 3161 qui
3175 3093 3377 3147 fueram
3405 3094 3471 3147 ab
3496 3095 3594 3148 ini-

2013 3183 2109 3248 tio,
2142 3183 2277 3236 alius
2302 3182 2685 3249 sacerdotibus,
2718 3183 2854 3237 alius
2890 3182 3123 3252 pontifici
3151 3182 3270 3248 soli,
3304 3184 3460 3255 idque
3490 3201 3595 3239 non

2012 3288 2244 3344 semper,
2273 3274 2366 3329 sed
2407 3274 2572 3329 semel
2610 3275 2661 3328 in
2706 3288 2849 3330 anno
2879 3276 3084 3345 :cogita
3125 3274 3265 3345 apud
3305 3284 3357 3333 te
3398 3286 3592 3345 quanta

2013 3363 2107 3417 tibi
2136 3363 2412 3419 sanctitate
2437 3378 2571 3434 opus
2609 3364 2697 3428 sit,
2729 3365 2818 3435 qui
2848 3365 2994 3433 signa
3026 3365 3192 3419 multo
3214 3364 3413 3435 majora
3440 3380 3598 3419 acce-

2013 3455 2173 3524 peris,
2200 3470 2357 3525 quam
2382 3471 2501 3524 qua:
2538 3464 2718 3510 sancta
2756 3468 3059 3511 sanctorum
3106 3464 3231 3510 tunc
3268 3460 3591 3525 acceperint.

2011 3544 2191 3616 Neque
2217 3547 2355 3600 enim
2378 3546 2683 3612 Cherubim,
2716 3546 2810 3602 sed
2842 3547 3073 3615 ipsorum
3103 3544 3392 3601 Cherubim
3420 3546 3597 3601 Domi-

2017 3650 2144 3689 num
2177 3634 2341 3690 babes
2385 3635 2789 3702 inhabitantem,
2817 3650 2989 3706 neque
3031 3650 3240 3702 urnam,
3272 3651 3486 3698 manna,
3515 3645 3596 3689 ta-

2012 3723 2165 3779 bulas
2206 3725 2463 3795 lapideas,
2495 3736 2549 3781 et
2573 3727 2774 3799 virgam
2802 3727 3001 3792 Aaron,
3041 3726 3133 3781 sed
3177 3740 3371 3794 corpus
3399 3735 3452 3779 et
3474 3741 3596 3779 san-

2011 3817 2221 3887 guinem
2264 3817 2610 3881 dominicum,
2642 3827 2695 3874 et
2741 3817 2995 3888 Spiritum
3042 3832 3138 3886 pro
3175 3815 3345 3882 litera,
3379 3827 3429 3870 et
3470 3831 3594 3886 gra-

2014 3907 2161 3973 tiam,
2188 3924 2307 3978 qua:
2340 3917 2558 3977 superat
2583 3908 2864 3963 humanam
2890 3908 3284 3979 cogita-tionem,
3315 3916 3369 3961 et
3397 3905 3593 3962 donum

2012 3998 2387 4054 inenarrabile.
2416 3998 2532 4065 Quo
2559 4008 2737 4054 autem
2782 3998 3070 4068 majoribus
3096 3998 3259 4066 signis
3282 4011 3344 4051 ac
3372 3997 3589 4067 symbo-

2014 4089 2080 4144 lis
2104 4098 2158 4145 et
2179 4091 2350 4159 magis
2373 4088 2691 4144 venerandis
2712 4089 2983 4160 mysteriis
3005 4086 3252 4157 dignatus
3271 4099 3350 4149 es,
3382 4100 3451 4140 eo
3478 4102 3592 4139 ma-

2007 4180 2096 4251 jor
2123 4190 2205 4236 est
2223 4195 2253 4234 a
2285 4189 2336 4235 te
2355 4179 2653 4251 pra-stands
2687 4179 2960 4242 sanctitas,
2986 4185 3040 4232 et
3063 4192 3129 4232 eo
3152 4176 3259 4231 eris
3285 4176 3469 4245 majori
3493 4176 3593 4230 ob-

2011 4272 2200 4326 noxius
2227 4269 2506 4341 supplicio,
2537 4269 2583 4325 si
2611 4285 2731 4341 quae
2767 4267 2916 4340 jussa
2940 4276 3065 4322 sunt
3086 4266 3494 4321 transilieris.2.
3523 4264 3590 4321 In

2010 4363 2237 4418 noctibus
2257 4363 2479 4417 satellite
2496 4378 2675 4417 manus
2694 4368 2881 4416 vestras
2899 4360 2953 4415 in
2972 4369 3168 4414 sancta.
3187 4357 3359 4424 Alius,
3384 4358 3592 4414 Sancte.

2010 4455 2175 4519 Alius,
2196 4454 2535 4524 Sanctiﬁcate.
2555 4452 2622 4507 Et
2639 4451 2910 4508 benedicite
2922 4450 3193 4507 Dominum
3208 4449 3303 4522 (a).
3321 4449 3429 4506 Cur
3438 4450 3593 4517 dixit,

2008 4545 2077 4602 In
2106 4546 2370 4601 noctibus!
2393 4546 2602 4601 Docens
2628 4559 2724 4599 nos
2747 4559 2851 4597 non
2881 4558 2999 4599 eam
3046 4550 3210 4597 totam
3233 4556 3422 4596 somno
3457 4556 3591 4595 con-

2011 4636 2322 4691 sumendam
2379 4650 2528 4702 esse,
2573 4634 2967 4704 ostendensque
3017 4632 3259 4704 puriores
3300 4642 3424 4688 tunc
3469 4647 3593 4688 esse

2009 4741 2216 4797 preces,
2247 4726 2457 4797 quando
2481 4736 2535 4781 et
2577 4741 2725 4780 mens
2772 4735 2853 4779 est
2890 4725 3075 4791 levior,
3104 4733 3160 4780 et
3187 4723 3338 4780 nobis
3362 4733 3445 4780 est
3474 4725 3594 4793 plus

2010 4817 2127 4873 etii.
2174 4817 2327 4885 Quod
2376 4817 2421 4872 si
2466 4816 2519 4872 in
2567 4828 2722 4873 nocte
2766 4825 2974 4886 Oportet
2999 4815 3064 4871 ad
3094 4824 3274 4871 sancta
3316 4815 3588 4879 accedere,

2007 4908 2285 4964 considera
2345 4923 2627 4979 quamnam
2685 4915 3042 4979 consequetur
3097 4908 3338 4970 veniam,
3388 4906 3477 4976 qui
3522 4921 3592 4960 ne

2007 5001 2152 5058 domi
2196 5002 2410 5073 quidem
2454 5000 2547 5056 illo
2592 5011 2831 5071 tempore
2870 5014 3053 5071 preces
3087 4997 3275 5053 fundit.
3323 4996 3587 5065 Propheta

2007 5094 2147 5148 enim
2184 5100 2285 5147 tee
2312 5093 2450 5149 lecto
2490 5093 2705 5158 excitat,
2750 5100 2805 5145 et
2847 5090 3058 5145 deducit
3101 5089 3157 5143 in
3186 5087 3459 5156 templum,
3496 5087 3588 5156 ju-

2008 5184 2139 5239 bens
2166 5195 2327 5239 totam
2352 5185 2458 5238 illic
2488 5193 2697 5238 noctem
2724 5196 2883 5252 agere
2913 5197 2927 5235 :
2952 5190 3009 5234 at
3028 5190 3081 5233 tu
3113 5194 3178 5233 ne
3205 5178 3346 5232 domi
3371 5178 3586 5247 quidem

2008 5290 2230 5331 manens
2255 5276 2355 5330 hoc
2376 5274 2521 5330 facis.
2542 5272 2770 5328 Pulchre
2792 5284 2970 5327 autem
2992 5270 3142 5334 dixit,
3163 5268 3369 5331 Sancte,
3389 5267 3587 5323 docens

2007 5383 2127 5424 esse
2171 5365 2428 5421 orandum
2474 5365 2676 5433 absque
2712 5361 2868 5417 malis
2898 5359 3305 5429 cogitationibus
3329 5399 3346 5425 ,
3390 5360 3592 5428 absque

2006 5461 2130 5517 odio
2172 5468 2227 5514 et
2274 5455 2663 5520 malevolentia,
2710 5455 2911 5522 absque
2953 5450 3194 5515 avaritia,
3234 5449 3435 5519 absque
3479 5449 3590 5504 ullo

2006 5551 2111 5607 alio
2130 5546 2388 5620 ejusmodi
2415 5553 2653 5615 peccato,
2680 5542 2823 5614 quod
2852 5540 3005 5597 affert
3029 5540 3221 5595 animae
3247 5542 3485 5596 exitium.
3520 5540 3585 5594 Et

2008 5640 2284 5697 benedicite
2322 5637 2616 5692 Dominum.
2642 5634 2756 5690 IIoc
2778 5643 2862 5689 est
2896 5633 3039 5688 enim
3083 5634 3312 5689 maxime
3356 5633 3589 5705 perfecta

2072 5753 2146 5815 (τι)
2170 5750 2225 5801 ni
2244 5750 2542 5813 interpretes
2568 5747 2653 5811 qui
2673 5746 2772 5799 sint
2791 5750 3062 5810 Ignoratur.
