4018 6268
466 303 566 358 537

466 421 785 486 benedictio,
812 414 1022 487 quando
1063 413 1344 467 verborum
1375 418 1427 464 et
1448 408 1566 461 vita:
1614 404 1771 459 fuerit
1809 415 2038 455 consen-

464 529 579 578 sus,
602 523 655 569 et
687 526 778 580 per
804 523 963 578 opera
992 507 1158 560 Deum
1188 502 1345 572 quite
1365 499 1567 555 creavit
1590 497 1754 567 gloria
1779 493 2038 556 affeceris,

465 615 520 658 ut
559 601 676 654 vult
698 598 1038 669 Evangelimn
1082 595 1264 650 dicens
1293 609 1305 644 :
1330 590 1518 644 Luceat
1557 589 1646 642 tua:
1677 596 1836 640 vestra
1873 598 2042 636 coram

468 693 770 756 hominibus,
794 701 846 744 ut
870 689 1070 743 uideant
1115 700 1266 754 opera
1313 690 1473 734 vestra
1516 680 1665 739 bona,
1697 688 1742 729 et
1764 675 2043 746 gloriﬁcent

467 785 676 839 Putrem
715 793 951 845 vestrum,
973 779 1058 848 qui
1077 785 1146 830 est
1169 778 1220 828 in
1244 774 1378 827 ctelis
1400 770 1608 840 (Matth.
1636 770 1688 822 5.
1725 769 1830 837 l6).
1860 767 1913 821 5.
1945 763 2042 817 Be-

469 876 661 927 ncdicat
691 880 738 925 te
769 870 1010 924 Dominus
1035 884 1098 920 ea:
1127 865 1274 929 Sion,
1301 865 1386 931 qui
1416 861 1529 932 fecit
1555 859 1733 913 cazlum
1763 868 1806 910 et
1835 865 2038 908 terram.

471 967 581 1020 lloc
607 975 706 1028 est,
731 964 787 1018 Si
806 964 920 1016 haec
951 960 1154 1022 feceris,
1177 954 1518 1024 consequeris
1543 965 1753 1021 quoque
1778 947 1868 1002 Dei
1887 947 2043 1001 bene-

469 1058 772 1115 dictionem,
806 1054 847 1106 si
875 1059 1175 1120 pernoctes,
1203 1047 1246 1100 si
1280 1051 1460 1099 sancte
1506 1057 1647 1107 ores,
1677 1041 1720 1092 si
1743 1040 1816 1093 sis
1854 1038 2042 1105 dignus

470 1157 610 1200 stare
638 1146 690 1198 in
734 1144 894 1198 domo
941 1139 1166 1201 Domini,
1197 1137 1243 1192 si
1292 1136 1515 1205 tcipsum
1563 1131 1817 1201 templum
1862 1137 2039 1197 aptuut

471 1237 782 1308 pra-bueris.
817 1235 1099 1303 Postquam
1144 1245 1270 1298 ergo
1295 1243 1356 1282 ca
1379 1243 1479 1297 qua
1520 1224 1750 1294 oportuit
1792 1221 2041 1275 exhorta-

472 1341 614 1380 tione
640 1341 764 1379 usus
795 1333 895 1386 est,
931 1321 1231 1392 precatione
1259 1315 1528 1371 concludit
1571 1313 1885 1367 oralionem.
1932 1309 2044 1363 Hoc

469 1431 550 1472 est
577 1419 717 1473 cnim
757 1415 942 1484 optimi
989 1414 1238 1472 doctoris,
1262 1418 1314 1462 et
1336 1407 1558 1462 consilio
1596 1404 1891 1458 auditorem
1935 1400 2043 1454 eri-

469 1527 613 1579 gere,
640 1520 690 1563 et
721 1508 962 1578 precibus
991 1503 1329 1565 confirmare,
1371 1500 1751 1565 robustumque
1797 1493 2041 1547 reddere.

469 1601 602 1667 Quid
632 1600 728 1653 sibi
761 1597 873 1651 vult
903 1596 1002 1649 hoc
1029 1593 1170 1664 quod
1199 1591 1345 1650 dicit.
1379 1588 1458 1642 Ea:
1483 1586 1649 1642 Sion?
1687 1585 1813 1637 Erat
1839 1583 1914 1636 eis
1945 1597 2043 1635 no-

473 1705 592 1745 men
625 1686 997 1750 desiderabilc,
1044 1683 1286 1750 sacrique
1312 1693 1498 1733 omnes
1521 1677 1653 1729 ritus
1684 1673 1790 1727 illic
1820 1685 2043 1741 perage-

473 1784 697 1836 bantur:
731 1789 785 1834 et
809 1779 930 1832 ideo
973 1785 1216 1845 precatur
1240 1780 1296 1826 ut
1323 1774 1638 1837 recuperent
1681 1764 1910 1834 priorem
1941 1770 2046 1815 sta-

474 1885 582 1926 tum
616 1869 905 1939 religionis,
933 1867 1153 1934 illosque
1183 1876 1360 1916 sacros
1387 1860 1516 1913 ritus
1546 1863 1814 1926 peragant,
1835 1863 1888 1906 et
1913 1853 2048 1907 hanc

473 1971 862 2032 consequantur
883 1956 1321 2013 benedictionem.
1347 1950 1543 2007 Deinde
1569 1965 1662 2005 eos
1681 1946 1965 2002 sustollens
1979 1943 2046 2000 ad

473 2057 658 2109 altiora
707 2055 970 2122 dogmata,
1004 2057 1056 2100 et
1084 2047 1245 2100 Deum
1291 2043 1483 2111 ubique
1529 2055 1648 2096 esse
1689 2037 2044 2104 docens,jns-

474 2147 609 2198 sisse
636 2153 810 2197 autem
838 2141 1088 2211 templum
1118 2135 1364 2191 aedificari
1397 2141 1610 2203 propter
1639 2130 1846 2184 illorum
1883 2129 2046 2182 imbe-

474 2235 765 2298 cillitatem,
787 2241 838 2286 et
863 2239 1112 2299 Oporterc
1136 2243 1255 2282 cum
1283 2225 1513 2295 undique
1538 2224 1804 2287 invocare,
1823 2219 2046 2290 subjun-

476 2326 569 2388 xit,
610 2325 705 2389 Qui
730 2324 843 2395 fecit
864 2321 1041 2376 ctelum
1065 2330 1107 2373 et
1134 2329 1337 2372 terram.

546 2417 728 2470 Preces
773 2417 950 2484 ubique
979 2411 1276 2465 emittendae.
1299 2439 1370 2450 -—-
1405 2407 1509 2464 Sed
1553 2407 1626 2460 illi
1663 2405 1876 2475 quidem
1925 2418 2048 2458 eum

478 2519 603 2561 tunc
647 2507 754 2560 illic
799 2506 1132 2570 invocabant,
1179 2517 1274 2556 nos
1322 2507 1499 2554 autem
1543 2499 1594 2552 in
1641 2497 1783 2552 omni
1831 2496 1967 2559 loco,
1995 2495 2048 2548 in

476 2601 619 2654 omni
648 2615 794 2668 agro,
847 2598 897 2651 in
945 2595 1206 2659 domm-lin
1237 2593 1373 2657 foro,
1407 2591 1457 2644 in
1487 2590 1789 2653 solitudine,
1825 2588 1874 2640 in
1906 2586 2045 2649 navi,

479 2691 532 2744 in
570 2689 890 2752 diversorio,
936 2696 990 2742 et
1018 2686 1333 2752 ubicumque
1380 2681 1653 2736 fuerimus.
1689 2681 1731 2734 Α
1763 2679 1880 2733 loco
1907 2679 2048 2733 enim

478 2795 582 2832 non
633 2778 980 2849 prohibentur
1019 2789 1224 2846 preces,
1254 2772 1414 2828 modo
1455 2772 1560 2826 sint
1586 2783 1781 2832 mores,
1817 2770 1904 2838 qui
1933 2784 2050 2838 pre-

476 2875 626 2927 cibus
651 2871 988 2926 conveniant.
1018 2869 1298 2936 Postquam
1330 2880 1457 2934 ergo
1487 2865 1536 2917 in
1565 2863 1662 2917 hac
1689 2879 1746 2916 re
1781 2876 1878 2914 nos
1908 2870 2050 2915 recte

477 2963 812 3032 gesserimus,
836 2960 1008 3014 Deum
1043 2959 1233 3026 tibique
1273 2944 1594 3017 invocemus,
1626 2961 1680 3007 et
1717 2952 1904 3018 aderit,
1930 2965 2050 3004 nos-

478 3070 581 3124 que
623 3052 907 3122 adjuvabit,
944 3059 999 3104 et
1037 3062 1381 3118 quzccumque
1423 3056 1544 3100 sunt
1593 3045 1746 3099 nobis
1792 3043 2045 3108 difficilia,

480 3146 648 3200 facilia
669 3145 854 3201 reddet
882 3152 935 3198 et
957 3142 1222 3212 expedita,
1253 3155 1453 3209 nosque
1481 3138 1633 3192 bonis
1660 3138 1848 3191 futuris
1869 3137 2050 3207 digna-

481 3239 620 3292 bitur
647 3255 660 3291 :
706 3253 823 3307 quae
868 3236 1024 3291 detur
1056 3234 1208 3289 nobis
1236 3232 1480 3287 omnibus
1509 3232 1780 3300 consequi,
1806 3232 1971 3300 gratia
2000 3239 2054 3284 ct

483 3329 800 3398 benignitate
852 3327 1058 3380 Domini
1105 3324 1271 3378 nostri
1296 3323 1421 3377 Jesu
1451 3322 1665 3385 Christi,
1700 3324 1782 3376 cui
1805 3323 1971 3393 gloria
1999 3331 2054 3376 et

475 3418 761 3488 imperium
804 3433 942 3471 nunc
983 3427 1035 3471 et
1075 3430 1304 3485 seraper,
1335 3422 1387 3467 ct
1416 3414 1470 3467 in
1497 3414 1688 3468 ssccula
1715 3414 2050 3468 smculorum.

481 3517 671 3564 Amen.

891 3623 955 3678 IN
1009 3623 1126 3679 PSA
1135 3623 1322 3680 LMUM
1359 3621 1638 3678 CXXXIV.

485 3740 536 3792 ‘.I.
580 3737 806 3791 Laudate
844 3753 1021 3790 nomen
1071 3735 1296 3800 Domini,
1325 3735 1548 3800 laudate,
1575 3735 1724 3798 servi,
1760 3733 2050 3788 Dominum.

553 3833 606 3885 Ξ.
654 3831 750 3895 Qui
796 3831 938 3883 statis
980 3830 1030 3881 in
1075 3827 1224 3880 domo
1255 3827 1476 3888 Domini,
1503 3827 1558 3879 in
1590 3827 1730 3879 atriis
1757 3826 1934 3878 domus
1963 3824 2057 3878 Dei

553 3921 728 3975 nostri.
759 3920 810 3973 5.
844 3917 1073 3972 Laudate
1095 3915 1390 3981 Dominum,
1418 3916 1535 3985 quia
1561 3915 1716 3969 bonus
1740 3914 2004 3968 Dominus.

556 4055 605 4106 1.
647 4051 726 4105 Ad
775 4051 878 4104 hoc
921 4065 1103 4103 rursus
1152 4047 1392 4106 hortatur
1437 4045 1771 4111 sacrificium,
1826 4045 1967 4116 quod
1998 4045 2057 4100 fit

481 4161 577 4217 per
616 4143 816 4198 laudes.
860 4142 971 4197 Hoc
999 4151 1082 4196 est
1107 4141 1248 4194 enim
1277 4140 1384 4194 Deo
1418 4139 1734 4193 Sacrificium
1760 4147 1814 4193 et
1838 4137 2053 4192 oblatio.

487 4237 552 4290 Et
590 4236 707 4290 ideo
747 4234 871 4289 alibi
915 4247 1124 4303 quoque
1163 4232 1324 4285 dicit:
1353 4229 1590 4284 Laudabo
1619 4246 1798 4284 nomen
1845 4229 1938 4281 Dei
1962 4229 2059 4282 mei

483 4345 594 4380 cum
619 4327 834 4389 cantico,
861 4323 1193 4394 magniﬁcabo
1219 4338 1332 4374 eum
1359 4322 1410 4374 in
1440 4320 1620 4382 laude;
1647 4328 1693 4373 et
1719 4319 1929 4388 placebit
1955 4318 2058 4372 Deo

485 4434 635 4483 super
673 4418 881 4469 vitulum
920 4416 1190 4478 novellum,
1221 4429 1409 4467 cornua
1434 4413 1786 4482 producentem
1811 4421 1859 4466 et
1896 4427 2059 4481 ungu-

487 4511 564 4562 las
593 4511 609 4576 (
641 4506 782 4560 Psal.
808 4507 898 4561 68.
923 4507 1012 4560 '51.
1043 4505 1112 4558 52
1130 4504 1172 4576 ).
1202 4505 1328 4558 Loci
1356 4514 1533 4558 autem
1563 4513 1616 4559 et
1639 4505 1897 4558 atriorum
1923 4504 2058 4557 assi-

486 4601 588 4653 due
614 4597 872 4661 meminit,
896 4611 990 4650 eos
1009 4597 1124 4649 loco
1148 4595 1383 4665 affigens,
1409 4604 1463 4650 et
1490 4612 1596 4649 non
1626 4597 1804 4650 sinens
1831 4594 2056 4658 resilire;

488 4688 915 4761 quandoquidem
959 4688 1008 4741 in
1041 4687 1296 4755 principio
1319 4702 1528 4757 quoque
1557 4687 1728 4756 ipsum
1758 4687 1876 4740 ideo
1903 4687 2062 4756 jussit

488 4792 785 4843 exstruere,
827 4791 930 4846 quo
978 4777 1150 4830 omnis
1190 4776 1431 4845 impietas
1477 4789 1532 4830 et
1577 4778 1858 4832 simulacra
1913 4777 2061 4830 tolle-

490 4880 690 4932 rentur,
740 4877 795 4921 nt
826 4880 1011 4921 omnes
1034 4865 1084 4919 in
1112 4881 1276 4919 unum
1306 4867 1476 4920 locum
1503 4875 1836 4935 cogerentur,
1874 4878 1926 4920 et
1955 4883 2060 4920 non

489 4966 653 5017 libere
698 4959 969 5028 effuseque
1021 4964 1358 5026 vagarentur,
1405 4971 1505 5010 nec
1558 4971 1810 5020 nemora,
1869 4957 2059 5022 fontes,

488 5065 697 5108 montes
721 5060 773 5106 et
798 5049 964 5104 colles
990 5055 1306 5119 usurparent
1329 5054 1804 5115 converterentque
1833 5047 1883 5100 in
1911 5061 2064 5102 occa-

486 5148 692 5200 sionem
740 5140 1047 5214 impietatis,
1098 5140 1206 5194 illic
1247 5139 1628 5204 sacrificantes,
1659 5147 1714 5194 et
1761 5139 1983 5195 libantes
2012 5142 2062 5195 in

487 5237 732 5292 excelsis.
773 5225 1033 5300 Quocirca
1077 5247 1200 5286 eum
1236 5246 1446 5300 quoque
1489 5241 1660 5286 morte
1707 5231 1921 5284 damnat
1975 5233 2065 5302 qui

491 5341 635 5380 extra
685 5326 941 5396 templum
984 5326 1262 5390 sacrificat,
1314 5325 1535 5380 dicens:
1569 5324 1671 5390 Qui
1710 5341 1809 5378 non
1837 5327 2067 5379 obtulerit

496 5417 548 5470 in
570 5417 916 5483 tabernaculo,
943 5425 988 5470 et
1012 5417 1382 5483 sacriﬁcaverit,
1429 5416 1632 5486 sanguis
1661 5417 1704 5469 ei
1742 5417 2070 5485 imputabitur

491 5507 680 5577 (Leuit.
705 5509 764 5562 Π
824 5508 898 5578 ι).
934 5507 1009 5562 Ea
1039 5508 1104 5562 de
1129 5522 1286 5562 causa
1319 5521 1413 5562 eos
1439 5507 1669 5577 undique
1696 5507 1802 5561 illic
1830 5508 1880 5560 in
1905 5522 2068 5560 unum

492 5600 671 5652 locum
718 5598 878 5668 cogit,
928 5606 986 5650 ut
1035 5597 1310 5654 audientes
1357 5612 1416 5653 se
1438 5598 1680 5653 modeste
1701 5609 1754 5652 et
1781 5606 2072 5664 temperate

498 5696 702 5755 gerant,
729 5703 760 5742 a
803 5688 1038 5757 falsaque
1061 5699 1114 5743 et
1144 5705 1363 5744 errouca
1400 5689 1716 5758 cogitatione
1747 5690 2064 5744 abstineant.

1167 298 1219 354 ὃ.
1258 291 1534 352 JOANNIS
1570 284 2037 347 CHRYSOSTOMI
2077 283 2394 343 ARCHIEP.
2433 287 2965 344 CONSTANTINOP.

3626 289 3728 344 388

2153 398 2312 455 Jubet
2335 412 2512 456 autem
2540 419 2634 457 eos
2657 419 2868 469 canere,
2898 403 3127 474 psallere
3152 413 3203 458 ct
3227 404 3461 468 laudare,
3488 405 3611 475 quia
3642 405 3729 459 Dei

2152 489 2334 546 laudes
2349 503 2500 548 erant
2521 495 2598 549 eis
2619 496 2829 548 occasio
2852 497 3076 563 pietatis,
3101 495 3227 550 dum
3243 497 3584 552 continerent
3599 508 3731 551 vete-

2148 597 2236 637 res
2257 586 2606 650 narrationes,
2626 602 2685 640 ea
2707 602 2896 657 nempe
2916 603 3034 657 qiue
3053 588 3104 641 in
3119 587 3369 659 Egypto,
3385 606 3505 659 qua:
3523 589 3575 643 in
3603 589 3730 643 soli-

2152 671 2352 737 tudine,
2373 690 2488 743 qum
2517 676 2568 728 in
2600 685 2736 729 terra
2766 677 3131 744 promissionis
3149 677 3281 730 facta
3303 679 3731 750 sunt,quomodo

2152 761 2235 815 lex
2271 762 2371 815 lata
2403 764 2786 834 sit,quregesta
2820 775 2941 819 sunt
2967 766 3017 820 in
3049 776 3228 822 monte
3244 767 3386 832 Sina,
3418 780 3728 840 etqutenam

2151 850 2284 905 bella
2310 853 2653 908 confecerunt
2686 873 2698 906 :
2728 856 2992 926 simulque
3025 874 3128 910 uno
3165 858 3458 929 eodemque
3488 871 3727 931 tempore

2151 940 2289 996 Deus
2310 943 2461 997 laude
2482 944 2828 1013 afficiebatur,
2860 956 2914 1001 et
2937 949 3022 1016 qui
3047 950 3325 1014 canebant,
3354 963 3726 1022 argumentum

2150 1031 2409 1088 doctrinae
2431 1037 2727 1105 capiebant,
2745 1053 2863 1106 qua:
2883 1048 2935 1092 et
2959 1041 3120 1118 vitam
3143 1045 3330 1096 eorum
3351 1044 3724 1111 componebat,

2150 1132 2206 1177 et
2233 1123 2298 1178 ad
2324 1125 2550 1193 perfecta
2576 1127 2819 1196 dogmata
2847 1128 3161 1186 deducebat.
3183 1131 3411 1185 Laudate
3431 1131 3724 1198 Dominum,

2148 1217 2385 1284 quoniam
2438 1218 2593 1272 bonus
2621 1219 2883 1273 Dominus.
2914 1223 3083 1287 Alius,
3113 1222 3185 1295 (η)
3211 1223 3460 1288 Quoniam
3486 1227 3727 1296 benignus

2150 1317 2240 1360 est.
2278 1309 2426 1374 Quod
2458 1322 2539 1364 est
2581 1312 2644 1364 iis
2687 1313 2774 1382 qui
2806 1314 3028 1367 audiunt
3078 1317 3305 1370 maxime
3347 1319 3721 1386 expetendum,

2150 1398 2251 1452 hoc
2272 1402 2419 1468 ponit
2449 1401 2684 1467 assidue,
2719 1403 3122 1471 humanitatem,
3156 1406 3610 1474 miscricordiam,
3640 1409 3726 1464 be-

2151 1490 2478 1558 nignitatem.
3390 1487 3400 1511 ³

2227 1579 2532 1635 Ρδηιηιοάὶω
2578 1584 2665 1637 ris.
2702 1583 2911 1639 Iudaici
2967 1589 3139 1658 populi
3195 1588 3389 1643 electio.
3419 1623 3489 1632 —
3516 1591 3728 1645 Psallite

2150 1670 2342 1721 nomini
2365 1675 2494 1739 ejus,
2523 1674 2755 1740 quoniam
2791 1692 2941 1729 suave
2969 1687 3058 1730 est.
3110 1678 3219 1732 Hoc
3261 1680 3388 1734 dicit
3438 1683 3727 1737 OSIemlcns

2149 1775 2260 1814 rem
2308 1761 2472 1828 ipsam
2519 1761 2713 1818 habere
2751 1765 3035 1834 quamdam
3074 1769 3156 1823 vel
3189 1785 3281 1838 per
3306 1785 3364 1824 se
3402 1773 3724 1840 voluptatem

2149 1868 2256 1906 una
2286 1869 2405 1907 cum
2433 1855 2676 1910 utilitate.
2697 1857 3026 1928 Praecipuum
3055 1860 3212 1914 etiam
3238 1861 3354 1928 ejus
3385 1861 3592 1916 lucrum
3625 1875 3725 1928 est,

2149 1948 2215 2001 ad
2244 1949 2405 2004 Deum
2434 1949 2660 2021 hymnos
2689 1953 2890 2019 dicere,
2921 1956 3152 2010 animam
3182 1973 3498 2028 expurgare,
3527 1963 3728 2030 cogita-

2153 2039 2347 2093 tionem
2377 2040 2425 2094 in
2458 2041 2620 2095 altum
2650 2044 2935 2110 extollere,
2969 2061 3092 2100 vera
3131 2058 3184 2102 ct
3212 2060 3455 2103 accurata
3481 2050 3726 2121 dogmata

2151 2128 2379 2195 discere,
2403 2131 2469 2185 de
2494 2135 2841 2201 praesentibus
2863 2145 2916 2188 et
2945 2136 3132 2192 futuris
3158 2138 3539 2208 philoso,-.b:iri.
3564 2142 3730 2197 Habet

2151 2230 2325 2276 autem
2353 2239 2473 2278 cum
2521 2227 2602 2280 his
2643 2243 2736 2294 per
2779 2229 3061 2284 meludiam
3105 2233 3320 2286 multam
3371 2234 3725 2304 voluptatem,

2151 2313 2566 2369 consolationem
2609 2317 2839 2386 aliquam
2885 2329 2939 2374 et
2985 2323 3387 2388 recreationem,
3417 2333 3576 2394 atque
3606 2341 3729 2380 cum

2154 2407 2239 2472 qui
2269 2407 2409 2461 canit
2439 2409 2800 2464 venerandum
2820 2411 3011 2466 reddit.
3043 2415 3192 2481 Quod
3236 2426 3414 2470 autem
3447 2417 3578 2470 tales
3608 2416 3724 2471 effi-

2153 2495 2278 2562 ciat,
2328 2496 2528 2551 clarum
2571 2508 2652 2553 est
2694 2516 2757 2555 ex
2807 2517 2872 2556 eo
2898 2504 3040 2573 quod
3063 2506 3200 2558 alter
3224 2506 3435 2572 quidem
3465 2507 3729 2577 interpres

2154 2583 2313 2649 dicat,
2349 2586 2482 2652 Quia
2508 2588 2744 2643 decorant
2769 2589 2868 2661 (b);
2889 2593 3024 2648 alter
3045 2609 3189 2660 vero,
3221 2596 3351 2660 Quia
3366 2613 3533 2650 suave.
3558 2598 3730 2652 Ambo

2153 2684 2330 2730 autem
2362 2693 2483 2731 vera
2515 2677 2713 2734 dicunt.
2757 2681 2888 2735 Nam
2935 2683 3052 2737 licet
3092 2683 3161 2738 sit
3190 2685 3383 2741 millies
3431 2687 3660 2742 lascivus
3688 2689 3732 2744 is

2154 2769 2240 2835 qui
2269 2768 2430 2833 canit,
2462 2769 2586 2824 dum
2617 2771 2875 2840 psalmum
2906 2786 3194 2840 reveretur,
3225 2777 3363 2846 sopit
3397 2779 3730 2849 tyrannidem

2154 2857 2383 2913 lasciviae
2410 2874 2519 2914 sua:
2549 2879 2560 2913 :
2596 2862 2720 2917 licet
2743 2864 2807 2917 sit
2839 2879 3126 2935 Oppressus
3169 2868 3321 2922 malis
3361 2869 3727 2923 innumerabi-

2155 2951 2312 3014 libus,
2341 2961 2395 3006 et
2421 2953 2488 3006 ab
2515 2955 2825 3023 aegritudine
2851 2957 3011 3010 animi
3037 2968 3342 3027 occupetur,
3366 2958 3494 3014 dum
3520 2961 3728 3016 demul-

2154 3051 2306 3098 cetur
2331 3059 2359 3096 a
2389 3044 2658 3114 voluptate
2687 3085 2701 3108 ,
2736 3045 2872 3100 levat
2912 3047 3167 3113 animum,
3210 3050 3414 3103 extollit
3454 3052 3729 3120 cogitatio-

2157 3151 2300 3202 nem,
2331 3145 2384 3188 et
2409 3146 2641 3191 mentem
2669 3137 2947 3191 sublimem
2974 3139 3173 3193 evehit.
3205 3140 3258 3194 4.
3295 3139 3545 3205 Quoniam
3570 3141 3729 3195 Jacob

2155 3230 2301 3298 elegit
2348 3231 2442 3283 sibi
2499 3229 2760 3296 Dominus,
2807 3230 2972 3285 Israel
3011 3233 3063 3284 in
3091 3235 3445 3302 possessionem
3470 3234 3583 3288 sibi.
3613 3235 3726 3289 Non

2156 3321 2284 3374 dicit
2315 3322 2561 3376 beneficia
2591 3338 2708 3394 quae
2729 3331 2852 3376 sunt
2879 3323 2958 3378 eis
2985 3339 3103 3378 cum
3134 3325 3248 3378 aliis
3278 3328 3599 3391 communia,
3637 3328 3728 3380 sed

2156 3415 2295 3483 quod
2327 3425 2406 3469 est
2436 3430 2620 3470 eorum
2652 3417 2921 3486 proprium
2951 3426 3004 3471 et
3034 3419 3304 3472 eximium.
3335 3419 3612 3484 Quodnam
3635 3436 3726 3474 an-

2160 3515 2264 3560 tem
2298 3505 2398 3560 hoc
2440 3507 2592 3560 erat?
2617 3507 2765 3574 Quod
2797 3508 3048 3564 Dominus
3091 3509 3338 3578 populum
3380 3526 3502 3565 eum
3550 3514 3728 3582 elegit,

2157 3606 2212 3652 et
2233 3597 2332 3652 sibi
2363 3597 2646 3666 dedicavit,
2692 3608 2745 3653 et
2787 3615 2896 3669 pra:
2937 3601 3054 3654 aliis
3084 3603 3401 3670 peculiarem
3449 3603 3730 3672 quamdam

2158 3690 2212 3744 in
2238 3705 2331 3744 eos
2357 3689 2587 3744 ostendit
2612 3689 3049 3744 benevolentiam.
3100 3690 3154 3744 Id
3187 3702 3365 3745 autem
3393 3691 3590 3746 faciunt
3617 3694 3731 3746 ubi-

2158 3797 2261 3852 que
2292 3783 2581 3862 prophetae,
2610 3799 2678 3837 ex
2709 3782 2980 3837 beneficiis
3009 3782 3058 3836 in
3089 3783 3230 3853 ipsos
3249 3784 3454 3837 collatis
3471 3784 3732 3853 permulta

2159 3875 2297 3930 dicta
2329 3890 2422 3929 sua
2450 3884 2850 3943 componentes.
2877 3875 3012 3941 Quid
3041 3885 3122 3930 est
3145 3885 3345 3936 autem.
3376 3875 3441 3929 In
3467 3878 3733 3945 possessio-

2159 3983 2272 4022 nem
2299 3969 2430 4022 sibi?
2456 3967 2508 4021 In
2540 3983 2690 4036 opes,
2718 3968 2767 4022 in
2790 3967 3083 4022 facultates.
3109 3966 3222 4021 Etsi
3245 3968 3387 4022 enim
3417 3968 3487 4020 sit
3509 3969 3737 4038 populus

2160 4063 2402 4132 exiguus,
2434 4075 2552 4115 eum
2587 4069 2852 4129 tamquam
2882 4058 3092 4113 divitias
3135 4058 3313 4128 elegit,
3361 4074 3465 4113 non
3503 4063 3735 4128 paucita-

2163 4161 2288 4216 tem,
2341 4151 2432 4205 sed
2482 4151 2729 4205 virtutem
2761 4149 3062 4215 attendens,
3085 4149 3149 4204 ad
3179 4166 3332 4218 quam
3365 4152 3548 4205 volens
3567 4151 3735 4206 dedu-

2159 4261 2287 4300 cere
2305 4246 2463 4314 elegit
2491 4258 2603 4307 eos,
2636 4259 2702 4298 eo
2728 4243 2930 4297 scilicet
2949 4242 3088 4312 quod
3111 4243 3196 4296 alii
3222 4241 3465 4297 homines
3486 4258 3594 4298 non
3626 4252 3738 4296 tan-

2165 4344 2246 4389 tas
2273 4335 2321 4388 ci
2348 4350 2475 4405 opes
2503 4343 2710 4402 parent,
2739 4342 2963 4402 quantas
3014 4333 3098 4386 hic
3124 4333 3350 4402 populus
3370 4373 3386 4395 ,
3438 4333 3510 4385 ita
3544 4341 3601 4386 ut
3639 4333 3740 4386 hoc

2164 4425 2484 4495 processerit
2529 4433 2583 4479 et
2608 4441 2670 4479 ex
2701 4424 2816 4493 ejus
2845 4424 2931 4494 qui
2973 4423 3118 4476 illum
3147 4421 3308 4491 elegit
3346 4422 3738 4489 benevolentia,

2163 4527 2216 4572 et
2239 4517 2303 4571 ad
2346 4530 2532 4571 eorum
2579 4514 2984 4568 institutionem.
3017 4511 3168 4567 Solet
3196 4514 3336 4567 enim
3378 4511 3574 4566 Paulus
3612 4528 3742 4581 quo-

2165 4625 2268 4678 que
2310 4608 2576 4677 appellare
2613 4605 2830 4660 divitias
2867 4605 3089 4658 salutem
3117 4603 3410 4668 hominum,
3443 4614 3500 4656 ut
3530 4604 3742 4672 quando

2165 4699 2293 4754 dicit
2324 4717 2334 4751 :
2363 4697 2507 4750 Idem
2545 4697 2673 4750 enim
2713 4694 2975 4756 Dominus,
3016 4694 3101 4763 qui
3143 4703 3215 4747 est
3242 4693 3378 4746 dives
3400 4694 3451 4745 in
3478 4708 3670 4758 omnes,
3699 4703 3743 4745 et

2166 4806 2315 4856 super
2353 4805 2518 4841 omnes
2559 4787 2644 4857 qui
2695 4787 2926 4838 invocant
2974 4783 3178 4852 ipsum(
3211 4783 3359 4836 Rom.
3393 4782 3483 4836 10.
3518 4782 3584 4836 12
3608 4781 3648 4851 ).
3681 4783 3745 4836 Et

2168 4897 2371 4945 rursus,
2400 4881 2612 4933 Domino
2641 4895 2730 4931 suo
2753 4887 2870 4942 stat,
2898 4886 2984 4929 aut
3003 4876 3135 4928 cadit
3165 4873 3336 4949 (Rom.
3370 4875 3454 4928 M.
3480 4875 3559 4942 4).
3583 4873 3748 4929 Vides

2169 4972 2434 5042 quomodo
2461 4971 2692 5024 ostendit
2723 4968 2813 5022 Dei
2863 4968 2913 5020 in
2957 4981 3050 5021 eos
3081 4966 3528 5029 beneviilcntiam,
3565 4968 3746 5033 provi-

2170 5065 2422 5126 dentiam,
2452 5076 2656 5126 curam,
2685 5059 3036 5124 affectionem,
3065 5073 3184 5110 cum
3211 5071 3304 5111 eos
3332 5058 3608 5111 vocaverit
3630 5074 3747 5126 pos-

2171 5157 2486 5212 sessionem.
2529 5154 2631 5208 l’er
2677 5153 2791 5206 haec
2829 5161 3052 5219 utraque
3082 5165 3208 5220 ergo
3239 5149 3473 5204 ostendit
3499 5152 3746 5204 eximiam

2174 5249 2226 5302 in
2273 5263 2365 5302 eos
2409 5245 2814 5316 providentiam,
2855 5252 2910 5298 et
2949 5241 3088 5312 quod
3137 5242 3373 5310 elegerit,
3423 5251 3478 5295 et
3524 5242 3666 5309 quod
3700 5244 3747 5294 in

2233 5348 2304 5409 (a)
2331 5348 2453 5409 Quis
2473 5344 2540 5393 sit
2569 5343 2651 5409 hic
2678 5341 2927 5409 interpres
2959 5339 3259 5409 ignoramus.
3286 5339 3408 5409 Tota
3431 5341 3743 5409 autem~ha3c

2169 5401 2364 5466 lectio,‘
2378 5405 2532 5465 Alius,
2567 5421 2585 5451 ε
2620 5401 2853 5463 Quoniam
2886 5401 3115 5467 benignus
3152 5407 3241 5460 est,
3279 5417 3297 5448 ι
3327 5401 3473 5450 deest
3517 5404 3567 5449 iu
3597 5403 3745 5451 Sarit.

2235 5479 2302 5541 (ὁ)
2341 5476 2578 5527 Hebraica
2607 5477 2758 5526 verba
2788 5481 2944 5541 sunt,
2978 5475 3108 5528 Div:
3146 5473 3223 5524 i3.
3264 5471 3626 5541 Interpretatio
3665 5485 3748 5518 au-

2171 5532 2298 5589 tein'
2319 5542 2392 5589 ὅτι
2439 5541 2680 5601 εὐπρεπές,
2714 5535 2829 5601 quia
2866 5532 3064 5601 decens,
3090 5542 3192 5593 aut,
3229 5532 3343 5601 quia
3369 5532 3748 5601 decoruni._est

2171 5603 2380 5666 Aquilae.
2409 5595 2830 5666 Sequerisau'tem
2863 5595 3249 5666 interpretatio,
3289 5595 3411 5666 Quin
3451 5607 3615 5666 suave
3643 5595 3745 5666 (-62;

2169 5656 2301 5725 ήδῦ),
2331 5677 2426 5712 non
2455 5656 2710 5713 observata
2737 5660 2829 5710 fuit
2859 5673 2908 5709 in
2941 5656 3180 5721 Hexaplis
3214 5659 3426 5717 nostris,
3462 5663 3514 5704 et
3543 5663 3624 5705 est
3651 5656 3740 5703 for-

2173 5735 2303 5775 tassc
2333 5727 2626 5785 Symmachi.
