4088 6274
322 243 424 298 537

328 362 545 432 εὐλογία
594 359 970 432 ήκριϐωμένη,
999 361 1126 415 ὅταν
1157 360 1292 432 μετά
1318 361 1426 416 τῶν
1455 361 1715 433 ῥημάτων
1749 361 1840 415 καὶ
1874 359 1903 412 ὁ

330 447 444 519 βίος
474 445 741 515 σύμφωνα
776 444 1104 514 φθέγγηται,
1140 444 1232 497 καὶ
1260 444 1347 498 διὰ
1393 444 1502 497 τῶν
1540 443 1717 514 ἔργων
1753 440 1909 507 δοξά-

328 550 429 603 σῃς
453 544 477 571 α
511 529 603 582 τὸν
627 528 931 598 ποιήσαντά
956 546 1017 580 σε
1056 529 1212 593 Θεὸν,
1240 528 1382 582 κατά
1397 528 1459 580 τὸ
1488 527 1814 595 Εὐαγγέλιον
1848 525 1909 578 τὸ

325 614 485 684 λέγειν
500 631 513 646 ·
543 612 844 682 Λαμψάτω
867 612 933 664 τὸ
952 610 1078 680 φῶς
1100 611 1270 680 ὑμῶν
1293 610 1638 680 ἔμπροσθεν
1658 610 1776 664 τῶν
1804 610 1907 663 ἀν-

330 695 598 765 θρώπων,
650 695 809 760 ὅπως
844 694 1016 747 ἴδωσι
1064 693 1138 748 τὰ
1186 695 1345 749 καλὰ
1396 693 1541 763 ἔργα
1572 693 1765 763 ὑμῶν,
1809 691 1904 745 καὶ

329 781 635 846 δοξάσωσι
666 778 773 833 τὸν
791 777 1022 846 Πατέρα
1055 778 1222 846 ’ὑμῶν
1242 778 1348 833 τὸν
1367 779 1438 832 ἐν
1461 778 1587 844 τοῖς
1604 776 1903 846 οὐρανοῖς.

328 860 722 933 Εὑλογήσαιδ
750 878 824 915 σε
848 862 1063 929 Κύριος
1101 863 1169 915 ἐκ
1218 862 1391 928 Σιὼν,
1427 865 1458 917 o'
1498 860 1773 928 ποιήσας
1800 860 1908 913 τὸν

327 946 591 1015 οὐρανὸν
631 944 731 997 καὶ
764 942 879 1010 τὴν
900 940 1035 1012 γῆν.
1079 943 1389 1009 Τουτέστιν,
1423 943 1488 996 ἂν
1520 943 1691 996 ταῦτα
1724 944 1903 1012 ποιῇς,

327 1028 490 1100 τεύξῃ
515 1027 722 1096 καὶτῆς
743 1024 897 1096 παρά
923 1022 1019 1077 τοῦ
1048 1023 1181 1077 Θεοῦ
1219 1025 1488 1094 εὐλογίας,
1525 1025 1590 1079 ἂν
1621 1025 1903 1078 διανυκτε-

330 1112 513 1185 ρεύης,
534 1112 598 1164 ἂν
627 1109 760 1179 εῦχῃ
793 1108 984 1177 ἀγίως,
1008 1108 1073 1162 ἂν
1101 1108 1248 1173 ἄξιος
1281 1106 1347 1180 ᾖς
1375 1109 1469 1162 τοῦ
1489 1110 1710 1163 ἑστάναι
1744 1110 1802 1162 ἐν
1829 1107 1906 1179 τῷ

328 1196 462 1267 οίκῳ
497 1194 736 1265 Κυρίου,“
759 1193 824 1246 ἂν
856 1193 1050 1248 σαυτὸν
1087 1193 1213 1245 ναὸν
1256 1193 1560 1263 ἐπιτήδειον
1594 1193 1902 1265 παράσχῃς.

328 1280 669 1348 Παραινέσας
698 1278 873 1332 τοίνυν
903 1276 978 1340 ὡς
1010 1277 1176 1347 ἐχρῆν
1203 1318 1217 1339 ,
1259 1276 1444 1329 λοιπὸν
1494 1277 1573 1339 είς
1606 1275 1768 1346 εὐχὴν
1806 1293 1907 1330 κα-

327 1363 565 1418 τακλείει
597 1363 688 1415 τὸν
718 1362 894 1430 λόγον.
927 1360 1098 1415 Τοῦτο
1138 1360 1248 1432 γὰρ
1291 1360 1512 1431 ἀρίστου
1542 1361 1865 1414 διδασκάλου
1886 1402 1902 1427 ,

328 1447 423 1501 καὶ
471 1449 538 1517 τῇ
581 1444 857 1516 συμϐουλῇ
907 1444 1150 1515 διορθοῦν
1194 1445 1288 1497 τὸν
1332 1445 1627 1514 ἀκροατὴν,
1660 1444 1754 1497 καὶ
1787 1446 1906 1506 ταῖς

326 1532 511 1601 εὐχαῖς
559 1529 804 1600 νευροῦν.
848 1527 914 1581 Τί
949 1527 1198 1599 βούλεται
1230 1527 1423 1598 δηλοῦν
1455 1528 1542 1581 διὰ
1575 1527 1669 1579 τοῦ
1709 1528 1903 1589 εἰπεῖν,

340 1615 443 1669 Ἐκ
474 1612 654 1676 Σιών;
694 1611 948 1665 Ποθεινὸν
998 1613 1183 1674 αὐτοῖς
1220 1611 1281 1663 τὸ
1323 1611 1493 1680 ὄνομα
1523 1605 1612 1681 ἦν,
1658 1610 1751 1662 καὶ
1785 1611 1904 1662 ἐκεῖ

326 1701 427 1769 τῆς
457 1695 741 1766 ἀγιαστίας
785 1694 1005 1764 ἀπάσης
1047 1696 1081 1765 ἡ
1126 1693 1384 1757 ὑπόθεσις
1415 1694 1670 1747 ἐτελεῖτο.
1704 1692 1803 1745 Διά
1840 1692 1904 1764 δὴ

326 1780 489 1836 τοῦτο
544 1779 830 1849 ἐπεύχεται
885 1778 1070 1841 αὐτοῖς
1132 1776 1424 1830 ἀπολαϐεῖν
1480 1775 1578 1847 τὴν
1635 1775 1907 1847 προτέραν

328 1865 636 1927 πολιτείαν,
667 1865 762 1916 καὶ
790 1865 848 1917 ἐν
878 1860 1061 1934 ἐκείνῃ
1092 1860 1346 1930 γενέσθαι
1384 1862 1451 1931 τῇ
1489 1858 1770 1930 ἀγιαστία,
1815 1860 1908 1912 καὶ

326 1949 535 2019 ταύτης
571 1944 863 2001 ἀπολαύειν
889 1945 985 2016 τῆς
1011 1943 1281 2013 εὐλογίας.
1319 1938 1455 1998 Εἶτα
1482 1945 1561 2006 είς
1598 1942 1907 2014 ὑψηλότερα

327 2033 528 2095 αὐτοὺς
560 2030 779 2099 ἀνάγων
806 2028 1073 2100 δόγματα,
1096 2029 1191 2082 καὶ
1217 2027 1489 2082 παιδεύων
1517 2029 1598 2081 ὅτι
1624 2025 1905 2096 πανταχοῦ

346 2119 378 2168 ὁ
405 2114 537 2177 Θεός
562 2114 701 2180 ἐστι,
740 2112 830 2165 τὸν
861 2112 918 2165 δέ
955 2114 1083 2166 ναὸν
1126 2110 1216 2164 διὰ
1245 2112 1346 2182 τὴν
1378 2111 1600 2165 ἐκείνων
1626 2110 1909 2163 ἀσθένειαν

330 2197 725 2268 ἐνομοθέτησεν
745 2196 1184 2267 οἰκοδομηθῆναι,
1220 2196 1313 2250 καὶ
1340 2195 1420 2249 δεῖ
1456 2193 1788 2264 πανταχόθεν
1815 2194 1911 2246 αὐ-

329 2282 423 2335 τὸν
449 2280 657 2347 καλεῖν,
686 2280 986 2350 ἐπήγαγεν,
1027 2279 1089 2332 Ὀ
1121 2278 1384 2346 ποιήσας
1403 2278 1509 2332 τὸν
1524 2276 1786 2345 οὐρανὸν
1810 2276 1912 2331 καὶ

331 2364 446 2432 τὴν
465 2363 598 2433 γῆν.

418 2446 555 2500 Ἀλλ’
594 2448 790 2499 ἐκεῖνοι
832 2445 929 2515 μὲν
960 2443 1083 2497 τότε
1112 2445 1276 2498 αὐτὸν
1308 2443 1540 2497 ἐκάλουν
1569 2445 1705 2505 ἐκεῖ,
1751 2445 1912 2515 ἡμεῖς

330 2531 393 2585 δέ
420 2532 479 2583 ἐν
505 2529 667 2583 παντὶ
693 2527 862 2598 τόπῳ,
892 2527 949 2580 ἐν
984 2530 1144 2581 παντὶ
1167 2526 1371 2599 χωρίῳ,
1404 2527 1501 2581 καὶ
1535 2528 1591 2580 ἐν
1619 2526 1788 2599 οἰκίᾳ,
1816 2528 1913 2582 καὶ

333 2618 393 2668 ἐν
425 2614 620 2684 ἀγορᾷ,
645 2611 739 2666 καὶ
760 2612 817 2663 ἐν
845 2610 1072 2682 ἐρημίᾳ,
1110 2612 1204 2664 καὶ
1226 2612 1284 2664 ἐν
1319 2609 1509 2681 πλοίῳ,
1539 2610 1632 2664 καὶ
1672 2614 1730 2664 ἐν
1775 2629 1912 2665 παν-

331 2696 543 2768 δοχείῳ,
576 2696 671 2748 καὶ
718 2696 960 2764 ὅπουπερ
1009 2692 1075 2746 ἂν
1101 2688 1271 2762 ὦμεν.
1315 2693 1481 2747 Οὐδὲν
1507 2692 1616 2764 γὰρ
1659 2693 1767 2747 ἀπὸ
1815 2694 1910 2747 τοῦ

322 2781 501 2836 ⁸τόπου
539 2779 808 2833 κωλύεται
853 2778 923 2831 τά
963 2776 1113 2849 [585]
1143 2778 1245 2847 τῆς
1298 2778 1482 2848 εὐχῆς,
1538 2778 1696 2848 μόνον
1741 2778 1836 2831 ἐὰν
1885 2780 1913 2831 ὁ

333 2865 535 2936 τρόπος
644 2865 708 2933 τῇ
759 2860 891 2933 εὐχῇ
926 2860 1261 2932 συμϐαίνων.
1311 2861 1481 2919 Τοῦτο
1511 2859 1688 2914 τοίνυν
1717 2877 1913 2932 κατορ⁴

340 2946 635 3011 θώσαντες,
671 2945 944 3015 πανταχοῦ
984 2944 1078 2999 τὸν
1123 2944 1255 2998 Θεὸν
1306 2943 1582 3015 καλῶμεν,
1613 2944 1704 2997 καὶ
1732 2962 1912 3016 παρα-

345 3032 635 3102 στήσεται,
688 3030 781 3082 καὶ
833 3027 1236 3098 συνεφάψεται,
1284 3028 1379 3081 καὶ
1436 3027 1616 3081 πάντα
1670 3029 1801 3098 ἡμῖν
1848 3027 1917 3081 τὰ

339 3112 578 3166 δύσκολα
617 3111 809 3165 εὔκολα
847 3113 940 3164 καὶ
980 3111 1139 3182 ῥᾴδια
1173 3110 1488 3182 ἐργάσεται.
1521 3110 1614 3164 καὶ
1644 3110 1750 3163 τῶν
1790 3111 1917 3182 μελ-

338 3196 539 3249 λόντων
570 3197 713 3266 ἡμᾶς
752 3193 1014 3257 ἀγαθῶνθ
1059 3193 1314 3260 ἀξιώσειο
1349 3187 1423 3247 ὧν
1463 3194 1669 3262 γένοιτο
1709 3194 1916 3256 πάντας

337 3281 488 3352 ἡμᾶς
509 3281 807 3350 ἐπιτυχεῖν,
837 3280 1020 3349 χάριτι
1044 3279 1139 3331 καὶ
1169 3277 1550 3349 φιλανθρωπίᾳ
1582 3275 1675 3330 τοῦ
1709 3278 1942 3351 Κυρίου,

335 3361 496 3433 ἡμῶν
545 3361 719 3432 Ἰησοῦ
744 3359 1003 3432 Χριστοῦ,
1036 3354 1081 3429 ᾧ
1111 3362 1144 3433 ἠ
1174 3360 1300 3427 δόξα
1328 3359 1422 3414 καὶ
1447 3359 1508 3412 τὸ
1538 3361 1771 3432 κράτος,
1821 3360 1917 3415 νῦν

340 3446 436 3499 καὶ
459 3446 568 3509 ἀεὶ,
603 3446 697 3498 καὶ
738 3446 818 3508 είς
847 3445 973 3508 τοὺς
995 3442 1199 3507 αἰῶνας
1222 3442 1333 3496 τῶν
1366 3441 1599 3499 αἰώνων.
1648 3443 1843 3515 Ἀμήν.

715 3539 826 3591 ΕΙΣ
859 3537 996 3591 TON
1039 3538 1184 3590 ΡΛΔ¹
1225 3535 1548 3590 ΨΑΛΜΟΝ.

331 3622 557 3691 Αίνεῖτε
576 3621 642 3676 τὸ
669 3622 857 3691 ὄνομα
875 3620 1119 3688 Κυρίου,
1144 3619 1383 3684 αίνεῖτε,
1398 3619 1915 3691 ,δοῦλοιηΚύριοἈ

414 3690 478 3748 Ol
517 3688 874 3758 ἑστῶτεςέν
898 3691 1044 3755 οἴκῳ
1079 3691 1301 3759 Κυρίου
1325 3732 1340 3754 ,
1380 3688 1704 3759 ἑνήαύλαῖς
1748 3689 1919 3759 οἴκου

414 3764 564 3818 Θεοῦ
590 3757 780 3832 ἡμῶν.
805 3760 1033 3816 Αἰνεῖτε
1055 3757 1176 3815 τὸν*
1193 3761 1434 3829 Κύριον,
1457 3758 1547 3813 ὅτι
1568 3759 1787 3830 ἀγαθὸς
1807 3757 1923 3813 Κύ-

405 3850 560 3900 ριος.

416 3917 484 3972 α’.
521 3917 690 3971 Πάλιν
723 3916 816 3970 ἐπὶ
842 3917 941 3990 τὴν
972 3916 1162 3972 θυσίαν
1185 3916 1391 3988 ταύτην
1417 3916 1580 3980 αὐτὸς
1613 3913 1923 3985 παρακαλεῖ

342 4002 444 4073 τὴν
468 4001 553 4054 διὰ
580 4000 689 4055 τῶν
718 3999 903 4055 αῐνων.
936 4001 1044 4054 Καὶ
1072 4000 1180 4072 γὰρ
1207 3999 1369 4054 θυσία
1394 3998 1552 4053 τοῦτο
1577 3999 1656 4070 τῷ
1683 3996 1802 4068 Θεῷ
1828 3997 1922 4050 καὶ

346 4084 654 4157 προσφορά.
689 4084 779 4138 Διὸ
803 4085 899 4137 καὶ
914 4083 1149 4155 ἀλλαχοῦ
1168 4102 1332 4155 φησιν
1351 4100 1362 4112 ·
1387 4083 1618 4139 Αίνέσω
1638 4081 1706 4136 τὸ
1734 4083 1923 4152 ὄνομα

345 4171 455 4225 τοῦ
476 4168 623 4224 Θεοῦ
636 4187 756 4238 μου
771 4170 898 4239 μετ’
907 4168 1088 4237 ᾠδῆς,
1108 4167 1429 4239 μεγαλυνῶ
1464 4169 1650 4223 αὐτὸν
1679 4167 1749 4221 ὲν
1765 4166 1924 4221 αἰνέ-

345 4269 444 4307 σει
462 4270 476 4283 ·
496 4252 592 4306 καὶ
616 4251 821 4320 ἀρέσει
840 4251 921 4317 τῷ
945 4250 1066 4317 Θεῷ
1085 4251 1237 4319 ὑπὲρ
1256 4252 1498 4321 μόσχον
1520 4249 1681 4316 νέον,
1705 4249 1925 4317 κέρατα

345 4335 679 4406 ἐκφέροντα
732 4335 831 4388 καί
881 4336 1096 4401 ὁπλάς.
1140 4334 1385 4406 Συνεχῶς
1420 4334 1476 4387 δὲ
1522 4334 1794 4406 μέμνηται
1828 4332 1923 4386 τοῦ

347 4420 498 4474 οἴκου
520 4419 613 4471 καὶ
639 4418 746 4471 τῶν
770 4416 969 4480 αὐλῶν,
1001 4417 1288 4489 προσηλῶν
1322 4418 1519 4481 αὐτοὺς
1539 4415 1617 4486 τῷ
1646 4416 1816 4487 τόπῳ,
1832 4416 1925 4468 καὶ

346 4504 450 4557 οὐκ
480 4500 585 4554 ἐῶν
622 4500 927 4571 ἀποπηδᾷν.
973 4500 1190 4571 Ἐπειδὴ
1214 4500 1306 4553 καὶ
1336 4499 1487 4571 παρά
1521 4498 1617 4570 τὴν
1641 4499 1814 4569 ἀρχὴν
1838 4497 1927 4551 διά

346 4587 506 4643 τοῦτο
553 4585 716 4639 αὐτὸν
748 4583 1138 4655 ἐνομοθέτησεν
1170 4583 1500 4655 ἀνεγείρειν,
1554 4583 1695 4636 ὥστε
1743 4582 1926 4650 πάσης

348 4660 601 4733 ἀσεϐείας
648 4685 707 4721 τε
758 4667 854 4720 καὶ
901 4666 1345 4738 είδωλολατρείας
1405 4666 1687 4737 ἀναίρεσιν
1742 4665 1925 4728 αὐτοῖς

349 4752 603 4822 γενέσθαι
618 4751 680 4804 τὸ
701 4749 729 4789 ἀ
751 4751 887 4821 πρὸς
902 4750 999 4803 ’ένα
1020 4748 1183 4801 τόπον
1205 4748 1410 4811 πάντας
1428 4748 1775 4816 συνάγεσθαι,
1790 4747 1925 4801 ἀλλὰ

354 4837 428 4908 μὴ
445 4833 1018 4905 ἀπαυθαδιαζομένους
1040 4833 1134 4886 καὶ
1153 4831 1629 4903 ἐλευθεριάξοντας
1652 4831 1924 4903 πανταχοῦ

352 4918 678 4982 πλανᾶσθαι,
707 4919 801 4971 καὶ
839 4916 1001 4987 ἄλση,
1034 4915 1128 4969 καὶ
1177 4913 1382 4984 πηγὰς,
1417 4916 1513 4968 καὶ
1549 4915 1792 4985 βουνοὺς,
1834 4918 1927 4970 καὶ

349 5006 452 5077 δρη
481 5005 736 5059 ὑπόθεσιν
761 5003 1058 5074 λαμϐάνειν
1080 5004 1161 5066 εἰς
1190 5002 1444 5066 ἀσεϐείας
1469 5003 1741 5074 ἀφορμὴν,
1775 5003 1927 5057 θύον-

348 5108 449 5155 τας
477 5092 613 5152 ἐκεῖ,
655 5090 750 5143 καὶ
798 5088 1125 5151 σπένδοντας
1168 5086 1260 5141 ἐπὶ
1306 5085 1415 5140 τῶν
1452 5086 1693 5157 ὑψηλῶν.
1732 5088 1830 5141 Διά
1860 5089 1924 5159 δὴ

349 5175 511 5230 τοῦτο
531 5176 622 5229 καλ⁵
648 5174 793 5244 φόνῳ
818 5172 992 5244 κρίνει
1022 5173 1114 5226 τὸν
1139 5172 1243 5237 ἔξω
1273 5189 1377 5225 που
1415 5170 1609 5225 θύοντα
1638 5170 1731 5224 τοῦ
1758 5171 1887 5225 ναοῦ
1909 5213 1924 5237 ,

350 5260 546 5328 λέγων’
576 5260 683 5324 Ὃς
704 5257 781 5311 ἂν
795 5257 882 5326 μὴ
901 5257 1117 5326 ἐνέγκῃ
1138 5260 1225 5322 εὶς
1245 5255 1359 5324 τὴν
1373 5254 1614 5324 σκηνὴν
1629 5256 1727 5309 καὶ
1743 5258 1924 5325 θύσῃ,

349 5339 494 5414 αἷμα
518 5340 678 5406 αὐτῷ
705 5339 1152 5410 λογισθήσεται.
1183 5340 1385 5393 Τούτου
1407 5342 1564 5411 χάριν
1595 5341 1928 5412 πανταχὸθεν

416 5477 443 5506 ⁸
470 5477 584 5524 Sav.
610 5473 818 5534 δοξάζῃς.

414 5536 449 5578 b
467 5537 584 5585 Sav.
608 5536 659 5583 in
682 5533 837 5593 marg.
861 5533 1120 5594 εὖλογήσει.

418 5600 446 5631 ⁸
483 5597 695 5657 ’Λγαθῶν
715 5595 859 5657 deest.
879 5595 927 5657 igl
948 5602 1058 5642 δαν.

420 5658 448 5700 d
471 5655 584 5707 επ.
604 5658 693 5720 τῷ,
718 5655 836 5707 Mor.
860 5655 935 5702 τό·
960 5664 1221 5719 utrumque
1244 5658 1463 5720 quadrat.

690 5769 959 5828 PATROL.
996 5766 1114 5827 Gn.
1158 5766 1283 5829 LV.

1315 240 1681 296 EXPOSITIO
1714 240 1782 326 IN.
1817 235 2146 295 PSALMUM
2186 235 2475 291 CXXXIV.

3485 240 3591 298 388

2018 356 2214 420 αὐτοὺς
2230 357 2310 420 εἰς
2340 356 2429 409 τὸν
2454 355 2614 408 τόπον
2645 357 2761 409 ἐκεῖ
2785 367 2809 394 ο
2846 357 3086 426 συνάγει,
3124 358 3211 412 ἵνα
3237 359 3330 412 καὶ
3370 357 3597 414 ἀκούον-

2012 456 2105 502 τες
2150 438 2521 510 σωφρονῶσιν,
2563 438 2656 492 καὶ
2687 439 2786 509 τῆς
2827 439 3252 511 πεπλανημένης
3281 441 3591 511 ἀπέχωνται

2012 523 2270 586 διανοίας.
2310 522 2493 593 ’ᾼδειν
2530 522 2588 576 δέ
2630 523 2724 576 καὶ
2755 522 2981 592 ψάλλειν
3027 516 3461 595 παρακελεύεται
3497 530 3587 582 καὶ

2013 606 2202 668 αἰνεῖν,
2232 605 2315 658 ὄτι
2345 606 2396 658 οἱ
2419 601 2557 659 αἶνοι
2585 607 2634 658 οἱ
2673 608 2753 670 είς
2771 606 2863 660 τὸν
2892 606 3025 660 Θεὸν
3066 606 3339 678 γινόμενοι
3372 608 3469 663 καὶ
3500 610 3592 662 εὐ-

2016 687 2229 751 σεϐείας
2263 682 2405 757 ἦσαν
2442 687 2729 753 ὑποθέσεις
2774 690 2980 754 αὐτοῖς,
3014 688 3084 743 τά
3116 690 3327 744 παλαιά
3377 690 3592 763 ἔχοντες

2012 771 2345 841 διηγήματα,
2378 771 2447 825 τά
2473 773 2530 825 ἐν
2551 772 2829 845 Αἰγύπτῳ,
2859 775 2929 828 τὰ
2948 776 3005 827 ἐν
3018 776 3084 846 τῇ
3106 775 3318 847 ἐρήμῳ,
3341 775 3411 829 τά
3438 775 3498 828 ἐν
3525 777 3593 845 τῇ

2013 857 2083 926 γῇ
2115 856 2214 925 τῆς
2243 855 2593 924 ἐπαγγελίας,
2610 856 2679 911 τὰ
2701 859 2828 927 περὶ
2854 857 2948 913 τοῦ
2974 858 3162 930 νόμου,
3189 858 3259 912 τά
3282 860 3339 912 ἐν
3364 858 3442 929 τῷ
3464 859 3593 930 Σινᾷ

2012 939 2147 1011 ὄρει,
2175 936 2243 992 τά
2270 939 2378 994 τῶν
2415 939 2668 1010 πολέμων
2689 958 2701 970 ·
2738 943 2834 995 καὶ
2877 941 2938 993 τὸ
2979 943 3110 997 αὐτὸ
3134 941 3269 1013 ὁμοῦ
3297 960 3357 996 τε
3395 946 3477 1006 είς
3502 942 3593 995 τὸν

2012 1022 2145 1075 Θεὸν
2167 1023 2413 1095 εὐφημία
2439 1025 2670 1093 ἐγίνετο,
2697 1023 2835 1095 ὁμοῦ
2871 1043 2931 1079 τε
2964 1029 3078 1090 τοῖς
3111 1027 3296 1100 ᾅδουσι
3338 1027 3593 1080 διδασκα-

2011 1105 2132 1170 λίας
2169 1106 2456 1173 ὑπόθεσις,
2502 1108 2597 1162 καὶ
2639 1108 2727 1161 τὸν
2760 1107 2873 1178 βίον
2915 1109 3278 1180 ρυθμίζουσα,
3314 1111 3405 1164 καὶ
3454 1109 3592 1180 πρὸς

2011 1188 2292 1260 δογμάτων
2310 1189 2595 1261 ἀκρίϐειαν
2628 1193 3061 1262 χειραγωγοῦσα.
3087 1194 3314 1248 Αἰνεῖτε
3340 1193 3447 1247 τὸν
3475 1194 3592 1248 Κύ-

2000 1273 2281 1342 ριον,ὄτι
2322 1273 2549 1343 ἀγαθὸς
2584 1274 2822 1342 Κύριος.
2859 1275 3052 1340 Ἀλλος
3086 1276 3272 1346 φησὶν,
3310 1277 3433 1332 ’Ὁτι
3455 1292 3595 1345 χρη·

2005 1353 2178 1421 στός.
2201 1355 2378 1427 Ὅπερ
2420 1355 2653 1426 μάλιστα
2688 1359 2802 1422 τοῖς
2827 1357 3084 1412 ἀκούουσι
3126 1360 3393 1420 ποθεινὸν,
3433 1360 3591 1412 τοῦτο

2013 1435 2247 1507 συνεχῶς
2296 1437 2499 1509 τίθησι,
2538 1439 2637 1510 τὴν
2665 1439 3111 1513 φιλανθρωπίαν,
3154 1442 3247 1497 τὸν
3288 1443 3457 1510 ἔλεον,
3492 1442 3590 1513 τὴν

2010 1520 2373 1591 χρηστότητα.

2087 1601 2327 1656 Ψάλατε
2368 1600 2448 1668 τῷ
2490 1605 2734 1674 ὀνόματι
2766 1607 2977 1671 αὐτοῦ,
3027 1609 3115 1662 ὅτι
3162 1611 3377 1665 καλόν.
3421 1610 3591 1665 Τοῦτό

2012 1702 2143 1754 φησι
2183 1684 2396 1750 δεικνὺς
2438 1687 2520 1739 ὅτι
2568 1688 2676 1757 ἔχει
2717 1688 2840 1742 τινὰ
2888 1692 2982 1745 καὶ
3028 1692 3153 1745 καθ’
3197 1695 3359 1748 ἐαυτὸ
3393 1695 3594 1767 ἡδονὴν

2011 1769 2071 1821 τὸ
2122 1767 2353 1841 πρᾶγμα
2399 1770 2539 1841 μετά
2584 1772 2684 1842 τῆς
2716 1771 3004 1841 ὠφελείας.
3031 1776 3104 1829 Τὸ
3137 1778 3235 1847 μὲν
3270 1777 3375 1850 γὰρ
3402 1778 3591 1850 κέρδος

2011 1852 2177 1906 αὐτοῦ
2197 1851 2344 1926 [584]
2373 1852 2433 1907 τὸ
2458 1855 2887 1927 προηγούμενον,
2915 1857 2977 1911 τὸ
3000 1861 3081 1922 είς
3108 1859 3199 1912 τὸν
3229 1860 3362 1915 Θεὸν
3390 1861 3592 1933 ὕμνους

2011 1935 2223 2006 λέγειν,
2265 1938 2327 1991 τὸ
2369 1939 2468 2010 τὴν
2511 1940 2690 2011 ψυχὴν
2737 1941 3087 2014 ἐκκαθαίρειν
3114 1984 3130 2008 ,
3186 1943 3249 1998 τὸ
3298 1947 3592 2018 μετάρσιον

2013 2025 2184 2075 ποιεῖν
2211 2023 2303 2076 τὸν
2328 2022 2606 2096 λογισμὸν,
2625 2025 2687 2078 τὸ
2709 2025 3063 2081 παιδεύεσθαι
3091 2027 3336 2099 δόγματα
3364 2030 3589 2102 ἀκριϐῆ,

2011 2106 2073 2159 τὸ
2128 2106 2438 2176 φιλοσοφεῖν
2493 2108 2622 2180 περὶ
2679 2109 2814 2185 τῶνκ
2833 2111 3118 2181 παρόντων
3167 2112 3262 2166 καὶ
3309 2115 3439 2185 περὶ
3483 2113 3593 2166 τῶν

2016 2189 2334 2260 μελλόντων.
2387 2191 2540 2262 Ἔχει
2583 2191 2641 2242 δὲ
2694 2180 2833 2260 μετά
2879 2180 3082 2246 τούτων
3142 2192 3233 2246 διὰ
3270 2180 3591 2268 τῆςμελῳ-

2012 2272 2131 2336 δίας
2186 2273 2282 2326 καὶ
2335 2272 2529 2343 ἡδονὴν
2582 2272 2782 2344 πολλὴν
2815 2274 2911 2327 καὶ
2942 2276 3295 2347 παραμυθίαν
3331 2278 3455 2331 τινὰ
3500 2280 3596 2333 καὶ

2015 2356 2220 2421 ἄνεσιν,
2258 2356 2352 2417 καῖ¹
2389 2357 2585 2427 σεμνὸν
2623 2359 2768 2410 ποιεῖ
2800 2358 2892 2410 τὸν
2917 2357 3129 2430 ᾅδοντα.
3162 2361 3272 2415 Καὶ
3311 2362 3394 2415 ὅτι
3421 2362 3598 2417 τοιού-ν

2015 2457 2142 2504 τους
2171 2439 2485 2511 ἐργάζεται,
2520 2439 2681 2511 δῆλον
2713 2441 2778 2493 ἐκ
2797 2440 2891 2494 τοῦ
2919 2441 3010 2495 τὸν
3051 2442 3149 2513 μὲν
3194 2443 3301 2499 τῶν
3329 2447 3597 2518 ἑρμηνευ-

2016 2524 2124 2577 τῶν
2179 2527 2384 2591 εἰπεῖν,
2429 2525 2551 2578 Ὅτι
2601 2525 2932 2593 εὐπρεπὲς,
2984 2526 3077 2580 τὸν
3132 2528 3222 2592 δὲ,
3274 2531 3404 2584 Ὀτι
3452 2532 3591 2600 ἡδύ.

2031 2607 2352 2679 Ἀμφότεροι
2387 2606 2537 2661 δέτά
2562 2606 2735 2678 ἀληθῆ
2765 2607 3003 2678 λέγουσι.
3039 2612 3158 2665 Κάν
3195 2611 3305 2685 γὰρ
3335 2615 3595 2686 μυριάκις

2017 2690 2253 2762 ἀσελγὴς
2278 2692 2306 2744 ὁ
2332 2689 2551 2760 ψάλλων
2583 2686 2639 2766 ᾖ,
2678 2691 2999 2763 αἰδούμενος
3034 2694 3125 2748 τὸν
3157 2695 3393 2766 ψαλμὸν,
3422 2715 3595 2752 κατα-

2018 2777 2253 2847 κοιμίζει
2300 2779 2399 2848 τῆς
2437 2777 2724 2848 ἀσελγείας
2764 2780 2864 2852 τὴν
2894 2782 3215 2853 τυραννίδα·
3254 2783 3355 2838 κᾶν
3386 2784 3598 2856 μυρίοις

2017 2856 2052 2933 ᾗ
2086 2861 2277 2922 κακοῖς
2318 2860 2714 2933 βεϐαρημένος,
2751 2864 2853 2917 ’καὶ
2889 2864 2995 2918 ὑπὸ
3028 2865 3264 2936 ἀθυμίας
3294 2867 3596 2939 κατεχόμε-

1992 2960 2129 3008 ινος,
2170 2944 2650 3017 κατακηλούμενος
2684 2946 2788 3001 ὐπὸ
2812 2948 2911 3019 τῆς
2948 2950 3178 3021 ἡδονῆς,
3217 2954 3465 3022 κουφίζει
3502 2954 3597 3008 τὸν

2018 3027 2308 3099 λογισμὸν,
2345 3032 2537 3101 πτεροῖ
2559 3030 2658 3102 τὴν
2685 3030 2945 3097 διάνοιαν,
2976 3035 3070 3088 καὶ
3108 3036 3399 3110 μετάρσιον
3429 3039 3597 3110 ἐργά-

2021 3110 2170 3176 ζεται
2186 3110 2284 3181 τὴν
2306 3110 2506 3182 ψυχήν.
2527 3113 2655 3167 ’Ότι
2694 3115 2800 3169 τὸν
2838 3116 3046 3170 Ἰακὼὸ
3061 3118 3383 3185 ἐξελέξατο
3404 3121 3600 3187 ἐαυτῷ

2021 3197 2054 3247 ὁ
2104 3195 2339 3262 Κύριος,
2375 3196 2622 3265 Ἰσραὴλ
2651 3200 2739 3264 εὶς
2774 3202 3252 3272 περιουσιασμὸν
3282 3204 3492 3270 ἑαυτῷ.
3520 3207 3596 3260 Οὐ

2020 3277 2169 3346 λέγει
2189 3277 2288 3342 τὰς
2311 3281 2497 3343 κοινάς
2518 3281 2856 3351 εὐεργεσίας,
2879 3283 2947 3347 ἃς
2968 3284 3108 3354 μετὰ
3136 3285 3245 3340 τῶν
3264 3286 3438 3342 ἀλλων
3452 3288 3600 3360 ἕχον·

2024 3380 2129 3446 σιν,
2162 3362 2298 3417 ἀλλά
2314 3363 2411 3446 τὴν
2440 3364 2573 3419 ίδίαν
2598 3367 2693 3420 καλ⁵
2722 3366 2999 3438 ἐξαίρετον
3021 3369 3221 3427 αὐτῶν.
3251 3372 3348 3431 Τίς
3372 3373 3430 3426 δὲ
3455 3373 3595 3446 αὕτη

2019 3440 2124 3517 ἦν;
2160 3446 2233 3500 Τὸ
2259 3447 2351 3500 τὸν
2382 3445 2511 3501 λαὸν
2546 3449 2892 3514 ἐκλέξασθαι,
2925 3452 3020 3505 καὶ
3062 3452 3241 3524 ἐαυτῷ
3286 3440 3598 3520 ἀναθεῖναι,

2022 3529 2117 3582 xal
2149 3528 2457 3594 ίδιάξουσάν
2503 3550 2623 3587 τινα
2657 3533 2808 3603 παρά
2847 3535 2972 3599 τοὺς
3011 3534 3204 3601 ἀλλους
3247 3539 3327 3601 εἰς
3355 3538 3597 3604 αὐτοὺςτ

2024 3611 2280 3681 πρόνοιαν
2309 3613 2702 3680 ἐπιδείξασθαι.
2732 3618 2844 3672 Kal
2866 3619 3140 3691 πανταχοῦ
3168 3620 3326 3675 τοῦτο
3357 3622 3602 3677 ποιοῦσιν

2021 3696 2072 3749 οί
2121 3695 2426 3767 προφῆται,
2470 3697 2580 3752 ἀπὸ
2623 3699 2733 3754 τῶν
2759 3703 2840 3765 είς
2889 3704 3115 3767 ἑαυτοὺς
3161 3705 3488 3777 εὐεργεσιῶν
3533 3708 3603 3760 τά

2025 3778 2195 3833 πολλά
2217 3780 2328 3834 τῶν
2358 3780 2535 3850 λόγων
2564 3782 2904 3852 ὑφαίνοντες.
2939 3785 3005 3838 Τί
3035 3786 3093 3840 δέ
3113 3788 3281 3852 ἐστιν,
3306 3791 3412 3854 Εἰς
3441 3806 3602 3856 περι-

2025 3863 2366 3933 ουσιασμόν
2405 3864 2638 3931 ἐαυτῷ;
2719 3869 2816 3932 Εἰς
2859 3866 3111 3935 πλοῦτον,
3149 3871 3227 3934 εἰς
3263 3874 3599 3941 περιουσίαν.

2025 3945 2090 3998 Εί
2114 3946 2224 4018 γάρ
2249 3947 2344 4000 καῖ⁵
2380 3946 2569 4016 ὀλίγον
2588 3947 2650 4001 τὸ
2685 3948 2859 4015 ἔθνος,
2907 3951 3046 4006 ἀλλά
3084 3952 3242 4006 τοῦτο
3269 3952 3345 4019 ὡς
3374 3953 3603 4008 πλοῦτον

2026 4028 2204 4099 ἐαυτῷ
2245 4028 2548 4098 ἐξελέξατο,
2595 4032 2657 4085 οὐ
2689 4035 2757 4103 τῇ
2789 4034 3084 4106 ὀλιγότητι,
3132 4036 3269 4090 ἀλλά
3313 4039 3380 4108 τῇ
3432 4039 3599 4111 ἀρετῇ

2026 4111 2330 4183 προσέχων,
2364 4114 2502 4184 πρὸς
2526 4115 2593 4186 ἣν
2621 4116 2817 4180 αὐτοὺς
2839 4118 3251 4189 χειραγωγῆσαι
3283 4118 3602 4191 βουλόμενος

2025 4197 2327 4264 ἐκλέγεται,
2351 4198 2426 4260 ὼς
2452 4195 2562 4252 τῶν
2577 4198 2750 4253 ἄλλων
2769 4200 2866 4253 ἀνθ
2875 4200 3071 4271 ρώπων
3092 4203 3152 4255 οὐ
3186 4203 3435 4258 τοσοῦτον
3454 4205 3605 4277 αὐτῷ

2028 4281 2322 4335 ποιούντων
2350 4281 2598 4347 πλοῦτον,
2639 4283 2763 4336 ὅσον
2792 4278 2945 4348 οὗτος
2972 4288 3000 4339 ὁ
3033 4285 3223 4355 δῆμος,
3272 4287 3347 4352 ὡς
3376 4291 3403 4329 δ’
3447 4289 3604 4344 τοῦτο

2027 4368 2122 4421 καὶ
2168 4366 2390 4435 γέγονεν
2421 4366 2526 4421 ἀπό
2557 4384 2615 4421 τε
2645 4367 2744 4438 τῆς
2777 4369 2987 4433 εὐνοίας
3038 4369 3134 4423 τοῦ
3176 4370 3456 4442 ἑλομένου,
3490 4374 3603 4428 ἀπό

2025 4467 2087 4504 τε
2110 4451 2209 4519 τῆς
2238 4450 2616 4520 παιδαγωγίας
2631 4450 2831 4505 αὐτῶν.
2865 4448 2987 4507 Οἷδε
3026 4453 3135 4526 γὰρ
3157 4455 3384 4510 πλοῦτον
3401 4458 3432 4510 ὁ
3452 4458 3601 4513 ΙΙαῦ-

2028 4533 2117 4596 λος
2131 4533 2229 4604 τὴν
2248 4533 2522 4605 σωτηρίαν
2547 4533 2653 4587 τῶν
2669 4534 2767 4589 ἀνθ
2775 4536 2970 4606 ρώπων
2988 4538 3189 4601 καλεῖν,
3203 4541 3280 4604 ὡς
3294 4542 3423 4596 ὅταν
3439 4541 3574 4617 λέγῃ
3586 4561 3601 4575 ·

2041 4618 2094 4669 '0
2113 4617 2221 4686 γὰρ
2247 4617 2430 4684 αὐτός
2448 4619 2665 4687 Κύριος
2686 4618 2970 4675 πλουτῶν
2986 4625 3073 4690 εὶς
3104 4622 3359 4692 πάντας,
3386 4626 3484 4681 καὶ
3502 4628 3605 4684 ἐπὶ

2029 4701 2261 4767 πάντας
2283 4698 2424 4781 τοὺς
2441 4701 2955 4773 ἐπικαλουμένους
2969 4707 3173 4765 αὐτόν.
3193 4710 3304 4764 Kal
3320 4711 3507 4766 πάλιν
3522 4713 3605 4779 Τῷ

2031 4784 2159 4847 ὶδίῳ
2173 4784 2357 4867 κυρίῳ
2373 4784 2656 4867 στήκει,ἣ
2675 4788 2895 4843 πίπτει.
2915 4791 3075 4862 Ὁρᾷς
3087 4792 3115 4833 ιι
3136 4793 3252 4858 πῶς
3266 4794 3363 4867 τὴν
3385 4797 3607 4867 ἀγάπην

2031 4865 2332 4931 ἐνεδείξατο
2354 4866 2451 4921 τοῦ
2491 4866 2627 4921 Θεοῦ
2665 4869 2763 4940 τὴν
2801 4873 2930 4944 περὶ
2958 4874 3178 4941 αὐτοὺς,
3203 4878 3303 4947 τὴν
3323 4865 3606 4949 πρόνοιαν,

2028 4947 2127 5019 τὴν
2143 4948 2488 5019 κηδεμονίαν,
2525 4949 2623 5022 τὴν
2643 4950 2904 5018 διάθεσιν,
2929 4956 3061 5009 ὅπου
3086 4973 3150 5025 γε
3170 4947 3604 5029 -περιουσιασμὸν

2030 5032 2229 5095 αὐτοὺς
2259 5034 2505 5089 ἐκάλεσε.
2525 5036 2604 5088 Δι’
2618 5036 2943 5108 ἀμφοτέρων
2964 5038 3140 5092 τοίνυν
3165 5039 3368 5093 τούτων
3399 5040 3602 5094 δείκνυ-

2033 5131 2116 5167 σιν
2142 5116 2306 5170 αὐτοῦ
2330 5117 2427 5186 τὴν
2454 5116 2730 5191 ἐξαίρετον
2759 5121 2887 5191 περὶ
2921 5122 3118 5184 αὐτοὺς
3140 5121 3416 5192 πρόνοιαν,
3445 5124 3525 5176 ὃτι
3544 5141 3603 5178 τε

2032 5196 2333 5266 ἐξελέξατο,
2362 5201 2443 5254 ὅτι
2471 5218 2530 5252 τε
2553 5203 2632 5264 είς
2654 5206 3075 5273 περιουσιασμὸν
3102 5204 3297 5273 ἐαυτῷ.
3318 5202 3468 5270 Εἶδες
3491 5206 3604 5270 πῶς

2101 5360 2124 5386 θ
2162 5358 2312 5415 Alius,
2339 5364 2467 5406 teste
2493 5361 2628 5417 Sat,
2653 5360 2844 5407 ἐκεῖνον.

2100 5417 2121 5456 τ
2158 5419 2327 5467 Morel.
2371 5420 2502 5480 παρα
2541 5419 2650 5475 τοὺς
2687 5420 2856 5475 ἄλλους
2892 5421 2977 5468 καὶ
3016 5422 3080 5476 είς
3127 5423 3309 5480 αὐτούς.
3360 5423 3413 5474 In
3454 5423 3603 5475 Savﬂ.

2031 5481 2112 5527 καί
2133 5481 2277 5541 dAcesl
2297 5485 2350 5527 et
2369 5488 2505 5541 rgcte
2528 5481 2746 5541 quide.
2828 5540 2831 5541 ν
3302 5491 3308 5497 -
3554 5488 3557 5491 -

2099 5539 2264 5607 !__S_av.
2293 5541 2371 5607 8¢._
2389 5539 2607 5607 Utraqige
2632 5541 2776 5607 leclip
2794 5540 2994 5598 obscura
3018 5564 3029 5591 :
3066 5544 3112 5607 in
3136 5544 3458 5607 sequeluibus
3487 5548 3606 5598 item

2035 5603 2251 5669 Sayiljus
2269 5602 2444 5669 ναῖ’-ἰαί,
2469 5603 2655 5669 addens
2675 5603 2755 5649 καί
2774 5609 2890 5652 ante
2911 5606 3167 5669 σωτηρίαν.

2103 5663 2135 5701 ll
2162 5664 2272 5712 Sav.
2303 5662 2451 5711 Αὐτὸν
2476 5664 2602 5725 ὁρᾷς.
3036 5662 3059 5669 Ἰ
3136 5681 3143 5687 ·
