4018 6268
290 252 394 309 389

285 381 431 420 suam
463 365 874 434 possessionem.
907 363 1091 419 Vidisti
1116 363 1382 434 quomodo
1410 363 1706 419 ostenderit
1748 363 1864 432 ejus

285 456 714 512 immanitatem?
741 467 795 512 et
816 455 935 510 ideo
961 457 1219 525 incipiens
1243 455 1396 522 dixit,
1429 455 1654 510 Laudato
1683 456 1863 510 Denti-

281 564 422 615 num,
469 547 590 618 quia
620 547 774 601 bonus
818 555 892 599 est
930 544 1193 600 Dominus.
1250 547 1302 602 5.
1355 547 1485 613 Quia
1517 563 1606 616 ego
1631 548 1858 618 cognovi,

281 640 412 708 quod
439 655 651 710 ntagnns
679 648 749 692 est
777 635 1042 691 Dominus.
1073 638 1208 692 Ecce
1228 638 1390 690 'aliam
1417 636 1569 691 all‘ert
1613 637 1860 692 laudandi

278 747 515 788 causam.
561 731 650 786 Dic
695 731 824 785 milii
870 740 1070 798 autem,
1115 745 1242 802 rogo
1274 746 1290 785 :
1323 739 1377 786 tu
1403 729 1564 798 nosti,
1605 731 1692 784 alii
1734 746 1860 785 vero

281 837 384 875 non
417 822 646 876 norunt?
673 819 879 876 Norunt
911 821 1144 890 quidem,
1176 821 1269 876 sed
1299 837 1403 876 non
1429 821 1501 877 ita
1536 829 1593 876 ut
1619 835 1738 890 ego.
1766 822 1860 875 Est

280 913 420 967 enim
470 912 701 966 maxime
749 922 1074 976 sanctorum,
1133 920 1188 968 et
1231 927 1414 966 eorum
1459 913 1548 982 qui
1570 913 1854 981 plurimum

276 1003 651 1067 ascenderunt,
679 1006 981 1058 accuratius
1009 1004 1123 1072 ejus
1145 1018 1472 1072 cognoscere
1499 1005 1850 1072 majestatem,

274 1108 380 1149 non
403 1095 615 1165 quidem
646 1095 944 1148 universam
976 1095 994 1163 (
1024 1095 1125 1148 hoc
1151 1094 1290 1148 enim
1318 1093 1430 1148 fieri
1466 1109 1570 1148 non
1597 1103 1772 1166 potest
1791 1097 1850 1164 '),

278 1184 368 1239 sed
395 1185 636 1253 apertius
665 1200 821 1254 quam
851 1185 960 1237 alii.
991 1183 1058 1238 Et
1096 1183 1236 1239 Deus
1279 1195 1448 1238 noster
1476 1201 1582 1254 pra:
1625 1185 1853 1245 omnibus

275 1275 389 1329 diis.
416 1276 573 1340 Ecce,
604 1277 830 1344 inquies,
858 1276 948 1345 qui
978 1276 1101 1330 dicit
1128 1291 1373 1346 magnum
1402 1291 1521 1330 esse
1549 1277 1847 1343 Dominum,

269 1383 322 1428 et
362 1380 422 1421 se
451 1366 504 1421 id
533 1367 768 1430 novisse,
799 1367 1091 1434 procedens
1113 1368 1160 1422 ei
1185 1366 1326 1436 quod
1352 1368 1561 1422 dixerat
1594 1368 1846 1435 detrahit,

266 1465 466 1512 etcum
509 1456 718 1511 confert
764 1473 886 1511 cum
913 1459 1064 1522 aliis,
1093 1469 1145 1513 et
1185 1473 1279 1526 per
1319 1459 1768 1527 comparationem
1800 1459 1846 1514 ei

270 1549 636 1606 excellentiam
664 1550 866 1604 tribuit.
893 1548 1256 1619 Nequaquam,
1282 1550 1472 1619 inquit,
1497 1550 1588 1606 sed
1615 1559 1739 1605 tunc
1771 1552 1847 1603 lo-

267 1639 530 1708 quebatur
549 1639 751 1694 habens
775 1641 1032 1694 rationem
1055 1656 1259 1707 eorum,
1278 1642 1365 1710 qui
1386 1639 1691 1708 audiebant,
1717 1657 1846 1711 pau-

267 1729 418 1784 latim
440 1745 535 1786 eos
562 1730 628 1788 ad
658 1731 711 1786 id
750 1731 1034 1787 deducens.
1058 1732 1237 1801 Neque
1263 1732 1403 1786 enim
1433 1733 1535 1787 hoc
1559 1733 1844 1789 admodum

269 1836 520 1891 magnum
557 1838 676 1878 eum
706 1823 960 1889 ostendit,
1004 1823 1146 1894 quod
1174 1825 1379 1879 dicatur
1409 1824 1548 1879 Deus
1583 1839 1704 1880 esse
1733 1840 1844 1880 ma-

266 1912 430 1980 jor,et
455 1927 673 1982 magnus
701 1928 808 1983 prae
835 1913 938 1968 illis
966 1930 980 1967 :
1015 1913 1130 1980 sed,
1159 1914 1295 1968 sicut
1319 1914 1449 1975 dixi.
1475 1913 1689 1983 adaptat
1723 1929 1840 1968 ora-

268 2004 466 2058 tionem
509 2002 790 2058 humilitati
831 2005 1159 2069 auditorum,
1201 2021 1295 2061 eos
1335 2006 1584 2076 paulatim
1608 2007 1835 2076 erigens.

265 2095 410 2150 Bette
442 2096 584 2151 enim
613 2105 737 2152 tunc
762 2113 885 2154 cum
929 2097 1010 2154 eis
1052 2100 1327 2170 agebatur,
1379 2101 1520 2171 quod
1552 2100 1666 2156 haec
1691 2101 1841 2156 audi-

264 2186 484 2252 vissent,
512 2197 564 2240 et
593 2203 844 2256 persuasa
872 2189 1151 2244 haberent.

331 2276 384 2330 2.
461 2278 612 2345 Quod
641 2280 781 2335 enim
812 2295 996 2337 omnes
1035 2283 1165 2336 citra
1195 2283 1354 2336 ullam
1390 2285 1837 2354 comparationem

261 2378 512 2436 superet,
557 2372 788 2427 ostendit
830 2388 925 2440 per
963 2389 1027 2429 ea
1079 2390 1198 2445 qua:
1241 2386 1562 2446 sequuntur,
1611 2377 1838 2432 affercns

260 2462 548 2514 maximum
596 2472 959 2532 argumentum
991 2464 1104 2534 ejus
1151 2469 1431 2534 potentiae,
1462 2479 1514 2521 et
1551 2467 1838 2524 ostendens

259 2563 318 2606 se
344 2551 522 2620 priora
549 2551 753 2608 dixisse
798 2563 1011 2624 propter
1039 2557 1450 2613 imbecillitatem
1481 2560 1783 2615 auditorum
1817 2578 1832 2616 :

258 2650 312 2696 et
340 2641 460 2697 ideo
486 2643 697 2714 quando
721 2654 920 2702 tantum
951 2651 1219 2713 enuntiat,
1256 2663 1416 2716 parva
1447 2646 1838 2717 dicit;quando

258 2743 434 2792 autem
461 2736 772 2804 conﬁrmat,
801 2749 856 2794 et
898 2739 1258 2806 demonstrat,
1310 2752 1365 2797 et
1392 2741 1512 2810 ejus
1539 2744 1838 2812 majestatis

258 2827 414 2882 aﬂ'ert
441 2829 824 2897 probationem,
871 2849 1055 2903 magna
1085 2835 1300 2902 profert.
1333 2833 1472 2899 Quid
1494 2847 1623 2902 ergo
1647 2846 1835 2905 postea

261 2919 493 2985 adducit,
508 2922 644 2990 quod
671 2922 743 2977 sit
770 2939 835 2978 eo
855 2924 1069 2995 dignum
1091 2935 1169 2991 ,ct
1192 2926 1335 2993 quod
1376 2927 1444 2981 sit
1469 2926 1560 2980 Dei
1583 2927 1838 2984 tantum?

265 3010 400 3066 Vide
443 3014 742 3086 :subjungit
777 3017 918 3071 enim
946 3035 960 3071 :
1007 3017 1059 3071 6.
1091 3017 1273 3072 Omnia
1316 3035 1633 3090 quiscumque
1665 3020 1832 3074 voluit

257 3103 539 3174 Dominus,
566 3108 680 3177 fecit
710 3109 766 3161 in
805 3108 930 3162 creto
981 3120 1026 3163 et
1054 3110 1106 3163 in
1148 3121 1309 3176 terra,
1337 3127 1388 3164 tn
1425 3111 1644 3165 maribus
1695 3121 1741 3165 et
1778 3113 1830 3165 in

253 3195 481 3250 omnibus
525 3197 734 3267 abyssis.
765 3199 950 3254 Vidisti
990 3201 1272 3270 potentiam
1314 3202 1398 3256 cui
1438 3201 1567 3255 nihil
1613 3204 1829 3257 omnino

249 3285 454 3342 deest?
494 3288 669 3344 vidisti
693 3288 893 3345 fontem
919 3291 1084 3345 vitte?
1130 3291 1302 3346 vidisti
1344 3293 1486 3347 vires
1503 3294 1826 3362 inexpugna-

247 3376 387 3431 biles
409 3376 436 3430 ἲ
455 3377 630 3432 vidisti
663 3379 1026 3434 excellentiam
1057 3381 1274 3436 omnino
1314 3382 1776 3452 incomparabilem
1805 3384 1829 3437 ?

246 3467 424 3522 vidisti
445 3477 760 3538 potestatem
784 3486 901 3541 qua:
921 3471 1067 3526 nullo
1096 3471 1252 3526 modo
1279 3472 1624 3542 prohibetur?
1654 3475 1826 3529 vidisti

244 3558 295 3613 ci
321 3559 498 3613 omnia
526 3560 770 3629 expedita
795 3570 850 3617 et
873 3561 1085 3618 facilia?
1113 3562 1295 3618 Omnia
1320 3565 1482 3628 enim,
1502 3566 1829 3635 iuquit,qm2-

243 3664 458 3719 cumque
496 3649 650 3704 voluit
675 3651 806 3720 fecit.
838 3651 953 3720 Dic,
980 3652 1226 3708 ubinam?
1263 3654 1331 3710 In
1355 3655 1479 3709 caelo
1514 3665 1559 3710 et
1589 3656 1638 3708 in
1671 3665 1823 3710 terra.

244 3739 363 3793 Hoc
386 3749 468 3794 est
495 3756 600 3795 non
621 3740 708 3797 hic
726 3743 916 3812 solum,
941 3743 1034 3800 sed
1055 3745 1212 3800 etiam
1241 3746 1290 3800 in
1309 3747 1458 3802 caelo.
1481 3747 1594 3802 Non
1618 3748 1670 3803 in
1694 3751 1825 3803 caelo

242 3829 458 3896 solum,
497 3832 592 3886 sed
637 3831 797 3888 etiam
835 3835 1081 3890 interra.
1126 3834 1240 3890 Non
1265 3836 1500 3891 solumin
1529 3847 1688 3901 terra,
1730 3840 1824 3894 sed

244 3924 409 3978 etiam
457 3922 528 3977 lu
556 3925 808 3991 maribus,
839 3935 886 3980 et
913 3926 966 3980 in
992 3927 1218 3981 omnibus
1257 3927 1448 3998 abyssis
1467 3965 1481 3981 .
1527 3929 1629 3984 Per
1665 3930 1823 4000 abys-

243 4029 366 4068 sum
382 4016 525 4070 enim
555 4015 679 4072 dicit
699 4032 817 4088 qua:
839 4027 964 4074 sunt
983 4018 1116 4075 infra
1145 4028 1360 4087 terrain,
1382 4022 1822 4091 quemadmodum

242 4105 579 4172 dicendo,ln
597 4109 812 4175 ceio,ea
838 4125 955 4180 qum
985 4119 1107 4166 sunt
1127 4126 1287 4181 super
1321 4113 1501 4167 cmlos.
1527 4113 1677 4169 Unde
1696 4130 1814 4169 cmn

247 4208 329 4251 tot
354 4207 407 4251 et
430 4207 570 4254 tanta
599 4201 735 4266 sint,
770 4202 1012 4257 voluntas
1031 4202 1487 4273 ejusnequaquam
1521 4204 1819 4274 impeditur,

243 4288 344 4342 sed
371 4291 545 4344 omnia
568 4293 835 4361 pervadit,
855 4302 908 4346 et
924 4293 1062 4362 quod
1081 4301 1160 4350 est
1180 4293 1512 4359 admirabile,
1546 4295 1588 4349 is
1609 4336 1623 4362 ,
1646 4298 1732 4363 qui
1760 4311 1821 4349 ea

243 4379 401 4442 fecit,
435 4380 580 4434 nullo
622 4383 870 4450 negotio,
902 4384 985 4436 vel
1013 4383 1229 4448 labore,
1259 4401 1363 4439 non
1401 4384 1581 4454 jussu,
1610 4386 1702 4440 sed
1735 4402 1824 4442 vo-

243 4471 452 4525 luntate
477 4473 634 4526 fecit:
660 4473 828 4527 solum
855 4474 995 4526 enim
1025 4475 1214 4540 voluit,
1241 4485 1294 4529 et
1320 4491 1452 4545 opus
1478 4478 1652 4532 statim
1696 4492 1824 4530 con-

241 4573 531 4629 sequutum
573 4573 672 4618 est.
746 4564 930 4618 Vidisti
985 4566 1250 4636 quomodo
1316 4569 1606 4624 ostenderit
1663 4587 1821 4640 quam

246 4653 421 4709 facilia
451 4671 512 4711 ac
536 4658 748 4725 cepiosa
773 4657 962 4712 fuerint
987 4658 1102 4728 ejus
1123 4675 1282 4728 opera
1299 4703 1312 4723 ,
1342 4671 1394 4715 et
1414 4663 1680 4730 quomodo
1705 4663 1823 4732 ejus

243 4755 484 4817 potestas
525 4747 789 4816 prohiberi
835 4765 940 4804 non
993 4753 1238 4820 poterat?
1269 4753 1466 4808 Deinde
1501 4756 1717 4810 mittens
1745 4755 1824 4810 di-

249 4856 375 4895 cere
406 4841 473 4897 de
500 4843 634 4897 caelo
672 4854 726 4898 et
756 4853 894 4900 terra
946 4855 1002 4900 et
1050 4847 1204 4911 mari,
1236 4846 1391 4902 affert
1440 4863 1500 4902 ea
1553 4865 1672 4919 qua:
1701 4860 1825 4904 sunt

249 4933 303 4986 in
349 4932 463 4997 eis,
521 4933 616 4988 sed
665 4949 763 4990 nec
815 4937 992 4990 omnia
1042 4937 1253 5007 quidem
1295 4953 1415 5008 qua:
1460 4949 1585 4992 sunt
1635 4940 1686 4993 iu
1721 4941 1820 5004 eis,

245 5025 342 5082 sed
363 5041 488 5080 cum
518 5029 942 5094 praetermisisset
966 5045 1030 5084 ea
1049 5045 1168 5099 qua:
1186 5039 1306 5084 sunt
1335 5031 1387 5085 in
1407 5031 1560 5100 caelo,
1578 5032 1678 5087 etsi
1703 5044 1826 5087 sunt

244 5117 663 5184 admirabiliora,
693 5119 822 5177 dicit
861 5135 923 5175 ea
950 5137 1067 5190 qua:
1104 5130 1228 5176 sunt
1275 5123 1414 5178 circa
1457 5123 1666 5184 caelum.
1712 5124 1822 5193 Qua

245 5207 316 5262 de
363 5207 458 5262 re?
503 5208 762 5277 Quoniam
811 5210 896 5265 illa
946 5211 1179 5282 quidem,
1230 5213 1329 5269 etsi
1379 5229 1567 5284 magna
1609 5227 1821 5280 essent,

246 5307 401 5351 erant
456 5307 632 5354 tamen
661 5300 841 5355 multis
871 5303 1090 5373 ignota:
1131 5303 1244 5359 lure
1286 5315 1500 5369 autem,
1547 5308 1675 5362 licet
1722 5311 1825 5362 mi-

247 5405 397 5452 nora,
429 5392 784 5448 cernebantur
811 5403 1007 5478 tamen,
1055 5404 1110 5451 et
1150 5412 1337 5453 omnes
1381 5397 1653 5456 habebant
1701 5416 1846 5472 spe--

248 5491 502 5536 statores.
529 5481 664 5550 Quia
689 5498 815 5553 ergo
837 5485 1000 5541 verba
1026 5485 1249 5543 faciebat
1274 5488 1414 5560 apud
1442 5489 1704 5558 homines,
1737 5493 1827 5561 qui

313 5597 344 5670 ξ,
491 5603 625 5670 is!"
753 5597 880 5670 enirn
897 5599 1163 5654 abstrdam
1183 5610 1253 5656 est
1266 5617 1284 5666 ,°
1307 5619 1418 5668 quae
1447 5609 1642 5670 quidem
1669 5614 1829 5662 vevsio

245 5657 433 5712 optime
452 5659 654 5721 quadrat
678 5659 735 5706 ad
758 5663 954 5710 seriem.

1389 249 1748 305 EXPUSITIO
1784 247 1850 305 ΙΝ
1894 249 2211 312 PSALMUM
2250 257 2537 314 CXXXIV.

3447 285 3551 338 seu

1980 381 2084 422 non
2117 378 2318 425 tantum
2338 372 2440 429 ﬁde
2465 374 2792 433 ducebantur
2811 381 2874 434 ad
2904 397 2965 438 ea
2995 387 3272 455 cogitanda
3297 407 3416 461 qua:
3441 413 3546 456 non

1971 459 2319 528 apparebant,
2352 474 2607 532 quantum
2633 483 2697 522 ex
2746 469 2810 524 iis
2847 487 2967 541 quae
3012 459 3337 546 apparebant
3382 487 3547 543 veluti

1975 563 2134 603 manu
2165 549 2494 608 ducebantur
2524 571 2536 606 :
2570 556 2637 612 ab
2667 558 2732 611 iis
2754 560 2935 631 incipit
2968 573 3148 621 texere
3175 570 3465 630 orationem
3493 589 3546 632 et

1969 636 2287 707 doctrinam,
2322 645 2462 712 quod
2488 647 2602 701 aliis
2651 649 2947 708 faciendum
2973 657 3162 713 suadet
3191 660 3292 715 hoc
3335 674 3388 719 et
3429 667 3544 735 ipse

1967 728 2186 820 faciens.
2214 734 2488 800 Quodnam
2518 738 2650 794 hoc?
2695 742 2856 798 Deum
2897 761 2960 800 ex
3002 748 3118 817 ejus
3146 754 3395 820 operibus
3426 728 3542 812 lau-

1963 819 2382 918 dare,_eumqni
2428 830 2631 898 singula
2671 834 2785 902 ejus
2824 851 2983 906 opera
3011 819 3294 911 didicerit,
3337 845 3541 918 ipsique

1966 926 2061 977 pro
2081 913 2303 984 singulis
2326 918 2549 987 gloriam
2579 924 2795 980 referre.
2820 927 2952 993 Quia
2981 932 3120 985 enim
3144 934 3212 988 ad
3249 913 3370 991 eum
3421 913 3538 994 lau-

1960 999 2191 1058 dandum
2222 1006 2532 1075 adhortans,
2573 1014 2784 1072 assidue
2813 1017 3022 1074 dicebat
3052 1039 3064 1075 :
3096 1021 3326 1080 Laudato
3356 1044 3535 1084 nomen

1961 1091 2188 1163 Domini,
2213 1098 2434 1167 laudate,
2455 1104 2603 1168 servi,
2630 1105 2898 1162 Domi-num
2927 1127 2946 1164 .'
2970 1115 3202 1169 ostendit
3221 1118 3378 1172 etiam
3405 1137 3534 1190 quo-

1960 1184 2120 1239 modo
2150 1187 2363 1244 laudare
2393 1203 2653 1260 oporteat,
2683 1200 3050 1268 persequendo
3076 1204 3378 1261 universum
3411 1184 3529 1264 cor-

1959 1289 2056 1343 pus
2095 1288 2374 1367 creaturae,
2402 1283 2696 1354 laudando,
2727 1300 2782 1344 et
2804 1290 3120 1350 adntirando
3143 1298 3158 1328 ¹
3185 1300 3528 1367 sapientiam,

1958 1366 2367 1433 providentiam,
2402 1376 2713 1444 potentiam,
2751 1393 2953 1439 curam.
2980 1384 3113 1440 Hinc
3139 1387 3393 1445 discimus
3424 1366 3530 1445 non

1953 1472 2073 1513 esse
2104 1459 2204 1516 hoc
2225 1463 2395 1518 solum
2426 1478 2662 1523 nostrum
2692 1487 2857 1539 mare,
2884 1477 2979 1531 sed
3011 1479 3173 1533 multa
3218 1491 3272 1535 et
3294 1482 3524 1546 diversa,
3619 1461 3634 1471 ν

1951 1559 2005 1602 et
2028 1549 2224 1606 infinita
2254 1558 2438 1612 maria.
2472 1558 2612 1614 Dixit
2641 1563 2780 1616 enim
2802 1607 2816 1629 ,
2856 1565 2924 1621 In
2952 1570 3175 1625 maribus
3217 1583 3262 1626 et
3297 1575 3526 1628 omnibus

1950 1638 2160 1710 abyssis.
2193 1642 2442 1714 Caspium
2465 1651 2625 1706 enim.
2646 1661 2699 1707 et
2719 1653 2950 1714 Indicum
2969 1667 3023 1712 et
3047 1658 3282 1714 Rubrum
3312 1674 3434 1716 sunt
3458 1667 3525 1718 ab

1949 1729 2050 1784 ltoc
2080 1733 2258 1798 utique
2284 1734 2567 1804 disjuncta,
2589 1751 2654 1795 'et
2679 1740 2920 1800 Oceanus
2944 1749 3034 1816 qui
3063 1750 3230 1805 ambit
3259 1756 3521 1810 extrinse—

1947 1835 2062 1876 cus.
2093 1823 2142 1876 7.
2177 1823 2411 1880 Educeus
2434 1829 2589 1883 nubes
2615 1829 2676 1884 ab
2696 1842 2914 1888 extremo
2939 1845 3100 1893 tet-rw.
3131 1841 3298 1906 Alius,
3318 1844 3522 1903 Sustul-

1947 1911 2071 2002 iens.
2101 1914 2268 1978 Alius,
2299 1917 2518 1972 Altraltt't
2545 1919 2608 1974 ab
2623 1924 2856 1978 extremis
2881 1925 3086 1993 ﬁnibus.
3114 1929 3284 2000 Alius,
3324 1920 3370 1988 λ
3397 1937 3519 2002 ﬁni-

1946 2001 2037 2056 bus
2068 2003 2162 2074 (a).
2191 2005 2301 2060 lloc
2324 2009 2481 2062 etiam
2509 2009 2563 2064 itt
2587 2011 2688 2067 Job
2715 2011 2913 2076 dictum
2941 2025 3024 2072 est
3045 2036 3057 2072 :
3081 2017 3308 2091 Alligans
3337 2001 3519 2093 aquam

1943 2094 1995 2146 in
2034 2097 2243 2152 nubibus
2271 2100 2374 2154 suis
2418 2100 2562 2166 (Job.
2593 2103 2682 2160 26.
2723 2105 2802 2174 8).
2832 2105 2900 2162 Et
2939 2107 3188 2166 Salomon
3211 2130 3229 2166 :
3251 2112 3520 2172 Continens

1943 2202 2124 2254 aquam
2162 2190 2213 2241 in
2261 2191 2546 2246 vestimento
2576 2193 2767 2264 (Prov.
2796 2196 2884 2251 30.
2917 2197 3010 2270 4).
3055 2200 3152 2255 Hie
3189 2213 3365 2268 autem
3409 2223 3514 2262 non

1943 2276 2043 2331 boc
2087 2279 2233 2344 dicit,
2281 2281 2379 2336 sed
2429 2283 2571 2337 aliud
2602 2285 2863 2342 mirabile.
2895 2289 3198 2354 Quidnam?
3237 2296 3388 2363 Quod
3424 2315 3517 2354 aer

1942 2381 2062 2420 cum
2092 2371 2326 2426 crassior
2365 2372 2544 2439 fuerit,
2587 2388 2801 2429 sursum
2862 2377 3033 2433 fertur
3084 2392 3138 2437 et
3188 2389 3507 2445 transmitti-

1941 2465 2045 2522 tur,
2095 2470 2146 2513 et
2173 2462 2412 2516 ascendit
2437 2464 2487 2518 id
2518 2465 2656 2534 quod
2682 2481 2842 2536 grave
2866 2476 2980 2536 est,
3010 2471 3093 2526 via
3131 2479 3394 2532 contraria
3427 2481 3510 2535 in-

1938 2547 2200 2614 grediens.
2234 2551 2558 2609 Admirabile
2580 2563 2757 2610 autem
2786 2567 2866 2611 est
2894 2560 3032 2626 quod
3057 2577 3190 2632 aqua
3215 2565 3266 2618 iu
3293 2581 3357 2622 eo
3380 2583 3510 2624 con-

1941 2635 2171 2693 tineatur
2200 2657 2214 2693 :
2247 2641 2338 2694 sed
2390 2643 2556 2700 multo
2596 2646 2981 2716 admirabilius,
3010 2653 3148 2721 quod
3181 2655 3231 2708 in
3273 2672 3336 2710 eo
3368 2661 3508 2728 quod

1937 2726 2054 2781 leve
2099 2735 2185 2782 est
2229 2739 2478 2786 contenta
2529 2735 2770 2794 feratur:
2807 2749 2860 2796 et
2907 2741 3082 2797 adhuc
3111 2726 3510 2815 admirabilius,

1937 2815 2077 2906 quod
2107 2831 2242 2906 aqua
2283 2836 2400 2888 qua}
2429 2822 2481 2876 in
2521 2823 2614 2878 illo
2641 2839 2764 2881 aere
2803 2831 3107 2887 continetur
3127 2875 3140 2896 ,
3169 2846 3447 2906 pos:quam
3479 2855 3509 2893 e

1936 2903 2075 2958 nube
2103 2905 2386 2975 efﬂuxerit,
2434 2911 2500 2966 ab
2526 2926 2650 2968 aere
2676 2915 2762 2984 qui
2805 2920 3044 2988 sequitur
3067 2961 3082 2984 ,
3131 2938 3236 2976 non
3282 2903 3509 2994 amplius

1935 2998 2287 3063 contineatur,
2316 3001 2407 3055 sed
2440 3003 2670 3073 undique
2697 3007 2922 3076 difiluat,
2944 3019 2999 3066 et
3041 3013 3090 3066 iu
3125 3022 3317 3068 terram
3359 3016 3508 3074 defe-

1933 3096 2100 3146 ratur.
2127 3090 2288 3160 Atqui
2335 3091 2380 3144 si
2411 3107 2473 3147 ea
2499 3095 2863 3152 contineretur
2887 3115 2952 3156 ex
2991 3111 3210 3170 natura,
3240 3115 3509 3176 oporteret

1931 3193 2048 3232 eam
2075 3179 2232 3234 etiam
2262 3182 2522 3239 contineri
2549 3185 2600 3239 itt
2629 3201 2775 3244 aere.
2801 3190 3254 3258 Quemadmodum
3281 3198 3420 3252 enim
3460 3201 3506 3254 si

1931 3270 2048 3340 quis
2069 3279 2237 3326 utrem
2258 3272 2311 3326 in
2330 3288 2506 3330 aerem
2519 3276 2665 3334 abire
2677 3280 2896 3349 sineret,
2912 3298 3046 3354 aqua
3065 3286 3298 3356 plenum,
3313 3289 3506 3347 deinde

1933 3358 2159 3415 ferretur
2176 3363 2244 3417 ab
2256 3378 2400 3432 aere,
2415 3365 2641 3423 ferretur
2654 3371 2813 3426 etiam
2830 3388 2961 3444 aqua
2985 3391 3102 3447 qua:
3117 3377 3259 3434 intus
3270 3382 3506 3438 contine-

1931 3457 2036 3514 tur,
2054 3450 2096 3503 si
2115 3450 2409 3510 efﬂuxisset
2437 3455 2504 3510 ab
2528 3467 2645 3520 utre
2673 3476 2687 3513 :
2720 3460 2792 3516 ita
2821 3475 3234 3523 consentaneum
3261 3480 3403 3526 esset
3418 3473 3505 3527 hic

1929 3557 2141 3614 quoque
2158 3545 2290 3602 fieri.
2309 3547 2413 3604 Sed
2429 3551 2548 3620 quia
2561 3562 2749 3610 cuncta
2767 3571 2927 3627 opera
2945 3568 3068 3617 sunt
3081 3560 3432 3629 admirabilia,
3452 3577 3507 3620 et

1930 3645 2184 3703 superant
2206 3637 2534 3709 Opinionem,
2562 3658 2720 3714 supra
2747 3661 2923 3703 rerum
2953 3649 3192 3706 ordinem
3243 3664 3298 3708 et
3337 3655 3503 3712 ratio-

1931 3739 2051 3778 nem
2083 3740 2294 3782 omnem
2341 3728 2473 3784 fiunt
2518 3731 2633 3788 haec
2669 3737 2865 3790 omnia.
2889 3737 3040 3805 Quod
3069 3742 3209 3797 enim
3253 3744 3304 3798 in
3348 3746 3506 3801 nubis

1929 3830 2052 3870 aere
2077 3818 2400 3888 continetur,
2430 3837 2537 3878 non
2559 3825 2859 3883 continetur
2887 3829 2939 3882 in
2968 3845 3089 3885 aere
3110 3834 3196 3902 qui
3219 3837 3471 3905 consequi
3487 3866 3501 3876 -

1931 3916 2033 3959 tur.
2069 3907 2256 3962 Vidisti
2304 3927 2416 3966 rem
2465 3913 2867 3979 admirabilem,
2918 3930 2972 3974 et
3019 3923 3326 3992 quomodo.
3362 3927 3502 3995 quod

1929 4001 2136 4054 eteteris
2166 4002 2371 4056 videtur
2400 4019 2518 4059 esse
2562 4006 2771 4071 minus,
2816 4010 2864 4062 id
2905 4026 3024 4065 cuin
3057 4023 3252 4080 posuit,
3297 4014 3423 4070 fecit
3451 4033 3507 4072 ut

1931 4088 1998 4142 sit
2030 4088 2380 4144 admirabile?
2411 4093 2609 4149 Deinde
2636 4097 2868 4152 ostendit
2894 4101 3050 4154 etiam
3081 4103 3222 4156 aliud
3269 4103 3502 4160 adrnira-

1931 4178 2055 4248 bile,
2088 4181 2292 4244 dicens,
2325 4183 2399 4236 Ab
2433 4195 2652 4243 extremo
2687 4197 2864 4255 terrae,
2894 4191 3012 4255 vel,
3045 4192 3087 4243 Α
3112 4208 3305 4248 summa
3335 4203 3501 4250 terra.

1928 4269 2042 4324 Non
2092 4273 2262 4328 solum
2302 4275 2444 4328 enim
2472 4277 2786 4343 ascendunt,
2814 4280 2908 4333 sed
2938 4282 3098 4335 etiam
3137 4282 3355 4349 vadunt,
3406 4302 3505 4341 nec

1927 4363 2017 4418 ubi
2061 4374 2453 4434 apparuerunt,
2501 4366 2606 4420 illic
2648 4367 2903 4422 emittunt
2940 4370 3207 4438 pluviam,
3249 4373 3340 4426 sed
3381 4387 3503 4429 cum

1928 4455 2092 4508 multa
2110 4470 2250 4524 smpe
2265 4455 2379 4510 loca
2399 4459 2880 4528 prmtercurrerint,
2902 4459 3024 4515 alibi
3049 4461 3245 4518 imbres
3271 4465 3502 4531 pariunt,

1930 4543 2228 4598 civitatibus
2257 4555 2311 4599 et
2337 4547 2581 4618 gentibus
2609 4548 2910 4618 praeteritis.
2958 4549 3073 4605 Non
3121 4561 3200 4607 est
3229 4567 3357 4625 ergo
3403 4554 3505 4610 hoc

1929 4635 2098 4688 solum
2126 4636 2386 4704 mirabile,
2432 4637 2573 4708 quod
2614 4639 3109 4707 sustolluntur,sed
3150 4644 3309 4698 etiam
3361 4646 3505 4716 quod

1852 4744 1855 4746 ·
1929 4726 2180 4780 incedunt
2209 4737 2475 4798 tamquam
2504 4730 2556 4783 in
2591 4730 2857 4799 tabulatis,
2881 4732 3112 4789 ferentes
3141 4744 3340 4791 tantam
3386 4755 3509 4794 mos

1929 4817 2031 4870 lem
2061 4832 2337 4886 aquarum.

2001 4913 2051 4965 3.
2087 4911 2222 4964 Mira
2249 4911 2600 4967 elementorum
2624 4917 2985 4977 contrariorum
3017 4919 3222 4984 mixtio;
3249 4930 3504 4976 ventoruvt

1927 5004 2229 5066 commoda;
2261 5005 2392 5057 venti
2430 5006 2678 5074 quomodo
2721 5009 2774 5062 in
2811 5009 3074 5072 thesauris.
3103 5040 3176 5053 -—
3201 5009 3430 5082 Fulgura
3457 5015 3506 5066 in
3599 5017 3613 5054 ἶ

1930 5097 2147 5166 pluviam
2189 5098 2324 5166 fecit.
2360 5097 2491 5153 Vide
2536 5115 2721 5154 rursus
2771 5100 2914 5155 aliud
2962 5100 3240 5166 mirabile,
3270 5102 3507 5157 diversas

1932 5199 2147 5242 naturas
2172 5189 2568 5243 convenientes.
2595 5189 2776 5260 Neque
2820 5192 2963 5246 enim
3005 5190 3213 5260 fulgure
3248 5201 3332 5246 est
3357 5195 3507 5262 quid-

1930 5293 2086 5348 quam
2116 5280 2282 5349 magis
2322 5279 2556 5350 igneum,
2598 5296 2769 5352 neque
2816 5283 2968 5351 aquis
3002 5292 3086 5343 est
3123 5282 3320 5358 aliquid
3364 5284 3478 5356 frigi

1931 5367 2082 5422 dius:
2117 5383 2176 5424 ea
2213 5377 2390 5422 tamen
2433 5368 2737 5432 miscentur,
2771 5385 2868 5425 nee
2888 5369 3303 5437 confunduntur,
3338 5389 3508 5445 neque

1933 5467 2413 5527 eontemperantur,
2456 5457 2547 5512 sed
2593 5474 2921 5529 unaquaeque
2956 5473 3236 5519 conservat
3275 5479 3411 5540 suos.
3449 5466 3508 5524 ﬂ,-

2000 5614 2015 5644 ί
2052 5619 2132 5662 me
2154 5623 2317 5668 voces,
2343 5616 2388 5660 et
2410 5610 2716 5666 admirando,
2735 5611 2912 5664 desunt
2933 5616 2980 5665 in
3005 5617 3147 5668 Savil.

2000 5675 2074 5734 (α)
2106 5673 2188 5730 Qui
2212 5675 2305 5721 sint
2331 5671 2376 5720 lti
2399 5672 2696 5734 interpretes
2721 5674 2981 5736 ignoratur.
