4018 6268
498 271 599 324 θθι

484 401 617 437 nes.
668 382 883 436 .\l:u.ens
914 384 1075 438 «enim
1126 383 1259 453 ignis
1306 384 1356 437 iu
1401 398 1557 451 aqua,
1591 393 1645 437 et
1685 399 1818 453 aqua
1849 384 1905 437 in
1936 385 2076 454 igne,

435 486 442 492 ·
501 491 674 542 neque
718 474 805 529 hic
845 474 988 528 illam
1019 473 1322 539 exsiccavit,
1368 488 1465 528 nec
1502 474 1585 526 illa
1630 488 1751 527 eum
1800 475 2075 528 exstinxit.

500 565 659 636 Atqui
688 562 861 635 fulgur
898 575 981 620 est
1015 565 1133 635 igne
1166 564 1322 619 solari
1369 563 1593 629 acutius,
1634 573 1688 618 et
1730 564 2076 632 splendidius,

488 663 553 709 et
590 669 656 709 ea
694 655 862 725 magis
895 664 1069 720 secat,
1109 669 1174 709 ac
1203 653 1405 708 dividit.
1445 653 1503 707 ld
1545 662 1768 708 testatur
1797 655 1962 720 visus,
1990 654 2080 722 qui

503 760 627 800 cum
682 745 1019 800 radiis-solis
1061 743 1271 799 assidue
1313 745 1690 815 congreditur;
1737 745 1876 798 illius
1903 754 2081 801 autem

501 836 754 905 impetum
785 851 851 891 ne
879 836 1136 892 tantillum
1163 836 1375 907 quidem
1400 836 1542 893 ferre
1565 847 1757 907 potest.
1786 838 1849 891 Et
1876 838 1955 891 sol
1987 852 2080 906 per

500 937 669 983 totum
715 928 856 985 diem
894 930 1079 982 caelum
1122 929 1417 998 percurrit;
1458 930 1585 984 illud
1629 938 1807 984 autem
1856 930 2078 985 minimo

499 1027 772 1074 momento
797 1028 1048 1088 temporis
1095 1019 1397 1073 universum
1437 1019 1620 1073 orbem
1653 1028 1845 1074 terrae:
1887 1035 2077 1089 quem-

496 1107 782 1163 admodum
812 1106 1052 1163 Christus
1076 1122 1286 1177 quoque
1312 1115 1536 1162 testatur
1556 1108 1742 1184 dicens
1772 1127 1785 1163 :
1821 1108 2077 1176 Quemad-

500 1201 721 1255 modum
731 1203 904 1271 fulgur
928 1199 1259 1271 proﬁciscitur
1290 1198 1351 1254 ab
1378 1201 1582 1269 oriente,
1610 1211 1656 1255 et
1680 1212 1890 1272 apparet
1914 1217 2074 1272 usque

501 1292 570 1345 ad
599 1291 902 1345 occidentem
929 1289 1138 1362 (.llattlt.
1168 1290 1259 1345 24.
1288 1291 1399 1363 27).
1437 1291 1537 1359 Qui
1568 1292 1795 1361 producit
1822 1302 1991 1347 ventos
2015 1294 2077 1347 de

498 1383 744 1437 thesauris
778 1383 902 1437 suis.
954 1382 1077 1436 flare
1123 1391 1206 1438 est
1252 1396 1438 1437 rursus
1484 1382 1583 1435 alia
1622 1391 1823 1437 natune
1848 1384 2072 1453 species,

494 1490 616 1543 quin
656 1473 808 1528 nobis
839 1487 942 1527 non
969 1487 1190 1544 parvum
1222 1487 1372 1527 usum
1395 1472 1635 1538 exhibet,
1661 1473 1754 1527 sed
1788 1483 1989 1527 tantum
2020 1483 2076 1527 ut

501 1567 621 1620 vim:
669 1576 865 1620 nostra:
910 1564 1193 1635 plurimum
1234 1563 1494 1637 conferat,
1534 1573 1590 1619 et
1625 1564 1809 1619 labore
1835 1563 2073 1620 confecta

409 1656 418 1666 ’
495 1673 718 1726 corpora
747 1665 954 1712 recreet
974 1672 1038 1712 ac
1065 1655 1360 1728 refrigeret,
1391 1667 1444 1712 et
1468 1673 1647 1712 aerem
1679 1657 1877 1713 efficiat
1902 1659 2072 1714 levio-

498 1762 633 1799 rem.
660 1747 770 1801 lluc
798 1759 883 1801 est
906 1747 1047 1802 enim
1076 1762 1266 1802 munus
1284 1756 1584 1812 ventorum,
1614 1764 1791 1803 aerem
1816 1750 2073 1804 suscitare

493 1855 558 1897 ac
585 1841 862 1908 ventilare,
904 1857 992 1908 ne,
1022 1842 1064 1895 si
1094 1842 1163 1895 sit
1194 1842 1497 1907 immobilis,
1528 1856 1919 1914 corrumpatur,
1965 1844 2074 1899 fru-

495 1944 614 1987 ctus
649 1942 934 2000 maturare,
984 1949 1207 2005 corpora
1250 1935 1473 1991 nutrire.
1511 1934 1646 2003 Quid
1691 1951 1839 2002 vero,
1880 1936 2072 1991 dixerit

494 2024 777 2093 quispiam,
806 2038 933 2079 usus
953 2039 1139 2079 eorum
1180 2026 1235 2079 in
1270 2025 1619 2095 navigatione,
1670 2034 1904 2095 tempora
1956 2027 2073 2096 qui-

494 2117 592 2169 lms
618 2125 765 2171 certo
803 2125 857 2173 et
892 2118 1179 2172 constituto
1224 2117 1410 2172 ordine
1448 2118 1711 2181 oriuntur,
1756 2127 1810 2173 et
1844 2119 1941 2172 sibi
1992 2120 2069 2174 in-

495 2217 576 2262 ter
629 2223 687 2262 se
734 2209 963 2263 vicissim
1004 2208 1221 2275 cedunt,
1265 2208 1317 2263 in
1357 2210 1489 2264 mari
1531 2209 1753 2264 choreas
1794 2210 2066 2277 ducentes,

490 2308 544 2351 et
570 2310 757 2354 nautas
786 2300 1251 2369 transportantcs?
1289 2299 1384 2355 llic
1420 2300 1563 2354 enim
1615 2301 1939 2366 transmittit,
1984 2302 2069 2357 ille

492 2404 620 2443 vero
661 2388 880 2460 exeipit,
907 2400 959 2446 et
982 2389 1275 2445 contrarias
1297 2392 1408 2446 vias
1451 2391 1818 2461 ingrediuntur
1839 2402 1892 2446 et
1915 2393 2068 2446 titini-

491 2491 684 2546 strnnt,
715 2492 768 2535 et
797 2497 967 2551 pugna
994 2496 1175 2537 eorum
1205 2492 1289 2537 est
1310 2498 1493 2537 rursus
1525 2483 1643 2537 vitm
1675 2493 1866 2537 nostra:
1902 2483 2062 2539 utilis.

489 2575 607 2628 Alia
654 2574 929 2629 innumera
970 2574 1071 2629 dici
1118 2583 1335 2644 possent
1368 2587 1641 2630 ventorum
1673 2591 1908 2632 munera.
1945 2576 2069 2632 llzec

492 2673 666 2719 tamen
689 2664 866 2720 omnia
895 2663 1150 2734 prapheta
1174 2667 1600 2734 praatcrmittens,
1627 2675 1680 2722 et
1699 2666 1923 2721 auditori
1954 2667 2067 2722 eol-

487 2754 696 2825 ligenda
744 2755 1068 2827 relinquens,
1120 2771 1303 2812 eorum
1328 2756 1703 2814 fabricationis
1759 2758 2062 2815 facilitatem

486 2847 742 2901 ostendit.
786 2846 916 2902 Nam
946 2846 1087 2918 quod
1116 2846 1266 2914 dixit,
1290 2846 1380 2902 Ex
1407 2849 1651 2904 thesauris
1674 2849 1797 2917 suis,
1831 2867 1936 2905 non
1966 2850 2068 2907 hoc

486 2938 763 3007 significat,
792 2937 999 3007 aliquos
1038 2953 1158 2993 esse
1189 2949 1467 2993 ventorum
1497 2940 1797 3007 thesauros,
1828 2940 1924 2996 sed
1952 2940 2068 3011 ejus

486 3030 574 3099 qui
601 3030 874 3085 constituit
898 3026 1203 3085 facilitatem
1224 3029 1434 3095 indicat,
1460 3038 1516 3085 et
1542 3046 1698 3100 quam
1729 3031 1798 3085 sit
1823 3039 2066 3086 creatura

491 3132 727 3191 prompta
764 3130 818 3176 et
840 3121 1105 3191 expedita.
1137 3119 1594 3190 Quemadmodum
1621 3122 1761 3177 enim
1790 3124 1879 3194 qui
1908 3124 2068 3180 habet

489 3213 542 3266 in
573 3212 821 3267 thesauro
846 3255 861 3280 ,
891 3227 1079 3269 secure
1105 3212 1312 3279 omnia,
1341 3221 1396 3269 et
1419 3213 1631 3283 quando
1660 3214 1790 3281 vult,
1824 3215 2023 3285 profert
2048 3235 2063 3271 :

490 3307 559 3358 ita
605 3306 761 3359 etiam
788 3305 1033 3360 universi
1076 3302 1263 3375 Opifex
1302 3305 1481 3359 omnia
1522 3303 1674 3360 facile
1715 3306 1971 3371 condidit,
2014 3316 2068 3363 et

492 3406 692 3450 natura:
715 3397 943 3452 tradidit.
966 3396 1140 3453 'Vides
1168 3409 1361 3468 «pluma
1392 3398 1461 3453 sit
1488 3398 1650 3454 etiam
1678 3399 1731 3453 in
1758 3414 1882 3454 aere
1906 3398 2063 3455 diffe-

490 3488 681 3554 rentia,
726 3486 1166 3558 quemadmodum
1220 3489 1437 3543 suntin
1478 3504 1612 3559 aqua
1649 3499 1701 3545 et
1731 3490 1851 3560 igne
1880 3491 2061 3546 multa:

492 3579 850 3635 mutationes?
876 3581 1143 3651 Aquarum
1184 3581 1328 3635 enim
1371 3582 1488 3636 alia:
1516 3591 1639 3637 sunt
1666 3581 1916 3650 fontium,
1950 3584 2067 3639 alia:

492 3688 620 3725 ΜΞΝ)
651 3672 891 3738 marinae,
910 3672 1029 3726 alia:
1059 3680 1234 3725 autem
1261 3672 1576 3739 aeriar,ali:e
1592 3683 1716 3727 sunt
1736 3673 1789 3728 in
1816 3673 2064 3742 nubibus,

490 3763 612 3817 aliae
640 3776 767 3816 vero
793 3762 1033 3817 eaalestes
1051 3803 1067 3828 ,
1093 3762 1212 3817 alim
1228 3775 1394 3832 supra
1423 3763 1582 3817 caelos
1606 3806 1621 3828 ,
1650 3764 1768 3818 alia:
1795 3764 2068 3819 subterra-

491 3870 627 3910 neas.
655 3853 723 3909 Et
749 3854 799 3908 in
824 3855 1083 3925 igne,‘hic
1107 3854 1320 3924 quidem
1359 3862 1441 3910 est
1467 3855 1523 3909 in
1550 3857 1680 3917 sole,
1723 3856 1815 3910 ille
1852 3872 1980 3911 vero
2015 3857 2066 3911 in

491 3947 635 4015 luna,
678 3946 817 4001 alius
861 3947 911 4000 in
951 3945 1142 4013 stellis,
1181 3946 1318 4002 alius
1341 3947 1394 4000 in
1426 3945 1654 4017 fulgure,
1678 3947 1815 4001 alius
1843 3947 1895 4001 in
1920 3962 2065 4013 aere,

490 4037 624 4091 alios
645 4036 734 4107 qui
775 4035 835 4090 fit
872 4052 936 4091 ex
966 4036 1143 4106 lignis,
1166 4036 1253 4106 qui
1283 4046 1364 4091 est
1390 4036 1529 4107 apud
1557 4051 1674 4101 nos,
1707 4045 1756 4091 et
1787 4037 1832 4091 is
1856 4038 1946 4107 qui
1986 4045 2070 4092 est

490 4128 543 4182 in
582 4126 833 4194 lucernis,
870 4127 1004 4182 alius
1042 4128 1130 4197 qui
1170 4140 1237 4181 ex
1274 4135 1453 4182 terra:
1487 4137 1568 4183 est
1592 4129 1733 4183 enim
1760 4142 1904 4197 sarpe
1928 4127 2071 4197 ejus-

490 4215 632 4270 tnodi
662 4216 817 4287 ignis,
849 4218 939 4288 qui
959 4232 990 4273 e
1016 4227 1154 4272 terra
1182 4216 1374 4283 editur,
1404 4220 1542 4274 sicut
1578 4218 1753 4275 fontes
1777 4235 2065 4289 aquarum:

489 4310 622 4363 alius
647 4311 732 4380 qui
762 4311 826 4364 fit
853 4325 919 4365 ex
948 4310 1143 4365 collisis
1174 4310 1451 4380 lapidibus,
1481 4311 1615 4365 alius
1650 4312 1738 4379 qui
1774 4320 1857 4365 est
1894 4311 1944 4365 in
1978 4326 2070 4366 co-

491 4400 592 4453 ntis
642 4401 914 4465 arborum,
959 4417 1078 4470 qua:
1121 4402 1249 4471 ipsae
1287 4415 1497 4471 quoque
1540 4400 1898 4456 colliduntur:
1936 4400 2071 4456 alius

494 4500 670 4545 autem
718 4491 768 4544 in
807 4489 1132 4546 fulminibus.
1165 4491 1242 4545 fta
1272 4493 1432 4546 etiam
1464 4491 1515 4546 in
1546 4506 1671 4546 aere
1692 4533 1708 4558 ,
1743 4491 1827 4546 hic
1860 4490 2069 4561 quidem

491 4593 571 4636 est
601 4584 848 4648 crassior,
883 4584 1078 4652 quiest
1130 4585 1268 4640 circa
1298 4600 1397 4640 nos
1419 4627 1434 4650 ,
1475 4585 1564 4639 ille
1600 4600 1731 4639 vero
1782 4584 2023 4639 subtilior
2055 4603 2069 4639 :

490 4676 581 4745 qui
605 4683 782 4727 autem
809 4683 887 4728 est
914 4676 1178 4744 superior,
1210 4678 1374 4744 magis
1397 4675 1900 4745 igneusNentorum
1935 4690 2071 4745 quo-

487 4781 595 4836 que
635 4772 759 4818 sunt
808 4764 985 4819 multa).
1036 4764 1385 4820 differentite:
1438 4766 1523 4821 hic
1563 4766 1775 4834 quidem
1803 4765 2068 4829 subtilior,

488 4859 585 4913 ille.
608 4871 734 4911 vero
759 4856 989 4910 crassior
1013 4875 1029 4929 εΔ
1056 4855 1192 4909 alius
1230 4855 1487 4925 frigidior,
1516 4855 1656 4910 alius
1685 4856 1906 4910 siccior:
1939 4856 2073 4909 alius

489 4938 777 5009 humidior.
800 4949 933 5001 alius
958 4930 1199 5003 calidior.
1232 4949 1337 5001 Aer
1352 4957 1529 5000 autem
1554 4955 1607 5000 et
1637 4947 1823 5013 nubes,
1852 4948 1936 5001 hic
1962 4947 2075 5015 qui-

486 5042 608 5096 dem
632 5040 887 5105 “tardior,
928 5039 1016 5094 illa
1046 5053 1175 5093 vero
1201 5036 1535 5108 progreditur
1562 5037 1817 5103 celerius,
1854 5037 2074 5107 perinde

488 5149 550 5189 ac
579 5135 622 5189 si
653 5143 794 5189 esset
819 5147 1002 5202 eques.
1045 5132 1115 5184 Ita
1151 5131 1308 5185 etiam
1350 5130 1400 5185 in
1442 5129 1668 5184 nubibus
1696 5138 1749 5182 et
1773 5133 1964 5196 ventis,
1995 5131 2073 5185 ha:

491 5227 704 5296 quidem
747 5212 871 5280 sunt
910 5224 1110 5278 similes
1138 5223 1283 5277 urnis
1316 5231 1370 5278 et
1409 5222 1548 5276 vasis
1575 5220 1829 5289 aquariis,
1860 5229 1918 5274 ut
1955 5236 2073 5290 qua:

493 5316 776 5387 aliquando
816 5315 924 5370 sint
952 5314 1126 5385 plena:
1152 5314 1301 5385 aquis
1324 5356 1338 5377 ,
1379 5311 1927 5391 aliquandofcrantur
1964 5311 2077 5364 ina-

497 5423 623 5463 nes:
652 5408 769 5462 alite
794 5421 922 5463 vero
951 5416 1077 5463 sunt
1115 5404 1324 5460 flabello
1353 5404 1574 5459 similes.
1618 5402 1696 5459 Tu
1736 5412 1912 5457 autem
1963 5401 2076 5457 hrcc

497 5512 799 5566 eorumque
835 5489 1194 5552 diversitatem
1242 5506 1297 5551 et
1346 5496 1654 5550 varietatem
1706 5493 2072 5559 considerans,

498 5590 766 5645 admirare
786 5570 1058 5659 Opificem.
1083 5590 1134 5644 8.
1165 5588 1266 5656 Qui
1298 5588 1535 5658 percussit
1563 5589 1892 5658 primogenita
1915 5583 2077 5656 Egy-

498 5679 593 5748 pti.
626 5675 906 5748 Postquam
935 5679 1065 5732 dixit
1107 5679 1371 5746 ge:.eralia
1396 5720 1409 5743 ,
1440 5689 1491 5734 et
1521 5677 1749 5731 ostendit
1779 5677 1867 5731 Dei
1897 5677 2070 5747 provi-

1247 270 1301 325 S.
1344 270 1615 325 JOANNIS
1654 270 2124 326 CllllYSOSTUlll
2168 268 2479 327 AllCllll'ZP.
2522 275 3052 332 (ZONSTANTINOI’.

3664 287 3767 339 392

2193 384 2423 439 dentiam
2452 387 2499 439 in
2534 390 2833 443 universum
2870 391 3050 444 orbem
3086 402 3259 458 terr-.e,
3294 408 3386 463 per
3414 393 3640 464 fulgura,
3675 418 3769 471 ριοιο

2190 486 2396 545 ventos,
2436 493 2530 547 per
2554 493 2753 545 aerem,
2788 497 2880 550 per
2907 482 3094 547 nubes,
3127 501 3219 553 per
3244 487 3466 554 pluvias,
3497 497 3553 543 et
3579 506 3767 545 eorum

2189 582 2355 638 nugas
2372 571 2562 637 arguit,
2587 571 2674 640 qui
2695 572 2878 627 dicunt
2904 574 3283 643 providentiam
3308 593 3476 647 usque
3497 580 3564 634 ad
3587 581 3768 637 lunam

2189 659 2488 728 pertingere
2519 659 2594 733 (a)
2622 678 2635 713 :
2659 662 2863 717 accedit
2903 662 2973 717 ad
3011 664 3313 734 singularia,
3361 683 3554 741 nempe
3593 672 3661 728 ad
3700 689 3768 730 ea

2187 765 2304 833 quae
2346 751 2609 822 sigillatim
2650 756 2997 827 privatimque
3032 756 3231 814 Iudaeis
3268 760 3404 816 facta
3432 773 3580 818 sunt.
3609 765 3765 833 Quod

2186 838 2325 894 enim
2359 849 2517 908 terra,
2550 852 2604 897 et
2635 845 2844 909 cadum,
2875 856 2930 900 et
2957 848 3200 903 universa
3228 866 3348 920 qua:
3374 852 3639 919 videntur,
3671 858 3765 912 Dei

2184 929 2559 999 benignitatem
2589 936 2839 1002 sentiant,
2865 952 2930 991 ex
2958 939 3021 993 iis
3047 956 3164 1008 qua:
3184 941 3324 996 dicta
3354 953 3477 998 sunt
3505 948 3763 1002 ostendit:

2183 1029 2241 1075 ut
2264 1031 2438 1076 autem
2483 1026 2703 1079 memori
2747 1035 2800 1080 et
2840 1040 2991 1097 grato
3030 1032 3208 1085 animo
3248 1032 3462 1089 Judmos
3500 1037 3760 1105 efﬁceret,

2183 1121 2365 1165 narrat
2428 1113 2585 1167 etiam
2645 1116 2960 1185 singularia,
3028 1122 3316 1177 ostendens
3389 1126 3759 1185 universorum

2183 1201 2374 1269 Deum,
2406 1212 2460 1257 et
2488 1206 2575 1273 qui
2606 1207 2838 1261 omnium
2865 1222 3046 1264 curam
3073 1213 3226 1280 gerit,
3256 1214 3333 1268 eis
3362 1217 3603 1285 qumdant
3632 1236 3760 1289 pro-

2182 1291 2292 1359 pria
2319 1290 2569 1348 beneficia
2600 1294 2839 1365 largitum
2866 1313 3002 1353 esse.
3047 1300 3374 1372 Quamquam
3405 1324 3524 1377 qua:
3557 1310 3606 1363 in
3637 1310 3761 1365 illos

2180 1398 2391 1452 quoque
2434 1384 2660 1453 ﬁebant,
2706 1398 2856 1443 erant
2900 1406 3084 1445 rursus
3124 1396 3408 1462 generalia.
3455 1398 3606 1467 Quod
3657 1404 3757 1468 ipsi

2180 1474 2322 1527 enim
2353 1474 2506 1529 electi
2532 1486 2712 1531 essent
2739 1493 2801 1531 ex
2830 1480 2948 1533 aliis
2969 1522 2983 1544 ,
3015 1481 3067 1535 id
3094 1482 3319 1538 faciebat
3346 1494 3401 1540 ut
3439 1488 3557 1543 illos
3590 1507 3759 1545 armu-

2180 1564 2450 1620 larentur:
2482 1568 2622 1637 quod
2651 1569 2843 1625 Paulus
2866 1587 3076 1643 quoque
3100 1576 3420 1645 significans,
3449 1580 3577 1634 dicit
3606 1582 3755 1638 :Eo-

2178 1670 2290 1708 rum
2327 1654 2509 1709 delicto
2546 1658 2681 1711 salus
2707 1660 2953 1730 gentibus,
2986 1673 3039 1715 ut
3066 1680 3151 1718 eos
3174 1668 3531 1723 (emitterentur
3553 1671 3574 1743 (
3600 1672 3751 1727 Ront.

2180 1745 2269 1809 ll,
2303 1746 2363 1801 ll
2397 1745 2440 1816 ).
2481 1747 2934 1813 Quemadmodum
2962 1754 3101 1811 enim
3132 1766 3299 1826 pater,
3331 1774 3452 1813 cum
3477 1760 3571 1815 fllii
3598 1766 3665 1817 ab
3686 1780 3753 1819 eo

2176 1836 2498 1902 abscedunt,
2544 1853 2707 1894 unum
2735 1855 2803 1895 ex
2827 1842 2904 1898 eis
2930 1845 3095 1899 sumit
3122 1855 3175 1900 et
3200 1849 3477 1905 considere
3508 1852 3633 1907 facit
3655 1870 3750 1907 sn-

2177 1940 2270 1995 pra
2295 1943 2386 1981 sua
2419 1943 2627 1999 genua:
2659 1947 2763 1986 non
2795 1934 2895 1988 hoc
2927 1945 3102 1991 autem
3148 1938 3272 1994 facit
3316 1952 3533 2011 propter
3575 1945 3749 2011 illum,

2176 2016 2268 2072 scd
2294 2019 2463 2073 multo
2491 2023 2656 2093 magis
2704 2032 2919 2093 propter
2966 2026 3129 2091 alios,
3167 2040 3225 2083 ut
3249 2046 3314 2085 eo
3336 2032 3537 2089 honore
3560 2040 3751 2106 perciti

2176 2106 2240 2162 ad
2273 2118 2472 2177 patrem
2493 2116 2788 2178 accurrant,
2823 2116 3062 2171 eamdem
3099 2119 3471 2191 indulgentiam
3498 2130 3749 2183 sensuri:
3838 2176 3841 2181 λ

2176 2198 2245 2253 ita
2272 2200 2429 2254 etiam
2464 2204 2599 2257 Deus
2629 2204 2750 2259 fecit
2776 2204 2992 2261 ludatis.
3027 2208 3117 2264 Eis
3142 2212 3281 2266 enim
3322 2229 3425 2267 nou
3467 2231 3634 2285 super
3658 2233 3753 2287 ge-

2175 2304 2301 2356 nua,
2355 2291 2448 2346 sed
2494 2309 2654 2363 super
2695 2294 2930 2360 brachia,
2962 2307 3018 2352 ut
3047 2299 3173 2353 dicit
3211 2304 3485 2373 propheta,
3509 2315 3564 2359 et
3590 2323 3752 2378 super

2173 2378 2388 2435 dorsum
2425 2386 2707 2454 assumptis
2733 2385 2751 2455 (
2788 2386 2913 2441 Osce
2943 2390 3027 2443 ll.
3055 2390 3089 2444 5
3118 2391 3158 2458 ),
3185 2406 3302 2460 qua!
3327 2404 3448 2447 sunt
3476 2395 3558 2450 eis
3584 2412 3750 2466 expe-

2175 2473 2332 2528 tenda
2378 2473 2618 2545 largitur,
2656 2479 2924 2548 templum,
2969 2481 3248 2548 sacrificia,
3280 2494 3331 2537 et
3365 2501 3483 2553 qua:
3520 2489 3750 2543 maxime

2172 2578 2236 2619 ac
2280 2579 2402 2620 cum
2447 2567 2647 2636 majore
2682 2579 2816 2623 'cura
2864 2572 3189 2640 qumrebant,
3237 2574 3289 2628 in
3339 2574 3477 2629 bello
3527 2578 3745 2643 auxilia,

2172 2658 2438 2723 victorias,
2463 2669 2679 2730 tropzea,
2709 2677 2883 2716 rerum
2910 2673 3238 2719 terrenarum
3276 2668 3506 2737 copiam,
3546 2679 3602 2723 et
3637 2669 3749 2724 fru-

2172 2760 2352 2806 ctuum
2379 2753 2698 2807 fertilitatem
2728 2753 2898 2825 (Deut.
2931 2756 3001 2809 52
3052 2756 3139 2816 ll)
3167 2798 3183 2823 ,
3225 2759 3303 2814 eis
3330 2758 3448 2812 illos
3475 2759 3748 2815 instruens

2172 2851 2226 2897 et
2252 2844 2545 2909 adornans,
2574 2855 2624 2900 et
2652 2846 2784 2900 alios
2811 2846 2876 2899 ad
2906 2847 3291 2902 aemulationem
3319 2848 3610 2905 adducens.
3640 2851 3746 2907 Sed

2172 2934 2433 3003 quoniam
2452 2936 2659 2990 evasuri
2685 2945 2836 2991 erant
2863 2937 3108 3007 improbi,
3139 2939 3183 2992 si
3209 2940 3287 2993 eis
3313 2950 3569 3009 perpetuo
3599 2942 3748 2996 blan-

2171 3024 2395 3091 diretur,
2421 3028 2563 3096 ipsos
2582 3043 2791 3098 quoque
2813 3044 2905 3098 per
2924 3030 3178 3098 supplicia
3206 3030 3533 3085 moderatur.
3556 3033 3744 3103 Magna

2170 3124 2252 3170 est
2277 3116 2416 3170 enim
2451 3117 2540 3171 Dei
2567 3119 2859 3188 sapientia,
2904 3120 3032 3173 etin
3059 3120 3219 3176 rebus
3261 3120 3585 3176 difficillimis
3608 3124 3744 3177 viam

2171 3206 2475 3277 exitumque
2500 3208 2721 3263 invenit.

2245 3297 2300 3350 4.
2334 3295 2662 3351 Providentia
2685 3296 2781 3352 Dei
2804 3298 2871 3352 ad
2889 3298 3057 3352 omnia
3072 3301 3315 3371 pertinet.
3335 3299 3540 3355 —-Vide
3566 3312 3744 3357 autem

2172 3386 2443 3457 prepheta:
2480 3388 2833 3457 prudentiam,
2863 3389 2951 3457 qui
2989 3403 3019 3442 a
3046 3390 3383 3458 generalibus
3406 3391 3475 3445 ad
3504 3395 3617 3446 haec
3643 3393 3743 3445 de-
3763 3438 3785 3448 -

2170 3481 2320 3538 duxit
2347 3483 2641 3537 orationem
2673 3500 2687 3536 :
2736 3497 2805 3537 ne
2846 3482 2967 3552 quis
3002 3483 3145 3537 enim
3190 3483 3381 3537 stultus
3412 3485 3744 3538 existimaret

2176 3575 2268 3629 Dei
2298 3574 2677 3645 providentiam
2704 3575 2904 3629 versari
2933 3575 2984 3628 in
3005 3574 3392 3643 singularibus,
3414 3575 3628 3644 quando
3657 3591 3749 3629 ve-

2172 3668 2251 3723 nit
2294 3666 2360 3721 ad
2403 3667 2687 3737 generalia,
2717 3674 2844 3720 tunc
2888 3664 3001 3719 lnec
3041 3679 3252 3735 quoque
3279 3665 3486 3735 attingit
3511 3665 3742 3720 dicens:

2176 3760 2277 3827 Qui
2306 3759 2547 3829 percussit
2588 3759 2914 3829 primogenita
2943 3755 3178 3828 Αἰσῃριὶ.
3227 3757 3420 3811 Annon
3461 3757 3614 3811 vobis
3664 3759 3747 3811 vi-

2170 3850 2365 3906 dentur
2412 3850 2527 3905 hmo
2576 3849 2741 3919 magis
2786 3848 2923 3902 feta
2959 3862 3079 3903 esse
3127 3856 3343 3917 propter
3386 3846 3646 3902 .lud:eos?
3689 3848 3746 3901 Si

2173 3942 2329 4012 igitur
2344 3941 2647 4005 ostendero,
2680 3941 2794 3996 haec
2814 3955 3023 4011 quoque
3049 3941 3179 3994 facta
3202 3953 3322 3994 esse
3352 3947 3569 4008 propter
3590 3938 3746 4005 alios,

2172 4035 2297 4106 quid
2324 4035 2505 4091 dicent
2529 4035 2568 4091 ii
2596 4037 2688 4106 qui
2712 4033 2955 4090 effutiunt
2983 4036 3074 4091 Dei
3109 4034 3490 4105 providentiam
3529 4034 3597 4088 ad
3634 4035 3752 4089 uni-

2174 4142 2326 4183 versa
2367 4129 2586 4183 minime
2616 4128 2931 4199 pertinere?
2970 4127 3250 4194 Quomodo
3287 4142 3415 4196 ergo
3443 4136 3621 4197 potest
3648 4128 3751 4181 hoc

2174 4219 2416 4274 ostendi?
2443 4218 2601 4275 Certe
2624 4220 2816 4275 sufficit
2841 4236 2870 4273 a
2903 4220 3010 4275 Dea
3033 4220 3303 4274 enuntiata
3330 4220 3595 4275 sententia
3633 4237 3753 4287 qua:

2176 4308 2278 4365 hoc
2315 4310 2594 4381 significat,
2622 4320 2677 4365 et
2724 4311 2890 4366 dicit:
2936 4310 3003 4366 Ut
3041 4311 3299 4364 ostendam
3323 4311 3377 4363 in
3402 4320 3448 4364 te
3477 4310 3752 4380 potentium

2175 4417 2360 4468 meam,
2388 4411 2436 4455 et
2461 4409 2513 4454 ut
2545 4402 2871 4455 annuntietur
2893 4417 3071 4455 nonten
3102 4418 3263 4454 meum
3289 4400 3341 4454 in
3362 4402 3597 4454 uniuersa
3618 4410 3753 4453 terra

2177 4494 2369 4568 (Exod.
2412 4494 2466 4550 9.
2514 4493 2617 4558 l6;
2655 4492 2807 4547 Rom.
2847 4493 3041 4560 9.17).
3099 4491 3283 4547 Vidisti
3334 4502 3561 4546 mortem
3611 4492 3752 4545 illam

2177 4586 2339 4641 fuisse
2366 4585 2696 4655 evangelium
2717 4626 2732 4651 ,
2764 4594 2817 4638 et
2851 4584 3055 4654 plagam
3086 4584 3225 4638 illam
3260 4583 3516 4637 divinitus
3549 4583 3755 4637 immis-

2176 4689 2291 4730 sam
2332 4674 2492 4730 fuisse
2523 4674 2972 4744 praedicationem,
2999 4683 3055 4727 ut
3080 4688 3197 4743 qua:
3223 4673 3414 4743 ubique
3442 4672 3756 4743 pervaderet

2178 4777 2234 4820 et
2286 4766 2376 4819 Dei
2429 4765 2714 4835 petentiam
2766 4764 3120 4835 praedicaret?
3169 4763 3408 4820 Universi
3450 4778 3581 4833 ergo
3609 4764 3757 4818 orbis

2179 4866 2441 4911 terrarum
2467 4871 2649 4911 curam
2676 4856 2831 4926 gerit,
2873 4857 3033 4909 etiam
3071 4854 3283 4926 quando
3324 4870 3412 4915 res
3446 4853 3754 4910 Judteorum

2178 4948 2533 5002 administrat.
2563 4948 2719 5018 Atqui
2760 4944 3050 5017 potentiam
3093 4962 3242 5002 suam
3270 4947 3396 5002 olim
3427 4962 3643 5018 quoque
3669 4948 3760 5003 de-

2179 5044 2430 5109 claravit,
2478 5052 2533 5096 ut
2575 5043 2626 5096 in
2652 5041 2871 5112 Ioseph,
2921 5050 2978 5095 ut
3027 5042 3081 5097 iu
3131 5040 3421 5107 Abraham,
3475 5041 3572 5096 sed
3623 5055 3761 5096 nunc

2181 5143 2357 5188 tamen
2393 5133 2646 5202 apertius.
2673 5131 2986 5198 Quomodo?
3024 5130 3175 5186 'l‘unc
3197 5129 3409 5200 quidem
3442 5146 3538 5199 per
3563 5130 3762 5185 beneﬂ-

2181 5225 2355 5278 cium:
2390 5237 2528 5277 nunc
2564 5231 2739 5277 autem
2785 5238 2878 5291 per
2922 5222 3164 5291 plagam:
3211 5235 3312 5276 nec
3355 5220 3675 5286 intermittit,
3713 5228 3769 5270 ut

2178 5313 2287 5383 jam
2324 5328 2468 5382 saepe
2508 5312 2649 5377 dixi,
2680 5312 2891 5369 assidue
2912 5321 2967 5366 et
2996 5312 3046 5365 itt
3077 5326 3392 5381 unaquaque
3415 5311 3760 5379 generatione

2182 5406 2415 5474 seipsum
2439 5404 2741 5468 ostendere,
2765 5413 2818 5458 et
2842 5420 2937 5473 per
2958 5418 3117 5473 opera
3145 5402 3485 5457 manifestum
3513 5399 3756 5455 reddere.

2184 5497 2297 5552 Non
2330 5498 2378 5551 id
2403 5507 2580 5552 autem
2605 5511 2819 5567 semper
2840 5495 2962 5551 facit
2989 5494 3177 5551 eodem
3206 5493 3388 5559 modo,
3417 5492 3512 5547 sed
3540 5492 3685 5546 varie
3708 5498 3758 5544 et

2246 5612 2547 5726 (az.
2571 5626 2633 5664 eo
2669 5611 2885 5664 stultitiae
2925 5616 3181 5668 venerant.
3217 5618 3273 5661 ut
3296 5606 3420 5659 tales
3451 5616 3754 5669 mtgas'wm-

2246 5691 2297 5726 ἐῐι
2323 5691 2338 5725 ι
2381 5688 2518 5726 uena
2545 5712 2555 5724 .

2186 5688 2338 5727 ωεηιι
2363 5688 2555 5726 iuerint.
