4088 6274
330 479 431 536 59!

333 595 427 648 ml
442 593 504 647 τὸ
523 591 668 665 ὕδωρ
686 593 745 649 ἐν
763 591 843 666 τῷ
865 595 1018 669 πυρὶ,
1036 595 1160 651 οὐτε
1188 598 1344 653 τοῦτο
1365 600 1543 653 ἐκεῖνο
1562 596 1911 671 ἀνεξήρανεν.

331 678 456 732 οὐτε
485 680 661 733 ἐκεῖνο
686 678 848 735 τοῦτο
873 683 1194 739 κατέσϐεσε.
1223 688 1415 741 Καίτοι
1437 688 1584 761 [587]
1606 691 1639 760 ή
1665 686 1916 759 ἀστραπὴ

332 763 430 816 τοῦ
456 761 680 832 ἡλιακοῦ
704 764 880 836 πυρὸς
914 764 1170 840 ὀξύτερον
1187 810 1200 833 ,
1231 773 1525 845 φανότερον
1542 813 1557 837 ,
1584 770 1913 843 τομώτερον.

334 848 446 902 Kal
497 848 865 918 μαρτυροῦσιν
911 852 969 905 αἱ
1017 852 1402 929 δψειςμύταῖς
1429 857 1614 909 ἀκτῖσι
1650 855 1916 927 διηνεκῶς

335 929 769 999 προσϐάλλουσαι
786 944 814 972 ιι
836 949 850 963 ο
869 934 1085 1005 ἐκείνης
1095 936 1153 989 δὲ
1167 937 1264 1008 τὴν
1280 940 1450 1011 φορὰν
1461 938 1580 993 οὐδὲ
1596 938 1728 1009 πρὸς
1741 937 1915 1009 βραχὺ

335 1011 629 1081 δυνάμεναι
657 1012 922 1082 ἐνεγκεῖν.
956 1018 1066 1070 Kal
1097 1020 1127 1070 6
1154 1020 1252 1090 μὲν
1274 1020 1426 1091 ἥλιος
1445 1021 1534 1076 διά
1565 1020 1746 1091 πάσης
1778 1019 1917 1091 ἡμέ-

338 1110 439 1162 ρας
478 1093 748 1164 διατρέχει
782 1096 874 1151 τὸν
914 1098 1170 1170 οὐρανὸν,
1213 1102 1349 1174 αῦτη
1388 1104 1445 1156 δὲ
1479 1106 1538 1158 ἐν
1579 1104 1678 1175 μιᾷ
1724 1100 1915 1174 καιροῦ

340 1178 480 1247 ῥοπῇ
509 1176 606 1248 τὴν
635 1178 961 1251 οἰκουμένην
1005 1180 1222 1237 άπασαν
1255 1201 1270 1215 ·
1297 1186 1547 1257 καθάπερ
1604 1188 1699 1240 ml
1728 1188 1756 1239 6
1785 1187 1919 1256 Χρι-

340 1259 462 1322 στὸς
485 1264 752 1332 μαρτυρεῖ
777 1262 949 1330 λέγων
966 1280 979 1293 ·
1008 1265 1234 1335 ’Ὠσπερ
1254 1267 1292 1335 ἡ
1316 1268 1591 1338 ἀστραπὴ
1609 1268 1920 1337 πορεύεται

338 1357 411 1421 ἐξ
423 1358 754 1420 ἀνατολῶν,
782 1361 881 1414 καί
899 1362 1171 1430 φαίνεται
1186 1363 1296 1431 ἕως
1316 1364 1583 1435 δυσμῶν.
1611 1368 1672 1419 '0
1686 1366 1919 1436 ἐξάγων

338 1440 603 1511 ἀνέμους
630 1443 699 1496 ἐκ
713 1444 1034 1512 θησαυρῶν
1051 1447 1259 1502 αὐτοῦ.
1276 1449 1423 1519 Αὕτη
1451 1450 1615 1504 πάλιν
1642 1450 1803 1521 ἐτέρα
1823 1449 1922 1518 φύ-

344 1541 448 1588 σις,
468 1525 654 1595 χρείαν
681 1526 741 1577 οὐ
761 1528 962 1599 μικράν
978 1531 1110 1600 ἡμῖν
1131 1532 1463 1603 παρέχουσα,
1482 1533 1618 1587 ἀλλά
1630 1533 1918 1605 τοσαύτην,

341 1607 485 1661 ὥστε
510 1611 590 1672 είς
621 1608 685 1661 τὸ
713 1608 846 1663 πολὺ
865 1611 965 1682 τῆς
1002 1614 1146 1684 ζωῆς
1170 1616 1326 1686 ήμῶν
1349 1617 1378 1657 ι’
1402 1618 1694 1685 συντελεῖν,
1719 1620 1813 1673 ml
1833 1636 1923 1673 κε-

344 1691 599 1761 κμηκότα
626 1691 964 1747 ἀνακτᾶσθαι
1004 1694 1076 1749 τὰ
1131 1696 1380 1768 σώματα,
1417 1700 1512 1753 ml
1564 1700 1921 1773 καταψύχειν,

344 1775 443 1827 καὶ
464 1774 557 1828 τὸν
577 1774 714 1846 ἀέρα
729 1777 1056 1849 κουφότερον
1076 1783 1266 1835 ποιεῖν.
1293 1783 1461 1838 Τοῦτο
1479 1782 1588 1855 γάρ
1614 1783 1774 1856 ἔργον
1800 1786 1926 1840 ἀνέ-

349 1876 488 1929 μων,
513 1859 888 1931 ἀναρριπίζειν
907 1862 999 1917 τὸν
1031 1863 1190 1934 ἀέρα,
1212 1865 1353 1919 ὥστε
1389 1866 1465 1939 μὴ
1497 1868 1757 1940 ἀκίνητον
1794 1857 1925 1924 δντᾶ

349 1941 683 2012 φθείρεσθαι,
710 1943 992 2000 πεπαίνειν
1019 1951 1143 2012 τοὺς
1172 1952 1439 2021 καρποὺς,
1458 1952 1684 2022 τρέφειν
1712 1951 1782 2006 τά
1821 1951 1924 2006 σώ-

351 2042 518 2095 ματα.
546 2027 611 2080 Τί
640 2026 705 2081 ἀν
738 2045 820 2093 τις
845 2028 991 2083 είποι
1015 2030 1119 2094 τὰς
1146 2033 1204 2086 ἐν
1242 2033 1487 2103 ναυτιλίᾳ
1512 2035 1699 2106 χρείας
1724 2035 1924 2100 αὐτῶν,

345 2110 473 2173 τοὺς
499 2111 743 2181 καιροὺς,
765 2112 900 2166 καθ’
935 2111 1032 2178 οὓς
1066 2116 1415 2187 τεταγμένως
1454 2119 1791 2187 ἐφίστανται,
1827 2120 1925 2173 καὶ

350 2192 773 2265 παραχωροῦσιν
808 2194 1081 2267 ἀλλήλοις,
1106 2198 1424 2269 χορεύοντες
1452 2201 1509 2252 ἐν
1553 2200 1632 2272 τῷ
1676 2201 1925 2270 πελάγει,

346 2277 443 2355 καί
467 2278 594 2340 τοὺς
614 2277 904 2351 πλωτῆρας
935 2280 1372 2349 διαϐιϐάζοντεςς
1418 2284 1529 2336 Kal
1558 2285 1586 2336 6
1619 2284 1717 2355 μὲν
1755 2285 1927 2355 παρέ-

351 2360 586 2429 πεμψεν,
610 2362 639 2414 6
667 2360 721 2414 66
737 2361 1027 2430 διεδέξατο,
1060 2364 1155 2417 ml
1187 2367 1433 2430 ἐναντίας
1457 2366 1734 2423 ὁδεύουσιν
1751 2369 1924 2435 ὁδοὺς,

348 2444 443 2497 καὶ
464 2443 850 2511 διακονοῦνται,
887 2447 1042 2519 καὶὴ
1088 2448 1234 2520 μάχη
1281 2450 1461 2503 αὐτῶν
1491 2450 1569 2521 τῷ
1612 2450 1713 2523 βίῳ
1766 2452 1929 2506 πάλιν

352 2526 560 2594 γίνεται
586 2529 882 2599 χρήσιμος.
913 2531 1024 2583 Kal
1064 2531 1232 2602 μυρία
1256 2532 1417 2604 ἕτερα
1440 2534 1505 2588 ἀν
1533 2551 1615 2598 τις
1643 2535 1788 2589 είποι
1821 2534 1928 2588 τῶν

353 2608 574 2679 ἀνέμων
600 2609 759 2682 ἔργα.
788 2611 927 2664 Ἀλλ’
956 2612 1105 2683 ὅμως
1135 2613 1309 2668 ταῦτα
1333 2617 1512 2670 πάντα
1552 2618 1929 2689 παραδραμὼν

351 2695 382 2745 6
405 2694 714 2765 Προφήτης,
741 2696 835 2749 ml
861 2697 1173 2752 καταλιπὼν
1188 2698 1266 2769 τῷ
1282 2700 1521 2772 ἀκροατῇ
1546 2701 1926 2771 ἀναλέγεσθαι,

354 2776 515 2840 αὐτὸς
567 2778 726 2847 μόνον
765 2780 864 2850 τὴν
913 2779 1159 2838 εὐκολίαν
1202 2783 1299 2851 τῆς
1348 2783 1711 2856 δημιουργίας
1758 2784 1931 2857 παρέ-

342 2854 454 2929 ’στη
462 2876 541 2915 σε.
555 2861 664 2913 T6c
690 2861 798 2934 γὰρ
814 2864 1004 2930 εἰπεῖν,
1025 2867 1127 2918 Ἐκ
1144 2865 1463 2933 θησαυρῶν
1475 2854 1685 2931 αὐτοῦ,
1698 2867 1760 2920 οὐ
1776 2854 1934 2921 τοῦτο

356 2942 640 3012 δηλοῦντός
691 2946 856 3011 ἐστιν,
899 2948 978 3001 ὅτι
1016 2948 1277 3021 θησαυροί
1321 2949 1465 3014 τινές
1510 2953 1647 3005 εἰσιν
1692 2951 1930 3022 ἀνέμων,

340 3025 499 3078 ἀλλὰ
533 3027 594 3079 τὸ
622 3026 839 3083 εὔκολον
885 3031 978 3085 τοῦ
1024 3031 1457 3098 ἐπιστατοῦντος,
1494 3033 1553 3087 τὸ
1581 3034 1796 3104 ἐτοιμον
1831 3035 1935 3105 τῆς

361 3108 610 3177 κτίσεως,
636 3109 695 3177 16
731 3113 1265 3184 παρεσκευασμένον.
1310 3114 1522 3188 Ὠσπερ
1550 3116 1660 3188 γὰρ
1685 3118 1713 3169 6
1744 3118 1802 3171 ἐν
1833 3116 1927 3188 θη-

362 3191 550 3263 σαυρῷ
573 3191 730 3262 ἔχων,
764 3196 882 3265 μετ’
907 3194 1088 3259 ἀδείας
1115 3195 1299 3266 ἐξάγει
1330 3197 1528 3264 πάντα,
1555 3199 1650 3253 ml
1677 3200 1766 3253 ὅτε
1808 3198 1933 3268 βού-

358 3272 510 3327 λεται
541 3292 554 3307 ·
589 3274 733 3329 οῦτω
763 3278 858 3330 ml
889 3279 917 3330 6
938 3278 1030 3331 τοῦ
1061 3280 1261 3343 παντὸς
1283 3279 1631 3353 δημιουργὸς
1649 3282 1827 3336 πάντα
1847 3282 1936 3336 εὐ-

359 3358 533 3423 κόλως
553 3360 794 3431 ἐποίησε,
830 3362 923 3415 καὶ
953 3365 1018 3433 τῇ
1057 3363 1217 3432 φύσει
1245 3364 1580 3433 παρέδωκεν.
1609 3362 1763 3430 Εἶδες
1791 3366 1933 3437 πόση

359 3444 455 3495 καὶ
484 3444 542 3496 ἐν
574 3443 698 3513 ἀέρι
726 3444 988 3515 διαφορὰ,
1031 3447 1280 3515 καθάπερ
1324 3449 1419 3500 ml
1462 3450 1519 3501 ἐν
1556 3447 1707 3502 ὑδατι
1747 3451 1840 3503 ml
1878 3451 1937 3504 ἐν

360 3525 514 3595 πυρὶ,
547 3525 742 3580 πολλαὶ
775 3528 1101 3596 ἐναλλαγαί;
1144 3530 1253 3582 Kal
1276 3529 1384 3598 γὰρ
1404 3529 1498 3582 τοῦ
1527 3529 1717 3595 ὓδατος
1737 3531 1797 3584 16
1837 3532 1938 3603 μέν
1992 3542 1997 3546 ’

361 3609 479 3659 ἐστι
506 3610 759 3679 πηγαῖον,
786 3611 848 3663 16
881 3610 937 3664 δὲ
983 3610 1287 3675 θαλάττιον,
1321 3611 1382 3664 τὸ
1408 3612 1466 3664 δὲ
1493 3612 1697 3683 ἀέριον,
1726 3615 1787 3668 τὸ
1803 3615 1860 3668 δὲ
1879 3617 1937 3670 ἐν

360 3690 633 3759 νεφέλαις,
655 3691 715 3745 τὸ
735 3691 791 3746 δὲ
816 3693 1084 3764 οὐράνιον,
1103 3694 1163 3747 16
1180 3694 1237 3747 66
1268 3694 1526 3765 ὑπεράνω
1541 3694 1648 3748 τῶν
1672 3696 1935 3767 οὐρανῶν,

361 3774 424 3826 τὸ
448 3773 507 3827 66
553 3775 829 3842 ὑπόγειον.
877 3777 988 3830 Kal
1036 3781 1096 3831 ἐν
1139 3776 1218 3848 τῷ
1260 3778 1427 3849 πυρὶ,
1466 3778 1525 3831 τὸ
1564 3779 1664 3850 μέν
1697 3781 1843 3835 ἐστιν
1883 3782 1939 3834 ἐν

361 3856 519 3926 ἡλίῳ,
551 3857 610 3911 16
629 3858 685 3911 δέ
712 3859 857 3913 ἐστιν
892 3861 950 3912 ἐν
983 3859 1198 3932 σελήνῃ,
1237 3861 1297 3913 16
1320 3861 1374 3913 δέ
1406 3863 1553 3914 ἐστιν
1595 3864 1655 3916 ἐν
1697 3864 1937 3935 ἄστροις,

362 3939 428 3991 16
473 3939 529 3991 66
572 3941 630 3993 ἐν
690 3942 1020 4013 ἀστραπαῖς,
1067 3942 1129 3995 16
1156 3942 1211 3995 66
1250 3944 1307 3998 ἐν
1360 3943 1509 4014 ἀέρι,
1530 3944 1591 3997 16
1618 3945 1675 3998 66
1710 3947 1817 4000 ἀπὸ
1848 3946 1937 4011 ξύ-

364 4020 494 4083 λων,
548 4022 609 4075 16
651 4024 778 4094 περὶ
825 4027 989 4095 ἡμᾶς,
1040 4026 1133 4078 ml
1178 4025 1237 4077 16
1277 4024 1568 4095 λυχνιαίον,
1619 4027 1680 4081 16
1725 4028 1783 4081 δὲ
1824 4030 1932 4082 ἀπὸ

364 4107 470 4176 γῆς
492 4120 507 4135 °
539 4104 633 4157 καὶ
665 4107 774 4177 γάρ
813 4108 929 4161 ἐστι
962 4106 1226 4178 πολλαχοῦ
1264 4108 1503 4161 τοιοῦτον
1529 4109 1638 4163 ἀπὸ
1676 4111 1779 4181 γῆς
1809 4111 1944 4166 ἀνα-

365 4186 659 4257 διδόμενον,
691 4187 880 4261 ὥσπερ
927 4191 983 4242 αἱ
1029 4191 1204 4261 πηγαὶ
1240 4191 1349 4244 τῶν
1397 4191 1640 4245 ὑδάτων·
1684 4193 1745 4245 τὸ
1776 4194 1832 4246 δὲ
1885 4196 1943 4248 ἐν

366 4268 535 4332 λίθοις
580 4272 1070 4344 παρατριϐομένοις
1093 4316 1107 4339 ,
1161 4273 1224 4327 16
1261 4274 1317 4326 δὲ
1350 4275 1409 4326 ἐν
1459 4274 1656 4345 κόμαις
1688 4274 1939 4346 δένδρων,

368 4352 464 4405 καὶ
512 4353 693 4407 αὐτῶν
752 4356 1260 4428 παρατριϐομένων,
1318 4358 1378 4410 τὸ
1434 4357 1491 4410 66
1538 4360 1596 4412 ἐν
1639 4362 1939 4431 κεραυνοῖς.

368 4436 525 4491 Οὕτω
543 4438 606 4509 δὴ
638 4440 731 4492 καὶ
763 4442 820 4494 ἐν
861 4442 1014 4512 ἀέρι,
1048 4443 1076 4494 6
1112 4442 1209 4512 μέν
1248 4444 1364 4496 ἐστι
1412 4442 1735 4516 παχύτερος,
1767 4446 1795 4497 6
1817 4447 1945 4514 περὶ

369 4521 517 4589 ἡμᾶς
543 4536 557 4550 ⁸
599 4523 628 4574 6
671 4521 729 4574 66
766 4521 1105 4594 λεπτότερος,
1124 4527 1152 4577 6
1173 4525 1229 4577 66
1259 4526 1529 4598 ἀνώτερος
1561 4526 1722 4581 πάλιν
1751 4544 1943 4599 πυρω-

369 4602 640 4672 δέστερος.
675 4605 782 4657 Kal
810 4605 916 4659 τῶν
942 4606 1155 4676 ἀνέμων
1184 4608 1374 4661 πολλαὶ
1399 4611 1453 4662 αἱ
1477 4608 1728 4681 διαφοραί
1752 4625 1766 4641 ·
1789 4611 1817 4662 6
1845 4612 1944 4681 μὲν

370 4686 480 4756 γὰρ
515 4686 856 4759 λεπτότερος,
887 4691 916 4741 6
940 4688 997 4742 66
1018 4688 1321 4762 παχύτερος
1348 4707 1363 4722 ’
1393 4694 1422 4744 6
1462 4692 1560 4762 μὲν
1591 4689 1942 4765 ψυχρότερος,

371 4772 401 4824 6
428 4769 483 4822 δὲ
500 4769 789 4842 ξηρότερος
805 4787 819 4800 ⁸
836 4775 863 4824 .6
882 4772 980 4843 μὲν
998 4773 1310 4843 ὑγρότερος,
1334 4775 1427 4829 ὁδέ
1447 4775 1791 4847 θερμότερος.
1809 4777 1944 4848 Ἀὴρ

373 4852 431 4906 δὲ
454 4854 548 4906 καὶ
576 4855 754 4922 νέφος,
787 4855 848 4907 16
876 4857 971 4925 μὲν
996 4856 1268 4925 σχολαιότε
1279 4873 1389 4928 ρον,
1410 4856 1556 4930 [588]
1571 4858 1632 4911 16
1647 4858 1703 4911 δὲ
1723 4861 1948 4930 ταχύτε-

378 4952 470 5005 ρον
493 4940 678 5007 χωρεῖ,
700 4937 946 5011 καθάπερ
963 4939 1046 5007 ἐφ’
1065 4939 1267 4992 ἵππων.
1295 4938 1450 4992 Οὕτω
1470 4939 1534 5010 δὴ
1564 4941 1656 4993 ml
1674 4943 1766 4996 ἐπὶ
1789 4960 1946 5011 νεφε-

375 5017 482 5070 λῶν
501 5021 592 5072 Kal
617 5019 833 5089 ἀνέμων
856 5021 960 5075 διαί
983 5020 1080 5089 μὲν
1096 5022 1337 5074 ἐοίκασιν
1357 5021 1673 5093 ὑδροφόροις
1694 5024 1932 5091 σκεύεσι,

377 5101 507 5154 ποτέ
533 5101 632 5172 μὲν
670 5103 876 5157 ὑδάτων
905 5103 1377 5175 ἐμπεπλησμέναι,
1416 5104 1547 5159 ποτὲ
1576 5105 1631 5158 δέ
1672 5109 1826 5161 κεναὶ
1851 5126 1950 5176 φεμ

300 5236 307 5243 .
381 5185 600 5257 ρόμεναι
624 5203 636 5215 ·
665 5189 720 5240 al
747 5187 803 5240 δὲ
839 5186 1005 5258 ῥιπίδι
1034 5187 1262 5241 ἐοίκασι.
1296 5188 1367 5240 Σῦ
1394 5188 1451 5241 δὲ
1471 5187 1644 5241 ταῦτα
1669 5189 1812 5261 ὁρῶν
1855 5193 1951 5245 ml

378 5269 475 5341 τὴν
496 5270 756 5341 διαφοράν
785 5271 880 5323 ml
912 5269 1009 5340 τὴν
1054 5270 1322 5324 ποικιλίαν
1350 5270 1547 5335 αὐτῶν,
1585 5271 1829 5341 θαύμαζε
1860 5274 1951 5326 τὸν

377 5353 728 5425 δημιουργόν.
764 5355 868 5419 Ὃς
891 5351 1149 5418 ἐπάταξε
1174 5354 1246 5408 τὰ
1271 5355 1610 5423 πρωτότοκα
1626 5356 1947 5424 Αἰγύπτου.

382 5434 567 5490 Εἰπὼν
605 5435 673 5488 τά
707 5434 954 5498 καθόλου,
1011 5436 1103 5488 ml
1145 5435 1321 5502 δείξας
1368 5435 1461 5490 τοῦ
1511 5437 1645 5491 Θεοῦ
1689 5438 1785 5508 τὴν
1820 5439 1953 5511 πρό-

445 5606 471 5669 Ξ
494 5606 634 5669 ᾼΙῑυε
656 5604 875 5669 διηνεκῶς
897 5605 1326 5669 καταλαμπόμεναι.

444 5668 475 5707 ιι
500 5666 791 5726 ΞανίΙ.ἡμίν.

447 5732 471 5789 εἴ
496 5728 646 5789 Satn.
680 5728 767 5789 τῷ.

446 5788 475 5829 d
501 5788 593 5856 Καί
606 5786 802 5849 ἀνέμων.
814 5786 1086 5856 Ηεεοριιιαι
1108 5789 1255 5856 Ξενὶι.
1273 5791 1546 5856 τεᾴυηάενε
1561 5807 1573 5853 ;
1588 5793 1682 5856 βοά
1695 5794 1954 5856 _interpres

389 5852 526 5913 legal.
556 5851 705 5917 l’au_lu
730 5856 833 5917 pgsl
875 5850 1058 5899 ἐοίκασι
1100 5859 1203 5912 post
1234 5854 1375 5917 ῥιπίδι
1398 5850 1633 5904 αρυκιίη
1681 5850 1951 5906 8ιιιί1.ἐοι1

390 5918 551 5975 potest
575 5914 794 5960 relim-ri.

1328 482 1692 539 EXPOSITIO
1739 482 1802 537 IN
1842 483 2173 539 PSAIMUM
2212 488 2495 543 CXXXIV.

2022 615 2170 653 νοιαν
2212 601 2307 674 τὴν
2373 605 2501 675 περὶ
2547 608 2643 674 τὴν
2691 605 3012 677 οἰκουμένην
3043 605 3299 670 ¹ἕλἰπαιταν,
3344 605 3430 659 διὰ
3491 607 3599 660 τῶν

2020 685 2337 756 ἀστραπῶν,
2366 688 2454 740 διὰ
2478 687 2587 742 τῶν
2603 690 2843 760 ἀνέμων,
2871 690 2956 744 διὰ
2988 690 3094 744 τῶν
3149 690 3344 761 ἀέρων,
3372 688 3459 741 διὰ
3492 690 3598 742 τῶν

2021 767 2257 836 νεφελῶν
2279 809 2292 832 ,
2320 770 2410 824 διά
2434 770 2542 824 τῶν
2575 772 2764 837 ὑετῶν,
2804 773 2897 828 ml
2940 772 3165 840 ἐλέγξας
3190 772 3288 843 τὴν
3328 770 3600 843 ληρωδίαν

2020 851 2129 905 τῶν
2157 850 2319 924 μέχρι
2352 854 2581 926 σελήνης
2611 857 2867 927 πρόνοιαν
2919 856 3190 926 λεγόντων
3213 851 3372 920 εῖναι,
3408 856 3502 911 ἐπὶ¹
3538 857 3600 910 16

2024 936 2246 1006 μερικὸν
2287 936 2502 1009 ἔρχεται
2526 939 2585 992 16
2613 942 2742 1011 περὶ
2781 941 3069 1005 Ἰουδαίους
3093 942 3280 1012 μέρος.
3329 942 3452 996 Ὅτι
3502 942 3600 1011 μὲν

2021 1017 2131 1089 γὰρ
2154 1019 2249 1088 γῆ,
2284 1021 2378 1074 ml
2425 1022 2672 1094 οὐρανὸς,
2728 1025 2821 1077 καὶ
2867 1023 2937 1077 τά
2983 1023 3233 1094 ὁρώμενα
3284 1025 3463 1079 πάντα
3505 1024 3603 1094 τῆς

2025 1101 2193 1155 αὑτοῦ
2240 1104 2650 1176 φιλανθρωπίας
2681 1105 2964 1171 ἀπολαύει,
2998 1106 3165 1173 ἔδειξε
3189 1106 3275 1161 διὰ
3299 1106 3405 1160 τῶν
3452 1107 3604 1177 εἰρη-

2026 1186 2221 1256 μένων·
2259 1189 2347 1242 ῖνα
2396 1189 2455 1242 δὲ
2490 1190 3028 1263 εὐγνωμονεστέρους
3052 1202 3075 1231 ο
3116 1191 3398 1255 Ἰουδαίους
3441 1191 3607 1263 ἐργά-

2024 1287 2208 1343 σηται,
2246 1271 2432 1326 καὶτὰ
2464 1273 2663 1345 μερικά
2716 1272 2999 1342 διηγεῖται,
3031 1274 3243 1340 δεικνὺς
3274 1276 3407 1328 ὃτιὸ
3439 1273 3602 1328 καθό-

2023 1353 2116 1409 λου
2150 1356 2304 1421 Θεὸς,
2335 1358 2431 1410 m‘:
2468 1357 2577 1411 τῶν
2600 1358 2855 1412 ἁπάντων
2912 1358 3175 1431 προνοῶν,
3219 1358 3389 1422 ίδικάς
3423 1359 3605 1420 αὐτοῖς

2023 1455 2178 1517 τινας
2206 1441 2525 1511 εὐεργεσίας
2555 1442 2863 1514 ἐχαρίσατο.
2897 1442 3089 1495 Καίτοι
3116 1442 3209 1496 καὶ
3236 1441 3305 1495 τά
3353 1444 3433 1504 εἰς
3458 1441 3608 1494 ἐκεί-

2018 1538 2149 1589 νους
2178 1525 2458 1595 γινόμενα,
2486 1525 2750 1580 καθολικά
2782 1525 2942 1579 πάλιν
2970 1521 3059 1597 ἦν.
3092 1525 3165 1579 Τό
3204 1543 3265 1578 τε
3287 1524 3395 1597 γὰρ
3417 1527 3481 1579 ἐκ
3496 1523 3605 1578 τῶν

2025 1607 2200 1662 ἄλλων
2215 1609 2412 1672 αὐτοὺς
2439 1609 2755 1681 ἐξειλέχοαι,
2777 1608 3124 1684 παραζηλοῦν
3155 1609 3393 1673 ἐκείνους
3411 1608 3603 1662 ἐποίει·

2026 1691 2163 1762 ὅπερ
2192 1693 2332 1746 καὶὸ
2360 1692 2568 1757 Παῦλος
2599 1694 2814 1758 δεικνὺς
2850 1694 3018 1763 λέγει·
3050 1693 3136 1760 Τῷ
3180 1689 3381 1747 αὐτῶν
3413 1708 3604 1761 παρα·

2028 1775 2290 1846 πτώματι
2316 1777 2355 1844 ἡ
2385 1777 2647 1845 σωτηρία
2674 1778 2799 1843 τοῖς
2823 1778 3084 1842 ἔθνεσιν,
3134 1778 3222 1843 είς
3247 1777 3313 1830 τὸ
3350 1775 3607 1846 παραζη-

2026 1859 2223 1915 λῶσαι
2243 1860 2483 1925 αὐτούς.
2503 1860 2614 1914 Kal
2644 1859 2753 1931 γάρ
2783 1859 2930 1913 ῶσπε
2940 1878 2972 1932 ρ
3009 1859 3189 1932 πατὴρ
3215 1859 3306 1913 ἐπὶ
3334 1858 3560 1912 παιδίων
3583 1856 3604 1896 ί

2027 1946 2411 2018 ἀφισταμένων
2442 1947 2629 2012 αὐτοῦ,
2660 1947 2842 2001 λαϐὼν
2872 1947 2929 2000 ἓν
2964 1946 3024 2012 ἐξ
3055 1946 3236 2000 αὐτῶν
3260 1946 3354 1999 ἐπὶ⁸
3386 1945 3492 1999 τῶν
3512 1962 3609 2013 γο-

2029 2032 2202 2086 νάτων
2230 2031 2460 2097 καθίζει,
2520 2032 2613 2084 ml
2637 2032 2696 2085 οὐ
2732 2030 2804 2085 δι’
2849 2033 3027 2084 ἐκεῖνο
3071 2028 3230 2084 τοῦτο
3264 2030 3428 2094 ποιεῖ,
3473 2027 3611 2081 ἀλλά

2031 2118 2212 2190 πολλῷ
2248 2120 2447 2190 μᾶλλον
2472 2120 2560 2174 διὰ
2582 2120 2652 2174 τά
2688 2120 2842 2185 ἀλλα,
2872 2119 3015 2174 ὥστε
3049 2118 3316 2190 δηχθέντα
3367 2114 3507 2171 αὐτά
3542 2118 3609 2186 τῇ

2029 2206 2161 2275 τιμῇ
2196 2204 2565 2275 προσδραμεῖν
2612 2205 2749 2275 πρὸς
2772 2204 2862 2257 τὸν
2889 2203 3099 2276 πατέρα
3121 2204 3220 2274 τῆς
3270 2202 3440 2272 αὑτῆς
3473 2201 3611 2253 ἀπο-

2031 2287 2300 2341 λαύσοντα
2332 2289 2649 2359 θεραπείας⁸
2690 2288 2835 2342 οὑτω
2861 2289 2954 2342 ml
2981 2291 3010 2342 6
3049 2287 3181 2352 Θεδς
3215 2288 3308 2340 ἐπὶ
3334 2286 3444 2339 τῶν
3484 2286 3615 2338 Ἰου-

2031 2370 2194 2425 δαίων
2223 2372 2467 2443 ἐποίησε.
2500 2370 2694 2426 Λαϐὼν
2723 2370 2832 2442 γὰρ
2851 2371 3046 2434 αὐτοὺς
3065 2371 3166 2423 οὐκ
3194 2369 3288 2422 ἐπὶ
3321 2367 3429 2421 τῶν
3454 2366 3617 2436 γονά-

2030 2470 2161 2518 των,
2197 2454 2308 2509 ἀλλ’
2348 2454 2441 2507 ἐπὶ
2469 2454 2577 2507 τῶν
2620 2452 2920 2525 βραχιόνων
2953 2452 3226 2525 (καθάπερ
3268 2452 3297 2505 6
3328 2450 3613 2524 προφήτης

2036 2537 2215 2607 φησι),
2242 2538 2337 2591 ml
2393 2538 2486 2590 ἐπὶ
2528 2536 2636 2591 τῶν
2684 2537 3042 2608 μεταφρένων
3082 2532 3340 2591 ἀνέλαϐεν
3394 2533 3611 2597 αὐτοὺς,

2034 2619 2319 2690 χαρίζεται
2344 2619 2412 2673 τά
2438 2619 2666 2683 ἐκείνοις
2696 2618 2939 2685 ποθεινὰ,
2972 2619 3119 2681 ναὸν,
3151 2617 3356 2681 θυσίας,
3386 2614 3423 2669 ἀ
3458 2614 3615 2685 μάλι-

2038 2716 2143 2755 στα
2176 2703 2402 2772 ἐζήτουν
2457 2703 2595 2775 μετά
2630 2702 2871 2766 πλείονος,
2920 2702 3016 2774 τῆς
3042 2700 3347 2773 ἀκριϐείας,
3378 2715 3618 2771 προστα-

2039 2786 2159 2851 σίας
2180 2787 2281 2850 τὰς
2329 2790 2387 2841 ἐν
2414 2786 2692 2858 πολέμοις,
2736 2787 2892 2850 νίκας
2915 2827 2930 2852 ,
2962 2786 3215 2854 τρόπαια,
3263 2783 3361 2855 τὴν
3382 2782 3489 2837 ἀπὸ
3514 2780 3616 2850 τῆς

2036 2875 2140 2945 γῆς
2170 2871 2447 2942 εὐθηνίαν,
2472 2871 2567 2944 τὴν
2591 2873 2689 2942 τῆς
2727 2871 2940 2942 φύσεως
2983 2869 3289 2940 εὐετηρίαν,
3317 2867 3523 2930 τούτοις
3556 2883 3615 2919 τε

2036 2955 2260 3020 τούτους
2322 2954 2696 3020 καλλωπίζων,
2757 2954 2851 3007 καὶ
2908 2953 3036 3016 τοὺς
3096 2952 3287 3016 ἀλλους
3325 2953 3404 3013 είς
3457 2948 3621 3021 ζῆλον¹

2039 3040 2209 3108 ἀγων.
2253 3038 2390 3091 Ἀλλ’
2418 3037 2607 3109 ἐπειδὴ
2633 3036 2856 3108 ἔμελλον
2885 3035 3081 3106 φαῦλοι
3115 3033 3358 3105 γίνεσθαι
3386 3033 3615 3086 διαπανν

2037 3121 2128 3185 τὸς
2183 3120 2617 3191 κολακευόμενοι,
2672 3121 2767 3174 καὶ
2800 3119 2887 3172 διὰ
2943 3118 3050 3173 τῶν
3101 3118 3380 3190 τιμωριῶν
3422 3116 3619 3179 αὐτοὺς

2044 3204 2317 3276 ῥυθμίζει.
2348 3202 2527 3275 Πολλὴ
2556 3204 2666 3274 γὰρ
2698 3205 2731 3274 ή
2761 3202 2854 3256 τοῦ
2886 3201 3020 3257 Θεοῦ
3051 3202 3232 3272 σοφία,
3268 3202 3361 3255 καὶ
3390 3199 3449 3266 ἐξ
3473 3200 3620 3272 ἀμηο

2040 3288 2220 3360 χάνων
2254 3287 2498 3360 εὑρίσκει
2527 3287 2746 3358 πόρους.

2117 3443 2180 3498 δ’.
2209 3442 2316 3497 Kal
2338 3439 2438 3508 ὅρα
2458 3441 2741 3512 Προφήτου
2769 3439 3008 3494 σύνεσιν*
3026 3438 3133 3493 ἀπδ
3153 3437 3259 3491 τῶν
3280 3434 3507 3491 καθόλου
3536 3436 3620 3499 είς

2041 3524 2214 3580 ταῦτα
2244 3525 2335 3579 τὸν
2364 3524 2519 3593 λόγον
2557 3521 2840 3593 ἐξαγαγὼν
2864 3563 2879 3589 ,
2921 3522 3007 3575 ἵνα
3033 3523 3106 3593 μή
3136 3538 3219 3583 τις
3245 3519 3351 3573 τῶν
3375 3520 3619 3589 ἀνοήτων

2047 3608 2270 3681 μερικὸν
2295 3607 2490 3678 νομίσῃ
2511 3608 2603 3660 16v
2626 3606 2758 3660 Θεὸν
2805 3602 2966 3670 εἶναι,
2995 3605 3084 3658 ὅτε
3133 3605 3228 3657 ἐπὶ
3282 3602 3352 3656 τά
3389 3599 3616 3655 καθόλου

2015 3689 2193 3762 ἦλθε,
2215 3690 2341 3743 τότε
2366 3688 2568 3743 τούτων
2593 3689 2828 3743 ἅπτεται
2857 3687 2968 3742 τῶν
3019 3686 3215 3755 λόγων,
3278 3685 3372 3738 καί
3431 3700 3614 3754 φησιν’

2049 3777 2154 3840 ’⁸ος
2182 3773 2442 3839 ἐπάταξε
2468 3773 2540 3827 τὰ
2568 3774 2910 3841 πρωτότοκα
2922 3772 3242 3842 Αἰγύπτου.
3277 3765 3416 3841 Ἀρα
3440 3771 3501 3821 οὐ
3530 3768 3619 3820 δο-
3674 3827 3679 3831 ξ

2044 3860 2132 3912 κεῖ
2188 3857 2386 3928 μᾶλλον
2442 3858 2571 3926 ὑμῖν
2618 3855 2705 3910 διὰ
2757 3856 2884 3919 τοὺς
2950 3854 3238 3916 Ἰουδαίους
3293 3850 3618 3920 γεγενῆσθαι

2043 3939 2246 4008 ταῦτα;
2292 3942 2389 3993 Ἀν
2413 3940 2591 3994 τοίνυν
2613 3939 2791 4007 δείξω,
2823 3939 2907 3993 ὅτι
2948 3937 3041 3990 ml
3070 3937 3134 3990 δι’
3179 3934 3396 4005 ἐτέρους
3446 3931 3620 3986 ταῦτα

2045 4023 2282 4091 ἐγένετο,
2305 4023 2358 4076 τί
2385 4022 2600 4096 ἐροῦσιν
2619 4024 2669 4076 οί
2709 4021 2783 4093 μὴ
2825 4020 3054 4075 καθόλου
3077 4018 3171 4072 τοῦ
3199 4016 3335 4071 Θεοῦ
3366 4017 3466 4088 τὴν
3487 4015 3622 4086 πρό-

2047 4124 2195 4162 νοιαν
2225 4105 2506 4174 λέγοντεςς
2541 4105 2664 4169 Πῶς
2694 4101 2787 4158 οὖν
2818 4104 2930 4158 ἐστι
2954 4102 3158 4169 δεῖξαι;
3216 4099 3468 4155 Μάλιστα
3520 4099 3619 4170 μὲν

2047 4188 2156 4259 γὰρ
2177 4190 2337 4259 ἀρκεῖ
2354 4189 2387 4259 ή
2408 4188 2501 4242 τοῦ
2511 4187 2644 4240 Θεοῦ
2667 4186 2961 4256 ἀπόφασις,
2975 4187 3010 4256 ἡ
3028 4182 3209 4253 σαφῶς
3223 4181 3353 4235 αὐτὸ
3367 4179 3616 4251 δηλοῦσα,

2047 4270 2142 4324 ml
2176 4271 2425 4340 λέγουσα·
2464 4268 2614 4342 [389]
2643 4270 2842 4335 Ὅπως
2881 4266 3230 4334 ἐνδείξωμαι
3259 4264 3331 4319 ἐν
3373 4262 3474 4318 σοι
3503 4261 3620 4331 τὴν

2046 4354 2305 4424 δύναμίν
2327 4371 2470 4424 μου,
2510 4353 2609 4407 καί
2661 4352 2821 4418 ὅπως
2865 4346 3149 4420 διαγγελῇ
3170 4348 3236 4403 τὸ
3284 4345 3472 4413 ὄνομά
3499 4363 3618 4418 μου

2048 4440 2119 4492 ὲν
2150 4437 2317 4507 πάσῃ
2346 4437 2422 4505 τῇ
2458 4436 2554 4507 τῇ.
2606 4431 2759 4500 Εἶδες
2784 4433 3100 4503 εὐαγγέλιον
3140 4431 3232 4486 τὸν
3276 4431 3504 4510 θάνατον
3540 4447 3639 4499 γιι

2050 4522 2291 4593 νόμενον,
2319 4523 2412 4575 καὶ
2442 4523 2703 4592 κήρυγμα
2735 4518 2831 4590 τὴν
2858 4517 3116 4589 θεήλατον
3142 4516 3354 4589 πληγὴν
3382 4516 3619 4587 ἐκείνην,

2051 4603 2325 4676 πανταχοῦ
2355 4603 2688 4677 περιιοῦσαν,
2746 4605 2840 4657 ml
2888 4602 3369 4674 ἀνακηρύττουσαν
3399 4600 3496 4672 τὴν
3527 4600 3643 4653 τοῦ..

2050 4687 2186 4742 Θεοῦ
2212 4688 2476 4755 δύναμιν;
2534 4689 2757 4759 Προνοεῖ
2775 4687 2953 4740 τοίνυν
2979 4687 3078 4757 τῆς
3114 4684 3436 4756 οἰκουμένης
3480 4684 3623 4738 ἀπά-

2055 4788 2174 4842 σης,
2200 4774 2296 4825 καὶ
2323 4772 2485 4842 ήνίκα
2513 4771 2582 4824 τά
2613 4771 2878 4825 Ἰουδαίων
2926 4769 3134 4824 διοικεῖ.
3157 4770 3347 4823 Καίτοι
3366 4786 3429 4838 γε
3455 4767 3624 4836 ἐγνώ-

2055 4871 2169 4927 ρισε
2202 4852 2301 4926 τὴν
2326 4854 2554 4925 δύναμιν
2588 4854 2751 4909 αὐτοῦ
2800 4854 2894 4907 καὶ
2921 4853 3105 4916 πάλαι,
3133 4847 3244 4906 οἷον
3265 4851 3359 4905 ἐπί⁵
3377 4851 3468 4905 τοῦ
3512 4850 3624 4903 Ἰωο

2054 4940 2185 5009 σὴφ,
2212 4939 2304 4990 611l
2336 4936 2430 4990 τοῦ
2466 4937 2737 5009 Ἀϐραὰμ,
2768 4936 2883 4991 ἀλλ’
2938 4937 3086 5006 ὅμως
3122 4933 3216 4987 νῦν
3271 4932 3620 5001 σαφέστερον.

2056 5021 2210 5087 Πῶς;
2243 5022 2374 5075 Τότε
2411 5019 2510 5092 μὲν
2542 5020 2610 5073 δι’
2637 5019 2975 5091 εὐεργεσίας
3025 5018 3248 5088 ὕστερον
3295 5015 3352 5067 δὲ
3399 5014 3494 5067 ml
3531 5014 3623 5067 διὰ

2056 5103 2290 5175 πληγῆς*
2321 5104 2414 5158 ml
2443 5104 2505 5156 οὐ
2534 5102 2902 5174 διαλιμπάνει,
2949 5099 2978 5152 6
3033 5098 3128 5151 ml
3174 5096 3432 5157 πολλάκις
3451 5095 3623 5165 ἔφθην

2054 5188 2242 5255 εἰπὼν,
2279 5186 2514 5258 συνεχῶς
2548 5188 2641 5240 ml
2670 5185 2791 5240 καθ’
2822 5183 3057 5252 ἑκάστην
3086 5179 3279 5249 γενεὰν
3308 5177 3624 5242 ἀναδεικνπ

2056 5272 2244 5326 ἑαυτὸν
2295 5269 2385 5324 διὰ
2437 5268 2547 5323 τῶν
2592 5267 2955 5339 πραγμάτων,
3008 5263 3107 5316 ml
3163 5258 3463 5331 γνωρίζων.
3511 5260 3626 5329 Οὐχ

2056 5356 2258 5427 ὁμοίως
2290 5355 2347 5408 66
2393 5354 2481 5407 ἀεὶ
2514 5352 2671 5405 τοῦτο
2698 5353 2859 5414 ποιεῖ,
2912 5342 3051 5400 ἀλλά
3096 5342 3361 5427 ποικίλως
3383 5343 3487 5427 καὶ
3511 5341 3628 5427 δια-

2057 5423 2238 5511 φόρως
2255 5455 2269 5470 °
2300 5441 2421 5492 τότε
2447 5440 2543 5508 μὲν
2563 5434 2670 5507 γὰρ
2696 5433 2786 5487 διὰ
2814 5431 2913 5511 τῆς
2932 5426 3187 5511 γυναικὸς
3217 5423 3311 5479 τοῦ

2056 5506 2318 5593 πηρώσας
2357 5506 2459 5580 τὰς
2482 5506 2673 5578 ὠδῖνας
2700 5514 2798 5584 τῆς
2815 5508 3085 5583 φύσεως,
3105 5508 3327 5580 ὕστερον
3353 5506 3407 5561 δὲ
3428 5508 3515 5561 διὰ
3542 5507 3627 5558 λι-

2122 5739 2144 5766 e
2181 5725 2263 5773 Sic
2307 5718 2478 5778 Savil.,
2527 5726 2699 5768 recte:
2750 5713 2920 5765 Morel.
2963 5724 3083 5762 vero
3118 5708 3629 5774 συγγνωμονεστέραυς,

2056 5787 2253 5837 omnino
2285 5783 2431 5831 male.
2548 5842 2576 5845 η
2698 5839 2739 5845 __
2862 5838 2888 5845 __
3067 5835 3097 5845 Α

2127 5827 2433 5897 Γέέᾰιίἷὲἐὶ
2474 5842 2669 5891 παίδων.
2698 5839 2807 5889 Mox
2832 5838 2951 5890 anus
2995 5853 3020 5888 α
3065 5835 3249 5888 Samio
3288 5836 3465 5886 allatus
3497 5827 3629 5879 καις-ι

2061 5927 2163 5969 σας,
2191 5926 2285 5957 και.
