4088 6274
399 402 504 455 395

399 515 626 570 diversis
671 509 878 574 modis;
923 517 1047 564 tunc
1085 506 1296 577 quidem
1347 521 1437 574 per
1475 518 1695 559 uxorem
1724 499 1977 566 Abrahzc,

401 604 680 661 sterilitate
717 601 859 656 illam
890 600 1136 668 afﬂigens
1170 615 1184 664 ;
1213 606 1395 668 postea
1429 605 1606 649 autem
1640 608 1733 662 per
1763 592 1977 655 famem,

401 695 594 751 deinde
617 708 712 764 per
745 707 922 746 rerum
948 691 1154 760 copiam
1181 706 1195 754 ;
1226 698 1344 760 post
1371 688 1485 742 haec
1517 701 1642 741 vero
1680 700 1774 754 per
1805 685 1983 753 plagas

402 785 875 856 frequentissimas.
907 783 1164 851 Quoniam
1204 797 1331 852 ergo
1369 777 1794 834 condemnabant
1818 777 1980 830 Deum

403 875 799 941 imbecillitatis,
833 874 932 942 ipsi
957 881 1012 928 et
1043 871 1421 942 primugenitos
1451 868 1775 933 occiderunt,
1801 875 1854 921 et
1878 866 1981 920 ﬂu-

401 969 543 1021 vium
570 973 945 1021 cruentarum:
975 979 1040 1018 eo
1065 965 1178 1032 ipso
1201 972 1439 1030 tempore
1465 961 1607 1014 vires
1627 973 1836 1029 quoque
1859 971 1982 1012 suas

399 1059 481 1112 eis
507 1055 743 1111 ostendit
783 1071 878 1125 per
911 1054 1150 1124 quaedam
1181 1053 1338 1122 paulo
1362 1050 1693 1105 obscuriora.
1721 1048 1984 1103 Obstetri-

399 1164 493 1205 ces
535 1149 678 1203 enim
707 1146 1096 1218 Egyptiorum,
1143 1161 1260 1200 cum
1301 1143 1536 1198 crudelia
1563 1143 1646 1196 illa
1674 1141 1818 1211 jussa
1848 1157 1980 1195 con-

404 1241 765 1309 tempsissent,
797 1249 851 1292 et
907 1251 1109 1290 sazvum
1157 1235 1296 1304 regis
1357 1233 1626 1290 decretum
1673 1229 1978 1296 elusissent,

402 1347 590 1400 magna
624 1346 798 1385 rerum
829 1329 978 1398 Copia
1007 1327 1217 1380 donata:
1244 1335 1386 1378 sunt.
1411 1323 1643 1393 Utraque
1665 1331 1842 1378 autem
1868 1321 1982 1374 hmc

402 1433 552 1478 erant
576 1422 667 1478 Dei
698 1419 1078 1490 providentiae,
1109 1416 1311 1472 scilicet
1339 1413 1476 1485 quod
1508 1424 1562 1469 et
1588 1413 1840 1468 mulieres
1867 1429 1979 1466 ma-

400 1515 570 1586 jorem
623 1513 870 1567 virtutem
920 1501 1270 1574 ostenderint,
1316 1522 1473 1577 quam
1525 1506 1557 1559 ii
1605 1521 1829 1575 quorum
1867 1515 1981 1559 erat

405 1615 565 1674 caput
590 1604 890 1660 redimitum
921 1601 1218 1656 diademate
1247 1617 1262 1654 :
1289 1598 1503 1668 etquod
1533 1612 1622 1651 eas
1643 1606 1978 1651 remunerata

407 1699 498 1759 sit,
545 1705 598 1751 ιιι
639 1697 689 1749 in
732 1709 973 1764 magnam
1017 1691 1405 1748 multitudinem
1455 1705 1547 1744 eas
1591 1691 1976 1760 propagaverit.

408 1787 537 1842 lllud
569 1788 744 1851 enim,
764 1785 1015 1857 Benefecit
1044 1783 1379 1838 obstetricibus
1410 1781 1604 1854 (Exod.
1639 1784 1688 1836 l.
1716 1781 1808 1852 20)
1830 1822 1845 1846 ,
1881 1784 1982 1835 hoc

403 1888 507 1944 est,
542 1879 767 1932 Extensa
797 1886 880 1934 est
905 1891 1087 1930 earum
1113 1877 1357 1946 cognatio
1389 1891 1402 1930 :
1433 1876 1626 1929 etenim
1659 1889 1750 1942 per
1779 1890 1840 1928 ea
1869 1875 1979 1944 ipsa

406 1969 682 2036 beneficia,
712 1984 829 2039 qua:
867 1967 919 2021 in
961 1965 1172 2022 Judzcos
1216 1968 1571 2028 contulerunt,
1619 1966 1917 2021 mercedem
1950 1983 1978 2020 a

405 2061 514 2116 Deo
535 2069 872 2130 acceperunt.
894 2059 1152 2127 Quoniam
1181 2073 1306 2129 ergo
1333 2073 1439 2112 non
1464 2057 1771 2113 occidebant
1795 2073 1978 2112 eorum

405 2152 651 2213 infantes,
709 2165 1045 2207 numerosam
1096 2150 1301 2220 prolem
1336 2150 1414 2206 eis
1458 2151 1596 2205 Deus
1630 2149 1850 2220 largitus
1877 2160 1978 2205 est.

403 2243 510 2298 Sed
535 2243 782 2310 quoniam
813 2243 1100 2312 pergebant
1142 2257 1263 2297 esse
1303 2241 1522 2311 stupidi,
1558 2253 1612 2296 et
1653 2243 1795 2295 omni
1822 2257 1980 2298 sensu

406 2340 613 2408 privati,
641 2338 900 2392 acriorem
928 2339 1005 2392 eis
1040 2337 1244 2406 plagam
1285 2335 1506 2389 inﬂixit:
1546 2345 1600 2392 et
1642 2335 1826 2390 didicit
1864 2339 1980 2407 qui-

403 2431 524 2484 dem
559 2429 839 2483 universus
865 2426 1010 2482 orbis
1043 2437 1218 2490 terrae,
1259 2425 1561 2481 didicerunt
1598 2435 1776 2482 autem
1820 2427 1978 2480 etiam

404 2522 678 2594 Egyptii:
720 2520 813 2574 sed
859 2519 932 2574 illi
973 2519 1184 2589 quidem
1215 2535 1278 2575 ex
1309 2519 1512 2586 auditu,
1546 2519 1600 2576 hi
1629 2534 1802 2576 autem
1836 2521 1887 2575 in
1917 2521 1981 2576 iis

405 2614 558 2668 malis
594 2628 711 2682 qua:
741 2610 974 2680 sibiipsis
1003 2619 1312 2679 evenerunt,
1358 2618 1414 2666 et
1451 2612 1586 2678 visu,
1618 2621 1671 2666 et
1705 2611 1782 2666 rei
1816 2627 1980 2681 expe-

405 2703 592 2758 rientia
648 2701 740 2757 Dei
792 2708 1111 2770 potestatem
1155 2701 1418 2757 viderunt.
1475 2701 1684 2755 Etenim
1733 2700 1853 2756 ideo
1903 2702 1982 2756 eis

407 2794 669 2864 pra-dixit,
720 2809 788 2847 ne
829 2792 1098 2847 videretur
1141 2807 1263 2848 esse
1310 2793 1459 2864 plaga
1504 2794 1737 2864 vulgaris
1771 2794 1977 2861 mortis,

407 2902 524 2952 qua:
555 2884 769 2941 fortuito
798 2885 974 2953 aliquo
1003 2898 1128 2938 casu
1170 2884 1454 2938 evenisset.
1485 2884 1636 2953 Quod
1679 2886 1855 2955 itaque
1879 2887 1980 2940 ali-

410 2975 529 3029 cubi
559 2975 750 3030 dictum
779 2985 860 3030 est
889 2976 953 3030 de
982 2975 1286 3043 Servatore,
1318 2975 1420 3031 hoc
1446 2976 1531 3032 hic
1564 2993 1776 3047 quoque
1801 2977 1978 3033 dicere

409 3081 706 3134 possumus.
733 3065 1039 3135 Quidnam?
1072 3066 1347 3121 Dominare
1385 3068 1435 3120 in
1475 3069 1636 3121 medio
1664 3069 1982 3122 inimicorum

403 3158 633 3229 tuorum(
643 3157 778 3212 Psal.
802 3159 919 3213 l09.
937 3158 1012 3226 2).
1033 3158 1144 3212 Νοιι
1161 3159 1301 3215 enim
1320 3159 1397 3213 eis
1423 3159 1472 3213 iu
1490 3159 1824 3215 solitudinem
1847 3161 1978 3215 edu-

404 3251 525 3315 ctis,
556 3265 652 3304 nec
683 3249 734 3303 in
763 3251 938 3318 aliquo
965 3250 1070 3304 alio
1097 3249 1236 3315 loco,
1274 3250 1367 3304 sed
1409 3250 1460 3304 in
1492 3250 1602 3320 ipsa
1629 3251 1840 3306 civitate
1871 3254 1950 3321 pla

397 3355 518 3407 gam
549 3340 744 3394 intulit.
775 3341 902 3394 Vide
928 3350 1104 3395 autem
1134 3341 1190 3395 in
1228 3340 1336 3409 ipsa
1368 3342 1524 3396 etiam
1553 3344 1701 3412 plaga
1738 3345 1978 3400 clemen-

403 3429 737 3502 tiam.Caepit
761 3432 901 3486 enim
935 3433 1078 3502 prius
1103 3447 1132 3484 a
1162 3433 1463 3502 pecoribus,
1489 3442 1543 3487 et
1572 3444 1697 3489 tunc
1720 3435 1784 3489 ad
1819 3437 1979 3490 homi-

400 3536 496 3575 nes
545 3522 822 3591 processit.
847 3523 976 3590 Quis
1015 3538 1140 3593 ergo
1183 3538 1287 3576 non
1330 3522 1622 3580 admiretur
1667 3529 1973 3595 potentiam,

399 3613 668 3683 quomodo
714 3618 889 3669 omnia
940 3615 990 3668 in
1041 3631 1146 3670 uno
1197 3616 1452 3685 temporis
1501 3626 1769 3672 momento
1821 3619 1974 3674 simul

399 3704 594 3768 attulit,
615 3703 994 3774 indulgentiam
1028 3705 1173 3772 item,
1200 3715 1253 3760 et
1282 3707 1593 3776 sapientiam
1621 3708 1977 3764 ineffabilem?

398 3795 582 3865 Neque
609 3795 752 3850 enim
777 3795 914 3850 hanc
945 3796 1167 3866 primam
1193 3796 1397 3867 plagam
1427 3797 1635 3864 inﬂixit,
1666 3814 1760 3853 eos
1789 3800 1976 3856 volens

401 3904 493 3955 per
519 3887 650 3942 alias
674 3889 962 3958 corrigere.
1006 3904 1103 3942 nec
1128 3889 1339 3960 quando
1362 3889 1568 3956 inﬂixit,
1599 3905 1701 3944 nou
1732 3907 1978 3961 pncnun-

402 3980 581 4034 tiatam
607 3978 812 4034 inﬂixit.
836 3979 1228 4047 Quamobrem?
1254 3979 1322 4036 Ut
1347 3996 1438 4036 eos
1463 3981 1641 4036 verbis
1667 3984 1971 4054 castigaret,

399 4080 453 4125 et
479 4086 546 4126 ne
572 4070 882 4126 devenirent
905 4072 971 4126 ad
1002 4087 1178 4126 rerum
1209 4072 1588 4141 experientiam
1624 4089 1637 4124 :
1668 4089 1764 4127 nec
1792 4089 1976 4128 rursus

395 4163 646 4230 quoniam
669 4178 774 4217 non
794 4163 1017 4217 correcti
1044 4162 1278 4228 fuerunt,
1309 4163 1550 4232 permisit
1570 4172 1628 4216 ut
1655 4173 1797 4218 esset
1824 4165 1973 4234 plaga
2021 4171 2026 4175 ’

398 4253 573 4308 dubia.
594 4251 672 4308 Ne
691 4253 809 4323 quis
835 4253 972 4307 enim
998 4255 1326 4308 existimaret
1349 4253 1566 4308 fortuito
1592 4263 1684 4308 aut
1703 4255 1967 4320 morbum,

397 4355 490 4398 aut
517 4353 720 4414 pestem
752 4345 1001 4400 incidisse
1019 4385 1036 4412 ,
1069 4344 1189 4400 vide
1216 4354 1346 4416 quot
1367 4361 1456 4402 res
1481 4356 1818 4402 concurrant.
1852 4347 1971 4402 Pri-

398 4452 540 4491 mum
581 4453 767 4492 omnes
804 4437 856 4491 in
889 4454 988 4492 una
1021 4447 1195 4494 nocte.
1227 4438 1475 4494 Secundo
1499 4441 1675 4495 omnia
1705 4441 1968 4512 primoge-

400 4530 526 4582 nita.
551 4529 603 4584 Si
627 4529 766 4584 enim
791 4529 976 4585 fuisset
1006 4530 1185 4597 pestis,
1218 4545 1322 4583 non
1349 4532 1458 4584 sola
1489 4533 1746 4601 tetigisset
1774 4533 1972 4601 primo-

391 4622 588 4689 genita,
622 4621 870 4676 secundis
909 4634 1035 4674 vero
1077 4620 1396 4690 pepercisset
1427 4638 1440 4674 :
1485 4621 1578 4676 sed
1611 4638 1797 4677 omnes
1839 4624 1967 4678 citra

395 4711 555 4762 ullum
586 4709 871 4765 discrimen
905 4709 1460 4779 pervasisset.'l‘crtio,
1493 4711 1536 4764 si
1568 4711 1751 4766 fuisset
1782 4712 1964 4780 pestis,

394 4814 497 4851 non
521 4799 864 4854 abstinuisset
891 4799 1109 4856 omnino
1129 4813 1160 4853 a
1183 4798 1403 4866 Judmis,
1427 4815 1527 4856 nec
1547 4801 1689 4856 solos
1709 4803 1970 4872 tetigisset

390 4889 690 4962 Egyptios,
723 4891 816 4946 sed
842 4907 904 4946 ea
931 4891 1099 4946 multo
1145 4891 1312 4961 magis
1354 4905 1576 4960 corpora
1617 4891 1959 4960 confecisset,

390 4997 509 5050 qua:
540 4981 718 5036 labore
745 4991 799 5036 et
834 4982 1064 5046 miseria,
1098 4989 1150 5036 et
1180 4988 1257 5035 tot
1283 4990 1336 5036 et
1365 4981 1523 5036 tantis
1547 4981 1700 5037 malis
1726 4982 1964 5038 confecta

390 5073 618 5138 fuerant,
665 5089 782 5142 qua:
831 5081 1139 5144 paupertate
1182 5081 1236 5126 et
1275 5070 1417 5126 fame
1458 5071 1776 5144 jampridem
1829 5073 1964 5129 adeo

388 5162 642 5218 exhausta
680 5172 870 5219 erant:
907 5179 1011 5218 non
1037 5179 1240 5235 regum,
1270 5172 1323 5218 et
1360 5178 1544 5218 eorum
1572 5164 1659 5234 qui
1686 5174 1837 5220 erant
1865 5182 1962 5222 au-

388 5257 632 5309 ctoritate
661 5265 712 5309 et
741 5255 994 5326 dignitate
1023 5255 1250 5326 praaditi,
1283 5255 1373 5324 qui
1404 5253 1568 5309 libere
1593 5263 1647 5310 et
1671 5271 1858 5313 secure
1889 5260 1964 5313 vi-

391 5347 602 5410 vebant,
646 5345 835 5416 quibus
879 5347 1054 5400 omnia
1106 5360 1226 5414 quae
1272 5345 1339 5400 ad
1385 5346 1583 5400 cultum
1613 5357 1667 5402 et
1703 5347 1769 5402 ad
1803 5347 1961 5404 vitam

388 5436 652 5505 pertinent
696 5435 904 5491 abunde
945 5437 1314 5504 suppetebant.
1346 5435 1402 5490 Si
1431 5435 1619 5491 fuisset
1640 5439 1825 5508 pestis,
1855 5455 1959 5494 non

388 5536 609 5597 repente
659 5527 912 5592 venisset,
957 5527 1048 5583 sed
1096 5537 1376 5598 antequam
1422 5529 1726 5598 ingruisset,
1761 5533 1959 5601 przevia

394 5618 648 5673 adventus
671 5618 815 5685 signa
842 5615 1089 5670 dedisset.
1117 5617 1265 5672 Nune
1290 5627 1464 5672 autem
1489 5618 1603 5673 haze
1629 5619 1782 5673 simul
1808 5618 1957 5683 fiunt,

391 5719 444 5764 nt
473 5708 838 5780 lEgyptiorum
867 5717 1113 5777 arguatur
1137 5708 1380 5762 vecordia
1416 5725 1428 5761 :
1455 5709 1649 5763 etenim
1681 5719 1796 5778 post
1827 5710 1960 5764 hanc

399 5801 591 5867 plagam
635 5807 687 5854 et
729 5801 1006 5868 postquam
1044 5806 1224 5864 aperte
1268 5797 1575 5853 didicissent
1601 5813 1715 5853 esse
1746 5801 1946 5870 plagam

1533 386 1891 444 EXPOSITIO
1931 384 1995 438 ιιι
2035 383 2356 441 ρειιιιιωι
2386 386 2668 442 CXXXIV.

3563 393 3629 448 50
3637 392 3706 447 ιιι

2088 497 2338 556 divinitus
2390 501 2717 568 immissum,
2769 505 3072 574 persequuti
3129 515 3253 561 sunt
3308 508 3693 582 Judzeos-qui:

2086 601 2439 657 recesserant,
2459 593 2599 661 quod
2630 604 2708 646 est
2737 593 2944 665 signum
2986 595 3236 652 maxima:
3259 612 3443 654 eorum
3473 617 3668 659 vecor-

2087 679 2187 734 diae
2213 690 2268 736 et
2300 680 2397 736 Dei
2424 683 2649 737 max-ima
2681 682 2938 742 defensio.
2959 685 3218 755 Quoniam
3243 691 3382 743 enim
3411 701 3565 746 erant
3592 696 3664 749 si-

2085 787 2186 842 gna
2213 781 2505 840 cessatura,
2540 789 2601 828 ea
2629 775 2889 844 ejusmodi
2917 778 3052 847 signi
3080 781 3228 834 exitu
3250 783 3530 846 conclusit,
3560 801 3666 854 quo

2087 879 2147 918 ea
2193 879 2310 933 qua:
2341 874 2464 919 ante
2494 864 2628 920 facta
2661 877 2782 922 sunt
2807 868 3046 924 defendit
3070 873 3209 941 apud
3249 888 3339 928 eos
3366 877 3453 944 qui
3484 879 3704 931 volunt«

2086 954 2382 1010 attendere.
2429 954 2508 1011 Ne
2559 957 2690 1027 quis
2732 961 2870 1012 enim
2929 961 3168 1026 diceret,
3217 961 3326 1019 Cur
3380 970 3698 1036 puniuntur.

2085 1060 2292 1113 omnes,
2333 1061 2453 1102 cum
2481 1064 2571 1103 rex
2599 1048 2812 1104 Judzeos
2842 1051 3138 1118 detineret,
3166 1063 3219 1109 et
3246 1068 3491 1124 peccaret
3524 1076 3539 1113 :
3575 1077 3699 1128 ιιιοιος

2089 1138 2188 1193 hoc
2215 1140 2454 1194 ultimum
2482 1141 2640 1195 solvit
2667 1143 2801 1197 bane
2830 1143 3235 1200 dubitationem.
3264 1149 3543 1215 Quomodo
3575 1169 3670 1221 per
3704 1181 3708 1185 -

2088 1231 2361 1286 ultimum?
2385 1233 2644 1299 Quoniam
2677 1233 2886 1303 quando
2918 1251 3165 1305 percussa
3197 1249 3317 1292 sunt
3343 1256 3527 1296 eorum
3553 1243 3667 1311 pri-

2087 1323 2368 1390 mogenita,
2401 1322 2484 1377 vel
2514 1322 2676 1378 invito
2703 1341 2827 1396 rege
2863 1325 3079 1382 Judzeos
3120 1329 3457 1400 expulerunt.
3492 1331 3669 1400 Quare

2085 1416 2247 1468 etiam
2271 1417 2314 1469 si
2339 1417 2630 1473 voluissent
2655 1418 2722 1472 ab
2751 1420 2916 1485 initio,
2944 1422 3240 1491 potuissent
3260 1439 3379 1479 esse
3406 1440 3471 1480 eo
3502 1441 3666 1497 supe-

2087 1507 2276 1564 riores.
2302 1508 2417 1563 Non
2439 1509 2595 1579 igitur
2620 1527 2797 1582 regem
2829 1512 2950 1569 ideo
2976 1530 3080 1568 non
3110 1517 3370 1585 vicerunt,
3397 1519 3534 1588 quod
3557 1535 3693 1574 nou-

2087 1611 2335 1667 possent,
2377 1601 2468 1655 sed
2496 1602 2636 1673 quod
2679 1604 2897 1659 nollent.
2929 1605 3228 1675 Quinetiam
3269 1623 3329 1664 ea
3358 1625 3477 1681 qua:
3518 1621 3668 1682 .post-
3757 1667 3760 1671 .

2085 1706 2146 1744 ea
2195 1702 2516 1762 consequuta
2560 1703 2639 1750 est
2683 1699 3021 1768 persequutio
3056 1700 3259 1757 crimen
3311 1718 3496 1760 eorum
3547 1721 3666 1762 am-

2088 1783 2301 1852 plificat.

2159 1875 2211 1930 5.
2255 1875 2366 1931 Hoc
2393 1877 2551 1932 etiam
2575 1878 2751 1934 evenit
2783 1879 2833 1934 iu
2863 1879 3011 1936 Saiil.
3044 1879 3269 1950 Quando
3297 1885 3438 1940 enim
3471 1888 3582 1956 ejus
3607 1890 3669 1942 ﬁ-

2087 1966 2213 2018 lium
2237 1969 2444 2036 eripere
2467 1971 2766 2038 oportebat,
2799 1987 2987 2028 omnes
3009 1975 3165 2046 vulgo
3193 1985 3526 2034 assentantes
3554 1983 3666 2050 regi

2086 2074 2205 2112 emn
2227 2101 2241 2125 ,
2287 2063 2492 2115 tametsi
2523 2062 2692 2133 legem
2722 2064 2807 2119 ille
2846 2074 3212 2138 transgressus
3244 2082 3420 2135 esset,
3454 2074 3665 2142 eripue-

2087 2159 2208 2202 runt
2235 2150 2306 2220 (Ι.
2333 2149 2459 2222 Reg.
2487 2153 2572 2207 14.
2595 2153 2686 2225 ιδ)
2721 2156 2968 2226 :quaudo
2993 2167 3168 2214 autem
3193 2160 3399 2217 volebat
3423 2165 3669 2220 occidere

2089 2251 2162 2294 tot
2187 2243 2510 2311 sacerdotes,
2538 2260 2605 2299 ne
2647 2261 2832 2301 vocem
2857 2248 3072 2314 quidem
3101 2253 3413 2320 emiserunt,
3449 2270 3547 2310 nec
3573 2272 3668 2310 eos

2085 2333 2436 2391 defcnderttnt
2465 2337 2542 2408 (1.
2576 2337 2704 2409 Reg.
2726 2338 2816 2395 22.
2847 2339 2954 2410 17).
2986 2340 3137 2408 Quod
3167 2344 3210 2398 si
3243 2353 3365 2399 tunc
3404 2345 3670 2404 habebant

2087 2434 2328 2480 naturam
2353 2444 2470 2496 qua!
2497 2443 2594 2498 pro
2615 2429 2692 2484 eis
2715 2431 2931 2497 faceret,
2959 2430 3043 2487 hic
3063 2434 3222 2489 etiam
3252 2437 3516 2493 habebant
3535 2441 3668 2508 juris

2087 2531 2352 2575 naturam.
2382 2521 2547 2576 Erant
2569 2523 2712 2577 enim
2740 2523 3068 2593 sacerdotes,
3091 2537 3144 2582 et
3170 2536 3285 2583 erat
3321 2530 3494 2585 caedes
3519 2533 3634 2585 nefa
3653 2563 3670 2572 -

2087 2609 2185 2670 ria,
2219 2619 2270 2664 et
2295 2610 2370 2664 ira
2409 2626 2515 2666 non
2559 2627 2625 2668 ex
2664 2622 2811 2668 recto
2847 2613 3050 2682 judicio
3093 2616 3345 2686 profecta.
3375 2618 3479 2676 Sed
3514 2622 3667 2693 hujus

2087 2705 2160 2758 rei
2178 2719 2336 2758 causa
2353 2713 2466 2760 erat
2481 2706 2746 2774 socordia,
2769 2719 2822 2763 et
2847 2708 2989 2781 quod
3008 2711 3346 2769 sacerdotum
3367 2716 3535 2772 vicem
3563 2701 3664 2773 non

2085 2795 2236 2850 valde
2257 2795 2526 2852 dolebant.
2558 2797 2684 2853 Vide
2705 2814 2834 2870 ergo
2853 2817 2970 2871 qua:
2993 2803 3127 2856 mala
3147 2815 3329 2874 postea
3346 2807 3623 2865 inciderint
3651 2831 3663 2864 :

2088 2885 2225 2939 illius
2269 2888 2411 2944 enim
2456 2888 2792 2960 negligentiae
2830 2907 2937 2946 non
2983 2892 3124 2950 leves
3154 2911 3338 2965 pinnas
3382 2899 3663 2956 dederunt.

2085 2978 2306 3046 Quando
2338 2995 2465 3050 ergo
2487 2981 2677 3037 factum
2707 2982 2866 3039 fuerit
2893 2985 3088 3056 aliquid
3116 2988 3395 3058 nefarium,
3423 3007 3579 3048 nemo
3599 2998 3669 3048 sit

2087 3071 2229 3124 iners
2253 3079 2306 3124 et
2337 3071 2572 3140 ignavus,
2605 3073 2698 3128 sed
2744 3074 2864 3146 igne
2899 3076 3169 3133 ardentior
3200 3097 3212 3133 :
3244 3095 3342 3136 nec
3371 3083 3546 3139 minus
3571 3086 3664 3137 do-

2086 3164 2208 3231 leat,
2237 3179 2393 3234 quam
2429 3166 2460 3219 ii
2505 3165 2696 3236 quibus
2725 3167 2779 3222 fit
2805 3167 3027 3238 injuria,
3057 3179 3110 3225 et
3139 3171 3209 3226 ita
3255 3173 3476 3243 plurima
3527 3180 3674 3233 mali

2085 3254 2355 3308 sistentur.
2387 3256 2462 3309 Ab
2490 3255 2690 3311 homine
2710 3274 2864 3328 usque
2887 3260 2955 3312 ad
2975 3277 3145 3330 pecus.
3175 3261 3278 3317 Cur
3302 3274 3480 3320 autem
3504 3267 3678 3322 ctiam-

2085 3345 2314 3414 pecora?
2355 3346 2612 3415 Quoniam
2667 3361 2884 3420 propter
2931 3351 3172 3410 homines
3216 3354 3350 3414 facta
3399 3367 3554 3426 sunt,
3600 3377 3663 3416 et

2082 3453 2292 3508 quoque
2320 3439 2468 3508 punit
2493 3451 2712 3510 promer
2743 3441 3031 3515 hominem,
3065 3456 3122 3502 ut
3149 3459 3339 3519 augeat
3379 3452 3621 3508 timorem
3645 3498 3673 3521 ι

2084 3543 2138 3585 ιιι
2165 3533 2498 3588 intentiorem
2523 3534 2705 3590 reddat
2726 3537 3099 3608 calamitatem,
3119 3550 3176 3600 ut
3198 3544 3437 3600 ostendat
3455 3546 3661 3618 plagam

2081 3637 2200 3677 esse
2228 3622 2478 3679 divinitus
2507 3626 2817 3693 immissam,
2848 3637 2901 3684 et
2926 3629 3125 3686 bellum
3157 3634 3443 3702 procedere
3471 3638 3536 3691 de
3559 3653 3663 3692 ρευ-

2082 3714 2165 3767 lis.
2194 3713 2248 3769 9.
2283 3714 2461 3770 Etttisit
2484 3717 2628 3789 signa
2662 3729 2711 3773 et
2745 3720 2977 3792 prodigia
3003 3723 3056 3776 in
3084 3723 3246 3782 medio
3272 3726 3366 3793 tui,
3410 3726 3660 3799 ngypte.

2081 3807 2214 3874 Quid
2239 3816 2342 3872 est,
2375 3809 2439 3863 In
2469 3812 2629 3865 medio
2659 3813 2777 3866 tui?
2807 3813 2898 3869 Vel
2925 3814 3098 3870 locum
3129 3817 3276 3884 dicit,
3308 3819 3387 3874 vel
3419 3819 3556 3874 idem
3581 3833 3660 3876 est

2079 3900 2236 3970 quod,
2285 3902 2581 3958 manifeste.
2629 3903 2760 3959 Illud
2791 3905 2954 3972 enim,
2984 3905 3050 3960 In
3087 3909 3269 3974 medio,
3299 3909 3492 3980 ubique
3518 3911 3676 3968 idene.

2079 3990 2337 4060 significat
2364 3994 2503 4062 quod
2533 4004 2734 4064 aperte,
2764 4006 2820 4050 ut
2848 3997 3060 4067 quando
3086 4000 3212 4058 dicit
3238 4001 3431 4058 alicubi
3456 4044 3471 4068 ,
3513 3980 3662 4058 .Feci.

2078 4086 2287 4137 saluum
2329 4085 2379 4138 in
2411 4086 2575 4139 medio
2601 4097 2748 4142 terra:
2785 4087 2955 4161 (Prol.
2989 4092 3073 4146 75.
3109 4091 3196 4162 12)
3225 4078 3243 4146 τ’
3270 4103 3350 4148 est
3374 4093 3514 4149 enim
3547 4113 3678 4152 nte--

2077 4175 2220 4228 dium
2249 4175 2582 4234 nuuniestum
2604 4180 2871 4235 omnibus.
2905 4180 3088 4237 Emisit
3111 4184 3319 4253 riguae!
3347 4186 3579 4259 prodigia
3605 4189 3676 4241 in:

2079 4266 2239 4320 medio
2273 4267 2364 4333 tui,
2392 4266 2638 4338 .lt'gypte.
2677 4268 2806 4326 Jure
2831 4281 3007 4326 autem
3034 4273 3235 4342 optimo
3267 4293 3280 4330 :
3310 4290 3371 4330 ea
3395 4277 3534 4333 ollim
3567 4278 3659 4332 fie-

2077 4359 2201 4413 bant
2221 4359 2288 4413 ad
2309 4360 2718 4428 correctionem,
2738 4371 2791 4417 et
2809 4362 2874 4418 ad
2894 4378 2986 4418 eos
3008 4364 3363 4423 ostendendos
3389 4368 3477 4436 qui
3499 4381 3658 4424 erant

2078 4450 2324 4506 lueraturi
2375 4468 2388 4504 :
2434 4467 2540 4508 non
2580 4461 2782 4508 temere
2808 4456 2948 4509 enim
2993 4456 3327 4524 eveniebant,
3358 4458 3452 4514 sed
3497 4461 3659 4516 modo

2074 4542 2535 4597 admirabilissimo
2559 4561 2571 4598 :
2605 4560 2769 4614 quare
2790 4555 2844 4600 et
2866 4560 2931 4600 eo
2951 4547 3092 4616 quod
3119 4547 3400 4618 feriebant,
3424 4565 3489 4606 eo
3512 4553 3654 4623 quod

2075 4634 2406 4698 mirabiliter,
2457 4635 2719 4706 duplicem
2759 4636 3053 4694 aﬂ'ercbaut
3081 4639 3380 4696 utilitatem.
3409 4641 3474 4696 In
3512 4642 3657 4698 Plia-

2073 4744 2296 4793 raonem,
2321 4739 2366 4781 et
2387 4729 2439 4781 in
2467 4745 2636 4783 omnes
2647 4745 2817 4784 servos
2844 4732 2974 4801 ejus.
2999 4730 3188 4787 Vidisti
3211 4735 3496 4802 potentiam
3521 4735 3654 4790 inef-

2074 4820 2321 4874 fabilem?
2345 4820 2610 4891 quomodo
2639 4835 2759 4875 cum
2802 4837 2989 4877 omnes
3029 4823 3184 4878 simul
3225 4833 3439 4890 essent,
3481 4825 3547 4881 de
3575 4827 3668 4881 eis.

2071 4922 2340 4982 sumptum
2380 4924 2462 4970 est
2488 4915 2800 4984 supplicium
2821 4955 2837 4981 ,
2865 4923 2921 4972 et
2954 4914 3028 4971 illi
3056 4916 3267 4986 quidem
3296 4916 3650 4986 patiebantur,

2070 5005 2158 5058 alii
2187 5020 2314 5060 vero
2346 5005 2730 5061 lucrabantur?
2758 5006 3034 5073 Quomodo
3056 5016 3235 5063 autem
3262 5007 3408 5072 dicit,
3451 5004 3516 5061 In
3539 5025 3650 5062 om-

2070 5112 2155 5151 nes
2185 5113 2350 5152 seruos
2375 5099 2483 5168 ejus
2502 5098 2528 5151 ?
2553 5098 2710 5168 Atqui
2739 5112 2844 5152 non
2869 5097 3134 5152 habebant
3158 5112 3350 5152 omnes
3378 5098 3650 5170 primoge-

2071 5189 2176 5242 uita
2210 5207 2223 5243 :
2251 5187 2345 5244 sed
2372 5188 2496 5244 dicit
2526 5188 2593 5243 de
2612 5189 2729 5244 aliis
2749 5188 2936 5257 signis,
2969 5195 3024 5242 et
3047 5186 3171 5245 dum
3197 5187 3249 5241 in
3278 5185 3512 5258 Egypto
3535 5191 3649 5260 qui-

2068 5280 2189 5336 dem
2217 5279 2270 5334 hi
2300 5280 2598 5344 ferirentur,
2622 5279 2824 5334 lucrum
2857 5276 3118 5332 faciebant
3152 5276 3319 5332 Judazi
3344 5292 3356 5329 :
3383 5277 3508 5331 dum
3537 5296 3649 5335 att--

2069 5382 2175 5429 tem
2221 5374 2273 5427 in
2321 5371 2603 5426 solitudine
2645 5370 2904 5427 beneﬂcio
2946 5369 3114 5423 Judaei
3163 5367 3522 5436 afficerentur,
3556 5373 3643 5425 alii

2062 5464 2382 5534 juvabantur
2403 5461 2479 5535 (a)
2499 5478 2514 5527 ;
2535 5469 2597 5517 et
2624 5463 2800 5532 plagas
2821 5460 3032 5534 quidem
3057 5459 3247 5516 inﬂixit
3268 5461 3528 5532 hostibus,
3549 5464 3656 5521 hos

2130 5619 2202 5682 (α)
2235 5615 2428 5682 Quando
2451 5617 2551 5682 ait,”
2578 5616 2757 5682 .tudaejs
2790 5617 2838 5664 tu
2874 5615 3135 5682 solitudine
3157 5617 3402 5682 beneﬂcio
3434 5619 3674 5680 affectis”,

2068 5676 2213 5732 etiam
2248 5679 2378 5736 alios,
2392 5676 2637 5742 beneficio
2648 5679 2850 5742 affectos
2872 5677 3039 5742 fuisse,
3067 5679 3112 5727 id
3153 5679 3382 5741 intelligit
3419 5683 3482 5732 tie
3512 5676 3677 5742 vulgii

2066 5743 2316 5806 promiscui
2330 5739 3022 5814 innumerabiliJnultiludiue,
3044 5755 3157 5814 qua;
3181 5756 3290 5793 cum
3312 5739 3413 5814 illis
3430 5739 3674 5814 ριιιιιιιςῐειρ

2069 5801 2288 5854 narratur
2330 5801 2472 5850 Exodi
2504 5815 2607 5863 cap.
2654 5803 2723 5852 ιδ.
2767 5803 2819 5852 Ili
2845 5811 2982 5853 erant
3013 5801 3332 5867 alienigena,
3357 5801 3564 5868 .‘Eb'ptii
3591 5811 3668 5854 et“
