4018 6268
484 445 597 517 7395
788 519 793 525 ⁷

493 577 621 619 vero
644 561 822 618 affecit
850 560 1118 617 beneflciis
1136 603 1150 625 ,
1175 575 1271 631 per
1298 570 1519 631 utraque
1554 574 1740 615 omnes
1757 560 1971 631 juvans.
2000 559 2067 614 Et

493 670 592 711 cur
620 670 725 709 non
758 654 856 709 hos
889 667 1098 724 quoque
1124 651 1381 707 beneficio
1409 650 1616 706 afﬁcit?
1642 650 1901 719 Quoniam
1926 650 2068 705 soliti

496 754 625 801 sunt
668 745 903 815 plerique
932 742 1171 798 homines
1200 743 1433 812 percussi
1476 743 1651 812 potius
1688 758 1846 811 quam
1871 741 2071 797 benefi-

492 838 580 893 cio
601 836 776 891 affecti
804 836 967 890 Deum
994 849 1296 905 agnoscere.
1324 833 1473 902 Quod
1501 832 1641 887 enim
1673 833 1836 888 nollet
1861 847 1953 887 eos
1974 846 2072 901 pu-

494 929 631 994 nire,
659 928 775 983 vide
796 942 916 982 eum
937 926 1149 982 assidue
1172 926 1523 990 differentem,
1542 933 1595 980 et
1613 925 1790 995 plagas
1812 924 2070 980 cohiben-

495 1028 601 1073 tem
642 1027 696 1073 et
723 1032 820 1087 per
852 1026 1073 1087 utraque
1112 1015 1477 1070 ostendenlcm
1508 1016 1793 1085 potentiam
1835 1029 1985 1070 suam
2015 1024 2071 1070 et

491 1108 854 1164 clementiam.
901 1107 1057 1177 Atqui
1102 1117 1184 1163 sat
1211 1106 1392 1161 fuisset
1417 1114 1536 1175 post
1564 1105 2066 1174 unam,secundam

490 1211 547 1259 et
569 1203 810 1267 tertiam,
843 1210 1107 1271 tamquam
1128 1201 1214 1270 qui
1250 1198 1436 1253 morbo
1462 1197 1829 1255 immedicabili
1855 1198 2067 1253 labora-

492 1303 632 1360 rent,
663 1308 757 1349 eos
781 1293 998 1348 omnino
1019 1291 1339 1361 perdere:at
1361 1289 1546 1357 noluit,
1563 1290 1657 1346 sed
1682 1298 2066 1361 etquamquam

490 1384 665 1439 futura
694 1386 987 1453 prmsciret,
1015 1390 1070 1436 et
1096 1380 1234 1451 quod
1263 1395 1363 1436 nec
1384 1381 1585 1451 quinta,
1613 1394 1713 1437 nec
1760 1388 1937 1444 sexta,
1970 1394 2068 1435 nec

488 1474 694 1548 tlecima
739 1473 986 1529 meliores
1030 1473 1184 1527 futuri
1229 1481 1446 1538 essent,
1476 1486 1580 1526 non
1613 1470 1861 1526 destitit‘
1892 1472 2068 1526 facere

487 1581 606 1638 qua:
629 1581 721 1621 sua
746 1574 894 1621 erant
919 1582 933 1618 :
955 1563 1096 1618 unde
1111 1564 1340 1619 maxime
1362 1563 1481 1633 ejus
1507 1571 1841 1632 potestatem,
1860 1577 2062 1627 curam,

487 1659 799 1731 sapientiam
829 1668 885 1715 et
908 1659 1198 1714 bonitatem
1230 1657 1479 1712 admirari
1508 1672 1715 1727 aequum
1741 1665 1841 1711 est.
1872 1656 2068 1711 Poten-

488 1749 615 1805 tiam
641 1790 657 1813 ,
701 1749 845 1819 quod
888 1748 1245 1819 percusserit;
1281 1764 1462 1803 curam
1492 1789 1508 1816 ,
1541 1747 1683 1819 quod
1728 1747 2062 1814 cohibuerit;

487 1839 801 1910 sapientiam
828 1879 846 1906 ,
876 1838 1016 1910 quod
1042 1854 1162 1894 cum
1197 1839 1358 1894 sciret
1397 1838 1574 1893 futura
1600 1880 1614 1905 ,
1642 1854 1761 1910 qua:
1791 1854 1883 1894 sua
1912 1849 2065 1895 erant

488 1932 710 1987 fecerit:
739 1930 879 2002 quod
907 1933 1078 2003 ipsum
1104 1947 1315 2003 quoque
1341 1941 1423 1987 est
1452 1933 1696 1987 maxima:
1727 1933 2025 1988 clementiae
2044 1973 2061 1997 ,

487 2022 629 2093 quod
658 2022 875 2093 incipiat
899 2037 928 2076 a
958 2023 1251 2077 minoribus
1274 2064 1288 2087 ,
1316 2022 1458 2094 quod
1485 2022 1552 2076 ab
1574 2023 1637 2077 iis
1664 2038 1781 2094 qua:
1808 2038 1912 2077 non
1940 2031 2064 2078 sunt

487 2118 693 2173 ratione
713 2115 950 2187 prtedita.
979 2114 1326 2188 Progrediens
1351 2124 1525 2171 autem
1552 2114 1721 2184 ipsum
1750 2130 1960 2185 quoque
1987 2131 2065 2170 re-

487 2223 607 2278 gem
638 2207 844 2277 attigit,
873 2206 1014 2277 quod
1044 2207 1202 2262 etiam
1234 2206 1462 2261 maxime
1483 2204 1609 2261 fecit
1632 2214 1688 2260 ut
1708 2205 2063 2276 praedicaren-

487 2309 574 2353 tur
591 2313 709 2370 quae
732 2298 1065 2355 eveniebant.
1088 2297 1215 2365 Qum
1233 2300 1370 2354 enim
1396 2299 1600 2368 privato
1617 2297 1772 2352 alicui
1793 2298 2059 2364 accidunt,

486 2392 652 2448 latere
677 2393 834 2450 etiam
856 2400 1267 2448 consentaneum
1294 2403 1405 2446 eSt:
1433 2391 1644 2462 quando
1669 2399 1845 2447 autem
1871 2392 1955 2445 vir
1981 2398 2064 2445 est

487 2485 709 2556 insignis
733 2484 821 2555 qui
852 2484 1056 2553 plagam
1078 2483 1309 2553 accipit,
1340 2483 1472 2536 nihil
1500 2491 1641 2537 vetat
1667 2482 1950 2552 quominus
1975 2496 2062 2536 res

489 2558 686 2648 ubique
725 2575 985 2630 audiatur.
1017 2574 1302 2645 Postquam
1347 2589 1474 2628 vero
1514 2574 1646 2628 dixit
1674 2589 1887 2630 Causam
1917 2614 1930 2637 ,
1966 2589 2062 2627 cur

488 2666 811 2738 percusserit
843 2707 860 2734 ,
905 2666 1034 2721 dicit
1064 2666 1219 2720 etiam
1247 2666 1447 2736 plagas.
1476 2664 1579 2721 Sed
1607 2680 1777 2736 neque
1803 2681 1893 2721 eas
1920 2680 2061 2735 saepe

484 2767 724 2816 recenset
750 2799 767 2824 ,
796 2772 966 2828 neque
990 2757 1257 2828 sigillatim
1288 2757 1619 2827 persequitur
1651 2775 1664 2811 :
1694 2755 1787 2811 scd
1818 2772 1935 2811 cum
1968 2772 2059 2812 eas

483 2867 591 2906 uno
617 2851 781 2907 verbo
801 2849 1169 2920 signiﬁca-set,
1200 2849 1559 2918 pnetercurrit
1587 2847 1810 2903 dicendo
1829 2891 1846 2914 ,
1875 2846 2062 2902 Emisit

485 2943 632 3013 signa
662 2950 709 2996 et
736 2941 967 3012 prodigia
983 2940 1035 2993 in
1057 2940 1220 2993 medio
1249 2940 1323 2993 tui
1348 2981 1363 3006 ,
1388 2939 1635 3010 Aigypte.
1658 2938 1856 2994 Deinde
1884 2938 2063 2992 educit

483 3049 670 3090 rursus
693 3034 945 3107 populum
973 3048 1037 3088 ex
1061 3033 1294 3104 Egypto
1316 3034 1366 3086 in
1393 3033 1659 3087 desertum
1686 3075 1701 3099 ,
1737 3033 1931 3102 ubique
1967 3046 2060 3086 os-

489 3127 712 3182 tendens
740 3140 799 3181 se
841 3140 946 3180 non
977 3139 1096 3181 esse
1134 3124 1297 3179 Deum
1341 3132 1542 3178 tantum
1588 3122 1810 3193 alicujus
1847 3122 2012 3192 partis
2040 3162 2056 3189 ,

488 3235 586 3276 nec
616 3220 667 3273 in
694 3235 854 3274 unam
894 3218 1061 3274 solam
1093 3218 1363 3289 regionem
1399 3215 1726 3271 dominatum
1766 3215 2009 3271 obtinere
2039 3256 2056 3282 ,

482 3311 578 3367 sed
622 3313 674 3366 in
719 3311 1022 3367 universum
1053 3309 1235 3366 orbem
1279 3319 1454 3364 terrzc.
1496 3307 1754 3375 Quocirca
1785 3306 2057 3375 subiunxit

483 3402 701 3457 dicens:
732 3402 819 3456 10.
852 3399 952 3466 Qui
970 3401 1213 3472 percussit
1238 3408 1408 3473 gentes
1436 3398 1624 3453 multas
1655 3440 1670 3466 ,
1709 3407 1755 3452 et
1783 3397 1965 3452 occidit
1986 3413 2058 3450 re-

487 3507 575 3562 ges
593 3491 750 3561 fortes
775 3507 794 3545 :
818 3505 917 3561 per
943 3498 1107 3545 totam
1126 3489 1264 3544 viam
1292 3490 1512 3559 pignora
1533 3488 1694 3543 variis
1722 3486 1893 3541 modis
1917 3502 2056 3556 pra:-

482 3582 617 3637 bens
637 3594 747 3635 sua:
775 3580 1055 3651 potentiae,
1086 3589 1141 3635 et
1167 3580 1221 3634 in
1243 3580 1371 3650 ipsis
1395 3578 1648 3635 docendis
1679 3594 1773 3648 per
1796 3593 1883 3633 res
1913 3580 2055 3646 ipsas

479 3673 769 3730 deducens.
799 3672 903 3728 Per
930 3671 1069 3728 bella
1097 3670 1240 3728 enim
1265 3671 1439 3741 priora
1464 3684 1675 3741 quoque
1699 3668 1918 3736 docuit,
1947 3683 2054 3722 non

481 3776 722 3823 naturam
740 3765 898 3833 aeris,
912 3779 1016 3821 non
1028 3764 1318 3835 potentiam
1331 3764 1842 3829 elementorum,nec
1859 3761 2055 3833 aliquid

477 3857 620 3914 aliud
649 3856 906 3928 ejusmodi
931 3899 946 3925 ,
975 3856 1068 3911 sed
1111 3855 1505 3927 imperatoriam
1546 3870 1760 3909 manum
1789 3896 1804 3921 ,
1825 3869 1942 3924 quae
1963 3868 2057 3910 eos

478 3950 737 4018 ducebat,
752 3965 849 4021 pro
863 3951 940 4005 eis
955 3948 1152 4005 bellum
1169 3961 1373 4019 gerere;
1397 3955 1450 4003 et
1465 3957 1746 4017 utrumque
1758 3956 1851 4014 per
1862 3952 2059 4000 utrum-

477 4058 581 4115 que
600 4041 869 4108 ostendit,
900 4054 997 4113 per
1021 4055 1083 4096 ea
1124 4055 1242 4111 qua:
1277 4038 1411 4095 facta
1454 4047 1579 4093 sunt
1606 4037 1658 4092 in
1697 4036 1927 4108 Egypto
1949 4080 1964 4105 ,
1992 4052 2054 4092 ea

476 4151 597 4205 quae
626 4135 678 4189 in
699 4132 986 4189 solitudine
1005 4130 1143 4186 facta
1168 4137 1311 4197 sunt,
1340 4139 1393 4186 et
1417 4143 1511 4199 per
1536 4143 1601 4185 ea
1627 4143 1745 4199 qua:
1772 4127 1908 4183 facta
1929 4137 2056 4183 sunt

479 4229 531 4281 in
560 4226 874 4294 solitudine,
903 4239 966 4282 ea
991 4239 1109 4294 qua:
1146 4225 1199 4279 in
1229 4220 1461 4294 Aigypto
1489 4230 1613 4277 sunt
1638 4221 1798 4276 edita.
1830 4220 2054 4289 Quando

478 4319 619 4373 enim
669 4317 769 4387 ipsi
807 4317 1007 4388 absque
1034 4316 1197 4371 armis
1228 4356 1244 4382 ,
1275 4315 1391 4370 acie
1421 4355 1435 4379 ,
1467 4322 1521 4369 et
1558 4313 1742 4384 praelio
1765 4354 1781 4379 ,
1812 4313 2055 4368 inimicos

482 4409 830 4479 proﬂigabant
855 4448 871 4472 ,
902 4408 980 4462 eis
1017 4415 1200 4477 aperte
1238 4405 1550 4461 ostendebat
1580 4446 1595 4472 ,
1636 4418 1694 4460 se
1731 4404 1785 4458 in
1826 4403 2055 4474 Aigypto

477 4513 691 4569 quoque
733 4513 837 4551 non
883 4512 1017 4566 opus
1043 4496 1292 4551 habuisse
1325 4496 1600 4551 elementis
1629 4503 1689 4549 ut
1712 4510 1773 4551 ea
1799 4495 2053 4552 adversus

479 4589 601 4644 illos
630 4596 867 4643 moveret
891 4627 907 4652 ,
933 4587 1028 4643 sed
1051 4587 1210 4642 variis
1239 4595 1295 4642 et
1330 4586 1560 4642 diversis
1585 4587 1757 4641 modis
1786 4587 2050 4641 volentem

476 4695 625 4735 suam
648 4678 932 4734 ostendere
946 4678 1255 4748 potentiam,
1279 4678 1534 4734 creaturis
1559 4678 1624 4733 ad
1641 4694 1700 4734 ea
1732 4694 1884 4734 usum
1912 4695 2052 4736 esse.

480 4774 566 4828 ll.
598 4770 737 4826 Seon
757 4786 923 4843 regem
937 4769 1346 4824 Amorrluzorum
1365 4780 1411 4823 et
1435 4770 1513 4841 0g
1534 4787 1695 4841 regem
1722 4770 1909 4827 Basan.
1935 4771 2052 4827 Non

480 4862 817 4934 persequitur
842 4860 1003 4916 urbes
1030 4899 1046 4926 ,
1078 4874 1249 4930 neque
1275 4859 1329 4914 in
1356 4860 1576 4930 singulis
1600 4860 1893 4916 insistendo
1918 4877 2052 4932 pau-

476 4959 623 5015 latim
651 4963 835 5013 narrat
853 4954 1055 5026 praelia,
1085 4952 1179 5008 sed
1207 4967 1391 5008 rursus
1419 4967 1612 5023 magno
1631 4955 1809 5008 animo
1832 4964 2052 5024 praeter-

471 5051 642 5107 ωτι-ῆι
684 5040 1110 5100 innumerabiles
1161 5052 1401 5099 catervas
1470 5044 1869 5099 miraculorum.
1917 5045 2049 5101 Cum

471 5143 616 5199 enim
644 5148 825 5212 posset
850 5136 1144 5203 immorari,
1168 5144 1223 5190 et
1249 5133 1557 5206 tragmdiam
1588 5133 1734 5190 illam
1764 5135 2053 5205 amplifica-

473 5251 550 5298 re,
576 5249 680 5290 non
705 5233 805 5287 hoc
833 5229 963 5285 facit
988 5246 1001 5283 :
1028 5227 1121 5284 sed
1145 5244 1267 5284 eum
1289 5226 1517 5282 maxima
1542 5243 1602 5283 se
1626 5227 1843 5283 oll'erret
1871 5229 2052 5283 multi-

474 5328 600 5385 tudo
624 5342 810 5384 eorum
840 5340 959 5398 quae
988 5339 1018 5378 a
1047 5322 1156 5379 Deo
1182 5330 1327 5393 gesta
1350 5329 1512 5388 sunt,
1537 5336 1598 5377 ea
1625 5321 1802 5376 omnia
1826 5331 2050 5393 praeter-

472 5420 738 5478 currendo
754 5417 1107 5492 prosequitur.
1132 5415 1287 5487 Atqui
1320 5415 1393 5470 illi
1423 5414 1634 5485 quidem
1664 5425 1815 5471 erant
1838 5416 2049 5483 armati,

476 5522 531 5567 et
558 5512 719 5568 urbes
747 5511 977 5565 munitas
1008 5507 1318 5564 habitabant
1347 5550 1362 5570 ,
1394 5515 1447 5561 et
1488 5507 1565 5561 rei
1614 5507 1860 5563 militaris
1890 5516 1945 5562 et
1971 5508 2046 5561 in-

473 5600 747 5656 struenda:
767 5599 902 5655 aciei
920 5607 1080 5655 erant
1107 5600 1258 5671 periti
1288 5616 1302 5652 :
1337 5598 1390 5652 bi
1422 5614 1549 5653 vero
1578 5598 1822 5665 exsules,
1852 5608 1907 5653 et
1937 5598 2052 5653 bel-

470 5759 579 5817 alii,
623 5757 707 5819 qui
742 5755 1084 5805 beneﬁciorum
1134 5757 1181 5804 in
1215 5755 1455 5806 Israelitas
1489 5756 1770 5807 collatorum
1801 5765 2050 5807 consortes

471 5833 553 5869 era
559 5827 631 5869 ιιι.

537 5884 551 5912 ¹
588 5877 746 5936 savii,
772 5888 862 5925 non
886 5874 1082 5924 desistit.

1251 441 1307 499 S.
1348 440 1621 497 .IOANNIS
1658 427 2125 496 CIIRYSOSTOMI
2164 442 2476 501 AthlllEP.
2517 447 3043 510 CONSTANTINOP.

3649 463 3750 520 396

2180 560 2322 615 laudi
2354 562 2551 633 ignari,
2575 580 2603 618 a
2630 566 2784 638 longa
2811 570 3069 626 servitute
3108 580 3163 626 et
3196 571 3445 628 diuturna
3473 579 3748 646 tyrannide

2176 651 2402 719 liberati,
2422 653 2558 711 fame
2580 665 2635 712 et
2657 663 2910 715 {erumnis
2929 664 3251 733 consumpti,
3270 666 3516 723 omnibus
3537 668 3603 722 ad
3624 672 3748 725 acci-

2176 742 2425 813 piendam
2474 746 2717 816 injuriam
2770 752 3031 820 expositi:
3063 753 3157 809 sed
3197 755 3284 809 illa
3324 755 3554 812 ducente
3596 775 3750 815 manu

2176 839 2410 889 omnium
2436 839 2791 906 potentissimi
2823 852 2995 899 erant.

2246 926 2300 982 6.
2329 927 2456 983 Erat
2484 930 2641 984 etiam
2668 932 2867 987 bellum
2890 934 3114 1004 justum.
3145 936 3332 1008 Neque
3356 939 3499 994 enim
3540 955 3636 996 eos
3666 942 3750 995 in-

2174 1019 2458 1086 vasissent,
2487 1021 2587 1075 nisi
2624 1021 2700 1075 illi
2731 1024 2809 1077 eis
2829 1039 3046 1078 causam
3076 1025 3392 1095 dedissent,
3423 1038 3479 1084 et
3504 1030 3646 1095 viam
3675 1034 3753 1087 eis

2174 1110 2639 1179 interclusissent,
2683 1114 2823 1184 quod
2871 1125 2984 1170 erat
3021 1129 3275 1173 extremae
3306 1121 3749 1180 inhumanitatis:

2174 1210 2229 1256 et
2268 1201 2526 1259 ldumceos
2564 1220 2669 1259 non
2700 1206 2821 1260 sivit
2864 1207 2932 1262 ad
2972 1208 3170 1264 bellum
3198 1211 3473 1268 accedere.
3504 1213 3583 1270 Ne
3608 1216 3749 1269 enim

2174 1293 2386 1348 silentio
2413 1294 2759 1361 conﬁdentes,
2788 1307 2910 1368 post
2935 1297 3052 1355 haec
3070 1317 3253 1357 rursus
3276 1303 3587 1360 invaderent
3611 1345 3628 1371 ,
3658 1306 3751 1361 sed

2172 1382 2371 1436 scirent
2394 1399 2513 1438 cum
2540 1386 2854 1455 quibusnam
2881 1389 3082 1446 bellare
3104 1432 3121 1458 ,
3149 1407 3178 1446 a
3203 1393 3391 1463 quibus
3422 1410 3553 1449 vero
3583 1396 3749 1451 absti-

2178 1489 2306 1528 nere
2328 1485 2620 1544 oporteret,
2652 1476 2752 1533 hoc
2774 1478 2900 1535 facit
2928 1482 2983 1537 in
3011 1484 3297 1541 solitudine
3321 1528 3335 1550 ,
3365 1502 3460 1557 per
3487 1502 3575 1541 res
3605 1489 3748 1557 ipsas

2173 1563 2343 1633 legem
2371 1564 2450 1620 eis
2476 1569 2804 1625 constituens
2827 1612 2844 1637 ,
2870 1573 3136 1641 quomodo
3166 1584 3430 1644 oporteret
3461 1578 3535 1631 uti
3555 1579 3637 1632 eis
3664 1580 3750 1649 qui

2171 1652 2277 1707 illis
2307 1667 2665 1712 occurrerent.
2688 1657 2757 1712 Et
2787 1661 2958 1714 omnia
2982 1679 3138 1732 regna
3165 1664 3429 1719 Chanaan.
3453 1667 3647 1721 Vidisti
3678 1685 3747 1722 ex

2170 1745 2254 1799 bis
2280 1745 2460 1802 doceri
2506 1749 2807 1805 universum
2843 1753 3027 1808 orbem
3056 1761 3211 1810 terra:
3235 1755 3260 1809 ?
3288 1756 3751 1824 Quemadmodum

2168 1839 2310 1893 enim
2343 1837 2478 1909 ignis
2506 1839 2706 1909 spinas,
2735 1842 2805 1896 ita
2829 1842 2864 1896 ii
2892 1857 3076 1899 omnes
3102 1845 3429 1915 invaserunt,
3463 1864 3564 1903 nec
3595 1859 3749 1918 pote-

2168 1936 2253 1982 rat
2295 1930 2577 1998 quisquam
2618 1945 2715 1986 eos
2766 1933 3052 1989 sustinere.
3098 1935 3233 1990 Audi
3274 1952 3402 2007 ergo
3453 1940 3581 2009 quid
3612 1940 3756 1994 dicat

2167 2018 2404 2086 Balaam,
2437 2021 2526 2089 qui
2556 2034 2660 2075 non
2684 2036 2716 2075 a
2747 2022 3042 2092 prolihetis,
3073 2040 3178 2080 non
3207 2040 3237 2080 a
3281 2027 3426 2083 Mose
3451 2028 3751 2094 didicerat,

2167 2108 2260 2163 sed
2291 2123 2320 2162 a
2347 2109 2506 2164 rebus
2537 2110 2663 2178 ipsis
2691 2129 2703 2164 :
2735 2109 2860 2165 Han:
2899 2122 2972 2166 est
3015 2131 3137 2182 gens
3179 2130 3295 2184 qua:
3329 2116 3507 2188 elingit
3546 2135 3753 2173 omnem

2168 2207 2353 2251 terram
2389 2196 2462 2269 (a)
2502 2197 2688 2270 (Num.
2719 2200 2808 2254 2?...
2839 2201 2920 2273 4).
2955 2201 3143 2257 Vidisti
3174 2206 3386 2275 proprie
3406 2207 3605 2262 dictam
3636 2225 3756 2263 me-

2168 2288 2443 2358 taphoram
2469 2289 2626 2344 ?Non
2649 2291 2817 2357 dixit,
2843 2291 2970 2359 Qum
2996 2293 3190 2348 bellum
3219 2296 3390 2365 gerit,
3423 2314 3542 2367 qua:
3580 2299 3757 2353 fundit

2165 2388 2221 2434 et
2247 2381 2471 2445 evertit,
2499 2382 2592 2437 sed
2612 2424 2626 2446 ,
2655 2380 2785 2448 Quae
2811 2383 2985 2455 elingit
3014 2426 3028 2450 ,
3056 2386 3243 2441 volens
3279 2387 3560 2443 ostendere
3591 2406 3753 2460 quam

2166 2468 2323 2527 facile
2380 2471 2448 2525 ab
2496 2472 2576 2527 eis
2626 2474 2864 2543 pariatur
2914 2475 3132 2531 victoria
3174 2517 3188 2541 ,
3240 2486 3293 2532 et
3343 2480 3614 2548 quomodo
3668 2482 3752 2534 ci-

2166 2570 2245 2615 tra
2275 2563 2584 2633 sanguinem
2613 2565 2679 2620 ab
2704 2565 2781 2621 eis
2803 2574 2998 2635 Impara
3023 2568 3310 2636 erigantur,
3340 2579 3392 2623 et
3418 2570 3531 2623 sola
3561 2586 3753 2626 eorum

2166 2652 2470 2708 incursione
2513 2654 2712 2710 inimici
2758 2656 3122 2727 profligvntur.
3171 2658 3286 2712 Non
3328 2675 3462 2729 opus
3489 2703 3504 2727 ,
3536 2662 3752 2731 inquit,

2167 2742 2364 2798 habent
2426 2745 2680 2799 instructa
2742 2746 2895 2814 acie,
2945 2762 3044 2802 nec
3103 2757 3158 2802 ut
3206 2750 3446 2820 praelium
3503 2754 3760 2806 commit-

2166 2842 2309 2888 tatur
2338 2875 2354 2901 ,
2408 2835 2502 2889 sed
2558 2845 2760 2890 tantum
2817 2837 3067 2894 invadere
3107 2841 3235 2894 satis
3276 2851 3359 2896 est
3393 2883 3408 2907 ,
3465 2851 3521 2897 et
3566 2845 3744 2897 omnia

2164 2926 2243 2981 eis
2268 2927 2481 2982 cedunt.
2512 2927 2625 2983 Non
2655 2929 2826 2982 solum
2856 2932 2994 2984 enim
3027 2939 3084 2985 ut
3112 2931 3225 3002 lege
3254 2933 3379 2988 belli
3408 2944 3463 2988 et
3491 2935 3745 2988 instructa

2164 3021 2278 3074 acie
2302 3021 2575 3076 vincerent
2598 3020 2793 3087 ell‘eeit,
2824 3037 2892 3077 ne
2922 3023 3038 3092 quis
3070 3039 3131 3078 ea
3174 3040 3289 3093 qu:c
3319 3025 3531 3090 fiebant,
3565 3026 3645 3082 eis
3668 3036 3745 3080 at-

2166 3109 2436 3175 tribueret,
2474 3111 2567 3165 sed
2596 3111 2857 3166 elementa
2900 3113 3043 3166 orbis
3071 3122 3223 3168 terra:
3251 3116 3300 3168 in
3328 3130 3422 3170 eos
3444 3132 3745 3172 commove-

2165 3198 2254 3252 bat
2281 3216 2296 3253 :
2327 3207 2381 3253 et
2405 3198 2524 3254 ideo
2557 3201 2763 3255 animos
2784 3216 2967 3256 eorum
2995 3205 3222 3274 primum
3250 3205 3532 3275 dejiciebat
3550 3218 3606 3262 et
3628 3224 3742 3280 per-

2165 3290 2427 3355 turbabat,
2473 3299 2527 3346 et
2565 3291 2760 3348 cadens
2797 3293 2999 3364 grando
3038 3296 3234 3352 multos
3271 3298 3523 3368 perdidit,
3567 3311 3623 3355 et
3665 3301 3741 3355 sol

2162 3383 2326 3448 stetit,
2354 3392 2408 3438 et
2433 3382 2628 3438 bellum
2656 3384 2864 3455 longius
2892 3388 3172 3457 protraxit,
3198 3397 3253 3444 et
3278 3390 3442 3444 multa
3486 3392 3741 3461 ejusmodi

2161 3475 2491 3531 admirabilia
2521 3477 2655 3531 facta
2687 3486 2833 3546 sunt,
2879 3490 2932 3534 et
2975 3479 3217 3535 tubarum
3263 3485 3469 3537 sonitus
3494 3485 3578 3539 vel
3626 3485 3740 3554 igne

2162 3568 2526 3623 vehementius
2565 3570 2616 3623 in
2662 3578 2835 3624 turres
2864 3571 3072 3626 irruens
3097 3586 3279 3626 muros
3306 3572 3487 3627 diruit.
3517 3574 3629 3629 Hoc
3653 3590 3743 3627 au-

2160 3669 2266 3714 tem
2294 3661 2531 3731 utrisque
2563 3661 2655 3717 fuit
2681 3663 2826 3717 utile.
2852 3662 2982 3717 Nam
3012 3671 3065 3717 et
3095 3663 3166 3718 illi
3196 3664 3499 3731 discebant,
3546 3666 3738 3720 bellum

2160 3763 2265 3805 non
2295 3751 2404 3820 geri
2430 3751 2498 3805 ab
2524 3751 2855 3817 hominibus;
2883 3762 2938 3807 et
2964 3752 3015 3806 hi
3044 3753 3370 3808 docebantur
3399 3763 3452 3808 ut
3481 3755 3546 3809 ad
3572 3757 3738 3814 Deum

2160 3844 2503 3913 respicerent,
2528 3860 2625 3899 nec
2656 3860 2902 3916 umquam
2924 3843 2992 3900 de
3011 3846 3171 3901 rebus
3193 3848 3355 3916 gestis
3378 3863 3438 3903 se
3456 3848 3737 3918 jactareut,

2162 3951 2450 4006 magnosve
2470 3937 2688 4007 spiritus
2710 3946 2999 4004 sumerent,
3029 3939 3122 3994 sed
3152 3954 3211 3995 se
3241 3940 3459 3995 honeste
3484 3953 3535 3994 et
3562 3941 3741 3994 mode-

2160 4037 2274 4083 rate
2317 4037 2584 4098 gererent.
2616 4028 2729 4085 Hoc
2756 4030 2898 4085 enim
2938 4031 3097 4085 modo
3125 4032 3317 4087 vicisse
3355 4031 3526 4101 majus
3552 4033 3632 4087 e's
3657 4046 3742 4085 or-

2162 4128 2466 4174 namentum
2487 4120 2759 4187 afferebat,
2787 4135 2942 4191 quam
2964 4120 3134 4175 solum
3158 4122 3367 4187 vicisse,
3396 4131 3452 4174 ut
3486 4137 3556 4191 qu
3581 4121 3625 4175 id
3649 4136 3739 4175 eis

2158 4209 2463 4278 splendidos
2499 4210 2764 4277 redderet,
2796 4220 2850 4266 et
2875 4211 3188 4266 modestiam
3226 4212 3478 4277 doceret;
3507 4211 3739 4281 splendi.

2158 4299 2256 4355 dos
2300 4310 2463 4367 certe,
2504 4301 2643 4371 quod
2686 4304 2841 4357 talem
2889 4302 3143 4359 haberent
3173 4304 3583 4372 imperatorem;
3630 4318 3741 4356 mo-

2157 4393 2338 4450 destos
2364 4403 2561 4454 autent,
2593 4394 2733 4463 quod
2764 4395 3031 4464 prmclaris
3057 4397 3166 4449 suis
3195 4395 3344 4450 factis
3372 4411 3476 4449 non
3507 4395 3737 4448 intume—

2158 4492 2392 4558 scerent;
2432 4484 2518 4537 12.
2550 4483 2615 4537 Ει
2644 4484 2780 4538 dedit
2806 4494 2989 4539 terram
3018 4503 3189 4540 eorum
3225 4486 3567 4553 hereditatem,
3597 4486 3738 4539 liere-

2158 4577 2362 4630 ditatem
2392 4575 2556 4630 Israel
2577 4577 2762 4647 populo
2799 4594 2909 4630 suo.
2939 4576 3051 4633 Hoc
3092 4593 3299 4649 quoque
3335 4587 3418 4633 est
3453 4578 3737 4631 maximum

2157 4669 2501 4732 miraculum,
2525 4669 2664 4739 quod
2697 4685 2801 4724 non
2828 4671 2998 4724 solum
3024 4670 3377 4741 expellerent,
3408 4671 3502 4724 sed
3543 4680 3735 4724 terram

2157 4760 2315 4815 etiam
2363 4774 2622 4828 occupare
2650 4769 2884 4829 possent,
2926 4768 2981 4815 et
3006 4761 3165 4816 urbes
3207 4761 3523 4816 distribuere
3557 4779 3571 4815 :
3601 4761 3738 4830 quod

2158 4853 2237 4907 eis
2272 4867 2483 4922 quoque
2510 4867 2752 4922 magnam
2797 4852 3063 4923 praebebat
3103 4852 3447 4918 voluptatem,
3491 4868 3735 4922 magnum

2158 4954 2551 5010 ornamentum,
2584 4960 2825 5015 magnam
2850 4945 3105 4999 lmtitiam.
3137 4945 3191 4999 Id
3212 4954 3388 5000 autem
3416 4946 3505 4999 Dei
3528 4962 3740 5016 quoque

2157 5047 2240 5091 est
2265 5037 2532 5107 potentim.
2561 5036 2671 5091 Non
2697 5037 2837 5092 enim
2861 5052 3017 5106 parva
3044 5053 3129 5092 res
3153 5046 3233 5093 est
3258 5052 3547 5106 occupasse
3569 5040 3743 5108 regio-

2160 5144 2279 5184 nem
2308 5129 2559 5195 hostium,
2592 5130 2684 5184 sed
2727 5129 2792 5185 ad
2822 5130 2919 5184 hoc
2948 5146 3156 5200 quoque
3186 5147 3376 5200 magno
3406 5132 3494 5186 Dei
3542 5132 3741 5186 auxilio

2159 5234 2292 5290 opus
2320 5229 2419 5276 est.
2450 5221 2537 5277 l3.
2567 5219 2800 5289 Domine,
2826 5238 3003 5276 nomen
3030 5232 3169 5276 tuum
3198 5224 3250 5276 in
3270 5232 3533 5289 internum,
3566 5224 3611 5277 et
3642 5239 3739 5274 Ine-

2158 5312 2368 5366 moriale
2395 5322 2533 5367 tuum
2571 5312 2623 5364 in
2648 5314 3016 5382 generationem
3059 5322 3105 5366 et
3147 5314 3537 5385 generationem.
3568 5314 3735 5377 Alius,

2159 5404 2460 5458 Rccordatio
2486 5405 2557 5457 tui
2587 5405 2685 5469 (ὁ),
2718 5404 2811 5459 Hic
2835 5405 3100 5473 intercipit
3123 5405 3377 5460 orationis
3404 5407 3597 5463 serietn
3623 5407 3735 5475 glo-

2156 5495 2471 5561 rilicatione,
2515 5493 2655 5564 quod
2700 5511 2910 5565 semper
2933 5495 3107 5551 solent
3141 5497 3308 5550 sancti
3358 5497 3552 5551 facere.
3584 5497 3733 5550 Ρο-ι-

2156 5603 2312 5656 quant
2352 5586 2491 5641 enim
2523 5585 2588 5639 tle
2618 5586 2708 5640 Dei
2738 5588 3008 5641 miraculis
3046 5586 3241 5658 al‘quid
3270 5587 3447 5642 dicere
3479 5587 3730 5657 incipien-

2218 5698 2290 5759 (a)
2323 5704 2431 5763 llaec
2454 5706 2567 5763 sunt
2589 5698 2927 5763 verbalttoabi,
2948 5711 3043 5763 non
3069 5698 3292 5763 Balaami,
3311 5713 3405 5748 nec
3430 5713 3627 5763 parvum
3659 5712 3728 5746 tn-

2155 5757 2312 5809 terest
2333 5760 2590 5809 discrimen
2616 5760 2719 5808 haec
2744 5760 2871 5810 inter
2897 5766 2949 5808 et
2971 5757 3049 5808 illa
3067 5772 3177 5823 quae
3202 5762 3248 5809 in
3281 5758 3403 5809 libro
3426 5757 3727 5809 Sunnenmtm

2156 5823 2403 5883 leguntur.

2221 5882 2292 5943 (b)
2328 5889 2433 5930 llaec
2458 5882 2793 5946 interpretatio
2818 5882 2953 5945 cuju.
2986 5892 3042 5931 stt
3068 5894 3329 5945 tgnaratur.
