4018 6268
317 457 423 515 395

316 574 591 645 ἑκατέρων
620 575 826 638 πάντας
854 573 1094 644 ὠφελῶν.
1117 574 1227 629 Καὶ
1248 577 1387 640 τίνος
1401 578 1586 631 ἕνεκεν
1602 578 1700 630 οὐκ
1734 578 1887 645 εύερ·

315 668 462 736 γετεί
489 667 583 721 καὶ
617 666 867 734 τούτους;
901 670 1022 721 Ὅτι
1050 668 1303 722 εἰώθασιν
1333 672 1381 721 οί
1413 669 1628 733 πλείους
1657 670 1763 723 τῶν
1793 671 1887 722 ἀν-

314 752 549 826 θρώπων
590 754 950 827 πληττόμενοι
989 756 1185 828 μᾶλλον
1224 756 1258 827 ἦ
1308 758 1777 830 εύεργετούμενοι’
1799 759 1888 811 τὸν

313 846 446 899 Θεὸν
490 847 893 916 ἐπιγινώσκειν.
930 848 1082 902 Ἐπεὶ
1114 850 1195 902 ὅτι
1227 866 1293 918 γε
1322 851 1486 913 αὐτὸς
1512 851 1612 904 οὐκ
1639 850 1889 904 ἐϐούλετο

313 937 581 1002 κολάζειν,
611 940 713 1009 ὅρα
736 939 899 993 αὐτὸν
931 940 1166 1011 συνεχῶς
1222 942 1483 1013 ἀνέχοντα
1523 942 1622 1006 τὰς
1652 942 1884 1012 πληγάς,

313 1030 407 1083 καὶ
435 1030 503 1082 δι’
550 1030 825 1100 ἑκατέρων
859 1032 1022 1086 αὐτοῦ
1067 1034 1351 1088 δεικνύντα
1403 1036 1494 1087 καὶ
1524 1033 1623 1104 τὴν
1661 1035 1888 1103 δύναμιν

312 1122 525 1192 καῖτὴν
548 1122 976 1194 φιλανθρωπίαν.
1007 1126 1198 1178 Καίτοι
1238 1142 1301 1194 γε
1352 1127 1511 1197 ήρκει
1544 1127 1680 1196 μετὰ
1736 1126 1885 1195 μίαν,

311 1213 406 1265 καὶ
439 1213 719 1284 δευτέραν,
746 1215 838 1266 καὶ
871 1215 1082 1286 τρίτην,
1113 1216 1189 1278 ὡς
1219 1217 1410 1269 ἀνίατα
1432 1217 1717 1279 νοσοῦντας
1753 1218 1887 1269 ἀποο

309 1302 464 1357 λέσαι
493 1305 692 1376 πάντη·
720 1304 834 1357 ἀλλ’
870 1306 970 1359 ούικ
1007 1306 1272 1371 ἐϐούλετο,
1302 1307 1436 1360 ἀλλά
1466 1308 1640 1361 καίτοι
1670 1307 1739 1360 τὰ
1769 1306 1887 1376 μέλ-

308 1396 466 1448 λοντα
489 1395 771 1469 προειδὼς,
791 1396 884 1450 καὶ
899 1397 980 1448 ὅτι
1006 1397 1125 1450 οὖδὲ
1156 1398 1402 1468 πέμπτῃ,
1436 1400 1555 1451 ούδέ
1594 1399 1747 1468 ἐκτῃ,
1768 1397 1887 1450 οὐδὲ

306 1481 512 1553 δεκάτῃ
544 1484 868 1552 γενήσονται
916 1483 1177 1553 βελτίους,
1229 1485 1299 1538 τὰ
1350 1485 1514 1539 αὐτοῦ
1560 1487 1729 1539 ποιῶν
1785 1487 1885 1538 ούκ

309 1572 542 1625 ἐπαύετο
570 1585 619 1612 α·
649 1573 771 1626 ὅθεν
805 1575 1038 1645 μάλιστα
1062 1577 1155 1628 καὶ
1169 1576 1267 1646 τὴν
1292 1577 1519 1647 δύναμιν
1567 1576 1752 1641 αὑτοῦ,
1793 1577 1888 1630 καὶ

307 1664 408 1735 τὴν
438 1664 786 1734 κηδεμονίαν,
825 1667 917 1720 καὶ
964 1667 1063 1737 τὴν
1093 1666 1306 1735 σοφίαν,
1336 1668 1430 1721 καὶ
1451 1666 1547 1739 τὴν
1572 1667 1887 1738 ἀγαθότητα

310 1752 428 1806 ἐπι
449 1754 740 1825 θαυμάσαι.
767 1756 877 1826 Τὴν
892 1754 1141 1825 δύναμιν,
1163 1757 1243 1809 ὅτι
1275 1756 1493 1827 ἔπληξε·
1525 1757 1623 1828 τὴν
1655 1757 1885 1828 κηδεμο-

309 1844 455 1911 νίαν,
484 1845 563 1898 ὅτι
597 1847 810 1918 ἀνέσχε·
837 1849 936 1920 τὴν
957 1848 1168 1918 σοφίαν,
1209 1851 1290 1904 ὅτι
1312 1848 1467 1914 εἰδὼς
1495 1849 1565 1904 τά
1621 1849 1883 1921 μέλλοντα

304 1937 371 1990 τὸ
401 1938 566 1990 αὐτοῦ
601 1939 792 1993 ἐποίει·
841 1940 869 1994 ὃ
898 1941 1132 2011 μάλιστα
1174 1944 1270 1996 καὶ
1313 1944 1445 1998 αὐτὸ
1476 1944 1884 2013 φιλανθρωπίας

304 2026 446 2091 ἐστὶ,
483 2028 543 2080 τὸ
563 2030 670 2082 ἀπὸ
698 2029 805 2083 τῶν
837 2032 1177 2103 μικροτέρων
1202 2032 1482 2104 ἄρχεσθαι,
1514 2036 1576 2086 τὸ
1629 2033 1736 2086 ἀπὸ
1776 2033 1885 2087 τῶν

301 2117 679 2192 ἀλογωτέρων.
710 2122 822 2175 Καὶ
848 2122 1053 2193 προῖὼν
1068 2122 1124 2176 δέ
1146 2125 1239 2177 καὶ
1265 2123 1359 2176 τοῦ
1376 2122 1639 2193 βασιλέως
1659 2124 1882 2194 ἥπτετο,

301 2210 334 2262 ὃ
365 2213 464 2263 καὶ
501 2211 733 2282 μάλιστα
766 2214 1171 2286 ἐκκηρυχθῆναι
1206 2216 1377 2268 ἐποίει
1403 2215 1471 2268 τά
1495 2215 1878 2285 συμϐαίνοντα.

301 2302 385 2354 Τὰ
419 2304 519 2371 μὲν
549 2304 660 2375 γὰρ
690 2305 781 2357 ἐπὶ
805 2306 914 2358 τῶν
952 2307 1174 2360 ίδιωτῶν
1197 2306 1474 2377 γινόμενα,
1501 2305 1647 2369 εἰκὸς
1674 2307 1767 2358 καὶ
1791 2306 1885 2359 λα-

301 2394 437 2446 θεῖν·
467 2395 596 2448 ὅταν
621 2396 681 2448 δὲ
710 2399 739 2449 6
780 2396 1069 2467 δεχόμενος
1105 2396 1202 2467 τὴν
1230 2396 1445 2468 πληγὴν
1482 2398 1785 2467 περιφανὴς
1825 2392 1881 2469 ᾗ,

298 2482 364 2537 τὸ
382 2485 597 2538 κωλῦον
627 2487 781 2539 οὐδὲν
802 2487 1078 2558 πανταχοῦ
1105 2488 1172 2541 τὰ
1201 2488 1503 2559 πράγματα
1529 2487 1881 2559 ἐξηχηθῆναι.

299 2572 488 2627 Εἰπὼν
514 2576 690 2629 τοίνυν
716 2576 813 2648 τὴν
849 2578 1044 2638 αἰτίαν,
1071 2577 1138 2631 δι’
1164 2577 1229 2647 ἦν
1272 2576 1531 2643 ἐπάταξε,
1582 2577 1731 2645 λέγει
1788 2577 1883 2630 καὶ

296 2664 401 2729 τὰς
430 2666 664 2737 πληγὰς,
685 2668 776 2721 καί
802 2668 920 2720 οὐδὲ
943 2667 1146 2732 ταύτας
1182 2667 1470 2737 καταλέγει
1498 2667 1775 2731 πολλάκις,
1794 2669 1884 2721 ού-

297 2756 356 2809 δέ
389 2758 507 2810 κατ’
545 2754 702 2821 εἶδος,
741 2758 854 2811 ἀλλ’
891 2759 970 2811 ἐνὶ
1005 2761 1208 2830 ῥήματι
1248 2759 1428 2822 πάσας
1461 2759 1628 2822 αὑτὰς
1673 2758 1883 2824 αἰνιξά-

304 2864 467 2916 μενος
502 2848 815 2920 παρέδραμε
840 2849 919 2920 τῷ
966 2852 1159 2915 εἰπεῖν,
1220 2848 1643 2915 Ἐξαπέστειλε
1666 2849 1883 2918 σημεῖα

306 2940 408 2992 καὶ
434 2938 580 3010 ὶῦθὲ]
599 2938 813 3008 τέρατα
840 2941 910 2993 ἐν
929 2940 1097 3010 μέσῳ
1130 2955 1266 3004 σου,
1298 2942 1580 3010 Αἴγυπτε.
1613 2936 1748 2995 Εἶτα
1772 2942 1882 2997 πά-

307 3026 392 3080 λιν
447 3028 506 3091 ἐξ
534 3029 809 3097 Αἰγύπτου
856 3030 949 3083 τὸν
995 3030 1122 3083 λαὸν
1180 3027 1364 3098 ἐξάγει
1399 3033 1480 3094 είς
1511 3033 1611 3102 τὴν
1648 3031 1879 3102 ἔρημον,

302 3119 579 3190 πανταχοῦ
620 3120 832 3184 δεικνὺς
880 3122 1046 3175 ὅτιού
1098 3123 1319 3194 μερικὸς
1341 3121 1369 3160 1³
1398 3125 1426 3175 6
1458 3122 1611 3187 Θεὸς,
1643 3123 1761 3176 οὐδέ
1802 3124 1882 3186 είς

302 3212 436 3281 μίαν
465 3211 648 3282 χώραν
675 3211 911 3284 κρατῶν,
947 3213 1081 3266 ἀλλά
1115 3212 1391 3284 πανταχοῦ
1415 3215 1513 3286 τῆς
1532 3214 1878 3285 οἰκουμένης.

299 3304 392 3358 Διὸ
423 3306 667 3374 ἐπήγαγε
682 3304 876 3374 λέγων·
910 3306 1014 3369 Ὃς
1034 3304 1330 3370 ἐπάταξεν
1354 3307 1497 3372 ἔθνη
1530 3307 1748 3370 πολλὰ,
1783 3305 1883 3360 καί

298 3396 613 3453 ἀπέκτεινε
640 3396 923 3464 ,βασιλεῖς
951 3396 1289 3465 κραταιούς·
1318 3397 1404 3451 διὰ
1437 3397 1617 3467 πάσης
1642 3398 1740 3467 τῆς
1760 3397 1879 3451 ὀδοῦ

297 3491 528 3560 ἐνέχυρα
554 3488 813 3551 ποικίλως
840 3489 940 3559 τῆς
973 3489 1252 3559 δυνάμεως
1282 3489 1445 3542 αὐτοῦ
1474 3488 1667 3553 διδοὺς,
1697 3489 1790 3541 καὶ
1825 3490 1882 3542 ἐν

295 3583 378 3654 τῷ
398 3583 667 3637 διδάσκειν
691 3582 888 3645 αὐτοὺς
915 3582 1002 3636 διὰ
1035 3581 1142 3635 τῶν
1168 3581 1510 3652 πραγμάτων
1540 3580 1879 3653 στρατηγῶν.

297 3676 412 3730 Καὶ
442 3674 549 3746 γὰρ
570 3673 657 3727 διά
683 3672 792 3725 τῶν
814 3672 1066 3743 πολέμων
1102 3674 1197 3727 καὶ
1223 3673 1294 3726 τὰ
1324 3672 1562 3743 πρότερα
1584 3671 1877 3737 ἐδίδασκεν,

294 3766 381 3819 ὅτι
403 3767 504 3818 οὐκ
526 3765 686 3835 ἀέρος
708 3762 887 3833 φύσις,
935 3764 995 3816 οὐ
1029 3763 1310 3834 στοιχείων
1335 3762 1584 3833 δύναμις,
1610 3762 1710 3815 οὐκ
1752 3761 1879 3816 ἄλλο

294 3859 409 3912 τῶν
430 3857 689 3911 τοιούτων
709 3856 879 3922 οὐδὲν,
910 3855 1024 3910 ἀλλ’
1052 3858 1085 3927 ή
1127 3854 1507 3927 στρατηγοῦσα
1533 3854 1711 3907 αὐτῶν
1760 3857 1880 3908 ἐπο-

296 3948 455 4017 λέμει
488 3948 628 4019 χείρ·
661 3948 754 4001 καὶ
774 3947 842 4000 δι’
888 3948 1167 4018 ἑκατέρων
1198 3947 1434 4017 ἑκάτερα
1456 3946 1743 4011 ἐδείκνυτο,
1789 3945 1878 3999 διὰ

294 4038 410 4092 τῶν
452 4043 510 4093 ἐν
541 4041 803 4111 Αἰγύπτῳ
837 4040 906 4093 τὰ
942 4042 1000 4093 ἐν
1027 4041 1093 4110 τῇ
1153 4040 1376 4110 ἐρήμῳ,
1415 4039 1511 4092 καὶ⁵
1546 4038 1636 4092 διὰ
1686 4038 1792 4092 τῶν
1820 4039 1878 4091 ἐν

297 4133 396 4203 ἐρή
407 4112 513 4203 μω,
537 4133 606 4185 τά
632 4135 690 4185 ἐν
717 4131 999 4202 Αἰγύπτῳ.
1020 4132 1148 4185 Ὅτε
1174 4131 1284 4201 γάρ
1310 4130 1465 4183 αὐτοί¹
1491 4130 1660 4202 χωρὶς
1675 4129 1875 4195 ὅπλων,

296 4227 393 4278 καὶ
440 4226 817 4299 παρατάξεως,
877 4227 972 4283 καὶ
1023 4227 1221 4297 μάχης,
1280 4223 1504 4278 ἐδαλλον
1545 4224 1675 4287 τοὺς
1721 4223 1879 4276 πολε-

298 4315 475 4383 μίους,
501 4315 656 4386 δῆλον
715 4317 897 4379 αὐτοῖς
940 4315 1146 4379 ἐποίει,
1190 4314 1271 4367 ὅτι
1301 4314 1396 4368 καὶ
1427 4313 1485 4366 ἐν
1521 4313 1780 4384 Αἰγύπτῳ
1815 4313 1876 4366 οὐ

297 4406 578 4477 στοιχείων
603 4406 853 4478 δεόμενος
884 4405 1058 4460 ταῦτα
1106 4406 1327 4476 ἐκίνησε
1365 4405 1486 4460 κατ’
1512 4405 1711 4470 αὐτῶν,
1742 4404 1879 4459 ἀλλά

295 4499 559 4564 ποικίλως
607 4500 699 4552 καὶ
730 4498 1001 4569 διαφόρως
1033 4496 1130 4569 τὴν
1163 4498 1356 4551 ἐαυτοῦ
1382 4498 1612 4568 δύναμιν
1646 4497 1877 4564 ἐνδείξαο

295 4596 423 4650 σθαι
443 4594 636 4655 θέλων,
659 4594 771 4656 τοῖς
788 4587 939 4645 οὖσιν
964 4593 1042 4654 είς
1067 4589 1240 4643 ταῦτα
1266 4591 1552 4661 ἐκέχρητο.
1574 4590 1686 4644 Τὸν
1704 4590 1878 4658 Σηὼν

288 4688 560 4755 ,ϐασιλέα
607 4685 727 4740 τῶν
764 4683 1132 4753 Ἆμορῤαίωιν,
1183 4682 1280 4735 καὶ
1328 4683 1436 4735 τὸν
1463 4683 1570 4750 Ὢγ
1609 4682 1877 4746 βασιλέα

294 4782 406 4853 τῆς
430 4779 658 4836 Βασάν.
689 4779 801 4831 Ούκ
832 4776 1008 4829 ἔπεισι
1033 4775 1133 4839 τὰς
1155 4774 1360 4837 πόλεις,
1377 4774 1497 4827 οὐδὲ
1516 4775 1655 4829 κατὰ
1682 4777 1874 4847 μικρὸν

294 4876 440 4944 λέγει
465 4872 565 4943 τὴν
593 4868 917 4940 παράταξιν,
972 4867 1106 4920 ἀλλὰ
1152 4866 1314 4919 πάλιν
1347 4865 1735 4937 μεγαλοψύχως
1767 4884 1873 4921 πα-

297 4963 551 5037 ρατρέχει
582 4960 777 5030 μυρίας
797 4957 1025 5025 νιφάδας
1063 4956 1372 5027 θαυμάτων.
1418 4955 1721 5025 Δυνάμενπ
1766 4949 1875 5027 γάρ

295 5050 656 5123 ἐνδιατρῖψαι,
700 5048 793 5101 καί
820 5046 918 5117 τὴν
969 5044 1277 5116 τραγῳδίαν
1306 5044 1519 5115 ἐκείνην
1548 5043 1871 5111 ἐξογκῶσαι,

294 5145 452 5198 τοῦτο
482 5143 543 5196 οὐ
576 5143 734 5194 ποιεῖ·
766 5139 901 5192 ἀλλὰ
929 5138 1023 5190 καὶ
1057 5139 1114 5190 ἐν
1147 5135 1339 5207 πλήθει
1367 5134 1441 5188 ὢν
1470 5137 1562 5188 καλ⁵
1589 5135 1874 5208 περιουσίᾳ

297 5237 403 5293 τῶν
424 5238 605 5310 ἔργων
632 5232 725 5286 τοῦ
748 5229 906 5296 Θεοῦ,
932 5232 994 5283 ἐκ
1025 5229 1381 5301 παραδρομῆς
1410 5227 1626 5282 ἃπαντα
1672 5227 1870 5282 ἔπεισι.

297 5330 491 5384 Καίτοι
522 5343 587 5396 γε
610 5326 656 5379 οί
681 5323 778 5393 μὲν
819 5320 1152 5392 ὠπλισμένοι
1172 5317 1333 5392 ἦσαν,
1365 5319 1459 5373 καὶ
1479 5319 1751 5389 τειχήρεις
1778 5319 1875 5372 πό-

297 5419 405 5485 λεις
430 5419 728 5483 οίκοῦντες,
760 5420 855 5474 καὶ
887 5417 955 5473 τὰ
991 5413 1224 5470 τακτικά
1260 5411 1711 5483 μεμελετηκότες
1742 5413 1792 5464 οἱ
1816 5411 1874 5464 δὲ

300 5513 556 5582 φυγάδες,
613 5507 863 5582 πολέμων
903 5509 1137 5580 ἄπειροι,
1167 5505 1411 5567 δουλείας
1449 5504 1665 5575 μακρᾶς
1697 5502 1873 5575 ἀπηλ-
1944 5574 1952 5582 ι

298 5602 557 5675 λαγμένοι
591 5605 686 5657 καὶ
708 5601 1018 5674 τυραννίδος
1049 5600 1292 5671 χρονίας,
1341 5598 1484 5670 λιμῷ
1498 5597 1870 5663 ἀναλωθέντες

302 5697 392 5750 καὶ
420 5695 682 5767 τιμωρίᾳ,
716 5696 847 5747 πᾶσι
875 5692 1224 5764 προκείμενοι
1268 5689 1405 5761 πρὸς
1429 5690 1490 5742 τὸ
1534 5688 1722 5755 κακῶς
1768 5689 1874 5745 πά-

363 5824 384 5854 ⁸
407 5825 554 5873 Snvil.
578 5823 634 5871 ού
665 5822 878 5869 παύεται.

362 5882 386 5926 δ
422 5886 568 5934 Savil.
596 5885 812 5949 μερικῶς,
838 5880 998 5933 Morel.
1036 5880 1243 5945 μερικὸς,
1269 5881 1461 5930 melius.

1378 459 1744 519 Exvosrrw
1781 462 1841 517 ιιι
1882 436 2216 518 ΡεΑωιυΜ
2246 463 2528 521 cxxxw.

3463 471 3570 526 596

1993 593 2163 649 σχειν·
2193 577 2326 632 ἀλλὰ
2356 580 2573 633 πάντων
2598 574 2738 651 ἦσαν
2769 577 3125 651 δυνατώτεροι
3156 578 3245 635 διὰ
3270 581 3366 653 τὴν
3404 600 3571 653 στραα

1987 670 2264 743 τηγοῦσαν
2290 672 2467 726 αὐτῶν
2492 675 2669 742 χεῖρα.

2060 767 2135 825 ς’.
2172 758 2298 832 Εἶχε
2317 762 2372 816 δὲ
2396 763 2566 816 καὶτὸ
2587 764 2794 818 δίκαιον
2823 766 2851 817 6
2881 764 3132 834 πόλεμος.
3164 765 3239 815 Οὐ
3270 764 3380 835 γὰρ
3414 764 3569 819 αὐτοὶ

1987 850 2245 922 ἐπῄεσαν,
2264 852 2378 904 ἀλλ’
2403 854 2622 906 ἐκείνων
2641 852 2740 916 τὰς
2766 854 2941 918 αἰτίας
2966 859 3333 925 παρεχόντων,
3351 856 3565 908 ἀποτει-

1986 940 2247 1009 χιζὸντων
2290 942 2470 1005 αὐτοῖς
2486 942 2584 1013 τὴν
2606 944 2741 1008 ὁδὸν,
2766 944 2902 1015 ὅπερ
2922 947 3155 1015 ἐσχάτης
3172 946 3567 1017 ἀπανθρωπίας

1987 1025 2082 1099 ἦν·
2107 1029 2235 1093 τούς
2263 1046 2322 1082 τε
2337 1030 2663 1101 Ἰδουμαίους
2677 1035 2776 1085 οὐκ
2800 1035 3011 1104 ἀφῆκεν
3032 1036 3112 1098 είς
3134 1035 3368 1106 πόλεμον
3396 1037 3569 1089 είσελ-

1989 1119 2119 1173 θεῖν.
2129 1121 2247 1174 Ἵνα
2265 1122 2374 1193 γὰρ
2395 1123 2469 1193 μὴ
2484 1126 2549 1194 τῇ
2570 1128 2693 1194 σιγῇ
2715 1124 3039 1196 θαρροῦντες
3057 1127 3192 1197 μετὰ
3208 1126 3382 1180 ταῦτα
3403 1128 3566 1182 πάλιν

1988 1212 2236 1278 ἐπίωσιν,
2265 1213 2379 1266 ἀλλ’
2399 1214 2579 1266 είδῶσι
2605 1216 2716 1268 τίσι
2746 1216 2843 1287 μὲν
2883 1218 3153 1288 πολεμεῖν,
3177 1218 3336 1273 τίνων
3359 1219 3417 1272 δὲ
3450 1219 3567 1289 φείκ

1988 1304 2173 1357 δεσθαι
2200 1307 2324 1376 χρὴ,
2349 1307 2407 1357 ἐν
2452 1309 2516 1377 τῇ
2548 1307 2738 1377 ἐρήμῳ
2783 1308 2939 1361 τοῦτο
2989 1313 3149 1373 ποιεῖ,
3173 1311 3258 1363 διὰ
3279 1310 3388 1363 τῶν
3426 1329 3565 1383 πρα-

1987 1396 2215 1466 γμάτων
2246 1396 2407 1465 νόμον
2429 1399 2612 1460 αὐτοῖς
2634 1397 2824 1462 τιθεὶς,
2863 1398 2977 1462 πῶς
3002 1400 3081 1452 δεῖ
3109 1402 3406 1471 κεχρῆσθαι
3453 1404 3563 1465 τοῖς

1987 1486 2286 1540 ἀπαντῶσι.
2310 1488 2418 1543 Καὶ
2434 1488 2634 1557 πάσας
2662 1492 2770 1557 τὰς
2790 1492 3112 1559 ,βασιλείας
3136 1491 3394 1548 Χαναάν.
3413 1489 3564 1556 Εἶδες

1986 1578 2085 1650 τὴν
2108 1580 2428 1650 οἰκουμένην
2474 1581 2687 1636 ἃπασαν
2714 1583 2960 1637 ἐντεῦθεν
2989 1583 3419 1653 παιδευομένην;
3448 1585 3562 1637 Κα-

1988 1662 2165 1736 θάπερ
2197 1666 2305 1736 γὰρ
2331 1666 2439 1739 πῦρ
2467 1667 2748 1732 ἀκάνθαις,
2772 1669 2942 1733 οὕτως
2985 1671 3223 1742 ἐπῄεσαν
3249 1672 3438 1737 ἅπασι,
3468 1672 3563 1726 καὶ

1986 1755 2160 1819 οὐδεὶς
2187 1757 2382 1821 αὐτοὺς
2408 1759 2595 1830 φέρειν
2623 1760 2862 1814 ἐδύνατο.
2894 1763 3093 1815 ’Ἄκουε
3138 1763 3269 1831 γοῦν
3301 1765 3354 1817 τί
3397 1780 3561 1833 φησιν

1985 1849 2013 1900 6
2041 1847 2289 1918 Βαλαὰμ,
2319 1850 2420 1903 οὐκ
2447 1851 2554 1904 ἀπὸ
2590 1850 2697 1903 τῶν
2742 1852 3057 1922 προφητῶν,
3105 1854 3204 1905 οὐκ
3237 1855 3343 1907 ἀπὸ
3398 1856 3563 1906 Μιυῦ-

1987 1940 2124 2004 σέως
2169 1939 2380 2009 μαθὼν,
2444 1942 2559 1995 ἀλλ’
2601 1942 2708 1996 ἀπὸ
2733 1942 2843 2013 τῶν
2871 1943 3233 2013 πραγμάτων·
3286 1945 3356 1997 Τὸ
3387 1944 3562 2009 ἔθνος

1983 2031 2162 2085 τοῦτό
2184 2032 2316 2085 ἐστι
2343 2033 2409 2084 τὸ
2431 2032 2708 2101 ἐκλεῖχον
2740 2032 2948 2088 πᾶσαν
2982 2033 3100 2101 τὴν
3125 2033 3261 2102 γῆν.
3287 2030 3438 2099 Εἶδες
3462 2035 3561 2109 τήν

1989 2123 2302 2194 μεταφορὰν
2318 2124 2522 2195 κυρίως
2546 2125 2668 2195 είρη
2675 2124 2843 2194 μένην
2862 2125 3003 2188 ςΟύκ
3018 2122 3159 2185 εἷπε,
3176 2125 3249 2177 Τὸ
3269 2125 3560 2196 πολεμοῦν,

1983 2213 2043 2265 τὸ
2068 2211 2406 2266 καταϐάλλον
2427 2252 2443 2277 ,
2488 2211 2644 2276 ἀλλὰ,
2676 2217 2746 2273 Τὸ
2775 2213 3075 2282 ἐκλεῖχον,
3092 2214 3153 2267 τὸ
3183 2216 3414 2284 ἀπονητὶ
3440 2215 3562 2285 ’τῆς

1985 2302 2133 2375 [595]
2149 2303 2304 2373 νίκης
2330 2306 2678 2374 παραστῆσαι
2710 2304 3045 2375 βουλόμενος,
3073 2307 3168 2359 καὶ
3196 2306 3266 2359 τὰ
3291 2306 3561 2377 ἀναιμωτὶ

1984 2395 2243 2465 γινόμενα
2267 2395 2524 2465 τρόπαια,
2554 2394 2647 2447 καὶ
2695 2394 2794 2465 τὴν
2824 2394 2883 2461 ἐξ
2932 2396 3232 2467 ἐπιδρομῆς
3266 2398 3555 2469 κράτησιν.

1985 2486 2117 2538 Οὐδὲ
2145 2487 2498 2557 παρατάξεως
2519 2484 2748 2551 δέονται,
2774 2487 2925 2556 φησὶ,
2958 2487 3051 2540 καὶ
3107 2487 3402 2558 συμϐολῆς,
3443 2488 3558 2541 ἀλλ’

1984 2580 2143 2651 ἀρκεῖ
2161 2580 2317 2650 μόνον
2346 2578 2608 2643 ἐπελθεῖν,
2628 2580 2723 2633 καὶ
2742 2579 2958 2633 ἅπαντα
2979 2580 3253 2646 ἐξίσταται
3276 2582 3368 2633 καὶ
3389 2598 3560 2652 παρα-

1983 2673 2167 2743 χωρεῖ.
2201 2669 2276 2725 Ού
2305 2670 2414 2740 γὰρ
2436 2670 2499 2740 δὴ
2531 2671 2689 2741 μόνον
2712 2670 2859 2741 νόμῳ
2902 2671 3140 2741 πολέμου
3186 2672 3279 2725 καὶ
3313 2673 3559 2742 παρατά-

1985 2762 2119 2827 ξεως
2168 2766 2387 2835 κρατεῖν
2452 2764 2648 2826 αὐτοὺς
2703 2762 2917 2827 ἐποίει,
2975 2763 3060 2814 ῖνα
3117 2765 3190 2833 μή
3240 2781 3322 2825 τις
3376 2765 3558 2826 αὐτοῖς

1982 2852 2264 2922 λογίσηται
2288 2853 2355 2906 τὰ
2387 2853 2665 2923 γινόμενα,
2698 2852 2831 2905 ἀλλά
2858 2852 2929 2905 τὰ
2964 2857 3200 2924 στοιχεῖα
3246 2855 3348 2924 τῆς
3376 2857 3558 2908 οἰκον⁶

1986 2945 2153 3015 μένης
2201 2946 2321 2998 κατ’
2357 2945 2535 2998 αὐτῶν
2564 2956 2586 2983 ο
2635 2945 2835 2998 ἐκίνει·
2878 2945 2958 2997 διὸ
2996 2949 3091 2998 καὶ
3124 2946 3558 3015 προκατέὼιλλεν

1984 3038 2166 3091 αὐτῶν
2195 3037 2293 3101 τὰς
2337 3037 2591 3101 διανοίας,
2624 3037 2716 3091 καὶ
2745 3037 2954 3108 χάλαζα
2999 3037 3383 3107 κατενεχθεῖσα
3425 3038 3553 3090 πολ-

1982 3129 2108 3192 λοὺς
2136 3127 2407 3193 ἀπώλεσε,
2431 3127 2523 3180 καὶ
2547 3126 2696 3197 ἥλιος
2726 3126 2877 3198 ἐστη,
2906 3128 2999 3179 καὶ
3027 3125 3105 3196 τῷ
3138 3126 3356 3197 πολέμῳ
3387 3127 3557 3197 μῆκος

1986 3220 2175 3281 ἔδωκε,
2198 3221 2291 3272 καὶ
2314 3219 2481 3272 πολλά
2506 3218 2782 3290 παράδοξα
2806 3218 3030 3272 τοιαῦτα
3064 3217 3292 3285 ἐγίνετο,
3325 3220 3423 3270 καῖ
3444 3219 3554 3288 ἠχὴ

1988 3309 2303 3378 σαλπίγγων
2351 3310 2520 3380 πυρὸς
2566 3309 2920 3380 σφοδρότερον
2961 3312 3072 3372 τοῖς
3109 3309 3340 3379 πύργοις
3391 3326 3556 3379 προσ-

1986 3398 2255 3466 ϐάλλουσα
2297 3398 2366 3451 τά
2395 3398 2548 3468 τείχη
2577 3399 2903 3469 κατήνεγκε.
2945 3398 3115 3451 Τοῦτο
3162 3399 3217 3451 δὲ
3265 3399 3555 3468 ἑκατέρους

1984 3491 2202 3561 ὠφέλει.
2248 3491 2475 3544 Ἑκεῖνοί
2503 3508 2561 3543 τε
2607 3490 2714 3562 γάρ
2746 3490 3068 3561 ἐμάνθανον,
3101 3491 3175 3554 ὼς
3205 3492 3265 3544 ού
3293 3493 3423 3561 παρ’
3457 3492 3555 3542 ἀν·-

1984 3582 2216 3653 θρὼπων
2248 3583 2395 3636 ἐστὶν
2423 3584 2451 3635 6
2470 3582 2702 3653 πόλεμος
2722 3599 2733 3613 ·
2765 3583 2858 3636 καὶ
2889 3577 3032 3637 οὗτοι
3056 3581 3400 3636 ἐπαιδεύοντο
3419 3582 3555 3654 πρὸς

1981 3674 2071 3728 τὸν
2094 3673 2225 3727 Θεὸν
2254 3673 2488 3743 βλέπειν,
2518 3676 2612 3728 καὶ
2634 3674 2900 3746 μηδέποτε
2925 3674 3019 3727 ἐπὶ
3036 3677 3148 3738 τοῖς
3170 3673 3578 3744 κατορθώμασι.

1986 3768 2428 3838 μεγαλοφρονεῖν,
2468 3766 2604 3823 ἀλλὰ
2632 3768 2725 3820 καὶ
2752 3765 3186 3829 καλλωπίζεσθαι
3218 3767 3314 3818 καὶ
3336 3765 3555 3835 μετριά-

1981 3858 2114 3922 ζειν.
2161 3857 2267 3911 Τοῦ
2295 3856 2404 3927 γὰρ
2434 3857 2706 3927 κρατῆσαι
2752 3856 2814 3909 τὸ
2851 3856 2994 3909 οὕτω
3029 3858 3301 3926 κρατῆσαι
3357 3855 3553 3924 μᾶλλον

1980 3951 2176 4013 αὐτοὺς
2197 3945 2592 4019 διόσμειβπερ
2620 3948 2717 4002 καὶ
2738 3949 2966 4019 σεμνοὺς
2989 3947 3182 4012 ἐποίει,
3210 3949 3304 4001 καὶ
3336 3948 3554 4018 μετριά-

1981 4039 2093 4104 ζειν
2123 4040 2365 4093 ἐδίδασκε
2388 4056 2401 4070 ·
2431 4041 2660 4110 σεμνοὺς
2693 4040 2814 4109 μὲν,
2841 4040 2923 4092 ὅτι
2949 4038 3187 4092 τοιοῦτον
3213 4036 3357 4108 εἶχον
3391 4055 3554 4109 στρα-

1979 4132 2146 4203 τηγόν
2169 4147 2183 4162 ·
2219 4129 2527 4202 μετριάζειν
2549 4131 2626 4195 δὲ,
2655 4131 2737 4183 ὅτι
2766 4131 2864 4183 οὐκ
2890 4130 3112 4192 οἰκείοις
3146 4128 3422 4198 ἐφυσῶντο
3449 4147 3552 4183 κα-

1979 4221 2320 4294 τορθώμασι.
2367 4220 2474 4274 Καί
2510 4220 2696 4274 ἔδωκε
2720 4220 2836 4288 τὴν
2868 4220 2987 4291 γῆν
3011 4219 3211 4274 αὐτῶν
3252 4225 3547 4289 κληρονο-

1972 4315 2140 4385 μίαν,
2158 4313 2567 4382 κληρονομίαν
2594 4312 2836 4381 Ἰσραὴλ
2853 4311 2980 4377 λαῷ
2993 4310 3020 4350 ἀ
3038 4312 3245 4366 αὑτοῦ.
3268 4314 3376 4366 Καὶ
3396 4313 3553 4368 τοῦτο

1981 4406 2238 4477 μέγιστον
2274 4404 2481 4475 θαῦμα,
2515 4403 2577 4456 τὸ
2614 4402 2688 4473 μὴ
2737 4402 2896 4473 μόνον
2942 4402 3245 4468 ἐκϐάλλειν,
3278 4403 3413 4458 ἀλλὰ
3457 4407 3553 4458 καὶ

1978 4497 2274 4569 δυνηθῆναι
2303 4498 2596 4566 κατασχεῖν
2619 4494 2716 4564 τὴν
2740 4495 2864 4564 γῆν,
2894 4494 2988 4546 καὶ
3017 4493 3200 4557 πόλεις
3225 4493 3513 4565 νείμασθαι
3535 4511 3548 4523 ·

1975 4588 2004 4642 6
2033 4589 2128 4642 καὶ
2150 4587 2351 4658 πολλὴν
2374 4590 2637 4658 παρεῖχεν
2663 4587 2846 4649 αὐτοῖς
2882 4585 2979 4656 τὴν
3015 4581 3231 4657 ἡδονὴν,
3257 4585 3423 4640 πολὺν
3461 4587 3551 4639 τὸν

1977 4681 2200 4750 κόσμον,
2230 4678 2429 4749 πολλὴν
2472 4679 2570 4748 τὴν
2602 4677 2955 4749 φαιδρότητα.
2986 4677 3094 4731 Καὶ
3126 4677 3297 4757 τοῦτο.
3320 4679 3419 4748 τῆς
3455 4679 3549 4731 τοῦ

1975 4771 2111 4825 Θεοῦ
2144 4771 2443 4840 δυνάμεως.
2475 4770 2549 4822 Οὐ
2590 4769 2699 4839 γὰρ
2731 4768 2924 4840 μικρὸν
2962 4773 3252 4841 κατασχεῖν
3279 4770 3550 4840 πολεμίων

1977 4859 2185 4932 χώραν,
2207 4859 2343 4912 ἀλλὰ
2361 4858 2560 4928 πολλῆς
2582 4858 2676 4911 καὶ
2699 4856 2933 4912 ἐνταῦθα
2960 4854 3118 4928 χρεία
3137 4859 3327 4929 ῥοπῆς.
3352 4859 3546 4924 Κύριε,

1977 4951 2043 5004 τὸ
2078 4951 2265 5021 ὄνομα
2294 4965 2411 5004 σου
2430 4952 2521 5016 είς
2557 4948 2665 5003 τὸν
2694 4948 2899 5013 αἰῶνα,
2938 4950 3033 5001 καὶ
3064 4949 3130 5003 τὸ
3151 4950 3551 5017 μνημόσυνόν

1974 5060 2091 5098 σου
2115 5045 2203 5109 είς
2234 5041 2448 5113 γενεὰν
2472 5041 2570 5095 καὶ
2604 5038 2839 5109 γενεάν.
2865 5039 3080 5105 Ἀλλος,
3116 5038 3183 5091 Ἠ
3209 5036 3550 5106 ἀνάμνησίς

1973 5150 2110 5191 σου.
2152 5135 2417 5191 Ἐνταῦθα
2436 5137 2501 5205 τῇ
2525 5132 2800 5202 δοξολογία
2820 5131 2882 5184 τὸ
2908 5132 3128 5201 συνεχὲς
3154 5131 3431 5184 διακόπτει
3450 5130 3547 5184 τοῦ

1973 5229 2153 5297 λόγου,
2177 5229 2313 5298 ὅπερ
2341 5228 2454 5289 τοῖς
2476 5225 2651 5293 ἁγίοις
2682 5225 2855 5276 ποιεῖν
2880 5221 3002 5286 ἔθος
3027 5221 3133 5275 ἀεί.
3166 5221 3416 5274 Ἐπειδὰν
3443 5223 3546 5293 γὰρ

1973 5322 2266 5393 ἀρξάμενοί
2295 5338 2346 5373 τι
2377 5319 2554 5386 λέγειν
2583 5317 2691 5370 τῶν
2715 5314 2810 5369 τοῦ
2843 5314 2977 5367 Θεοῦ
3009 5312 3320 5383 θαυμάτων,
3368 5327 3547 5380 πυροί)-

1931 5442 1946 5449 -
1974 5412 2159 5477 θῶσιν,
2193 5412 2254 5464 οὐ
2290 5410 2552 5480 πρότερον
2590 5409 2685 5461 ἐπὶ
2730 5405 2793 5460 τό
2820 5405 2974 5469 τέλος
3020 5405 3290 5477 ἔρχονται,
3331 5404 3435 5469 ἓως
3482 5404 3548 5458 ἂν

1973 5503 2115 5577 ὑπὲρ
2143 5502 2250 5556 τῶν
2267 5499 2572 5571 εἰρημένων
2590 5498 2854 5564 δοξάσωσι
2877 5496 2970 5551 τὸν
2995 5495 3148 5560 Θεὸν,
3176 5494 3273 5549 καὶ
3299 5492 3437 5565 εὐφη
3446 5496 3548 5567 μή-

1975 5608 2130 5656 σωσι,
2174 5588 2268 5643 καὶ
2317 5587 2417 5659 τὴν
2462 5586 2755 5657 ἐπιθυμίαν
2800 5585 3120 5658 ἐμπλήσωσι
3163 5584 3262 5655 τὴν
3311 5584 3541 5637 ἑαυτῶν.

1976 5684 2153 5752 Ὅπερ
2188 5678 2334 5736 κα¹ιό
2377 5679 2587 5742 Παῦλος
2616 5678 2890 5751 πανταχοῦ
2923 5674 3097 5734 ποιεῖ’
3133 5676 3230 5731 καὶ
3263 5677 3322 5731 ἐν
3357 5692 3542 5747 προοι-

2037 5816 2060 5844 ⁶
2091 5813 2185 5863 Alii
2213 5813 2317 5861 κατ’
2343 5813 2498 5859 αὐτῶν
2530 5811 2768 5870 πολὶάκις.

2039 5871 2065 5914 δ
2091 5876 2241 5926 Savu.
2267 5880 2318 5924 ει
2339 5875 2421 5924 alii
2442 5877 2508 5927 τῷ
2537 5873 2708 5934 δούλῳ.
