4018 6268
347 478 449 531 597

348 603 444 656 trs,
488 589 796 646 inﬂammati
839 589 1056 656 fuerint,
1087 605 1190 644 non
1236 590 1379 658 prius
1421 589 1485 642 ad
1531 589 1687 642 finem
1736 604 1919 657 pervc-

345 683 513 747 niunt,
554 697 711 752 quam
759 696 852 751 pro
895 682 957 736 iis
996 697 1114 752 qua:
1153 679 1290 734 dicta
1318 690 1440 732 sunt
1469 679 1632 733 Deum
1660 679 1822 747 gloria
1867 688 1920 732 et

346 775 495 829 laude
525 774 817 838 all‘ecerint,
850 782 906 829 et
933 775 1002 827 ita
1033 787 1185 827 suum
1214 770 1531 826 desiderium
1564 771 1917 839 impleverim.

342 867 489 935 Quod
519 867 678 920 etiam
723 864 917 918 Paulus
953 863 1146 932 ubique
1187 863 1310 917 facit
1350 879 1364 918 :
1397 862 1625 916 maxime
1648 873 1823 915 autem
1866 863 1916 915 in

341 959 613 1027 prommiis
641 956 996 1027 Epistolarum
1016 998 1031 1021 ,
1063 967 1116 1010 ut
1143 955 1355 1026 quando
1384 955 1509 1010 dicit
1535 955 1787 1010 Ecclesiis
1815 954 1919 1009 Ga-

342 1048 477 1102 latite
516 1065 528 1100 :
562 1046 737 1100 Gratia
767 1045 902 1099 vobis
929 1056 975 1098 et
1011 1063 1112 1116 prta:
1131 1063 1161 1099 a
1184 1046 1292 1100 Deo
1339 1045 1494 1100 Patre
1521 1058 1709 1110 nostra,
1735 1057 1780 1098 et
1813 1045 1917 1098 Do-

338 1139 471 1190 mino
492 1135 618 1189 Jesu
645 1135 864 1201 Christo,
888 1136 970 1204 qui
989 1135 1123 1189 dedit
1143 1136 1361 1205 seipsum
1387 1153 1477 1203 pro
1503 1137 1715 1203 peccatis
1735 1136 1917 1188 nostris

337 1229 612 1284 secundum
656 1228 959 1282 voluntatem
999 1227 1095 1282 Dei
1123 1239 1167 1281 et
1209 1227 1380 1282 Patris
1413 1229 1591 1292 nostri,
1637 1229 1718 1281 cui
1753 1229 1916 1299 gloria

336 1323 387 1375 in
431 1323 618 1375 stzcala
660 1321 978 1375 saeculorum.
1006 1320 1162 1373 Amen
1191 1319 1327 1392 (Gal.
1355 1322 1406 1374 1.
1439 1322 1492 1375 5.
1525 1322 1602 1388 5).
1633 1320 1698 1374 Et
1723 1321 1774 1374 in
1803 1321 1915 1390 epi-

335 1415 471 1468 stola
502 1411 568 1465 ad
597 1412 870 1466 Romanos
896 1427 908 1463 :
949 1411 1172 1476 Quorum
1197 1411 1423 1480 adoptio,
1452 1420 1497 1464 et
1526 1411 1708 1482 gloria,
1737 1420 1784 1463 et
1806 1410 1914 1464 cul-

336 1513 437 1566 tus,
465 1513 511 1556 et
537 1503 822 1572 promissio,
861 1518 1075 1572 quorum
1104 1513 1288 1570 patres,
1321 1512 1365 1556 et
1394 1519 1456 1556 ea:
1484 1504 1661 1572 quibus
1687 1501 1914 1556 Christus

338 1594 613 1646 secundum
637 1608 859 1657 carnem,
889 1592 976 1660 qui
1003 1601 1075 1646 est
1103 1608 1254 1660 super
1278 1592 1446 1645 omnia
1475 1593 1754 1645 benedictus
1780 1591 1912 1645 Dens

335 1685 390 1736 in
420 1683 622 1737 satcula.
653 1683 812 1736 Amen
854 1681 1028 1752 (Rom.
1059 1682 1115 1736 9.
1157 1683 1233 1753 ι).
1277 1682 1344 1735 Et
1384 1697 1566 1738 rursus
1590 1683 1713 1737 alibi
1741 1700 1754 1734 :
1789 1681 1912 1751 Regi

335 1784 505 1828 autem
531 1774 828 1827 saeculorum
849 1773 1141 1836 immortali,
1163 1773 1416 1835 invisibili,
1445 1774 1538 1828 soli
1561 1773 1774 1842 sapienti
1804 1772 1911 1826 Deo

336 1866 502 1918 honor
527 1873 571 1916 et
589 1863 751 1934 gloria
771 1864 824 1918 in
849 1863 1033 1918 sa'cula
1059 1865 1376 1918 saeculorum.
1404 1865 1560 1918 Amen
1587 1867 1666 1933 (ι.
1698 1863 1829 1918 Tim.
1859 1870 1907 1920 Ι.

335 1959 454 2026 17).
489 1956 560 2009 Ita
593 1958 747 2011 etiam
773 1956 860 2011 hic
886 1955 1140 2026 propheta
1167 1972 1285 2010 cum
1317 1966 1494 2011 mente
1521 1955 1910 2026 agitassetuui-

339 2063 541 2103 versam
572 2049 663 2104 Dei
691 2048 1096 2118 providentiam,
1145 2047 1348 2118 plagam
1390 2048 1441 2100 in
1482 2047 1732 2119 Egypto,
1767 2047 1909 2102 varia

331 2152 388 2198 et
403 2143 609 2197 diversa
636 2141 888 2196 beneficia
911 2156 1029 2210 qua!
1050 2141 1101 2194 in
1129 2139 1411 2195 solitudine
1430 2141 1496 2194 ab
1515 2140 1605 2195 illo
1631 2140 1681 2194 in
1697 2139 1908 2194 iudices

331 2232 520 2289 collata
547 2240 689 2293 sunt.
712 2247 831 2302 quae
854 2247 949 2302 pro
975 2232 1076 2286 illis
1105 2231 1360 2285 adversus
1387 2230 1566 2284 hostes
1595 2231 1728 2284 facta
1748 2239 1864 2283 sunt
1891 2248 1905 2284 :

330 2323 400 2376 ab
445 2323 560 2390 ejus
613 2320 864 2375 ineﬂ‘abili
915 2320 1240 2388 benignitate
1290 2319 1681 2384 inflammatus,
1733 2320 1910 2374 emisit

330 2414 792 2484 glorificntionem,
817 2413 1000 2467 dicens
1025 2429 1037 2464 :
1064 2411 1296 2474 Domine,
1327 2426 1500 2464 nomen
1530 2419 1668 2463 tuum
1694 2411 1746 2463 in
1766 2420 1908 2464 teter-

332 2523 474 2569 num,
504 2504 739 2570 Domine,
769 2502 1056 2556 memoriale
1079 2511 1217 2555 tuum
1236 2518 1266 2553 a
1286 2501 1602 2571 generatione
1624 2501 1676 2553 in
1702 2517 1911 2572 genera-

331 2599 536 2649 tionem.
567 2595 679 2649 Hoc
719 2603 832 2660 est,
872 2592 1050 2648 Gloria
1079 2605 1162 2647 tua
1191 2601 1269 2648 est
1298 2602 1565 2662 perpetua.
1599 2591 1740 2646 Nihil
1765 2594 1906 2646 enim

329 2691 378 2742 ei
407 2688 560 2742 aﬂ‘ert
610 2686 774 2742 ullum
818 2685 1213 2745 detrimentum.
1237 2684 1365 2738 nihil
1391 2698 1507 2738 eam
1549 2683 1902 2752 interrumpit,

329 2782 423 2834 sed
453 2790 538 2834 est
565 2793 794 2847 semper.
837 2785 891 2832 et
917 2786 1096 2830 manet
1121 2775 1482 2839 immutabilis,
1526 2785 1581 2830 et
1613 2789 1644 2830 a
1683 2789 1910 2830 conver-

331 2873 483 2925 sione
511 2870 727 2922 omnino
751 2869 942 2930 aliena,
969 2868 1164 2922 florens
1202 2883 1266 2923 ac
1310 2869 1511 2938 vigens.
1544 2868 1678 2938 Quid
1707 2877 1788 2922 est
1814 2883 1908 2920 au-

335 2969 466 3023 tem,
491 2957 780 3012 Mentoriale
805 2968 942 3011 tuum
971 2957 1021 3011 in
1051 2958 1414 3028 generationem
1440 2967 1484 3011 et
1507 2958 1909 3028 generationem?

339 3050 458 3112 Tui,
487 3050 665 3117 inquit,
699 3049 952 3104 memoria
975 3065 1079 3102 non
1105 3048 1317 3113 desinit,
1346 3057 1399 3102 et
1418 3049 1575 3102 finem
1598 3063 1700 3102 non
1724 3048 1902 3103 habet.

334 3144 422 3198 14.
459 3142 586 3209 Quia
602 3142 850 3212 judicabit
874 3140 1118 3195 Dominus
1143 3141 1381 3211 populum
1407 3157 1572 3206 suum,
1603 3152 1649 3194 et
1675 3142 1726 3194 in
1754 3140 1906 3195 servis

328 3238 434 3291 suis
459 3236 821 3306 deprecabitur.
851 3235 945 3288 Vel
974 3243 1194 3304 utraque
1220 3233 1334 3288 haec
1358 3233 1459 3288 dici
1487 3243 1710 3306 possunt
1729 3233 1794 3287 de
1820 3249 1908 3303 po-

329 3329 476 3399 pulo,
497 3327 638 3398 quod
663 3326 732 3381 de
754 3341 820 3382 eo
848 3339 1036 3396 plenas
1060 3334 1253 3388 sumet,
1284 3335 1338 3380 et
1368 3335 1546 3393 postea
1573 3325 1823 3391 cessabit,
1851 3336 1905 3382 et

327 3421 476 3489 ipsos
503 3417 760 3475 recreabit
790 3433 804 3469 :
837 3417 918 3471 vel
958 3415 1186 3480 divisim,
1222 3414 1651 3470 Consolationem
1689 3417 1902 3485 quidem

325 3511 574 3580 accipiet,
618 3509 688 3564 de
733 3509 927 3578 populo
964 3525 978 3562 :
1021 3506 1277 3560 Judicabit
1315 3515 1512 3568 autem,
1543 3507 1610 3561 de
1647 3506 1903 3560 hastibus.

328 3601 444 3656 lloe
471 3609 573 3662 est,
607 3598 730 3654 Illos
772 3597 984 3668 quidem
1028 3597 1326 3660 recreabit;
1360 3595 1460 3654 hoc
1495 3595 1638 3650 enim
1669 3595 1769 3650 sibi
1797 3595 1908 3650 vult

326 3692 459 3748 illud
487 3731 501 3752 ,
530 3690 960 3746 Consolationem
1002 3689 1253 3757 accipiet;
1283 3686 1542 3741 Judicabit
1583 3697 1760 3743 autem
1813 3689 1907 3741 ho-

325 3793 443 3840 stes
472 3801 485 3837 :
519 3784 618 3837 hoc
639 3791 741 3847 est,
764 3781 832 3836 de
853 3781 980 3850 ipsis
1005 3795 1189 3851 pinnas
1216 3788 1409 3835 sumet.

408 3879 460 3929 7.
493 3876 694 3930 Deinde-
715 3875 964 3944 quoniam
987 3887 1090 3928 non
1116 3881 1322 3942 poterat
1342 3872 1520 3927 dicere
1544 3887 1727 3927 eorum
1765 3881 1908 3928 recte

327 3968 594 4036 facta,hac
619 3965 936 4036 justiflcandi
964 3965 1169 4021 ratione
1187 3965 1367 4030 utitur,
1387 3979 1574 4033 nempe
1587 3966 1798 4018 nomine
1815 3980 1908 4034 po-

327 4059 462 4129 puli,
478 4069 528 4115 et
547 4059 756 4112 nomine
773 4069 1066 4111 servorum.
1086 4056 1216 4108 Cum
1241 4065 1413 4110 autem
1433 4054 1587 4119 dixit,
1607 4053 1906 4124 Περι-(ταινί-

329 4164 434 4215 tur,
474 4149 704 4205 ostendit
741 4147 1220 4204 reconciliationem
1254 4161 1374 4202 esse
1408 4147 1545 4200 illius
1586 4147 1902 4210 clementiae,

328 4259 437 4297 non
470 4250 645 4294 autem
671 4255 735 4293 ex
777 4239 984 4292 illorum
1015 4237 1238 4291 meritis.
1266 4236 1360 4292 Ubi
1399 4237 1541 4292 enim
1580 4237 1904 4308 deprecatio,

329 4334 487 4388 venia
543 4344 675 4402 opus
729 4338 813 4383 est
857 4347 872 4382 :
922 4328 1010 4383 ubi
1061 4338 1236 4383 autem
1281 4343 1414 4397 Opus
1462 4338 1547 4384 est
1585 4331 1754 4395 venia,
1799 4346 1906 4386 non

326 4433 455 4481 sunt
504 4433 648 4479 recte
703 4423 957 4475 factorum
1009 4427 1222 4485 merita,
1273 4421 1366 4474 sed
1417 4430 1500 4477 est
1541 4430 1748 4490 tempus
1798 4424 1909 4478 cle-

330 4515 565 4571 tnentiae.
613 4513 872 4580 Quoniam
917 4527 1042 4578 ergo
1091 4511 1223 4565 dixit
1269 4513 1509 4582 superius
1549 4527 1564 4565 :
1611 4512 1908 4568 Memoriale

328 4619 475 4661 tuum
501 4607 554 4659 in
582 4603 949 4675 generationem
989 4611 1034 4654 et
1072 4603 1460 4672 generationem,
1491 4602 1590 4656 soli
1620 4612 1795 4657 autem
1839 4619 1904 4656 ex

327 4701 444 4753 aliis
472 4697 716 4769 gentibus
746 4695 845 4764 ipsi
883 4701 1010 4747 tunc
1040 4695 1202 4747 Deum
1249 4693 1347 4746 sibi
1390 4694 1780 4761 adscribebant,
1814 4710 1908 4763 per

331 4796 431 4847 hoc
458 4792 562 4846 tale
588 4789 711 4860 quid
733 4786 1011 4858 significat,
1041 4793 1096 4839 et
1120 4785 1267 4850 dicit,
1293 4785 1446 4840 Salus
1473 4786 1648 4855 populi
1677 4787 1908 4842 ostendit

328 4896 472 4940 tuam
504 4882 642 4955 apud
674 4881 868 4934 multos
893 4877 1136 4948 gloriam.
1165 4878 1294 4943 Quae
1317 4879 1459 4930 enim
1488 4886 1671 4932 natura
1696 4879 1742 4933 ei
1771 4879 1910 4934 inest

327 4975 493 5046 gloria
515 5015 532 5039 ,
561 4972 659 5026 etsi
689 4971 866 5024 nullus
893 4983 1013 5025 eum
1054 4967 1196 5022 colat
1235 4975 1289 5021 et
1327 4967 1610 5034 observet,
1653 4977 1908 5039 perpetuo

329 5075 529 5130 manet,
553 5072 607 5119 et
633 5078 734 5117 nec
762 5059 946 5124 minui,
977 5073 1076 5113 nec
1100 5057 1340 5123 dissolvi,
1367 5071 1465 5111 nec
1485 5058 1676 5111 mutari
1697 5066 1905 5127 potest:

328 5173 448 5227 quia:
489 5155 562 5211 sit
586 5163 764 5209 autem
790 5152 906 5222 ejus
931 5149 1068 5219 apud
1114 5150 1310 5203 multos
1353 5148 1603 5210 laudatio.
1649 5164 1681 5204 a
1729 5159 1906 5206 nostra

330 5231 488 5304 etiam
535 5248 704 5302 salute
743 5243 1072 5303 ostendetur.
1118 5256 1236 5296 cum
1277 5256 1374 5296 nos
1412 5243 1697 5309 civitatem,
1738 5243 1907 5298 aedem

330 5356 554 5404 sacram,
587 5347 641 5394 et
670 5337 924 5406 templum
965 5335 1343 5400 receperimus,
1375 5342 1430 5389 et
1465 5334 1698 5404 pristinae
1728 5335 1908 5406 reipu-

333 5431 481 5486 blicze
506 5427 736 5484 restituti
763 5426 1035 5481 fuerimus.

404 5521 806 5576 Simulat-rarum
847 5520 1057 5573 vanitas.
1103 5519 1314 5573 Damon
1356 5533 1448 5570 cur
1483 5515 1634 5570 idolis
1671 5515 1904 5568 assideat.

333 5641 402 5654 --
430 5611 517 5667 15.
568 5609 857 5666 Simulacra
900 5610 1120 5678 gentium
1155 5617 1415 5678 argentum
1441 5616 1488 5661 et
1516 5621 1694 5660 altrum
1715 5647 1730 5670 ,
1754 5621 1907 5677 opera

337 5721 574 5758 manuum
612 5702 889 5758 hominum.
935 5701 1199 5767 Quoniam
1255 5701 1305 5754 in
1355 5699 1614 5768 principio
1663 5697 1904 5762 dixerat,

341 5793 584 5848 Dominus
612 5803 777 5846 autem
805 5802 970 5845 noster
1000 5805 1104 5858 pra
1130 5789 1356 5843 omnibus
1385 5790 1500 5853 diis,
1545 5797 1599 5841 et
1639 5787 1784 5842 visus
1827 5799 1907 5842 est

330 5894 427 5948 per
446 5879 900 5953 comparationem
961 5880 1291 5935 introducere
1331 5877 1606 5944 quamdam
1648 5877 1907 5931 excellen-

1444 472 1797 529 EXPOSITIO
1839 472 1901 527 lN
1941 473 2260 530 PSALMUM
2299 473 2580 531 CXXXIV.

3502 484 3603 537 598

2030 588 2154 640 tiam
2202 601 2417 658 propter
2471 592 2880 649 imbecillitatem
2923 610 3108 650 eorum
3147 596 3234 666 qui
3279 598 3598 664 audiebant,

2029 677 2146 731 vide
2174 680 2438 746 quomodo
2465 681 2564 736 hoc
2589 683 2762 739 verbis
2799 686 3100 755 amplificat.
3143 688 3428 758 Postquam
3458 692 3600 746 etaim

2025 783 2054 822 a
2083 768 2172 823 Dei
2217 772 2446 838 potentia
2497 772 2700 827 initium
2746 775 2916 842 duxit,
2958 787 3012 831 et
3047 779 3181 832 dixit
3213 794 3332 848 qum
3380 781 3431 834 in
3472 785 3602 836 caelo

2025 869 2168 923 sunt,
2203 876 2320 932 quae
2359 863 2412 916 in
2455 873 2615 930 terra,
2641 880 2761 933 qua:
2795 867 2844 920 in
2873 867 3100 938 abyssis,
3126 886 3242 935 unum
3274 871 3324 924 in
3367 869 3598 936 Judaeis,

2023 967 2141 1018 qua:
2168 953 2218 1006 in
2245 954 2472 1020 pr0pria,
2501 970 2620 1024 quae
2646 956 2699 1010 in
2721 956 2886 1011 aliena
2918 968 3074 1020 terra,
3105 976 3222 1029 qua:
3255 961 3304 1014 in
3339 961 3596 1028 hostibus,

2022 1055 2139 1109 quae
2169 1043 2220 1096 in
2245 1043 2506 1112 gentibus,
2542 1043 2676 1100 facta
2700 1056 2844 1111 sunt,
2867 1047 3057 1104 deinde
3077 1065 3196 1105 cum
3220 1051 3336 1118 ejus
3361 1052 3600 1122 benigni-

2023 1142 2183 1188 tatem
2215 1149 2514 1192 remeasset
2543 1137 2597 1192 in
2634 1141 2966 1206 memoriam,
3009 1141 3317 1207 bonitatem,
3356 1143 3595 1198 cletnen-

2023 1225 2166 1287 tiam,
2195 1229 2542 1295 curationem,
2568 1231 2904 1300 sapientiam,
2934 1241 2989 1286 et
3018 1233 3324 1300 potentiam,
3345 1243 3400 1289 et
3429 1236 3590 1289 Deum

2020 1331 2137 1370 esse
2166 1319 2552 1382 universorum,
2584 1332 2636 1374 et
2660 1322 2892 1376 universi
2922 1323 3066 1378 orbis
3094 1333 3247 1378 terrae
3284 1339 3466 1378 curam
3504 1339 3596 1393 ge-

2018 1421 2137 1461 rere
2181 1406 2521 1471 ostendisset,
2556 1410 2738 1466 irridet
2762 1411 3011 1481 deinceps
3039 1422 3093 1467 et
3121 1414 3415 1468 ludificatur
3442 1414 3596 1470 idoli-

2017 1511 2196 1551 corum
2225 1499 2443 1554 deorum
2476 1500 2912 1569 imbecillitatem,
2939 1513 2996 1559 et
3016 1507 3194 1560 statim
3239 1505 3306 1561 ab
3349 1508 3459 1575 ipsa
3499 1523 3594 1561 na-

2020 1597 2133 1641 tura
2179 1589 2229 1642 in
2259 1589 2402 1658 ipsos
2449 1591 2715 1645 invehitur
2747 1610 2762 1648 :
2792 1594 2898 1647 imo
2925 1610 3055 1650 vero
3099 1596 3268 1664 ipsum
3299 1611 3492 1651 nomen
3523 1597 3588 1651 ad

2015 1692 2197 1730 eorum
2246 1681 2711 1749 reprehensionem
2751 1683 2982 1738 adducit.
3030 1683 3229 1739 Idolum
3270 1686 3412 1738 enim
3459 1685 3587 1739 nihil

2015 1777 2096 1821 est
2123 1768 2264 1823 aliud
2292 1785 2448 1838 quam
2475 1771 2597 1840 quid
2643 1771 2958 1826 imbecillum
2995 1783 3050 1828 et
3085 1775 3374 1842 abiectum,
3414 1784 3470 1830 et
3495 1790 3591 1828 no-

2016 1877 2134 1914 men
2183 1875 2405 1916 summa:
2447 1863 2786 1917 infirmitatis.
2831 1863 3086 1931 Quocirca
3119 1865 3240 1920 hinc
3270 1867 3472 1934 incipit,
3503 1867 3585 1920 di-

2013 1966 2160 2018 cens,
2191 1952 2476 2006 Simulacra
2498 1955 2721 2023 gentium
2745 1964 3007 2025 argentum
3031 1965 3077 2008 et
3098 1972 3297 2010 aurum.
3329 1956 3582 2021 Primum,

2011 2046 2153 2114 quod
2179 2047 2550 2112 simulacrum;
2579 2047 2896 2115 secundum,
2916 2048 3058 2118 quod
3084 2049 3313 2104 inanima
3333 2049 3582 2112 materia;

2015 2137 2249 2203 tertium,
2280 2139 2418 2207 quod
2448 2138 2549 2194 hoc
2577 2139 2693 2207 ipso
2715 2139 2855 2209 quod
2884 2149 3008 2194 sunt
3035 2141 3334 2206 simulacra,
3367 2157 3470 2195 non
3497 2157 3580 2195 so-

2014 2225 2120 2279 lum
2150 2241 2213 2280 ex
2256 2227 2447 2296 seipsis
2492 2228 2774 2292 imbecilla,
2817 2229 2938 2283 vilia
2968 2239 3022 2283 et
3066 2230 3272 2297 abiecta
3311 2232 3444 2294 sint,
3491 2232 3584 2285 sed

2011 2319 2170 2370 etiam
2197 2317 2336 2386 quod
2377 2319 2445 2372 ab
2474 2318 2778 2374 hominibus
2816 2321 2967 2375 facta.
2993 2320 3249 2388 Quocinca
3292 2322 3583 2391 subiunxit,

2015 2408 2182 2478 Opim
2203 2426 2440 2464 manuum
2462 2409 2738 2475 hominum,
2761 2411 2899 2481 quod
2921 2411 3131 2479 quidem
3154 2421 3235 2468 est
3253 2414 3478 2468 maxima
3501 2430 3587 2469 re-

2013 2499 2294 2568 peehensio
2337 2515 2520 2554 eorum
2567 2501 2655 2571 qui
2699 2501 2785 2555 illa
2831 2503 3038 2568 colunt;
3072 2517 3262 2572 nempe
3297 2504 3437 2574 quod
3463 2517 3582 2558 cum

2013 2594 2109 2660 ipsi
2138 2593 2243 2647 sint
2272 2594 2324 2648 in
2352 2607 2510 2648 causa
2535 2609 2631 2648 cur
2651 2608 2713 2648 ea
2742 2595 2868 2661 sint,
2898 2595 2950 2648 in
2977 2595 3056 2650 eis
3084 2603 3262 2650 tamen
3291 2610 3401 2650 suae
3427 2610 3578 2664 spem

2011 2683 2193 2736 salutis
2218 2683 2499 2738 collocent.
2527 2685 2612 2738 l6.
2641 2682 2712 2738 0s
2733 2684 2934 2750 habent,
2963 2695 3006 2739 et
3029 2701 3128 2738 non
3151 2686 3429 2754 loquentur.
3457 2685 3585 2740 Ocu-

2011 2773 2086 2827 los
2123 2774 2324 2838 Itabent,
2354 2785 2400 2827 et
2429 2792 2527 2828 non
2569 2775 2820 2829 videbunt.
2845 2777 2935 2831 17.
2959 2775 3116 2830 Aures
3155 2776 3354 2840 habent,
3395 2787 3442 2830 et
3482 2795 3582 2833 non

2011 2867 2235 2922 audient.
2267 2865 2444 2936 Neque
2478 2868 2608 2920 enim
2656 2876 2727 2921 est
2766 2868 2971 2937 spiritus
2999 2868 3050 2921 in
3096 2885 3183 2922 ore
3223 2870 3464 2938 ipsorum.
3493 2872 3579 2926 f8.

2011 2958 2214 3013 Similes
2238 2959 2338 3012 illis
2366 2959 2491 3027 ﬁant
2513 2960 2597 3027 qui
2624 2959 2817 3027 faciunt
2844 2975 2921 3024 ea,
2953 2969 3000 3013 et
3025 2976 3191 3014 omnes
3213 2962 3297 3029 qui
3322 2963 3582 3028 conﬁdunt

2008 3053 2060 3106 in
2087 3055 2176 3107 eis.
2228 3053 2318 3119 0s,
2365 3055 2552 3122 inquit,
2601 3054 2800 3118 habent,
2854 3065 2900 3109 et
2941 3073 3040 3109 non
3083 3057 3363 3124 loquentur.
3393 3054 3580 3108 Vidisti

2009 3144 2274 3212 quomodo
2299 3153 2453 3212 auget
2480 3145 2797 3210 irrisionem,
2823 3153 2876 3200 et
2903 3145 3137 3201 fraudem
3158 3145 3425 3213 coarguit?
3445 3144 3582 3210 Quo-

2010 3237 2149 3289 niam
2185 3236 2324 3290 enim
2367 3250 2427 3290 ea
2457 3251 2598 3304 szrpe
2645 3247 2858 3291 movent
2898 3237 3187 3300 (immanes,
3220 3236 3482 3291 fictionem
3527 3244 3581 3289 et

2009 3328 2308 3382 simulatum
2334 3336 2508 3381 actum
2549 3341 2732 3380 eorum
2761 3326 2975 3397 detegit.
3001 3325 3288 3381 ostendens
3331 3339 3433 3378 non
3462 3340 3580 3379 esse

2009 3419 2249 3490 spiritum
2281 3419 2332 3471 in
2360 3431 2454 3472 ore
2483 3417 2736 3486 ipsorum.
2769 3417 2832 3470 Et
2876 3433 3115 3487 quaenam
3146 3425 3228 3471 est
3255 3430 3412 3471 causa
3440 3414 3579 3484 quod

2010 3509 2180 3563 malus
2216 3507 2424 3562 daamon
2452 3507 2651 3576 absque
2695 3507 2799 3560 illis
2841 3507 2969 3561 nihil
3001 3507 3142 3572 facit,
3175 3521 3273 3561 nec
3311 3506 3581 3576 loquitur?

2008 3600 2269 3668 Quoniam
2312 3601 2501 3669 stupri,
2541 3599 2806 3666 adulterii,
2852 3611 2905 3654 et
2931 3598 3395 3655 innumerabilium
3425 3598 3577 3651 vitio-

2011 3709 2125 3747 rum
2157 3692 2416 3746 columna:
2443 3700 2568 3746 sunt
2592 3691 2779 3745 horum
2809 3690 3209 3745 simulacrorum
3242 3691 3421 3760 figura:
3447 3707 3459 3742 :
3487 3689 3582 3742 do—

2008 3797 2138 3837 cens
2166 3797 2260 3837 eos
2286 3782 2374 3852 qui
2399 3781 2724 3836 seducuutur
2746 3820 2762 3847 ,
2791 3796 2886 3850 per
2913 3781 3082 3848 ipsum
3107 3789 3399 3835 statuarum
3426 3794 3582 3846 aspe-

2009 3884 2154 3926 ctum
2183 3886 2272 3927 eas
2297 3886 2384 3926 res
2413 3873 2624 3933 imitarl,
2655 3887 2878 3942 quarum
2899 3871 3118 3941 figuram
3157 3873 3441 3940 praeferunt
3484 3882 3585 3924 sta-

2011 3973 2135 4029 tum,
2165 3963 2243 4017 eis
2267 3963 2463 4018 assidet
2488 3978 2548 4017 ea
2578 3975 2816 4024 movens,
2851 3970 2906 4015 et
2929 3961 3216 4028 decipiens.
3251 3959 3448 4015 Deinde
3472 3976 3582 4014 rur-

2011 4069 2101 4109 sus
2124 4055 2228 4108 alio
2273 4051 2645 4107 ludificationis
2671 4066 2863 4122 genere
2905 4066 2966 4106 ea
3007 4049 3308 4120 aggreditur
3337 4066 3351 4102 :
3380 4049 3584 4103 Similes

2009 4148 2114 4202 illis
2143 4147 2268 4215 ﬁant
2295 4145 2378 4212 qui
2407 4145 2599 4214 faciunt
2629 4159 2705 4197 ea.
2733 4140 3024 4197 Considera
3047 4139 3187 4210 apud
3220 4151 3269 4193 te
3299 4139 3482 4208 quales
3509 4139 3584 4193 dii

2011 4239 2134 4302 sint,
2179 4237 2370 4307 quibus
2394 4235 2507 4288 fieri
2536 4233 2739 4288 similes
2765 4233 2878 4286 dira
2907 4241 2988 4287 est
3029 4231 3356 4301 imprecatio.
3396 4228 3584 4287 Nostra

2009 4338 2186 4383 autem
2209 4342 2313 4381 non
2345 4326 2412 4379 ita
2439 4324 2654 4379 habent.
2679 4325 2960 4378 Extremus
2974 4323 3116 4377 enim
3138 4321 3344 4374 virtutis
3362 4319 3478 4374 finis
3504 4329 3587 4374 est

2012 4423 2062 4477 id
2088 4419 2227 4492 quod
2269 4419 2392 4474 facit
2417 4417 2483 4472 ad
2510 4431 2774 4472 summum
2802 4415 3062 4470 bonorum
3093 4413 3352 4483 fastigium
3388 4413 3588 4482 pertin-

2010 4528 2157 4582 gere,
2185 4519 2244 4565 ut
2269 4509 2360 4564 Dei
2391 4517 2644 4577 quantum
2667 4505 2776 4560 ﬁeri
2805 4511 2978 4574 potest
2997 4503 3198 4558 similes
3219 4503 3403 4556 simus.
3433 4502 3586 4570 Apud

2015 4603 2131 4656 illos
2157 4609 2353 4661 autem,
2387 4598 2574 4666 inquit,
2607 4604 2661 4650 et
2689 4596 2864 4650 cultus
2906 4603 3006 4657 est,
3035 4603 3087 4650 et
3111 4592 3183 4648 dii
3217 4594 3366 4652 tales.
3409 4604 3466 4647 nt
3506 4594 3584 4648 cis

2011 4708 2130 4747 esse
2175 4690 2376 4746 similes
2419 4690 2591 4744 locum
2645 4694 2823 4742 teneat
2871 4696 3120 4742 extremae
3171 4685 3583 4755 imprecationis.

2012 4783 2161 4854 Quod
2208 4783 2367 4852 igitur
2403 4781 2510 4835 sint
2538 4779 2756 4834 materia
2802 4778 3052 4842 inanima,
3079 4779 3220 4844 quod
3250 4778 3377 4831 fiant
3418 4776 3487 4829 ab
3511 4781 3589 4828 eis

2013 4877 2101 4946 qui
2144 4876 2228 4929 illa
2258 4875 2456 4938 colunt,
2505 4872 2644 4942 quod
2683 4871 2790 4926 sint
2825 4871 3105 4926 simulacra
3138 4869 3400 4934 informia,
3448 4867 3587 4935 quod

2010 4969 2218 5038 jaceant
2238 4967 2380 5020 nullo
2405 4979 2562 5020 sensu
2586 4963 2824 5034 praedita,
2848 4972 2903 5018 et
2921 4961 3061 5027 quod
3082 4960 3337 5028 adiecerit
3359 4973 3454 5027 pro
3473 4957 3588 5010 dira

2014 5050 2423 5120 imprecatione,
2472 5055 2530 5101 ut
2571 5047 2690 5116 quis
2732 5046 2810 5100 eis
2835 5044 3024 5100 evadat
3064 5043 3253 5098 similis
3281 5060 3294 5094 :
3325 5056 3421 5112 per
3453 5043 3586 5102 hac,

2015 5145 2248 5214 inquam,
2281 5141 2456 5196 omnia
2499 5138 2794 5194 ostenditur
2822 5150 3061 5191 summus
3096 5149 3267 5190 error.
3302 5133 3588 5201 Postquam

2014 5250 2140 5304 ergo
2162 5232 2395 5288 ostendit
2417 5245 2602 5286 eorum
2631 5228 3066 5290 imbecillitatem,
3098 5240 3356 5290 errorem,
3390 5223 3590 5277 danun-

2015 5340 2139 5378 num
2165 5321 2581 5391 improbitatem,
2611 5333 2796 5374 eorum
2823 5316 2912 5386 qui
2944 5316 3028 5369 illa
3059 5314 3260 5369 faciunt
3286 5313 3586 5378 stultitiam,

2013 5420 2080 5470 ab
2111 5415 2194 5469 his
2234 5414 2341 5467 cito
2369 5412 2641 5473 liberatus,
2685 5407 2955 5461 concludit
2994 5404 3291 5460 orationem
3334 5403 3591 5474 glorifica-

2017 5511 2176 5570 tione,
2206 5519 2311 5560 non
2337 5503 2567 5572 amplius
2596 5514 2818 5555 narrans
2843 5513 2906 5553 ea
2935 5513 3052 5567 qua:
3083 5497 3220 5551 Deus
3245 5495 3389 5562 fecit,
3419 5503 3477 5550 ut
3502 5496 3590 5564 qtti
3639 5486 3650 5494 ’

2015 5616 2074 5656 ea
2097 5599 2205 5669 jam
2231 5595 2362 5650 satis
2386 5589 2782 5652 detnonstrarit.
2813 5588 2907 5643 sed
2933 5603 3031 5657 pro
3046 5586 3292 5642 omnibus
3316 5603 3434 5657 qua:
3463 5597 3588 5645 sunt

2017 5692 2069 5745 in
2113 5686 2377 5748 confesso,
2409 5684 2620 5740 laudem
2654 5680 2871 5750 exigens
2901 5678 2967 5734 ab
2991 5679 3054 5734 iis
3092 5678 3182 5750 qui
3210 5677 3452 5734 fruuntur
3476 5677 3591 5746 ejus

2019 5779 2276 5837 beneﬂcio
2301 5795 2312 5831 :
2338 5786 2389 5832 et
2420 5774 2538 5830 ideo
2566 5781 2717 5827 vocat
2739 5787 2924 5826 omnes
2947 5771 3010 5824 ad
3034 5769 3492 5840 glorificationem,
3514 5767 3590 5821 sic

2023 5874 2201 5927 dicens
2275 5870 2356 5925 l9.
2392 5867 2582 5922 Domus
2615 5863 2796 5930 Israel,
2837 5861 3105 5916 benedicite
3133 5858 3372 5914 Domino.
3402 5856 3595 5909 Domus
