4018 6268
424 474 527 527 399

419 589 614 649 Aaron,
646 585 917 640 benedicite
942 585 1179 639 Domino.
1210 584 1298 639 9.0.
1331 584 1521 638 Domus
1557 585 1693 646 Levi,
1723 585 1993 639 benedicite

421 673 658 728 Domino.
695 676 794 742 Qui
822 675 1004 729 timetis
1026 673 1313 738 Dominum,
1342 675 1612 728 benedicite
1640 674 1871 728 Domino.
1898 675 1987 730 2|.

422 766 719 820 Benedictus
741 766 992 821 Dominus
1020 783 1082 821 ea:
1108 767 1256 831 Sion,
1283 766 1369 836 qui
1395 766 1584 820 habitat
1608 767 1659 820 in
1688 766 1990 823 Jerusalem.

496 858 898 912 Benedictionunt
927 857 1241 923 (li/ferentia.
1269 887 1341 897 —
1361 857 1469 911 Cur
1505 872 1632 927 ergo
1662 873 1766 912 non
1809 873 1995 912 omnes

412 947 576 1003 simul
611 960 780 1012 vocat,
806 949 897 1002 sed
942 949 992 1000 in
1024 947 1236 1001 ordines
1275 947 1558 1002 dividens?
1599 947 1663 1003 Ut
1693 949 1831 1003 scias
1876 964 1993 1003 esse

418 1056 664 1110 magnam
682 1039 1025 1093 dill'erentiam
1048 1037 1451 1093 benedictionis.
1471 1039 1639 1092 Aliter
1650 1039 1789 1092 enim
1812 1053 1993 1093 sacer-

418 1133 538 1193 dos.
557 1132 713 1186 aliter
731 1130 1098 1197 Levita,aliter
1121 1130 1303 1196 laicus,
1326 1130 1479 1183 aliter
1502 1128 1746 1199 frequens
1768 1130 1995 1199 populus

418 1221 704 1276 'benedicit.
731 1214 917 1276 Dicere
937 1230 1132 1284 autem,
1153 1218 1456 1284 Benedicite,
1479 1230 1559 1275 cst
1579 1221 1789 1289 ejusqni
1812 1229 1993 1274 osten-

416 1314 502 1365 dit
532 1315 738 1367 beatam
770 1313 910 1366 illam
940 1322 1176 1365 naturam
1205 1320 1258 1365 et
1283 1311 1350 1365 ab
1384 1311 1597 1365 interitu
1624 1311 1872 1364 alienam.
1898 1310 1997 1363 Be-

416 1405 634 1459 nedicite
652 1405 812 1470 enim,
841 1404 1024 1473 inquit,
1044 1402 1182 1472 quod
1205 1402 1407 1457 liberati
1432 1403 1559 1457 estis
1573 1401 1640 1456 ab
1655 1401 1991 1467 adversariis,

423 1496 562 1563 quod
604 1496 746 1565 digni
796 1496 956 1550 habili
985 1496 1112 1549 estis
1157 1495 1245 1565 qui
1278 1495 1433 1550 talem
1466 1495 1636 1549 Deum
1678 1494 1989 1558 adoraretis,

416 1585 563 1651 quod
592 1587 867 1641 veritatem
895 1585 1206 1656 agnovistis.
1236 1585 1326 1639 Est
1354 1585 1493 1638 etiim
1520 1585 1633 1653 ipse
1660 1599 1869 1652 quoque
1900 1584 1993 1635 he-

420 1677 684 1744 nedietos,
714 1677 766 1730 in
796 1689 983 1730 natura
1011 1676 1215 1731 habens
1243 1675 1686 1739 benedictionem,
1715 1689 1812 1727 nec
1840 1673 1995 1728 laude

422 1769 647 1822 aliormn
670 1767 930 1837 indigens,
951 1775 1313 1822 verumtamen
1335 1782 1429 1820 vos
1450 1782 1658 1836 quoque
1679 1765 1990 1829 benedicitc,

426 1875 532 1912 non
575 1859 715 1928 quod
758 1859 806 1913 ei
834 1858 1032 1928 aliquid
1063 1873 1127 1913 ex
1175 1873 1240 1913 eo
1286 1857 1522 1921 accedat,
1571 1859 1661 1913 sed
1709 1859 1848 1927 quod
1898 1860 1992 1926 ipsi

422 1966 675 2021 magnum
718 1950 942 2005 fructum
968 1965 1035 2005 ex
1073 1965 1135 2005 ea
1177 1964 1234 2004 re
1263 1950 1577 2019 percipiatis.
1607 1951 1715 2005 Etsi
1746 1950 1886 2003 enim
1915 1960 1995 2005 est

422 2051 614 2094 natura
643 2041 970 2108 benedictus,
998 2049 1057 2095 ut
1097 2048 1241 2096 certe
1267 2049 1375 2104 est,
1420 2040 1531 2093 vult
1561 2052 1732 2095 tamen
1762 2043 1918 2094 etiam
1963 2056 1992 2095 a

427 2131 581 2185 uoltis
602 2130 862 2185 benedici.
891 2130 1016 2186 Sion
1042 2138 1217 2185 autem
1247 2144 1430 2184 rursus
1455 2140 1733 2196 memorat,
1762 2141 1814 2184 et
1837 2130 1994 2184 Jeru-

419 2224 611 2277 salem.
643 2223 899 2289 Quoniam
925 2223 1065 2277 enim
1088 2223 1195 2277 illic
1219 2231 1333 2277 erat
1356 2225 1639 2277 constituta
1664 2238 1846 2278 eorum
1879 2239 1993 2277 res-

423 2315 652 2386 publica,
676 2316 781 2370 illic
801 2315 1048 2371 fundatus
1067 2323 1181 2372 erat
1207 2330 1391 2370 eorum
1417 2316 1609 2381 cultus,
1631 2323 1685 2370 et
1705 2330 1768 2369 ex
1793 2329 1858 2370 eo
1878 2315 1994 2369 loco

426 2405 750 2462 docebantur
776 2416 833 2462 et
860 2407 1285 2471 instituebantur,
1317 2407 1430 2461 vult
1456 2422 1516 2463 ea
1548 2407 1661 2461 loca
1691 2408 1991 2463 veneranda

427 2511 489 2550 ac
533 2497 808 2566 magniﬁca
851 2496 1074 2552 reddere
1094 2498 1208 2565 ipso
1250 2496 1341 2551 Dei
1385 2499 1722 2566 cognomine,
1770 2506 1827 2550 ut
1873 2512 1991 2551 cum

426 2596 599 2641 essent
631 2587 945 2655 veneranda,
978 2587 1145 2657 majus
1173 2587 1379 2641 illorum
1405 2598 1545 2642 esset
1570 2587 1621 2641 in
1649 2604 1708 2641 ea
1739 2590 1990 2655 studium,

428 2688 479 2732 et
504 2694 625 2735 cum
649 2690 788 2734 esset
816 2682 984 2749 majus
1009 2680 1263 2743 studium,
1294 2680 1357 2734 ad
1386 2697 1443 2735 ea
1475 2681 1639 2752 magis
1666 2681 1996 2735 attrabercn-

426 2778 531 2831 tur,
561 2769 768 2824 attracti
793 2786 938 2831 vero.
971 2771 1021 2824 in
1050 2771 1140 2825 Dei
1182 2772 1378 2825 cultum
1410 2772 1575 2842 magis
1600 2771 1953 2841 deﬁgeremur
1974 2809 1990 2836 ,

424 2858 579 2912 th-lixi
626 2869 824 2924 autem,
870 2860 933 2913 ad
982 2861 1235 2930 majorem
1283 2862 1525 2914 virtutem
1570 2861 1990 2925 deducerentur,

425 2961 640 3019 propter
679 2950 1051 3020 qnam‘omnia
1103 2953 1235 3006 lacta
1282 2962 1422 3006 sunt.
1466 2952 1568 3008 Sed
1613 2963 1735 3006 tunc
1781 2953 1992 3022 quidem

423 3052 576 3096 erum
605 3042 895 3097 Jerusalem
939 3052 992 3096 ct
1036 3043 1183 3106 Sion,
1233 3044 1388 3097 hodie
1431 3056 1603 3098 autem
1643 3045 1753 3098 cmli
1798 3053 1995 3112 etquze.

424 3143 548 3187 sum
590 3135 639 3186 in
667 3136 826 3188 cadis.
857 3135 930 3189 Illi
973 3150 1099 3204 ergo
1145 3150 1259 3201 nos,
1298 3151 1499 3205 qumso,
1526 3136 1682 3189 deﬁxi
1711 3136 1895 3198 simus,
1939 3145 1995 3190 ut

426 3222 597 3276 l'utora
642 3224 797 3278 etiam
829 3225 962 3278 bona
989 3238 1394 3294 consequamur,
1420 3227 1585 3294 gratia
1614 3235 1661 3278 et
1692 3227 1987 3279 misericor-

425 3313 509 3367 dia
545 3314 745 3368 Domini
774 3316 935 3369 nostri
975 3314 1103 3370 Jesu
1129 3315 1344 3383 Christi,
1376 3316 1458 3370 cui
1502 3315 1665 3385 gloria
1707 3316 1758 3369 in
1801 3315 1992 3371 sarcula

426 3406 759 3460 szeculorum.
792 3408 979 3459 Amen.

849 3494 912 3548 IN
951 3494 1267 3551 PSALMUM
1315 3492 1574 3550 CXXXV.

462 3587 513 3640 1.
554 3582 869 3654 Conﬁtemiui
894 3585 1111 3645 Domino
1127 3627 1141 3649 ,
1166 3588 1403 3654 quoniam
1424 3588 1580 3640 bonus
1600 3627 1612 3651 ,
1644 3586 1879 3657 quoniam
1905 3587 1957 3639 in

811 3666 1049 3729 saxulum
1087 3677 1428 3730 misericordia
1474 3679 1602 3746 ejus.

495 3766 547 3820 l.
592 3764 728 3819 Deus
754 3775 993 3836 perpetuo
1019 3766 1295 3819 miseretur.
1323 3796 1394 3806 —
1422 3767 1703 3836 Postquam
1751 3776 1875 3820 ante
1915 3767 1994 3820 lo-

422 3866 617 3926 quutus
641 3866 723 3910 est
750 3857 817 3911 de
847 3858 935 3911 Dei
966 3857 1016 3910 in
1048 3856 1287 3912 homines
1308 3857 1597 3922 beneﬁciis,
1627 3859 1694 3913 de
1720 3858 1833 3927 ejus
1857 3873 1991 3928 quo-

421 3964 526 4018 que
547 3949 926 4004 misericordia:
957 3948 1316 4019 magnitudine
1336 3949 1567 4015 disserit,
1598 3960 1847 4004 non‘eam
1876 3966 1989 4004 me-

422 4041 559 4093 tiens
591 4055 606 4093 :
640 4054 740 4093 nec
762 4039 906 4094 enim
929 4039 979 4093 id
1005 4039 1118 4094 ﬁeri
1142 4048 1341 4109 potest;
1374 4039 1467 4093 sed
1496 4055 1588 4108 per
1614 4040 1870 4094 inﬁnitum
1896 4056 1992 4095 vo-

423 4132 540 4185 lens
559 4131 838 4185 ostendere
867 4131 983 4199 ejus
1017 4131 1451 4200 magnitudinem,
1483 4130 1775 4198 invitatqne
1801 4146 1991 4185 omnes

421 4224 487 4278 ad
533 4226 987 4293 gloriﬁcationem,
1012 4225 1195 4281 dicens
1223 4242 1237 4279 :
1261 4224 1575 4291 Canﬁtemini
1599 4223 1818 4279 Domino
1845 4241 1863 4279 :
1892 4225 1991 4280 hoc

420 4326 521 4380 est,
553 4316 759 4372 Gratias
785 4321 941 4388 agite,
966 4318 1175 4373 laudate
1204 4317 1653 4387 ipsum.Quoniam
1673 4319 1725 4371 in
1750 4318 1990 4371 sarculum

423 4409 763 4462 misericordia
799 4411 928 4479 ejus.
972 4409 1106 4475 Quid
1152 4419 1267 4474 est,
1301 4407 1366 4462 In
1423 4408 1849 4463 saeculum?Non
1895 4409 1991 4462 ali-

423 4497 635 4565 quando
667 4499 912 4566 quidem,
942 4499 1136 4569 inquit.
1176 4500 1435 4554 beneﬁcio
1461 4498 1660 4564 afﬁcit,
1702 4497 1990 4567 aliquando

425 4602 556 4638 vero
588 4588 786 4640 recedit
813 4605 826 4641 :
857 4604 1024 4657 neque
1050 4589 1206 4642 modo
1238 4590 1521 4643 miseretur
1540 4630 1554 4651 ,
1584 4587 1742 4643 motio
1772 4589 1984 4654 desinit,

420 4676 563 4746 quod
590 4679 763 4731 evenit
793 4679 843 4731 in
873 4679 1171 4733 hominibus
1194 4720 1207 4741 ,
1237 4695 1371 4749 quos
1411 4678 1657 4748 prohibet
1676 4679 1836 4732 animi
1866 4692 1988 4747 per-

423 4771 674 4832 turbatio,
703 4771 949 4826 distrahit
973 4768 1167 4824 fractus
1190 4780 1244 4826 et
1286 4772 1525 4839 abiectus
1554 4772 1780 4833 animus,
1815 4772 1986 4841 impe-

419 4866 497 4918 dit
526 4864 856 4933 obsequium,
891 4878 987 4918 nec
1017 4864 1321 4932 permittunt
1351 4864 1477 4917 varii
1508 4880 1681 4929 casus,
1704 4880 1988 4934 rerumque

417 4955 653 5010 conditio
682 4972 695 5009 :
721 4965 777 5009 at
825 4953 966 5009 Deus
1014 4970 1116 5007 non
1167 4962 1247 5008 est
1267 4952 1560 5022 ejusmodi,
1602 4955 1693 5007 sed
1736 4964 1987 5024 perpetuo

418 5048 720 5109 miseretur,
752 5059 850 5100 nec
890 5059 1133 5115 umquam
1161 5044 1351 5097 desiuit
1401 5042 1501 5097 huc
1542 5043 1748 5106 facere,
1781 5045 1985 5098 etiamsi

418 5138 519 5193 hoc
550 5138 707 5193 faciat
735 5137 898 5193 variis
922 5145 975 5191 et
997 5135 1224 5191 diversis
1252 5133 1440 5188 modis.
1466 5133 1689 5202 Semper
1730 5148 1857 5204 ergo
1884 5135 1986 5188 mi-

415 5243 643 5296 seretur,
673 5246 771 5287 nec
800 5244 1049 5299 umquam
1077 5236 1250 5282 cessat
1294 5225 1552 5280 beneﬁcio
1592 5224 1832 5279 homines
1874 5224 1990 5279 afﬁ-

415 5340 558 5379 cere.
590 5322 788 5379 Deinde
812 5310 1089 5393 postquam
1122 5320 1258 5375 dixit
1283 5333 1404 5373 eum
1435 5315 1676 5372 misereri
1707 5325 1981 5385 perpetuo,

417 5414 650 5470 ostendit
681 5416 840 5471 etiam
891 5422 1198 5484 argumenta
1248 5408 1823 5479 misericordize,quod
1871 5408 1987 5477 ejus

416 5506 776 5560 misericordia
803 5520 1018 5575 semper
1043 5512 1286 5565 maneat,
1319 5516 1383 5556 ex
1414 5502 1478 5555 iis
1506 5516 1625 5571 qua:
1653 5499 1897 5555 videntur
1921 5513 1984 5553 ea

415 5609 707 5659 asserens;
746 5604 801 5649 et
838 5596 1084 5664 quoniam
1133 5609 1226 5650 cos
1276 5592 1570 5647 deducebat
1622 5591 1687 5645 ad
1737 5593 1983 5661 pietatem

417 5700 704 5753 veramque
762 5685 1102 5755 religionem,
1153 5686 1274 5740 vide
1315 5683 1582 5755 quomodo
1630 5698 1752 5738 eum
1799 5696 1985 5737 rursus

417 5773 623 5829 Confert
658 5790 776 5825 eum
833 5775 934 5828 diis
984 5775 1286 5845 gentilium,
1314 5775 1378 5828 ad
1424 5782 1634 5845 captum
1683 5774 1981 5827 auditorum

420 5864 604 5919 eodem
637 5861 792 5916 modo
819 5878 874 5917 se
900 5863 1200 5919 demittcns.
1232 5865 1364 5936 Quid
1396 5865 1535 5921 cnim
1563 5863 1725 5919 dicit?
1744 5862 1798 5917 2.
1822 5862 1985 5932 Con/i-

1130 476 1186 528 S.
1227 471 1497 529 JOANNIS
1533 471 2007 528 CIIIlYSOoTOMl
2050 473 2361 529 ARCIIIEP.
2403 476 2936 532 CONSTANTINOP.

3572 478 3669 534 400

2100 588 2270 641 temiui
2297 587 2402 643 Deo
2422 591 2631 644 deorum
2655 604 2677 650 :
2704 589 2923 659 singulis
2945 590 3269 659 snlijungens
3287 633 3302 654 ,
3332 591 3584 655 Quoniam
3624 597 3669 646 in

2097 680 2336 733 oraculum
2360 681 2699 735 misericordia
2725 685 2851 750 ejus.
2884 681 2984 746 Et,
3011 683 3063 736 ὅ.
3092 680 3408 750 Conﬁtcmiui
3458 682 3668 735 Domino

2097 769 2417 824 dominorum
2464 770 2633 843 (Psal.
2686 772 2800 827 154.
2845 774 2922 844 5).
2966 773 3021 827 In
3083 772 3400 842 praecedenti
3456 775 3668 842 quidem

2100 861 2311 915 Psalmo
2346 862 2552 917 dicebat
2583 879 2703 919 eum
2726 880 2845 920 esse
2871 880 2980 935 pne
3008 865 3254 919 omnibus
3289 864 3392 919 diis
3422 883 3434 917 :
3464 866 3551 918 hic
3578 883 3673 922 au-

2099 960 2203 1007 tem
2232 953 2406 1008 adhuc
2433 957 2681 1025 amplius,
2715 971 2835 1010 eum
2867 971 2985 1011 esse
3013 956 3221 1010 illorum
3253 956 3448 1011 Herum
3479 968 3533 1012 et
3570 959 3668 1011 Do-

2099 1045 2334 1106 minum,
2379 1046 2490 1102 sive
2534 1047 2794 1102 idolorum
2844 1049 3009 1113 dicas,
3042 1049 3154 1103 sive
3187 1048 3508 1105 daemonum.
3561 1051 3668 1106 Etsi

2097 1136 2237 1188 enim
2279 1136 2594 1192 oll'cnderint
2621 1138 2889 1193 daemones
2909 1180 2924 1205 ,
2953 1140 3161 1209 sintque
3185 1141 3382 1217 probro
3422 1151 3475 1196 et
3515 1143 3666 1211 igno-

2099 1225 2261 1280 minia
2307 1230 2493 1293 notati,
2522 1230 2665 1283 servi
2698 1241 2870 1285 tamen
2910 1240 3066 1297 sunt,
3097 1234 3252 1302 eique
3288 1235 3502 1287 subditi.
3538 1236 3667 1289 Pro-

2097 1326 2277 1385 pterea
2348 1333 2513 1388 ergo,
2571 1319 2780 1389 inquit,
2834 1322 3196 1388 conﬁtemini,
3243 1324 3382 1392 quod
3427 1324 3668 1379 habeatis

2102 1407 2263 1460 Deum
2291 1411 2524 1462 omnimn
2547 1425 2872 1480 supremum,
2903 1412 2986 1465 cui
3017 1413 3191 1466 nullus
3217 1422 3299 1468 est
3324 1414 3510 1466 similis
3533 1456 3547 1477 ,
3578 1414 3664 1482 qui

2099 1496 2269 1551 llerus
2311 1509 2394 1552 est
2433 1500 2667 1553 omnium
2698 1511 2751 1555 et
2782 1501 3054 1555 Dominus.
3085 1504 3242 1570 Atqui
3286 1503 3479 1556 dicitur
3508 1504 3665 1557 etiam

2099 1588 2238 1643 Deus
2266 1604 2452 1644 eorum
2480 1592 2566 1660 qui
2609 1592 2681 1645 illi
2715 1592 2956 1659 placent,
2991 1603 3048 1646 ut
3094 1594 3308 1662 quando
3353 1594 3481 1647 dicit
3512 1611 3525 1645 :
3562 1593 3666 1661 ligo

2096 1696 2207 1733 sum
2235 1680 2371 1734 Deus
2397 1682 2671 1747 Abraham,
2689 1682 2828 1737 Deus
2853 1683 3023 1748 Isaac,
3056 1694 3100 1737 et
3132 1684 3266 1737 Deus
3286 1684 3446 1738 Jucob
3472 1684 3663 1753 (Exod.

2098 1770 2151 1825 5.
2183 1768 2261 1841 6).
2288 1771 2564 1838 Quomodo
2589 1788 2715 1843 ergo
2746 1775 2834 1829 hic
2856 1773 3004 1839 dicit,
3028 1774 3338 1827 Dzemonum
3360 1774 3382 1826 ?
3408 1772 3511 1827 Sed
3541 1773 3665 1826 illud

2097 1860 2269 1926 aliter,
2297 1870 2351 1915 et
2383 1861 2483 1916 hoc
2513 1863 2684 1916 aliter.
2717 1863 2826 1917 lll.c
2851 1864 2992 1918 enim
3023 1872 3080 1916 ut
3106 1862 3350 1917 ostendat
3391 1862 3668 1916 familiari-

2096 1959 2259 2005 tatem
2288 1962 2342 2007 et
2382 1955 2835 2022 conjunctionem,
2876 1970 3228 2024 magnumque
3275 1968 3429 2008 suum
3478 1955 3530 2008 in
3573 1968 3670 2009 eos

2096 2056 2331 2096 amorem
2365 2062 2380 2099 ε
2409 2043 2493 2098 hic
2521 2054 2717 2111 autem,
2747 2055 2802 2099 ut
2826 2060 2972 2100 suam
3001 2044 3262 2115 signiﬁcet
3301 2045 3667 2099 eminentiam.

2170 2132 2420 2186 Miracula
2471 2133 2563 2187 Dei
2603 2153 2700 2188 non
2743 2137 2974 2205 potentia:
3016 2138 3178 2189 solum
3223 2145 3361 2199 sunt,
3395 2136 3485 2190 sed
3520 2137 3668 2189 etiam

2096 2221 2430 2292 benignitatis.
2469 2225 2656 2279 Cazlum
2687 2237 2889 2295 propter
2914 2227 3164 2280 hominem
3189 2229 3378 2297 factum
3404 2244 3424 2291 ;
3450 2226 3668 2280 elemento

2098 2322 2262 2366 torum
2285 2316 2548 2369 usus—4.
2576 2309 2682 2376 Qui
2707 2310 2837 2380 facit
2866 2316 3115 2371 mirabilia
3141 2333 3321 2387 magna
3338 2318 3476 2370 solus
3500 2333 3519 2370 :
3538 2334 3666 2379 quo-

2096 2404 2232 2457 niam
2255 2405 2307 2457 iu
2328 2405 2564 2459 naculum
2590 2406 2928 2461 misericordia
2961 2407 3090 2476 ejus.
3132 2407 3415 2476 Postquam
3443 2406 3668 2461 asseruit

2097 2508 2215 2545 eum
2243 2509 2363 2548 esse
2390 2494 2609 2548 deorum
2638 2497 2832 2550 Herum
2881 2505 2937 2549 et
2979 2495 3278 2563 ltoniiuum,
3316 2498 3662 2551 assertionem

2097 2582 2349 2652 deinceps
2376 2584 2592 2653 probat,
2625 2596 2677 2640 et
2703 2585 2841 2655 quod
2881 2587 3079 2640 dictum
3124 2595 3208 2640 est
3250 2588 3561 2644 conlirmat.
3600 2601 3665 2639 ex

2100 2677 2330 2744 potentia
2356 2692 2476 2730 eum
2502 2693 2685 2733 rursus
2710 2678 3025 2748 pra-dicatis.
3049 2678 3161 2732 Non
3184 2679 3313 2733 dixit
3336 2688 3536 2744 autem,
3567 2677 3666 2745 Qui

2098 2763 2223 2820 fecit
2243 2766 2379 2830 ,gsed
2398 2806 2414 2831 ,
2449 2766 2548 2831 Qui
2573 2771 2696 2838 facit
2714 2807 2729 2833 ,
2760 2767 3048 2822 ostendens
3077 2784 3198 2823 cum
3225 2767 3438 2822 assidue
3465 2768 3664 2823 beneﬁ-

2096 2856 2179 2910 cio
2209 2855 2462 2922 afﬁcere,
2490 2873 2681 2927 resque
2707 2859 3042 2913 admirabiles
3062 2898 3077 2925 ,
3108 2868 3161 2913 et
3211 2875 3329 2927 qua:
3382 2869 3507 2913 sunt
3550 2861 3665 2927 Opi-

2100 2945 2256 2999 nione
2294 2947 2557 3016 majores,
2586 2947 2776 3003 facere.
2828 2948 2955 3004 Haec
2994 2958 3168 3002 autem
3208 2948 3313 3003 duo
3360 2949 3509 3017 ponit
3551 2965 3664 3019 qua:

2098 3043 2223 3089 sunt
2270 3036 2321 3089 in
2371 3052 2436 3090 co
2479 3038 2704 3103 eximia,
2737 3046 2790 3092 et
2833 3039 2970 3107 quod
3003 3037 3193 3103 faciat,
3224 3046 3280 3092 et
3331 3038 3472 3107 quod
3521 3039 3666 3093 solus

2101 3127 2296 3182 faciat:
2337 3137 2493 3198 atque
2543 3128 2677 3183 adeo
2717 3130 2812 3183 tria
2860 3140 2913 3184 et
2978 3140 3233 3199 quatuor;
3288 3145 3481 3198 nempe
3527 3130 3663 3199 quod

2100 3217 2274 3284 faciat,
2296 3220 2434 3287 quod
2467 3221 2736 3281 miracula,
2768 3221 2905 3290 quod
2932 3236 3115 3291 magna
3147 3222 3419 3285 miracula,
3446 3230 3501 3279 et
3527 3220 3664 3290 qmd

2097 3309 2243 3363 solus
2275 3309 2451 3364 iaciat.
2483 3311 2603 3363 llaec
2626 3321 2803 3364 autem
2843 3311 2982 3365 dicta
3007 3321 3130 3365 sunt
3157 3328 3261 3364 non
3290 3321 3345 3364 ut
3375 3310 3666 3380 vilipcnde-

2097 3410 2244 3455 retur
2269 3400 2432 3455 Filius
2452 3443 2467 3467 ,
2496 3401 2589 3456 sed
2622 3411 2678 3455 ut
2703 3402 2840 3456 inter
2862 3418 2983 3456 eum
3015 3411 3070 3456 et
3106 3402 3375 3456 daemones
3412 3401 3664 3455 ostende.

2097 3501 2246 3546 retur
2290 3491 2574 3547 discrimen
2619 3499 2675 3548 et
2715 3493 3001 3548 distinctio.
3033 3494 3098 3546 Et
3123 3508 3366 3562 quaenam
3410 3492 3518 3546 sint
3555 3492 3666 3545 hate

2097 3583 2349 3637 miracula
2383 3599 2568 3654 magna
2594 3585 2864 3639 videamus
2884 3627 2898 3653 ,
2931 3600 3049 3654 qua:
3075 3585 3219 3639 solus
3240 3583 3382 3639 facit.
3416 3587 3589 3654 Atque
3612 3585 3661 3636 in

2099 3674 2359 3744 principio
2381 3691 2484 3730 non
2513 3676 2826 3745 loquebatur
2846 3675 2914 3730 de
2935 3675 3189 3745 potentia,
3212 3674 3307 3730 sed
3332 3674 3400 3729 de
3425 3658 3671 3744 benigni:

2100 3778 2205 3823 tate
2233 3776 2282 3824 ct
2309 3768 2608 3822 clementia.
2639 3767 2957 3836 Conﬁtemini
2985 3769 3150 3831 enim,
3182 3766 3384 3836 inquit,
3408 3765 3661 3831 Domino,

2095 3860 2331 3930 quoniam
2361 3860 2535 3912 bonus.
2554 3858 2828 3925 Quomodo
2851 3872 2980 3927 ergo
3001 3856 3213 3919 accidit,
3230 3865 3286 3910 ut
3310 3870 3453 3910 nunc
3479 3857 3631 3925 loqua
3646 3885 3663 3895 -

2098 3959 2182 4004 tur
2206 3950 2273 4005 de
2301 3949 2576 4018 potentia?
2601 3948 2862 4015 Quoniam
2890 3948 3005 4002 lucc
3045 3948 3297 4002 miracula
3339 3962 3445 4003 non
3491 3949 3662 4001 solum

2094 4050 2219 4095 sunt
2255 4041 2530 4107 potentiae,
2563 4039 2657 4095 sed
2686 4040 2845 4093 etiam
2875 4038 3215 4108 benignitatis
3243 4047 3298 4093 et
3338 4037 3661 4093 clementiae.

2097 4132 2350 4198 Quianam
2383 4139 2557 4186 autem
2595 4138 2719 4184 sunt
2763 4129 3014 4184 miracula
3055 4127 3361 4193 ostendens,
3395 4125 3665 4194 subjungit

2095 4221 2275 4277 dicens
2304 4239 2317 4273 :
2346 4221 2400 4275 5.
2433 4220 2532 4286 Qui
2555 4221 2669 4290 fecit
2695 4221 2840 4274 ccelos
2865 4220 2919 4271 in
2942 4219 3212 4272 intellectu.
3242 4220 3294 4272 6.
3317 4218 3417 4283 Qui
3446 4218 3665 4286 ﬁrmarit

2096 4322 2280 4366 terram
2300 4328 2450 4378 super
2476 4327 2652 4380 aquas.
2682 4309 2865 4376 Alius,
2909 4309 3008 4374 Qui
3049 4310 3335 4379 compilavit
3379 4318 3567 4361 terram
3611 4309 3664 4361 in

2094 4405 2258 4470 aquis.
2290 4403 2342 4457 7.
2377 4402 2475 4467 Qui
2495 4401 2608 4471 fecit
2641 4400 2911 4455 luminaria
2936 4417 3118 4470 magna
3142 4401 3296 4453 solus.
3323 4400 3376 4454 8.
3409 4399 3583 4455 Solem
3613 4400 3664 4452 iu

2096 4502 2383 4565 potestatem
2410 4491 2528 4544 diei.
2558 4492 2611 4545 9.
2641 4490 2836 4543 Limam
2866 4500 2913 4543 et
2962 4489 3133 4544 stellas
3166 4491 3216 4542 in
3248 4498 3543 4558 potestatem
3574 4507 3662 4542 no-

2094 4586 2206 4638 clis.
2237 4583 2360 4637 Hcce
2380 4582 2476 4637 etsi
2510 4581 2623 4650 ejus
2657 4582 2943 4650 potentiam
2973 4591 3027 4636 et
3050 4582 3362 4651 sapientiam
3387 4581 3619 4635 indicant
3642 4622 3658 4647 ,

2097 4683 2328 4741 attamen
2366 4675 2480 4741 ejus
2507 4687 2718 4742 quoque
2764 4687 3005 4742 magnam
3054 4671 3432 4740 benignitatem
3479 4684 3661 4726 osten-

2092 4768 2246 4822 dunt.
2276 4765 2408 4832 Quia
2434 4765 2577 4819 enim
2603 4773 2726 4817 sunt
2753 4762 2887 4821 adeo
2909 4778 3116 4832 magna,
3144 4762 3382 4831 pulchra,
3406 4771 3461 4816 et
3489 4763 3659 4827 ﬁrma,

2092 4862 2233 4915 vires
2262 4859 2376 4926 ejus
2421 4865 2476 4911 et
2515 4855 2824 4924 sapientiam
2858 4852 3145 4922 praedicant
3175 4870 3188 4905 :
3217 4853 3355 4922 quod
3386 4868 3449 4906 ca
3485 4862 3661 4905 autem

2094 4962 2310 5022 propter
2339 4964 2435 5004 nos
2459 4958 2512 5003 et
2534 4962 2687 5001 usum
2732 4955 2968 5000 nostrum
3011 4943 3145 4998 faeta
3177 4945 3286 4998 sint
3309 4985 3323 5005 ,
3359 4944 3660 5015 benignita-

2094 5053 2199 5097 tem
2241 5051 2294 5096 et
2342 5049 2645 5109 perpetuam
2691 5038 2998 5091 bonitatem.
3022 5036 3178 5090 \‘ides
3209 5036 3475 5103 quomodo
3502 5037 3576 5091 sit
3612 5036 3661 5089 in

2091 5145 2346 5189 aeternum
2386 5132 2500 5200 ejus
2535 5127 3064 5184 miscricordia?Non
3089 5129 3228 5181 enim
3266 5126 3332 5180 ad
3383 5127 3571 5182 decem
3610 5137 3663 5183 et

2093 5224 2272 5294 viginti
2306 5232 2505 5277 tantum
2533 5234 2702 5274 annos
2746 5218 2862 5272 hmo
2909 5218 3049 5280 fecit,
3081 5232 3251 5286 neque
3288 5217 3357 5272 ad
3407 5230 3621 5273 centum
3642 5258 3657 5282 ,

2092 5314 2316 5368 ducenta
2338 5353 2351 5373 ,
2383 5324 2437 5365 et
2463 5310 2641 5375 millia,
2671 5309 2763 5364 sed
2792 5324 2855 5363 ea
2883 5309 3018 5361 ultra
3041 5316 3203 5361 totam
3236 5311 3397 5361 vitam
3426 5320 3658 5364 nostram

2092 5403 2358 5474 produxit.
2424 5402 2487 5454 Iit
2531 5400 2650 5454 ideo
2701 5399 2802 5453 hoc
2846 5398 3181 5469 signiﬁcans,
3237 5398 3288 5452 in
3346 5415 3661 5470 unoquoque

2090 5510 2249 5550 versu
2289 5493 2591 5562 subiungit,
2628 5491 2879 5558 Quoniam
2920 5491 2974 5544 in
3015 5490 3258 5544 malum
3318 5490 3660 5545 misericordia

2091 5588 2218 5657 ejus.
2254 5585 2319 5639 Et
2346 5583 2484 5654 quod
2507 5591 2589 5638 est
2620 5580 2989 5636 admirandum
3014 5621 3031 5648 ,
3060 5595 3124 5634 ea
3163 5579 3286 5634 fecit
3317 5580 3534 5649 quidem
3565 5597 3577 5631 :
3608 5588 3656 5641 et

2091 5694 2210 5734 cum
2239 5678 2370 5732 facta
2397 5683 2594 5740 essent,
2612 5674 2760 5730 dedit
2783 5674 2849 5727 ab
2876 5673 3023 5728 initio
3047 5690 3061 5727 :
3087 5672 3179 5727 sed
3205 5683 3482 5742 pastquattt
3506 5674 3651 5725 homo

2095 5779 2456 5838 transgressus
2486 5774 2589 5832 est,
2614 5779 2681 5820 nc
2709 5764 2787 5819 sic
2809 5764 3024 5835 quidem
3060 5780 3180 5817 cum
3212 5763 3416 5831 expulit
3437 5805 3449 5826 ,
3480 5761 3570 5816 sed
3596 5775 3652 5814 ea

2092 5877 2209 5932 qua:
2261 5858 2310 5914 ei
2344 5856 2560 5913 dederat
2606 5870 2725 5909 cum
2778 5870 2880 5908 non
2933 5853 3458 5924 peccas~ct,rvliquit
3501 5852 3649 5905 etiam

3948 5687 4018 6254 l
