  <div class='ocr_page' id='page_1' title='image "/cluster/home/n/w/nwhite01/storage/ocr_20150623/55/mdp.39015028539511/394.png"; bbox 0 0 4018 6268; ppageno 0'>
   <div class='ocr_carea' id='block_1_1' title="bbox 307 219 398 273">
    <p class='ocr_par' dir='ltr' id='par_1_1' title="bbox 307 219 398 273">
     <span class='ocr_line' id='line_1_1' title="bbox 307 219 398 273; baseline -0.011 -2"><span class='ocrx_word' id='word_1_1' title='bbox 307 219 398 273; x_wconf 60' lang='lat' dir='ltr'><strong>till</strong></span> 
     </span>
    </p>
   </div>
   <div class='ocr_carea' id='block_1_2' title="bbox 306 328 1888 400">
    <p class='ocr_par' dir='ltr' id='par_1_2' title="bbox 306 328 1888 400">
     <span class='ocr_line' id='line_1_2' title="bbox 306 328 1888 400; baseline -0.001 -13"><span class='ocrx_word' id='word_1_2' title='bbox 306 333 527 387; x_wconf 79' lang='lat' dir='ltr'><strong>fruetnla</strong></span> <span class='ocrx_word' id='word_1_3' title='bbox 564 339 679 398; x_wconf 78' lang='lat' dir='ltr'><strong>post</strong></span> <span class='ocrx_word' id='word_1_4' title='bbox 714 339 1010 398; x_wconf 87' lang='lat' dir='ltr'><strong>peccatum,</strong></span> <span class='ocrx_word' id='word_1_5' title='bbox 1045 343 1140 382; x_wconf 86' lang='lat' dir='ltr'><strong>nec</strong></span> <span class='ocrx_word' id='word_1_6' title='bbox 1164 328 1435 398; x_wconf 70' lang='lat' dir='ltr'><strong>prohibuit</strong></span> <span class='ocrx_word' id='word_1_7' title='bbox 1461 332 1743 398; x_wconf 86' lang='lat' dir='ltr'><strong>quominus</strong></span> <span class='ocrx_word' id='word_1_8' title='bbox 1772 344 1888 400; x_wconf 88' lang='lat' dir='ltr'><strong>post</strong></span> 
     </span>
    </p>
   </div>
   <div class='ocr_carea' id='block_1_3' title="bbox 304 420 1892 494">
    <p class='ocr_par' dir='ltr' id='par_1_3' title="bbox 304 420 1892 494">
     <span class='ocr_line' id='line_1_3' title="bbox 304 420 1892 494; baseline -0.001 -13"><span class='ocrx_word' id='word_1_9' title='bbox 304 423 432 481; x_wconf 90' lang='lat' dir='ltr'><strong>illud</strong></span> <span class='ocrx_word' id='word_1_10' title='bbox 461 431 737 494; x_wconf 86' lang='lat' dir='ltr'><strong>peccatum</strong></span> <span class='ocrx_word' id='word_1_11' title='bbox 759 422 838 476; x_wconf 92' lang='lat' dir='ltr'><strong>cis</strong></span> <span class='ocrx_word' id='word_1_12' title='bbox 861 422 933 475; x_wconf 97' lang='lat' dir='ltr'><strong>uti</strong></span> <span class='ocrx_word' id='word_1_13' title='bbox 959 432 1011 476; x_wconf 90' lang='lat' dir='ltr'><strong>et</strong></span> <span class='ocrx_word' id='word_1_14' title='bbox 1033 420 1131 475; x_wconf 87' lang='lat' dir='ltr'><strong>lrui</strong></span> <span class='ocrx_word' id='word_1_15' title='bbox 1155 431 1352 490; x_wconf 90' lang='lat' dir='ltr'><strong>posset.</strong></span> <span class='ocrx_word' id='word_1_16' title='bbox 1370 421 1550 491; x_wconf 79' lang='lat' dir='ltr'><strong>Neque</strong></span> <span class='ocrx_word' id='word_1_17' title='bbox 1575 438 1702 478; x_wconf 79' lang='lat' dir='ltr'><strong>vero</strong></span> <span class='ocrx_word' id='word_1_18' title='bbox 1731 441 1892 479; x_wconf 88' lang='lat' dir='ltr'><strong>unum</strong></span> 
     </span>
    </p>
   </div>
   <div class='ocr_carea' id='block_1_4' title="bbox 304 514 1893 578">
    <p class='ocr_par' dir='ltr' id='par_1_4' title="bbox 304 514 1893 578">
     <span class='ocr_line' id='line_1_4' title="bbox 304 514 1893 578; baseline -0.001 -7"><span class='ocrx_word' id='word_1_19' title='bbox 304 517 488 571; x_wconf 88' lang='lat' dir='ltr'><strong>c:elutn</strong></span> <span class='ocrx_word' id='word_1_20' title='bbox 513 516 684 570; x_wconf 87' lang='lat' dir='ltr'><strong>solum</strong></span> <span class='ocrx_word' id='word_1_21' title='bbox 715 515 856 578; x_wconf 83' lang='lat' dir='ltr'><strong>fecit,</strong></span> <span class='ocrx_word' id='word_1_22' title='bbox 884 514 977 569; x_wconf 87' lang='lat' dir='ltr'><strong>sed</strong></span> <span class='ocrx_word' id='word_1_23' title='bbox 1000 517 1158 568; x_wconf 89' lang='lat' dir='ltr'><strong>etiam</strong></span> <span class='ocrx_word' id='word_1_24' title='bbox 1187 516 1412 569; x_wconf 89' lang='lat' dir='ltr'><strong>alterum</strong></span> <span class='ocrx_word' id='word_1_25' title='bbox 1437 533 1449 568; x_wconf 93' lang='lat'>:</span> <span class='ocrx_word' id='word_1_26' title='bbox 1479 515 1563 571; x_wconf 78' lang='lat' dir='ltr'><strong>vel</strong></span> <span class='ocrx_word' id='word_1_27' title='bbox 1586 516 1652 569; x_wconf 87' lang='lat' dir='ltr'><strong>ab</strong></span> <span class='ocrx_word' id='word_1_28' title='bbox 1675 518 1893 572; x_wconf 81' lang='lat' dir='ltr'><strong>exordio</strong></span> 
     </span>
    </p>
   </div>
   <div class='ocr_carea' id='block_1_5' title="bbox 300 607 1891 678">
    <p class='ocr_par' dir='ltr' id='par_1_5' title="bbox 300 607 1891 678">
     <span class='ocr_line' id='line_1_5' title="bbox 300 607 1891 678; baseline 0.005 -18"><span class='ocrx_word' id='word_1_29' title='bbox 300 608 600 664; x_wconf 88' lang='lat' dir='ltr'><strong>ostendens</strong></span> <span class='ocrx_word' id='word_1_30' title='bbox 623 623 722 661; x_wconf 89' lang='lat' dir='ltr'><strong>nos</strong></span> <span class='ocrx_word' id='word_1_31' title='bbox 749 607 817 660; x_wconf 91' lang='lat' dir='ltr'><strong>ab</strong></span> <span class='ocrx_word' id='word_1_32' title='bbox 845 623 911 662; x_wconf 91' lang='lat' dir='ltr'><strong>eo</strong></span> <span class='ocrx_word' id='word_1_33' title='bbox 943 625 1046 662; x_wconf 90' lang='lat' dir='ltr'><strong>non</strong></span> <span class='ocrx_word' id='word_1_34' title='bbox 1077 609 1458 678; x_wconf 82' lang='lat' dir='ltr'><strong>relinquendos</strong></span> <span class='ocrx_word' id='word_1_35' title='bbox 1499 612 1553 664; x_wconf 89' lang='lat' dir='ltr'><strong>in</strong></span> <span class='ocrx_word' id='word_1_36' title='bbox 1587 621 1726 665; x_wconf 83' lang='lat' dir='ltr'><strong>terra</strong></span> <span class='ocrx_word' id='word_1_37' title='bbox 1753 654 1768 676; x_wconf 93' lang='lat'><strong>,</strong></span> <span class='ocrx_word' id='word_1_38' title='bbox 1798 613 1891 668; x_wconf 83' lang='lat' dir='ltr'><strong>sed</strong></span> 
     </span>
    </p>
   </div>
   <div class='ocr_carea' id='block_1_6' title="bbox 301 701 1890 760">
    <p class='ocr_par' dir='ltr' id='par_1_6' title="bbox 301 701 1890 760">
     <span class='ocr_line' id='line_1_6' title="bbox 301 701 1890 760; baseline 0.004 -7"><span class='ocrx_word' id='word_1_39' title='bbox 301 701 416 754; x_wconf 89' lang='lat' dir='ltr'><strong>l&#39;ore</strong></span> <span class='ocrx_word' id='word_1_40' title='bbox 447 709 499 754; x_wconf 92' lang='lat' dir='ltr'><strong>ut</strong></span> <span class='ocrx_word' id='word_1_41' title='bbox 529 717 626 754; x_wconf 92' lang='lat' dir='ltr'><strong>nos</strong></span> <span class='ocrx_word' id='word_1_42' title='bbox 655 701 776 754; x_wconf 93' lang='lat' dir='ltr'><strong>hinc</strong></span> <span class='ocrx_word' id='word_1_43' title='bbox 804 701 1206 755; x_wconf 74' lang='lat' dir='ltr'><strong>transferantur.</strong></span> <span class='ocrx_word' id='word_1_44' title='bbox 1231 702 1286 756; x_wconf 90' lang='lat' dir='ltr'><strong>Si</strong></span> <span class='ocrx_word' id='word_1_45' title='bbox 1313 704 1455 757; x_wconf 89' lang='lat' dir='ltr'><strong>enim</strong></span> <span class='ocrx_word' id='word_1_46' title='bbox 1487 719 1592 757; x_wconf 91' lang='lat' dir='ltr'><strong>non</strong></span> <span class='ocrx_word' id='word_1_47' title='bbox 1622 712 1768 758; x_wconf 86' lang='lat' dir='ltr'><strong>esset</strong></span> <span class='ocrx_word' id='word_1_48' title='bbox 1794 721 1890 760; x_wconf 86' lang='lat' dir='ltr'><strong>nos</strong></span> 
     </span>
    </p>
   </div>
   <div class='ocr_carea' id='block_1_7' title="bbox 299 793 1892 866">
    <p class='ocr_par' dir='ltr' id='par_1_7' title="bbox 299 793 1892 866">
     <span class='ocr_line' id='line_1_7' title="bbox 299 793 1892 866; baseline 0.002 -17"><span class='ocrx_word' id='word_1_49' title='bbox 299 795 424 850; x_wconf 91' lang='lat' dir='ltr'><strong>illuc</strong></span> <span class='ocrx_word' id='word_1_50' title='bbox 448 793 825 858; x_wconf 86' lang='lat' dir='ltr'><strong>translaturus,</strong></span> <span class='ocrx_word' id='word_1_51' title='bbox 846 808 942 845; x_wconf 88' lang='lat' dir='ltr'><strong>cur</strong></span> <span class='ocrx_word' id='word_1_52' title='bbox 971 793 1282 863; x_wconf 89' lang='lat' dir='ltr'><strong>productum</strong></span> <span class='ocrx_word' id='word_1_53' title='bbox 1312 803 1457 849; x_wconf 80' lang='lat' dir='ltr'><strong>esset</strong></span> <span class='ocrx_word' id='word_1_54' title='bbox 1476 796 1689 849; x_wconf 68' lang='lat' dir='ltr'><strong>caelum?</strong></span> <span class='ocrx_word' id='word_1_55' title='bbox 1711 796 1892 866; x_wconf 81' lang='lat' dir='ltr'><strong>Neque</strong></span> 
     </span>
    </p>
   </div>
   <div class='ocr_carea' id='block_1_8' title="bbox 299 884 1889 944">
    <p class='ocr_par' dir='ltr' id='par_1_8' title="bbox 299 884 1889 944">
     <span class='ocr_line' id='line_1_8' title="bbox 299 884 1889 944; baseline 0.002 -3"><span class='ocrx_word' id='word_1_56' title='bbox 299 886 441 941; x_wconf 90' lang='lat' dir='ltr'><strong>enim</strong></span> <span class='ocrx_word' id='word_1_57' title='bbox 468 895 550 940; x_wconf 89' lang='lat' dir='ltr'><strong>est</strong></span> <span class='ocrx_word' id='word_1_58' title='bbox 582 884 683 939; x_wconf 86' lang='lat' dir='ltr'><strong>hoc</strong></span> <span class='ocrx_word' id='word_1_59' title='bbox 712 884 786 938; x_wconf 86' lang='lat' dir='ltr'><strong>illi</strong></span> <span class='ocrx_word' id='word_1_60' title='bbox 813 884 1136 939; x_wconf 78' lang='lat' dir='ltr'><strong>elementum</strong></span> <span class='ocrx_word' id='word_1_61' title='bbox 1167 887 1294 941; x_wconf 93' lang='lat' dir='ltr'><strong>utile</strong></span> <span class='ocrx_word' id='word_1_62' title='bbox 1320 904 1334 940; x_wconf 89' lang='lat'><strong>:</strong></span> <span class='ocrx_word' id='word_1_63' title='bbox 1367 887 1507 941; x_wconf 90' lang='lat' dir='ltr'><strong>nulla</strong></span> <span class='ocrx_word' id='word_1_64' title='bbox 1539 904 1598 941; x_wconf 91' lang='lat' dir='ltr'><strong>re</strong></span> <span class='ocrx_word' id='word_1_65' title='bbox 1628 889 1770 944; x_wconf 89' lang='lat' dir='ltr'><strong>enim</strong></span> <span class='ocrx_word' id='word_1_66' title='bbox 1805 891 1889 944; x_wconf 86' lang='lat' dir='ltr'><strong>iu-</strong></span> 
     </span>
    </p>
   </div>
   <div class='ocr_carea' id='block_1_9' title="bbox 297 972 1886 1046">
    <p class='ocr_par' dir='ltr' id='par_1_9' title="bbox 297 972 1886 1046">
     <span class='ocr_line' id='line_1_9' title="bbox 297 972 1886 1046; baseline 0.004 -16"><span class='ocrx_word' id='word_1_67' title='bbox 297 976 443 1046; x_wconf 85' lang='lat' dir='ltr'><strong>diget</strong></span> <span class='ocrx_word' id='word_1_68' title='bbox 475 993 490 1029; x_wconf 88' lang='lat'><strong>:</strong></span> <span class='ocrx_word' id='word_1_69' title='bbox 525 972 618 1027; x_wconf 88' lang='lat' dir='ltr'><strong>sed</strong></span> <span class='ocrx_word' id='word_1_70' title='bbox 651 989 771 1028; x_wconf 88' lang='lat' dir='ltr'><strong>cum</strong></span> <span class='ocrx_word' id='word_1_71' title='bbox 819 975 946 1028; x_wconf 87' lang='lat' dir='ltr'><strong>velit</strong></span> <span class='ocrx_word' id='word_1_72' title='bbox 981 990 1078 1030; x_wconf 90' lang='lat' dir='ltr'><strong>nos</strong></span> <span class='ocrx_word' id='word_1_73' title='bbox 1131 976 1257 1031; x_wconf 91' lang='lat' dir='ltr'><strong>illuc</strong></span> <span class='ocrx_word' id='word_1_74' title='bbox 1295 991 1325 1030; x_wconf 90' lang='lat' dir='ltr'><strong>a</strong></span> <span class='ocrx_word' id='word_1_75' title='bbox 1374 987 1514 1032; x_wconf 88' lang='lat' dir='ltr'><strong>terra</strong></span> <span class='ocrx_word' id='word_1_76' title='bbox 1568 979 1846 1036; x_wconf 91' lang='lat' dir='ltr'><strong>traducere</strong></span> <span class='ocrx_word' id='word_1_77' title='bbox 1871 1023 1886 1044; x_wconf 88' lang='lat'><strong><em>.</em></strong></span> 
     </span>
    </p>
   </div>
   <div class='ocr_carea' id='block_1_10' title="bbox 298 1065 972 1138">
    <p class='ocr_par' dir='ltr' id='par_1_10' title="bbox 298 1065 972 1138">
     <span class='ocr_line' id='line_1_10' title="bbox 298 1065 972 1138; baseline -0.001 -17"><span class='ocrx_word' id='word_1_78' title='bbox 298 1067 621 1138; x_wconf 74' lang='lat' dir='ltr'><strong>pra-paravit</strong></span> <span class='ocrx_word' id='word_1_79' title='bbox 648 1065 972 1121; x_wconf 80' lang='lat' dir='ltr'><strong>habitacula.</strong></span> 
     </span>
    </p>
   </div>
   <div class='ocr_carea' id='block_1_11' title="bbox 364 1207 1885 1282">
    <p class='ocr_par' dir='ltr' id='par_1_11' title="bbox 364 1207 1885 1282">
     <span class='ocr_line' id='line_1_11' title="bbox 364 1207 1885 1282; baseline 0.007 -21"><span class='ocrx_word' id='word_1_80' title='bbox 364 1207 418 1261; x_wconf 74' lang='grc'><strong>2.</strong></span> <span class='ocrx_word' id='word_1_81' title='bbox 460 1207 822 1276; x_wconf 74' lang='lat' dir='ltr'><strong>Quamobrem</strong></span> <span class='ocrx_word' id='word_1_82' title='bbox 869 1223 992 1262; x_wconf 89' lang='lat' dir='ltr'><strong>cum</strong></span> <span class='ocrx_word' id='word_1_83' title='bbox 1023 1208 1138 1264; x_wconf 77' lang='lat' dir='ltr'><strong>lucc</strong></span> <span class='ocrx_word' id='word_1_84' title='bbox 1168 1211 1331 1266; x_wconf 80' lang='lat' dir='ltr'><strong>sciret</strong></span> <span class='ocrx_word' id='word_1_85' title='bbox 1363 1213 1640 1282; x_wconf 80' lang='lat' dir='ltr'><strong>propheta,</strong></span> <span class='ocrx_word' id='word_1_86' title='bbox 1677 1215 1885 1271; x_wconf 86' lang='lat' dir='ltr'><strong>unicui-</strong></span> 
     </span>
    </p>
   </div>
   <div class='ocr_carea' id='block_1_12' title="bbox 293 1302 1883 1380">
    <p class='ocr_par' dir='ltr' id='par_1_12' title="bbox 293 1302 1883 1380">
     <span class='ocr_line' id='line_1_12' title="bbox 293 1302 1883 1380; baseline 0.007 -27"><span class='ocrx_word' id='word_1_87' title='bbox 293 1318 398 1370; x_wconf 90' lang='lat' dir='ltr'><strong>que</strong></span> <span class='ocrx_word' id='word_1_88' title='bbox 420 1302 597 1356; x_wconf 79' lang='lat' dir='ltr'><strong>versui</strong></span> <span class='ocrx_word' id='word_1_89' title='bbox 628 1303 902 1372; x_wconf 77' lang='lat' dir='ltr'><strong>sithjungit</strong></span> <span class='ocrx_word' id='word_1_90' title='bbox 942 1321 955 1356; x_wconf 93' lang='lat'>:</span> <span class='ocrx_word' id='word_1_91' title='bbox 990 1302 1055 1356; x_wconf 80' lang='lat' dir='ltr'><strong>In</strong></span> <span class='ocrx_word' id='word_1_92' title='bbox 1084 1307 1328 1360; x_wconf 66' lang='lat' dir='ltr'><strong>seculum</strong></span> <span class='ocrx_word' id='word_1_93' title='bbox 1359 1308 1705 1362; x_wconf 74' lang='lat' dir='ltr'><strong>misericordia</strong></span> <span class='ocrx_word' id='word_1_94' title='bbox 1753 1312 1883 1380; x_wconf 81' lang='lat' dir='ltr'><strong>ejus,</strong></span> 
     </span>
    </p>
   </div>
   <div class='ocr_carea' id='block_1_13' title="bbox 293 1394 1886 1466">
    <p class='ocr_par' dir='ltr' id='par_1_13' title="bbox 293 1394 1886 1466">
     <span class='ocr_line' id='line_1_13' title="bbox 293 1394 1886 1466; baseline 0.008 -21"><span class='ocrx_word' id='word_1_95' title='bbox 293 1394 565 1447; x_wconf 81' lang='lat' dir='ltr'><strong>admirans</strong></span> <span class='ocrx_word' id='word_1_96' title='bbox 598 1395 715 1463; x_wconf 85' lang='lat' dir='ltr'><strong>ejus</strong></span> <span class='ocrx_word' id='word_1_97' title='bbox 744 1395 1146 1464; x_wconf 75' lang='lat' dir='ltr'><strong>benignitatem.</strong></span> <span class='ocrx_word' id='word_1_98' title='bbox 1177 1395 1279 1464; x_wconf 83' lang='lat' dir='ltr'><strong>Qui</strong></span> <span class='ocrx_word' id='word_1_99' title='bbox 1325 1399 1547 1466; x_wconf 71' lang='lat' dir='ltr'><strong>firmauit</strong></span> <span class='ocrx_word' id='word_1_100' title='bbox 1575 1411 1758 1454; x_wconf 78' lang='lat' dir='ltr'><strong>terram</strong></span> <span class='ocrx_word' id='word_1_101' title='bbox 1799 1419 1886 1456; x_wconf 76' lang='lat' dir='ltr'><strong>su-</strong></span> 
     </span>
    </p>
   </div>
   <div class='ocr_carea' id='block_1_14' title="bbox 293 1485 1879 1562">
    <p class='ocr_par' dir='ltr' id='par_1_14' title="bbox 293 1485 1879 1562">
     <span class='ocr_line' id='line_1_14' title="bbox 293 1485 1879 1562; baseline 0.006 -24"><span class='ocrx_word' id='word_1_102' title='bbox 293 1501 387 1553; x_wconf 78' lang='lat' dir='ltr'><strong>per</strong></span> <span class='ocrx_word' id='word_1_103' title='bbox 433 1501 610 1556; x_wconf 85' lang='lat' dir='ltr'><strong>aquas.</strong></span> <span class='ocrx_word' id='word_1_104' title='bbox 649 1485 782 1539; x_wconf 83' lang='lat' dir='ltr'><strong>Vide</strong></span> <span class='ocrx_word' id='word_1_105' title='bbox 839 1485 926 1542; x_wconf 83' lang='lat' dir='ltr'><strong>hic</strong></span> <span class='ocrx_word' id='word_1_106' title='bbox 970 1502 1184 1558; x_wconf 73' lang='lat' dir='ltr'><strong>queque</strong></span> <span class='ocrx_word' id='word_1_107' title='bbox 1236 1507 1424 1545; x_wconf 78' lang='lat' dir='ltr'><strong>rursus</strong></span> <span class='ocrx_word' id='word_1_108' title='bbox 1474 1492 1879 1562; x_wconf 75' lang='lat' dir='ltr'><strong>benignitatem.</strong></span> 
     </span>
    </p>
   </div>
   <div class='ocr_carea' id='block_1_15' title="bbox 293 1575 1882 1648">
    <p class='ocr_par' dir='ltr' id='par_1_15' title="bbox 293 1575 1882 1648">
     <span class='ocr_line' id='line_1_15' title="bbox 293 1575 1882 1648; baseline 0.006 -16"><span class='ocrx_word' id='word_1_109' title='bbox 293 1575 588 1647; x_wconf 81' lang='lat' dir='ltr'><strong>Postquam</strong></span> <span class='ocrx_word' id='word_1_110' title='bbox 617 1579 759 1633; x_wconf 91' lang='lat' dir='ltr'><strong>enim</strong></span> <span class='ocrx_word' id='word_1_111' title='bbox 788 1577 913 1634; x_wconf 84' lang='lat' dir='ltr'><strong>facti</strong></span> <span class='ocrx_word' id='word_1_112' title='bbox 944 1595 1130 1636; x_wconf 88' lang='lat' dir='ltr'><strong>sumus</strong></span> <span class='ocrx_word' id='word_1_113' title='bbox 1172 1583 1452 1648; x_wconf 83' lang='lat' dir='ltr'><strong>mortales,</strong></span> <span class='ocrx_word' id='word_1_114' title='bbox 1483 1594 1537 1638; x_wconf 89' lang='lat' dir='ltr'><strong>et</strong></span> <span class='ocrx_word' id='word_1_115' title='bbox 1575 1601 1641 1641; x_wconf 87' lang='lat' dir='ltr'><strong>eo</strong></span> <span class='ocrx_word' id='word_1_116' title='bbox 1681 1588 1882 1642; x_wconf 86' lang='lat' dir='ltr'><strong>redacti</strong></span> 
     </span>
    </p>
   </div>
   <div class='ocr_carea' id='block_1_16' title="bbox 291 1670 1882 1746">
    <p class='ocr_par' dir='ltr' id='par_1_16' title="bbox 291 1670 1882 1746">
     <span class='ocr_line' id='line_1_16' title="bbox 291 1670 1882 1746; baseline 0.006 -24"><span class='ocrx_word' id='word_1_117' title='bbox 291 1685 501 1734; x_wconf 91' lang='lat' dir='ltr'><strong>smnus,</strong></span> <span class='ocrx_word' id='word_1_118' title='bbox 545 1680 601 1723; x_wconf 91' lang='lat' dir='ltr'><strong>ut</strong></span> <span class='ocrx_word' id='word_1_119' title='bbox 639 1670 822 1726; x_wconf 89' lang='lat' dir='ltr'><strong>multis</strong></span> <span class='ocrx_word' id='word_1_120' title='bbox 861 1686 1161 1741; x_wconf 79' lang='lat' dir='ltr'><strong>egeremus,</strong></span> <span class='ocrx_word' id='word_1_121' title='bbox 1191 1689 1259 1734; x_wconf 85' lang='lat' dir='ltr'><strong>ne</strong></span> <span class='ocrx_word' id='word_1_122' title='bbox 1289 1675 1367 1731; x_wconf 88' lang='lat' dir='ltr'><strong>sic</strong></span> <span class='ocrx_word' id='word_1_123' title='bbox 1390 1677 1603 1746; x_wconf 88' lang='lat' dir='ltr'><strong>quidem</strong></span> <span class='ocrx_word' id='word_1_124' title='bbox 1632 1692 1732 1735; x_wconf 89' lang='lat' dir='ltr'><strong>nos</strong></span> <span class='ocrx_word' id='word_1_125' title='bbox 1756 1681 1882 1736; x_wconf 74' lang='lat' dir='ltr'><strong>rcli.</strong></span> 
     </span>
    </p>
   </div>
   <div class='ocr_carea' id='block_1_17' title="bbox 288 1761 1884 1839">
    <p class='ocr_par' dir='ltr' id='par_1_17' title="bbox 288 1761 1884 1839">
     <span class='ocr_line' id='line_1_17' title="bbox 288 1761 1884 1839; baseline 0.006 -24"><span class='ocrx_word' id='word_1_126' title='bbox 288 1763 412 1830; x_wconf 88' lang='lat' dir='ltr'><strong>quit</strong></span> <span class='ocrx_word' id='word_1_127' title='bbox 443 1801 459 1826; x_wconf 92' lang='lat'><strong>,</strong></span> <span class='ocrx_word' id='word_1_128' title='bbox 491 1762 584 1816; x_wconf 88' lang='lat' dir='ltr'><strong>sed</strong></span> <span class='ocrx_word' id='word_1_129' title='bbox 612 1761 697 1816; x_wconf 91' lang='lat' dir='ltr'><strong>hic</strong></span> <span class='ocrx_word' id='word_1_130' title='bbox 724 1778 936 1833; x_wconf 89' lang='lat' dir='ltr'><strong>quoque</strong></span> <span class='ocrx_word' id='word_1_131' title='bbox 970 1765 1182 1820; x_wconf 86' lang='lat' dir='ltr'><strong>interim</strong></span> <span class='ocrx_word' id='word_1_132' title='bbox 1227 1766 1381 1821; x_wconf 88' lang='lat' dir='ltr'><strong>nobis</strong></span> <span class='ocrx_word' id='word_1_133' title='bbox 1411 1783 1703 1839; x_wconf 85' lang='lat' dir='ltr'><strong>congruum</strong></span> <span class='ocrx_word' id='word_1_134' title='bbox 1735 1770 1884 1826; x_wconf 81' lang='lat' dir='ltr'><strong>dedit</strong></span> 
     </span>
    </p>
   </div>
   <div class='ocr_carea' id='block_1_18' title="bbox 289 1854 1879 1931">
    <p class='ocr_par' dir='ltr' id='par_1_18' title="bbox 289 1854 1879 1931">
     <span class='ocr_line' id='line_1_18' title="bbox 289 1854 1879 1931; baseline 0.004 -23"><span class='ocrx_word' id='word_1_135' title='bbox 289 1854 681 1921; x_wconf 87' lang='lat' dir='ltr'><strong>habitaculum,</strong></span> <span class='ocrx_word' id='word_1_136' title='bbox 707 1864 762 1910; x_wconf 91' lang='lat' dir='ltr'><strong>et</strong></span> <span class='ocrx_word' id='word_1_137' title='bbox 788 1866 866 1910; x_wconf 90' lang='lat' dir='ltr'><strong>tot</strong></span> <span class='ocrx_word' id='word_1_138' title='bbox 898 1858 1164 1928; x_wconf 88' lang='lat' dir='ltr'><strong>tantisque</strong></span> <span class='ocrx_word' id='word_1_139' title='bbox 1191 1873 1302 1914; x_wconf 75' lang='lat' dir='ltr'><strong>sua:</strong></span> <span class='ocrx_word' id='word_1_140' title='bbox 1329 1860 1669 1931; x_wconf 79' lang='lat' dir='ltr'><strong>benignitatis</strong></span> <span class='ocrx_word' id='word_1_141' title='bbox 1689 1864 1879 1919; x_wconf 76' lang='lat' dir='ltr'><strong>claris-</strong></span> 
     </span>
    </p>
   </div>
   <div class='ocr_carea' id='block_1_19' title="bbox 288 1947 1879 2027">
    <p class='ocr_par' dir='ltr' id='par_1_19' title="bbox 288 1947 1879 2027">
     <span class='ocr_line' id='line_1_19' title="bbox 288 1947 1879 2027; baseline 0.007 -25"><span class='ocrx_word' id='word_1_142' title='bbox 288 1948 446 2002; x_wconf 84' lang='lat' dir='ltr'><strong>simis</strong></span> <span class='ocrx_word' id='word_1_143' title='bbox 493 1947 700 2004; x_wconf 90' lang='lat' dir='ltr'><strong>indieiis</strong></span> <span class='ocrx_word' id='word_1_144' title='bbox 732 1959 929 2004; x_wconf 85' lang='lat' dir='ltr'><strong>terram</strong></span> <span class='ocrx_word' id='word_1_145' title='bbox 957 1951 1281 2015; x_wconf 78' lang='lat' dir='ltr'><strong>refersit,ut</strong></span> <span class='ocrx_word' id='word_1_146' title='bbox 1330 1969 1399 2009; x_wconf 91' lang='lat' dir='ltr'><strong>ne</strong></span> <span class='ocrx_word' id='word_1_147' title='bbox 1439 1956 1620 2010; x_wconf 79' lang='lat' dir='ltr'><strong>verbis</strong></span> <span class='ocrx_word' id='word_1_148' title='bbox 1662 1959 1879 2027; x_wconf 79' lang='lat' dir='ltr'><strong>quidem</strong></span> 
     </span>
    </p>
   </div>
   <div class='ocr_carea' id='block_1_20' title="bbox 287 2041 1878 2116">
    <p class='ocr_par' dir='ltr' id='par_1_20' title="bbox 287 2041 1878 2116">
     <span class='ocr_line' id='line_1_20' title="bbox 287 2041 1878 2116; baseline 0.009 -24"><span class='ocrx_word' id='word_1_149' title='bbox 287 2054 354 2093; x_wconf 87' lang='lat' dir='ltr'><strong>ea</strong></span> <span class='ocrx_word' id='word_1_150' title='bbox 384 2041 592 2109; x_wconf 86' lang='lat' dir='ltr'><strong>possint</strong></span> <span class='ocrx_word' id='word_1_151' title='bbox 616 2043 891 2110; x_wconf 78' lang='lat' dir='ltr'><strong>explicari.</strong></span> <span class='ocrx_word' id='word_1_152' title='bbox 922 2043 1185 2112; x_wconf 80' lang='lat' dir='ltr'><strong>Propheta</strong></span> <span class='ocrx_word' id='word_1_153' title='bbox 1216 2059 1346 2116; x_wconf 85' lang='lat' dir='ltr'><strong>ergo</strong></span> <span class='ocrx_word' id='word_1_154' title='bbox 1373 2061 1494 2102; x_wconf 83' lang='lat' dir='ltr'><strong>cum</strong></span> <span class='ocrx_word' id='word_1_155' title='bbox 1525 2048 1801 2105; x_wconf 82' lang='lat' dir='ltr'><strong>incidisset</strong></span> <span class='ocrx_word' id='word_1_156' title='bbox 1826 2053 1878 2106; x_wconf 89' lang='lat' dir='ltr'><strong>in</strong></span> 
     </span>
    </p>
   </div>
   <div class='ocr_carea' id='block_1_21' title="bbox 286 2130 1879 2210">
    <p class='ocr_par' dir='ltr' id='par_1_21' title="bbox 286 2130 1879 2210">
     <span class='ocr_line' id='line_1_21' title="bbox 286 2130 1879 2210; baseline 0.009 -28"><span class='ocrx_word' id='word_1_157' title='bbox 286 2131 543 2201; x_wconf 79' lang='lat' dir='ltr'><strong>abyssum</strong></span> <span class='ocrx_word' id='word_1_158' title='bbox 573 2130 762 2186; x_wconf 87' lang='lat' dir='ltr'><strong>horum</strong></span> <span class='ocrx_word' id='word_1_159' title='bbox 812 2133 1218 2201; x_wconf 83' lang='lat' dir='ltr'><strong>beneﬁciorum,</strong></span> <span class='ocrx_word' id='word_1_160' title='bbox 1256 2147 1309 2191; x_wconf 86' lang='lat' dir='ltr'><strong>et</strong></span> <span class='ocrx_word' id='word_1_161' title='bbox 1348 2138 1570 2194; x_wconf 82' lang='lat' dir='ltr'><strong>vidisset</strong></span> <span class='ocrx_word' id='word_1_162' title='bbox 1611 2142 1879 2210; x_wconf 82' lang='lat' dir='ltr'><strong>quoddam</strong></span> 
     </span>
    </p>
   </div>
   <div class='ocr_carea' id='block_1_22' title="bbox 286 2224 1880 2296">
    <p class='ocr_par' dir='ltr' id='par_1_22' title="bbox 286 2224 1880 2296">
     <span class='ocr_line' id='line_1_22' title="bbox 286 2224 1880 2296; baseline 0.01 -23"><span class='ocrx_word' id='word_1_163' title='bbox 286 2232 499 2276; x_wconf 80' lang='lat' dir='ltr'><strong>vastum</strong></span> <span class='ocrx_word' id='word_1_164' title='bbox 526 2231 583 2277; x_wconf 91' lang='lat' dir='ltr'><strong>et</strong></span> <span class='ocrx_word' id='word_1_165' title='bbox 607 2224 930 2278; x_wconf 90' lang='lat' dir='ltr'><strong>immensum</strong></span> <span class='ocrx_word' id='word_1_166' title='bbox 966 2226 1184 2296; x_wconf 82' lang='lat' dir='ltr'><strong>pelagus</strong></span> <span class='ocrx_word' id='word_1_167' title='bbox 1207 2268 1222 2291; x_wconf 92' lang='lat'><strong>,</strong></span> <span class='ocrx_word' id='word_1_168' title='bbox 1246 2229 1446 2282; x_wconf 80' lang='lat' dir='ltr'><strong>essiliit</strong></span> <span class='ocrx_word' id='word_1_169' title='bbox 1469 2231 1573 2284; x_wconf 86' lang='lat' dir='ltr'><strong>alta</strong></span> <span class='ocrx_word' id='word_1_170' title='bbox 1612 2247 1743 2288; x_wconf 86' lang='lat' dir='ltr'><strong>voce</strong></span> <span class='ocrx_word' id='word_1_171' title='bbox 1772 2235 1880 2290; x_wconf 87' lang='lat' dir='ltr'><strong>ela-</strong></span> 
     </span>
    </p>
   </div>
   <div class='ocr_carea' id='block_1_23' title="bbox 288 2315 1873 2394">
    <p class='ocr_par' dir='ltr' id='par_1_23' title="bbox 288 2315 1873 2394">
     <span class='ocr_line' id='line_1_23' title="bbox 288 2315 1873 2394; baseline 0.009 -28"><span class='ocrx_word' id='word_1_172' title='bbox 288 2329 464 2379; x_wconf 85' lang='lat' dir='ltr'><strong>mans,</strong></span> <span class='ocrx_word' id='word_1_173' title='bbox 493 2325 548 2368; x_wconf 89' lang='lat' dir='ltr'><strong>et</strong></span> <span class='ocrx_word' id='word_1_174' title='bbox 577 2315 764 2370; x_wconf 88' lang='lat' dir='ltr'><strong>dicens</strong></span> <span class='ocrx_word' id='word_1_175' title='bbox 789 2333 804 2371; x_wconf 89' lang='lat'>:</span> <span class='ocrx_word' id='word_1_176' title='bbox 835 2317 1004 2382; x_wconf 82' lang='lat' dir='ltr'><strong>Quam</strong></span> <span class='ocrx_word' id='word_1_177' title='bbox 1035 2320 1362 2389; x_wconf 72' lang='lat' dir='ltr'><strong>magni/iuta</strong></span> <span class='ocrx_word' id='word_1_178' title='bbox 1410 2335 1528 2377; x_wconf 85' lang='lat' dir='ltr'><strong>sunt</strong></span> <span class='ocrx_word' id='word_1_179' title='bbox 1567 2341 1722 2394; x_wconf 82' lang='lat' dir='ltr'><strong>opera</strong></span> <span class='ocrx_word' id='word_1_180' title='bbox 1755 2337 1873 2393; x_wconf 87' lang='lat' dir='ltr'><strong>tua,</strong></span> 
     </span>
    </p>
   </div>
   <div class='ocr_carea' id='block_1_24' title="bbox 290 2405 1874 2488">
    <p class='ocr_par' dir='ltr' id='par_1_24' title="bbox 290 2405 1874 2488">
     <span class='ocr_line' id='line_1_24' title="bbox 290 2405 1874 2488; baseline 0.011 -32"><span class='ocrx_word' id='word_1_181' title='bbox 290 2405 510 2458; x_wconf 87' lang='lat' dir='ltr'><strong>Domine</strong></span> <span class='ocrx_word' id='word_1_182' title='bbox 534 2406 556 2459; x_wconf 89' lang='lat'><strong><em>!</em></strong></span> <span class='ocrx_word' id='word_1_183' title='bbox 579 2405 763 2460; x_wconf 86' lang='lat' dir='ltr'><strong>Omnia</strong></span> <span class='ocrx_word' id='word_1_184' title='bbox 815 2409 868 2462; x_wconf 88' lang='lat' dir='ltr'><strong>in</strong></span> <span class='ocrx_word' id='word_1_185' title='bbox 913 2411 1166 2479; x_wconf 74' lang='lat' dir='ltr'><strong>sapientia</strong></span> <span class='ocrx_word' id='word_1_186' title='bbox 1216 2413 1376 2482; x_wconf 76' lang='lat' dir='ltr'><strong>fecisti</strong></span> <span class='ocrx_word' id='word_1_187' title='bbox 1405 2413 1577 2486; x_wconf 87' lang='lat' dir='ltr'><strong>(Psal.</strong></span> <span class='ocrx_word' id='word_1_188' title='bbox 1611 2417 1735 2473; x_wconf 78' lang='grc'><strong>105.</strong></span> <span class='ocrx_word' id='word_1_189' title='bbox 1758 2418 1874 2488; x_wconf 70' lang='grc'><strong>24).</strong></span> 
     </span>
    </p>
   </div>
   <div class='ocr_carea' id='block_1_25' title="bbox 287 2497 1876 2577">
    <p class='ocr_par' dir='ltr' id='par_1_25' title="bbox 287 2497 1876 2577">
     <span class='ocr_line' id='line_1_25' title="bbox 287 2497 1876 2577; baseline 0.008 -27"><span class='ocrx_word' id='word_1_190' title='bbox 287 2497 457 2550; x_wconf 74' lang='lat' dir='ltr'><strong>l‘orro</strong></span> <span class='ocrx_word' id='word_1_191' title='bbox 479 2498 524 2551; x_wconf 90' lang='lat' dir='ltr'><strong>si</strong></span> <span class='ocrx_word' id='word_1_192' title='bbox 553 2499 672 2566; x_wconf 90' lang='lat' dir='ltr'><strong>quis</strong></span> <span class='ocrx_word' id='word_1_193' title='bbox 701 2499 891 2554; x_wconf 80' lang='lat' dir='ltr'><strong>viderit</strong></span> <span class='ocrx_word' id='word_1_194' title='bbox 915 2501 1081 2554; x_wconf 84' lang='lat' dir='ltr'><strong>solem</strong></span> <span class='ocrx_word' id='word_1_195' title='bbox 1131 2511 1185 2555; x_wconf 88' lang='lat' dir='ltr'><strong>et</strong></span> <span class='ocrx_word' id='word_1_196' title='bbox 1223 2503 1401 2558; x_wconf 88' lang='lat' dir='ltr'><strong>lunam</strong></span> <span class='ocrx_word' id='word_1_197' title='bbox 1428 2546 1443 2570; x_wconf 99' lang='lat'><strong>,</strong></span> <span class='ocrx_word' id='word_1_198' title='bbox 1471 2516 1526 2560; x_wconf 90' lang='lat' dir='ltr'><strong>et</strong></span> <span class='ocrx_word' id='word_1_199' title='bbox 1576 2515 1876 2577; x_wconf 89' lang='lat' dir='ltr'><strong>temporum</strong></span> 
     </span>
    </p>
   </div>
   <div class='ocr_carea' id='block_1_26' title="bbox 283 2589 1874 2670">
    <p class='ocr_par' dir='ltr' id='par_1_26' title="bbox 283 2589 1874 2670">
     <span class='ocr_line' id='line_1_26' title="bbox 283 2589 1874 2670; baseline 0.011 -32"><span class='ocrx_word' id='word_1_200' title='bbox 283 2589 558 2654; x_wconf 83' lang='lat' dir='ltr'><strong>ordinem,</strong></span> <span class='ocrx_word' id='word_1_201' title='bbox 584 2605 770 2644; x_wconf 90' lang='lat' dir='ltr'><strong>rursus</strong></span> <span class='ocrx_word' id='word_1_202' title='bbox 816 2592 1015 2648; x_wconf 75' lang='lat' dir='ltr'><strong>videbit</strong></span> <span class='ocrx_word' id='word_1_203' title='bbox 1053 2595 1358 2649; x_wconf 80' lang='lat' dir='ltr'><strong>universam</strong></span> <span class='ocrx_word' id='word_1_204' title='bbox 1410 2597 1528 2666; x_wconf 84' lang='lat' dir='ltr'><strong>ejus</strong></span> <span class='ocrx_word' id='word_1_205' title='bbox 1574 2599 1874 2670; x_wconf 83' lang='lat' dir='ltr'><strong>benignita-</strong></span> 
     </span>
    </p>
   </div>
   <div class='ocr_carea' id='block_1_27' title="bbox 287 2683 1876 2755">
    <p class='ocr_par' dir='ltr' id='par_1_27' title="bbox 287 2683 1876 2755">
     <span class='ocr_line' id='line_1_27' title="bbox 287 2683 1876 2755; baseline 0.007 -19"><span class='ocrx_word' id='word_1_206' title='bbox 287 2693 414 2737; x_wconf 88' lang='lat' dir='ltr'><strong>tem.</strong></span> <span class='ocrx_word' id='word_1_207' title='bbox 444 2683 629 2754; x_wconf 82' lang='lat' dir='ltr'><strong>Neque</strong></span> <span class='ocrx_word' id='word_1_208' title='bbox 655 2684 796 2739; x_wconf 90' lang='lat' dir='ltr'><strong>enim</strong></span> <span class='ocrx_word' id='word_1_209' title='bbox 825 2701 1008 2755; x_wconf 90' lang='lat' dir='ltr'><strong>parmn</strong></span> <span class='ocrx_word' id='word_1_210' title='bbox 1033 2688 1098 2741; x_wconf 87' lang='lat' dir='ltr'><strong>ad</strong></span> <span class='ocrx_word' id='word_1_211' title='bbox 1132 2690 1253 2742; x_wconf 70' lang='lat' dir='ltr'><strong>vitae</strong></span> <span class='ocrx_word' id='word_1_212' title='bbox 1298 2687 1468 2745; x_wconf 91' lang='lat' dir='ltr'><strong>decus</strong></span> <span class='ocrx_word' id='word_1_213' title='bbox 1495 2701 1550 2746; x_wconf 92' lang='lat' dir='ltr'><strong>et</strong></span> <span class='ocrx_word' id='word_1_214' title='bbox 1586 2709 1876 2749; x_wconf 89' lang='lat' dir='ltr'><strong>ornamen-</strong></span> 
     </span>
    </p>
   </div>
   <div class='ocr_carea' id='block_1_28' title="bbox 285 2777 1875 2848">
    <p class='ocr_par' dir='ltr' id='par_1_28' title="bbox 285 2777 1875 2848">
     <span class='ocr_line' id='line_1_28' title="bbox 285 2777 1875 2848; baseline 0.008 -20"><span class='ocrx_word' id='word_1_215' title='bbox 285 2786 421 2837; x_wconf 87' lang='lat' dir='ltr'><strong>tum,</strong></span> <span class='ocrx_word' id='word_1_216' title='bbox 445 2777 554 2831; x_wconf 88' lang='lat' dir='ltr'><strong>imo</strong></span> <span class='ocrx_word' id='word_1_217' title='bbox 579 2791 707 2830; x_wconf 88' lang='lat' dir='ltr'><strong>vero</strong></span> <span class='ocrx_word' id='word_1_218' title='bbox 732 2777 799 2831; x_wconf 86' lang='lat' dir='ltr'><strong>ad</strong></span> <span class='ocrx_word' id='word_1_219' title='bbox 846 2780 1013 2848; x_wconf 85' lang='lat' dir='ltr'><strong>ipsam</strong></span> <span class='ocrx_word' id='word_1_220' title='bbox 1061 2781 1226 2832; x_wconf 89' lang='lat' dir='ltr'><strong>vitam</strong></span> <span class='ocrx_word' id='word_1_221' title='bbox 1275 2780 1389 2836; x_wconf 72' lang='lat' dir='ltr'><strong>lure</strong></span> <span class='ocrx_word' id='word_1_222' title='bbox 1425 2781 1584 2836; x_wconf 87' lang='lat' dir='ltr'><strong>nobis</strong></span> <span class='ocrx_word' id='word_1_223' title='bbox 1610 2785 1875 2840; x_wconf 88' lang='lat' dir='ltr'><strong>elementa</strong></span> 
     </span>
    </p>
   </div>
   <div class='ocr_carea' id='block_1_29' title="bbox 285 2869 1876 2943">
    <p class='ocr_par' dir='ltr' id='par_1_29' title="bbox 285 2869 1876 2943">
     <span class='ocr_line' id='line_1_29' title="bbox 285 2869 1876 2943; baseline 0.007 -19"><span class='ocrx_word' id='word_1_224' title='bbox 285 2869 592 2936; x_wconf 75' lang='lat' dir='ltr'><strong>conferunt,</strong></span> <span class='ocrx_word' id='word_1_225' title='bbox 617 2881 673 2924; x_wconf 91' lang='lat' dir='ltr'><strong>ut</strong></span> <span class='ocrx_word' id='word_1_226' title='bbox 700 2885 820 2940; x_wconf 67' lang='lat' dir='ltr'><strong>quae</strong></span> <span class='ocrx_word' id='word_1_227' title='bbox 849 2873 1090 2926; x_wconf 83' lang='lat' dir='ltr'><strong>nutriant</strong></span> <span class='ocrx_word' id='word_1_228' title='bbox 1115 2871 1424 2943; x_wconf 77' lang='lat' dir='ltr'><strong>fructusque</strong></span> <span class='ocrx_word' id='word_1_229' title='bbox 1447 2884 1736 2940; x_wconf 87' lang='lat' dir='ltr'><strong>maturent,</strong></span> <span class='ocrx_word' id='word_1_230' title='bbox 1759 2877 1876 2934; x_wconf 83' lang='lat' dir='ltr'><strong>sine</strong></span> 
     </span>
    </p>
   </div>
   <div class='ocr_carea' id='block_1_30' title="bbox 291 2964 1870 3037">
    <p class='ocr_par' dir='ltr' id='par_1_30' title="bbox 291 2964 1870 3037">
     <span class='ocr_line' id='line_1_30' title="bbox 291 2964 1870 3037; baseline 0.006 -21"><span class='ocrx_word' id='word_1_231' title='bbox 291 2964 491 3031; x_wconf 87' lang='lat' dir='ltr'><strong>quibus</strong></span> <span class='ocrx_word' id='word_1_232' title='bbox 531 2964 627 3017; x_wconf 86' lang='lat' dir='ltr'><strong>vivi</strong></span> <span class='ocrx_word' id='word_1_233' title='bbox 681 2979 789 3018; x_wconf 92' lang='lat' dir='ltr'><strong>non</strong></span> <span class='ocrx_word' id='word_1_234' title='bbox 842 2974 1040 3033; x_wconf 88' lang='lat' dir='ltr'><strong>potest,</strong></span> <span class='ocrx_word' id='word_1_235' title='bbox 1077 2974 1317 3036; x_wconf 90' lang='lat' dir='ltr'><strong>tempora</strong></span> <span class='ocrx_word' id='word_1_236' title='bbox 1367 2967 1524 3022; x_wconf 90' lang='lat' dir='ltr'><strong>nobis</strong></span> <span class='ocrx_word' id='word_1_237' title='bbox 1567 2971 1870 3037; x_wconf 88' lang='lat' dir='ltr'><strong>ostendant,</strong></span> 
     </span>
    </p>
   </div>
   <div class='ocr_carea' id='block_1_31' title="bbox 286 3053 1870 3131">
    <p class='ocr_par' dir='ltr' id='par_1_31' title="bbox 286 3053 1870 3131">
     <span class='ocr_line' id='line_1_31' title="bbox 286 3053 1870 3131; baseline 0.006 -26"><span class='ocrx_word' id='word_1_238' title='bbox 286 3053 454 3106; x_wconf 84' lang='lat' dir='ltr'><strong>horas</strong></span> <span class='ocrx_word' id='word_1_239' title='bbox 495 3056 811 3124; x_wconf 83' lang='lat' dir='ltr'><strong>exprimant,</strong></span> <span class='ocrx_word' id='word_1_240' title='bbox 843 3054 948 3110; x_wconf 91' lang='lat' dir='ltr'><strong>diei</strong></span> <span class='ocrx_word' id='word_1_241' title='bbox 979 3067 1034 3110; x_wconf 90' lang='lat' dir='ltr'><strong>et</strong></span> <span class='ocrx_word' id='word_1_242' title='bbox 1076 3058 1248 3112; x_wconf 90' lang='lat' dir='ltr'><strong>noctis</strong></span> <span class='ocrx_word' id='word_1_243' title='bbox 1292 3071 1483 3113; x_wconf 90' lang='lat' dir='ltr'><strong>cursus</strong></span> <span class='ocrx_word' id='word_1_244' title='bbox 1521 3058 1870 3131; x_wconf 84' lang='lat' dir='ltr'><strong>distinguant,</strong></span> 
     </span>
    </p>
   </div>
   <div class='ocr_carea' id='block_1_32' title="bbox 282 3148 1873 3215">
    <p class='ocr_par' dir='ltr' id='par_1_32' title="bbox 282 3148 1873 3215">
     <span class='ocr_line' id='line_1_32' title="bbox 282 3148 1873 3215; baseline 0.005 -15"><span class='ocrx_word' id='word_1_245' title='bbox 282 3161 384 3215; x_wconf 89' lang='lat' dir='ltr'><strong>per</strong></span> <span class='ocrx_word' id='word_1_246' title='bbox 409 3155 605 3201; x_wconf 89' lang='lat' dir='ltr'><strong>terram</strong></span> <span class='ocrx_word' id='word_1_247' title='bbox 633 3155 690 3201; x_wconf 90' lang='lat' dir='ltr'><strong>et</strong></span> <span class='ocrx_word' id='word_1_248' title='bbox 709 3161 857 3202; x_wconf 89' lang='lat' dir='ltr'><strong>mare</strong></span> <span class='ocrx_word' id='word_1_249' title='bbox 878 3148 1112 3203; x_wconf 84' lang='lat' dir='ltr'><strong>viatores</strong></span> <span class='ocrx_word' id='word_1_250' title='bbox 1134 3148 1435 3214; x_wconf 90' lang='lat' dir='ltr'><strong>deducant,</strong></span> <span class='ocrx_word' id='word_1_251' title='bbox 1457 3149 1873 3208; x_wconf 90' lang='lat' dir='ltr'><strong>innumerabiles</strong></span> 
     </span>
    </p>
   </div>
   <div class='ocr_carea' id='block_1_33' title="bbox 280 3238 1870 3310">
    <p class='ocr_par' dir='ltr' id='par_1_33' title="bbox 280 3238 1870 3310">
     <span class='ocr_line' id='line_1_33' title="bbox 280 3238 1870 3310; baseline 0.004 -18"><span class='ocrx_word' id='word_1_252' title='bbox 280 3239 422 3293; x_wconf 89' lang='lat' dir='ltr'><strong>alios</strong></span> <span class='ocrx_word' id='word_1_253' title='bbox 450 3253 580 3292; x_wconf 89' lang='lat' dir='ltr'><strong>usus</strong></span> <span class='ocrx_word' id='word_1_254' title='bbox 613 3238 1108 3308; x_wconf 79' lang='lat' dir='ltr'><strong>praebeanLVidisti</strong></span> <span class='ocrx_word' id='word_1_255' title='bbox 1137 3242 1410 3310; x_wconf 84' lang='lat' dir='ltr'><strong>quomodo</strong></span> <span class='ocrx_word' id='word_1_256' title='bbox 1434 3242 1505 3297; x_wconf 89' lang='lat' dir='ltr'><strong>sit</strong></span> <span class='ocrx_word' id='word_1_257' title='bbox 1529 3244 1582 3298; x_wconf 88' lang='lat' dir='ltr'><strong>in</strong></span> <span class='ocrx_word' id='word_1_258' title='bbox 1612 3253 1870 3300; x_wconf 74' lang='lat' dir='ltr'><strong>teternum</strong></span> 
     </span>
    </p>
   </div>
   <div class='ocr_carea' id='block_1_34' title="bbox 281 3331 1873 3408">
    <p class='ocr_par' dir='ltr' id='par_1_34' title="bbox 281 3331 1873 3408">
     <span class='ocr_line' id='line_1_34' title="bbox 281 3331 1873 3408; baseline 0.004 -22"><span class='ocrx_word' id='word_1_259' title='bbox 281 3331 660 3387; x_wconf 90' lang='lat' dir='ltr'><strong>misericordia</strong></span> <span class='ocrx_word' id='word_1_260' title='bbox 687 3332 826 3403; x_wconf 88' lang='lat' dir='ltr'><strong>ejus,</strong></span> <span class='ocrx_word' id='word_1_261' title='bbox 849 3334 1121 3404; x_wconf 89' lang='lat' dir='ltr'><strong>quomodo</strong></span> <span class='ocrx_word' id='word_1_262' title='bbox 1143 3335 1194 3388; x_wconf 93' lang='lat' dir='ltr'><strong>in</strong></span> <span class='ocrx_word' id='word_1_263' title='bbox 1224 3349 1545 3405; x_wconf 87' lang='lat' dir='ltr'><strong>unoquoque</strong></span> <span class='ocrx_word' id='word_1_264' title='bbox 1569 3351 1729 3392; x_wconf 85' lang='lat' dir='ltr'><strong>versu</strong></span> <span class='ocrx_word' id='word_1_265' title='bbox 1750 3338 1873 3408; x_wconf 88' lang='lat' dir='ltr'><strong>jure</strong></span> 
     </span>
    </p>
   </div>
   <div class='ocr_carea' id='block_1_35' title="bbox 277 3423 1867 3497">
    <p class='ocr_par' dir='ltr' id='par_1_35' title="bbox 277 3423 1867 3497">
     <span class='ocr_line' id='line_1_35' title="bbox 277 3423 1867 3497; baseline 0.002 -19"><span class='ocrx_word' id='word_1_266' title='bbox 277 3426 386 3480; x_wconf 89' lang='lat' dir='ltr'><strong>hoc</strong></span> <span class='ocrx_word' id='word_1_267' title='bbox 404 3423 691 3494; x_wconf 83' lang='lat' dir='ltr'><strong>subjungat</strong></span> <span class='ocrx_word' id='word_1_268' title='bbox 719 3425 976 3494; x_wconf 87' lang='lat' dir='ltr'><strong>propheta</strong></span> <span class='ocrx_word' id='word_1_269' title='bbox 995 3423 1019 3477; x_wconf 78' lang='grc' dir='ltr'><strong><em>τ</em></strong></span> <span class='ocrx_word' id='word_1_270' title='bbox 1037 3424 1184 3478; x_wconf 87' lang='lat' dir='ltr'><strong>Alius</strong></span> <span class='ocrx_word' id='word_1_271' title='bbox 1212 3434 1390 3479; x_wconf 89' lang='lat' dir='ltr'><strong>autem</strong></span> <span class='ocrx_word' id='word_1_272' title='bbox 1421 3426 1682 3497; x_wconf 82' lang='lat' dir='ltr'><strong>interpres</strong></span> <span class='ocrx_word' id='word_1_273' title='bbox 1706 3427 1831 3481; x_wconf 90' lang='lat' dir='ltr'><strong>illud</strong></span> <span class='ocrx_word' id='word_1_274' title='bbox 1853 3468 1867 3492; x_wconf 94' lang='lat'><strong>,</strong></span> 
     </span>
    </p>
   </div>
   <div class='ocr_carea' id='block_1_36' title="bbox 279 3515 1867 3592">
    <p class='ocr_par' dir='ltr' id='par_1_36' title="bbox 279 3515 1867 3592">
     <span class='ocr_line' id='line_1_36' title="bbox 279 3515 1867 3592; baseline 0.003 -22"><span class='ocrx_word' id='word_1_275' title='bbox 279 3517 354 3570; x_wconf 81' lang='lat' dir='ltr'><strong>In</strong></span> <span class='ocrx_word' id='word_1_276' title='bbox 385 3526 681 3586; x_wconf 86' lang='lat' dir='ltr'><strong>potestatem</strong></span> <span class='ocrx_word' id='word_1_277' title='bbox 705 3516 827 3582; x_wconf 87' lang='lat' dir='ltr'><strong>diei,</strong></span> <span class='ocrx_word' id='word_1_278' title='bbox 855 3517 1007 3583; x_wconf 82' lang='lat' dir='ltr'><strong>dixit,</strong></span> <span class='ocrx_word' id='word_1_279' title='bbox 1035 3515 1104 3572; x_wconf 87' lang='lat' dir='ltr'><strong>Ut</strong></span> <span class='ocrx_word' id='word_1_280' title='bbox 1133 3517 1416 3573; x_wconf 81' lang='lat' dir='ltr'><strong>dominetur</strong></span> <span class='ocrx_word' id='word_1_281' title='bbox 1434 3519 1535 3573; x_wconf 81' lang='lat' dir='ltr'><strong>diei</strong></span> <span class='ocrx_word' id='word_1_282' title='bbox 1564 3519 1665 3592; x_wconf 85' lang='lat' dir='ltr'><strong>(a).</strong></span> <span class='ocrx_word' id='word_1_283' title='bbox 1696 3521 1867 3586; x_wconf 84' lang='lat' dir='ltr'><strong>Alius,</strong></span> 
     </span>
    </p>
   </div>
   <div class='ocr_carea' id='block_1_37' title="bbox 273 3608 1868 3678">
    <p class='ocr_par' dir='ltr' id='par_1_37' title="bbox 273 3608 1868 3678">
     <span class='ocr_line' id='line_1_37' title="bbox 273 3608 1868 3678; baseline 0.003 -15"><span class='ocrx_word' id='word_1_284' title='bbox 273 3610 349 3664; x_wconf 81' lang='lat' dir='ltr'><strong>In</strong></span> <span class='ocrx_word' id='word_1_285' title='bbox 377 3619 672 3678; x_wconf 82' lang='lat' dir='ltr'><strong>potestatem</strong></span> <span class='ocrx_word' id='word_1_286' title='bbox 698 3610 880 3675; x_wconf 87' lang='lat' dir='ltr'><strong>noctis,</strong></span> <span class='ocrx_word' id='word_1_287' title='bbox 909 3609 1062 3676; x_wconf 75' lang='lat' dir='ltr'><strong>dixit,</strong></span> <span class='ocrx_word' id='word_1_288' title='bbox 1092 3608 1156 3662; x_wconf 85' lang='lat' dir='ltr'><strong>In</strong></span> <span class='ocrx_word' id='word_1_289' title='bbox 1187 3621 1486 3678; x_wconf 70' lang='lat' dir='ltr'><strong>potestatem</strong></span> <span class='ocrx_word' id='word_1_290' title='bbox 1510 3611 1562 3666; x_wconf 84' lang='lat' dir='ltr'><strong>in</strong></span> <span class='ocrx_word' id='word_1_291' title='bbox 1594 3623 1755 3666; x_wconf 75' lang='lat' dir='ltr'><strong>nocte.</strong></span> <span class='ocrx_word' id='word_1_292' title='bbox 1781 3613 1868 3667; x_wconf 83' lang='lat' dir='ltr'><strong>l0.</strong></span> 
     </span>
    </p>
   </div>
   <div class='ocr_carea' id='block_1_38' title="bbox 277 3699 1866 3774">
    <p class='ocr_par' dir='ltr' id='par_1_38' title="bbox 277 3699 1866 3774">
     <span class='ocr_line' id='line_1_38' title="bbox 277 3699 1866 3774; baseline 0.003 -22"><span class='ocrx_word' id='word_1_293' title='bbox 277 3704 384 3765; x_wconf 78' lang='lat' dir='ltr'><strong>Qui</strong></span> <span class='ocrx_word' id='word_1_294' title='bbox 405 3701 650 3772; x_wconf 78' lang='lat' dir='ltr'><strong>percussit</strong></span> <span class='ocrx_word' id='word_1_295' title='bbox 680 3699 966 3771; x_wconf 48' lang='lat' dir='ltr'><strong>{Egyptian</strong></span> <span class='ocrx_word' id='word_1_296' title='bbox 1006 3717 1121 3754; x_wconf 84' lang='lat' dir='ltr'><strong>cum</strong></span> <span class='ocrx_word' id='word_1_297' title='bbox 1169 3703 1514 3774; x_wconf 75' lang='lat' dir='ltr'><strong>primogenitis</strong></span> <span class='ocrx_word' id='word_1_298' title='bbox 1551 3718 1754 3767; x_wconf 65' lang='lat' dir='ltr'><strong>eorum,</strong></span> <span class='ocrx_word' id='word_1_299' title='bbox 1780 3703 1866 3758; x_wconf 80' lang='lat' dir='ltr'><strong>ll.</strong></span> 
     </span>
    </p>
   </div>
   <div class='ocr_carea' id='block_1_39' title="bbox 276 3793 1870 3866">
    <p class='ocr_par' dir='ltr' id='par_1_39' title="bbox 276 3793 1870 3866">
     <span class='ocr_line' id='line_1_39' title="bbox 276 3793 1870 3866; baseline 0.001 -18"><span class='ocrx_word' id='word_1_300' title='bbox 276 3799 384 3862; x_wconf 79' lang='lat' dir='ltr'><strong>Qui</strong></span> <span class='ocrx_word' id='word_1_301' title='bbox 417 3797 590 3850; x_wconf 73' lang='lat' dir='ltr'><strong>eduxit</strong></span> <span class='ocrx_word' id='word_1_302' title='bbox 618 3793 784 3849; x_wconf 87' lang='lat' dir='ltr'><strong>Israel</strong></span> <span class='ocrx_word' id='word_1_303' title='bbox 820 3799 886 3849; x_wconf 86' lang='lat' dir='ltr'><strong>de</strong></span> <span class='ocrx_word' id='word_1_304' title='bbox 925 3795 1091 3848; x_wconf 84' lang='lat' dir='ltr'><strong>medio</strong></span> <span class='ocrx_word' id='word_1_305' title='bbox 1133 3812 1308 3848; x_wconf 83' lang='lat' dir='ltr'><strong>eorum</strong></span> <span class='ocrx_word' id='word_1_306' title='bbox 1354 3795 1442 3851; x_wconf 77' lang='grc'><strong>12.</strong></span> <span class='ocrx_word' id='word_1_307' title='bbox 1477 3795 1544 3850; x_wconf 75' lang='lat' dir='ltr'><strong>In</strong></span> <span class='ocrx_word' id='word_1_308' title='bbox 1578 3813 1733 3852; x_wconf 84' lang='lat' dir='ltr'><strong>manu</strong></span> <span class='ocrx_word' id='word_1_309' title='bbox 1773 3812 1870 3866; x_wconf 88' lang='lat' dir='ltr'><strong>po-</strong></span> 
     </span>
    </p>
   </div>
   <div class='ocr_carea' id='block_1_40' title="bbox 273 3885 1868 3942">
    <p class='ocr_par' dir='ltr' id='par_1_40' title="bbox 273 3885 1868 3942">
     <span class='ocr_line' id='line_1_40' title="bbox 273 3885 1868 3942; baseline 0 -2"><span class='ocrx_word' id='word_1_310' title='bbox 273 3889 404 3941; x_wconf 73' lang='lat' dir='ltr'><strong>tenti</strong></span> <span class='ocrx_word' id='word_1_311' title='bbox 441 3897 484 3940; x_wconf 89' lang='lat' dir='ltr'><strong>et</strong></span> <span class='ocrx_word' id='word_1_312' title='bbox 521 3889 572 3939; x_wconf 88' lang='lat' dir='ltr'><strong>in</strong></span> <span class='ocrx_word' id='word_1_313' title='bbox 599 3885 804 3939; x_wconf 65' lang='lat' dir='ltr'><strong>brachio</strong></span> <span class='ocrx_word' id='word_1_314' title='bbox 836 3886 1053 3940; x_wconf 70' lang='lat' dir='ltr'><strong>excelso.</strong></span> <span class='ocrx_word' id='word_1_315' title='bbox 1092 3885 1318 3940; x_wconf 79' lang='lat' dir='ltr'><strong>Assidue</strong></span> <span class='ocrx_word' id='word_1_316' title='bbox 1341 3896 1519 3942; x_wconf 83' lang='lat' dir='ltr'><strong>versat</strong></span> <span class='ocrx_word' id='word_1_317' title='bbox 1557 3888 1868 3941; x_wconf 89' lang='lat' dir='ltr'><strong>miraculmn</strong></span> 
     </span>
    </p>
   </div>
   <div class='ocr_carea' id='block_1_41' title="bbox 272 3961 1870 4050">
    <p class='ocr_par' dir='ltr' id='par_1_41' title="bbox 272 3961 1870 4050">
     <span class='ocr_line' id='line_1_41' title="bbox 272 3961 1870 4050; baseline 0.003 -16"><span class='ocrx_word' id='word_1_318' title='bbox 272 3981 424 4050; x_wconf 89' lang='lat' dir='ltr'><strong>quod</strong></span> <span class='ocrx_word' id='word_1_319' title='bbox 456 3981 510 4033; x_wconf 90' lang='lat' dir='ltr'><strong>in</strong></span> <span class='ocrx_word' id='word_1_320' title='bbox 532 3979 764 4049; x_wconf 69' lang='lat' dir='ltr'><strong>AEgypto</strong></span> <span class='ocrx_word' id='word_1_321' title='bbox 785 3961 982 4033; x_wconf 82' lang='lat' dir='ltr'><strong>factum</strong></span> <span class='ocrx_word' id='word_1_322' title='bbox 1007 3987 1108 4043; x_wconf 87' lang='lat' dir='ltr'><strong>est,</strong></span> <span class='ocrx_word' id='word_1_323' title='bbox 1134 3987 1352 4049; x_wconf 87' lang='lat' dir='ltr'><strong>propter</strong></span> <span class='ocrx_word' id='word_1_324' title='bbox 1382 3981 1644 4050; x_wconf 83' lang='lat' dir='ltr'><strong>ingratum</strong></span> <span class='ocrx_word' id='word_1_325' title='bbox 1685 4001 1870 4039; x_wconf 88' lang='lat' dir='ltr'><strong>cortun</strong></span> 
     </span>
    </p>
   </div>
   <div class='ocr_carea' id='block_1_42' title="bbox 273 4071 1866 4141">
    <p class='ocr_par' dir='ltr' id='par_1_42' title="bbox 273 4071 1866 4141">
     <span class='ocr_line' id='line_1_42' title="bbox 273 4071 1866 4141; baseline 0.003 -15"><span class='ocrx_word' id='word_1_326' title='bbox 273 4073 540 4138; x_wconf 86' lang='lat' dir='ltr'><strong>animum,</strong></span> <span class='ocrx_word' id='word_1_327' title='bbox 574 4081 626 4126; x_wconf 89' lang='lat' dir='ltr'><strong>et</strong></span> <span class='ocrx_word' id='word_1_328' title='bbox 651 4071 792 4141; x_wconf 90' lang='lat' dir='ltr'><strong>quod</strong></span> <span class='ocrx_word' id='word_1_329' title='bbox 815 4087 934 4125; x_wconf 90' lang='lat' dir='ltr'><strong>cum</strong></span> <span class='ocrx_word' id='word_1_330' title='bbox 965 4087 1027 4126; x_wconf 85' lang='lat' dir='ltr'><strong>ea</strong></span> <span class='ocrx_word' id='word_1_331' title='bbox 1060 4085 1272 4139; x_wconf 88' lang='lat' dir='ltr'><strong>semper</strong></span> <span class='ocrx_word' id='word_1_332' title='bbox 1292 4072 1656 4140; x_wconf 65' lang='lat' dir='ltr'><strong>audivissent,</strong></span> <span class='ocrx_word' id='word_1_333' title='bbox 1683 4090 1866 4131; x_wconf 90' lang='lat' dir='ltr'><strong>eormn</strong></span> 
     </span>
    </p>
   </div>
   <div class='ocr_carea' id='block_1_43' title="bbox 273 4161 1869 4234">
    <p class='ocr_par' dir='ltr' id='par_1_43' title="bbox 273 4161 1869 4234">
     <span class='ocr_line' id='line_1_43' title="bbox 273 4161 1869 4234; baseline 0.004 -19"><span class='ocrx_word' id='word_1_334' title='bbox 273 4163 750 4217; x_wconf 83' lang='lat' dir='ltr'><strong>obliviscerentur.</strong></span> <span class='ocrx_word' id='word_1_335' title='bbox 778 4161 893 4216; x_wconf 82' lang='lat' dir='ltr'><strong>Non</strong></span> <span class='ocrx_word' id='word_1_336' title='bbox 923 4169 1005 4216; x_wconf 90' lang='lat' dir='ltr'><strong>est</strong></span> <span class='ocrx_word' id='word_1_337' title='bbox 1043 4172 1218 4216; x_wconf 87' lang='lat' dir='ltr'><strong>autem</strong></span> <span class='ocrx_word' id='word_1_338' title='bbox 1266 4162 1381 4216; x_wconf 71' lang='lat' dir='ltr'><strong>haec</strong></span> <span class='ocrx_word' id='word_1_339' title='bbox 1401 4179 1614 4234; x_wconf 88' lang='lat' dir='ltr'><strong>quoque</strong></span> <span class='ocrx_word' id='word_1_340' title='bbox 1658 4169 1869 4220; x_wconf 82' lang='lat' dir='ltr'><strong>miseri-</strong></span> 
     </span>
    </p>
   </div>
   <div class='ocr_carea' id='block_1_44' title="bbox 261 4251 1872 4324">
    <p class='ocr_par' dir='ltr' id='par_1_44' title="bbox 261 4251 1872 4324">
     <span class='ocr_line' id='line_1_44' title="bbox 261 4251 1872 4324; baseline 0.002 -15"><span class='ocrx_word' id='word_1_341' title='bbox 261 4254 462 4309; x_wconf 34' lang='lat' dir='ltr'><strong>xeordia</strong></span> <span class='ocrx_word' id='word_1_342' title='bbox 513 4269 731 4324; x_wconf 87' lang='lat' dir='ltr'><strong>parvum</strong></span> <span class='ocrx_word' id='word_1_343' title='bbox 784 4254 1036 4322; x_wconf 87' lang='lat' dir='ltr'><strong>signum:</strong></span> <span class='ocrx_word' id='word_1_344' title='bbox 1069 4251 1169 4306; x_wconf 89' lang='lat' dir='ltr'><strong>hoc</strong></span> <span class='ocrx_word' id='word_1_345' title='bbox 1201 4255 1342 4308; x_wconf 88' lang='lat' dir='ltr'><strong>enim</strong></span> <span class='ocrx_word' id='word_1_346' title='bbox 1387 4255 1629 4310; x_wconf 84' lang='lat' dir='ltr'><strong>liberavit</strong></span> <span class='ocrx_word' id='word_1_347' title='bbox 1675 4256 1795 4311; x_wconf 82' lang='lat' dir='ltr'><strong>illos</strong></span> <span class='ocrx_word' id='word_1_348' title='bbox 1836 4273 1872 4312; x_wconf 84' lang='lat' dir='ltr'><strong>a</strong></span> 
     </span>
    </p>
   </div>
   <div class='ocr_carea' id='block_1_45' title="bbox 274 4341 1864 4417">
    <p class='ocr_par' dir='ltr' id='par_1_45' title="bbox 274 4341 1864 4417">
     <span class='ocr_line' id='line_1_45' title="bbox 274 4341 1864 4417; baseline 0.001 -17"><span class='ocrx_word' id='word_1_349' title='bbox 274 4345 570 4410; x_wconf 78' lang='lat' dir='ltr'><strong>servitute,</strong></span> <span class='ocrx_word' id='word_1_350' title='bbox 613 4353 666 4398; x_wconf 89' lang='lat' dir='ltr'><strong>et</strong></span> <span class='ocrx_word' id='word_1_351' title='bbox 702 4343 931 4413; x_wconf 89' lang='lat' dir='ltr'><strong>posteris</strong></span> <span class='ocrx_word' id='word_1_352' title='bbox 977 4341 1073 4396; x_wconf 81' lang='lat' dir='ltr'><strong>fuit</strong></span> <span class='ocrx_word' id='word_1_353' title='bbox 1130 4345 1342 4398; x_wconf 89' lang='lat' dir='ltr'><strong>occasio</strong></span> <span class='ocrx_word' id='word_1_354' title='bbox 1395 4344 1490 4400; x_wconf 88' lang='lat' dir='ltr'><strong>Dei</strong></span> <span class='ocrx_word' id='word_1_355' title='bbox 1528 4347 1864 4417; x_wconf 79' lang='lat' dir='ltr'><strong>cognitionis.</strong></span> 
     </span>
    </p>
   </div>
   <div class='ocr_carea' id='block_1_46' title="bbox 275 4432 1867 4503">
    <p class='ocr_par' dir='ltr' id='par_1_46' title="bbox 275 4432 1867 4503">
     <span class='ocr_line' id='line_1_46' title="bbox 275 4432 1867 4503; baseline 0.001 -12"><span class='ocrx_word' id='word_1_356' title='bbox 275 4435 441 4491; x_wconf 82' lang='lat' dir='ltr'><strong>Aliud</strong></span> <span class='ocrx_word' id='word_1_357' title='bbox 468 4445 645 4489; x_wconf 89' lang='lat' dir='ltr'><strong>autem</strong></span> <span class='ocrx_word' id='word_1_358' title='bbox 672 4432 760 4488; x_wconf 89' lang='lat' dir='ltr'><strong>hic</strong></span> <span class='ocrx_word' id='word_1_359' title='bbox 795 4448 1006 4503; x_wconf 88' lang='lat' dir='ltr'><strong>quoque</strong></span> <span class='ocrx_word' id='word_1_360' title='bbox 1032 4433 1315 4503; x_wconf 79' lang='lat' dir='ltr'><strong>signiﬁcat.</strong></span> <span class='ocrx_word' id='word_1_361' title='bbox 1345 4434 1608 4502; x_wconf 82' lang='lat' dir='ltr'><strong>Quidnam</strong></span> <span class='ocrx_word' id='word_1_362' title='bbox 1631 4438 1656 4491; x_wconf 85' lang='lat'><strong>?</strong></span> <span class='ocrx_word' id='word_1_363' title='bbox 1699 4440 1867 4493; x_wconf 80' lang='lat' dir='ltr'><strong>Etiam</strong></span> 
     </span>
    </p>
   </div>
   <div class='ocr_carea' id='block_1_47' title="bbox 274 4523 1870 4596">
    <p class='ocr_par' dir='ltr' id='par_1_47' title="bbox 274 4523 1870 4596">
     <span class='ocr_line' id='line_1_47' title="bbox 274 4523 1870 4596; baseline 0.003 -18"><span class='ocrx_word' id='word_1_364' title='bbox 274 4536 404 4596; x_wconf 86' lang='lat' dir='ltr'><strong>post</strong></span> <span class='ocrx_word' id='word_1_365' title='bbox 431 4525 635 4595; x_wconf 78' lang='lat' dir='ltr'><strong>plagam</strong></span> <span class='ocrx_word' id='word_1_366' title='bbox 676 4523 820 4578; x_wconf 86' lang='lat' dir='ltr'><strong>illam</strong></span> <span class='ocrx_word' id='word_1_367' title='bbox 849 4525 898 4577; x_wconf 92' lang='lat' dir='ltr'><strong>in</strong></span> <span class='ocrx_word' id='word_1_368' title='bbox 927 4524 1042 4589; x_wconf 89' lang='lat' dir='ltr'><strong>ejus</strong></span> <span class='ocrx_word' id='word_1_369' title='bbox 1074 4526 1235 4578; x_wconf 81' lang='lat' dir='ltr'><strong>fuisse</strong></span> <span class='ocrx_word' id='word_1_370' title='bbox 1264 4529 1494 4593; x_wconf 84' lang='lat' dir='ltr'><strong>potentia</strong></span> <span class='ocrx_word' id='word_1_371' title='bbox 1525 4527 1752 4584; x_wconf 86' lang='lat' dir='ltr'><strong>liberare</strong></span> <span class='ocrx_word' id='word_1_372' title='bbox 1776 4547 1870 4584; x_wconf 89' lang='lat' dir='ltr'><strong>eos</strong></span> 
     </span>
    </p>
   </div>
   <div class='ocr_carea' id='block_1_48' title="bbox 274 4615 1868 4682">
    <p class='ocr_par' dir='ltr' id='par_1_48' title="bbox 274 4615 1868 4682">
     <span class='ocr_line' id='line_1_48' title="bbox 274 4615 1868 4682; baseline 0.002 -10"><span class='ocrx_word' id='word_1_373' title='bbox 274 4633 306 4671; x_wconf 73' lang='grc' dir='ltr'><strong><em>ι</em></strong></span> <span class='ocrx_word' id='word_1_374' title='bbox 339 4616 617 4680; x_wconf 87' lang='lat' dir='ltr'><strong>servitute,</strong></span> <span class='ocrx_word' id='word_1_375' title='bbox 647 4631 767 4668; x_wconf 83' lang='lat' dir='ltr'><strong>eum</strong></span> <span class='ocrx_word' id='word_1_376' title='bbox 814 4615 930 4669; x_wconf 91' lang='lat' dir='ltr'><strong>illos</strong></span> <span class='ocrx_word' id='word_1_377' title='bbox 977 4625 1181 4670; x_wconf 84' lang='lat' dir='ltr'><strong>terrore</strong></span> <span class='ocrx_word' id='word_1_378' title='bbox 1229 4619 1608 4682; x_wconf 88' lang='lat' dir='ltr'><strong>concussisset,</strong></span> <span class='ocrx_word' id='word_1_379' title='bbox 1637 4629 1688 4674; x_wconf 86' lang='lat' dir='ltr'><strong>et</strong></span> <span class='ocrx_word' id='word_1_380' title='bbox 1734 4625 1868 4676; x_wconf 89' lang='lat' dir='ltr'><strong>mari</strong></span> 
     </span>
    </p>
   </div>
   <div class='ocr_carea' id='block_1_49' title="bbox 275 4707 1869 4776">
    <p class='ocr_par' dir='ltr' id='par_1_49' title="bbox 275 4707 1869 4776">
     <span class='ocr_line' id='line_1_49' title="bbox 275 4707 1869 4776; baseline 0.003 -16"><span class='ocrx_word' id='word_1_381' title='bbox 275 4709 567 4762; x_wconf 89' lang='lat' dir='ltr'><strong>obruisset.</strong></span> <span class='ocrx_word' id='word_1_382' title='bbox 597 4707 720 4762; x_wconf 67' lang='lat' dir='ltr'><strong>llaec</strong></span> <span class='ocrx_word' id='word_1_383' title='bbox 747 4717 926 4761; x_wconf 90' lang='lat' dir='ltr'><strong>autem</strong></span> <span class='ocrx_word' id='word_1_384' title='bbox 951 4707 1116 4772; x_wconf 88' lang='lat' dir='ltr'><strong>dicit,</strong></span> <span class='ocrx_word' id='word_1_385' title='bbox 1147 4721 1216 4761; x_wconf 90' lang='lat' dir='ltr'><strong>ne</strong></span> <span class='ocrx_word' id='word_1_386' title='bbox 1240 4708 1359 4776; x_wconf 87' lang='lat' dir='ltr'><strong>quis</strong></span> <span class='ocrx_word' id='word_1_387' title='bbox 1386 4708 1544 4776; x_wconf 86' lang='lat' dir='ltr'><strong>paulo</strong></span> <span class='ocrx_word' id='word_1_388' title='bbox 1569 4709 1869 4766; x_wconf 82' lang='lat' dir='ltr'><strong>inconside-</strong></span> 
     </span>
    </p>
   </div>
   <div class='ocr_carea' id='block_1_50' title="bbox 277 4799 1866 4870">
    <p class='ocr_par' dir='ltr' id='par_1_50' title="bbox 277 4799 1866 4870">
     <span class='ocr_line' id='line_1_50' title="bbox 277 4799 1866 4870; baseline 0.001 -14"><span class='ocrx_word' id='word_1_389' title='bbox 277 4802 450 4856; x_wconf 85' lang='lat' dir='ltr'><strong>ratior</strong></span> <span class='ocrx_word' id='word_1_390' title='bbox 478 4808 708 4869; x_wconf 89' lang='lat' dir='ltr'><strong>putaret,</strong></span> <span class='ocrx_word' id='word_1_391' title='bbox 731 4815 850 4854; x_wconf 87' lang='lat' dir='ltr'><strong>cum</strong></span> <span class='ocrx_word' id='word_1_392' title='bbox 875 4799 1035 4870; x_wconf 87' lang='lat' dir='ltr'><strong>jussit</strong></span> <span class='ocrx_word' id='word_1_393' title='bbox 1063 4813 1156 4853; x_wconf 89' lang='lat' dir='ltr'><strong>eos</strong></span> <span class='ocrx_word' id='word_1_394' title='bbox 1179 4799 1425 4869; x_wconf 84' lang='lat' dir='ltr'><strong>accipere</strong></span> <span class='ocrx_word' id='word_1_395' title='bbox 1452 4815 1638 4856; x_wconf 84' lang='lat' dir='ltr'><strong>aurum</strong></span> <span class='ocrx_word' id='word_1_396' title='bbox 1661 4811 1714 4856; x_wconf 92' lang='lat' dir='ltr'><strong>et</strong></span> <span class='ocrx_word' id='word_1_397' title='bbox 1743 4818 1866 4859; x_wconf 82' lang='lat' dir='ltr'><strong>vasa</strong></span> 
     </span>
    </p>
   </div>
   <div class='ocr_carea' id='block_1_51' title="bbox 278 4887 1870 4962">
    <p class='ocr_par' dir='ltr' id='par_1_51' title="bbox 278 4887 1870 4962">
     <span class='ocr_line' id='line_1_51' title="bbox 278 4887 1870 4962; baseline 0.001 -15"><span class='ocrx_word' id='word_1_398' title='bbox 278 4903 555 4962; x_wconf 86' lang='lat' dir='ltr'><strong>argentea,</strong></span> <span class='ocrx_word' id='word_1_399' title='bbox 587 4895 702 4946; x_wconf 73' lang='lat' dir='ltr'><strong>bazc</strong></span> <span class='ocrx_word' id='word_1_400' title='bbox 746 4900 964 4961; x_wconf 87' lang='lat' dir='ltr'><strong>propter</strong></span> <span class='ocrx_word' id='word_1_401' title='bbox 1001 4887 1420 4946; x_wconf 86' lang='lat' dir='ltr'><strong>imbecillitatem</strong></span> <span class='ocrx_word' id='word_1_402' title='bbox 1462 4892 1708 4960; x_wconf 74' lang='lat' dir='ltr'><strong>iussisse.</strong></span> <span class='ocrx_word' id='word_1_403' title='bbox 1737 4893 1870 4948; x_wconf 77' lang='lat' dir='ltr'><strong>Nam</strong></span> 
     </span>
    </p>
   </div>
   <div class='ocr_carea' id='block_1_52' title="bbox 281 4981 1866 5052">
    <p class='ocr_par' dir='ltr' id='par_1_52' title="bbox 281 4981 1866 5052">
     <span class='ocr_line' id='line_1_52' title="bbox 281 4981 1866 5052; baseline 0.001 -15"><span class='ocrx_word' id='word_1_404' title='bbox 281 4985 386 5039; x_wconf 85' lang='lat' dir='ltr'><strong>hoc</strong></span> <span class='ocrx_word' id='word_1_405' title='bbox 418 4983 542 5037; x_wconf 90' lang='lat' dir='ltr'><strong>l&#39;ccit</strong></span> <span class='ocrx_word' id='word_1_406' title='bbox 566 4981 752 5036; x_wconf 84' lang='lat' dir='ltr'><strong>volens</strong></span> <span class='ocrx_word' id='word_1_407' title='bbox 777 4983 922 5037; x_wconf 91' lang='lat' dir='ltr'><strong>omni</strong></span> <span class='ocrx_word' id='word_1_408' title='bbox 949 4983 1154 5036; x_wconf 87' lang='lat' dir='ltr'><strong>ratione</strong></span> <span class='ocrx_word' id='word_1_409' title='bbox 1179 4993 1300 5036; x_wconf 86' lang='lat' dir='ltr'><strong>esse</strong></span> <span class='ocrx_word' id='word_1_410' title='bbox 1331 4982 1580 5038; x_wconf 85' lang='lat' dir='ltr'><strong>terribilis</strong></span> <span class='ocrx_word' id='word_1_411' title='bbox 1604 4983 1866 5052; x_wconf 86' lang='lat' dir='ltr'><strong>hostibus,</strong></span> 
     </span>
    </p>
   </div>
   <div class='ocr_carea' id='block_1_53' title="bbox 279 5073 1868 5143">
    <p class='ocr_par' dir='ltr' id='par_1_53' title="bbox 279 5073 1868 5143">
     <span class='ocr_line' id='line_1_53' title="bbox 279 5073 1868 5143; baseline 0.001 -15"><span class='ocrx_word' id='word_1_412' title='bbox 279 5084 334 5128; x_wconf 88' lang='lat' dir='ltr'><strong>et</strong></span> <span class='ocrx_word' id='word_1_413' title='bbox 363 5073 648 5129; x_wconf 84' lang='lat' dir='ltr'><strong>ostendere</strong></span> <span class='ocrx_word' id='word_1_414' title='bbox 685 5087 744 5128; x_wconf 88' lang='lat' dir='ltr'><strong>se</strong></span> <span class='ocrx_word' id='word_1_415' title='bbox 773 5081 828 5128; x_wconf 87' lang='lat' dir='ltr'><strong>et</strong></span> <span class='ocrx_word' id='word_1_416' title='bbox 857 5073 907 5126; x_wconf 88' lang='lat' dir='ltr'><strong>vi</strong></span> <span class='ocrx_word' id='word_1_417' title='bbox 933 5080 988 5128; x_wconf 92' lang='lat' dir='ltr'><strong>et</strong></span> <span class='ocrx_word' id='word_1_418' title='bbox 1029 5073 1342 5129; x_wconf 80' lang='lat' dir='ltr'><strong>auctoritate</strong></span> <span class='ocrx_word' id='word_1_419' title='bbox 1379 5088 1538 5143; x_wconf 87' lang='lat' dir='ltr'><strong>posse</strong></span> <span class='ocrx_word' id='word_1_420' title='bbox 1579 5077 1760 5131; x_wconf 87' lang='lat' dir='ltr'><strong>omnia</strong></span> <span class='ocrx_word' id='word_1_421' title='bbox 1788 5076 1868 5130; x_wconf 80' lang='lat' dir='ltr'><strong>ta-</strong></span> 
     </span>
    </p>
   </div>
   <div class='ocr_carea' id='block_1_54' title="bbox 279 5165 1869 5239">
    <p class='ocr_par' dir='ltr' id='par_1_54' title="bbox 279 5165 1869 5239">
     <span class='ocr_line' id='line_1_54' title="bbox 279 5165 1869 5239; baseline 0.001 -18"><span class='ocrx_word' id='word_1_422' title='bbox 279 5186 428 5234; x_wconf 79' lang='lat' dir='ltr'><strong>cere,</strong></span> <span class='ocrx_word' id='word_1_423' title='bbox 460 5183 662 5239; x_wconf 86' lang='lat' dir='ltr'><strong>eosque</strong></span> <span class='ocrx_word' id='word_1_424' title='bbox 689 5166 872 5223; x_wconf 81' lang='lat' dir='ltr'><strong>fallere</strong></span> <span class='ocrx_word' id='word_1_425' title='bbox 898 5181 960 5223; x_wconf 91' lang='lat' dir='ltr'><strong>ac</strong></span> <span class='ocrx_word' id='word_1_426' title='bbox 979 5165 1252 5239; x_wconf 85' lang='lat' dir='ltr'><strong>decipere.</strong></span> <span class='ocrx_word' id='word_1_427' title='bbox 1280 5166 1412 5222; x_wconf 83' lang='lat' dir='ltr'><strong>Nam</strong></span> <span class='ocrx_word' id='word_1_428' title='bbox 1431 5184 1550 5238; x_wconf 69' lang='lat' dir='ltr'><strong>qua:</strong></span> <span class='ocrx_word' id='word_1_429' title='bbox 1577 5178 1762 5238; x_wconf 80' lang='lat' dir='ltr'><strong>aperte</strong></span> <span class='ocrx_word' id='word_1_430' title='bbox 1789 5169 1869 5224; x_wconf 78' lang='lat' dir='ltr'><strong>fe-</strong></span> 
     </span>
    </p>
   </div>
   <div class='ocr_carea' id='block_1_55' title="bbox 282 5259 1869 5329">
    <p class='ocr_par' dir='ltr' id='par_1_55' title="bbox 282 5259 1869 5329">
     <span class='ocr_line' id='line_1_55' title="bbox 282 5259 1869 5329; baseline 0.002 -16"><span class='ocrx_word' id='word_1_431' title='bbox 282 5264 356 5315; x_wconf 83' lang='lat' dir='ltr'><strong>cit</strong></span> <span class='ocrx_word' id='word_1_432' title='bbox 387 5275 494 5316; x_wconf 91' lang='lat' dir='ltr'><strong>non</strong></span> <span class='ocrx_word' id='word_1_433' title='bbox 525 5259 646 5314; x_wconf 87' lang='lat' dir='ltr'><strong>ideo</strong></span> <span class='ocrx_word' id='word_1_434' title='bbox 671 5259 794 5314; x_wconf 75' lang='lat' dir='ltr'><strong>fecit</strong></span> <span class='ocrx_word' id='word_1_435' title='bbox 819 5266 1086 5329; x_wconf 87' lang='lat' dir='ltr'><strong>tamquam</strong></span> <span class='ocrx_word' id='word_1_436' title='bbox 1125 5273 1230 5313; x_wconf 89' lang='lat' dir='ltr'><strong>non</strong></span> <span class='ocrx_word' id='word_1_437' title='bbox 1265 5266 1450 5329; x_wconf 85' lang='lat' dir='ltr'><strong>posset</strong></span> <span class='ocrx_word' id='word_1_438' title='bbox 1469 5259 1748 5329; x_wconf 70' lang='lat' dir='ltr'><strong>decipere;</strong></span> <span class='ocrx_word' id='word_1_439' title='bbox 1773 5276 1869 5315; x_wconf 84' lang='lat' dir='ltr'><strong>ne-</strong></span> 
     </span>
    </p>
   </div>
   <div class='ocr_carea' id='block_1_56' title="bbox 281 5348 1869 5421">
    <p class='ocr_par' dir='ltr' id='par_1_56' title="bbox 281 5348 1869 5421">
     <span class='ocr_line' id='line_1_56' title="bbox 281 5348 1869 5421; baseline 0.003 -19"><span class='ocrx_word' id='word_1_440' title='bbox 281 5367 385 5420; x_wconf 85' lang='lat' dir='ltr'><strong>que</strong></span> <span class='ocrx_word' id='word_1_441' title='bbox 413 5367 535 5407; x_wconf 86' lang='lat' dir='ltr'><strong>cum</strong></span> <span class='ocrx_word' id='word_1_442' title='bbox 562 5351 789 5421; x_wconf 86' lang='lat' dir='ltr'><strong>decepit,</strong></span> <span class='ocrx_word' id='word_1_443' title='bbox 813 5350 864 5405; x_wconf 89' lang='lat' dir='ltr'><strong>id</strong></span> <span class='ocrx_word' id='word_1_444' title='bbox 886 5350 1007 5405; x_wconf 89' lang='lat' dir='ltr'><strong>ideo</strong></span> <span class='ocrx_word' id='word_1_445' title='bbox 1027 5349 1169 5416; x_wconf 77' lang='lat' dir='ltr'><strong>fecit,</strong></span> <span class='ocrx_word' id='word_1_446' title='bbox 1188 5348 1329 5420; x_wconf 90' lang='lat' dir='ltr'><strong>quod</strong></span> <span class='ocrx_word' id='word_1_447' title='bbox 1357 5365 1461 5405; x_wconf 86' lang='lat' dir='ltr'><strong>non</strong></span> <span class='ocrx_word' id='word_1_448' title='bbox 1484 5359 1663 5419; x_wconf 85' lang='lat' dir='ltr'><strong>posset</strong></span> <span class='ocrx_word' id='word_1_449' title='bbox 1683 5362 1869 5418; x_wconf 83' lang='lat' dir='ltr'><strong>aperte</strong></span> 
     </span>
    </p>
   </div>
   <div class='ocr_carea' id='block_1_57' title="bbox 281 5440 1866 5512">
    <p class='ocr_par' dir='ltr' id='par_1_57' title="bbox 281 5440 1866 5512">
     <span class='ocr_line' id='line_1_57' title="bbox 281 5440 1866 5512; baseline 0 -14"><span class='ocrx_word' id='word_1_450' title='bbox 281 5456 504 5512; x_wconf 85' lang='lat' dir='ltr'><strong>capere,</strong></span> <span class='ocrx_word' id='word_1_451' title='bbox 532 5441 627 5497; x_wconf 89' lang='lat' dir='ltr'><strong>sed</strong></span> <span class='ocrx_word' id='word_1_452' title='bbox 653 5441 707 5496; x_wconf 91' lang='lat' dir='ltr'><strong>in</strong></span> <span class='ocrx_word' id='word_1_453' title='bbox 736 5451 957 5510; x_wconf 86' lang='lat' dir='ltr'><strong>utraque</strong></span> <span class='ocrx_word' id='word_1_454' title='bbox 982 5451 1131 5510; x_wconf 90' lang='lat' dir='ltr'><strong>parte</strong></span> <span class='ocrx_word' id='word_1_455' title='bbox 1168 5455 1321 5495; x_wconf 89' lang='lat' dir='ltr'><strong>suam</strong></span> <span class='ocrx_word' id='word_1_456' title='bbox 1346 5440 1634 5497; x_wconf 83' lang='lat' dir='ltr'><strong>ostendens</strong></span> <span class='ocrx_word' id='word_1_457' title='bbox 1676 5452 1866 5512; x_wconf 81' lang='lat' dir='ltr'><strong>poten-</strong></span> 
     </span>
    </p>
   </div>
   <div class='ocr_carea' id='block_1_58' title="bbox 341 5592 1856 5664">
    <p class='ocr_par' dir='ltr' id='par_1_58' title="bbox 341 5592 1856 5664">
     <span class='ocr_line' id='line_1_58' title="bbox 341 5592 1856 5664; baseline 0.008 -25"><span class='ocrx_word' id='word_1_458' title='bbox 341 5592 590 5664; x_wconf 79' lang='lat' dir='ltr'><strong>(a)_Jux_la</strong></span> <span class='ocrx_word' id='word_1_459' title='bbox 613 5605 761 5664; x_wconf 80' lang='lat' dir='ltr'><strong>quem</strong></span> <span class='ocrx_word' id='word_1_460' title='bbox 791 5595 868 5664; x_wconf 44' lang='lat' dir='ltr'><strong>sit.</strong></span> <span class='ocrx_word' id='word_1_461' title='bbox 887 5594 993 5644; x_wconf 63' lang='lat' dir='ltr'><strong>hac</strong></span> <span class='ocrx_word' id='word_1_462' title='bbox 1022 5594 1193 5658; x_wconf 88' lang='lat' dir='ltr'><strong>lectio,</strong></span> <span class='ocrx_word' id='word_1_463' title='bbox 1219 5603 1271 5646; x_wconf 89' lang='lat' dir='ltr'><strong>ut</strong></span> <span class='ocrx_word' id='word_1_464' title='bbox 1302 5595 1578 5649; x_wconf 75' lang='lat' dir='ltr'><strong>dominetur</strong></span> <span class='ocrx_word' id='word_1_465' title='bbox 1606 5595 1709 5651; x_wconf 79' lang='lat' dir='ltr'><strong>diei</strong></span> <span class='ocrx_word' id='word_1_466' title='bbox 1730 5598 1856 5663; x_wconf 65' lang='lat' dir='ltr'><strong>(iut-</strong></span> 
     </span>
    </p>
   </div>
   <div class='ocr_carea' id='block_1_59' title="bbox 277 5655 1154 5717">
    <p class='ocr_par' dir='ltr' id='par_1_59' title="bbox 277 5655 1154 5717">
     <span class='ocr_line' id='line_1_59' title="bbox 277 5655 1154 5717; baseline 0.008 -18"><span class='ocrx_word' id='word_1_467' title='bbox 277 5655 465 5713; x_wconf 71' lang='grc' dir='ltr'><strong>ιρςιτείν</strong></span> <span class='ocrx_word' id='word_1_468' title='bbox 496 5661 581 5712; x_wconf 80' lang='grc' dir='ltr'><strong>τῆς</strong></span> <span class='ocrx_word' id='word_1_469' title='bbox 613 5655 831 5717; x_wconf 71' lang='grc' dir='ltr'><strong>ἡμέρας),</strong></span> <span class='ocrx_word' id='word_1_470' title='bbox 855 5655 1154 5716; x_wconf 72' lang='lat' dir='ltr'><strong>ignoramus.</strong></span> 
     </span>
    </p>
   </div>
   <div class='ocr_carea' id='block_1_60' title="bbox 1345 216 2447 283">
    <p class='ocr_par' dir='ltr' id='par_1_60' title="bbox 1345 216 2447 283">
     <span class='ocr_line' id='line_1_60' title="bbox 1345 216 2447 283; baseline 0.012 -13"><span class='ocrx_word' id='word_1_471' title='bbox 1345 216 1701 273; x_wconf 75' lang='lat' dir='ltr'><strong>EXPOSITIU</strong></span> <span class='ocrx_word' id='word_1_472' title='bbox 1733 219 1797 274; x_wconf 75' lang='grc' dir='ltr'><strong>ΙΝ</strong></span> <span class='ocrx_word' id='word_1_473' title='bbox 1837 220 2152 278; x_wconf 71' lang='lat' dir='ltr'><strong>l‘SALMUM</strong></span> <span class='ocrx_word' id='word_1_474' title='bbox 2193 226 2447 283; x_wconf 74' lang='lat' dir='ltr'><strong>CXXXV.</strong></span> 
     </span>
    </p>
   </div>
   <div class='ocr_carea' id='block_1_61' title="bbox 3480 251 3586 304">
    <p class='ocr_par' dir='ltr' id='par_1_61' title="bbox 3480 251 3586 304">
     <span class='ocr_line' id='line_1_61' title="bbox 3480 251 3586 304; baseline 0.009 -1"><span class='ocrx_word' id='word_1_475' title='bbox 3480 251 3586 304; x_wconf 66' lang='grc'><strong>402</strong></span> 
     </span>
    </p>
   </div>
   <div class='ocr_carea' id='block_1_62' title="bbox 2008 336 3580 424">
    <p class='ocr_par' dir='ltr' id='par_1_62' title="bbox 2008 336 3580 424">
     <span class='ocr_line' id='line_1_62' title="bbox 2008 336 3580 424; baseline 0.022 -36"><span class='ocrx_word' id='word_1_476' title='bbox 2008 336 2152 392; x_wconf 92' lang='lat' dir='ltr'><strong>tiam.</strong></span> <span class='ocrx_word' id='word_1_477' title='bbox 2182 340 2310 396; x_wconf 84' lang='lat' dir='ltr'><strong>Nam</strong></span> <span class='ocrx_word' id='word_1_478' title='bbox 2337 345 2474 414; x_wconf 91' lang='lat' dir='ltr'><strong>quod</strong></span> <span class='ocrx_word' id='word_1_479' title='bbox 2506 345 2605 400; x_wconf 85' lang='lat' dir='ltr'><strong>hoc</strong></span> <span class='ocrx_word' id='word_1_480' title='bbox 2634 362 2842 418; x_wconf 86' lang='lat' dir='ltr'><strong>quoque</strong></span> <span class='ocrx_word' id='word_1_481' title='bbox 2868 366 3116 424; x_wconf 87' lang='lat' dir='ltr'><strong>maguum</strong></span> <span class='ocrx_word' id='word_1_482' title='bbox 3155 367 3352 416; x_wconf 89' lang='lat' dir='ltr'><strong>metum</strong></span> <span class='ocrx_word' id='word_1_483' title='bbox 3387 368 3580 422; x_wconf 86' lang='lat' dir='ltr'><strong>attule-</strong></span> 
     </span>
    </p>
   </div>
   <div class='ocr_carea' id='block_1_63' title="bbox 2004 427 3582 511">
    <p class='ocr_par' dir='ltr' id='par_1_63' title="bbox 2004 427 3582 511">
     <span class='ocr_line' id='line_1_63' title="bbox 2004 427 3582 511; baseline 0.02 -30"><span class='ocrx_word' id='word_1_484' title='bbox 2004 427 2121 483; x_wconf 90' lang='lat' dir='ltr'><strong>lerit</strong></span> <span class='ocrx_word' id='word_1_485' title='bbox 2151 434 2460 502; x_wconf 84' lang='lat' dir='ltr'><strong>alienigenis</strong></span> <span class='ocrx_word' id='word_1_486' title='bbox 2489 478 2501 500; x_wconf 93' lang='lat'><strong>,</strong></span> <span class='ocrx_word' id='word_1_487' title='bbox 2529 437 2649 490; x_wconf 91' lang='lat' dir='ltr'><strong>audi</strong></span> <span class='ocrx_word' id='word_1_488' title='bbox 2675 440 2801 508; x_wconf 90' lang='lat' dir='ltr'><strong>quid</strong></span> <span class='ocrx_word' id='word_1_489' title='bbox 2841 452 3020 510; x_wconf 86' lang='lat' dir='ltr'><strong>postea</strong></span> <span class='ocrx_word' id='word_1_490' title='bbox 3053 446 3234 503; x_wconf 88' lang='lat' dir='ltr'><strong>dicant</strong></span> <span class='ocrx_word' id='word_1_491' title='bbox 3268 462 3419 508; x_wconf 88' lang='lat' dir='ltr'><strong>vates</strong></span> <span class='ocrx_word' id='word_1_492' title='bbox 3446 456 3582 511; x_wconf 79' lang='lat' dir='ltr'><strong>Azo-</strong></span> 
     </span>
    </p>
   </div>
   <div class='ocr_carea' id='block_1_64' title="bbox 2002 522 3581 615">
    <p class='ocr_par' dir='ltr' id='par_1_64' title="bbox 2002 522 3581 615">
     <span class='ocr_line' id='line_1_64' title="bbox 2002 522 3581 615; baseline 0.017 -41"><span class='ocrx_word' id='word_1_493' title='bbox 2002 522 2194 576; x_wconf 88' lang='lat' dir='ltr'><strong>tiorum</strong></span> <span class='ocrx_word' id='word_1_494' title='bbox 2217 540 2230 576; x_wconf 93' lang='lat'><strong>:</strong></span> <span class='ocrx_word' id='word_1_495' title='bbox 2259 524 2360 582; x_wconf 77' lang='lat' dir='ltr'><strong>Hic</strong></span> <span class='ocrx_word' id='word_1_496' title='bbox 2384 538 2457 580; x_wconf 80' lang='lat' dir='ltr'><strong>est</strong></span> <span class='ocrx_word' id='word_1_497' title='bbox 2479 527 2614 583; x_wconf 86' lang='lat' dir='ltr'><strong>Deus</strong></span> <span class='ocrx_word' id='word_1_498' title='bbox 2635 533 2863 599; x_wconf 85' lang='lat' dir='ltr'><strong>acerbus,</strong></span> <span class='ocrx_word' id='word_1_499' title='bbox 2891 536 2978 604; x_wconf 81' lang='lat' dir='ltr'><strong>qui</strong></span> <span class='ocrx_word' id='word_1_500' title='bbox 3001 541 3246 607; x_wconf 73' lang='lat' dir='ltr'><strong>percussit</strong></span> <span class='ocrx_word' id='word_1_501' title='bbox 3269 541 3581 615; x_wconf 64' lang='lat' dir='ltr'><strong>Egyptum,</strong></span> 
     </span>
    </p>
   </div>
   <div class='ocr_carea' id='block_1_65' title="bbox 1998 618 3577 710">
    <p class='ocr_par' dir='ltr' id='par_1_65' title="bbox 1998 618 3577 710">
     <span class='ocr_line' id='line_1_65' title="bbox 1998 618 3577 710; baseline 0.018 -44"><span class='ocrx_word' id='word_1_502' title='bbox 1998 622 2046 667; x_wconf 87' lang='lat' dir='ltr'><strong>et</strong></span> <span class='ocrx_word' id='word_1_503' title='bbox 2083 618 2285 684; x_wconf 82' lang='lat' dir='ltr'><strong>quando</strong></span> <span class='ocrx_word' id='word_1_504' title='bbox 2321 621 2481 673; x_wconf 75' lang='lat' dir='ltr'><strong>illusit</strong></span> <span class='ocrx_word' id='word_1_505' title='bbox 2512 623 2614 688; x_wconf 87' lang='lat' dir='ltr'><strong>eis,</strong></span> <span class='ocrx_word' id='word_1_506' title='bbox 2653 633 2771 677; x_wconf 88' lang='lat' dir='ltr'><strong>tunc</strong></span> <span class='ocrx_word' id='word_1_507' title='bbox 2799 624 2934 695; x_wconf 82' lang='lat' dir='ltr'><strong>ipsos</strong></span> <span class='ocrx_word' id='word_1_508' title='bbox 2960 629 3132 683; x_wconf 70' lang='lat' dir='ltr'><strong>eduxit</strong></span> <span class='ocrx_word' id='word_1_509' title='bbox 3160 632 3235 702; x_wconf 88' lang='lat' dir='ltr'><strong>(l.</strong></span> <span class='ocrx_word' id='word_1_510' title='bbox 3259 633 3381 706; x_wconf 79' lang='lat' dir='ltr'><strong>Reg.</strong></span> <span class='ocrx_word' id='word_1_511' title='bbox 3416 637 3469 691; x_wconf 89' lang='lat'><strong>6.</strong></span> <span class='ocrx_word' id='word_1_512' title='bbox 3500 640 3577 710; x_wconf 84' lang='lat'><strong>6).</strong></span> 
     </span>
    </p>
   </div>
   <div class='ocr_carea' id='block_1_66' title="bbox 2003 705 3584 798">
    <p class='ocr_par' dir='ltr' id='par_1_66' title="bbox 2003 705 3584 798">
     <span class='ocr_line' id='line_1_66' title="bbox 2003 705 3584 798; baseline 0.018 -40"><span class='ocrx_word' id='word_1_513' title='bbox 2003 705 2163 762; x_wconf 86' lang='lat' dir='ltr'><strong>Vides</strong></span> <span class='ocrx_word' id='word_1_514' title='bbox 2194 723 2287 762; x_wconf 90' lang='lat' dir='ltr'><strong>eos</strong></span> <span class='ocrx_word' id='word_1_515' title='bbox 2312 720 2530 780; x_wconf 82' lang='lat' dir='ltr'><strong>pmpter</strong></span> <span class='ocrx_word' id='word_1_516' title='bbox 2557 713 2654 767; x_wconf 92' lang='lat' dir='ltr'><strong>hoc</strong></span> <span class='ocrx_word' id='word_1_517' title='bbox 2678 717 2850 784; x_wconf 89' lang='lat' dir='ltr'><strong>ipsum</strong></span> <span class='ocrx_word' id='word_1_518' title='bbox 2873 723 3289 780; x_wconf 82' lang='lat' dir='ltr'><strong>contremiscere</strong></span> <span class='ocrx_word' id='word_1_519' title='bbox 3309 705 3584 798; x_wconf 28' lang='lat' dir='ltr'><strong>{propter</strong></span> 
     </span>
    </p>
   </div>
   <div class='ocr_carea' id='block_1_67' title="bbox 1999 799 3420 880">
    <p class='ocr_par' dir='ltr' id='par_1_67' title="bbox 1999 799 3420 880">
     <span class='ocr_line' id='line_1_67' title="bbox 1999 799 3420 880; baseline 0.02 -31"><span class='ocrx_word' id='word_1_520' title='bbox 1999 799 2215 864; x_wconf 90' lang='lat' dir='ltr'><strong>l&#39;urtum,</strong></span> <span class='ocrx_word' id='word_1_521' title='bbox 2245 815 2463 872; x_wconf 84' lang='lat' dir='ltr'><strong>propter</strong></span> <span class='ocrx_word' id='word_1_522' title='bbox 2493 805 2752 877; x_wconf 79' lang='lat' dir='ltr'><strong>fraudem,</strong></span> <span class='ocrx_word' id='word_1_523' title='bbox 2783 813 2922 880; x_wconf 90' lang='lat' dir='ltr'><strong>quod</strong></span> <span class='ocrx_word' id='word_1_524' title='bbox 2956 829 3050 870; x_wconf 88' lang='lat' dir='ltr'><strong>eos</strong></span> <span class='ocrx_word' id='word_1_525' title='bbox 3079 817 3420 877; x_wconf 76' lang='lat' dir='ltr'><strong>interfecerit.</strong></span> 
     </span>
    </p>
   </div>
   <div class='ocr_carea' id='block_1_68' title="bbox 2069 893 3580 975">
    <p class='ocr_par' dir='ltr' id='par_1_68' title="bbox 2069 893 3580 975">
     <span class='ocr_line' id='line_1_68' title="bbox 2069 893 3580 975; baseline 0.016 -30"><span class='ocrx_word' id='word_1_526' title='bbox 2069 893 2232 948; x_wconf 81' lang='lat' dir='ltr'><strong>Maris</strong></span> <span class='ocrx_word' id='word_1_527' title='bbox 2263 893 2419 950; x_wconf 82' lang='lat' dir='ltr'><strong>Rubri</strong></span> <span class='ocrx_word' id='word_1_528' title='bbox 2437 897 2724 957; x_wconf 82' lang='lat' dir='ltr'><strong>divisiones.</strong></span> <span class='ocrx_word' id='word_1_529' title='bbox 2761 903 3125 975; x_wconf 60' lang='lat' dir='ltr'><strong>Egyptiorum</strong></span> <span class='ocrx_word' id='word_1_530' title='bbox 3155 911 3445 970; x_wconf 77' lang='lat' dir='ltr'><strong>obstinatio.</strong></span> <span class='ocrx_word' id='word_1_531' title='bbox 3478 916 3580 970; x_wconf 59' lang='lat' dir='ltr'><strong>Mi.</strong></span> 
     </span>
    </p>
   </div>
   <div class='ocr_carea' id='block_1_69' title="bbox 1995 988 3579 1064">
    <p class='ocr_par' dir='ltr' id='par_1_69' title="bbox 1995 988 3579 1064">
     <span class='ocr_line' id='line_1_69' title="bbox 1995 988 3579 1064; baseline 0.017 -27"><span class='ocrx_word' id='word_1_532' title='bbox 1995 988 2171 1040; x_wconf 73' lang='lat' dir='ltr'><strong>recula</strong></span> <span class='ocrx_word' id='word_1_533' title='bbox 2214 1005 2334 1041; x_wconf 89' lang='lat' dir='ltr'><strong>rara</strong></span> <span class='ocrx_word' id='word_1_534' title='bbox 2379 999 2518 1046; x_wconf 87' lang='lat' dir='ltr'><strong>sunt.</strong></span> <span class='ocrx_word' id='word_1_535' title='bbox 2546 1022 2617 1032; x_wconf 89' lang='lat'><strong>—-</strong></span> <span class='ocrx_word' id='word_1_536' title='bbox 2658 995 2746 1052; x_wconf 77' lang='lat' dir='ltr'><strong>l3.</strong></span> <span class='ocrx_word' id='word_1_537' title='bbox 2789 997 2886 1060; x_wconf 81' lang='lat' dir='ltr'><strong>Qui</strong></span> <span class='ocrx_word' id='word_1_538' title='bbox 2935 1000 3101 1053; x_wconf 65' lang='lat' dir='ltr'><strong>divisit</strong></span> <span class='ocrx_word' id='word_1_539' title='bbox 3154 1020 3294 1060; x_wconf 85' lang='lat' dir='ltr'><strong>mare</strong></span> <span class='ocrx_word' id='word_1_540' title='bbox 3348 1005 3579 1064; x_wconf 79' lang='lat' dir='ltr'><strong>Rubrum</strong></span> 
     </span>
    </p>
   </div>
   <div class='ocr_carea' id='block_1_70' title="bbox 1996 1077 3580 1160">
    <p class='ocr_par' dir='ltr' id='par_1_70' title="bbox 1996 1077 3580 1160">
     <span class='ocr_line' id='line_1_70' title="bbox 1996 1077 3580 1160; baseline 0.017 -31"><span class='ocrx_word' id='word_1_541' title='bbox 1996 1077 2047 1129; x_wconf 89' lang='lat' dir='ltr'><strong>iu</strong></span> <span class='ocrx_word' id='word_1_542' title='bbox 2077 1079 2375 1136; x_wconf 83' lang='lat' dir='ltr'><strong>divisiones.</strong></span> <span class='ocrx_word' id='word_1_543' title='bbox 2409 1083 2598 1147; x_wconf 86' lang='lat' dir='ltr'><strong>Alius,</strong></span> <span class='ocrx_word' id='word_1_544' title='bbox 2661 1085 2730 1142; x_wconf 83' lang='lat' dir='ltr'><strong>In</strong></span> <span class='ocrx_word' id='word_1_545' title='bbox 2787 1091 3048 1147; x_wconf 82' lang='lat' dir='ltr'><strong>sectiones.</strong></span> <span class='ocrx_word' id='word_1_546' title='bbox 3121 1095 3300 1160; x_wconf 83' lang='lat' dir='ltr'><strong>Alius,</strong></span> <span class='ocrx_word' id='word_1_547' title='bbox 3357 1096 3424 1152; x_wconf 85' lang='lat' dir='ltr'><strong>In</strong></span> <span class='ocrx_word' id='word_1_548' title='bbox 3483 1118 3580 1155; x_wconf 75' lang='lat' dir='ltr'><strong>se-</strong></span> 
     </span>
    </p>
   </div>
   <div class='ocr_carea' id='block_1_71' title="bbox 1991 1175 3574 1251">
    <p class='ocr_par' dir='ltr' id='par_1_71' title="bbox 1991 1175 3574 1251">
     <span class='ocr_line' id='line_1_71' title="bbox 1991 1175 3574 1251; baseline 0.018 -28"><span class='ocrx_word' id='word_1_549' title='bbox 1991 1183 2212 1239; x_wconf 75' lang='lat' dir='ltr'><strong>gmenta.</strong></span> <span class='ocrx_word' id='word_1_550' title='bbox 2278 1175 2524 1231; x_wconf 88' lang='lat' dir='ltr'><strong>Nonnulli</strong></span> <span class='ocrx_word' id='word_1_551' title='bbox 2589 1181 2728 1235; x_wconf 88' lang='lat' dir='ltr'><strong>enim</strong></span> <span class='ocrx_word' id='word_1_552' title='bbox 2787 1183 2968 1240; x_wconf 88' lang='lat' dir='ltr'><strong>dicunt</strong></span> <span class='ocrx_word' id='word_1_553' title='bbox 3023 1205 3126 1243; x_wconf 90' lang='lat' dir='ltr'><strong>non</strong></span> <span class='ocrx_word' id='word_1_554' title='bbox 3188 1191 3352 1248; x_wconf 81' lang='lat' dir='ltr'><strong>fuisse</strong></span> <span class='ocrx_word' id='word_1_555' title='bbox 3413 1210 3574 1251; x_wconf 74' lang='lat' dir='ltr'><strong>unam</strong></span> 
     </span>
    </p>
   </div>
   <div class='ocr_carea' id='block_1_72' title="bbox 1991 1262 3572 1354">
    <p class='ocr_par' dir='ltr' id='par_1_72' title="bbox 1991 1262 3572 1354">
     <span class='ocr_line' id='line_1_72' title="bbox 1991 1262 3572 1354; baseline 0.017 -39"><span class='ocrx_word' id='word_1_556' title='bbox 1991 1262 2153 1330; x_wconf 85' lang='lat' dir='ltr'><strong>viam,</strong></span> <span class='ocrx_word' id='word_1_557' title='bbox 2178 1265 2269 1319; x_wconf 87' lang='lat' dir='ltr'><strong>scd</strong></span> <span class='ocrx_word' id='word_1_558' title='bbox 2297 1282 2389 1333; x_wconf 93' lang='lat' dir='ltr'><strong>pro</strong></span> <span class='ocrx_word' id='word_1_559' title='bbox 2418 1285 2640 1324; x_wconf 89' lang='lat' dir='ltr'><strong>numero</strong></span> <span class='ocrx_word' id='word_1_560' title='bbox 2663 1272 2898 1328; x_wconf 91' lang='lat' dir='ltr'><strong>&#39;trihuum</strong></span> <span class='ocrx_word' id='word_1_561' title='bbox 2931 1277 3091 1334; x_wconf 77' lang='lat' dir='ltr'><strong>fuisse</strong></span> <span class='ocrx_word' id='word_1_562' title='bbox 3117 1297 3306 1351; x_wconf 81' lang='lat' dir='ltr'><strong>aquam</strong></span> <span class='ocrx_word' id='word_1_563' title='bbox 3329 1286 3572 1354; x_wconf 82' lang='lat' dir='ltr'><strong>scissam,</strong></span> 
     </span>
    </p>
   </div>
   <div class='ocr_carea' id='block_1_73' title="bbox 1992 1356 3571 1435">
    <p class='ocr_par' dir='ltr' id='par_1_73' title="bbox 1992 1356 3571 1435">
     <span class='ocr_line' id='line_1_73' title="bbox 1992 1356 3571 1435; baseline 0.018 -30"><span class='ocrx_word' id='word_1_564' title='bbox 1992 1363 2047 1406; x_wconf 89' lang='lat' dir='ltr'><strong>ut</strong></span> <span class='ocrx_word' id='word_1_565' title='bbox 2076 1356 2256 1409; x_wconf 60' lang='lat' dir='ltr'><strong>multa!</strong></span> <span class='ocrx_word' id='word_1_566' title='bbox 2281 1368 2461 1412; x_wconf 90' lang='lat' dir='ltr'><strong>essent</strong></span> <span class='ocrx_word' id='word_1_567' title='bbox 2508 1362 2866 1430; x_wconf 90' lang='lat' dir='ltr'><strong>trajectiones.</strong></span> <span class='ocrx_word' id='word_1_568' title='bbox 2894 1367 3018 1424; x_wconf 78' lang='lat' dir='ltr'><strong>lbee</strong></span> <span class='ocrx_word' id='word_1_569' title='bbox 3048 1380 3222 1428; x_wconf 90' lang='lat' dir='ltr'><strong>autem</strong></span> <span class='ocrx_word' id='word_1_570' title='bbox 3253 1377 3431 1432; x_wconf 90' lang='lat' dir='ltr'><strong>omnia</strong></span> <span class='ocrx_word' id='word_1_571' title='bbox 3473 1380 3571 1435; x_wconf 88' lang='lat' dir='ltr'><strong>etsi</strong></span> 
     </span>
    </p>
   </div>
   <div class='ocr_carea' id='block_1_74' title="bbox 1991 1450 3576 1538">
    <p class='ocr_par' dir='ltr' id='par_1_74' title="bbox 1991 1450 3576 1538">
     <span class='ocr_line' id='line_1_74' title="bbox 1991 1450 3576 1538; baseline 0.016 -39"><span class='ocrx_word' id='word_1_572' title='bbox 1991 1461 2233 1516; x_wconf 80' lang='lat' dir='ltr'><strong>magnam</strong></span> <span class='ocrx_word' id='word_1_573' title='bbox 2291 1450 2642 1508; x_wconf 88' lang='lat' dir='ltr'><strong>ostendebant</strong></span> <span class='ocrx_word' id='word_1_574' title='bbox 2686 1457 3019 1526; x_wconf 89' lang='lat' dir='ltr'><strong>potentiam,</strong></span> <span class='ocrx_word' id='word_1_575' title='bbox 3054 1463 3454 1538; x_wconf 82' lang='lat' dir='ltr'><strong>terribilemque</strong></span> <span class='ocrx_word' id='word_1_576' title='bbox 3517 1477 3576 1524; x_wconf 82' lang='lat' dir='ltr'><strong>et</strong></span> 
     </span>
    </p>
   </div>
   <div class='ocr_carea' id='block_1_75' title="bbox 1991 1545 3571 1631">
    <p class='ocr_par' dir='ltr' id='par_1_75' title="bbox 1991 1545 3571 1631">
     <span class='ocr_line' id='line_1_75' title="bbox 1991 1545 3571 1631; baseline 0.016 -41"><span class='ocrx_word' id='word_1_577' title='bbox 1991 1552 2236 1608; x_wconf 80' lang='lat' dir='ltr'><strong>magnum</strong></span> <span class='ocrx_word' id='word_1_578' title='bbox 2265 1555 2385 1594; x_wconf 91' lang='lat' dir='ltr'><strong>eum</strong></span> <span class='ocrx_word' id='word_1_579' title='bbox 2409 1557 2529 1598; x_wconf 89' lang='lat' dir='ltr'><strong>esse</strong></span> <span class='ocrx_word' id='word_1_580' title='bbox 2553 1545 2878 1616; x_wconf 90' lang='lat' dir='ltr'><strong>iudicabant,</strong></span> <span class='ocrx_word' id='word_1_581' title='bbox 2909 1553 3126 1608; x_wconf 89' lang='lat' dir='ltr'><strong>multam</strong></span> <span class='ocrx_word' id='word_1_582' title='bbox 3152 1565 3329 1612; x_wconf 89' lang='lat' dir='ltr'><strong>tamen</strong></span> <span class='ocrx_word' id='word_1_583' title='bbox 3357 1573 3571 1631; x_wconf 83' lang='lat' dir='ltr'><strong>quoque</strong></span> 
     </span>
    </p>
   </div>
   <div class='ocr_carea' id='block_1_76' title="bbox 1993 1631 3574 1719">
    <p class='ocr_par' dir='ltr' id='par_1_76' title="bbox 1993 1631 3574 1719">
     <span class='ocr_line' id='line_1_76' title="bbox 1993 1631 3574 1719; baseline 0.016 -38"><span class='ocrx_word' id='word_1_584' title='bbox 1993 1631 2043 1682; x_wconf 93' lang='lat' dir='ltr'><strong>in</strong></span> <span class='ocrx_word' id='word_1_585' title='bbox 2070 1644 2129 1684; x_wconf 85' lang='lat' dir='ltr'><strong>se</strong></span> <span class='ocrx_word' id='word_1_586' title='bbox 2161 1631 2422 1687; x_wconf 88' lang='lat' dir='ltr'><strong>habebant</strong></span> <span class='ocrx_word' id='word_1_587' title='bbox 2449 1635 2850 1706; x_wconf 70' lang='lat' dir='ltr'><strong>benignitatem,</strong></span> <span class='ocrx_word' id='word_1_588' title='bbox 2883 1659 2986 1697; x_wconf 92' lang='lat' dir='ltr'><strong>non</strong></span> <span class='ocrx_word' id='word_1_589' title='bbox 3027 1645 3199 1701; x_wconf 80' lang='lat' dir='ltr'><strong>solum</strong></span> <span class='ocrx_word' id='word_1_590' title='bbox 3222 1649 3272 1702; x_wconf 92' lang='lat' dir='ltr'><strong>in</strong></span> <span class='ocrx_word' id='word_1_591' title='bbox 3301 1665 3394 1703; x_wconf 87' lang='lat' dir='ltr'><strong>cos</strong></span> <span class='ocrx_word' id='word_1_592' title='bbox 3439 1667 3574 1719; x_wconf 85' lang='lat' dir='ltr'><strong>quo-</strong></span> 
     </span>
    </p>
   </div>
   <div class='ocr_carea' id='block_1_77' title="bbox 1989 1724 3568 1808">
    <p class='ocr_par' dir='ltr' id='par_1_77' title="bbox 1989 1724 3568 1808">
     <span class='ocr_line' id='line_1_77' title="bbox 1989 1724 3568 1808; baseline 0.015 -34"><span class='ocrx_word' id='word_1_593' title='bbox 1989 1737 2104 1774; x_wconf 89' lang='lat' dir='ltr'><strong>rum</strong></span> <span class='ocrx_word' id='word_1_594' title='bbox 2139 1725 2304 1792; x_wconf 87' lang='lat' dir='ltr'><strong>gratia</strong></span> <span class='ocrx_word' id='word_1_595' title='bbox 2335 1740 2396 1778; x_wconf 90' lang='lat' dir='ltr'><strong>ea</strong></span> <span class='ocrx_word' id='word_1_596' title='bbox 2437 1724 2651 1796; x_wconf 84' lang='lat' dir='ltr'><strong>ﬁebant,</strong></span> <span class='ocrx_word' id='word_1_597' title='bbox 2685 1730 2776 1784; x_wconf 90' lang='lat' dir='ltr'><strong>sed</strong></span> <span class='ocrx_word' id='word_1_598' title='bbox 2819 1732 2864 1784; x_wconf 92' lang='lat' dir='ltr'><strong>si</strong></span> <span class='ocrx_word' id='word_1_599' title='bbox 2911 1735 3203 1792; x_wconf 80' lang='lat' dir='ltr'><strong>voluissent</strong></span> <span class='ocrx_word' id='word_1_600' title='bbox 3253 1742 3528 1796; x_wconf 88' lang='lat' dir='ltr'><strong>attendere</strong></span> <span class='ocrx_word' id='word_1_601' title='bbox 3553 1785 3568 1808; x_wconf 92' lang='lat'><strong>,</strong></span> 
     </span>
    </p>
   </div>
   <div class='ocr_carea' id='block_1_78' title="bbox 1988 1814 3572 1889">
    <p class='ocr_par' dir='ltr' id='par_1_78' title="bbox 1988 1814 3572 1889">
     <span class='ocr_line' id='line_1_78' title="bbox 1988 1814 3572 1889; baseline 0.015 -24"><span class='ocrx_word' id='word_1_602' title='bbox 1988 1814 2146 1865; x_wconf 86' lang='lat' dir='ltr'><strong>etiam</strong></span> <span class='ocrx_word' id='word_1_603' title='bbox 2180 1815 2230 1867; x_wconf 92' lang='lat' dir='ltr'><strong>in</strong></span> <span class='ocrx_word' id='word_1_604' title='bbox 2264 1814 2636 1884; x_wconf 84' lang='lat' dir='ltr'><strong>adversarios;</strong></span> <span class='ocrx_word' id='word_1_605' title='bbox 2667 1835 2772 1874; x_wconf 86' lang='lat' dir='ltr'><strong>non</strong></span> <span class='ocrx_word' id='word_1_606' title='bbox 2817 1822 2962 1878; x_wconf 89' lang='lat' dir='ltr'><strong>enim</strong></span> <span class='ocrx_word' id='word_1_607' title='bbox 3002 1840 3097 1882; x_wconf 84' lang='lat' dir='ltr'><strong>eos</strong></span> <span class='ocrx_word' id='word_1_608' title='bbox 3139 1838 3338 1886; x_wconf 86' lang='lat' dir='ltr'><strong>temere</strong></span> <span class='ocrx_word' id='word_1_609' title='bbox 3382 1842 3438 1886; x_wconf 88' lang='lat' dir='ltr'><strong>et</strong></span> <span class='ocrx_word' id='word_1_610' title='bbox 3478 1850 3572 1889; x_wconf 87' lang='lat' dir='ltr'><strong>ne-</strong></span> 
     </span>
    </p>
   </div>
   <div class='ocr_carea' id='block_1_79' title="bbox 1987 1903 3572 1985">
    <p class='ocr_par' dir='ltr' id='par_1_79' title="bbox 1987 1903 3572 1985">
     <span class='ocr_line' id='line_1_79' title="bbox 1987 1903 3572 1985; baseline 0.015 -31"><span class='ocrx_word' id='word_1_611' title='bbox 1987 1903 2274 1973; x_wconf 75' lang='lat' dir='ltr'><strong>quidquam</strong></span> <span class='ocrx_word' id='word_1_612' title='bbox 2307 1909 2438 1961; x_wconf 89' lang='lat' dir='ltr'><strong>mari</strong></span> <span class='ocrx_word' id='word_1_613' title='bbox 2467 1909 2679 1973; x_wconf 91' lang='lat' dir='ltr'><strong>obruit,</strong></span> <span class='ocrx_word' id='word_1_614' title='bbox 2707 1911 2800 1966; x_wconf 86' lang='lat' dir='ltr'><strong>sed</strong></span> <span class='ocrx_word' id='word_1_615' title='bbox 2827 1914 2968 1982; x_wconf 91' lang='lat' dir='ltr'><strong>quod</strong></span> <span class='ocrx_word' id='word_1_616' title='bbox 2994 1924 3113 1985; x_wconf 92' lang='lat' dir='ltr'><strong>post</strong></span> <span class='ocrx_word' id='word_1_617' title='bbox 3143 1925 3218 1973; x_wconf 93' lang='lat' dir='ltr'><strong>tot</strong></span> <span class='ocrx_word' id='word_1_618' title='bbox 3247 1919 3382 1976; x_wconf 79' lang='lat' dir='ltr'><strong>facta</strong></span> <span class='ocrx_word' id='word_1_619' title='bbox 3412 1923 3572 1977; x_wconf 86' lang='lat' dir='ltr'><strong>mira-</strong></span> 
     </span>
    </p>
   </div>
   <div class='ocr_carea' id='block_1_80' title="bbox 1986 1995 3570 2070">
    <p class='ocr_par' dir='ltr' id='par_1_80' title="bbox 1986 1995 3570 2070">
     <span class='ocr_line' id='line_1_80' title="bbox 1986 1995 3570 2070; baseline 0.014 -23"><span class='ocrx_word' id='word_1_620' title='bbox 1986 1995 2105 2048; x_wconf 83' lang='lat' dir='ltr'><strong>cula</strong></span> <span class='ocrx_word' id='word_1_621' title='bbox 2138 1995 2399 2053; x_wconf 90' lang='lat' dir='ltr'><strong>adversus</strong></span> <span class='ocrx_word' id='word_1_622' title='bbox 2427 2015 2592 2070; x_wconf 84' lang='lat' dir='ltr'><strong>aquas</strong></span> <span class='ocrx_word' id='word_1_623' title='bbox 2621 2002 2795 2058; x_wconf 87' lang='lat' dir='ltr'><strong>adhuc</strong></span> <span class='ocrx_word' id='word_1_624' title='bbox 2838 2021 2988 2060; x_wconf 82' lang='lat' dir='ltr'><strong>suam</strong></span> <span class='ocrx_word' id='word_1_625' title='bbox 3017 2008 3363 2066; x_wconf 91' lang='lat' dir='ltr'><strong>ostenderent</strong></span> <span class='ocrx_word' id='word_1_626' title='bbox 3403 2015 3570 2068; x_wconf 83' lang='lat' dir='ltr'><strong>auda-</strong></span> 
     </span>
    </p>
   </div>
   <div class='ocr_carea' id='block_1_81' title="bbox 1983 2088 3570 2174">
    <p class='ocr_par' dir='ltr' id='par_1_81' title="bbox 1983 2088 3570 2174">
     <span class='ocr_line' id='line_1_81' title="bbox 1983 2088 3570 2174; baseline 0.012 -33"><span class='ocrx_word' id='word_1_627' title='bbox 1983 2088 2142 2143; x_wconf 91' lang='lat' dir='ltr'><strong>ciam.</strong></span> <span class='ocrx_word' id='word_1_628' title='bbox 2200 2090 2492 2160; x_wconf 85' lang='lat' dir='ltr'><strong>Oportebat</strong></span> <span class='ocrx_word' id='word_1_629' title='bbox 2542 2104 2718 2148; x_wconf 89' lang='lat' dir='ltr'><strong>autem</strong></span> <span class='ocrx_word' id='word_1_630' title='bbox 2773 2110 2866 2151; x_wconf 92' lang='lat' dir='ltr'><strong>eos</strong></span> <span class='ocrx_word' id='word_1_631' title='bbox 2917 2097 3124 2156; x_wconf 86' lang='lat' dir='ltr'><strong>etiamsi</strong></span> <span class='ocrx_word' id='word_1_632' title='bbox 3186 2113 3364 2158; x_wconf 83' lang='lat' dir='ltr'><strong>essent</strong></span> <span class='ocrx_word' id='word_1_633' title='bbox 3409 2119 3570 2174; x_wconf 84' lang='lat' dir='ltr'><strong>supra</strong></span> 
     </span>
    </p>
   </div>
   <div class='ocr_carea' id='block_1_82' title="bbox 1983 2181 3569 2265">
    <p class='ocr_par' dir='ltr' id='par_1_82' title="bbox 1983 2181 3569 2265">
     <span class='ocr_line' id='line_1_82' title="bbox 1983 2181 3569 2265; baseline 0.013 -33"><span class='ocrx_word' id='word_1_634' title='bbox 1983 2196 2170 2236; x_wconf 90' lang='lat' dir='ltr'><strong>omnes</strong></span> <span class='ocrx_word' id='word_1_635' title='bbox 2197 2181 2442 2237; x_wconf 87' lang='lat' dir='ltr'><strong>homines</strong></span> <span class='ocrx_word' id='word_1_636' title='bbox 2473 2185 2620 2240; x_wconf 86' lang='lat' dir='ltr'><strong>nullo</strong></span> <span class='ocrx_word' id='word_1_637' title='bbox 2645 2201 2804 2242; x_wconf 91' lang='lat' dir='ltr'><strong>sensu</strong></span> <span class='ocrx_word' id='word_1_638' title='bbox 2833 2189 3038 2258; x_wconf 64' lang='lat' dir='ltr'><strong>prarditi</strong></span> <span class='ocrx_word' id='word_1_639' title='bbox 3061 2233 3075 2256; x_wconf 89' lang='lat'><strong>,</strong></span> <span class='ocrx_word' id='word_1_640' title='bbox 3106 2207 3228 2247; x_wconf 90' lang='lat' dir='ltr'><strong>cum</strong></span> <span class='ocrx_word' id='word_1_641' title='bbox 3255 2197 3569 2265; x_wconf 70' lang='lat' dir='ltr'><strong>prmeedeu-</strong></span> 
     </span>
    </p>
   </div>
   <div class='ocr_carea' id='block_1_83' title="bbox 1985 2273 3568 2350">
    <p class='ocr_par' dir='ltr' id='par_1_83' title="bbox 1985 2273 3568 2350">
     <span class='ocr_line' id='line_1_83' title="bbox 1985 2273 3568 2350; baseline 0.011 -25"><span class='ocrx_word' id='word_1_642' title='bbox 1985 2273 2072 2338; x_wconf 90' lang='lat' dir='ltr'><strong>tia,</strong></span> <span class='ocrx_word' id='word_1_643' title='bbox 2107 2274 2410 2344; x_wconf 70' lang='lat' dir='ltr'><strong>prtrscutia,</strong></span> <span class='ocrx_word' id='word_1_644' title='bbox 2441 2287 2492 2330; x_wconf 90' lang='lat' dir='ltr'><strong>et</strong></span> <span class='ocrx_word' id='word_1_645' title='bbox 2521 2293 2639 2342; x_wconf 70' lang='lat' dir='ltr'><strong>qua:</strong></span> <span class='ocrx_word' id='word_1_646' title='bbox 2675 2290 2826 2333; x_wconf 91' lang='lat' dir='ltr'><strong>erant</strong></span> <span class='ocrx_word' id='word_1_647' title='bbox 2862 2296 2972 2350; x_wconf 70' lang='lat' dir='ltr'><strong>prta</strong></span> <span class='ocrx_word' id='word_1_648' title='bbox 3017 2284 3188 2339; x_wconf 88' lang='lat' dir='ltr'><strong>oculis</strong></span> <span class='ocrx_word' id='word_1_649' title='bbox 3233 2287 3568 2344; x_wconf 80' lang='lat' dir='ltr'><strong>Consideras—</strong></span> 
     </span>
    </p>
   </div>
   <div class='ocr_carea' id='block_1_84' title="bbox 1982 2366 3579 2448">
    <p class='ocr_par' dir='ltr' id='par_1_84' title="bbox 1982 2366 3579 2448">
     <span class='ocr_line' id='line_1_84' title="bbox 1982 2366 3579 2448; baseline 0.009 -30"><span class='ocrx_word' id='word_1_650' title='bbox 1982 2376 2119 2428; x_wconf 87' lang='lat' dir='ltr'><strong>sent,</strong></span> <span class='ocrx_word' id='word_1_651' title='bbox 2155 2366 2271 2435; x_wconf 88' lang='lat' dir='ltr'><strong>ejus</strong></span> <span class='ocrx_word' id='word_1_652' title='bbox 2319 2368 2609 2434; x_wconf 88' lang='lat' dir='ltr'><strong>potentiam</strong></span> <span class='ocrx_word' id='word_1_653' title='bbox 2661 2372 2842 2426; x_wconf 85' lang='lat' dir='ltr'><strong>mirari</strong></span> <span class='ocrx_word' id='word_1_654' title='bbox 2885 2381 2938 2426; x_wconf 91' lang='lat' dir='ltr'><strong>et</strong></span> <span class='ocrx_word' id='word_1_655' title='bbox 2979 2373 3202 2430; x_wconf 87' lang='lat' dir='ltr'><strong>adorare</strong></span> <span class='ocrx_word' id='word_1_656' title='bbox 3232 2419 3246 2443; x_wconf 91' lang='lat'><strong>,</strong></span> <span class='ocrx_word' id='word_1_657' title='bbox 3292 2386 3454 2448; x_wconf 84' lang='lat' dir='ltr'><strong>atque</strong></span> <span class='ocrx_word' id='word_1_658' title='bbox 3499 2381 3579 2432; x_wconf 86' lang='lat' dir='ltr'><strong>ah</strong></span> 
     </span>
    </p>
   </div>
   <div class='ocr_carea' id='block_1_85' title="bbox 1982 2455 3566 2525">
    <p class='ocr_par' dir='ltr' id='par_1_85' title="bbox 1982 2455 3566 2525">
     <span class='ocr_line' id='line_1_85' title="bbox 1982 2455 3566 2525; baseline 0.008 -16"><span class='ocrx_word' id='word_1_659' title='bbox 1982 2455 2279 2525; x_wconf 88' lang='lat' dir='ltr'><strong>importuna</strong></span> <span class='ocrx_word' id='word_1_660' title='bbox 2322 2461 2660 2514; x_wconf 83' lang='lat' dir='ltr'><strong>contentione</strong></span> <span class='ocrx_word' id='word_1_661' title='bbox 2691 2477 2922 2518; x_wconf 87' lang='lat' dir='ltr'><strong>cessare.</strong></span> <span class='ocrx_word' id='word_1_662' title='bbox 2951 2463 3030 2520; x_wconf 89' lang='lat' dir='ltr'><strong>Illi</strong></span> <span class='ocrx_word' id='word_1_663' title='bbox 3063 2479 3238 2522; x_wconf 79' lang='lat' dir='ltr'><strong>autem</strong></span> <span class='ocrx_word' id='word_1_664' title='bbox 3271 2483 3390 2524; x_wconf 90' lang='lat' dir='ltr'><strong>cum</strong></span> <span class='ocrx_word' id='word_1_665' title='bbox 3423 2472 3566 2524; x_wconf 66' lang='lat' dir='ltr'><strong>vide.</strong></span> 
     </span>
    </p>
   </div>
   <div class='ocr_carea' id='block_1_86' title="bbox 1981 2549 3566 2623">
    <p class='ocr_par' dir='ltr' id='par_1_86' title="bbox 1981 2549 3566 2623">
     <span class='ocr_line' id='line_1_86' title="bbox 1981 2549 3566 2623; baseline 0.01 -21"><span class='ocrx_word' id='word_1_666' title='bbox 1981 2558 2100 2602; x_wconf 88' lang='lat' dir='ltr'><strong>rcnt</strong></span> <span class='ocrx_word' id='word_1_667' title='bbox 2125 2549 2428 2605; x_wconf 78' lang='lat' dir='ltr'><strong>universam</strong></span> <span class='ocrx_word' id='word_1_668' title='bbox 2452 2565 2750 2607; x_wconf 76' lang='lat' dir='ltr'><strong>creaIuram</strong></span> <span class='ocrx_word' id='word_1_669' title='bbox 2780 2569 2874 2623; x_wconf 90' lang='lat' dir='ltr'><strong>pro</strong></span> <span class='ocrx_word' id='word_1_670' title='bbox 2897 2556 3012 2623; x_wconf 89' lang='lat' dir='ltr'><strong>ejus</strong></span> <span class='ocrx_word' id='word_1_671' title='bbox 3042 2559 3263 2615; x_wconf 89' lang='lat' dir='ltr'><strong>arbitrio</strong></span> <span class='ocrx_word' id='word_1_672' title='bbox 3285 2564 3475 2617; x_wconf 82' lang='lat' dir='ltr'><strong>mutari</strong></span> <span class='ocrx_word' id='word_1_673' title='bbox 3505 2581 3566 2619; x_wconf 89' lang='lat' dir='ltr'><strong>ac</strong></span> 
     </span>
    </p>
   </div>
   <div class='ocr_carea' id='block_1_87' title="bbox 1982 2642 3560 2722">
    <p class='ocr_par' dir='ltr' id='par_1_87' title="bbox 1982 2642 3560 2722">
     <span class='ocr_line' id='line_1_87' title="bbox 1982 2642 3560 2722; baseline 0.008 -26"><span class='ocrx_word' id='word_1_674' title='bbox 1982 2642 2349 2698; x_wconf 77' lang='lat' dir='ltr'><strong>transformari</strong></span> <span class='ocrx_word' id='word_1_675' title='bbox 2372 2687 2387 2710; x_wconf 90' lang='lat'><strong>,</strong></span> <span class='ocrx_word' id='word_1_676' title='bbox 2419 2654 2473 2700; x_wconf 91' lang='lat' dir='ltr'><strong>et</strong></span> <span class='ocrx_word' id='word_1_677' title='bbox 2500 2661 2618 2700; x_wconf 92' lang='lat' dir='ltr'><strong>cmu</strong></span> <span class='ocrx_word' id='word_1_678' title='bbox 2651 2649 2728 2701; x_wconf 89' lang='lat' dir='ltr'><strong>eis</strong></span> <span class='ocrx_word' id='word_1_679' title='bbox 2756 2648 3074 2719; x_wconf 83' lang='lat' dir='ltr'><strong>belligerare</strong></span> <span class='ocrx_word' id='word_1_680' title='bbox 3093 2692 3110 2719; x_wconf 93' lang='lat'><strong>,</strong></span> <span class='ocrx_word' id='word_1_681' title='bbox 3134 2667 3202 2708; x_wconf 89' lang='lat' dir='ltr'><strong>ne</strong></span> <span class='ocrx_word' id='word_1_682' title='bbox 3241 2655 3318 2708; x_wconf 90' lang='lat' dir='ltr'><strong>sic</strong></span> <span class='ocrx_word' id='word_1_683' title='bbox 3345 2655 3560 2722; x_wconf 88' lang='lat' dir='ltr'><strong>quidem</strong></span> 
     </span>
    </p>
   </div>
   <div class='ocr_carea' id='block_1_88' title="bbox 1979 2735 3564 2803">
    <p class='ocr_par' dir='ltr' id='par_1_88' title="bbox 1979 2735 3564 2803">
     <span class='ocr_line' id='line_1_88' title="bbox 1979 2735 3564 2803; baseline 0.009 -15"><span class='ocrx_word' id='word_1_684' title='bbox 1979 2749 2007 2788; x_wconf 90' lang='lat' dir='ltr'><strong>a</strong></span> <span class='ocrx_word' id='word_1_685' title='bbox 2041 2735 2223 2792; x_wconf 84' lang='lat' dir='ltr'><strong>lurore</strong></span> <span class='ocrx_word' id='word_1_686' title='bbox 2254 2736 2597 2803; x_wconf 84' lang='lat' dir='ltr'><strong>destiterunt,</strong></span> <span class='ocrx_word' id='word_1_687' title='bbox 2627 2740 2719 2794; x_wconf 90' lang='lat' dir='ltr'><strong>sed</strong></span> <span class='ocrx_word' id='word_1_688' title='bbox 2769 2743 2926 2796; x_wconf 88' lang='lat' dir='ltr'><strong>etiam</strong></span> <span class='ocrx_word' id='word_1_689' title='bbox 2976 2759 3096 2798; x_wconf 91' lang='lat' dir='ltr'><strong>cum</strong></span> <span class='ocrx_word' id='word_1_690' title='bbox 3143 2745 3387 2800; x_wconf 87' lang='lat' dir='ltr'><strong>viderent</strong></span> <span class='ocrx_word' id='word_1_691' title='bbox 3436 2748 3564 2802; x_wconf 85' lang='lat' dir='ltr'><strong>illud</strong></span> 
     </span>
    </p>
   </div>
   <div class='ocr_carea' id='block_1_89' title="bbox 1981 2828 3561 2907">
    <p class='ocr_par' dir='ltr' id='par_1_89' title="bbox 1981 2828 3561 2907">
     <span class='ocr_line' id='line_1_89' title="bbox 1981 2828 3561 2907; baseline 0.008 -25"><span class='ocrx_word' id='word_1_692' title='bbox 1981 2828 2294 2883; x_wconf 89' lang='lat' dir='ltr'><strong>miraculum</strong></span> <span class='ocrx_word' id='word_1_693' title='bbox 2337 2831 2353 2861; x_wconf 77' lang='grc'>⁸</span> <span class='ocrx_word' id='word_1_694' title='bbox 2408 2831 2548 2900; x_wconf 91' lang='lat' dir='ltr'><strong>quod</strong></span> <span class='ocrx_word' id='word_1_695' title='bbox 2593 2848 2804 2888; x_wconf 91' lang='lat' dir='ltr'><strong>omnem</strong></span> <span class='ocrx_word' id='word_1_696' title='bbox 2839 2832 3155 2904; x_wconf 80' lang='lat' dir='ltr'><strong>superabat</strong></span> <span class='ocrx_word' id='word_1_697' title='bbox 3219 2840 3561 2907; x_wconf 80' lang='lat' dir='ltr'><strong>opinionem,</strong></span> 
     </span>
    </p>
   </div>
   <div class='ocr_carea' id='block_1_90' title="bbox 1977 2917 3563 2997">
    <p class='ocr_par' dir='ltr' id='par_1_90' title="bbox 1977 2917 3563 2997">
     <span class='ocr_line' id='line_1_90' title="bbox 1977 2917 3563 2997; baseline 0.009 -26"><span class='ocrx_word' id='word_1_698' title='bbox 1977 2917 2151 2974; x_wconf 86' lang='lat' dir='ltr'><strong>aliena</strong></span> <span class='ocrx_word' id='word_1_699' title='bbox 2187 2919 2276 2974; x_wconf 86' lang='lat' dir='ltr'><strong>illa</strong></span> <span class='ocrx_word' id='word_1_700' title='bbox 2307 2930 2361 2976; x_wconf 89' lang='lat' dir='ltr'><strong>et</strong></span> <span class='ocrx_word' id='word_1_701' title='bbox 2405 2936 2538 2976; x_wconf 86' lang='lat' dir='ltr'><strong>nova</strong></span> <span class='ocrx_word' id='word_1_702' title='bbox 2570 2924 2652 2976; x_wconf 87' lang='lat' dir='ltr'><strong>via</strong></span> <span class='ocrx_word' id='word_1_703' title='bbox 2703 2923 2908 2992; x_wconf 77' lang='lat' dir='ltr'><strong>ingredi</strong></span> <span class='ocrx_word' id='word_1_704' title='bbox 2953 2927 3067 2981; x_wconf 89' lang='lat' dir='ltr'><strong>ausi</strong></span> <span class='ocrx_word' id='word_1_705' title='bbox 3117 2941 3259 2982; x_wconf 88' lang='lat' dir='ltr'><strong>sunt.</strong></span> <span class='ocrx_word' id='word_1_706' title='bbox 3305 2930 3563 2997; x_wconf 72' lang='lat' dir='ltr'><strong>Quocirca</strong></span> 
     </span>
    </p>
   </div>
   <div class='ocr_carea' id='block_1_91' title="bbox 1978 3011 3565 3092">
    <p class='ocr_par' dir='ltr' id='par_1_91' title="bbox 1978 3011 3565 3092">
     <span class='ocr_line' id='line_1_91' title="bbox 1978 3011 3565 3092; baseline 0.008 -29"><span class='ocrx_word' id='word_1_707' title='bbox 1978 3025 2126 3064; x_wconf 88' lang='lat' dir='ltr'><strong>mare</strong></span> <span class='ocrx_word' id='word_1_708' title='bbox 2168 3011 2272 3066; x_wconf 92' lang='lat' dir='ltr'><strong>illis</strong></span> <span class='ocrx_word' id='word_1_709' title='bbox 2316 3013 2618 3081; x_wconf 87' lang='lat' dir='ltr'><strong>sepulcrum</strong></span> <span class='ocrx_word' id='word_1_710' title='bbox 2649 3013 2898 3071; x_wconf 84' lang='lat' dir='ltr'><strong>eflicilur.</strong></span> <span class='ocrx_word' id='word_1_711' title='bbox 2932 3017 3046 3072; x_wconf 84' lang='lat' dir='ltr'><strong>Non</strong></span> <span class='ocrx_word' id='word_1_712' title='bbox 3093 3019 3234 3074; x_wconf 83' lang='lat' dir='ltr'><strong>enim</strong></span> <span class='ocrx_word' id='word_1_713' title='bbox 3277 3032 3391 3076; x_wconf 73' lang='lat' dir='ltr'><strong>erat</strong></span> <span class='ocrx_word' id='word_1_714' title='bbox 3427 3037 3565 3092; x_wconf 84' lang='lat' dir='ltr'><strong>Opus</strong></span> 
     </span>
    </p>
   </div>
   <div class='ocr_carea' id='block_1_92' title="bbox 1981 3104 3565 3180">
    <p class='ocr_par' dir='ltr' id='par_1_92' title="bbox 1981 3104 3565 3180">
     <span class='ocr_line' id='line_1_92' title="bbox 1981 3104 3565 3180; baseline 0.009 -24"><span class='ocrx_word' id='word_1_715' title='bbox 1981 3113 2184 3159; x_wconf 69' lang='lat' dir='ltr'><strong>natura:</strong></span> <span class='ocrx_word' id='word_1_716' title='bbox 2214 3105 2357 3175; x_wconf 92' lang='lat' dir='ltr'><strong>quod</strong></span> <span class='ocrx_word' id='word_1_717' title='bbox 2379 3104 2538 3160; x_wconf 82' lang='lat' dir='ltr'><strong>ﬁebat</strong></span> <span class='ocrx_word' id='word_1_718' title='bbox 2558 3148 2573 3172; x_wconf 89' lang='lat'><strong>,</strong></span> <span class='ocrx_word' id='word_1_719' title='bbox 2601 3106 2692 3162; x_wconf 70' lang='lat' dir='ltr'><strong>sed</strong></span> <span class='ocrx_word' id='word_1_720' title='bbox 2723 3109 2889 3180; x_wconf 72' lang='lat' dir='ltr'><strong>plaga:</strong></span> <span class='ocrx_word' id='word_1_721' title='bbox 2915 3109 3168 3166; x_wconf 78' lang='lat' dir='ltr'><strong>divinitus</strong></span> <span class='ocrx_word' id='word_1_722' title='bbox 3197 3115 3445 3170; x_wconf 79' lang='lat' dir='ltr'><strong>immissa:</strong></span> <span class='ocrx_word' id='word_1_723' title='bbox 3472 3133 3486 3170; x_wconf 86' lang='lat'><strong>:</strong></span> <span class='ocrx_word' id='word_1_724' title='bbox 3509 3126 3565 3171; x_wconf 88' lang='lat' dir='ltr'><strong>et</strong></span> 
     </span>
    </p>
   </div>
   <div class='ocr_carea' id='block_1_93' title="bbox 1977 3196 3568 3271">
    <p class='ocr_par' dir='ltr' id='par_1_93' title="bbox 1977 3196 3568 3271">
     <span class='ocr_line' id='line_1_93' title="bbox 1977 3196 3568 3271; baseline 0.009 -22"><span class='ocrx_word' id='word_1_725' title='bbox 1977 3196 2096 3251; x_wconf 91' lang='lat' dir='ltr'><strong>ideo</strong></span> <span class='ocrx_word' id='word_1_726' title='bbox 2131 3198 2276 3251; x_wconf 88' lang='lat' dir='ltr'><strong>brevi</strong></span> <span class='ocrx_word' id='word_1_727' title='bbox 2318 3207 2592 3254; x_wconf 89' lang='lat' dir='ltr'><strong>momento</strong></span> <span class='ocrx_word' id='word_1_728' title='bbox 2643 3202 2897 3271; x_wconf 88' lang='lat' dir='ltr'><strong>temporis</strong></span> <span class='ocrx_word' id='word_1_729' title='bbox 2928 3203 3127 3258; x_wconf 79' lang='lat' dir='ltr'><strong>ﬁebant</strong></span> <span class='ocrx_word' id='word_1_730' title='bbox 3169 3207 3434 3261; x_wconf 85' lang='lat' dir='ltr'><strong>contraria</strong></span> <span class='ocrx_word' id='word_1_731' title='bbox 3464 3224 3478 3262; x_wconf 88' lang='lat'><strong>:</strong></span> <span class='ocrx_word' id='word_1_732' title='bbox 3509 3219 3568 3264; x_wconf 78' lang='lat' dir='ltr'><strong>tt</strong></span> 
     </span>
    </p>
   </div>
   <div class='ocr_carea' id='block_1_94' title="bbox 1978 3287 3562 3368">
    <p class='ocr_par' dir='ltr' id='par_1_94' title="bbox 1978 3287 3562 3368">
     <span class='ocr_line' id='line_1_94' title="bbox 1978 3287 3562 3368; baseline 0.009 -30"><span class='ocrx_word' id='word_1_733' title='bbox 1978 3302 2083 3340; x_wconf 90' lang='lat' dir='ltr'><strong>non</strong></span> <span class='ocrx_word' id='word_1_734' title='bbox 2111 3287 2452 3344; x_wconf 87' lang='lat' dir='ltr'><strong>scindebatur</strong></span> <span class='ocrx_word' id='word_1_735' title='bbox 2481 3297 2684 3345; x_wconf 89' lang='lat' dir='ltr'><strong>tantum</strong></span> <span class='ocrx_word' id='word_1_736' title='bbox 2715 3292 2766 3346; x_wconf 92' lang='lat' dir='ltr'><strong>in</strong></span> <span class='ocrx_word' id='word_1_737' title='bbox 2794 3308 2952 3347; x_wconf 87' lang='lat' dir='ltr'><strong>unam</strong></span> <span class='ocrx_word' id='word_1_738' title='bbox 2977 3303 3203 3363; x_wconf 87' lang='lat' dir='ltr'><strong>partem,</strong></span> <span class='ocrx_word' id='word_1_739' title='bbox 3226 3296 3319 3351; x_wconf 89' lang='lat' dir='ltr'><strong>sed</strong></span> <span class='ocrx_word' id='word_1_740' title='bbox 3339 3312 3436 3368; x_wconf 90' lang='lat' dir='ltr'><strong>pro</strong></span> <span class='ocrx_word' id='word_1_741' title='bbox 3457 3314 3562 3353; x_wconf 87' lang='lat' dir='ltr'><strong>uu-</strong></span> 
     </span>
    </p>
   </div>
   <div class='ocr_carea' id='block_1_95' title="bbox 1976 3381 3565 3458">
    <p class='ocr_par' dir='ltr' id='par_1_95' title="bbox 1976 3381 3565 3458">
     <span class='ocr_line' id='line_1_95' title="bbox 1976 3381 3565 3458; baseline 0.008 -27"><span class='ocrx_word' id='word_1_742' title='bbox 1976 3393 2125 3431; x_wconf 81' lang='lat' dir='ltr'><strong>mero</strong></span> <span class='ocrx_word' id='word_1_743' title='bbox 2153 3381 2390 3434; x_wconf 90' lang='lat' dir='ltr'><strong>omnimn</strong></span> <span class='ocrx_word' id='word_1_744' title='bbox 2436 3381 2688 3436; x_wconf 85' lang='lat' dir='ltr'><strong>tribuum.</strong></span> <span class='ocrx_word' id='word_1_745' title='bbox 2723 3381 2776 3437; x_wconf 85' lang='lat' dir='ltr'><strong>in</strong></span> <span class='ocrx_word' id='word_1_746' title='bbox 2824 3398 3143 3455; x_wconf 84' lang='lat' dir='ltr'><strong>unoquoque</strong></span> <span class='ocrx_word' id='word_1_747' title='bbox 3186 3395 3362 3441; x_wconf 83' lang='lat' dir='ltr'><strong>autem</strong></span> <span class='ocrx_word' id='word_1_748' title='bbox 3407 3388 3565 3458; x_wconf 85' lang='lat' dir='ltr'><strong>signo</strong></span> 
     </span>
    </p>
   </div>
   <div class='ocr_carea' id='block_1_96' title="bbox 1977 3471 3564 3535">
    <p class='ocr_par' dir='ltr' id='par_1_96' title="bbox 1977 3471 3564 3535">
     <span class='ocr_line' id='line_1_96' title="bbox 1977 3471 3564 3535; baseline 0.008 -12"><span class='ocrx_word' id='word_1_749' title='bbox 1977 3471 2218 3524; x_wconf 90' lang='lat' dir='ltr'><strong>meminit</strong></span> <span class='ocrx_word' id='word_1_750' title='bbox 2241 3473 2622 3528; x_wconf 75' lang='lat' dir='ltr'><strong>misericordia:</strong></span> <span class='ocrx_word' id='word_1_751' title='bbox 2653 3491 2666 3526; x_wconf 94' lang='lat'><strong>:</strong></span> <span class='ocrx_word' id='word_1_752' title='bbox 2699 3474 2800 3530; x_wconf 89' lang='lat' dir='ltr'><strong>hoc</strong></span> <span class='ocrx_word' id='word_1_753' title='bbox 2827 3476 2969 3530; x_wconf 90' lang='lat' dir='ltr'><strong>enim</strong></span> <span class='ocrx_word' id='word_1_754' title='bbox 3003 3477 3111 3531; x_wconf 84' lang='lat' dir='ltr'><strong>Deo</strong></span> <span class='ocrx_word' id='word_1_755' title='bbox 3140 3479 3385 3534; x_wconf 70' lang='lat' dir='ltr'><strong>maxime:</strong></span> <span class='ocrx_word' id='word_1_756' title='bbox 3417 3495 3564 3535; x_wconf 69' lang='lat' dir='ltr'><strong>cum:</strong></span> 
     </span>
    </p>
   </div>
   <div class='ocr_carea' id='block_1_97' title="bbox 1976 3559 3558 3635">
    <p class='ocr_par' dir='ltr' id='par_1_97' title="bbox 1976 3559 3558 3635">
     <span class='ocr_line' id='line_1_97' title="bbox 1976 3559 3558 3635; baseline 0.007 -22"><span class='ocrx_word' id='word_1_757' title='bbox 1976 3569 2112 3624; x_wconf 84' lang='lat' dir='ltr'><strong>erat,</strong></span> <span class='ocrx_word' id='word_1_758' title='bbox 2142 3559 2572 3631; x_wconf 89' lang='lat' dir='ltr'><strong>quandoquidem</strong></span> <span class='ocrx_word' id='word_1_759' title='bbox 2614 3578 2711 3633; x_wconf 91' lang='lat' dir='ltr'><strong>per</strong></span> <span class='ocrx_word' id='word_1_760' title='bbox 2741 3564 3005 3620; x_wconf 88' lang='lat' dir='ltr'><strong>elementa</strong></span> <span class='ocrx_word' id='word_1_761' title='bbox 3039 3567 3236 3622; x_wconf 83' lang='lat' dir='ltr'><strong>ﬁebant</strong></span> <span class='ocrx_word' id='word_1_762' title='bbox 3279 3569 3558 3635; x_wconf 82' lang='lat' dir='ltr'><strong>miracula,</strong></span> 
     </span>
    </p>
   </div>
   <div class='ocr_carea' id='block_1_98' title="bbox 1974 3651 3563 3727">
    <p class='ocr_par' dir='ltr' id='par_1_98' title="bbox 1974 3651 3563 3727">
     <span class='ocr_line' id='line_1_98' title="bbox 1974 3651 3563 3727; baseline 0.006 -22"><span class='ocrx_word' id='word_1_763' title='bbox 1974 3667 2043 3705; x_wconf 87' lang='lat' dir='ltr'><strong>ne</strong></span> <span class='ocrx_word' id='word_1_764' title='bbox 2060 3667 2177 3722; x_wconf 78' lang='lat' dir='ltr'><strong>quze</strong></span> <span class='ocrx_word' id='word_1_765' title='bbox 2203 3651 2419 3720; x_wconf 86' lang='lat' dir='ltr'><strong>ﬁebant,</strong></span> <span class='ocrx_word' id='word_1_766' title='bbox 2437 3655 2874 3711; x_wconf 83' lang='lat' dir='ltr'><strong>existimarentur</strong></span> <span class='ocrx_word' id='word_1_767' title='bbox 2897 3673 3017 3713; x_wconf 88' lang='lat' dir='ltr'><strong>esse</strong></span> <span class='ocrx_word' id='word_1_768' title='bbox 3042 3659 3269 3727; x_wconf 86' lang='lat' dir='ltr'><strong>alicujus</strong></span> <span class='ocrx_word' id='word_1_769' title='bbox 3299 3661 3563 3714; x_wconf 85' lang='lat' dir='ltr'><strong>naturalis</strong></span> 
     </span>
    </p>
   </div>
   <div class='ocr_carea' id='block_1_99' title="bbox 1975 3743 3562 3820">
    <p class='ocr_par' dir='ltr' id='par_1_99' title="bbox 1975 3743 3562 3820">
     <span class='ocr_line' id='line_1_99' title="bbox 1975 3743 3562 3820; baseline 0.006 -24"><span class='ocrx_word' id='word_1_770' title='bbox 1975 3743 2180 3798; x_wconf 90' lang='lat' dir='ltr'><strong>ordinis</strong></span> <span class='ocrx_word' id='word_1_771' title='bbox 2209 3760 2410 3811; x_wconf 89' lang='lat' dir='ltr'><strong>rerutn,</strong></span> <span class='ocrx_word' id='word_1_772' title='bbox 2445 3746 2538 3800; x_wconf 89' lang='lat' dir='ltr'><strong>sed</strong></span> <span class='ocrx_word' id='word_1_773' title='bbox 2568 3748 2782 3815; x_wconf 85' lang='lat' dir='ltr'><strong>superni</strong></span> <span class='ocrx_word' id='word_1_774' title='bbox 2810 3751 3012 3813; x_wconf 81' lang='lat' dir='ltr'><strong>auxilii,</strong></span> <span class='ocrx_word' id='word_1_775' title='bbox 3041 3751 3183 3820; x_wconf 87' lang='lat' dir='ltr'><strong>quod</strong></span> <span class='ocrx_word' id='word_1_776' title='bbox 3210 3767 3420 3806; x_wconf 87' lang='lat' dir='ltr'><strong>omnem</strong></span> <span class='ocrx_word' id='word_1_777' title='bbox 3446 3755 3562 3820; x_wconf 82' lang='lat' dir='ltr'><strong>opi-</strong></span> 
     </span>
    </p>
   </div>
   <div class='ocr_carea' id='block_1_100' title="bbox 1974 3838 3558 3909">
    <p class='ocr_par' dir='ltr' id='par_1_100' title="bbox 1974 3838 3558 3909">
     <span class='ocr_line' id='line_1_100' title="bbox 1974 3838 3558 3909; baseline 0.005 -20"><span class='ocrx_word' id='word_1_778' title='bbox 1974 3838 2186 3896; x_wconf 88' lang='lat' dir='ltr'><strong>nionem</strong></span> <span class='ocrx_word' id='word_1_779' title='bbox 2231 3840 2534 3908; x_wconf 87' lang='lat' dir='ltr'><strong>superantia</strong></span> <span class='ocrx_word' id='word_1_780' title='bbox 2575 3841 2738 3895; x_wconf 79' lang='lat' dir='ltr'><strong>cﬁicit</strong></span> <span class='ocrx_word' id='word_1_781' title='bbox 2777 3843 3050 3896; x_wconf 84' lang='lat' dir='ltr'><strong>miracula.</strong></span> <span class='ocrx_word' id='word_1_782' title='bbox 3085 3843 3236 3909; x_wconf 88' lang='lat' dir='ltr'><strong>Quod</strong></span> <span class='ocrx_word' id='word_1_783' title='bbox 3283 3845 3443 3899; x_wconf 80' lang='lat' dir='ltr'><strong>etiam</strong></span> <span class='ocrx_word' id='word_1_784' title='bbox 3507 3845 3558 3897; x_wconf 87' lang='lat' dir='ltr'><strong>in</strong></span> 
     </span>
    </p>
   </div>
   <div class='ocr_carea' id='block_1_101' title="bbox 1977 3930 3560 4005">
    <p class='ocr_par' dir='ltr' id='par_1_101' title="bbox 1977 3930 3560 4005">
     <span class='ocr_line' id='line_1_101' title="bbox 1977 3930 3560 4005; baseline 0.006 -23"><span class='ocrx_word' id='word_1_785' title='bbox 1977 3930 2110 3983; x_wconf 90' lang='lat' dir='ltr'><strong>mari</strong></span> <span class='ocrx_word' id='word_1_786' title='bbox 2149 3930 2341 3985; x_wconf 87' lang='lat' dir='ltr'><strong>accidit</strong></span> <span class='ocrx_word' id='word_1_787' title='bbox 2370 3949 2384 3983; x_wconf 92' lang='lat'><strong>:</strong></span> <span class='ocrx_word' id='word_1_788' title='bbox 2415 3931 2572 4001; x_wconf 85' lang='lat' dir='ltr'><strong>idque</strong></span> <span class='ocrx_word' id='word_1_789' title='bbox 2601 3943 2784 4001; x_wconf 89' lang='lat' dir='ltr'><strong>aperte</strong></span> <span class='ocrx_word' id='word_1_790' title='bbox 2810 3942 3084 3988; x_wconf 75' lang='lat' dir='ltr'><strong>Ostensum</strong></span> <span class='ocrx_word' id='word_1_791' title='bbox 3116 3947 3193 3988; x_wconf 79' lang='lat' dir='ltr'><strong>est</strong></span> <span class='ocrx_word' id='word_1_792' title='bbox 3220 3951 3284 3988; x_wconf 79' lang='lat' dir='ltr'><strong>ex</strong></span> <span class='ocrx_word' id='word_1_793' title='bbox 3312 3951 3396 3999; x_wconf 92' lang='lat' dir='ltr'><strong>eo,</strong></span> <span class='ocrx_word' id='word_1_794' title='bbox 3419 3937 3560 4005; x_wconf 84' lang='lat' dir='ltr'><strong>quod</strong></span> 
     </span>
    </p>
   </div>
   <div class='ocr_carea' id='block_1_102' title="bbox 1979 4022 3560 4094">
    <p class='ocr_par' dir='ltr' id='par_1_102' title="bbox 1979 4022 3560 4094">
     <span class='ocr_line' id='line_1_102' title="bbox 1979 4022 3560 4094; baseline 0.003 -18"><span class='ocrx_word' id='word_1_795' title='bbox 1979 4031 2098 4090; x_wconf 90' lang='lat' dir='ltr'><strong>post</strong></span> <span class='ocrx_word' id='word_1_796' title='bbox 2124 4022 2248 4077; x_wconf 91' lang='lat' dir='ltr'><strong>illud</strong></span> <span class='ocrx_word' id='word_1_797' title='bbox 2277 4038 2381 4077; x_wconf 92' lang='lat' dir='ltr'><strong>non</strong></span> <span class='ocrx_word' id='word_1_798' title='bbox 2407 4023 2634 4092; x_wconf 86' lang='lat' dir='ltr'><strong>amplius</strong></span> <span class='ocrx_word' id='word_1_799' title='bbox 2674 4024 2868 4080; x_wconf 75' lang='lat' dir='ltr'><strong>factum</strong></span> <span class='ocrx_word' id='word_1_800' title='bbox 2896 4027 2964 4078; x_wconf 90' lang='lat' dir='ltr'><strong>sit</strong></span> <span class='ocrx_word' id='word_1_801' title='bbox 2996 4044 3010 4080; x_wconf 91' lang='lat'><strong>:</strong></span> <span class='ocrx_word' id='word_1_802' title='bbox 3043 4041 3160 4094; x_wconf 68' lang='lat' dir='ltr'><strong>quae</strong></span> <span class='ocrx_word' id='word_1_803' title='bbox 3198 4039 3374 4081; x_wconf 85' lang='lat' dir='ltr'><strong>autem</strong></span> <span class='ocrx_word' id='word_1_804' title='bbox 3401 4038 3526 4081; x_wconf 84' lang='lat' dir='ltr'><strong>natu</strong></span> <span class='ocrx_word' id='word_1_805' title='bbox 3545 4057 3560 4068; x_wconf 83' lang='lat'><strong>-</strong></span> 
     </span>
    </p>
   </div>
   <div class='ocr_carea' id='block_1_103' title="bbox 1977 4115 3560 4185">
    <p class='ocr_par' dir='ltr' id='par_1_103' title="bbox 1977 4115 3560 4185">
     <span class='ocr_line' id='line_1_103' title="bbox 1977 4115 3560 4185; baseline 0.002 -17"><span class='ocrx_word' id='word_1_806' title='bbox 1977 4115 2162 4171; x_wconf 85' lang='lat' dir='ltr'><strong>raliter</strong></span> <span class='ocrx_word' id='word_1_807' title='bbox 2189 4115 2321 4168; x_wconf 87' lang='lat' dir='ltr'><strong>litlul</strong></span> <span class='ocrx_word' id='word_1_808' title='bbox 2341 4156 2355 4176; x_wconf 85' lang='lat'><strong>,</strong></span> <span class='ocrx_word' id='word_1_809' title='bbox 2386 4125 2510 4170; x_wconf 90' lang='lat' dir='ltr'><strong>sunt</strong></span> <span class='ocrx_word' id='word_1_810' title='bbox 2534 4115 2848 4185; x_wconf 79' lang='lat' dir='ltr'><strong>frequentia,</strong></span> <span class='ocrx_word' id='word_1_811' title='bbox 2873 4127 2927 4171; x_wconf 85' lang='lat' dir='ltr'><strong>et</strong></span> <span class='ocrx_word' id='word_1_812' title='bbox 2947 4128 3094 4171; x_wconf 84' lang='lat' dir='ltr'><strong>certo</strong></span> <span class='ocrx_word' id='word_1_813' title='bbox 3117 4127 3358 4185; x_wconf 78' lang='lat' dir='ltr'><strong>tempore</strong></span> <span class='ocrx_word' id='word_1_814' title='bbox 3386 4119 3560 4172; x_wconf 85' lang='lat' dir='ltr'><strong>solent</strong></span> 
     </span>
    </p>
   </div>
   <div class='ocr_carea' id='block_1_104' title="bbox 1980 4208 3560 4280">
    <p class='ocr_par' dir='ltr' id='par_1_104' title="bbox 1980 4208 3560 4280">
     <span class='ocr_line' id='line_1_104' title="bbox 1980 4208 3560 4280; baseline 0.002 -19"><span class='ocrx_word' id='word_1_815' title='bbox 1980 4209 2112 4262; x_wconf 88' lang='lat' dir='ltr'><strong>lieri.</strong></span> <span class='ocrx_word' id='word_1_816' title='bbox 2145 4210 2227 4264; x_wconf 65' lang='lat' dir='ltr'><strong>l4.</strong></span> <span class='ocrx_word' id='word_1_817' title='bbox 2265 4209 2332 4264; x_wconf 79' lang='lat' dir='ltr'><strong>Et</strong></span> <span class='ocrx_word' id='word_1_818' title='bbox 2372 4210 2541 4264; x_wconf 75' lang='lat' dir='ltr'><strong>eduxit</strong></span> <span class='ocrx_word' id='word_1_819' title='bbox 2581 4208 2746 4264; x_wconf 80' lang='lat' dir='ltr'><strong>Israel</strong></span> <span class='ocrx_word' id='word_1_820' title='bbox 2783 4225 2872 4278; x_wconf 81' lang='lat' dir='ltr'><strong>per</strong></span> <span class='ocrx_word' id='word_1_821' title='bbox 2906 4210 3123 4262; x_wconf 79' lang='lat' dir='ltr'><strong>medium</strong></span> <span class='ocrx_word' id='word_1_822' title='bbox 3150 4212 3256 4280; x_wconf 70' lang='lat' dir='ltr'><strong>ejus</strong></span> <span class='ocrx_word' id='word_1_823' title='bbox 3282 4225 3301 4264; x_wconf 91' lang='lat'><strong><em>:</em></strong></span> <span class='ocrx_word' id='word_1_824' title='bbox 3325 4211 3560 4280; x_wconf 77' lang='lat' dir='ltr'><strong>quoniam</strong></span> 
     </span>
    </p>
   </div>
   <div class='ocr_carea' id='block_1_105' title="bbox 1976 4304 2821 4373">
    <p class='ocr_par' dir='ltr' id='par_1_105' title="bbox 1976 4304 2821 4373">
     <span class='ocr_line' id='line_1_105' title="bbox 1976 4304 2821 4373; baseline -0.001 -16"><span class='ocrx_word' id='word_1_825' title='bbox 1976 4306 2026 4358; x_wconf 88' lang='lat' dir='ltr'><strong>iu</strong></span> <span class='ocrx_word' id='word_1_826' title='bbox 2057 4305 2298 4359; x_wconf 76' lang='lat' dir='ltr'><strong>swculum</strong></span> <span class='ocrx_word' id='word_1_827' title='bbox 2324 4304 2668 4359; x_wconf 84' lang='lat' dir='ltr'><strong>misericordia</strong></span> <span class='ocrx_word' id='word_1_828' title='bbox 2694 4305 2821 4373; x_wconf 72' lang='lat' dir='ltr'><strong>ejus.</strong></span> 
     </span>
    </p>
   </div>
   <div class='ocr_carea' id='block_1_106' title="bbox 2047 4395 3560 4467">
    <p class='ocr_par' dir='ltr' id='par_1_106' title="bbox 2047 4395 3560 4467">
     <span class='ocr_line' id='line_1_106' title="bbox 2047 4395 3560 4467; baseline -0.001 -14"><span class='ocrx_word' id='word_1_829' title='bbox 2047 4399 2098 4453; x_wconf 85' lang='lat'><strong>5.</strong></span> <span class='ocrx_word' id='word_1_830' title='bbox 2129 4397 2286 4451; x_wconf 86' lang='lat' dir='ltr'><strong>Vides</strong></span> <span class='ocrx_word' id='word_1_831' title='bbox 2311 4395 2578 4466; x_wconf 85' lang='lat' dir='ltr'><strong>quomodo</strong></span> <span class='ocrx_word' id='word_1_832' title='bbox 2600 4397 2650 4450; x_wconf 92' lang='lat' dir='ltr'><strong>in</strong></span> <span class='ocrx_word' id='word_1_833' title='bbox 2677 4410 2998 4467; x_wconf 89' lang='lat' dir='ltr'><strong>unoquoque</strong></span> <span class='ocrx_word' id='word_1_834' title='bbox 3012 4411 3168 4452; x_wconf 78' lang='lat' dir='ltr'><strong>versu</strong></span> <span class='ocrx_word' id='word_1_835' title='bbox 3194 4397 3314 4466; x_wconf 88' lang='lat' dir='ltr'><strong>jure</strong></span> <span class='ocrx_word' id='word_1_836' title='bbox 3340 4395 3560 4466; x_wconf 80' lang='lat' dir='ltr'><strong>subjun-</strong></span> 
     </span>
    </p>
   </div>
   <div class='ocr_carea' id='block_1_107' title="bbox 1975 4489 3558 4562">
    <p class='ocr_par' dir='ltr' id='par_1_107' title="bbox 1975 4489 3558 4562">
     <span class='ocr_line' id='line_1_107' title="bbox 1975 4489 3558 4562; baseline 0.001 -18"><span class='ocrx_word' id='word_1_837' title='bbox 1975 4491 2051 4562; x_wconf 83' lang='lat' dir='ltr'><strong>git</strong></span> <span class='ocrx_word' id='word_1_838' title='bbox 2079 4490 2227 4553; x_wconf 88' lang='lat' dir='ltr'><strong>illud,</strong></span> <span class='ocrx_word' id='word_1_839' title='bbox 2281 4489 2345 4543; x_wconf 85' lang='lat' dir='ltr'><strong>In</strong></span> <span class='ocrx_word' id='word_1_840' title='bbox 2389 4489 2628 4544; x_wconf 71' lang='lat' dir='ltr'><strong>smculum</strong></span> <span class='ocrx_word' id='word_1_841' title='bbox 2679 4490 3024 4544; x_wconf 82' lang='lat' dir='ltr'><strong>misericordia</strong></span> <span class='ocrx_word' id='word_1_842' title='bbox 3076 4491 3226 4562; x_wconf 82' lang='lat' dir='ltr'><strong>ejus.’</strong></span> <span class='ocrx_word' id='word_1_843' title='bbox 3271 4490 3394 4546; x_wconf 69' lang='lat' dir='ltr'><strong>Haec</strong></span> <span class='ocrx_word' id='word_1_844' title='bbox 3414 4493 3558 4546; x_wconf 89' lang='lat' dir='ltr'><strong>enim</strong></span> 
     </span>
    </p>
   </div>
   <div class='ocr_carea' id='block_1_108' title="bbox 1975 4582 3557 4654">
    <p class='ocr_par' dir='ltr' id='par_1_108' title="bbox 1975 4582 3557 4654">
     <span class='ocr_line' id='line_1_108' title="bbox 1975 4582 3557 4654; baseline 0.001 -17"><span class='ocrx_word' id='word_1_845' title='bbox 1975 4586 2151 4638; x_wconf 87' lang='lat' dir='ltr'><strong>omnia</strong></span> <span class='ocrx_word' id='word_1_846' title='bbox 2175 4585 2464 4638; x_wconf 87' lang='lat' dir='ltr'><strong>ostendunt</strong></span> <span class='ocrx_word' id='word_1_847' title='bbox 2511 4592 2822 4654; x_wconf 84' lang='lat' dir='ltr'><strong>perpetuam</strong></span> <span class='ocrx_word' id='word_1_848' title='bbox 2852 4582 2968 4652; x_wconf 84' lang='lat' dir='ltr'><strong>ejus</strong></span> <span class='ocrx_word' id='word_1_849' title='bbox 2995 4582 3407 4652; x_wconf 81' lang='lat' dir='ltr'><strong>providentiam.</strong></span> <span class='ocrx_word' id='word_1_850' title='bbox 3439 4583 3557 4638; x_wconf 87' lang='lat' dir='ltr'><strong>Etsi</strong></span> 
     </span>
    </p>
   </div>
   <div class='ocr_carea' id='block_1_109' title="bbox 1975 4674 3564 4746">
    <p class='ocr_par' dir='ltr' id='par_1_109' title="bbox 1975 4674 3564 4746">
     <span class='ocr_line' id='line_1_109' title="bbox 1975 4674 3564 4746; baseline -0.001 -16"><span class='ocrx_word' id='word_1_851' title='bbox 1975 4676 2117 4730; x_wconf 85' lang='lat' dir='ltr'><strong>enim</strong></span> <span class='ocrx_word' id='word_1_852' title='bbox 2140 4691 2258 4745; x_wconf 67' lang='lat' dir='ltr'><strong>qua:</strong></span> <span class='ocrx_word' id='word_1_853' title='bbox 2302 4675 2434 4729; x_wconf 76' lang='lat' dir='ltr'><strong>facta</strong></span> <span class='ocrx_word' id='word_1_854' title='bbox 2463 4684 2586 4730; x_wconf 91' lang='lat' dir='ltr'><strong>sunt</strong></span> <span class='ocrx_word' id='word_1_855' title='bbox 2631 4674 2790 4729; x_wconf 86' lang='lat' dir='ltr'><strong>linem</strong></span> <span class='ocrx_word' id='word_1_856' title='bbox 2838 4683 3114 4746; x_wconf 83' lang='lat' dir='ltr'><strong>ceperunt,</strong></span> <span class='ocrx_word' id='word_1_857' title='bbox 3163 4689 3348 4730; x_wconf 89' lang='lat' dir='ltr'><strong>eorum</strong></span> <span class='ocrx_word' id='word_1_858' title='bbox 3380 4678 3564 4730; x_wconf 86' lang='lat' dir='ltr'><strong>tamcn&#39;</strong></span> 
     </span>
    </p>
   </div>
   <div class='ocr_carea' id='block_1_110' title="bbox 1975 4767 3561 4840">
    <p class='ocr_par' dir='ltr' id='par_1_110' title="bbox 1975 4767 3561 4840">
     <span class='ocr_line' id='line_1_110' title="bbox 1975 4767 3561 4840; baseline -0.001 -17"><span class='ocrx_word' id='word_1_859' title='bbox 1975 4769 2250 4824; x_wconf 63' lang='lat' dir='ltr'><strong>memoriae</strong></span> <span class='ocrx_word' id='word_1_860' title='bbox 2293 4769 2632 4838; x_wconf 67' lang='lat' dir='ltr'><strong>praebuerunt</strong></span> <span class='ocrx_word' id='word_1_861' title='bbox 2661 4767 2891 4840; x_wconf 87' lang='lat' dir='ltr'><strong>posteris</strong></span> <span class='ocrx_word' id='word_1_862' title='bbox 2940 4783 3184 4838; x_wconf 82' lang='lat' dir='ltr'><strong>magnam</strong></span> <span class='ocrx_word' id='word_1_863' title='bbox 3237 4782 3420 4822; x_wconf 80' lang='lat' dir='ltr'><strong>ansam</strong></span> <span class='ocrx_word' id='word_1_864' title='bbox 3465 4767 3561 4822; x_wconf 81' lang='lat' dir='ltr'><strong>Dei</strong></span> 
     </span>
    </p>
   </div>
   <div class='ocr_carea' id='block_1_111' title="bbox 1974 4860 3559 4934">
    <p class='ocr_par' dir='ltr' id='par_1_111' title="bbox 1974 4860 3559 4934">
     <span class='ocr_line' id='line_1_111' title="bbox 1974 4860 3559 4934; baseline -0.006 -15"><span class='ocrx_word' id='word_1_865' title='bbox 1974 4863 2310 4934; x_wconf 84' lang='lat' dir='ltr'><strong>cognitionis.</strong></span> <span class='ocrx_word' id='word_1_866' title='bbox 2361 4861 2416 4916; x_wconf 91' lang='lat' dir='ltr'><strong>ln</strong></span> <span class='ocrx_word' id='word_1_867' title='bbox 2471 4862 2784 4918; x_wconf 85' lang='lat' dir='ltr'><strong>memoriam</strong></span> <span class='ocrx_word' id='word_1_868' title='bbox 2825 4860 2966 4916; x_wconf 90' lang='lat' dir='ltr'><strong>enim</strong></span> <span class='ocrx_word' id='word_1_869' title='bbox 2991 4860 3238 4914; x_wconf 87' lang='lat' dir='ltr'><strong>mandata</strong></span> <span class='ocrx_word' id='word_1_870' title='bbox 3285 4870 3340 4914; x_wconf 89' lang='lat' dir='ltr'><strong>et</strong></span> <span class='ocrx_word' id='word_1_871' title='bbox 3385 4870 3559 4911; x_wconf 87' lang='lat' dir='ltr'><strong>trans-</strong></span> 
     </span>
    </p>
   </div>
   <div class='ocr_carea' id='block_1_112' title="bbox 1976 4949 3560 5025">
    <p class='ocr_par' dir='ltr' id='par_1_112' title="bbox 1976 4949 3560 5025">
     <span class='ocr_line' id='line_1_112' title="bbox 1976 4949 3560 5025; baseline -0.005 -15"><span class='ocrx_word' id='word_1_872' title='bbox 1976 4957 2136 5010; x_wconf 89' lang='lat' dir='ltr'><strong>missa</strong></span> <span class='ocrx_word' id='word_1_873' title='bbox 2167 4955 2232 5010; x_wconf 90' lang='lat' dir='ltr'><strong>ad</strong></span> <span class='ocrx_word' id='word_1_874' title='bbox 2263 4967 2522 5025; x_wconf 87' lang='lat' dir='ltr'><strong>posteros,</strong></span> <span class='ocrx_word' id='word_1_875' title='bbox 2555 4953 2891 5009; x_wconf 86' lang='lat' dir='ltr'><strong>deducebant</strong></span> <span class='ocrx_word' id='word_1_876' title='bbox 2935 4952 3000 5006; x_wconf 83' lang='lat' dir='ltr'><strong>ad</strong></span> <span class='ocrx_word' id='word_1_877' title='bbox 3045 4967 3289 5020; x_wconf 87' lang='lat' dir='ltr'><strong>magnam</strong></span> <span class='ocrx_word' id='word_1_878' title='bbox 3321 4949 3560 5018; x_wconf 76' lang='lat' dir='ltr'><strong>philoso-</strong></span> 
     </span>
    </p>
   </div>
   <div class='ocr_carea' id='block_1_113' title="bbox 1974 5037 3554 5119">
    <p class='ocr_par' dir='ltr' id='par_1_113' title="bbox 1974 5037 3554 5119">
     <span class='ocr_line' id='line_1_113' title="bbox 1974 5037 3554 5119; baseline -0.008 -17"><span class='ocrx_word' id='word_1_879' title='bbox 1974 5048 2174 5119; x_wconf 91' lang='lat' dir='ltr'><strong>phiam.</strong></span> <span class='ocrx_word' id='word_1_880' title='bbox 2197 5047 2532 5114; x_wconf 88' lang='lat' dir='ltr'><strong>Quamquam</strong></span> <span class='ocrx_word' id='word_1_881' title='bbox 2553 5043 2750 5114; x_wconf 89' lang='lat' dir='ltr'><strong>alioqui</strong></span> <span class='ocrx_word' id='word_1_882' title='bbox 2769 5057 2878 5098; x_wconf 91' lang='lat' dir='ltr'><strong>non</strong></span> <span class='ocrx_word' id='word_1_883' title='bbox 2894 5039 3024 5095; x_wconf 86' lang='lat' dir='ltr'><strong>illud</strong></span> <span class='ocrx_word' id='word_1_884' title='bbox 3040 5039 3212 5093; x_wconf 88' lang='lat' dir='ltr'><strong>solum</strong></span> <span class='ocrx_word' id='word_1_885' title='bbox 3231 5037 3439 5092; x_wconf 80' lang='lat' dir='ltr'><strong>factum</strong></span> <span class='ocrx_word' id='word_1_886' title='bbox 3448 5049 3554 5104; x_wconf 78' lang='lat' dir='ltr'><strong>est,</strong></span> 
     </span>
    </p>
   </div>
   <div class='ocr_carea' id='block_1_114' title="bbox 1975 5128 3551 5203">
    <p class='ocr_par' dir='ltr' id='par_1_114' title="bbox 1975 5128 3551 5203">
     <span class='ocr_line' id='line_1_114' title="bbox 1975 5128 3551 5203; baseline -0.008 -9"><span class='ocrx_word' id='word_1_887' title='bbox 1975 5151 2028 5194; x_wconf 89' lang='lat' dir='ltr'><strong>et</strong></span> <span class='ocrx_word' id='word_1_888' title='bbox 2054 5139 2146 5194; x_wconf 87' lang='lat' dir='ltr'><strong>Dei</strong></span> <span class='ocrx_word' id='word_1_889' title='bbox 2167 5145 2397 5194; x_wconf 83' lang='lat' dir='ltr'><strong>cessavit</strong></span> <span class='ocrx_word' id='word_1_890' title='bbox 2416 5134 2654 5203; x_wconf 86' lang='lat' dir='ltr'><strong>curatio;</strong></span> <span class='ocrx_word' id='word_1_891' title='bbox 2689 5149 2862 5203; x_wconf 87' lang='lat' dir='ltr'><strong>neque</strong></span> <span class='ocrx_word' id='word_1_892' title='bbox 2902 5132 2954 5186; x_wconf 90' lang='lat' dir='ltr'><strong>in</strong></span> <span class='ocrx_word' id='word_1_893' title='bbox 2987 5132 3144 5186; x_wconf 87' lang='lat' dir='ltr'><strong>rebus</strong></span> <span class='ocrx_word' id='word_1_894' title='bbox 3180 5129 3353 5184; x_wconf 83' lang='lat' dir='ltr'><strong>solum</strong></span> <span class='ocrx_word' id='word_1_895' title='bbox 3383 5128 3551 5198; x_wconf 65' lang='lat' dir='ltr'><strong>Egy-</strong></span> 
     </span>
    </p>
   </div>
   <div class='ocr_carea' id='block_1_115' title="bbox 1975 5218 3554 5300">
    <p class='ocr_par' dir='ltr' id='par_1_115' title="bbox 1975 5218 3554 5300">
     <span class='ocr_line' id='line_1_115' title="bbox 1975 5218 3554 5300; baseline -0.006 -18"><span class='ocrx_word' id='word_1_896' title='bbox 1975 5230 2162 5300; x_wconf 88' lang='lat' dir='ltr'><strong>ptiacis</strong></span> <span class='ocrx_word' id='word_1_897' title='bbox 2199 5229 2432 5284; x_wconf 80' lang='lat' dir='ltr'><strong>substitit</strong></span> <span class='ocrx_word' id='word_1_898' title='bbox 2474 5226 2589 5296; x_wconf 86' lang='lat' dir='ltr'><strong>ejus</strong></span> <span class='ocrx_word' id='word_1_899' title='bbox 2619 5225 2918 5296; x_wconf 78' lang='lat' dir='ltr'><strong>benignitas</strong></span> <span class='ocrx_word' id='word_1_900' title='bbox 2941 5265 2957 5289; x_wconf 94' lang='lat'><strong>,</strong></span> <span class='ocrx_word' id='word_1_901' title='bbox 2998 5219 3090 5278; x_wconf 88' lang='lat' dir='ltr'><strong>sed</strong></span> <span class='ocrx_word' id='word_1_902' title='bbox 3141 5218 3554 5289; x_wconf 88' lang='lat' dir='ltr'><strong>unumquodque</strong></span> 
     </span>
    </p>
   </div>
   <div class='ocr_carea' id='block_1_116' title="bbox 1978 5307 3559 5388">
    <p class='ocr_par' dir='ltr' id='par_1_116' title="bbox 1978 5307 3559 5388">
     <span class='ocr_line' id='line_1_116' title="bbox 1978 5307 3559 5388; baseline -0.008 -15"><span class='ocrx_word' id='word_1_903' title='bbox 1978 5331 2187 5388; x_wconf 85' lang='lat' dir='ltr'><strong>tempus</strong></span> <span class='ocrx_word' id='word_1_904' title='bbox 2205 5318 2368 5376; x_wconf 86' lang='lat' dir='ltr'><strong>habet</strong></span> <span class='ocrx_word' id='word_1_905' title='bbox 2391 5315 2566 5386; x_wconf 86' lang='lat' dir='ltr'><strong>ampla</strong></span> <span class='ocrx_word' id='word_1_906' title='bbox 2593 5323 2649 5370; x_wconf 87' lang='lat' dir='ltr'><strong>et</strong></span> <span class='ocrx_word' id='word_1_907' title='bbox 2675 5315 2781 5370; x_wconf 88' lang='lat' dir='ltr'><strong>latc</strong></span> <span class='ocrx_word' id='word_1_908' title='bbox 2808 5311 2997 5371; x_wconf 81' lang='lat' dir='ltr'><strong>dill&#39;usa</strong></span> <span class='ocrx_word' id='word_1_909' title='bbox 3027 5313 3143 5382; x_wconf 88' lang='lat' dir='ltr'><strong>ejus</strong></span> <span class='ocrx_word' id='word_1_910' title='bbox 3181 5307 3559 5365; x_wconf 75' lang='lat' dir='ltr'><strong>inenarrabilis</strong></span> 
     </span>
    </p>
   </div>
   <div class='ocr_carea' id='block_1_117' title="bbox 1974 5401 3554 5480">
    <p class='ocr_par' dir='ltr' id='par_1_117' title="bbox 1974 5401 3554 5480">
     <span class='ocr_line' id='line_1_117' title="bbox 1974 5401 3554 5480; baseline -0.008 -14"><span class='ocrx_word' id='word_1_911' title='bbox 1974 5407 2314 5480; x_wconf 83' lang='lat' dir='ltr'><strong>benignitatis</strong></span> <span class='ocrx_word' id='word_1_912' title='bbox 2340 5405 2552 5460; x_wconf 85' lang='lat' dir='ltr'><strong>indicia.</strong></span> <span class='ocrx_word' id='word_1_913' title='bbox 2585 5405 2714 5473; x_wconf 79' lang='lat' dir='ltr'><strong>Quae</strong></span> <span class='ocrx_word' id='word_1_914' title='bbox 2739 5403 2954 5474; x_wconf 89' lang='lat' dir='ltr'><strong>quidem</strong></span> <span class='ocrx_word' id='word_1_915' title='bbox 2989 5402 3078 5459; x_wconf 87' lang='lat' dir='ltr'><strong>ille</strong></span> <span class='ocrx_word' id='word_1_916' title='bbox 3104 5401 3395 5465; x_wconf 84' lang='lat' dir='ltr'><strong>admirans,</strong></span> <span class='ocrx_word' id='word_1_917' title='bbox 3417 5402 3554 5455; x_wconf 83' lang='lat' dir='ltr'><strong>assi-</strong></span> 
     </span>
    </p>
   </div>
   <div class='ocr_carea' id='block_1_118' title="bbox 1975 5493 3569 5570">
    <p class='ocr_par' dir='ltr' id='par_1_118' title="bbox 1975 5493 3569 5570">
     <span class='ocr_line' id='line_1_118' title="bbox 1975 5493 3569 5570; baseline -0.006 -13"><span class='ocrx_word' id='word_1_918' title='bbox 1975 5503 2079 5558; x_wconf 82' lang='lat' dir='ltr'><strong>due</strong></span> <span class='ocrx_word' id='word_1_919' title='bbox 2106 5497 2376 5570; x_wconf 79' lang='lat' dir='ltr'><strong>subjungit</strong></span> <span class='ocrx_word' id='word_1_920' title='bbox 2399 5495 2549 5563; x_wconf 90' lang='lat' dir='ltr'><strong>illud,</strong></span> <span class='ocrx_word' id='word_1_921' title='bbox 2587 5495 2841 5561; x_wconf 83' lang='lat' dir='ltr'><strong>Quoniam</strong></span> <span class='ocrx_word' id='word_1_922' title='bbox 2867 5495 2920 5550; x_wconf 92' lang='lat' dir='ltr'><strong>in</strong></span> <span class='ocrx_word' id='word_1_923' title='bbox 2949 5493 3569 5552; x_wconf 74' lang='lat' dir='ltr'><strong>stuculuntmisericordia</strong></span> 
     </span>
    </p>
   </div>
   <div class='ocr_carea' id='block_1_119' title="bbox 2042 5651 3000 5716">
    <p class='ocr_par' dir='ltr' id='par_1_119' title="bbox 2042 5651 3000 5716">
     <span class='ocr_line' id='line_1_119' title="bbox 2042 5651 3000 5716; baseline -0.001 -11"><span class='ocrx_word' id='word_1_924' title='bbox 2042 5657 2060 5688; x_wconf 73' lang='grc' dir='ltr'><strong><em>ι</em></strong></span> <span class='ocrx_word' id='word_1_925' title='bbox 2094 5654 2204 5716; x_wconf 69' lang='lat' dir='ltr'><strong>Alli,</strong></span> <span class='ocrx_word' id='word_1_926' title='bbox 2229 5651 2352 5704; x_wconf 85' lang='lat' dir='ltr'><strong>illud</strong></span> <span class='ocrx_word' id='word_1_927' title='bbox 2372 5651 2712 5716; x_wconf 82' lang='lat' dir='ltr'><strong>spectaculum,</strong></span> <span class='ocrx_word' id='word_1_928' title='bbox 2736 5664 2832 5713; x_wconf 80' lang='lat' dir='ltr'><strong>non</strong></span> <span class='ocrx_word' id='word_1_929' title='bbox 2849 5652 3000 5707; x_wconf 78' lang='lat' dir='ltr'><strong>male.</strong></span> 
     </span>
    </p>
   </div>
  </div>
